4036 6346
2966 398 3634 430 ωτι-ε

362 403 3549 443 W

782 574 1456 700 εΔΝαοιιι
1534 576 1953 689 ΕΒΗ(

2063 574 2439 689 DRII
2513 571 3203 706 MAGNI,

1662 764 1904 833 RQMANI
1939 764 2292 816 PONTIFICIS
2308 806 2322 829 ,

442 910 474 953 ⁸
542 906 1401 1063 REGULfE
1511 906 2766 1063 PASTORALI’S
2895 906 3536 1071 LIBER,

572 1149 727 1236 AD
781 1151 1347 1237 JOANNEM
1403 1148 2078 1245 EPISCOPUM
2140 1148 2728 1237 CIVITATIS
2796 1144 3415 1239 RAVENNIE.

1473 1438 2004 1547 PRIMA
2074 1438 2536 1559 PﬂRS.

359 1767 404 1837 ι
437 1757 855 1815 Reuerentissimo
886 1764 933 1810 et
978 1756 1299 1837 sanctissima
1349 1754 1501 1837 fratri
1526 1751 1740 1821 lJoanni
1783 1753 1948 1824 coepi-
1981 1759 2028 1817 Α
2056 1751 2246 1805 ctrina:
2275 1764 2455 1805 arcem
2484 1759 2670 1806 tenere
2693 1760 2966 1820 appetunt,
3000 1767 3031 1807 a
3060 1752 3498 1821 praecipitationis
3522 1772 3637 1815 sua

867 1844 1046 1896 saepe,
1078 1823 1358 1898 Gregorius
1379 1823 1429 1880 lt.

427 1944 717 2000 Pastoralis
744 1957 887 2011 cura;
936 1956 1023 1995 me
1072 1940 1306 2011 pondera
1342 1938 1526 2009 fugere
1576 1936 1944 1993 delitescendo

354 2040 609 2103 voluisse,
639 2037 888 2106 benigna,
921 2036 1088 2090 frater
1116 2032 1412 2097 carissime,
1460 2045 1622 2102 atque
1655 2032 1839 2087 humili
1863 2034 1946 2086 in-

355 2129 595 2185 tentione
622 2126 1006 2197 reprehendis:
1039 2143 1157 2194 quae
1199 2140 1265 2181 ne
1294 2125 1611 2195 quibusdam
1644 2125 1780 2180 levia
1826 2140 1948 2180 esse

354 2223 656 2286 videantur,
690 2219 973 2290 praesentis
1005 2218 1125 2273 libri
1176 2218 1319 2288 stylo
1366 2217 1611 2283 expriino
1641 2218 1712 2271 de
1758 2229 1946 2271 eorum

356 2312 649 2385 gravedine
696 2326 855 2367 omne
884 2309 1025 2379 quod
1080 2322 1271 2378 penso,
1304 2317 1363 2362 ut
1391 2316 1446 2362 et
1496 2308 1610 2363 haec
1640 2307 1731 2376 qui
1765 2316 1943 2373 vacat,

354 2405 571 2459 incaute
596 2417 702 2458 non
728 2411 972 2469 espetat;
997 2410 1050 2455 et
1080 2401 1170 2468 qui
1196 2400 1406 2455 incaute
1428 2400 1667 2468 expetiit,
1698 2400 1945 2468 adeptum

357 2515 418 2553 se
465 2512 587 2552 esse
636 2495 994 2565 pertimescat.
1029 2504 1051 2533 ο
1090 2493 1484 2563 Quadripartita
1540 2508 1668 2547 vero
1710 2492 1947 2562 disputa-

357 2589 505 2643 tione
536 2586 671 2641 liber
699 2586 800 2641 iste
834 2584 1201 2653 distinguitur,
1257 2592 1317 2639 ut
1368 2584 1435 2637 ad
1466 2584 1683 2639 lectoris
1713 2585 1794 2639 sui
1827 2586 1944 2639 ani-

358 2692 502 2732 ntum
534 2675 793 2731 ordinatis
814 2674 840 2712 ἀ
872 2674 1283 2744 allegationibus
1306 2674 1457 2743 quasi
1484 2672 1797 2742 quibusdam
1826 2688 1949 2749 pas-

359 2770 505 2824 sibus
524 2768 818 2838 gradiatur.
849 2766 980 2823 Nam
1003 2781 1124 2821 cum
1146 2780 1325 2821 rerum
1356 2765 1649 2820 necessitas
1673 2765 1945 2835 exposcit,

362 2860 701 2929 pensandum
737 2857 886 2913 valde
918 2868 999 2912 est
1049 2857 1117 2912 ad
1161 2857 1375 2912 culmen
1402 2857 1630 2926 quisque
1673 2856 1948 2926 rqiminis

361 2953 589 3024 qualiter
620 2952 827 3017 veniat;
860 2962 1022 3021 atque
1050 2950 1117 3006 ad
1143 2948 1248 3009 hoc
1294 2948 1395 3004 rite
1425 2949 1777 3019 perveniens,
1811 2963 1946 3018 qua-

360 3044 485 3102 liter
515 3044 686 3108 vivat;
717 3054 772 3099 et
799 3042 939 3099 bene
964 3044 1179 3107 vivens,
1208 3041 1440 3112 qualiter
1469 3042 1692 3106 doceat;
1725 3051 1780 3096 et
1802 3050 1947 3095 recte

2052 1842 2273 1899 ausibus
2304 1843 2357 1898 in
2401 1842 2515 1912 ipsa
2546 1843 2832 1898 locutionis
2864 1853 3062 1899 nostra:
3096 1845 3256 1915 janua
3287 1850 3636 1915 repellantur.

2568 1933 2798 1989 CAPUT
2841 1934 3125 1990 PRIMUM.

2183 2020 2210 2061 δ
2235 2023 2317 2078 Ne
2342 2025 2510 2079 venire
2535 2026 2756 2092 imperiti
2784 2028 2852 2079 ad
2882 2029 3228 2098 magisterium
3256 2032 3499 2087 audeant.

2121 2114 2272 2170 Nulla
2317 2131 2402 2170 ars
2433 2117 2614 2171 doceri
2667 2119 3033 2185 praesumitur,
3092 2121 3188 2175 nisi
3239 2122 3440 2178 intenta
3492 2125 3640 2195 prius

2051 2210 2399 2264 meditatione
2428 2210 2682 2264 discatur.
2724 2207 2742 2248 ί
2794 2212 2875 2265 Ab
2906 2212 3169 2279 imperitis
3196 2229 3346 2284 ergo'
3375 2218 3640 2284 pastorale

2050 2304 2411 2371 magisterium
2464 2317 2568 2373 qua
2601 2303 2904 2359 temeritate
2954 2305 3269 2373 suscipitur,
3327 2316 3539 2374 quanto
3584 2310 3638 2381 3

2050 2412 2138 2452 ars
2165 2406 2248 2452 est
2275 2398 2469 2451 artium
2500 2398 2735 2466 regimen
2767 2400 3085 2453 animarum.
3118 2399 3249 2465 Quis
3278 2412 3454 2454 autem
3484 2402 3633 2473 mgi-

2053 2489 2311 2543 tationum
2345 2489 2562 2543 vulnera
2594 2490 2889 2544 occultiora
2919 2504 3040 2545 esse
3073 2491 3278 2545 nesciat
3329 2495 3639 2550 vulneribus

2049 2579 2354 2634 viscerum?
2392 2580 2455 2632 Et
2485 2588 2664 2635 tamen
2694 2594 2837 2650 saepe
2864 2582 2955 2651 qui
3001 2597 3335 2653 nequaquam
3377 2586 3641 2652 spiritalia

2052 2684 2316 2744 praecepta
2364 2683 2753 2745 cognoverunt,
2799 2676 2979 2730 cordis
3022 2691 3082 2737 se
3132 2676 3367 2732 medicos
3401 2680 3640 2745 proﬁteri

2053 2780 2157 2820 non
2190 2775 2435 2822 metuunt
2467 2786 2476 2818 :
2510 2771 2637 2822 dum
2666 2769 2753 2835 qui
2790 2769 3182 2836 pigmentorum
3213 2772 3314 2823 vim
3371 2772 3639 2837 nesciunt,

2051 2858 2218 2912 videri
2264 2857 2456 2912 medici
2503 2858 2684 2914 carnis
2735 2860 3079 2915 erubescunt.
3122 2859 3228 2915 Sed
3256 2863 3379 2930 quia
3421 2872 3643 2917 auctore

2053 2948 2167 3003 Deo
2193 2949 2258 3002 ad
2290 2948 2564 3017 religionis
2595 2950 2953 3003 reverentiam
3006 2966 3165 3004 omne
3190 2951 3301 3019 jam
3360 2955 3639 3020 praesentis

2052 3040 2237 3093 seculi
2287 3040 2501 3094 culmen
2554 3034 2862 3105 inclinatur,
2911 3053 3035 3098 sunt
3081 3044 3320 3098 nonnulli
3370 3047 3457 3114 qui
3504 3047 3643 3103 intra

362 3139 585 3201 docens,
615 3137 977 3191 inﬁrmitatem
1009 3150 1162 3190 suam
1191 3135 1430 3205 quotidie
1460 3145 1658 3206 quanta
1700 3134 1948 3189 conside-
1980 3133 2029 3192 B
2054 3144 2293 3195 sanctam
2345 3133 2639 3188 Ecclesiam
2684 3149 2778 3203 per
2824 3136 3057 3211 speciem
3112 3135 3382 3206 regiminis
3414 3137 3641 3204 gloriam

361 3234 573 3287 ratione
593 3242 902 3301 cognoscat,
928 3246 996 3285 ne
1023 3239 1118 3284 aut
1155 3231 1426 3285 humilitas
1452 3246 1725 3286 accessam
1766 3227 1950 3299 fugiat.

364 3333 388 3362 ε
416 3332 510 3378 aut
532 3323 861 3391 perventioni
882 3324 989 3378 vita
1011 3323 1375 3389 contradicat;
1402 3333 1492 3377 aut
1520 3324 1685 3375 vitam
1710 3322 1953 3375 doctrina

365 3416 659 3478 destituat;
718 3424 809 3468 aut
855 3415 1154 3469 doctrinam
1213 3414 1558 3482 praesumptio
1607 3412 1847 3466 extollat.
1902 3414 1952 3482 2

366 3507 523 3562 Prius
551 3522 681 3577 ergo
726 3510 1022 3576 appetitum
1081 3507 1240 3561 timor
1277 3514 1579 3575 temperet:
1614 3512 1734 3573 pOsl
1777 3511 1953 3557 autem

366 3599 736 3667 magisterium
783 3600 926 3670 quod
974 3618 1004 3654 a
1036 3615 1141 3655 non
1172 3610 1447 3668 quaerente
1496 3597 1801 3666 suscipitur,
1849 3598 1953 3649 vita

366 3692 747 3759 commendet;
794 3708 856 3747 ac
884 3693 1081 3748 deinde
1132 3707 1352 3747 necesse
1382 3700 1465 3747 est
1504 3700 1561 3745 ut
1593 3688 1824 3759 pastoris
1852 3689 1951 3744 bo-

369 3800 499 3839 nutu
531 3787 672 3854 quod
701 3785 719 3824 ί
748 3787 973 3841 vivendo
995 3786 1317 3851 ostenditur,
1348 3787 1508 3841 etiam
1540 3785 1806 3854 loquendo
1831 3797 1955 3851 pro—

370 3892 615 3946 pagetur.
662 3879 743 3934 Ad
795 3890 1096 3935 extremum
1146 3893 1277 3933 vero
1324 3887 1570 3945 superest
1620 3886 1677 3930 ut
1721 3876 1957 3945 perfecta

368 3984 600 4040 quaeque
639 3986 800 4042 opera
832 3972 1193 4027 consideratio
1232 3971 1461 4040 propriae
1512 3969 1835 4023 infirmitatis
1863 3970 1958 4024 de-

370 4064 591 4129 primat,
624 4079 691 4119 nc
742 4064 857 4118 haec
887 4073 1013 4118 ante
1041 4064 1236 4118 occulti
1264 4073 1288 4111 8
1320 4060 1522 4117 arbitrii
1554 4058 1740 4116 oculos
1785 4072 1958 4116 tumor

367 4152 622 4207 elationis
667 4155 990 4223 exstinguat.
1036 4155 1140 4208 Sed
1190 4154 1313 4222 quia
1352 4163 1476 4207 sunt
1527 4153 1775 4221 plerique
1827 4151 1956 4206 mihi

370 4243 639 4310 imperitia
667 4245 892 4311 similes,
926 4246 1014 4315 qni
1060 4246 1185 4299 dum
1240 4246 1415 4300 metiri
1446 4260 1505 4300 se
1538 4247 1807 4310 nesciunt,
1838 4260 1958 4313 quae

370 4350 478 4388 non
508 4336 795 4392 didicerint
823 4339 1017 4393 docere
1041 4342 1457 4408 concupiscunt;
1492 4339 1581 4408 qui
1617 4340 1822 4408 pondus
1846 4355 1959 4393 ma-

368 4429 579 4496 gisterii
610 4442 759 4484 tanto
803 4433 973 4487 levius
999 4435 1290 4500 aestimant,
1323 4442 1523 4502 quanto
1554 4436 1659 4487 vim
1694 4436 1957 4503 magnitu-

370 4524 517 4582 dinis
537 4525 683 4578 illius
724 4527 999 4594 ignorant;
1047 4527 1114 4581 ab
1142 4529 1260 4596 ipso
1298 4529 1417 4583 libri
1464 4528 1622 4599 hujus
1667 4532 1960 4593 reprehen-

2056 3226 2307 3281 alectant
2349 3227 2597 3289 honoris;
2651 3228 2818 3282 videri
2868 3230 3117 3283 doctores
3156 3238 3434 3296 appetunt,
3467 3239 3642 3285 trans-

2055 3321 2285 3375 cendere
2316 3330 2544 3375 caeteros
2573 3322 2980 3387 concupiscunt,
3012 3330 3173 3390 atque
3203 3331 3488 3376 attestante
3534 3321 3641 3377 Ve-

2056 3413 2235 3475 ritate,
2268 3415 2465 3478 primas
2497 3411 2846 3467 salutationes
2878 3413 2930 3465 in
2972 3411 3110 3475 foro,
3145 3413 3348 3481 primos
3377 3414 3429 3468 iu
3472 3415 3644 3470 cmnis

2057 3503 2351 3567 recubitus,
2404 3505 2604 3573 primas
2654 3506 2707 3558 in
2756 3505 3113 3561 conventibus
3161 3507 3444 3562 cathedras
3495 3523 3645 3576 quae-

2060 3612 2185 3657 rnat
2214 3601 2428 3673 (Matth.
2464 3618 2622 3666 χχιιι,
2649 3601 2704 3666 6,
2733 3604 2787 3669 7)
2809 3620 2820 3666 ;
2846 3603 2935 3671 qui
2962 3613 3265 3672 susceptum
3295 3618 3437 3658 cum
3467 3613 3647 3672 pasto-

2058 3697 2189 3750 ralis
2211 3696 2447 3751 ofiicium
2480 3696 2786 3751 ministrare
2804 3696 2968 3764 digne
2988 3706 3136 3749 tanto
3157 3695 3324 3764 magis
3348 3705 3645 3765 nequeunt,

2059 3795 2261 3857 quanto
2293 3787 2359 3841 ad
2392 3788 2711 3841 humilitatis
2743 3788 3111 3856 magisterium
3142 3803 3202 3840 ex
3258 3787 3370 3840 sola
3405 3786 3643 3843 elatione

2062 3890 2441 3948 pervenerunt.
2476 3879 2590 3947 Ipsa
2622 3881 2821 3948 quippe
2853 3880 2904 3933 in
2941 3879 3249 3947 magisterio
3283 3879 3462 3945 lingua
3509 3892 3641 3932 cou-

2063 3974 2319 4035 l‘unditnr,
2374 3972 2587 4043 quando
2636 3972 2782 4029 aliud
2828 3973 3072 4035 discitur,
3106 3984 3160 4026 et
3204 3973 3344 4027 aliud
3397 3974 3642 4029 docetur.

2060 4067 2207 4130 Quos
2227 4053 2409 4119 contra
2429 4064 2682 4117 Dominus
2704 4079 2797 4131 per
2818 4050 3127 4132 prophetam
3145 4064 3401 4131 queritur,
3424 4064 3642 4119 dicens:

2067 4156 2174 4227 Ipsi
2204 4168 2558 4225 regnaverunt,
2592 4166 2639 4208 et
2668 4172 2768 4207 non
2799 4172 2862 4209 ea;
2892 4172 3002 4219 me;
3033 4156 3287 4223 principes
3314 4158 3647 4222 exstiterunt,

2061 4261 2107 4304 et
2135 4266 2226 4318 ego
2256 4249 2485 4318 ignoravi
2515 4247 2666 4317 (Osee
2697 4262 2808 4311 νιιι,
2851 4246 2926 4314 4).
2974 4247 3048 4300 Ex
3078 4262 3136 4300 se
3164 4260 3421 4315 namque,
3455 4258 3509 4300 et
3539 4263 3644 4299 non

2063 4357 2128 4397 ex
2174 4340 2393 4393 arbitrio
2425 4339 2618 4392 summi
2666 4339 2907 4391 Hectoris
2940 4347 3182 4405 regnant,
3219 4340 3306 4405 qui
3344 4338 3503 4391 nullis
3528 4336 3647 4391 l‘ulti

2065 4434 2352 4489 virtutibus
2376 4448 2706 4502 nequaquam
2737 4431 2993 4485 divinitus
3025 4434 3221 4495 vocati,
3257 4433 3352 4486 sed
3380 4447 3473 4485 sua
3500 4434 3650 4499 cupi-

2071 4529 2195 4583 dine
2226 4527 2457 4592 accensi,
2491 4526 2699 4580 culmen
2734 4526 3008 4593 regiminis
3038 4526 3250 4592 rapiunt
3280 4526 3454 4591 potius
3489 4539 3646 4593 quam

371 4616 572 4670 dantur
616 4617 873 4680 exordio;
904 4619 981 4670 'ut
1024 4618 1147 4687 quia
1199 4618 1397 4673 indocti
1422 4633 1483 4673 ac
1513 4619 1820 4689 prmcipites
1864 4621 1959 4674 do-
1989 4609 2035 4669 ί]
2069 4628 2444 4686 assequuntur.
2471 4619 2618 4684 Quos
2649 4626 2825 4670 tamen
2855 4615 3275 4683 internusjudex
3300 4626 3351 4667 et
3380 4614 3650 4683 provehit,

449 4788 476 4815 ⁸
507 4778 579 4833 Ita
608 4777 803 4843 Corb.,
838 4778 1044 4839 Belvac.
1094 4789 1149 4833 et
1191 4779 1281 4833 alii
1314 4790 1503 4835 vetust.
1545 4781 1713 4846 Quem
1746 4781 1952 4834 titulum

372 4846 726 4920 prtetnlimus,
748 4850 883 4915 quod
915 4850 1117 4903 leratur
1138 4851 1188 4903 in
1215 4849 1371 4918 epist.
1392 4852 1520 4903 olim
1539 4852 1629 4919 46,
1663 4851 1754 4905 ιιι».
1782 4852 1853 4905 al.
1883 4868 1952 4917 tv,

373 4919 521 4973 nunc
553 4919 643 4971 lib.
673 4935 724 4977 v.
755 4935 841 4986 ep.
878 4919 962 4977 49,
997 4931 1049 4971 ut
1076 4921 1256 4972 librum
1278 4921 1464 4989 regula:
1484 4923 1776 4988 pastoralis,
1809 4939 1955 4990 quem

371 4993 426 5043 in
466 4992 789 5059 episcopatus
835 4992 933 5043 mei
974 4992 1182 5043 exordio
1222 4990 1421 5059 scripsi.
1469 4993 1522 5046 ln
1571 4994 1955 5046 recentioribus

376 5062 508 5116 Mss.
555 5060 768 5131 legitur,
802 5061 929 5113 iiber
971 5062 1117 5114 Cum:
1146 5065 1418 5131 pastoral.,
1452 5063 1645 5130 quibus
1671 5066 1952 5127 concinunt

374 5132 521 5200 plur.
544 5130 682 5184 Edit.
714 5132 1061 5201 ()ccasimictn
1092 5133 1214 5186 huic
1246 5135 1399 5187 titulo
1427 5135 1561 5187 forte
1588 5135 1813 5201 prtcbuit
1836 5134 1952 5189 libri

372 5194 680 5275 exordium.
698 5200 997 5275 Pastoralis
1024 5194 1161 5256 cura:
1190 5220 1267 5255 me
1289 5205 1539 5275 pondera,
1576 5194 1683 5259 etc.
1714 5205 1771 5258 ln
1798 5204 1956 5260 Trec.
1975 5212 1989 5222 '

375 5273 570 5326 titulus
597 5271 947 5326 desideratur.

450 5342 478 5381 δ
500 5342 718 5399 Tertius
746 5344 954 5399 Gemet.
986 5344 1151 5405 addit,
1184 5344 1422 5400 salutem.

451 5423 476 5453 ο
532 5412 655 5466 Haec
703 5413 998 5469 editoribus
1053 5429 1433 5478 persuaserunt
1484 5418 1675 5472 librum
1729 5418 1869 5471 hunc
1908 5417 1959 5469 in

373 5502 425 5557 iv
456 5483 1026 5557 partesdivideiulum,
1060 5488 1303 5557 quamvis
1327 5487 1484 5555 hujus
1506 5489 1789 5543 divisionis
1817 5490 1958 5540 nulla

372 5556 426 5612 iu
458 5553 572 5629 vet.
606 5553 735 5629 Mss1
781 5558 888 5629 sint
930 5553 1170 5629 vestigia.
1212 5553 1410 5610 Verum
1452 5560 1759 5629 Gregorius,
1814 5567 1961 5625 parte

382 5626 563 5687 tertia,
591 5642 641 5678 c.
668 5626 762 5690 26,
794 5626 1157 5682 admonitione
1180 5629 1269 5694 37,
1306 5631 1502 5683 iudicat
1524 5626 1764 5696 quaedam
1793 5630 1900 5697 jam
1935 5646 1960 5679 τι

379 5713 435 5768 se
500 5700 641 5751 dicta
700 5698 752 5750 in
804 5699 973 5765 prima
1024 5711 1207 5766 parte:
1268 5702 1417 5766 sicut,
1454 5704 1644 5765 inquit,
1690 5702 1741 5752 in
1801 5699 1963 5768 priot'i

382 5767 537 5837 hujus
561 5770 837 5840 uoluminis
860 5778 1008 5839 parte
1020 5772 1133 5840 jam
1160 5768 1407 5825 diximus.
1446 5772 1595 5827 Unde
1628 5787 1732 5823 non
1773 5767 1962 5822 imme-

385 5841 486 5895 rito
534 5838 1192 5905 intelligiturpartitionis
1245 5842 1365 5896 libri
1420 5844 1575 5906 hujus
1622 5843 1793 5906 ipsum
1847 5856 1966 5895 esse

2063 4778 2358 4834 auctorem.
2394 4776 2655 4833 Scribitur
2679 4786 2858 4831 autem
2888 4772 3266 4845 quadripartito
3312 4770 3635 4845 in_an_liquis

2066 4851 2217 4903 simis
2241 4848 2406 4903 Codd.
2442 4848 2623 4911 Trec.,
2658 4840 2909 4908 Bt-lvac,
2933 4843 3169 4905 Geiuet.,
3202 4840 3526 4909 Theodoric.

2135 4917 2159 4956 ά
2192 4919 2370 4981 Trec.,
2394 4920 2620 4977 Bellov..
2645 4919 2750 4970 duo
2777 4917 2943 4980 antiq.
2973 4912 3215 4975 Carpon,
3241 4914 3628 4982 alligationibus

2143 5001 2165 5027 ε
2198 4991 2322 5044 Haec
2353 4992 2570 5044 deerant
2604 4989 2655 5042 in
2676 4987 2864 5050 Corb.,
2896 4984 2989 5037 sed
3016 4984 3193 5037 addita
3219 4995 3343 5037 sunt
3363 4987 3648 5040 recentiori

2069 5078 2246 5115 iuauu.
2296 5062 2352 5115 in
2404 5063 2427 5115 l
2464 5062 2681 5113 Caruot.
2715 5070 2924 5126 quoque
2972 5070 3077 5109 non
3133 5054 3353 5126 legitur,
3385 5066 3470 5111 aut
3504 5057 3654 5111 vitam

2068 5135 2231 5188 doctr.
2259 5132 2519 5187 destituat.
2553 5130 2643 5183 Illa
2677 5137 3064 5197 repraesentem
3096 5126 3252 5182 Trec.
3285 5135 3337 5181 et
3363 5126 3474 5180 alii.

2144 5200 2163 5240 τ
2190 5203 2348 5257 (lorb.
2363 5244 2376 5264 ,
2409 5201 2647 5254 videndo.

2141 5283 2164 5320 8
2196 5272 2433 5327 Laudun.
2471 5282 2523 5324 et
2554 5271 2732 5330 Trec.,
2765 5268 2970 5322 arbitris
3000 5270 3200 5324 oculos.

2140 5343 2163 5382 ιι
2191 5344 2302 5397 Hoc
2357 5349 2728 5410 argumentum
2762 5339 2957 5408 legitur
2985 5342 3039 5395 in
3094 5342 3269 5395 indice
3299 5338 3458 5395 Tres).
3497 5336 3658 5405 Cod.,

2068 5433 2163 5467 ιιι-(ε
2210 5426 2384 5468 tamen
2421 5413 2760 5480 praemittitur
2789 5412 2948 5481 capiti
2983 5414 3188 5479 primo,
3238 5410 3378 5478 quod
3412 5410 3659 5462 absolute

2066 5489 2140 5538 sic
2173 5487 2349 5552 incipit
2383 5502 2393 5536 :
2433 5483 2597 5536 Nulla
2623 5500 2729 5536 ars.
2759 5481 2936 5536 Prima
2963 5484 3097 5537 linea
3126 5484 3293 5536 minio
3316 5488 3399 5534 est
3421 5481 3654 5552 depicta.

2074 5558 2124 5608 lu
2174 5549 2410 5626 margine
2459 5565 2673 5609 notatur
2711 5555 2770 5626 Vl,
2803 5566 2851 5606 et
2890 5556 2950 5626 in_
2987 5553 3206 5626 reliquis
3246 5566 3400 5626 capp.
3432 5549 3489 5613 ἓ,
3518 5551 3570 5607 3.
3598 5551 3650 5610 tl.

2071 5637 2174 5682 etc.
2205 5624 2319 5691 Qua
2350 5627 2401 5679 in
2435 5642 2491 5680 re
2524 5626 2643 5680 huic
2676 5625 2771 5679 Ms.
2802 5624 3092 5679 coracinqu
3123 5624 3541 5677 Getuetiteuses.

2151 5696 2163 5733 ί
2194 5697 2379 5771 Corb.,
2436 5698 2627 5760 Laud.,
2659 5696 2882 5771 Longip.
2913 5711 2928 5771 :_
2963 5696 3079 5771 Abi
3106 5712 3242 5765 xpz'r.
3290 5710 3411 5759 ergo
3439 5692 3658 5771 pastori-

2075 5773 2167 5827 bus
2194 5770 2396 5839 magist.
2443 5770 2696 5836 pastorale
2738 5768 3017 5824 suscipitur
3046 5770 3100 5820 in
3132 5783 3317 5831 magna
3359 5768 3659 5829 temeritate.

2077 5843 2312 5893 quoniam
2340 5856 2441 5905 ars,
2469 5849 2574 5895 etc.
