4036 6346
483 418 552 484 is
1693 412 1937 471 SANCTI
1977 413 2308 471 GREGORII
2348 409 2561 470 MAGNI
3692 412 3757 472 16

484 545 539 594 et
564 536 753 600 nescit,
785 537 907 606 quia
953 550 1088 606 quos
1136 535 1492 604 permittendo
1546 532 1773 598 tolerat,
1830 534 2067 601 profecto
2099 532 2335 596 Aopera
2382 536 2785 596 pervertuntur,
2831 527 2985 597 quasi
3016 529 3285 598 corruptis
3314 527 3549 583 fontibus
3570 526 3623 583 in
3661 544 3760 597 po-

486 641 583 693 per
607 624 865 695 judicium
898 627 1291 694 reprobationis
1320 629 1544 697 ignorat.
1586 625 1735 680 Unde
1764 624 1829 678 ad
1858 639 1918 679 se
1945 624 2066 692 qui-

486 715 711 771 busdam
736 725 793 771 et
820 726 938 784 post
969 720 1220 772 miracula
1253 717 1591 773 venientibus
1616 716 1747 770 dicit
1781 733 1792 769 :
1836 715 2071 769 ltecedite

487 824 520 861 a
546 824 624 862 me
671 809 892 875 operarii
921 810 1226 880 iniquitatis,
1258 810 1427 862 nescio
1459 809 1539 874 qui
1587 808 1706 861 estis
1737 806 1900 877 (Luc.
1944 821 2067 873 xm,

487 897 601 969 27).
620 898 896 953 Pastorum
919 900 1183 969 imperitia
1203 914 1329 954 voce
1346 900 1593 954 Veritatis
1616 901 2070 967 iucrcpatur,cum

490 1002 588 1056 per
628 989 946 1058 Prophetam
992 991 1229 1046 dicitur:
1285 990 1396 1060 Ipsi
1426 1001 1655 1061 pastores
1710 993 2074 1063 igttoraverunt

490 1080 884 1151 intelligentiam
918 1083 1069 1155 (lsai.
1104 1101 1209 1145 LVI,
1244 1086 1352 1151 11).
1399 1086 1546 1150 Quos
1576 1100 1787 1140 rursum
1816 1085 2074 1139 Dominus

490 1172 804 1238 detestatur,
836 1175 1017 1230 dicens
1061 1191 1073 1229 :
1109 1175 1175 1228 Et
1220 1186 1439 1231 tenentes
1470 1179 1628 1249 legem
1672 1178 1955 1231 nescierunt
1995 1193 2073 1231 me

491 1261 627 1333 (Jer.
661 1279 717 1329 ιι,
747 1264 822 1333 8).
860 1265 924 1318 Et
968 1266 1163 1320 nesciri
1192 1282 1319 1337 ergo
1344 1283 1401 1322 se
1446 1268 1514 1322 ab
1549 1268 1629 1322 eis
1656 1268 1862 1322 Veritas
1899 1267 2072 1338 queri-

494 1365 603 1421 tur,
634 1364 687 1409 et
714 1356 921 1410 nescire
952 1370 1010 1410 se
1043 1358 1393 1425 principatum
1427 1360 1776 1413 nescientium
1813 1368 2075 1425 protesta-

494 1458 600 1514 tur,
635 1448 758 1517 quia
793 1447 1033 1516 proiecto
1057 1450 1108 1502 hi
1138 1451 1301 1519 quiea
1335 1449 1491 1520 (Dist.
1526 1452 1614 1517 '58,
1647 1469 1692 1504 c.
1730 1452 1829 1517 Qui
1851 1456 1934 1519 ea)
1958 1468 2075 1522 quae

490 1549 615 1592 sunt
646 1537 856 1593 Dotniui
889 1542 1157 1608 nesciunt,
1206 1560 1235 1595 ιι
1271 1543 1497 1597 Domino
1548 1546 1876 1608 uesciuntur,
1914 1545 2077 1599 Paulo

490 1639 777 1686 attestaute
805 1630 892 1702 qui
923 1633 1032 1687 ait:
1070 1636 1133 1690 Si
1161 1640 1273 1704 quis
1304 1648 1475 1689 autent
1506 1639 1728 1708 ignorat,
1758 1638 2079 1708 ignorabitur

490 1720 546 1790 (1
572 1722 689 1776 Cor.
723 1722 961 1789 x1v,58).
994 1725 1125 1792 Quae
1156 1727 1405 1781 nimirum
1437 1728 1714 1782 Pastorqu
1744 1744 1886 1798 saepe
1910 1733 2077 1791 impe-

489 1816 611 1870 ritia
637 1817 841 1871 meritis
870 1819 1116 1888 congruit
1141 1821 1523 1888 snbjectorum,
1553 1822 1675 1891 quia
1707 1822 1950 1891 quamvis
1990 1822 2074 1875 ln-

2174 622 2310 675 tibus
2356 621 2522 675 lutum
2553 628 2790 676 sumunt.
2823 621 2961 677 Hinc
2988 637 3201 692 quoque
3238 622 3499 690 scriptum
3536 632 3619 677 est
3660 636 3761 692 per

2172 712 2487 782 prophetam
2517 731 2528 766 :
2569 724 2592 751 ο
2625 715 2865 783 Laqueus
2893 714 3060 767 ruinte
3107 713 3285 785 populi
3327 716 3444 777 mei,
3476 713 3764 767 sacerdotes

2172 803 2295 857 mali
2322 802 2497 874 (Osee.
2530 819 2585 871 v,
2612 805 2664 871 l;
2695 820 2769 868 tx,
2795 803 2871 872 8).
2899 803 3034 859 ilinc
3060 819 3269 859 rursum
3299 804 3365 857 de
3396 805 3764 859 sacerdotibus

2173 892 2430 948 Dominus
2479 910 2573 963 per
2628 897 2944 965 prOphetam
2985 895 3117 950 dicit
3156 910 3171 947 :
3228 893 3380 948 Facti
3421 903 3539 974 synt
3587 894 3765 948 domui

2174 983 2343 1038 Israel
2369 986 2421 1038 in
2451 984 2825 1053 oﬂ'endiculum
2851 986 3158 1055 iniquitatis.
3188 984 3357 1040 Nemo
3382 986 3577 1055 quippe
3601 985 3761 1054 (Diu.

2176 1076 2264 1140 83,
2295 1093 2342 1129 c.
2381 1076 2546 1131 Nemo
2567 1078 2781 1149 quippe)
2808 1079 3040 1147 amplius
3064 1078 3117 1133 in
3149 1078 3387 1134 Ecclesia
3408 1088 3766 1147 uocet,quam

2174 1170 2264 1238 qui
2315 1185 2567 1239 perverse
2611 1186 2797 1241 agens,
2831 1186 3029 1226 nomen
3062 1172 3144 1225 vel
3177 1171 3419 1225 ordinem
3466 1169 3767 1224 sanctitatis

2177 1262 2356 1316 habet.
2388 1263 2793 1335 Delinquentem
2818 1280 3049 1334 namque
3076 1264 3220 1319 hunc
3243 1266 3567 1334 redarguere
3590 1263 3767 1317 nullus

2177 1356 2491 1421 praesumit:
2523 1366 2580 1410 et
2612 1356 2665 1411 in
2690 1356 2997 1422 exemplum
3020 1356 3177 1425 culpa
3207 1355 3556 1410 vehementer
3580 1364 3767 1410 esten-

2178 1448 2341 1510 ditur,
2374 1448 2591 1516 quando
2618 1464 2713 1517 pro
2744 1449 3045 1504 reverentia
3075 1448 3281 1503 ordinis
3313 1458 3562 1516 peccator
3594 1446 3766 1500 hono-

2178 1548 2345 1592 ratur.
2370 1538 2579 1609 lndigni
2608 1547 2786 1595 autem
2815 1538 3015 1609 quique
3058 1540 3186 1592 tanti
3215 1545 3393 1593 reatus
3423 1538 3657 1608 pondera
3689 1537 3769 1590 fu-

2178 1639 2387 1699 gerent,
2419 1632 2463 1683 si
2514 1631 2759 1685 veritatis
2788 1631 3111 1685 sententiam
3158 1629 3389 1683 sollicita
3420 1630 3595 1684 cordis
3637 1643 3769 1685 aure

2178 1732 2487 1791 pensarent,
2517 1738 2636 1793 qute
2665 1724 2739 1777 ait
2764 1742 2777 1779 :
2814 1724 2915 1791 Qui
2944 1724 3361 1779 srandalizarerit
3392 1740 3550 1777 unum
3580 1722 3643 1777 de
3669 1741 3767 1794 pu-

2180 1815 2312 1868 sillis
2342 1816 2451 1868 istis
2483 1817 2565 1883 qui
2592 1819 2645 1870 in
2675 1835 2752 1873 me
2780 1820 3016 1883 credant,
3050 1817 3069 1856 ί
3102 1820 3305 1888 expedit
3333 1820 3380 1871 ei
3408 1828 3463 1871 ut
3491 1820 3770 1888 suspenda-

492 1920 617 1960 tnon
667 1906 905 1960 scientia:
934 1921 1029 1960 sua
1060 1908 1213 1977 culpa
1260 1910 1510 1978 exigente
1558 1926 1664 1963 non
1715 1910 1961 1975 habeant,
1996 1911 2077 1964 di-
2109 1902 2154 1961 Β
2182 1918 2266 1961 tur
2293 1911 2427 1961 mola
2453 1908 2683 1962 asinaria
2713 1910 2768 1961 in
2798 1909 2931 1962 collo
2960 1910 3101 1977 ejus,
3127 1918 3173 1962 et
3207 1910 3535 1979 demergatur
3562 1909 3613 1960 in
3647 1923 3767 1975 pro-

490 1998 678 2052 stricto
710 2006 889 2051 tamen
912 1997 1117 2068 judicio
1162 2001 1353 2068 agitur,
1387 2010 1445 2053 ut
1488 2016 1581 2069 per
1605 2017 1791 2054 eorum
1824 2003 2077 2069 ignoran-

495 2087 621 2143 tiam
655 2087 708 2142 hi
736 2091 897 2143 etiam
928 2090 1016 2159 qui
1045 2100 1341 2159 sequuntur
1370 2093 1661 2147 otl‘eodant.
1694 2094 1827 2147 Hinc
1849 2109 2078 2163 namque

491 2180 546 2234 in
582 2180 868 2251 Evangelia
900 2196 993 2250 per
1022 2183 1366 2251 semetipsum
1418 2184 1622 2238 Veritus
1654 2185 1821 2239 dicit:
1859 2186 1922 2240 Si
1967 2203 2076 2239 cte-

491 2291 583 2329 cus
627 2290 758 2328 cwco
789 2275 1033 2328 ducatum
1065 2277 1310 2344 pt'tebeat,
1361 2276 1508 2329 ambo
1554 2279 1607 2329 in
1660 2278 1859 2345 foveam
1886 2278 2078 2331 cadunt

492 2365 705 2434 (Manli.
743 2382 833 2433 xv,
863 2366 970 2433 li).
999 2366 1131 2421 llinc
1160 2366 1439 2421 Psalniista
1476 2383 1583 2421 non
1618 2370 1853 2438 optantis
1875 2374 2076 2438 animo,

488 2454 584 2509 sed
612 2455 979 2523 prophetaritis
1008 2464 1031 2491 ⁸
1057 2454 1356 2510 ministerio
1385 2456 1688 2523 denuntiat,
1721 2459 1905 2515 dicens
1933 2478 1944 2513 :
1975 2461 2079 2515 0b-

485 2556 753 2600 scurentur
798 2548 933 2601 oculi
962 2565 1137 2601 eorum
1167 2565 1230 2601 ne
1261 2549 1481 2616 rideant,
1524 2560 1569 2604 et
1614 2556 1823 2607 dorsum
1871 2555 2078 2608 illorum

485 2656 682 2708 semper
709 2639 923 2693 incurva
951 2638 1132 2709 (Psal.
1165 2657 1348 2707 vaui,
1379 2641 1491 2713 24).
1517 2645 1665 2699 υςυιι
1709 2646 1907 2716 quippe
1929 2655 2076 2711 sunt,

489 2734 581 2802 qui
616 2733 668 2786 in
702 2735 818 2799 ipsa
860 2733 1081 2787 honoris
1126 2735 1322 2789 sutnmi
1371 2736 1505 2791 facie
1539 2738 1721 2807 pusiti,
1757 2740 2071 2808 providendi

490 2823 702 2878 itineris
748 2822 982 2878 ofﬁcium
1037 2838 1434 2895 susceperunt:
1486 2830 1680 2897 quibus
1730 2832 1781 2885 hi
1830 2831 2075 2887 tlilllil‘uttl

486 2917 577 2987 qui
624 2917 1015 2988 subst'quenter
1048 2921 1330 2987 iuhtrreul;
1363 2920 1521 2976 dorsa
1554 2927 1919 2979 nominantur.
1968 2926 2076 2982 0b-

487 3010 716 3065 scuratis
744 3027 872 3081 ergo
893 3010 1061 3066 oculis
1077 3012 1295 3068 dorsum
1326 3015 1576 3082 ﬂectitur,
1608 3018 1727 3087 quit
1753 3034 1872 3071 cum
1899 3020 2075 3074 lumen

486 3105 727 3160 scientia:
758 3108 984 3173 pcrduut
1014 3107 1103 3177 qui
1146 3117 1405 3177 pra-eunt,
1456 3109 1692 3179 profecto
1720 3111 1786 3165 ad
1816 3112 2075 3183 portanda

491 3205 830 3266 peccatorum
855 3208 1143 3253 curvantur
1168 3214 1329 3254 onera
1355 3200 1444 3271 qui
1476 3210 1789 3271 sequuntur.

1118 3314 1347 3371 CAPUT
1388 3315 1449 3372 ll.

487 3403 571 3459 Ne
600 3406 769 3459 locum
797 3406 1063 3473 regiminis
1113 3405 1349 3469 subeant,
1398 3406 1485 3474 qui
1528 3406 1740 3459 vivendo
1789 3423 1891 3460 non
1922 3406 2078 3477 per/i-

807 3478 946 3529 cinnt
964 3491 1076 3546 qua:
1092 3477 1387 3530 meditando
1404 3477 1714 3531 didicerunt.

560 3567 627 3623 Et
652 3577 778 3622 sunt
826 3569 1066 3622 nonnulli
1095 3571 1183 3638 qui
1228 3570 1414 3623 solerti
1470 3585 1595 3624 cura
1630 3568 1891 3639 Spiritalia
1942 3584 2079 3638 pra:-

484 3674 638 3735 cepta
692 3673 1133 3734 perscrutantur,
1167 3662 1261 3718 sed
1293 3679 1412 3734 quae
1453 3662 1479 3701 δ
1524 3663 1869 3734 intelligendo
1911 3678 2074 3730 pene-

489 3767 653 3823 trant,
703 3758 934 3813 vivendo
963 3759 1314 3817 conculcaut;
1349 3768 1570 3826 regente
1619 3758 1816 3813 docent
1858 3757 1915 3829 4,
1955 3772 2077 3827 qum

486 3865 596 3906 non
629 3866 815 3920 opere,
843 3850 938 3905 sed
958 3849 1306 3905 meditatione
1333 3850 1661 3915 didicerunt;
1691 3860 1746 3905 et
1785 3851 1925 3919 quod
1952 3864 2077 3903 ver-

487 3943 572 3999 bis
603 3942 912 4012 praedicaut,
962 3941 1201 3997 moribus
1228 3941 1560 4011 impugnant.
1600 3940 1748 3997 Unde
1784 3942 1839 3995 fit
1863 3950 1919 3996 ut
1949 3956 2074 3997 cum

488 4039 681 4092 Pastor
727 4052 820 4107 per
864 4037 1086 4107 abrupta
1118 4038 1377 4106 graditur,
1427 4052 1501 4092 au
1545 4037 1897 4106 prmcipitium
1945 4052 2073 4107 grex

484 4138 763 4199 sequatur.
819 4128 955 4183 llinc
1003 4143 1239 4199 namque
1297 4144 1389 4198 per
1445 4126 1762 4197 prophetam
1823 4127 2079 4182 Dominus

485 4229 675 4273 contra
700 4217 1162 4286 contemptibilem
1192 4217 1475 4273 Pastorum
1504 4217 1784 4273 scientiam
1817 4217 2077 4284 queritur,

487 4311 716 4367 dicens:
749 4309 877 4365 Cum
922 4311 1021 4380 ipsi
1069 4311 1480 4379 limpidissimam
1527 4327 1711 4379 aquam
1766 4310 2022 4376 biberetis,
2055 4321 2076 4349 ο

485 4402 733 4471 reliquam
776 4402 991 4473 pedibus
1030 4403 1207 4456 vestris
1238 4403 1546 4468 turbabatis,‘
1578 4416 1624 4458 et
1661 4421 1776 4459 oves
1804 4421 1929 4460 mea:
1966 4421 2082 4476 qua:

486 4495 790 4549 conculcata
840 4494 1052 4562 pedibus
1100 4495 1275 4548 uestris
1327 4497 1565 4566 fuerant,
1618 4497 1988 4565 pascebantur;
2038 4506 2083 4551 et

484 4606 601 4661 qua:
649 4589 803 4661 pedes
849 4590 1001 4643 vestri
1046 4588 1396 4654 turbaverant,
1430 4591 1538 4643 [nec
1578 4589 1810 4644 bibebant
1863 4589 2077 4661 (Ezcclt.

2182 2000 2399 2069 fundum
2447 2002 2601 2053 miris
2651 1999 2865 2067 (Matth.
2912 2016 3058 2064 xvut,
3092 2001 3171 2070 6).
3209 2001 3307 2056 Per
3344 2002 3541 2055 molam
3570 2001 3770 2071 quippe

2182 2090 2490 2157 asinariam,
2524 2091 2781 2146 secularis
2806 2092 2931 2146 vitae
2960 2092 3213 2147 circuitus
3238 2107 3302 2147 ac
3334 2093 3485 2146 labor
3511 2093 3771 2161 exprimi-

2185 2190 2290 2248 tur,
2322 2191 2377 2237 et
2399 2198 2493 2249 per
2520 2182 2844 2252 profundum
2870 2185 3035 2239 maris
3060 2197 3298 2241 extrema
3330 2185 3603 2241 damnatio
3630 2187 3767 2240 desi-

2182 2283 2395 2346 gnatur.
2446 2275 2547 2343 Qui
2579 2291 2711 2346 ergo
2754 2277 2821 2330 ad
2851 2278 3156 2333 sanctitatis
3208 2278 3442 2347 speciem
3486 2278 3769 2346 deductus,

2182 2364 2267 2418 vel
2314 2365 2479 2419 verho
2528 2378 2755 2422 caeteros
2807 2368 3054 2435 destruit,
3109 2372 3195 2425 vel
3243 2373 3523 2439 exemplo;
3575 2369 3771 2424 melius

2185 2456 2424 2525 profecto
2453 2459 2647 2525 fuerat,
2698 2470 2753 2514 ut
2786 2461 2929 2516 hunc
2979 2461 3047 2515 ad
3098 2472 3328 2517 mortem
3372 2463 3473 2516 sub
3502 2461 3769 2517 exteriori

2184 2550 2365 2604 habitu
2395 2560 2611 2607 terrena
2640 2564 2757 2607 acta
2787 2556 3235 2628 constringerem,
3282 2570 3440 2623 quam
3471 2571 3623 2611 sacra
3647 2555 3769 2611 oili-

2183 2644 2262 2697 cia
2295 2646 2343 2697 in
2376 2644 2529 2714 culpa
2560 2647 2769 2703 caeteris
2804 2646 3113 2703 imitabilem
3143 2649 3593 2712 demonstrarent,
3643 2646 3766 2717 quia

2185 2735 2432 2789 nimirum
2480 2735 2524 2788 si
2565 2738 2715 2790 solus
2742 2738 2983 2805 caderet,
3018 2752 3286 2810 utcunque
3332 2739 3474 2795 hunc
3505 2738 3764 2795 tolerabi-

2186 2825 2284 2879 lior
2314 2826 2507 2881 inferni
2538 2842 2693 2895 pinna
2721 2831 3001 2884 cruciaret.

2793 2939 3020 2998 CAPUT
3062 2943 3150 2999 ιιι.

2183 3024 2261 3078 De
2286 3028 2510 3108 pondere
2534 3030 2830 3108 regiminis;
2877 3041 2922 3084 ct
2952 3033 3092 3100 quod
3120 3040 3333 3108 adversa
3359 3052 3570 3106 quicque
3599 3037 3765 3108 despi-

2429 3100 2608 3152 cienda
2628 3114 2763 3167 sunt,
2798 3114 2844 3155 et
2872 3120 3120 3173 prospera
3149 3100 3502 3174 formidanda:

2257 3187 2382 3243 Haec
2408 3188 2588 3259 itaque
2618 3192 2851 3248 breviter
2875 3194 3133 3259 diximus,
3164 3205 3221 3250 ut
3247 3210 3500 3266 quantum
3532 3198 3603 3251 sit
3629 3213 3764 3267 pon-

2102 3286 2151 3349 (ζ
2185 3280 2283 3335 dus
2309 3283 2583 3351 regiminis
2632 3297 3073 3354 monstraretnus,
3107 3304 3174 3344 ne
3216 3299 3477 3344 temerare
3501 3304 3652 3343 sacra
3679 3306 3765 3344 re-

2181 3374 2377 3443 gimina
2407 3375 2647 3445 quisquis
2677 3376 2759 3431 his
2789 3378 2963 3448 impar
2990 3391 3072 3436 est
3098 3382 3310 3449 audeat,
3341 3391 3395 3436 et
3424 3398 3522 3451 per
3563 3398 3764 3437 concu-

2184 3468 2497 3535 piscentam
2544 3468 2815 3537 culminis,
2848 3471 3099 3527 ducatum
3143 3474 3397 3543 suscipiat
3428 3475 3764 3545 perd.tionis.

2184 3558 2317 3613 Hinc
2365 3560 2509 3614 enim
2562 3564 2645 3630 pie
2701 3563 2933 3619 Jacobus
2978 3549 3247 3635 prohibet,
3298 3567 3531 3625 dicens:
3587 3566 3767 3624 Nolite

2184 3650 2357 3717 plures
2405 3654 2636 3724 magistri
2682 3657 2815 3721 ﬁeri,
2848 3659 3033 3724 fratres
3074 3658 3172 3711 ιιιεὶ
3219 3657 3360 3729 (Jac.
3409 3674 3490 3725 ιιι,
3528 3659 3598 3727 1).
3636 3659 3770 3715 lliuc

2183 3743 2299 3814 ipse
2350 3745 2443 3800 Dei
2493 3746 2880 3817 hominumque
2926 3748 3184 3805 Mediator
3215 3766 3437 3821 regnum
3488 3753 3771 3823 percipere

2184 3836 2371 3889 vitavit
2401 3838 2452 3890 in
2510 3837 2785 3908 terris,qui
2830 3854 3185 3908 supernorum
3227 3858 3438 3913 quoque
3485 3846 3771 3915 Spirituum

2184 3929 2457 3986 scientiam
2487 3947 2812 4003 sensumque
2860 3937 3263 4003 transcendens,
3305 3948 3430 3994 ante
3460 3941 3654 3995 saecula
3680 3957 3772 3998 re-

2183 4031 2311 4089 guat
2338 4021 2389 4075 in
2417 4024 2589 4077 cmlis.
2634 4024 2904 4094 Scriptum
2939 4028 3137 4098 quippe
3166 4039 3287 4084 est:
3322 4029 3474 4086 Jesus
3500 4048 3619 4105 ergo
3652 4049 3772 4088 cum

2185 4120 2493 4190 cognovisset
2522 4121 2639 4190 quia
2677 4124 2874 4176 venturi
2897 4135 3060 4179 essent
3092 4134 3145 4179 ut
3176 4138 3411 4197 raperent
3441 4145 3579 4198 eum,
3612 4138 3661 4182 et
3683 4132 3773 4196 fa-

2185 4222 2353 4265 cerent
2374 4230 2490 4267 eum
2528 4230 2727 4285 regem,
2748 4225 2772 4262 8
2791 4216 2923 4286 fugit
2941 4219 3124 4273 iterum
3157 4219 3210 4274 in
3240 4233 3460 4276 montem
3489 4224 3597 4294 ipse
3625 4223 3770 4278 solus

2185 4304 2356 4377 (Joan.
2397 4321 2468 4372 ιι,
2507 4307 2615 4378 15).
2659 4308 2786 4377 Quis
2816 4312 2963 4366 enim
2995 4313 3285 4386 principari
3324 4317 3626 4374 hominibus
3657 4328 3769 4374 tam

2185 4399 2300 4455 sine
2329 4400 2482 4471 culpa
2515 4402 2799 4468 potuisset,
2850 4420 3009 4474 quam
3043 4407 3087 4460 is
3114 4407 3203 4476 qui
3252 4409 3349 4463 hos
3398 4411 3649 4466 nimirum
3681 4426 3773 4468 reo

2186 4504 2354 4564 geret,
2409 4510 2546 4565 quos
2596 4496 2711 4564 ipse
2763 4498 3085 4553 creaverat?
3131 4499 3236 4554 Sed
3283 4501 3407 4570 quia
3463 4501 3663 4558 idcirco
3712 4504 3770 4560 in

2187 4600 2350 4641 carne
2383 4596 2621 4654 venerat,
2656 4598 2716 4643 ut
2744 4604 2847 4644 non
2879 4590 3050 4644 solum
3085 4605 3180 4645 nos
3210 4607 3303 4660 per
3329 4593 3633 4661 passionem
3683 4612 3771 4652 re-

488 4697 677 4748 xxxrv,
714 4678 803 4747 18,
831 4680 948 4750 19).
975 4681 1179 4751 Aquam
1205 4682 1399 4751 quippe
1432 4680 1861 4750 limpidissimam
1888 4683 2077 4739 Paslo-
2106 4674 2155 4734 D
2183 4678 2428 4745 dimeret,
2465 4681 2515 4750 5
2547 4694 2730 4733 verum
2771 4680 2931 4734 etiam
2966 4696 3059 4749 per
3096 4684 3557 4739 conversationem
3598 4686 3769 4743 doce-

488 4787 580 4826 res
625 4771 832 4839 bibunt,
865 4786 987 4828 cum
1018 4774 1219 4827 ﬂuenta
1254 4772 1494 4827 veritatis
1524 4781 1670 4828 recte
1711 4768 2076 4845 intellige‘ntcs

488 4865 762 4918 hauriunt.
810 4863 917 4919 Sed
948 4866 1193 4921 eamdem
1226 4880 1417 4935 aquam
1452 4865 1675 4937 pedibus
1725 4868 2075 4936 perturbare,

485 4965 575 5011 est
603 4967 801 5011 sancta
828 4955 1189 5013 meditationis
1214 4957 1389 5011 studia
1420 4957 1556 5011 male
1580 4956 1808 5012 vivendo
1831 4972 2079 5013 corrum-

490 5062 636 5116 pere.
665 5050 871 5117 Aquam
907 5049 1110 5104 scilicet
1155 5063 1340 5103 eorum
1374 5047 1639 5102 turbatam
1684 5048 1907 5115 pedibus
1951 5065 2080 5105 oves

488 5139 699 5207 bibunt,
756 5157 876 5196 cum
910 5142 1134 5211 subjecti
1185 5141 1385 5212 quique
1436 5156 1540 5195 non
1590 5150 1864 5195 sectantur
1915 5142 2077 5196 verba

489 5251 609 5308 quae
659 5236 902 5301 audiunt,
952 5236 1047 5292 sed
1089 5235 1205 5289 sola
1236 5232 1402 5305 qua:d
1461 5236 1797 5305 conspiciunt
1828 5236 2077 5304 exempla

492 5330 773 5399 pravitatis
800 5329 1100 5385 imitantur.
1138 5327 1239 5393 Qui
1268 5342 1390 5382 cum
1419 5328 1561 5383 dicta
1589 5328 1806 5394 sitiunt,
1834 5326 1954 5398 quia
1986 5341 2080 5397 per

557 5481 590 5509 ι
625 5473 736 5526 Duo
760 5469 970 5542 priores
999 5470 1209 5532 Gentet,
1240 5467 1505 5523 secundus
1552 5468 1719 5533 Aud.,
1771 5467 1897 5539 Lyr.
1917 5507 1933 5535 ,
1967 5468 2075 5523 Ro-

442 5583 450 5593 .
486 5543 751 5613 thomag.,
784 5560 867 5611 my
876 5544 1043 5597 sterio.

567 5614 593 5653 δ
614 5610 1078 5682 Τείἰὶιιείὶίιι-ιιυιη
1097 5610 1440 5679 ltothomag.,
1458 5611 1723 5666 secundus
1739 5611 1898 5675 Aud.,
1920 5610 2071 5682 Lyr.,

488 5686 740 5755 Longip.,
768 5681 882 5739 Val.
910 5682 1015 5751 CL,
1048 5683 1279 5753 legenda.
1324 5683 1490 5755 Error
1515 5682 1734 5735 forsitan
1764 5681 1980 5755 irrepsit
2004 5698 2072 5737 ex

489 5753 957 5811 uredo—scribendi
1004 5764 1264 5817 veterum,
1292 5753 1380 5823 qui
1409 5753 1682 5816 dixerunt,
1711 5754 2072 5824 intelligendo,

489 5838 551 5883 ut
573 5838 657 5883 est
679 5828 731 5880 in
762 5827 918 5890 'l‘rec,

571 5909 587 5936 ε
618 5896 849 5962 Dellov.,
880 5896 1095 5969 reliqua.

2186 4783 2289 4837 ret,
2332 4773 2635 4841 exetnplum
2686 4787 2747 4828 se
2777 4774 3124 4841 sequentibus
3176 4775 3442 4841 praebens,
3504 4791 3602 4831 rex
3652 4778 3773 4836 tieri

2189 4863 2377 4929 uoluit,
2407 4862 2475 4916 ad
2519 4865 2694 4919 crucis
2725 4879 2852 4918 vero
2894 4865 3183 4933 patibulum
3234 4881 3423 4938 sponte
3471 4871 3771 4938 convenit;

2188 4955 2423 5010 oblatam
2469 4956 2693 5024 gloriam
2748 4957 2998 5012 culminis
3049 4959 3199 5029 fugit,
3245 4976 3456 5031 pinnam
3493 4963 3773 5031 probrosa)

2189 5057 2379 5103 mortis
2428 5050 2681 5117 appetiit;
2716 5058 2774 5102 ut
2804 5051 3042 5104 membra
3075 5052 3194 5121 eius
3228 5054 3473 5109 videlicet
3500 5054 3774 5111 discerent

2185 5140 2394 5194 favores
2423 5140 2604 5194 inundi
2650 5140 2852 5211 lugere,
2899 5151 3138 5200 terrores
3180 5147 3397 5200 minime
3425 5148 3637 5211 timere,
3672 5163 3777 5215 pro

2188 5236 2416 5290 veritate
2444 5235 2667 5289 adversa
2711 5235 2958 5306 diligere,
3010 5253 3265 5308 prospera
3310 5238 3646 5294 formidanda
3675 5240 3778 5296 de-

2187 5329 2407 5394 clinare,
2443 5328 2567 5398 quia
2596 5337 2653 5383 et
2680 5328 2780 5384 ista
2833 5344 2979 5398 saepe
3009 5345 3104 5400 per
3153 5340 3417 5387 tumorem
3459 5347 3554 5389 cor
3596 5332 3779 5404 inqui-

2258 5463 2283 5502 ά
2309 5466 2469 5521 Corb.
2481 5512 2494 5535 ,
2526 5466 2847 5537 conspiciunt
2869 5483 3044 5537 opera.

2254 5546 2277 5574 ο
2308 5538 2361 5591 Ιιι
2392 5540 2531 5606 plur.
2558 5538 2727 5592 Codd.
2748 5579 2765 5605 ,
2817 5555 2975 5592 causa
3003 5538 3187 5594 ruinaz.

2257 5607 2276 5644 ί
2310 5610 2557 5677 Plerique
2590 5608 2798 5674 Norm.,
2833 5612 3012 5663 melius
3040 5620 3148 5663 erat
3178 5610 3243 5666 ei.

2257 5689 2280 5725 Β
2314 5681 2520 5735 Primus
2547 5679 2687 5735 Aud.
2718 5690 2797 5756 Aet
2826 5690 2932 5735 tres
2974 5680 3185 5738 Gemet.
3209 5700 3244 5756 ﬂ:
3274 5692 3514 5737 venerunt
3537 5695 3590 5738 ut
3619 5702 3783 5756 rape-

2182 5760 2302 5827 rent
2323 5768 2460 5818 eum,
2489 5760 2536 5827 et
2567 5752 2927 5827 constituerent
2956 5768 3125 5823 regem
3170 5754 3288 5819 sibi,
3320 5770 3422 5823 quo
3452 5757 3657 5827 cognito
3684 5752 3786 5821 t’u-
3866 5757 3875 5762 ”

2181 5826 2255 5893 git
2284 5823 2470 5878 iterum
2502 5824 2555 5877 in
2588 5836 2808 5879 montem
2846 5824 2956 5889 ipse
2983 5828 3125 5881 solus
3165 5834 3210 5879 et
3238 5823 3622 5883 abscondit'sc.
3671 5829 3787 5888 Alii

2181 5895 2390 5961 Norm.,
2423 5911 2521 5965 quo
2549 5911 2698 5966 cogn.
2723 5894 2897 5965 Jestts,
2920 5901 3013 5967 [ay
3038 5904 3054 5948 t
3078 5907 3123 5950 et
3152 5896 3415 5951 abscondit
3444 5914 3519 5953 se.
