4036 6346
392 260 456 319 i7
1212 255 1518 315 ιιεωωιι
1561 256 1951 317 ΡΑετοιιΑιι

2066 257 2259 314 .lBER.
2295 290 2365 301 —
2401 258 2580 318 PARS
2618 259 2853 319 PRIMA.
3349 301 3352 304 ~
3592 260 3664 321 18

391 381 537 439 nant,
569 380 623 430 et
650 372 745 429 illa
775 385 874 443 per
901 371 1146 428 doloretn
1178 384 1425 443 purgant.
1456 374 1513 430 ln
1537 376 1653 433 istis
1681 390 1743 432 se
1763 378 1972 432 animus
1997 375 2050 433 Δ
2074 375 2396 447 cogitatione
2434 390 2492 432 se
2516 378 2727 432 animus
2756 378 2949 441 elevat,
2981 384 3036 434 et
3066 377 3222 448 plene
3251 378 3304 432 in
3326 391 3385 433 se
3415 377 3547 434 iram
3568 376 3665 450 ju<

390 468 563 539 erigit,
612 483 663 522 tn
718 466 824 522 illis
872 475 1054 521 autem
1088 468 1297 523 etiamsi
1348 470 1561 537 quando
1607 485 1666 525 se
1716 469 1969 536 erexerit,

387 560 595 614 sternit.
626 558 682 613 ln
714 558 833 613 istis
878 574 1001 614 sese
1033 559 1195 614 homo
1224 560 1577 627 obliviscitur,
1616 565 1667 617 in
1701 562 1809 617 illis
1840 578 1972 619 vero

384 655 451 710 ad
477 653 562 709 sui
593 653 911 709 memoriam
960 655 1152 708 nolens
1181 655 1343 709 etiam
1390 665 1716 726 coactusque
1754 671 1971 711 revoca-

383 755 487 801 tur.
537 747 594 801 In
621 745 739 800 istis
779 760 925 813 saepe
974 754 1029 799 et
1056 755 1302 801 anteacta
1354 748 1490 802 bona
1540 749 1859 817 depereunt,
1915 748 1967 803 in

381 837 490 892 illis
516 846 697 891 autem
729 836 873 906 longi
919 852 1132 907 quoque
1179 839 1437 907 temporis
1480 840 1711 895 admissa
1753 850 1968 910 tergun-

382 935 487 984 tur.
505 927 636 983 Nam
651 928 962 997 plerumque
977 928 1317 984 adversitatis
1344 932 1651 999 magisterio
1674 933 1778 985 sub
1807 934 1968 989 disci-

380 1022 523 1092 p'ina
545 1036 641 1076 cor
666 1024 924 1091 premitur
948 1039 960 1074 :
979 1022 1120 1089 quod
1134 1021 1176 1075 si
1192 1023 1256 1076 ad
1270 1024 1545 1093 regituinis
1560 1026 1769 1080 culmen
1782 1041 1967 1095 erupe-

384 1112 834 1180 rit,inelationem
869 1113 1112 1181 pratinus
1158 1129 1256 1167 usu
1287 1115 1469 1184 gloria:
1502 1125 1848 1184 permutatur.
1875 1117 1964 1171 Sic

383 1207 630 1278 Saul,qui
648 1207 923 1276 indignum
939 1222 998 1261 se
1014 1206 1158 1274 prius
1175 1206 1522 1262 considerans
1538 1207 1890 1279 lugerat,mox
1908 1218 1963 1264 ιιι

377 1298 525 1369 regni
555 1298 913 1368 gubernacula
955 1297 1216 1366 suscepit,
1248 1297 1497 1352 intumuit
1529 1298 1582 1368 (1
1612 1300 1740 1370 lieg.
1776 1318 1824 1365 χ,
1850 1299 1958 1367 22;

380 1406 469 1457 xv,
505 1391 594 1459 l7,
638 1390 731 1461 30)
779 1391 1079 1457 ;bonorari
1126 1407 1355 1461 namque
1405 1407 1583 1446 coram
1637 1394 1831 1462 populo
1870 1408 1962 1449 cu-

379 1484 553 1551 piens,
585 1481 709 1536 dum
756 1482 1081 1550 reprehendi
1122 1484 1335 1551 publice
1376 1484 1567 1547 noluit,
1618 1486 1787 1551 ipsum
1816 1486 1906 1555 qui
1932 1494 1958 1523 σι

378 1577 429 1631 in
462 1592 682 1647 regnum
711 1592 769 1631 se
789 1586 1034 1642 unxerat,
1065 1577 1223 1632 scidit
1254 1578 1393 1649 (Act.
1432 1595 1550 1643 xm,
1580 1580 1696 1647 2%).
1721 1580 1811 1635 Sic
1855 1580 1960 1635 Da-

380 1668 463 1723 vid
496 1670 728 1723 auctoris
772 1669 973 1736 judicio
1001 1685 1137 1739 pene
1166 1672 1219 1726 in
1252 1673 1459 1726 cunctis
1481 1672 1688 1727 actibus
1718 1674 1955 1744 placens,

2073 468 2207 522 dicis
2230 478 2502 538 provocat,
2536 469 2778 538 quamvis
2819 485 2914 538 per
2956 469 3138 541 iniqua
3171 470 3310 524 foras
3357 485 3519 538 Opera
3553 484 3661 523 non

2074 572 2333 630 erumpat.
2367 563 2424 633 6
2453 562 2601 616 Intus
2649 563 2845 633 quippe
2873 573 2955 617 est
2983 563 3071 632 qui
3098 563 3321 629 iudicat,
3352 574 3492 617 tutus
3518 563 3663 632 quod

2068 654 2351 722 jndicatur.
2388 655 2517 709 Cum
2547 671 2674 725 ergo
2720 656 2774 709 in
2804 651 2965 711 ciirde
3002 655 3383 725 delinquimus,
3414 656 3542 712 latet
3576 656 3646 709 ho

2070 746 2242 801 mines
2273 748 2410 816 quod
2436 748 2574 817 apud
2599 764 2695 803 nos
2734 751 2964 816 agimus,
2994 748 3086 804 sed
3118 759 3293 804 tamen
3335 751 3451 818 ipso
3472 750 3657 819 judice

2070 845 2205 893 teste
2238 853 2540 906 peccamus.
2585 840 2767 909 Neque
2792 841 2935 896 enim
2990 850 3014 877 ⁸
3046 856 3139 897 rex
3192 841 3497 910 Babylonia:
3526 852 3653 895 tunc

2072 944 2199 985 reus
2232 931 2299 985 de
2330 932 2564 987 elatione
2589 934 2793 987 exstitit
2817 933 2978 1003 (Dan.
3011 949 3082 999 tv,
3126 933 3214 997 l6,
3254 931 3408 1003 seq.),
3440 947 3559 986 cum
3592 933 3659 987 ad

2066 1020 2312 1076 elationis
2332 1023 2491 1077 verba
2525 1026 2797 1090 pervenit;
2838 1026 3033 1096 quippe
3077 1025 3167 1095 qui
3197 1040 3292 1081 ore
3339 1026 3658 1095 pmpbetico

2065 1121 2119 1167 et
2144 1123 2268 1168 ante
2295 1128 2415 1168 cum
2453 1113 2471 1151 τ
2504 1115 2570 1168 ab
2598 1117 2828 1169 elatione
2874 1118 3058 1181 tacuit,
3091 1116 3412 1172 sententiam
3466 1131 3656 1186 repra-

2064 1204 2291 1259 hationis
2316 1194 2537 1262 audivit.
2560 1207 2777 1278 Culpam
2805 1223 3030 1276 namque
3054 1217 3370 1277 perpetratae
3385 1208 3654 1277 superbia:

2058 1295 2169 1365 jam
2200 1307 2323 1352 ante
2351 1298 2673 1364 deterserat,
2717 1302 2804 1370 qui
2836 1302 3254 1368 omnipotentem
3301 1300 3464 1354 Deum
3496 1315 3655 1370 quem

2061 1405 2121 1446 se
2148 1392 2438 1447 offendisse
2471 1394 2686 1462 reperit,
2730 1394 2937 1448 cunctis
2968 1394 3067 1449 sub
3093 1408 3153 1450 se
3178 1394 3425 1462 gentibus
3451 1393 3654 1463 praedi-

2062 1485 2221 1539 cavit.
2256 1484 2359 1540 Sed
2386 1494 2503 1554 post
2536 1487 2648 1541 haec
2680 1501 2932 1541 successu
2960 1501 3071 1541 sua:
3094 1488 3372 1554 potestatis
3389 1486 3652 1553 elevatus,

2061 1574 2186 1629 dum
2218 1591 2404 1645 magna
2430 1592 2488 1631 se
2518 1576 2707 1631 fecisse
2736 1578 3011 1646 gauderet,
3041 1576 3248 1631 cunctis
3291 1577 3441 1646 prius
3472 1577 3522 1629 in
3558 1590 3654 1631 c0-

2061 1668 2319 1738 gitatione
2358 1683 2416 1723 se
2461 1669 2709 1737 prmtulit,
2741 1678 2794 1722 et
2841 1678 2960 1737 post
2996 1669 3168 1723 adhuc
3200 1668 3435 1722 tumidus
3465 1667 3600 1721 dixit
3631 1683 3649 1723 :

381 1777 503 1815 mox
552 1769 608 1815 ut
638 1776 910 1839 pressura:
943 1765 1180 1832 pondere
1206 1764 1400 1827 caruit,
1452 1765 1502 1817 in
1537 1774 1802 1819 tumorem
1846 1766 1959 1821 vul-
1988 1747 2037 1809 Β
2066 1760 2255 1815 Nonne
2278 1763 2386 1815 lucc
2425 1772 2498 1816 est
2534 1761 2766 1832 Babylon
2803 1779 3007 1833 magna,
3036 1779 3187 1831 quam
3214 1778 3305 1832 ego
3327 1761 3573 1829 wdiﬁcavi
3592 1759 3648 1814 in

379 1855 521 1905 neris
547 1853 719 1921 erupit
749 1851 834 1922 (Il
869 1853 995 1923 Reg.
1046 1870 1121 1921 χι,
1173 1854 1228 1921 3,
1273 1856 1427 1924 seq.),
1463 1854 1737 1926 laetusque
1773 1864 1855 1912 est
1903 1858 1956 1912 in

377 1954 550 2000 morte
578 1944 605 1982 δ
638 1946 737 1998 viri
783 1945 1075 2000 crudeliter
1116 1946 1339 2017 rigidus,
1373 1948 1462 2015 qui
1513 1948 1563 2002 in
1614 1949 1849 2015 appetitu
1882 1951 1958 2007 le-

374 2036 533 2089 niinre
560 2035 655 2089 luit
684 2037 955 2091 enerviter
986 2038 1193 2101 lluxus;
1228 2046 1283 2091 et
1309 2038 1397 2106 qui
1446 2038 1601 2092 malis
1629 2050 1755 2093 ante
1796 2054 1959 2096 nove-

372 2136 455 2181 rat
484 2129 567 2196 pie
598 2144 837 2195 parcere,
870 2130 923 2183 in
960 2132 1221 2184 bonorum
1252 2146 1464 2201 quoque
1494 2147 1683 2187 necem
1716 2144 1834 2201 post
1877 2135 1957 2189 di-

372 2221 501 2275 dicit
524 2221 641 2277 sine
656 2222 932 2277 obstaculo
954 2226 1344 2279 retractationis
1361 2226 1612 2282 anhelare
1625 2225 1809 2292 (Ibid.,
1828 2228 1917 2299 15)
1930 2268 1944 2283 .

372 2315 524 2370 Prius
550 2316 742 2386 quippe
790 2315 950 2372 ferire
988 2318 1384 2385 deprehensum
1419 2331 1818 2388 persecutorem
1861 2338 1957 2378 no-

369 2404 492 2470 luit,
521 2417 576 2462 et
605 2415 725 2476 post
750 2423 873 2463 cum
901 2409 1099 2464 damno
1127 2411 1440 2467 desudantis
1488 2414 1758 2469 exercitus
1796 2416 1955 2472 etiam

368 2497 617 2553 devotum
651 2499 874 2556 militem
897 2504 1177 2557 exstinxit.
1198 2504 1366 2571 Quem
1397 2504 1637 2573 profecto
1663 2506 1731 2561 ab
1759 2508 1959 2562 electo-

369 2603 488 2643 rum
515 2605 743 2645 numero
768 2592 926 2662 culpa
961 2593 1169 2663 longius
1200 2604 1431 2665 raperet.
1464 2595 1566 2650 nisi
1597 2596 1738 2652 hunc
1770 2598 1838 2652 ad
1865 2614 1957 2654 ve-

370 2681 514 2738 niam
546 2683 757 2754 tlagella
788 2697 1152 2743 revocassent.

984 2800 1210 2857 CAPUT
1252 2801 1336 2857 IV.

370 2889 519 2956 Quod
547 2890 843 2962 pleramque
867 2895 1135 2962 occupatio
1166 2894 1425 2978 regiminis
1455 2896 1767 2950 soliditatem
1795 2897 1953 2951 dissi-

1005 2976 1087 3033 pet
1127 2976 1326 3021 mentis.
1906 2993 1911 2999 ·

438 3053 595 3123 Sa'pe
616 3065 861 3126 suscepta
891 3067 1028 3110 cura
1070 3057 1345 3127 regintiuis
1396 3073 1490 3114 cor
1514 3075 1609 3124 per
1637 3059 1845 3116 diversa
1874 3059 1957 3114 di-

367 3149 637 3213 verberat,
668 3162 720 3205 et
749 3151 917 3221 impar
936 3154 1162 3222 quisque
1186 3154 1453 3209 invenitur
1474 3156 1536 3210 ad
1565 3156 1791 3223 singula.
1821 3157 1947 3213 dum
1978 3146 2026 3210 C

367 3244 586 3300 confusa
618 3255 795 3301 mente
841 3247 1100 3301 dividitur
1148 3249 1212 3301 ad
1251 3250 1434 3304 multa.
1476 3250 1627 3305 Unde
1674 3261 1696 3290 ο
1731 3252 1951 3321 quidam

369 3337 583 3405 sapiens
618 3338 839 3407 provide
868 3339 1143 3406 prohibet,
1172 3340 1357 3395 dicens
1385 3360 1399 3397 :
1445 3342 1570 3410 Fili,
1605 3360 1667 3397 ne
1696 3345 1748 3397 in
1779 3344 1952 3398 multis

369 3429 469 3480 sint
498 3440 640 3483 actus
668 3430 742 3482 tui
769 3429 953 3501 (Eccli.
1005 3446 1075 3494 χι,
1127 3430 1235 3500 10),
1289 3433 1412 3501 quia
1440 3431 1689 3487 videlicet
1747 3449 1950 3503 ncqtta-

368 3534 525 3586 quam
569 3519 723 3587 plene
771 3520 822 3574 in
856 3522 1267 3592 uniuscujusque
1296 3522 1475 3591 operis
1507 3524 1711 3578 ratione
1738 3525 1948 3595 colligi-

372 3620 474 3677 tur,
508 3612 636 3665 dum
670 3628 821 3667 mens
851 3627 947 3681 per
991 3613 1203 3672 diversa
1252 3615 1492 3683 partitur.
1538 3617 1777 3687 Cumque
1808 3616 1952 3672 foras

366 3702 459 3770 pe'r
487 3705 804 3759 insolentem
831 3720 1013 3760 curam
1044 3707 1290 3773 trahitur,
1323 3723 1350 3760 a
1385 3708 1591 3763 timoris
1621 3709 1791 3764 intimi
1827 3712 1953 3766 soli-

366 3793 527 3850 ditate
553 3806 805 3852 vacuatur
834 3815 848 3851 :
878 3798 935 3851 lit
965 3798 1014 3852 in
1053 3800 1381 3854 exteriorum
1407 3797 1434 3838 ἀ
1466 3800 1817 3869 dispositione
1843 3803 1953 3858 sol-

369 3888 528 3951 licita,
552 3896 605 3942 et
629 3889 709 3942 sui
749 3888 1084 3943 solummodo
1122 3892 1322 3958 ignara,
1356 3891 1456 3945 scit
1488 3891 1652 3946 multa
1685 3894 1945 3963 cogitare,

367 3991 426 4033 se
453 3981 717 4033 nesciens.
749 3980 879 4033 Nam
928 3996 1048 4035 cum
1079 3981 1197 4051 plus
1218 3998 1375 4051 quam
1408 3999 1631 4039 necesse
1659 3996 1740 4039 est
1770 4001 1828 4041 se
1852 4002 1951 4041 ex-

367 4072 649 4126 terioribus
689 4073 947 4140 implicat,
977 4075 1127 4145 quasi
1161 4086 1418 4142 occupata
1450 4078 1500 4130 in
1541 4078 1732 4133 itinere
1771 4079 1954 4133 oblivi-

367 4164 527 4217 scitur
548 4180 655 4232 quo
687 4165 966 4233 tendebat;
992 4167 1059 4220 ita
1081 4177 1141 4220 ut
1161 4167 1227 4221 ab
1255 4169 1432 4223 studio
1454 4184 1565 4223 suae
1590 4170 1951 4239 inquisitionis

369 4256 557 4320 aliena,
592 4274 657 4314 ne
681 4261 795 4330 ipsa
819 4262 1029 4329 quidem
1052 4278 1171 4332 qua:
1193 4262 1387 4332 patitur
1408 4265 1600 4319 damna
1623 4267 1949 4334 consideret,

370 4359 420 4403 et
440 4366 534 4420 per
569 4361 765 4421 quanta
795 4354 1069 4422 delinquat
1097 4356 1321 4421 ignoret.
1353 4358 1535 4424 Neque
1565 4358 1704 4413 enim
1731 4374 1950 4428 peccare

369 4456 423 4495 se
456 4440 709 4498 Ezechias
736 4446 965 4499 credidit
996 4445 1105 4517 (IV
1139 4446 1267 4517 Reg.
1299 4464 1390 4513 xx,
1441 4448 1548 4517 l3).
1579 4465 1698 4502 cum
1727 4450 1950 4504 venien-

2061 1861 2270 1912 dotnum
2299 1862 2463 1928 regni,
2494 1868 2540 1912 et
2572 1860 2623 1912 in
2655 1861 2833 1913 robore
2864 1860 3186 1929 fortitudinis
3212 1874 3356 1921 mete,
3388 1866 3433 1911 et
3457 1858 3508 1908 in
3531 1856 3647 1925 gla-

2058 1949 2138 2002 ria
2160 1948 2358 2003 decoris
2388 1949 2525 2003 mei?
2553 1947 2742 2016 (Ibid.,
2774 1966 2846 2015 tv,
2874 1950 2991 2021 9.1.)
3014 1950 3143 2017 Quae
3176 1948 3423 2004 videlicet
3449 1962 3550 2001 vox
3583 1946 3652 2001 il-

2060 2042 2162 2096 lins
2193 2043 2285 2096 irze
2318 2043 2603 2098 vindictam
2655 2053 2838 2113 aperte
2884 2045 3120 2113 pertulit,
3155 2053 3180 2091 ι
3232 2058 3391 2112 quam
3440 2042 3650 2097 occulta

2058 2136 2219 2191 elatio
2260 2137 2523 2191 accendit.
2558 2136 2688 2191 Nam
2722 2137 2993 2191 districtus
3019 2137 3179 2207 judcx
3216 2136 3360 2205 prius
3409 2134 3649 2190 invisibi-

2060 2214 2182 2282 liter
2207 2227 2339 2281 vidit
2364 2228 2504 2298 quod
2546 2237 2730 2295 postea
2762 2228 2973 2296 publice
3004 2226 3247 2283 feriendo
3280 2225 3647 2295 reprehendit.

2061 2317 2217 2374 Unde
2234 2326 2289 2373 et
2324 2318 2378 2373 in
2434 2318 2745 2373 irrationale
2774 2319 3165 2372 animal—hunc
3214 2319 3393 2383 vertit,
3449 2320 3515 2369 ah
3546 2317 3648 2371 bu-

2059 2428 2212 2467 mana
2247 2412 2505 2467 societate
2533 2412 2819 2481 separavit,
2853 2410 2964 2481 agri
2997 2410 3180 2465 bestiis
3212 2418 3412 2463 mutata
3463 2419 3645 2469 mente

2059 2503 2361 2573 conjunxit,
2395 2514 2449 2556 ιιι
2464 2502 2710 2556 districto
2726 2502 2971 2556 videlicet
2993 2502 3243 2571 justeque
3260 2500 3459 2569 judicio
3481 2500 3647 2555 homo

2059 2616 2273 2671 quoque
2300 2615 2419 2657 esse
2452 2600 2724 2669 perderet,
2747 2598 2837 2666 qui
2869 2612 3114 2667 magnum
3139 2612 3197 2651 se
3228 2595 3368 2650 ultra
3397 2594 3646 2649 homines

2058 2694 2395 2748 aestimasset.
2433 2693 2556 2746 llaec
2583 2693 2758 2761 itaque
2789 2692 3142 2761 proferentes,
3187 2705 3292 2744 non
3323 2698 3641 2759 potestatem

2059 2788 2519 2858 reprehendimus,
2552 2787 2646 2842 sed
2669 2785 2738 2841 ab
2765 2787 2999 2853 appetitu
3033 2784 3174 2838 ilnius
3203 2783 3382 2837 cordis
3412 2781 3639 2837 inlirmi-

2060 2889 2222 2936 tatem
2254 2881 2547 2945 munimus,
2598 2895 2665 2934 ne
2700 2879 2998 2949 imperfecti
3031 2880 3228 2947 quique
3258 2877 3470 2931 culmen
3512 2874 3647 2928 arri-

2059 2989 2184 3043 pere
2208 2973 2481 3044 regiminis
2521 2971 2775 3034 audeant,
2806 2979 2861 3025 et
2887 2971 2973 3039 qni
3005 2970 3057 3024 in
3093 2967 3265 3039 planis
3286 2964 3314 3004 ιι
3342 2975 3543 3027 stantes
3576 2965 3647 3026 ti-

2058 3067 2267 3131 tubant,
2302 3066 2350 3119 in
2380 3063 2637 3135 praecipiti
2667 3061 2855 3133 pedem
2886 3071 3105 3131 ponant.

2697 3203 2925 3259 CAPUT
2965 3202 3028 3255 ν.

2055 3345 2135 3401 De
2166 3346 2246 3399 his
2289 3346 2377 3413 qui
2425 3345 2477 3398 in
2532 3343 2794 3412 regimims
2844 3356 3066 3394 cu.mme
3126 3338 3365 3413 prodesse
3416 3336 3647 3413 exemplo

2128 3410 2364 3550 qirtutum
2397 3410 2629 3484 possunt,
2661 3413 2750 3466 sed
2771 3413 2989 3483 quietem
3011 3410 3274 3481 propriam
3296 3411 3538 3464 sectanda
3559 3423 3647 3466 re-

2155 3489 2358 3550 ugiuut.

2155 3503 2358 3557 agrum.

2131 3610 2261 3665 Nam
2292 3619 2416 3662 sunt
2443 3607 2705 3672 nonnulli,
2737 3604 2826 3677 qui
2854 3605 3048 3661 eximia
3074 3603 3327 3659 virtutum
3355 3604 3489 3659 dona
3521 3619 3645 3673 per-

2056 3704 2274 3773 cipiunt,
2306 3712 2361 3757 et
2390 3716 2485 3771 pro
2513 3700 2895 3756 exercitatione
2931 3710 3246 3754 cancrorum
3277 3698 3482 3767 magnis
3524 3714 3643 3753 tuu-

2056 3794 2273 3849 neribits
2295 3792 2617 3857 exaltaulur,
2650 3794 2739 3861 qui
2763 3790 2940 3844 studio
2989 3790 3251 3845 castitatis
3298 3788 3504 3851 mundi,
3551 3788 3647 3845 ali-

2056 3888 2322 3943 stinentia:
2379 3888 2571 3940 robore
2621 3883 2806 3946 validi,
2851 3882 3108 3937 doctrinm
3161 3881 3386 3950 dapibus
3440 3880 3646 3947 referti,

2057 3982 2328 4051 patientia:
2360 3977 2761 4049 longanimitate
2790 3976 3041 4039 humiles,
3073 3974 3403 4028 auctoritatis
3433 3973 3646 4028 fortitu-

2056 4074 2180 4129 dine
2200 4071 2386 4136 erecti,
2423 4069 2630 4139 pietatis
2659 4069 2824 4137 gratia
2855 4067 3089 4135 benigni,
3111 4065 3333 4133 iustitiae
3359 4066 3647 4121 severitate

2056 4166 2278 4221 districti
2308 4172 2449 4219 sunt.
2480 4162 2577 4229 Qui
2602 4161 2855 4215 nimirum
2880 4161 3092 4214 culmen
3124 4158 3443 4230 regimiuum
3472 4160 3515 4213 si
3548 4173 3642 4213 vo-

2057 4259 2160 4315 cati
2189 4257 2463 4327 suscipere
2522 4263 2776 4319 renuunt,
2813 4253 2927 4321 ipsa
2981 4252 3081 4306 sibi
3137 4252 3451 4322 plerttmque
3502 4252 3645 4309 dona

2058 4355 2318 4415 adimunt,
2352 4365 2467 4419 qum
2513 4364 2617 4402 non
2669 4362 2764 4416 pro
2796 4361 2853 4401 se
2908 4344 3293 4409 tantummodo,
3335 4344 3433 4399 sed
3480 4346 3644 4398 etiam

2058 4463 2152 4517 pro
2188 4445 2306 4500 aliis
2335 4452 2674 4511 acceperunt.
2702 4442 2940 4511 (Eumque
2966 4454 3058 4492 sua
3083 4448 3136 4494 et
3165 4454 3271 4491 nnn
3299 4438 3522 4492 aliorum
3554 4436 3640 4491 ιιι-

372 4533 504 4588 tibus
525 4535 591 4588 ad
620 4552 680 4590 se
710 4536 1025 4607 alienigenis
1053 4551 1349 4592 aromatum
1374 4540 1534 4593 cellas
1556 4541 1820 4607 ostendit;
1856 4543 1949 4598 sed
1982 4542 2034 4602 Β
2058 4557 2147 4596 cra
2177 4540 2430 4608 cogitant,
2466 4536 2594 4606 ipsis
2630 4548 2707 4601 se,
2740 4547 2857 4603 qure
2898 4532 3100 4601 privata
3130 4530 3329 4584 habere
3359 4536 3641 4597 appetunt,

370 4628 418 4681 in
448 4630 843 4685 damnationem
885 4640 1152 4686 secuturae
1183 4632 1351 4699 prolis
1395 4648 1458 4686 ex
1486 4647 1552 4687 eo
1597 4634 1725 4686 iram
1753 4634 1951 4703 judieis

369 4722 602 4790 pertulit,
647 4722 791 4791 quod
842 4739 899 4777 se
948 4721 1127 4779 facere
1180 4724 1402 4779 licenter
1458 4726 1747 4779 aestimavit
1796 4726 1948 4797 (Isai.

371 4829 549 4881 xxxix,
583 4814 664 4884 4).
699 4815 854 4884 Saepe
897 4816 1022 4871 dum
1067 4816 1228 4870 multa
1257 4824 1565 4886 suppetunt,
1595 4816 1827 4886 dumque
1868 4821 1952 4890 agi

295 4952 299 4954 ν
372 4916 609 4973 possunt,
654 4921 775 4977 qum
804 4907 1027 4978 subjecti
1058 4910 1180 4968 quia
1210 4918 1329 4963 acta
1357 4916 1485 4962 sunt
1513 4908 1862 4975 admirentur,
1900 4914 1950 4966 in

437 5048 463 5078 ἰ
503 5040 577 5095 lta
616 5039 743 5095 Mss.
800 5054 937 5111 pene
979 5054 1189 5104 omnes,
1232 5048 1323 5093 aut
1350 5041 1403 5093 in
1457 5056 1634 5110 regno.
1692 5039 1848 5106 Editi,
1896 5043 1950 5095 in

394 5131 418 5164 ε
452 5130 546 5166 em.

366 5130 392 5167 Υ
420 5133 461 5223 9b
504 5184 697 5265 Excusi
731 5197 865 5252 pene
890 5196 1079 5238 omnes
1109 5182 1268 5247 Uriaz,
1298 5181 1480 5236 invitis
1508 5181 1635 5235 Mss.
1661 5182 1868 5253 Anglic.
1893 5192 1950 5239 et

368 5264 730 5379 noseullfiiceut.
769 5324 994 5390 Vulgati,
1022 5325 1278 5388 admonet,
1311 5324 1504 5393 quibus
1530 5326 1783 5378 contrarii
1820 5335 1945 5379 sunt

375 5396 496 5451 MSs.
529 5395 793 5449 Caeterum
846 5395 1103 5449 familiare
1154 5405 1235 5449 e~t
1263 5396 1521 5464 Gregorio
1564 5394 1707 5447 Libri
1757 5396 1951 5449 Eccle-

372 5468 563 5519 siastici
609 5476 903 5528 auctorem,
946 5468 1215 5531 quemdam
1244 5468 1523 5534 sapientem
1553 5467 1846 5534 appellare,
1893 5474 1950 5520 ut

368 5548 504 5598 patet
525 5553 590 5592 ex
620 5536 710 5590 lib.
746 5552 815 5591 vn
855 5537 1067 5600 Moral.,
1098 5552 1246 5590 num.
1278 5537 1368 5597 45,
1418 5538 1508 5590 lib.
1546 5552 1637 5599 xx,
1676 5551 1820 5587 num.
1853 5536 1945 5597 5d.

364 5608 456 5664 lib.
489 5622 661 5664 χχχιι.
689 5624 834 5660 ιιιιιιι.
866 5606 955 5670 55,
985 5614 1091 5660 etc.
1126 5606 1254 5659 Vide
1305 5608 1463 5659 «tium
1505 5608 1658 5669 infra,
1714 5606 1944 5659 secunda

363 5691 531 5748 parte,
555 5694 677 5748 cap.
712 5678 766 5733 ϐ.
803 5678 1003 5748 Eodem
1039 5677 1188 5748 titulo
1208 5676 1448 5746 designat
1474 5678 1790 5748 scriptorem
1828 5678 1948 5730 libri

360 5746 652 5818 Sapientia:
678 5750 899 5818 passim.
929 5747 1063 5803 Vide
1087 5747 1177 5802 lib.
1215 5763 1327 5806 xlv.
1362 5766 1428 5800 ιιιι
1441 5766 1511 5801 ιιι.
1539 5746 1629 5799 ‘26.

2058 4634 2212 4690 bonis
2262 4633 2493 4702 privant.
2528 4629 2662 4683 Hine
2717 4640 2946 4696 namque
2988 4626 3053 4677 ad
3100 4621 3387 4690 discipulos
3432 4620 3646 4675 Veritas

2056 4727 2184 4782 dwit
2217 4744 2228 4778 :
2269 4724 2388 4779 Non
2428 4731 2590 4794 potest
2617 4720 2792 4773 civitas
2839 4716 3081 4772 abscondi
3126 4729 3280 4781 super
3307 4723 3523 4767 montem
3556 4731 3646 4783 po.

2061 4818 2190 4881 sita;
2236 4829 2395 4885 neque
2421 4811 2704 4865 accendunt
2736 4810 3018 4870 lucernam,
3071 4814 3119 4857 et
3166 4813 3362 4874 ponunt
3391 4821 3499 4858 eam
3554 4805 3646 4858 sub

2061 4906 2254 4972 modio,
2282 4906 2369 4959 sed
2398 4919 2552 4972 super
2580 4898 2960 4961 candelabrum,
3004 4905 3058 4949 ut
3088 4894 3254 4951 luceat
3293 4898 3525 4953 omnibus
3559 4900 3647 4968 qui

2128 5052 2154 5077 α
2199 5039 2408 5093 Primus
2429 5036 2601 5098 Aud.,
2631 5030 2998 5102 disputatione.

2134 5121 2158 5148 ο
2200 5111 2254 5164 ln
2285 5107 2561 5169 Trecensi,
2598 5105 2618 5157 l
2653 5100 2793 5157 And.
2836 5110 2891 5156 et
2917 5101 3123 5157 duobus
3150 5101 3373 5172 priorib.
3405 5100 3646 5170 Gemet.,

2057 5199 2152 5237 rex
2182 5178 2480 5248 Babyloniae
2500 5189 2736 5248 successu
2763 5187 2876 5248 sua:
2905 5184 3015 5243 pot.
3047 5173 3260 5228 omissis
3290 5172 3408 5227 aliis

2136 5251 2155 5291 ί
2198 5245 2381 5311 Οοιῖιιη
2412 5262 2526 5300 cum
2553 5246 2621 5298 ad
2654 5245 2942 5298 elationem.

2131 5334 2155 5369 ες
2195 5323 2412 5375 Carnnt.
2447 5319 2500 5385 l,
2529 5333 2681 5383 quam
2704 5326 2869 5368 tamen
2895 5317 3065 5369 tacita
3084 5314 3323 5367 elationis
3357 5330 3530 5385 vocem
3563 5325 3648 5368 ta-

2058 5396 2186 5446 ritus
2218 5390 2445 5455 audivit,
2476 5389 2595 5460 quia
2621 5388 2753 5440 lianc
2773 5386 3006 5460 feriendo
3038 5384 3646 5460 protinus-reprehendit.

2060 5469 2099 5517 A
2134 5462 2324 5530 quibus
2348 5478 2452 5513 ιιιιιι
2489 5456 2713 5513 inultum
2756 5457 3023 5525 discrepat
3070 5456 3288 5510 secundi
3337 5456 3554 5511 Carttot.
3588 5464 3647 5512 et

2060 5534 2199 5587 tertii
2229 5531 2363 5586 And.
2400 5532 2579 5587 lectio.

2130 5602 2154 5639 ίλ
2198 5604 2251 5656 Ιιι
2278 5604 2438 5657 Cori).
2460 5648 2473 5667 ,
2504 5605 2554 5655 in
2594 5601 2761 5673 planis
2799 5598 3037 5661 titubant,
3072 5599 3270 5653 omisso
3291 5604 3508 5655 statim.
3539 5598 3644 5657 LO.

2055 5678 2194 5743 gitur
2216 5673 2266 5727 in
2302 5674 2457 5728 Trec.
