4036 6346
3360 238 3389 254 κ

435 301 502 358 to
1649 306 1890 361 sanari
1932 290 2269 359 GRRGORH
2309 290 2522 358 Mitem
3640 306 3715 359 ao

435 425 490 479 in
514 425 663 476 domo
686 431 801 475 sunt
842 416 1054 491 (Hatth.
1087 439 1135 484 ν,
1175 421 1283 491 15).
1318 422 1449 475 ΙΙίι.ο
1484 422 1551 476 l'e
1579 428 1721 476 roait
1750 442 1759 473 :
1792 434 1813 456 ά
1849 420 2030 476 Simon
2056 424 2106 481 Α
2137 420 2281 471 tinax
2324 428 2429 470 non
2458 424 2559 471 est.
2601 414 2786 487 Neque
2817 416 2961 470 enim
2990 428 3115 471 vere
3144 417 3361 471 humilis
3378 422 3482 485 est,
3512 419 3599 488 (ιιιῆ
3626 429 3721 474 ιιι-

433 514 673 580 Joannis,
704 529 846 569 antas
877 513 989 565 me?
1024 512 1203 581 (.Ioan.
1234 529 1323 577 xv,
1358 512 1443 576 16,
1496 514 1606 581 l7.)
1654 513 1754 578 Qui
1800 528 1917 566 cum
1966 524 2025 567 se

438 620 621 659 amare
651 603 893 672 protinus
926 602 1309 679 respondisset,
1342 606 1543 658 audivit
1578 622 1592 657 :
1620 602 1680 659 Si
1718 603 1894 672 diligis
1921 619 2018 667 me,

430 712 582 766 patre
611 712 725 751 ores
760 713 919 750 mms.
968 694 1024 751 Si
1054 711 1185 764 ergo
1214 696 1517 751 dilectionis
1542 704 1624 751 est
1658 696 2023 749 testimonium

430 804 552 843 cura
596 787 870 858 pastionis,
924 790 1163 858 quisquis
1215 791 1495 842 virtutibus
1556 790 1760 857 pollens
1808 804 2021 859 gregem

430 877 526 932 Dei
559 881 734 933 renuit
778 894 1016 949 pascere,
1069 883 1335 948 pastorem
1375 892 1642 934 summum
1686 878 2025 933 convincitur

431 985 539 1025 non
571 985 772 1025 amare.
814 971 949 1025 illnc
973 970 1165 1024 Paulus
1182 970 1351 1025 dicit:
1388 971 1448 1023 Si
1475 969 1708 1023 Christus
1738 980 1828 1036 pro
1859 970 2024 1022 omni-

430 1059 525 1113 bus
552 1070 779 1114 mortuus
804 1072 899 1129 est,
943 1078 1066 1133 ergo
1094 1079 1265 1117 omnes
1293 1062 1482 1115 mortui
1507 1062 1644 1116 sunt.
1688 1059 1757 1113 Et
1788 1059 1814 1099 δ
1860 1063 1903 1113 si
1933 1076 2023 1128 pro

430 1153 665 1207 omnibus
691 1160 921 1208 mortuus
946 1164 1041 1218 est,
1074 1162 1304 1226 superest
1337 1162 1389 1207 ttt
1409 1155 1498 1223 qui
1536 1155 1729 1218 vivunt,
1766 1158 1881 1223 jam
1922 1169 2023 1206 non

430 1244 525 1299 sibi
554 1244 742 1309 vivant,
775 1245 866 1299 sed
894 1245 940 1299 ei
963 1245 1052 1313 qui
1072 1261 1165 1314 pro
1208 1246 1335 1316 ipsis
1364 1252 1595 1299 mortuus
1633 1251 1725 1309 est,
1756 1253 1801 1297 et
1840 1258 2024 1297 resur-

430 1337 561 1389 rexit
594 1332 682 1406 (11
712 1336 830 1391 Cor.
876 1351 928 1402 ν,
986 1334 1097 1406 15).
1160 1336 1294 1390 Hinc
1341 1336 1552 1407 Moyses
1603 1336 1672 1389 ait
1718 1336 2019 1406 (Deuteran.

430 1445 565 1497 xxv,
599 1427 677 1498 5),
711 1439 764 1483 ut
789 1444 1007 1483 uxorem
1043 1429 1222 1483 fratris
1251 1431 1366 1485 sine
1394 1428 1516 1485 [iliis
1541 1428 1796 1493 defuncti,
1838 1440 2022 1495 super-

431 1534 542 1579 stes
571 1521 738 1577 l‘rater
763 1523 813 1593 ’1
861 1524 1104 1591 accipiat,
1141 1534 1297 1593 atque
1328 1524 1393 1577 ad
1432 1538 1626 1577 nomen
1659 1522 1837 1576 irati-is
1883 1523 2022 1576 filios

429 1617 649 1688 gignat:
681 1630 839 1686 quam
872 1618 915 1669 si
946 1618 1191 1685 accipere
1224 1618 1356 1671 forte
1385 1616 1642 1681 rcnuerit,
1694 1614 1815 1668 huic
1848 1614 1897 1667 in
1945 1612 2020 1665 fa-

428 1709 565 1762 ciem
595 1710 784 1763 mulier
812 1718 1061 1777 exspuat,
1088 1724 1356 1778 unumque
1385 1708 1433 1763 ei
1465 1707 1653 1777 pedem
1687 1706 2019 1776 propinquus

2129 511 2280 580 perat
2312 518 2469 562 nutus
2495 509 2772 563 arbitrium
2804 517 2862 562 ut
2902 508 3097 563 debeat
3125 509 3151 546 α
3188 524 3419 577 praeesse
3450 510 3719 582 intelligit,

2127 608 2181 654 et
2208 608 2383 653 tamen
2416 613 2649 668 praeesse
2684 598 3001 653 contemnit.
3045 598 3151 653 Sed
3177 599 3373 653 divinis
3412 599 3723 667 dispositio-

2128 691 2283 745 nibus
2326 690 2593 755 subditus,
2627 700 2787 757 atque
2826 703 2856 741 a
2888 690 3017 743 vitio
3066 690 3442 744 obstinationis
3489 690 3720 759 alienus,

2126 796 2246 837 cum
2269 784 2369 837 sibi
2398 783 2673 851 regiminis
2702 783 2913 838 culmen
2968 785 3283 853 imperatur,
3331 783 3375 837 si
3404 783 3515 853 jam
3564 783 3722 838 donis

2127 882 2437 943 praeventus
2460 884 2565 939 est,
2610 874 2804 943 quibus
2828 883 2880 929 et
2911 875 3032 930 aliis
3060 874 3250 945 prosit,
3273 876 3329 930 et
3354 890 3421 930 ex
3440 874 3603 931 corde
3630 875 3723 930 de-

2127 965 2214 1019 bet
2235 967 2436 1036 lugere,
2463 976 2513 1020 et
2538 965 2735 1020 invitus
2763 966 3002 1021 obedire.

2733 1081 2960 1137 CAPUT
3000 1080 3112 1136 Vll.

2128 1166 2281 1241 Quod
2311 1189 2678 1243 nonnunquam
2726 1174 3110 1241 mwdicationis
3150 1172 3366 1241 ofﬁcium
3396 1178 3450 1243 et
3481 1172 3721 1226 nonnulli

2195 1242 2821 1313 laudabiliternppet'unt,
2855 1256 2902 1298 et
2927 1246 2996 1297 ad
3025 1245 3123 1298 hoc
3166 1242 3405 1297 nonnulli
3433 1244 3714 1297 laudabili-

2197 1326 2272 1369 ter
2302 1317 2464 1367 coacti
2490 1316 2882 1385 pertrahuntur.

2192 1408 2449 1476 Quamvis
2507 1422 2887 1476 nonnunquam
2935 1405 3332 1475 pra'dicationis
3381 1405 3617 1460 ofﬁcium
3658 1415 3715 1461 et

2124 1503 2361 1556 nonnulli
2404 1501 2743 1556 laudabiliter
2797 1510 3073 1570 appetunt,
3124 1509 3183 1556 et
3206 1500 3275 1555 ad
3326 1503 3427 1556 hoc
3472 1501 3716 1555 nonnulli

2126 1596 2462 1651 laudabiliter
2491 1596 2659 1650 coacti
2705 1597 3130 1666 pertrahuntur:
3182 1594 3327 1663 quod
3375 1593 3580 1663 liquido
3627 1608 3720 1648 co-

2120 1690 2451 1759 guoscimus,
2470 1690 2513 1742 si
2536 1689 2762 1743 duorum
2781 1688 3214 1757 propltetantium
3240 1687 3377 1741 facta
3401 1698 3711 1754 pensamus,

428 1799 722 1868 discalciet,
747 1800 970 1871 ejusque
1004 1800 1362 1854 habitaculum
1399 1809 1422 1837 °
1470 1796 1688 1853 domum
1714 1798 2012 1852 discalceati

2124 1798 2353 1852 quorum
2405 1797 2543 1835 unus
2599 1790 2656 1835 ut
2700 1782 2766 1836 ad
2813 1781 3207 1851 praedicandum
3259 1780 3397 1834 mitti
3446 1777 3719 1833 debuisset

430 1902 607 1946 vocet.
638 1891 823 1946 Frater
852 1893 1048 1962 quippe
1072 1892 1347 1945 defunctus
1384 1890 1475 1945 ille
1503 1902 1604 1957 est,
1648 1891 1735 1960 qui
1777 1900 1895 1959 post
1924 1904 2011 1944 re-

430 1984 774 2038 sorteetionis
801 1982 1025 2051 gloriam
1055 1992 1337 2052 apparens,
1370 1982 1503 2037 dixit
1532 2000 1543 2035 :
1592 1981 1689 2047 Ite,
1722 1982 1879 2035 dicite
1913 1984 2015 2049 [ra-

430 2073 590 2127 tribus
615 2077 737 2127 nteis
779 2074 993 2144 (Matth.
1042 2086 1225 2140 xxvtn,
1261 2075 1369 2139 10).
1418 2075 1518 2143 Qui
1568 2074 1718 2143 quasi
1748 2075 1863 2129 sine
1895 2074 2012 2127 llliis

427 2165 582 2234 obiit,
614 2170 736 2235 quia
779 2166 951 2221 adhuc
985 2170 1277 2222 electorum
1332 2181 1548 2221 suorum
1595 2180 1874 2221 numerum
1910 2183 2013 2220 non

430 2261 690 2329 implevit.
722 2262 887 2333 liuius
916 2263 1119 2318 scilicet
1154 2276 1370 2318 uxoretn
1401 2270 1673 2333 superstes
1703 2261 1865 2316 frater
1895 2275 2013 2315 sor-

428 2354 517 2409 tiri
572 2355 902 2425 przrcipitur,
952 2356 1071 2426 quia
1120 2357 1338 2427 dignum
1384 2354 1623 2426 proiecto
1654 2365 1756 2422 est,
1808 2354 2014 2408 dteura

426 2457 625 2501 sancta:
674 2447 927 2502 Ecclesia:
958 2450 1006 2503 ci
1034 2453 1123 2519 qui
1171 2450 1306 2503 hanc
1334 2449 1475 2504 bene
1527 2463 1712 2517 regere
1764 2450 2015 2516 praevalet

426 2545 750 2611 imponatur.
799 2540 895 2597 Cui
945 2543 1149 2596 uolenti
1194 2544 1244 2596 in
1299 2541 1493 2596 faciem
1551 2542 1741 2595 mulier
1772 2542 2009 2608 EXSpull,

425 2632 547 2704 quia
570 2632 806 2705 quisquis
838 2652 901 2691 ex
945 2637 1258 2691 muneribus
1286 2650 1406 2707 quae
1436 2636 1731 2705 perceperit
1762 2636 2016 2704 prodesse

424 2726 542 2781 aliis
572 2743 679 2782 non
707 2734 877 2796 curat,
918 2729 1071 2783 bonis
1115 2742 1327 2797 quoiue
1377 2732 1495 2796 ejus
1542 2732 1723 2784 sancta
1762 2720 2012 2783 Ecclesia

425 2819 774 2887 exprobrans,
807 2820 855 2875 ei
877 2820 1025 2890 quasi
1052 2820 1104 2873 in
1134 2817 1324 2875 far-tem
1357 2820 1574 2875 salivam
1600 2822 1785 2890 jactat.
1818 2821 1916 2875 Cu.
1948 2837 2007 2873 ex

425 2922 531 2963 uno
561 2912 695 2980 pede
736 2913 1161 2967 calceameutum
1196 2913 1419 2978 tollitur,
1482 2923 1534 2966 ut
1574 2914 1876 2967 dtsralt-eati
1915 2914 2013 2967 do-

424 3021 545 3061 mus
570 3020 807 3062 vocetur.
844 3006 1111 3075 Scriptum
1148 3010 1343 3079 quippe
1381 3016 1463 3063 est
1487 3024 1500 3061 :
1525 3008 1749 3063 Calceati
1776 3011 1927 3078 pedes
1957 3010 2007 3061 in

424 3102 798 3170 pra'paratione
829 3101 1094 3172 Evangelii
1135 3102 1275 3173 pacis
1305 3101 1517 3172 (Ephes.
1556 3118 1626 3167 vt,
1656 3102 1767 3181 to).
1799 3106 1851 3156 Si
1879 3117 2007 3170 ergo

2119 1885 2310 1944 sponte
2334 1890 2395 1930 se
2426 1876 2671 1942 praebuit,
2705 1884 2727 1911 θ
2751 1887 2859 1945 quo
2883 1885 3058 1928 tamen
3089 1875 3225 1927 alter
3249 1876 3305 1944 8
3334 1887 3555 1943 pergere
3584 1888 3709 1927 eum

2127 1984 2327 2038 pavore
2377 1967 2662 2021 recusavit.
2723 1966 2887 2021 lsaias
2932 1969 3128 2036 quippe
3175 1966 3405 2021 Domino
3457 1964 3719 2035 quaerenti

2120 2078 2279 2132 quem
2322 2063 2583 2126 mitteret,
2628 2062 2770 2115 ultro
2813 2075 2871 2115 se
2917 2060 3124 2124 obtulit,
3176 2059 3407 2114 dicens:
3442 2056 3572 2111 Ecce
3602 2073 3715 2127 ego,

2118 2154 2257 2207 mitte
2282 2169 2361 2206 me
2394 2150 2549 2220 (lsai.
2585 2167 2660 2216 vt,
2710 2153 2787 2219 8).
2818 2150 3082 2206 Jeremias
3128 2162 3310 2204 autem
3364 2148 3611 2211 mittitur,
3661 2156 3717 2202 et

2121 2257 2394 2301 tamenne
2425 2244 2561 2298 mitti
2603 2243 2795 2299 debeat
2825 2242 3097 2296 humiliter
3137 2241 3447 2304 reluctatur,
3484 2239 3711 2293 dicens:

2119 2340 2183 2405 Α,
2212 2356 2263 2403 a,
2294 2356 2346 2403 α,
2383 2338 2596 2391 Domine
2629 2336 2783 2399 Deus,
2808 2352 2922 2389 ecce
2944 2336 3111 2389 nescio
3140 2335 3300 2403 loqui,
3326 2334 3449 2404 quia
3473 2350 3595 2405 puer
3623 2347 3714 2402 ego

2118 2448 2229 2487 sum
2262 2431 2480 2501 (Jerem.
2515 2445 2559 2492 ι,
2602 2428 2677 2499 6).
2712 2428 2791 2481 En
2834 2428 2903 2482 ab
2950 2426 3189 2494 utrisque
3234 2426 3465 2481 exterius
3504 2424 3713 2480 diversa

2118 2540 2216 2579 vox
2257 2523 2478 2594 prodiit,
2512 2522 2608 2578 sed
2635 2536 2743 2576 non
2768 2537 2795 2573 a
2829 2521 3044 2577 diverso
3076 2520 3217 2574 lonte
3246 2518 3549 2574 dilectionis
3567 2534 3710 2575 ema-

2117 2618 2283 2671 navit.
2318 2617 2429 2671 υιιο
2454 2617 2652 2687 quippe
2674 2624 2801 2670 sunt
2828 2624 3088 2684 praecepta
3120 2614 3417 2678 ebaritatis,
3450 2614 3542 2670 Dei
3563 2613 3713 2671 vide-

2117 2708 2240 2763 licet
2270 2724 2422 2763 amor
2459 2717 2514 2763 et
2538 2709 2787 2777 proximi.
2819 2708 2923 2762 Per
2952 2711 3178 2763 activam
3210 2707 3369 2777 igitur
3397 2708 3559 2763 vitam
3584 2721 3710 2777 pro-

2116 2800 2270 2854 d-Sse
2298 2802 2552 2868 proximis
2588 2801 2813 2867 copiens
2854 2800 3276 2854 lsaiasollicium
3319 2800 3712 2869 praedicationis

2115 2894 2352 2961 appetit;
2398 2906 2492 2960 per
2538 2891 3008 2959 contentplativam
3056 2906 3184 2946 vero
3230 2891 3489 2946 Jeremias
3541 2893 3709 2948 amori

2114 2986 2411 3039 conditoris
2461 2986 2649 3039 sedqu
2696 2986 2966 3040 inhaerere
3003 2985 3339 3046 desiderans,
3374 3001 3439 3039 ne
3477 2986 3614 3039 mitti
3642 2984 3708 3039 ad

2113 3076 2513 3147 praedicandum
2543 3076 2736 3131 debeat
2762 3076 3098 3131 contradicit.
3126 3077 3279 3143 Quod
3303 3091 3431 3145 ergo
3463 3076 3707 3132 laudabi-

425 3203 481 3244 ut
511 3203 770 3256 nostram,
804 3195 882 3247 sic
906 3209 1089 3248 curam
1136 3195 1365 3263 proximi
1413 3195 1668 3263 gerimus,
1702 3178 2006 3263 utrumque

2121 3168 2235 3224 liter
2256 3168 2392 3224 alter
2419 3170 2662 3239 appetiit,
2698 3170 2797 3223 hoc
2823 3168 3163 3223 laudabiliter
3183 3168 3314 3223 alter
3336 3169 3583 3238 expavit:
3612 3172 3710 3224 istc

428 3284 617 3353 pedem
652 3300 743 3353 per
772 3286 1193 3341 eali-eamentum
1234 3289 1523 3342 munimus.
1570 3286 1668 3353 Qui
1704 3304 1827 3341 vero
1854 3302 2006 3341 suam

422 3377 661 3443 cogitans
725 3376 1043 3445 utilitatem,
1107 3378 1472 3446 prcsimorum
1536 3378 1787 3449 negligit,
1857 3380 2006 3448 quasi

424 3472 579 3521 unius
634 3466 781 3536 pedis
840 3470 1261 3525 calceamentum
1310 3487 1430 3526 cum
1471 3471 1737 3527 dedecore
1789 3472 2004 3526 amittit.

423 3560 559 3613 Snnt
591 3560 768 3628 itaque
792 3563 1029 3615 nonnulli
1056 3564 1143 3630 qui
1187 3565 1415 3631 magnis,
1451 3576 1504 3617 ιιι
1533 3564 1783 3625 diximus,
1822 3580 2001 3618 mune-

424 3652 569 3705 ribus
592 3650 765 3716 ditati,
798 3650 921 3707 dttm
961 3656 1129 3707 solius
1150 3655 1613 3724 contemplationis
1644 3657 1833 3711 studiis
1867 3657 2010 3708 inar-

424 3747 668 3806 descunt,
697 3760 883 3814 patere
914 3739 1124 3799 utilitati
1158 3750 1518 3815 proximorum
1550 3750 1599 3801 iu
1635 3765 1723 3817 pra
1744 3748 2008 3801 dicatum-2

423 3835 711 3907 refugiunt,
760 3844 1021 3891 secretum
1054 3832 1249 3905 quietis
1282 3837 1526 3908 diligunt,
1578 3854 1850 3894 secessum
1884 3855 2006 3908 spe-

423 3929 706 3982 culationis‘
735 3939 1011 3998 appetunt.
1047 3926 1117 3983 De
1150 3946 1255 3997 quo
1295 3932 1337 3986 si
1386 3932 1629 3987 districte
1678 3934 2004 4001 judicentur,

422 4037 488 4075 ex
522 4018 680 4076 tantis
711 4023 1058 4090 proculdubio
1090 4025 1162 4077 rei
1196 4034 1340 4090 sunt,
1385 4026 1594 4094 quantis
1625 4032 1898 4081 venientes
1942 4028 2006 4082 ad

424 4112 694 4183 publicum
726 4114 981 4185 prodesse
1030 4126 1341 4185 potuerunt.
1396 4116 1510 4184 Qua
1560 4118 1699 4171 enim
1736 4129 1913 4173 mente
1966 4120 2008 4173 is

424 4205 513 4273 qui
546 4198 804 4272 proximis
833 4202 1143 4275 profuturds
1167 4208 1505 4270 enitesceret,
1550 4206 1765 4259 utilitati
1793 4208 2010 4261 etatem-

422 4312 541 4352 rum
584 4307 850 4352 secretum
883 4300 1141 4369 pra-ponit
1172 4308 1348 4364 suum,
1395 4301 1607 4369 quando
1658 4303 1769 4366 ipse
1814 4303 2006 4355 summi

422 4388 598 4443 Patris
621 4389 946 4458 unigenitns,
974 4399 1029 4443 ut
1054 4391 1237 4444 multis
1264 4390 1561 4459 prodesset.
1591 4391 1657 4443 de
1688 4392 1807 4443 sinu
1839 4390 2008 4445 l’atris

424 4496 672 4552 egressus
697 4480 781 4537 est
808 4482 874 4536 ad
908 4482 1176 4551 publicum
1209 4481 1490 4536 nostrum?

1041 4594 1268 4649 CAPUT
1307 4594 1391 4650 νι.

427 4687 576 4751 Quod
606 4688 659 4740 Ιιὶ
705 4688 791 4757 qui
838 4692 1041 4757 pondus
1090 4689 1351 4758 rcgiminis
1394 4704 1483 4759 per
1532 4689 1870 4743 humilitatem
1922 4692 2005 4758 [u-

491 4759 657 4830 ginnt,
690 4772 810 4812 tunc
852 4776 962 4812 rere
988 4767 1109 4813 sunt
1140 4759 1378 4821 humiles,
1428 4772 1543 4811 cum
1587 4761 1773 4815 divinis
1796 4764 2008 4830 judiciis

492 4844 593 4883 non
633 4830 970 4887 reluctantur.

499 4926 561 4976 Et
606 4930 730 4977 sunt
759 4926 1001 4978 nonnulli
1029 4928 1116 4993 qui
1146 4940 1210 4979 ex
1243 4925 1354 4979 sola
1390 4926 1687 4982 humilitate
1718 4925 2005 4998 refugiunt,

422 5028 489 5070 ue
512 5016 590 5070 eis
617 5016 810 5084 quibus
836 5031 895 5070 se
919 5019 1150 5086 impares
1176 5020 1443 5073 aestimant
1470 5020 1839 5088 praeferantur.
1870 5027 2009 5086 Quo-

423 5123 541 5163 rum
568 5112 808 5176 proiecto
838 5109 1134 5174 humilitas,
1170 5112 1213 5165 si
1253 5114 1463 5167 caeteris
1484 5128 1696 5181 quoque
1722 5114 2008 5168 virtutibus

422 5201 672 5269 cingitur,
710 5210 833 5256 tunc
886 5213 1010 5258 ante
1060 5202 1159 5258 Dei
1199 5204 1387 5259 oeulos
1433 5216 1563 5259 vera‘
1601 5214 1705 5270 est,
1766 5221 1887 5258 cum
1942 5210 2006 5260 ad

422 5295 784 5364 respuendum
818 5294 918 5351 hoc
940 5296 1077 5365 quod
1098 5291 1308 5352 'utiliter
1338 5296 1516 5352 subire
1556 5297 1859 5367 prteripitur
1891 5314 2009 5366 per-

492 5469 519 5498 ι
566 5460 620 5514 In
656 5459 789 5525 pler.
828 5457 1036 5525 Norm.,
1069 5455 1241 5522 Patre,
1283 5474 1428 5510 amas
1473 5476 1569 5519 me,
1601 5458 1741 5527 quod
1771 5458 1896 5512 olim
1929 5457 2006 5511 le-

422 5540 564 5586 ctum
602 5534 651 5583 in
684 5530 959 5585 Trecettsi.

497 5602 522 5641 ι)
564 5605 727 5655 Abest
753 5601 1009 5669 particula
1031 5600 1076 5654 si
1096 5614 1125 5651 a
1156 5598 1318 5653 Corb.
1347 5598 1532 5657 tribus.
1560 5598 1768 5653 Gemet.
1795 5602 1851 5669 2,
1873 5601 2009 5654 Aud.

418 5673 637 5795 ω
690 5743 865 5812 legere
898 5750 1094 5808 cogunt
1126 5742 1250 5792 Mss.
1301 5754 1508 5812 omnes,
1568 5740 1690 5794 licet
1739 5742 1790 5795 in
1848 5743 2015 5797 Editis

421 5814 623 5877 optimo
652 5811 809 5868 sensu
840 5814 1064 5883 legatur,
1094 5812 1273 5863 domus
1302 5811 1598 5866 discalceati
1642 5821 1865 5867 vocetur.

2111 3276 2181 3316 ne
2207 3262 2382 3316 tacita:
2427 3261 2894 3331 contemplationis
2947 3261 3089 3317 lucra
3139 3261 3407 3331 loquendo
3438 3261 3706 3331 perderet,

2113 3355 2200 3409 ille
2231 3369 2296 3408 ne
2322 3356 2514 3409 damna
2543 3355 2767 3410 studiosi
2800 3356 2979 3424 operis
3029 3356 3253 3411 tacendo
3299 3355 3545 3411 sentiret.
3599 3356 3705 3412 Sed

2112 3448 2214 3501 hoc
2260 3448 2312 3501 in
2353 3448 2593 3517 utrisque
2650 3460 2732 3503 est
2787 3448 3056 3504 subtiliter
3104 3448 3441 3512 intuendum,
3493 3449 3615 3517 quia
3656 3457 3709 3503 et

2113 3544 2157 3596 is
2186 3541 2275 3609 qui
2308 3540 2594 3606 recusavit,
2621 3541 2778 3612 pleno
2802 3557 2903 3595 non
2939 3540 3163 3606 reStitit;
3196 3551 3250 3596 et
3273 3542 3317 3595 is
3338 3544 3429 3611 qui
3454 3540 3592 3597 mitti
3618 3555 3710 3597 vo-

2112 3633 2231 3697 llit,
2268 3641 2393 3687 ante
2421 3649 2514 3703 per
2537 3632 2725 3689 altaris
2754 3632 3019 3703 calculum
3048 3648 3108 3687 se
3139 3642 3422 3704 purgatum
3446 3633 3607 3698 vidit;
3642 3647 3708 3688 ne

2111 3736 2205 3780 aut
2248 3741 2351 3778 non
2398 3734 2650 3794 purgatus
2690 3724 2840 3780 adire
2870 3725 3099 3794 quisque
3137 3739 3293 3779 sacra
3347 3723 3365 3761 ί
3416 3726 3709 3779 ministeria

2111 3817 2327 3884 audeat,
2358 3827 2447 3871 aut
2473 3834 2632 3887 quem
2659 3832 2890 3886 superna
2921 3818 3089 3886 gratia
3138 3816 3320 3885 elegit,
3363 3816 3465 3872 sub
3493 3816 3708 3872 humili-

2114 3915 2237 3969 tatis
2266 3914 2444 3984 specie
2476 3915 2705 3984 superbe
2757 3914 3110 3969 contradicat.
3161 3912 3294 3980 Quia
3346 3914 3504 3982 igitur
3553 3913 3707 3967 valde

2110 4004 2235 4060 diftiu
2260 4007 2330 4061 ile
2361 4017 2444 4062 est
2474 4015 2756 4077 purgatum
2779 4020 2838 4061 se
2858 4005 3153 4074 quemlibet
3182 4016 3339 4074 posse
3357 4018 3706 4075 cognoscere,

2115 4101 2508 4169 pimdicationis
2537 4100 2777 4155 officium
2823 4098 2989 4153 tutius
3019 4098 3350 4165 declinatur;
3382 4113 3482 4153 nec
3528 4106 3704 4151 tamen

2111 4194 2387 4257 declinari,
2418 4203 2473 4247 ut
2499 4195 2753 4261 diximus,
2777 4193 3121 4263 pertinaciter
3147 4192 3329 4260 debet,
3374 4208 3494 4247 cum
3527 4191 3591 4245 ad
3618 4206 3706 4245 su-

2110 4288 2442 4355 scipiendum
2472 4288 2570 4342 hoc
2602 4303 2832 4356 superna
2878 4288 3128 4342 voluntas
3174 4287 3503 4357 agnoscitur.
3555 4282 3707 4352 Quod

2114 4377 2323 4449 Moyses
2356 4388 2641 4449 utrumque
2673 4380 2809 4435 miro
2840 4392 3006 4447 Opere
3033 4380 3291 4449 explevit,
3338 4379 3426 4447 qui
3473 4391 3705 4447 praeesse

2114 4477 2275 4524 tanta:
2295 4471 2621 4525 multitudini
2645 4483 2700 4527 et
2723 4472 2891 4526 noluit
2911 4478 2964 4526 et
2988 4470 3241 4526 Oliedivit.
3269 4469 3543 4537 Superbus
3564 4471 3705 4523 enim

2039 4560 2094 4619 D
2119 4561 2346 4616 fortasse
2383 4573 2551 4630 esset,
2580 4563 2624 4616 si
2654 4564 2904 4617 ducatum
2935 4562 3105 4631 plebis
3139 4563 3430 4615 innumera:
3459 4560 3575 4614 siue
3603 4567 3707 4613 tre-

2122 4653 2390 4721 pidatione
2414 4655 2746 4723 susciperet;
2780 4664 2834 4708 et
2877 4668 3085 4708 rursum
3122 4652 3387 4720 superbus
3426 4650 3705 4713 existeret,

2120 4744 2165 4797 si
2191 4746 2423 4801 auctoris
2455 4746 2679 4813 imperio
2704 4746 2925 4803 obedire
2943 4754 3232 4799 recusaret.
3264 4743 3556 4810 Utrobique
3580 4757 3707 4813 ergo

2123 4839 2359 4901 humilis,
2384 4840 2665 4908 utrobique
2695 4837 2989 4907 subjectus,
3033 4850 3085 4892 et
3116 4852 3346 4905 praeesse
3390 4835 3598 4904 populis
3625 4851 3707 4889 sc-

2123 4932 2404 5000 metipsuiu
2456 4930 2728 4985 metiendo
2768 4928 2964 4995 noluit,
3010 4938 3068 4985 et
3097 4940 3273 4993 tamen
3302 4928 3368 4984 de
3398 4928 3708 4997 imperantis

2120 5023 2318 5077 viribus
2350 5023 2722 5091 praesumendo
2762 5023 3054 5075 consensit.
3100 5021 3233 5074 Hinc
3261 5034 3409 5088 ergo,
3443 5020 3563 5072 hinc
3592 5017 3708 5087 qui-

2118 5130 2220 5181 que
2252 5114 2551 5182 prrecipites
2580 5112 2835 5180 colligant
2866 5128 2986 5165 cum
3019 5122 3217 5182 quanta
3248 5108 3401 5177 culpa
3444 5126 3507 5162 rx
3540 5124 3707 5176 appe-

2118 5208 2216 5259 tittt
2248 5206 2463 5275 proprio
2490 5204 2704 5261 caeteris
2746 5204 2991 5274 [traferri
3034 5219 3137 5259 non
3170 5211 3434 5266 metuunt,
3466 5202 3510 5255 si
3541 5202 3708 5255 sancti

2120 5299 2215 5352 viri
2249 5299 2477 5369 plebium
2510 5301 2760 5354 ducatum
2791 5300 3067 5369 suscipere
3117 5297 3228 5351 Deo
3282 5299 3445 5351 etiam
3496 5296 3709 5364 iubente

2191 5458 2215 5495 ά
2259 5459 2505 5529 Loogip.,
2539 5461 2801 5526 prodesse,
2833 5468 2881 5512 et
2910 5470 3079 5512 tamen
3109 5459 3365 5529 prodesse.
3406 5453 3501 5510 Hic
3532 5454 3708 5529 Codex

2119 5530 2271 5585 aliter
2303 5527 2475 5601 capita
2504 5529 2712 5594 dividit,
2761 5547 2919 5599 quam
2955 5527 3180 5595 caeteri;
3215 5533 3282 5583 ita
3316 5538 3373 5582 ut
3414 5542 3531 5596 cap.
3582 5527 3610 5578 7
3643 5529 3708 5581 sit

2118 5610 2372 5659 attextutn
2400 5606 2604 5672 quinto.

2196 5685 2218 5711 ‘-‘
2260 5676 2579 5743 Rotholnag.
2623 5681 2677 5726 et
2704 5676 2905 5741 primus
2930 5672 3096 5739 And.,
3127 5688 3345 5743 quorum
3374 5682 3562 5743 tamen.

2198 5745 2215 5782 ί
2262 5746 2494 5809 Getnct.,
2531 5742 2669 5799 Aud.
2699 5744 2999 5811 secundus,
3032 5742 3159 5818 Lyr.
3196 5744 3408 5809 tertius,
3457 5742 3707 5811 Carnot.,

2120 5815 2369 5889 Longip.,
2406 5820 2667 5888 mysteria.
