4036 6346
371 338 432 397 ιι
1202 340 1501 397 necum;
1544 330 1967 396 t'ASTORALIS
2008 332 2232 397 mean.
2274 370 2342 381 -
2383 334 2560 395 PARS
2604 340 2828 395 PRIMA.
3583 339 3661 400 ss

374 460 681 517 tin'merunt.
735 444 943 530 Moyses
977 466 1003 495 ⁸
1054 444 1309 512 suadente
1358 444 1583 511 Domino
1626 456 1873 525 trepidat,
1907 465 1961 509 et
1989 458 2037 517 Α
2067 466 2281 526 petant,
2314 471 2627 526 operaturos
2674 464 2849 513 tamen
2903 473 2958 512 se
3008 475 3193 529 magna
3228 469 3249 495 ε
3284 470 3649 528 pertractant;

376 552 612 608 inﬁrmus
643 551 870 622 quisque
914 552 971 605 ut
1011 550 1228 605 honoris
1258 567 1392 604 onus
1424 549 1681 620 percipiat
1709 550 1957 615 anhelat;

372 650 422 699 et
444 643 531 712 qui
563 642 628 696 ad
662 658 846 697 casum
876 632 1027 697 valde
1060 650 1274 712 urgetur
1298 658 1359 697 ex
1394 642 1640 711 propriis,
1672 638 1958 695 humerum

372 734 599 790 libenter
628 732 1011 806 opprimendus
1042 732 1370 802 ponderibus
1417 732 1682 787 Submittit
1728 722 1917 789 alienis
1946 750 1959 799 ;

373 842 490 897 quae
512 826 619 896 egit
647 828 786 881 terre
816 842 920 880 non
954 822 1114 890 valet,
1144 832 1197 880 et
1227 828 1384 896 auget‘
1411 825 1552 895 quod
1584 824 1775 894 portet.

960 940 1187 996 CAPUT
1226 940 1341 994 Vill

372 1030 451 1087 De
471 1032 559 1112 ftis
582 1049 669 1112 qui
698 1048 912 1102 priscae
939 1033 1321 1112 concupiscunt,
1347 1039 1393 1085 et
1425 1032 1491 1083 ad
1524 1047 1674 1111 usum
1711 1046 1821 1112 fate
1847 1030 1963 1083 libi—

447 1104 583 1156 dinis
606 1105 994 1156 instrumentum
1033 1103 1310 1171 Apostolici
1345 1102 1590 1155 sermonis
1616 1102 1891 1168 arripiunt.

446 1183 771 1263 Plerumque
819 1210 946 1248 vero
1008 1196 1097 1263 qui
1148 1208 1380 1263 praeesse
1444 1194 1846 1262 concupiscunt,
1900 1192 1964 1247 ad

374 1304 531 1343 usum
555 1304 665 1342 sua:
688 1284 920 1342 libidinis
950 1289 1360 1341 instrumentum
1388 1278 1681 1355 Aposwlici
1702 1286 1965 1340 sermottis

374 1380 660 1449 arripiunt,
689 1394 794 1446 quo
815 1374 888 1432 ait
914 1396 926 1432 :
962 1377 1022 1433 Si
1046 1374 1159 1447 quis
1190 1378 1537 1447 episcopatum
1566 1377 1845 1441 desiderat,
1880 1379 1967 1430 bo-

378 1488 496 1524 num
539 1488 667 1535 opus
689 1472 938 1524 desiderat
964 1460 1016 1537 (1
1051 1458 1181 1523 Tim.
1214 1486 1269 1524 ιιι
1291 1510 1307 1536 ,
1339 1470 1385 1540 i)
1406 1488 1417 1533 ;
1442 1472 1529 1538 qui
1555 1477 1726 1524 tamen
1752 1464 1970 1523 laudans

377 1563 721 1628 desiderium,
749 1560 775 1601 δ
809 1563 861 1617 in
909 1580 1155 1630 pavorem
1187 1562 1346 1618 vertit
1392 1566 1634 1633 protinus
1664 1560 1803 1631 quod
1848 1552 1965 1615 lau-

378 1654 540 1719 davit,
573 1670 690 1709 cum
722 1666 938 1723 repente
966 1658 1239 1725 subiungit
1266 1677 1277 1711 :
1319 1656 1532 1725 Oportet
1563 1656 1729 1709 autem
1765 1657 1963 1722 episco-

380 1766 501 1821 pum
532 1751 1025 1817 irreprehensibilem
1055 1768 1164 1805 esse
1193 1750 1384 1819 (Ibid.,
1413 1751 1491 1820 2).
1536 1750 1775 1819 Cumque
1804 1750 1971 1803 virtu-

2066 550 2228 616 [itque
2268 554 2325 602 tit
2367 534 2505 602 aliud
2541 546 2559 585 ί
2591 549 2643 602 in
2692 549 2812 602 imis
2856 548 3083 604 intentio
3132 550 3458 619 supprimat,
3508 552 3653 606 aliud

2066 640 2339 695 tractantis
2390 643 2571 695 animo
2625 640 2937 711 superﬁcies
2987 641 3325 711 cogitationis
3374 647 3645 699 ostendat.

2068 724 2197 783 Nam
2228 746 2368 798 saepe
2396 730 2494 785 sibi
2522 731 2589 786 de
2613 744 2672 786 se
2702 747 2853 786 mens
2881 731 2993 801 ipsa
3026 732 3299 799 mentitur,
3331 732 3386 787 et
3417 732 3568 804 tingit
3598 750 3655 786 se

2066 820 2137 876 de
2170 822 2312 876 bono
2337 838 2500 889 Opere
2530 839 2715 880 amare
2739 825 2878 893 quod
2908 841 3013 879 non
3043 833 3215 892 amat,
3247 826 3315 881 de
3351 827 3533 881 mundi
3562 840 3655 880 au-

2067 924 2175 970 tem
2222 916 2393 985 gloria
2446 922 2550 971 neu
2597 933 2781 972 amare
2828 918 2968 988 quod
3010 929 3339 989 amat:qua2
3373 918 3657 987 principari

2067 1012 2350 1076 appetens,
2384 1010 2442 1062 tit
2464 1009 2530 1062 ad
2560 1006 2659 1063 hoc
2687 1010 2881 1078 pavida
2914 1022 3037 1063 cunt
3067 1010 3286 1077 quaerit,
3315 1009 3493 1063 audax
3532 1025 3656 1079 cum

2070 1102 2393 1167 pervenerit.
2427 1109 2452 1147 ε
2489 1101 2738 1155 Tendens
2771 1096 2913 1155 enim
2934 1142 2950 1167 ,
2980 1116 3046 1156 ne
3092 1118 3197 1154 non
3251 1100 3523 1169 perveniat
3553 1108 3656 1157 tre-

2068 1192 2239 1260 pidal;
2266 1193 2358 1247 sed
2391 1203 2609 1261 repente
2641 1194 2977 1263 perveniens,
2999 1195 3117 1261 jure
3147 1191 3247 1247 sibi
3279 1192 3380 1247 hoc
3408 1191 3652 1249 debitum

2069 1282 2134 1336 ad
2172 1284 2317 1351 quod
2350 1268 2660 1353 pervenerit
2708 1294 2874 1356 putat.
2907 1285 3147 1354 Cumque
3178 1284 3413 1355 percepti
3461 1271 3656 1354 princi-

2072 1384 2223 1441 patus
2272 1376 2451 1429 ollicio
2505 1374 2705 1443 perfrui
2760 1377 3092 1432 saeculariter
3123 1377 3381 1444 emperit,
3432 1374 3662 1433 libenter

2071 1462 2402 1517 obliviscitur
2450 1466 2708 1535 quidquid
2762 1470 3008 1537 religiose
3052 1468 3325 1530 cogitavit.
3362 1454 3515 1524 Unde
3563 1476 3657 1524 ite-

2070 1574 2222 1613 cesse
2251 1570 2332 1613 cst
2362 1573 2415 1613 ut
2446 1576 2567 1614 cum
2599 1562 2849 1630 cogitatio
2888 1577 3041 1617 extra
3084 1578 3240 1616 nsum
3273 1562 3507 1629 ducitur,
3540 1579 3664 1632 pro-

2074 1648 2217 1705 tinus
2248 1656 2442 1706 mentis
2481 1653 2667 1707 oculus
2711 1654 2774 1707 ad
2823 1669 2985 1722 opera
3028 1664 3293 1709 transacta
3345 1662 3661 1717 revocetur;

2073 1757 2136 1797 ac
2183 1753 2369 1812 penset
2399 1746 2621 1814 quisque
2652 1743 2778 1814 quid
2815 1745 3084 1814 subjectus
3120 1744 3319 1817 egerit,
3354 1758 3406 1801 et
3438 1756 3664 1815 repente

384 1853 493 1897 tum
526 1845 825 1897 necessaria
848 1846 1236 1914 subsequenter
1257 1857 1558 1909 enumerat,
1591 1860 1710 1913 qua:
1742 1845 1810 1897 sit
1839 1844 1964 1897 irre-
1995 1825 2043 1886 Β
2071 1836 2345 1904 εοεζηοδυίί
2386 1836 2430 1889 Si
2482 1838 2725 1902 ντωιαιιιε
2770 1838 2904 1891 ιιοιιθ
2953 1853 3111 1907 agere
3155 1855 3273 1908 (ιυεη
3328 1837 3665 1908 ντοροειιετίι

377 1934 809 2004 prehensibilitas
841 1940 951 2005 ipsa
985 1937 1309 1993 manifestat.
1348 1939 1409 1991 Et
1442 1940 1583 1992 favet
1610 1954 1735 2006 ergo
1774 1954 1836 1991 ex
1870 1937 1967 1991 de-

376 2027 599 2092 siderio,
628 2039 681 2083 et
711 2039 873 2084 terret
903 2046 965 2084 ex
1000 2040 1293 2099 priet-epla,
1336 2046 1397 2084 ac
1449 2035 1492 2085 si
1543 2042 1727 2100 aperte
1773 2031 1918 2083 dicat
1951 2046 1963 2081 :

376 2117 563 2173 Laudo
602 2121 742 2187 quod
774 2102 1033 2188 quaeritis,
1065 2121 1156 2174 sed
1201 2121 1345 2188 prius
1384 2118 1573 2173 dbCil‘,
1604 2118 1727 2187 quid
1762 2134 1971 2185 qumra-

383 2210 481 2272 tis;
519 2225 585 2262 ne
616 2204 741 2261 dum
766 2211 1120 2278 vosmetipsos
1165 2210 1346 2264 metiri
1379 2210 1666 2279 negligitis,
1694 2220 1838 2261 tanto
1871 2208 1969 2261 fte-

382 2298 505 2353 dior
538 2308 713 2353 vestra
762 2292 1259 2369 rcprebensibilitas
1287 2312 1561 2371 appareat,
1612 2312 1811 2369 quanto
1850 2313 1903 2354 et
1941 2314 1969 2351 a

382 2393 590 2445 cunctis
620 2395 857 2460 conspici
901 2393 955 2446 in
988 2390 1205 2447 honoris
1242 2408 1365 2447 arce
1397 2392 1627 2448 festinat.
1758 2394 1972 2461 Magnus

380 2486 521 2540 enim
548 2486 763 2554 regendi
784 2484 970 2539 artifex
999 2486 1268 2539 favoribus
1296 2487 1541 2553 impellit,
1570 2486 1863 2539 terroribus
1892 2504 1973 2539 re-

389 2577 571 2639 trahit,
603 2588 655 2629 ιιι
700 2575 969 2630 auditores
995 2593 1122 2632 suos
1150 2587 1205 2632 et
1245 2588 1267 2616 ε
1294 2576 1562 2646 descripto
1590 2578 1975 2645 irreprchensi-

384 2665 606 2721 bilitatis
636 2668 870 2721 culmine
921 2667 1261 2739 restringata
1318 2672 1587 2739 superbia,
1635 2682 1688 2724 et
1737 2670 1973 2725 cilicium

381 2755 645 2811 laudan-lo
672 2759 809 2828 quod
840 2762 1116 2828 quaeritur,
1140 2772 1424 2827 componat
1452 2763 1514 2814 ad
1548 2764 1732 2818 vitam.
1773 2766 1975 2830 Quam-

383 2852 465 2903 vis
496 2854 785 2905 notandum
815 2854 956 2922 quod
1000 2853 1092 2907 illo
1122 2848 1173 2907 in
1202 2866 1439 2921 tempore
1482 2857 1581 2909 hoc
1622 2856 1839 2920 dicitur,
1870 2872 1975 2925 quo

386 2948 625 3013 quisquis
680 2947 922 3013 plebibus
952 2956 1203 3015 praeerat,
1248 2950 1451 3016 primus
1495 2946 1561 3001 ad
1596 2948 1835 3019 martyrii
1869 2962 1976 3002 tor-

386 3050 565 3092 menta
592 3038 906 3093 ducebatur.
937 3038 1086 3093 Tunc
1112 3056 1241 3110 ergo
1284 3042 1546 3094 laudabile
1576 3043 1668 3094 fuit
1692 3042 1974 3111 episcopa-

383 3142 491 3185 tum
514 3148 774 3202 quaerere,
810 3128 1023 3201 quando
1050 3150 1143 3205 per
1169 3136 1310 3189 hunc
1332 3152 1596 3207 quemque
1618 3134 1838 3191 dubium
1870 3154 1974 3191 non

2083 1928 2287 1997 possit,
2316 1928 2438 1996 quia
2472 1944 2803 1997 nequaquam
2852 1931 2992 1985 valet
3023 1932 3073 1985 in
3123 1933 3353 1986 culmine
3398 1922 3666 1987 humilita-

2075 2031 2179 2075 tem
2214 2022 2445 2086 discere,
2471 2024 2558 2092 qui
2586 2025 2636 2077 in
2669 2024 2786 2078 imis
2821 2024 3023 2093 positus
3049 2044 3152 2081 non
3181 2016 3339 2082 desiit
3365 2029 3662 2097 superbire.

2075 2112 2256 2167 Nescit
2286 2115 2490 2169 laudem
2524 2130 2643 2169 cum
2690 2117 2925 2185 suppetit
2973 2116 3177 2189 fugere,
3208 2120 3295 2187 qui
3326 2118 3390 2173 ad
3423 2120 3558 2195 hanc
3587 2108 3667 2174 di-

2076 2206 2208 2261 dicit
2238 2222 2356 2260 cum
2380 2207 2597 2263 deesset
2622 2210 2896 2265 anhelare.
2926 2208 3267 2281 Nequaquam
3300 2213 3517 2269 vincere
3538 2229 3665 2267 ava-

2079 2297 2256 2352 ritiam
2291 2308 2498 2367 potest,
2533 2301 2745 2369 quando
2788 2302 2853 2354 ad
2884 2302 3170 2358 multorum
3220 2307 3664 2360 sustentatiOnem

2080 2389 2320 2442 tenditur
2349 2390 2391 2443 is
2424 2390 2507 2441 cui
2542 2389 2790 2445 sufficere
2822 2392 3030 2462 propria
3077 2410 3173 2448 nec
3222 2396 3322 2449 soli
3352 2405 3661 2466 potuerunt.

2082 2480 2159 2534 Ex
2184 2491 2425 2535 anteacta
2456 2498 2582 2551 ergo
2616 2482 2723 2535 vita
2756 2499 2812 2537 se
2842 2484 3066 2553 quisque
3093 2485 3361 2553 inveniat,
3393 2504 3460 2542 ne
3492 2490 3542 2542 in
3573 2504 3666 2558 ap-

2078 2573 2247 2640 petitu
2280 2588 2337 2625 se
2365 2562 2611 2627 culminis
2657 2573 2831 2641 imago
2862 2576 3199 2643 cogitationis
3231 2564 3433 2631 iiludat.
3463 2578 3664 2646 Quam-

2082 2670 2163 2721 vis
2199 2667 2513 2735 plerumque
2540 2665 2592 2720 in
2627 2669 2980 2736 occupatione
3026 2658 3301 2739 regiminis
3327 2664 3356 2706 ι
3387 2670 3501 2740 ipse
3532 2686 3663 2738 quo-

2078 2774 2182 2829 que
2226 2759 2345 2812 boni
2378 2758 2558 2826 operis
2594 2774 2721 2811 usus
2775 2756 3035 2827 perditur,
3069 2756 3156 2830 qui
3194 2761 3243 2814 in
3289 2752 3667 2829 tranquillitate

2081 2850 2383 2917 tenebatur,
2409 2850 2531 2919 quia
2556 2852 2737 2918 quieto
2761 2852 2893 2904 mari
2918 2862 3065 2907 recte
3088 2853 3190 2923 ιο
3212 2868 3404 2907 navem
3430 2862 3484 2907 et
3508 2844 3668 2924 impc-

2081 2942 2212 2995 ritus
2242 2942 2452 3011 dirigit;
2492 2942 2507 2979 ι
2546 2943 2760 2998 turbato
2804 2954 2979 2997 autem
3029 2945 3362 3013 tempestatis
3395 2938 3663 3012 iiut-tibus,

2081 3034 2238 3087 etiam
2272 3034 2478 3104 peritus
2520 3050 2576 3090 se
2608 3040 2765 3090 nauta
2809 3035 3113 3092 confundit.
3148 3034 3290 3103 Quid
3324 3052 3550 3109 namque
3590 3048 3671 3095 est

2087 3136 2321 3195 potestas
2364 3130 2633 3197 culminis,
2690 3129 2791 3185 nisi
2842 3138 3131 3200 tempestas
3178 3132 3407 3187 mentis?
3452 3131 3508 3186 in
3566 3148 3667 3201 qua

384 3239 498 3282 erat
528 3228 592 3279 ad
643 3227 901 3297 Supplicia
943 3231 1186 3298 graviora
1243 3231 1549 3299 pervenire.
1601 3231 1751 3287 Unde
1801 3232 1971 3299 ipsum

2083 3236 2294 3289 semper
2322 3222 2699 3291 cogitationum
2732 3224 2989 3292 procellis
3023 3225 3171 3277 navis
3196 3224 3377 3279 cordis
3409 3225 3667 3292 quatitur,

387 3333 596 3387 quoque
629 3322 969 3387 epis-cepatus
999 3319 1234 3374 cilicium
1268 3321 1391 3376 boni
1420 3323 1596 3392 opetis
1626 3324 1974 3394 expressione

386 3410 661 3473 delinitur,
691 3425 808 3462 cum
837 3410 1030 3464 dicitur
1055 3430 1067 3463 :
1098 3411 1156 3465 Si
1175 3415 1289 3482 quis
1311 3414 1665 3481 episcopatum
1694 3417 1968 3483 desiderat,

386 3496 566 3549 bonum
597 3516 724 3569 opus
755 3499 1009 3553 desiderat
1034 3500 1083 3571 (Ι
1118 3499 1255 3557 Tim.
1304 3519 1357 3556 ιιι
1381 3544 1393 3567 ,
1430 3503 1503 3573 1).
1540 3504 1654 3573 lpsc
1691 3520 1820 3575 ergo
1873 3507 1973 3559 sibi

388 3594 536 3643 testis
564 3601 646 3645 est
673 3594 789 3659 quia
820 3596 1182 3663 episcopatum
1217 3611 1321 3648 non
1356 3598 1580 3665 appetit,
1616 3600 1705 3667 qui
1741 3614 1844 3653 non
1881 3616 1975 3667 per

386 3681 526 3735 hunc
568 3682 691 3736 boni
726 3685 899 3752 Operis
931 3686 1303 3750 ministerium,
1348 3689 1442 3741 sed
1496 3686 1719 3744 honoris
1748 3692 1973 3760 gloriam

386 3784 594 3843 quaerit.
630 3778 849 3830 Sacrum
879 3780 1078 3848 quippe
1101 3782 1335 3835 cilicium
1363 3799 1466 3836 non
1506 3784 1682 3837 solum
1716 3801 1819 3838 non
1854 3785 1977 3839 dili-

385 3867 461 3935 git
486 3870 726 3933 omnino,
758 3873 850 3923 scd
879 3871 1043 3925 ne~cit
1064 3917 1077 3936 ,
1103 3873 1189 3941 qui
1231 3876 1295 3925 ad
1326 3877 1536 3928 Culmen
1574 3877 1847 3943 regitninis
1878 3894 1975 3931 au-

389 3959 591 4022 licians,
624 3960 674 4012 in
703 3963 906 4014 occulta
928 3965 1278 4018 meditatione
1299 3967 1635 4031 Cogitationis
1656 3978 1976 4021 creterorum

388 4052 719 4118 subjeciioue
748 4053 1001 4121 pascitur,
1034 4056 1184 4108 laude
1217 4057 1424 4124 propria
1456 4056 1687 4121 Iactatur,
1720 4060 1785 4110 ad
1810 4063 1979 4111 bono-

390 4159 499 4195 rem
522 4161 615 4198 cor
644 4146 833 4208 elevat,
871 4162 1047 4199 rerum
1078 4148 1409 4201 ailluentiutn
1438 4150 1761 4204 abundantia
1798 4157 1980 4207 exsul-

392 4246 482 4289 tat.
537 4239 710 4291 Mundi
743 4254 871 4308 ergo
914 4241 1119 4294 lucrum
1151 4242 1409 4310 qureritur
1440 4242 1539 4296 sub
1587 4243 1706 4310 ejus
1757 4244 1979 4299 honoris

391 4333 566 4400 specie
604 4350 710 4399 quo
742 4333 922 4387 ttmndi
953 4335 1155 4389 destrui
1184 4335 1329 4388 lucra
1364 4335 1681 4389 debuerunt.
1735 4337 1977 4407 Cumque

392 4440 536 4477 mens~
571 4427 881 4481 humilitatis
903 4432 1111 4482 culmen
1141 4432 1386 4499 arripere
1414 4432 1478 4485 ad
1512 4432 1805 4485 elationem
1835 4433 1982 4500 cogi-

395 4526 484 4577 tat,
516 4517 656 4582 quod
678 4516 805 4571 l‘orts
830 4528 1056 4586 appetit,
1082 4521 1224 4574 intus
1248 4522 1510 4576 immutat.

1016 4630 1242 4686 CAPUT
1285 4630 1372 4685 IX.

396 4722 543 4787 Quod
574 4739 715 4776 meus
744 4739 960 4793 praem
983 4726 1257 4778 volentium
1285 4727 1580 4795 plerumque
1610 4725 1706 4777 sibi
1736 4726 1859 4795 [icta
1891 4726 1979 4778 bo-

639 4810 821 4847 noram
848 4811 1057 4863 operum
1088 4796 1422 4864 promissione
1450 4796 1730 4849 blanditur.

463 4886 565 4938 Sed
619 4885 933 4955 plerumque
976 4888 1024 4940 lti
1070 4888 1158 4956 qui
1186 4885 1211 4923 ἀ
1242 4890 1421 4941 subire
1480 4888 1838 4955 magisterium
1886 4903 1978 4953 pa-

391 4977 590 5030 storale
616 4982 867 5045 cupiunt,
900 4981 1154 5033 nonnulla
1186 4995 1398 5050 quoque
1431 4983 1564 5033 bona
1596 4996 1757 5049 opera
1800 4980 1981 5034 animo

394 5081 726 5140 proponunt;
757 5082 807 5125 et
840 5070 1081 5141 quamvis
1121 5072 1222 5127 hoc
1266 5074 1514 5129 elationis
1547 5074 1844 5129 intentione
1886 5090 1982 5144 ap—

464 5195 487 5262 f‘
528 5187 748 5262 Catnot.
780 5191 1067 5257 secundus,
1093 5190 1326 5262 jubente.

465 5256 490 5293 h
530 5260 667 5332 ᾼιιει.
697 5262 986 5325 secundus,
1007 5256 1285 5332 imperiam
1308 5262 1473 5314 vertit.

465 5338 487 5365 ‘=
521 5328 701 5394 Corb.,
737 5334 966 5397 Bellum,
989 5328 1208 5399 Carnot.
1235 5333 1522 5396 secundus,
1554 5332 1803 5385 districto.
1834 5331 1936 5384 Alii
1966 5373 1979 5397 ,

398 5403 623 5473 maxime
655 5403 959 5466 Trecensis,
990 5402 1262 5473 descripto.

464 5467 489 5505 ⁴¹
521 5472 739 5527 (ἓιιέιιίιῑ.
786 5473 1082 5539 secundus,
1133 5467 1363 5535 sumere,
1405 5485 1468 5526 et.
1500 5474 1637 5528 And.
1683 5474 1976 5535 secundus,

397 5547 674 5614 temporale
704 5563 803 5613 pro
833 5548 1109 5614 pastorale.
1690 5544 1693 5547 ἤ

468 5622 489 5686 ς
523 5612 741 5669 Cat'ttot.
780 5612 1002 5684 primus,
1034 5628 1343 5686 proponunt.

470 5682 486 5717 τ
522 5688 663 5739 And.
694 5682 917 5751 primus.
948 5691 999 5741 in
1030 5682 1242 5751 intimis.

462 5766 486 5802 κ
510 5757 601 5812 Sic
622 5757 785 5813 Corn.
810 5774 856 5812 et
890 5760 978 5813 alii
1004 5756 1125 5813 ifss.
1147 5759 1359 5823 Gallic.,
1382 5754 1613 5827 Anglic,
1640 5755 1852 5816 Norm.,
1874 5764 1977 5827 etc.

395 5827 491 5884 Hic
517 5830 741 5885 mutilus
768 5840 851 5890 est
870 5829 1046 5889 Codex
1068 5831 1351 5885 Trect'nsis
1380 5839 1431 5883 et
1463 5826 1631 5897 usque
1658 5828 1723 5883 ad
1747 5841 1865 5897 cap.
1900 5826 1984 5893 l5,

2084 3314 2187 3368 huc
2211 3314 2441 3383 illucque
2468 3315 2802 3369 incessanter
2828 3315 3138 3383 impellitur,
3166 3324 3222 3368 ut
3246 3331 3341 3383 per
3363 3316 3672 3383 repentinos

2081 3420 2333 3459 excessus
2358 3406 2468 3458 oris
2497 3414 2547 3457 et
2574 3404 2751 3472 aperis
2777 3406 2925 3474 quasi
2956 3421 3049 3473 per
3074 3407 3345 3459 obviantia
3371 3420 3498 3461 saxa
3533 3406 3671 3460 fran-

2084 3505 2257 3565 gatur.
2292 3495 2432 3549 lnter
2463 3496 2576 3551 hrc
2628 3508 2802 3566 itaque
2843 3495 2969 3563 quid
3020 3496 3351 3564 sequendum
3399 3508 3510 3564 est,
3543 3497 3671 3565 quid

2084 3586 2403 3653 tenendum,
2432 3586 2529 3640 nisi
2578 3592 2633 3640 ιιι
2663 3586 2951 3640 virtutibus
2982 3587 3191 3655 pollens
3232 3600 3449 3641 coactus
3475 3587 3541 3642 ad
3584 3604 3671 3643 re—

2081 3680 2257 3749 gimen
2288 3680 2492 3742 veniat,
2518 3676 2804 3732 virtutibus
2834 3693 3031 3732 vacuus
3056 3694 3154 3733 nec
3176 3687 3395 3734 coactus
3418 3677 3673 3734 accedat?

2085 3773 2177 3829 Ille
2217 3773 2261 3828 si
2305 3772 2522 3825 omnino
2566 3771 2835 3837 renititur,
2881 3782 3067 3826 caveat
3097 3788 3164 3827 ne
3192 3782 3466 3842 acceptam
3512 3787 3673 3841 pecu-

2087 3864 2227 3917 niam
2260 3864 2310 3917 in
2354 3861 2632 3916 sudarium
2680 3862 2871 3933 ligans,
2906 3861 2972 3917 de
3000 3864 3117 3931 ejus
3147 3864 3502 3918 occultatione
3528 3861 3672 3930 judi-

2084 3966 2237 4010 cetur
2270 3951 2483 4023 (Matth.
2509 3971 2639 4019 xxv,
2673 3954 2787 4022 18).
2822 3955 3103 4007 Pecuniam
3146 3953 3343 4024 quippe
3376 3954 3426 4007 iu
3459 3953 3674 4007 sudario

2085 4040 2271 4117 ligare,
2304 4058 2385 4102 est
2416 4056 2663 4118 percepta
2694 4045 2832 4102 dona
2864 4047 2962 4101 sub
2994 4049 3103 4101 otio
3133 4047 3260 4102 lenti
3295 4047 3525 4115 torporis
3552 4044 3675 4101 abs-

2086 4141 2337 4193 condere.
2368 4140 2432 4193 At
2476 4148 2683 4205 eontra,
2728 4139 2827 4194 iste
2874 4153 2995 4192 cum
3039 4135 3274 4209 regimen
3316 4138 3545 4206 appetit,
3594 4149 3675 4189 at-

2088 4233 2266 4287 tendat
2292 4247 2358 4286 ne
2386 4247 2479 4300 per
2524 4231 2827 4298 exemplum
2861 4244 3009 4298 prav1
3041 4232 3244 4297 aperis,
3278 4226 3670 4282 Pharisarorutu

2089 4340 2253 4389 more,
2290 4323 2356 4376 ad
2405 4322 2707 4392 ingressum
2744 4320 2893 4390 regni
2944 4320 3288 4375 tendentibus
3335 4320 3671 4373 obstaculum

2088 4421 2213 4470 iiut:
2248 4418 2335 4484 qui
2360 4416 2505 4482 juxta
2540 4414 2774 4483 Magistri
2807 4428 2992 4468 vocem
3022 4412 3240 4483 (Matth.
3265 4428 3429 4479 xxiii,
3466 4410 3547 4479 l5)
3575 4426 3673 4465 nec

2088 4511 2186 4577 ipsi
2220 4511 2444 4570 intrant,
2476 4522 2574 4581 nec
2604 4508 2735 4560 alios
2768 4508 2967 4560 intrare
2997 4508 3333 4578 permittunt.
3366 4503 3463 4558 Cui
3495 4503 3675 4556 cousi-

1952 4678 1955 4679 ν
2015 4604 2058 4658 1)
2087 4600 2379 4685 derandum
2428 4616 2637 4670 quoque
2684 4608 2796 4664 est,
2837 4596 3011 4668 quiat'
3063 4615 3181 4653 cum
3222 4612 3438 4651 causam
3492 4596 3674 4665 populi

2090 4700 2294 4752 electus
2347 4696 2537 4764 praesul
2588 4696 2845 4763 suscipit,
2880 4693 3033 4762 quasi
3074 4693 3136 4745 ad
3184 4702 3382 4761 {egrum
3436 4690 3675 4744 medicus

2087 4791 2311 4845 accedit.
2340 4789 2395 4844 Si
2427 4804 2555 4859 ergo
2587 4789 2761 4843 adhuc
2793 4790 2843 4842 in
2875 4788 2990 4856 ejus
3017 4784 3043 4823 ¹ι
3068 4802 3231 4853 opere
3277 4786 3561 4856 passiones
3593 4787 3672 4840 vi-

2086 4896 2235 4949 vunt,
2262 4899 2362 4951 qua
2391 4881 2806 4951 praesumptione
2834 4892 3145 4948 percussum
3169 4878 3372 4933 mederi
3403 4888 3674 4946 preperat,

2088 4979 2178 5049 qui
2208 4979 2260 5032 in
2293 4977 2426 5031 facie
2455 4975 2645 5029 vulnus
2677 4962 2887 5041 portat?

2083 5188 2144 5239 sit
2171 5198 2332 5238 rector
2349 5183 2595 5233 discretus
2613 5178 2665 5229 in
2685 5176 2907 5239 silentio,
2933 5184 3036 5230 etc.
3068 5175 3205 5228 Editi
3231 5174 3452 5236 habent,
3470 5171 3677 5227 Timem

2083 5257 2245 5316 enim.
2276 5265 2459 5308 errore
2490 5245 2771 5301 manifesto
2798 5250 2849 5300 in
2884 5248 3043 5300 nullis
3086 5245 3327 5315 Vulgatis
3353 5246 3612 5314 castigato

2156 5326 2181 5363 ιλ
2216 5330 2352 5379 And.
2381 5324 2606 5385 primus,
2630 5320 2680 5371 in
2706 5336 2759 5371 se
2787 5330 3005 5388 quoque.

2165 5384 2389 5449 iCuri).
2420 5406 2471 5445 et
2516 5391 2734 5443 (larunt.
2786 5384 3005 5459 primus,
3056 5388 3306 5449 turbatus,
3354 5384 3501 5453 prior
3550 5399 3675 5437 cum

2090 5468 2222 5535 And.
2256 5464 2726 5535 i,ltti’balt'81___-
2838 5530 2848 5535 _
2925 5527 2958 5535 Α
3192 5526 3229 5535 η
3314 5534 3349 5535 η
3423 5520 3442 5535 ,
3578 5524 3587 5535 ,

2161 5534 2175 5587 1
2210 5520 2371 5589 Corb.
2403 5534 2517 5587 Val.
2540 5531 2648 5596 CII,
2668 5530 2897 5606 Theod.,
2920 5527 3164 5591 Carnor,
3192 5520 3676 5606 Norm...L‘ongip.,

2089 5610 2279 5673 l.aud.,
2306 5622 2404 5658 ms.
2430 5606 2595 5659 duces
2619 5603 2911 5671 sequimur,
2941 5616 3044 5652 non
3071 5612 3301 5651 excusos
3323 5596 3419 5666 qui
3451 5596 3675 5661 habent,

2090 5693 2205 5732 cum
2237 5692 2438 5731 curam.

2162 5750 2183 5786 ’ί
2222 5750 2450 5813 Excusi,
2484 5748 2534 5797 in
2565 5748 2674 5813 ejus
2719 5757 2957 5811 corpore,
3000 5736 3497 5793 contradicendi)!!!
3545 5734 3659 5791 In

2095 5832 2232 5894 pene
2257 5820 2529 5873 omnibus.
