4036 6346
387 260 454 318 23
1588 256 1830 313 SANCTI
1871 254 2196 311 GREGORII
2239 256 2450 313 MAGNI
2501 247 2512 252 ’
3607 265 3676 318 24

1004 369 1234 426 CAPUT
1272 369 1338 424 Χ.

585 461 767 527 Qualis
797 464 1008 532 quisque
1035 461 1102 514 ad
1132 464 1353 532 regimen
1381 463 1550 517 venire
1573 461 1772 516 debeat.

459 553 553 609 ille
580 553 761 624 igitur,
794 554 882 608 ille
913 553 1083 608 modis
1114 555 1362 609 omnibus
1389 554 1547 609 debet
1573 553 1638 608 ad
1669 553 1969 620 exemplum

383 647 594 701 vivendi
627 647 886 714 pertrahi,
915 645 1002 715 qui
1040 644 1245 698 cunctis
1271 645 1449 699 carnis
1481 644 1817 712 passionibus
1853 659 1971 696 mo-

384 739 528 791 riens
550 737 659 805 jam
683 736 996 805 spiritaliter
1017 736 1177 801 vivit,
1204 736 1290 804 qui
1326 749 1578 804 prospera
1609 734 1790 788 mundi
1826 743 1972 802 post-

381 830 590 899 posnit,
619 829 706 898 qui
739 829 881 882 nulla
923 827 1148 882 adversa
1195 827 1553 895 pertimescit,
1589 825 1676 893 qui
1728 825 1839 879 sola
1888 827 1973 879 in~

385 930 539 974 terna
586 919 875 973 desiderat.
921 916 1086 986 Cujus
1138 916 1417 971 intentioni
1465 917 1600 970 bene
1645 930 1966 985 congruens,

385 1025 487 1064 nec
534 1010 753 1064 omnino
798 1025 892 1078 per
941 1009 1355 1063 imbecillitatem
1409 1021 1625 1074 corpus,
1673 1007 1972 1062 nec-valde

389 1117 484 1173 per
516 1111 542 1139 τι
572 1103 948 1156 contumeliam
996 1112 1251 1171 repugnat
1295 1101 1532 1169 spiritus.
1563 1101 1663 1166 Qui
1708 1100 1772 1154 ad
1803 1101 1971 1154 aliena

389 1191 418 1234 ιι
440 1193 700 1263 cupienda
726 1209 829 1247 non
860 1193 1092 1258 ducitur,
1114 1191 1207 1248 sed
1241 1193 1451 1262 pr0pria
1483 1192 1723 1262 largitur.
1748 1192 1845 1257 Qui
1880 1207 1976 1261 per

353 1273 359 1282 K
382 1285 598 1356 pietatis
624 1285 830 1338 viscera
860 1285 1016 1337 citius
1043 1285 1110 1337 ad
1162 1283 1542 1353 ignoscendum
1591 1283 1844 1350 ﬂectitur,
1877 1285 1971 1340 sed

383 1393 655 1448 nunquam
687 1378 804 1447 plus
830 1393 988 1447 quam
1020 1379 1208 1432 deceat
1234 1378 1632 1471 ignosrensuab
1663 1394 1786 1433 arce
1816 1379 1974 1432 recti-

380 1469 579 1523 tudinis
626 1469 927 1523 inclinatur.
959 1467 1058 1535 Qui
1111 1471 1252 1523 nulla
1307 1469 1487 1523 illicita
1542 1467 1844 1538 perpetrat,
1875 1469 1970 1524 sed

379 1567 683 1628 perpetrata
729 1559 797 1610 ab
836 1557 956 1611 aliis
1001 1567 1056 1612 ut
1102 1560 1313 1627 propria
1364 1559 1626 1626 deplorat.
1658 1561 1758 1627 Qui
1792 1577 1855 1613 ex
1890 1558 1971 1612 af-

379 1651 522 1705 fectu
548 1651 727 1704 cordis
772 1651 960 1704 aliena:
996 1649 1291 1704 infirmitati
1327 1652 1668 1719 compatitnr,
1701 1651 1882 1721 sicque
1914 1654 1964 1706 in

1997 373 2045 430 Α
2073 368 2304 424 habuerit
2330 373 2618 441 maculam,
2645 391 2748 430 non
2769 376 2945 444 oﬂ'eret
2973 393 3129 449 panes
3155 377 3374 432 Domino
3417 375 3532 432 Deo
3563 394 3675 446 suo,

2074 477 2165 515 nec
2203 464 2406 516 accedet
2434 465 2503 517 ad
2549 467 2888 522 ministerium
2935 470 3045 537 ejus
3077 469 3233 540 (Leu.
3258 485 3381 536 xxt,
3419 470 3530 538 l7).
3567 468 3672 525 Ubi

2083 562 2137 606 et
2165 563 2387 622 repente
2416 556 2753 628 subiungitur
2781 577 2794 612 :
2827 559 2886 614 Si
2932 578 3094 615 circus
3124 562 3319 630 fuerit,
3348 561 3393 615 si
3432 561 3670 630 claudus,

2074 645 2220 699 sicel
2262 663 2440 717 parvo,
2469 650 2546 702 vel
2591 651 2777 719 grandi
2816 661 2863 705 et
2895 661 3027 705 torto
3058 669 3207 716 naso,
3236 669 3278 706 st
3323 652 3488 722 fracto
3519 653 3668 722 pede,

2072 737 2118 789 si
2147 753 2303 791 manu
2324 779 2338 801 ,
2373 741 2417 792 si
2462 741 2663 808 gibbus,
2694 744 2738 796 si
2766 743 2957 813 lippus,
2987 744 3032 797 si
3060 745 3354 816 albuginem
3403 744 3592 797 habens
3619 745 3673 798 in

2075 827 2246 892 oculo,
2273 829 2315 882 si
2354 831 2533 900 jugem
2579 831 2829 896 scabiem,
2858 833 2903 886 si
2946 834 3293 904 impetiginem
3339 835 3391 887 in
3440 851 3672 904 corpore,

2075 918 2155 972 vel
2185 921 2502 987 ponderosas
2533 920 2720 990 (Ibid.,
2753 923 2861 992 18).
2888 922 3073 978 Caecus
3096 925 3293 994 quippe
3319 935 3431 987 est,
3464 926 3554 993 qui
3582 943 3672 981 su-

2078 1025 2258 1077 perna:
2281 1012 2755 1079 contemplationis
2783 1014 2964 1068 lumen
2998 1017 3236 1083 ignorat;
3264 1015 3352 1084 qni
3391 1016 3672 1083 prtesentis

2078 1104 2203 1158 vitae
2247 1104 2484 1158 tenebris
2519 1121 2756 1174 pressus,
2793 1107 2918 1160 dum
2951 1115 3228 1161 venturam
3260 1108 3431 1162 lucem
3465 1123 3666 1177 nequa-

2075 1212 2233 1266 quam
2265 1198 2536 1267 diligendo
2566 1200 2863 1267 conspicit,
2895 1209 2921 1247 ι
2953 1217 3057 1270 qno
3087 1216 3304 1270 gressus
3333 1202 3509 1268 cperis
3537 1218 3659 1271 por-

2077 1288 2216 1356 rigat
2251 1289 2444 1342 nescit.
2476 1289 2616 1342 Hiuc
2649 1291 2848 1343 etenim
2898 1291 3250 1358 prophetante
3277 1293 3426 1344 Anna
3455 1292 3667 1361 dicitur,

2080 1379 2242 1432 Pedes
2271 1390 2562 1432 sanctorum
2591 1396 2805 1432 suorum
2833 1381 3050 1432 servabit
3071 1420 3084 1440 ,
3117 1393 3164 1432 et
3195 1381 3341 1450 impii
3367 1381 3420 1433 in
3447 1383 3664 1437 tenebris

2075 1473 2408 1525 conticescent
2447 1469 2498 1538 (I
2537 1471 2664 1541 Reg.
2695 1485 2730 1523 ll
2749 1510 2763 1534 ,
2793 1468 2875 1539 9).
2906 1469 3139 1542 C'lattdus
3167 1485 3294 1524 vero
3323 1479 3405 1524 est
3433 1472 3522 1540 qui
3551 1474 3669 1540 qui-

2075 1563 2196 1616 dem
2228 1576 2334 1631 quo
2377 1576 2596 1630 pergere
2635 1561 2826 1615 debeat
2873 1562 3100 1630 aspicit,
3132 1564 3225 1614 sed
3259 1576 3352 1628 per
3381 1561 3665 1616 infirmita-

2081 1665 2188 1708 tem
2235 1654 2448 1718 mentis,
2494 1655 2612 1707 vita'
2657 1653 2794 1705 viam
2841 1652 3077 1721 perfecte
3125 1667 3230 1706 non
3285 1653 3424 1706 valet
3478 1663 3664 1706 tenere

376 1744 538 1799 bonis
567 1743 793 1813 proximi
827 1745 965 1797 sicut
992 1744 1067 1796 in.
1086 1743 1197 1797 suis
1230 1744 1574 1812 provectibus
1601 1745 1832 1798 laitatur.
1867 1745 1965 1810 Qui
2003 1748 2043 1805 Β
2073 1763 2228 1816 quam
2261 1745 2435 1810 ridet,
2463 1748 2584 1815 quia
2608 1745 2671 1798 ad
2705 1745 2913 1798 virtutis
2939 1754 3134 1797 statuat
3159 1742 3187 1780 ιι
3211 1745 3336 1798 dutn
3367 1744 3507 1798 llttxa
3532 1759 3661 1798 con-

377 1841 452 1896 ita
477 1856 538 1896 se
563 1840 875 1895 imitabilem
899 1838 1110 1894 caeteris
1130 1838 1181 1891 in
1204 1838 1411 1893 cunctis
1435 1853 1558 1907 quae
1577 1839 1688 1909 agit
1713 1839 1965 1906 insinuat,

377 1925 441 1989 ut
479 1938 619 1989 inter
659 1949 752 1990 eos
792 1949 896 1988 non
939 1932 1133 1987 habeat
1176 1931 1318 2000 quod
1359 1933 1548 1986 saltem
1591 1934 1656 1985 de
1687 1932 1970 1988 transactis

377 2027 676 2083 erubescat.
722 2027 821 2092 Qui
869 2026 946 2080 sic
996 2023 1174 2079 studet
1233 2023 1442 2089 vivere,
1496 2031 1552 2076 ttt
1605 2023 1966 2092 proximorum

377 2135 588 2188 quoque
629 2118 790 2183 corda
821 2118 1025 2172 arentia
1074 2116 1333 2171 doctrina-
1363 2116 1538 2168 valeat
1581 2111 1796 2168 fluentis
1845 2115 1966 2168 irri-

378 2227 526 2280 gare.
563 2211 660 2275 Qui
694 2210 952 2263 orationis
981 2215 1076 2262 usu
1121 2215 1174 2262 et
1204 2209 1571 2275 experimento
1609 2207 1720 2276 jam
1753 2207 1965 2272 didicit,

375 2302 518 2370 quod
565 2302 804 2355 obtinere
850 2316 878 2352 a
933 2300 1160 2352 Domino
1204 2314 1322 2368 qtae
1375 2301 1708 2367 poposcerit,
1763 2299 1963 2367 possit,

378 2404 400 2431 ο
424 2393 507 2447 cui
550 2407 643 2462 per
663 2392 885 2446 ell‘ectus
905 2407 1086 2448 vocem
1105 2393 1216 2461 jam
1240 2393 1390 2462 quasi
1418 2393 1723 2460 specialiter
1742 2392 1964 2447 dicitur:

375 2485 559 2541 Adhuc
603 2488 842 2557 loquente
882 2496 950 2551 te,
980 2487 1181 2552 dicam,
1222 2487 1349 2540 Ecce
1392 2488 1574 2540 adsum
1623 2485 1776 2556 (Isai.
1805 2503 1965 2554 LVIII,

375 2579 452 2651 9).
482 2578 506 2615 ά
539 2581 595 2634 Si
626 2581 769 2635 enim
800 2579 1029 2636 fortasse
1065 2580 1183 2651 quis
1225 2583 1436 2643 veniat,
1470 2592 1527 2634 ut
1559 2598 1655 2649 pro
1699 2597 1759 2637 se
1789 2583 1854 2636 ad
1888 2585 1966 2636 in-

376 2673 757 2728 tercedendum
792 2689 889 2728 nos
914 2674 1053 2743 apud
1107 2682 1380 2742 potentem
1423 2673 1726 2742 quempiam
1760 2675 1962 2740 virum,

375 2766 465 2834 qui
509 2765 609 2820 sibi
653 2769 841 2831 iratus,
886 2768 1042 2822 nobis
1086 2782 1216 2823 vero
1266 2776 1349 2821 est
1404 2767 1724 2837 incognitus,
1777 2767 1965 2833 ducat,

375 2857 616 2925 protinus
665 2859 1050 2924 rcSpondemus
1091 2876 1103 2912 :
1159 2859 1237 2912 Ad
1289 2858 1730 2912 intercedendum
1783 2860 1967 2914 venire

376 2964 484 3003 non
531 2963 840 3018 possumus,
871 2952 992 3019 quia
1027 2950 1401 3004 familiaritatis
1429 2952 1559 3015 ejus‘
1575 2951 1815 3004 notitiam
1862 2968 1965 3005 non

378 3033 657 3094 habemus.
689 3040 742 3093 Si
785 3057 913 3110 ergo
946 3041 1104 3094 homo
1136 3042 1274 3110 apud
1308 3042 1576 3095 hominem
1621 3041 1688 3095 de
1731 3059 1836 3113 quo
1869 3044 1968 3096 mi-

2074 1837 2300 1892 suetudo
2325 1851 2428 1890 non
2460 1837 2706 1906 erigitur,
2738 1851 2843 1903 quo
2871 1835 3194 1889 desiderium
3238 1834 3507 1901 innititur,
3539 1833 3664 1888 illuc

2073 1944 2290 1998 gressus
2321 1927 2501 1997 operis
2537 1925 2829 1980 efficaciter
2862 1941 2968 1980 non
2998 1934 3316 1996 sequuntur.
3353 1923 3486 1978 Hinc
3515 1925 3659 1978 enim

2077 2025 2268 2079 Paulus
2298 2025 2427 2080 dicit
2457 2041 2474 2077 :
2507 2025 2766 2079 Remissas
2799 2041 2984 2077 manus
3012 2033 3057 2076 et
3090 2025 3338 2076 dissoluta
3366 2038 3528 2092 genua
3565 2025 3665 2073 eri-

2071 2122 2192 2190 gite,
2232 2128 2278 2172 et
2318 2133 2522 2186 gressus
2561 2128 2727 2171 rectos
2769 2119 2926 2188 facite
2973 2115 3184 2186 pedibus
3231 2117 3430 2179 vestris,
3461 2123 3517 2167 ut
3561 2131 3661 2166 non

2071 2211 2368 2264 claudicans
2401 2210 2511 2278 quis
2540 2217 2709 2273 erret,
2742 2209 2908 2278 magis
2936 2221 3108 2262 autem
3138 2216 3349 2261 sanetur
3375 2205 3534 2277 (ch.
3559 2221 3658 2272 xu,

2075 2301 2313 2371 12,15).
2351 2302 2522 2355 Parvo
2565 2311 2741 2354 autem
2793 2315 2924 2354 uaso
2967 2310 3078 2362 est,
3119 2299 3207 2368 qui
3258 2299 3322 2351 ad
3376 2298 3658 2352 tenendam

2073 2409 2374 2449 mensuram
2404 2393 2746 2447 discretionis
2777 2393 3000 2447 idoneus
3033 2406 3134 2445 non
3162 2401 3262 2444 est.
3293 2391 3432 2444 Naso
3463 2392 3657 2460 quippe

2071 2489 2268 2542 odores
2316 2488 2624 2556 fetoresque
2671 2485 3047 2540 discernimus.
3083 2486 3246 2540 [tecte
3276 2501 3402 2553 ergo
3433 2499 3526 2553 per
3570 2500 3666 2537 na-

2073 2599 2188 2637 sum
2235 2582 2485 2636 discretto
2527 2582 2866 2649 exprimitur,
2899 2595 2993 2647 per
3037 2596 3194 2649 quam
3240 2579 3460 2632 virtutes
3510 2579 3662 2650 eligi-

2073 2687 2213 2738 mus,
2243 2671 2437 2726 delicta
2470 2669 2840 2737 reprobamus.
2878 2669 3029 2722 Unde
3067 2680 3120 2724 et
3165 2670 3216 2722 in
3259 2669 3412 2723 laude
3451 2684 3662 2738 sponsa:

2072 2764 2300 2818 dicitur:
2340 2763 2510 2815 Nasus
2554 2775 2671 2814 tuus
2713 2764 2844 2815 sicut
2892 2773 3048 2815 turris
3091 2778 3206 2828 qua:
3248 2772 3322 2815 cst
3364 2763 3417 2814 in
3461 2761 3660 2815 Libano

2074 2858 2247 2928 (Cant.
2279 2871 2384 2921 vn,
2409 2856 2490 2921 4),
2521 2856 2644 2924 quia
2675 2856 2928 2909 nimirum
2959 2863 3144 2907 sancta
3178 2854 3416 2908 Ecclesia
3445 2869 3563 2923 qua:
3594 2868 3658 2907 ex

2072 2952 2249 3006 causis
2279 2951 2505 3019 singulis
2537 2961 2860 3003 tentaiucnta
2915 2949 3206 3018 prodeant,
3242 2965 3336 3016 per
3381 2949 3663 3004 discretio-

2072 3061 2193 3098 nem
2244 3045 2537 3114 conspicit,
2591 3055 2645 3097 ct
2689 3051 2908 3096 ventura
2960 3042 3212 3096 vitiorum
3256 3043 3393 3096 bella
3442 3058 3509 3097 ex
3558 3043 3666 3097 alto

378 3132 523 3187 nime
545 3134 817 3201 prmsuinit
846 3132 958 3186 fieri
987 3135 1304 3187 intercessor
1328 3133 1633 3198 erubescit,
1659 3149 1760 3203 qua
1792 3144 1970 3190 mente
2000 3140 2044 3200 C
2078 3137 2427 3207 deprehendit
2502 3135 2606 3190 Sed
2637 3145 2763 3188 sunt
2811 3135 3051 3188 nonnulli
3098 3135 3188 3203 qui
3237 3133 3361 3187 dum
3411 3133 3666 3187 mstimari

379 3223 513 3291 apud
547 3224 712 3277 Deum
744 3224 1143 3278 intercessionis
1174 3224 1348 3278 locum
1383 3240 1478 3291 pro
1509 3225 1706 3293 populo
1736 3227 1964 3294 arripit,

379 3316 462 3382 qui
493 3312 812 3370 familiarem
841 3330 900 3369 se
927 3315 1045 3383 ejus
1069 3316 1253 3384 gratia:
1283 3331 1405 3370 esse
1439 3331 1536 3382 per
1565 3317 1684 3368 vitae
1718 3316 1970 3370 meritum

383 3406 583 3459 nescit?
618 3410 716 3477 ιι
746 3409 850 3460 Aut
878 3407 946 3460 ab
973 3422 1039 3461 eo
1069 3407 1335 3476 quomodo
1378 3407 1500 3460 aliis
1531 3409 1739 3462 veniam
1790 3419 1975 3477 postu-

382 3494 482 3561 lat,
517 3499 605 3566 qui
652 3507 828 3551 utrum
861 3498 960 3550 sibi
994 3498 1066 3552 sit
1096 3499 1337 3567 placatus
1368 3498 1612 3567 ignorat?
1653 3499 1767 3565 Qtta
1815 3499 1868 3552 in
1915 3515 1974 3554 re

383 3586 556 3640 adhuc
580 3586 721 3640 aliud
751 3596 834 3641 est
865 3587 1146 3641 sollicitius
1178 3587 1598 3652 formidandum,
1631 3603 1698 3642 ne
1733 3589 1823 3652 qui
1858 3589 1973 3656 pla-

389 3693 517 3732 care
547 3692 706 3747 posse
737 3678 870 3732 iram
903 3678 1156 3738 creditur,
1191 3677 1325 3732 hanc
1350 3678 1462 3746 ipse
1486 3693 1549 3730 ex
1580 3677 1794 3745 proprio
1823 3687 1975 3732 reatu

387 3779 657 3825 mereatur
710 3771 876 3841 (Dist.
905 3770 1002 3836 49,
1028 3771 1193 3836 initio,
1225 3778 1270 3823 et
1301 3786 1346 3822 c.
1374 3770 1451 3838 l).
1485 3769 1673 3824 Cuncti
1721 3771 1863 3824 enim
1915 3770 1978 3822 li-

386 3864 550 3930 quido
582 3864 850 3929 novimus,
883 3863 1004 3934 quia
1055 3879 1172 3918 cum
1206 3865 1251 3918 is
1278 3864 1369 3934 qui
1417 3863 1668 3932 displicet
1707 3865 1772 3918 ad
1807 3865 1976 3919 inter-

387 3957 686 4012 cedendum
719 3957 971 4024 mittitur,
997 3959 1115 4012 irati
1152 3959 1363 4012 auimus
1392 3957 1457 4011 ad
1488 3957 1755 4012 deteriora
1784 3973 1979 4027 provo-

387 4057 556 4104 catur.
590 4048 689 4115 Qui
712 4064 840 4119 ergo
870 4049 1044 4104 adhuc
1069 4049 1352 4105 desideriis
1377 4050 1604 4104 terrenis
1634 4050 1972 4118 astringitur,

389 4153 572 4196 caveat
604 4157 670 4197 ne
708 4142 938 4198 districti
987 4144 1118 4198 iram
1157 4141 1351 4212 judicis
1393 4143 1606 4212 gravius
1653 4143 1974 4207 accendens,

391 4232 516 4287 dum
570 4233 689 4288 loco
737 4234 1034 4290 delectatur
1089 4235 1303 4302 gloriae,
1356 4236 1448 4291 [lat
1507 4236 1733 4291 subditis
1791 4245 1978 4292 auctor

394 4340 588 4378 τυεηω.
918 4346 924 4352 ’

1021 4415 1247 4472 CAPUT
1293 4417 1378 4472 Χῐ.

503 4517 524 4544 θ
554 4508 736 4574 Qualis
759 4509 970 4579 quisque
999 4510 1067 4561 ad
1094 4511 1315 4579 regimen
1343 4510 1512 4563 uenire
1541 4526 1642 4563 non
1671 4509 1870 4564 debeat.

467 4603 703 4658 Solerter
744 4618 872 4672 ergo
903 4617 963 4657 se
991 4603 1218 4672 quisque
1252 4606 1504 4658 metiatur
1535 4619 1602 4657 ne
1636 4603 1812 4658 locum
1844 4604 1984 4672 regi-

397 4695 554 4748 minis
585 4709 858 4749 assumere
898 4694 1125 4759 audeat,
1156 4694 1199 4748 si
1231 4696 1404 4749 adhuc
1446 4695 1498 4749 in
1529 4710 1588 4750 se
1621 4696 1803 4748 vitium
1836 4694 1986 4747 dam-

397 4789 646 4842 nnlnlitt-r
687 4797 901 4858 regnat,
936 4804 1004 4842 ne
1046 4789 1088 4841 is
1122 4804 1277 4854 quem
1325 4789 1528 4843 crimen
1573 4788 1833 4857 depravat
1865 4803 1989 4854 pro-

399 4883 605 4948 prium,
650 4879 972 4934 intercessor
1004 4881 1119 4934 fieri
1161 4890 1378 4950 appetat
1407 4894 1502 4946 pro
1533 4878 1705 4949 culpis
1734 4879 1984 4932 aliorum.

408 4971 425 5007 τ
461 4972 596 5027 l-linc
621 4973 819 5027 etenim
853 4987 1081 5042 superna
1110 4988 1240 5028 voce
1277 4974 1340 5026 ad
1374 4972 1589 5041 Moysen
1620 4972 1852 5024 dicitur:
1890 4970 1990 5023 Lo-

399 5081 553 5135 quere
577 5065 646 5119 ad
676 5066 851 5119 Aaron
876 5079 896 5120 :
921 5063 1092 5119 Homo
1122 5066 1185 5118 de
1215 5065 1402 5118 semine
1427 5072 1515 5117 tuo
1545 5079 1634 5130 per
1659 5062 1884 5130 familias
1906 5063 1993 5131 qui

475 5198 502 5222 ⁸
534 5187 834 5241 Maluerunt
861 5185 1112 5240 Editores
1134 5184 1319 5238 saltem
1349 5183 1697 5244 recentiores,
1723 5190 1992 5234 contuma-

405 5260 567 5322 ciam,
600 5267 785 5312 contra
811 5257 936 5311 Mss.
962 5257 1142 5310 fidem.

450 5328 504 5411 _"
543 5325 778 5411 Gemet"
820 5327 1121 5382 faventibus
1170 5325 1292 5396 Lyr.
1323 5333 1377 5378 et
1417 5324 1554 5378 And.
1588 5324 1651 5388 2,
1686 5323 1855 5378 aliena
1903 5338 1989 5375 ca-

407 5401 626 5554 mmgfic
664 5469 817 5537 Mss.,
844 5483 1038 5538 magno
1057 5479 1341 5522 consensu.
1375 5464 1512 5518 Editi
1534 5505 1548 5528 ,
1579 5467 1661 5518 cui
1692 5464 1993 5536 praphetica

405 5555 844 5677 vogeiiilg’incipit
871 5619 1032 5678 caput
1055 5608 1393 5664 undecimum
1420 5607 1471 5660 in
1497 5604 1636 5673 plur.
1658 5605 1849 5662 Editis.
1878 5607 1997 5660 Dis-

409 5682 648 5738 sentiunt
674 5681 901 5737 Codices
936 5697 1092 5735 manu
1122 5680 1348 5735 exarati.

485 5761 510 5790 ο
542 5753 649 5807 lloc
683 5764 838 5822 caput
873 5753 1101 5820 pertinet
1141 5752 1314 5804 adintc
1352 5749 1416 5803 ad
1449 5747 1734 5815 septimum
1768 5749 1820 5802 in
1845 5748 1990 5804 Lon-

2083 3230 2305 3284 hebetes
2354 3233 2570 3293 nolunt,
2603 3242 2746 3294 sa-pe
2776 3241 2833 3280 se
2864 3228 2917 3279 in
2949 3226 3264 3295 quibusdam
3309 3226 3668 3295 inquisitioni-

2082 3319 2181 3373 bus
2211 3320 2325 3388 plus
2351 3336 2507 3387 quam
2540 3332 2758 3371 necesse
2786 3326 2867 3370 est
2894 3330 3230 3384 exercentes,
3257 3333 3318 3370 ex
3349 3317 3508 3369 nimia
3533 3318 3660 3371 sub-

2082 3409 2274 3464 tilitate
2325 3408 2600 3463 falluntur.
2646 3407 2798 3462 Unde
2845 3407 2928 3462 hic
2970 3423 3180 3478 quoque
3229 3407 3520 3461 subditur:
3567 3406 3659 3461 Vel

2080 3505 2264 3570 grandi
2291 3512 2336 3556 et
2364 3513 2497 3555 torto
2525 3517 2668 3555 naso.
2693 3501 2859 3554 Nasus
2889 3504 3029 3554 enim
3064 3502 3280 3567 grandis
3307 3509 3361 3554 et
3389 3510 3558 3553 tortus
3583 3509 3667 3554 est

2082 3593 2429 3648 discretionis
2472 3593 2739 3646 subtilitas
2789 3591 3158 3656 immoderata,
3209 3607 3326 3659 tuta:
3372 3589 3498 3643 dum
3551 3589 3668 3657 plus

2083 3701 2240 3755 quam
2287 3687 2440 3739 decet
2481 3683 2816 3747 excreverit,
2861 3681 3089 3736 actionis
3135 3698 3248 3734 sua:
3297 3681 3669 3736 rectitudiuem

2089 3779 2201 3845 ipsa
2234 3776 2534 3830 confundit.
2561 3774 2749 3828 Fracto
2775 3785 2948 3826 autem
2981 3774 3116 3840 pede
3144 3774 3224 3825 vel
3260 3789 3416 3825 manu
3443 3781 3555 3838 est,
3581 3773 3671 3842 qui

2089 3870 2228 3924 viam
2260 3869 2351 3922 Dei
2386 3883 2608 3937 pergere
2638 3868 2856 3920 omnino
2898 3882 3001 3919 non
3045 3866 3216 3928 valet,
3250 3877 3411 3934 atque
3442 3882 3471 3918 a
3518 3866 3672 3920 bonis

2082 3963 2289 4017 actibus
2335 3961 2571 4014 funditur
2599 3973 2784 4012 exsors
2816 3969 3000 4022 vacat,
3033 3967 3296 4026 quatenus
3326 3957 3440 4010 huic
3473 3971 3577 4009 non
3611 3965 3668 4010 ut

2083 4055 2303 4111 claudus
2347 4052 2534 4107 saltem
2584 4067 2702 4106 cum
2752 4051 3060 4104 infirmitate
3111 4057 3316 4111 tenent,
3352 4049 3447 4102 sed
3492 4047 3674 4102 abhis

2083 4145 2394 4202 omnimodo
2417 4145 2624 4197 alienus
2649 4143 2860 4196 existat.
2893 4141 3094 4196 Gibhus
3124 4155 3251 4194 vero
3277 4151 3357 4195 est
3385 4155 3542 4209 quem
3570 4149 3677 4193 ter-

2083 4256 2227 4294 rena:
2256 4237 2631 4292 sollicitudinis
2661 4235 2867 4304 pondus
2899 4233 3181 4302 deprimit,
3215 4235 3316 4303 12
3348 4247 3412 4285 ne
3444 4244 3673 4299 unquam

2083 4332 2150 4385 ad
2193 4345 2427 4400 superna
2470 4329 2756 4398 respiciat,
2786 4325 2878 4380 sed
2909 4325 3038 4379 solis
3090 4325 3172 4378 his
3214 4338 3335 4393 quae
3379 4323 3430 4376 in
3480 4321 3678 4374 inlimis

2082 4421 2356 4476 calcantur
2387 4421 2648 4475 intendat.
2677 4418 2774 4486 Qui
2804 4427 2857 4471 et
2884 4416 2928 4470 si
2958 4416 3170 4485 quando
3202 4413 3398 4482 aliquid
3427 4428 3492 4468 ex
3528 4412 3670 4465 bono

2016 4532 2064 4590 ι)
2091 4512 2274 4581 patria:
2317 4511 2554 4566 caelestis
2585 4509 2843 4573 audierit,
2871 4507 2936 4562 ad
2971 4505 3072 4560 hoc
3117 4505 3364 4558 nimirum
3412 4517 3680 4572 perversae

2094 4602 2500 4658 consuetudinis
2543 4602 2782 4671 pondere
2829 4607 3214 4667 praegravatus,
3265 4595 3442 4649 cordis
3491 4595 3678 4647 faciem

2097 4710 2200 4749 non
2231 4694 2456 4762 attollit,
2487 4694 2608 4763 quia
2634 4690 2972 4761 cogitationis
3004 4697 3200 4742 statum
3227 4687 3432 4754 erigere
3456 4701 3560 4738 non
3592 4701 3682 4739 va-

2097 4785 2203 4850 let,
2233 4800 2391 4855 quem
2429 4793 2655 4839 terrena:
2688 4798 2817 4835 usus
2846 4777 3228 4834 sollicitudinis
3267 4792 3484 4830 curvum
3516 4786 3680 4831 tenet.

2101 4877 2179 4931 Ex
2215 4878 2403 4930 horum
2433 4875 2629 4946 quippe
2657 4875 2834 4942 specie
2865 4871 3148 4927 Psalmista
3180 4871 3345 4926 dicit:
3383 4869 3685 4924 Iucurvatus

2101 4985 2214 5022 sunt
2248 4967 2264 5005 ί
2301 4977 2345 5021 et
2373 4967 2667 5020 humiliatus
2697 4981 2807 5018 sunt
2835 4980 3190 5035 usquequaque
3234 4965 3252 5034 (
3279 4961 3419 5018 Psal.
3446 4977 3646 5016 xxxvttl
3667 5002 3682 5028 ,

2104 5051 2282 5128 8,-sec.
2309 5059 2501 5125 LIX).
2532 5060 2769 5127 Quorum
2801 5058 3011 5128 culpam
3053 5073 3267 5128 quoque
3300 5072 3391 5122 per
3431 5056 3658 5124 semetip

2100 5195 2204 5289 glp‘.
2231 5252 2309 5305 Ad
2345 5252 2456 5306 haec
2487 5255 2641 5304 verba
2685 5248 2965 5304 inchoatur
2991 5255 3149 5312 caput
3180 5245 3239 5297 ll
3276 5244 3327 5296 in
3353 5241 3482 5295 Mss.
3515 5240 3679 5295 Corb.

2100 5322 2289 5386 duob.,
2321 5324 2487 5391 prior.
2519 5321 2734 5375 Carnot.
2759 5331 2812 5374 ct
2845 5321 3013 5372 tribus
3044 5317 3254 5371 Gcmet.

2175 5403 2214 5440 ε·
2234 5380 2369 5449 And.
2399 5395 2618 5460 primus,
2643 5409 2744 5462 quo
2770 5393 3121 5460 ingressus....
3142 5401 3348 5456 ponere.
3374 5380 3566 5448 Laud.,
3591 5398 3691 5453 quo

2104 5481 2329 5536 gressum
2357 5468 2606 5535 corporis.

2177 5536 2203 5574 h
2237 5539 2372 5590 biditi
2389 5581 2402 5604 ,
2430 5522 2550 5588 dum
2574 5538 2715 5605 ﬂuxa
2742 5529 3124 5593 consuetudine,
3150 5523 3537 5586 reluctantibus
3559 5522 3688 5582 Mss.

2105 5623 2397 5662 υηινθιέις.

2182 5678 2196 5715 ί
2234 5679 2398 5734 Abest
2429 5693 2457 5732 a
2483 5676 2671 5743 Corb.,
2696 5683 2744 5730 et
2772 5671 3076 5729 humiliatus
3101 5686 3238 5727 sum.
