4036 6346
1312 267 1344 277 ο

276 364 346 420 25
1054 353 1360 413 REGULE
1398 351 1826 411 PASTORALIS

1964 353 2083 409 lER.
2133 384 2197 397 --
2236 351 2415 410 PARS
2451 351 2787 408 SECUNDA.
3478 354 3549 408 26

281 494 389 535 sam
437 477 645 532 Veritas
694 473 1013 543 reprobans,
1040 474 1113 528 ait
1139 492 1151 527 :
1184 473 1369 529 Semen
1415 484 1583 528 autem
1620 474 1757 542 quod
1800 474 1855 527 in
1882 473 1933 533 Α
1960 486 2079 525 cum
2106 470 2352 525 dicebat:
2384 467 2623 523 Tentatio
2653 485 2741 523 vos
2767 484 2869 522 non
2898 467 3288 540 apprehendat,
3317 485 3416 523 rust
3449 472 3548 524 hu-

282 568 435 637 rpinis
463 568 678 634 cecidit,
710 568 762 620 hi
791 575 910 620 sunt
938 568 1022 634 qui
1048 567 1322 619 audierunt
1353 568 1588 629 verbum,
1617 575 1664 619 et
1693 584 1725 619 a
1753 567 1855 620 sol-

281 660 621 712 licitudinibus
649 669 696 711 rt
726 660 917 711 divitiis
944 668 991 712 et
1020 660 1360 728 voluptatibus
1391 664 1507 712 vitta
1538 669 1711 713 euntes
1745 661 1854 728 suf-

278 759 531 821 focautur,
556 764 600 806 et
630 769 730 806 non
758 756 986 821 referunt
1012 757 1235 821 fructum
1265 753 1415 820 (Luc.
1440 768 1563 817 vrtt,
1595 753 1705 820 Η).
1733 752 1856 820 Lip-

277 859 376 912 pus
404 858 528 898 vero
550 853 660 905 est,
682 844 835 914 cujus
864 844 1075 913 quidem
1105 844 1373 913 ingenium
1397 846 1460 896 ad
1493 844 1851 913 cognitiOnem

278 937 511 989 veritatis
546 937 769 1000 emicat,
802 936 895 991 scd
938 946 1112 989 tamen
1161 938 1262 991 hoc
1306 937 1534 990 carnalia
1567 950 1727 1003 opera
1760 937 1857 989 ob-

278 1039 509 1083 scurant.
545 1030 597 1082 lu
629 1031 785 1099 lippis
814 1031 1010 1098 quippe
1038 1029 1209 1083 oculis
1239 1031 1453 1099 pupilla:
1500 1045 1644 1082 sanre
1693 1040 1815 1081 sunt
1836 1072 1851 1094 ,

276 1120 368 1175 sed
414 1120 637 1176 humore
664 1122 930 1176 deﬂuente
962 1132 984 1157 ⁸
1017 1122 1298 1175 inlirmataa
1346 1124 1611 1191 palpebrae
1640 1136 1855 1189 grosSe-

277 1219 466 1277 scnnt;
511 1228 767 1282 quorum,
809 1213 931 1281 quia
984 1213 1248 1267 inlusione
1292 1213 1484 1265 crebro
1530 1220 1852 1275 atteruntur,

276 1305 435 1357 etiam
466 1303 607 1357 acies
642 1306 852 1371 pupillae
882 1305 1120 1358 vitiatur.
1156 1304 1222 1358 Et
1262 1313 1383 1357 sunt
1430 1304 1667 1356 nonnulli
1719 1318 1855 1369 quo-

274 1412 393 1450 rum
422 1413 635 1451 sensum
676 1399 909 1453 carnalis
950 1399 1068 1451 vita:
1109 1401 1348 1466 operatio
1379 1398 1620 1461 sanciat,
1661 1397 1750 1465 qui
1782 1398 1857 1449 vi-

275 1489 402 1543 dere
434 1499 577 1545 recta
606 1491 869 1545 subtiliter
898 1508 988 1558 per
1016 1492 1284 1557 ingenium
1320 1499 1602 1559 poterant,
1634 1490 1726 1543 sed
1759 1505 1855 1541 usu

274 1596 559 1647 pravorum
588 1592 798 1635 actuum
830 1583 1082 1652 caligant.
1118 1583 1316 1651 Lippus
1348 1583 1525 1649 itaque
1558 1590 1673 1643 est,
1704 1582 1857 1646 cujus

275 1686 491 1724 sensum
523 1681 707 1726 natura
754 1677 1001 1736 exacuit;
1033 1675 1125 1728 sed
1168 1673 1595 1727 conversationis
1628 1673 1857 1739 pravitas

274 1763 566 1815 confundit.
617 1766 709 1818 Cui
752 1767 885 1819 bene
935 1782 1027 1834 per
1067 1768 1310 1836 angelum
1358 1767 1590 1820 dicitur:
1627 1763 1855 1832 Collyrio

1958 578 2108 615 mana
2141 558 2194 631 (1
2217 559 2338 615 Cor.
2362 576 2419 625 ι,
2456 558 2573 629 l5);
2604 574 2665 613 ac
2691 560 2734 612 si
2764 566 2949 627 aperte
2971 559 3212 613 diceret:
3248 559 3545 616 llumauum

1957 654 2169 724 quidem
2198 662 2281 708 est
2311 654 2657 708 tentationem
2686 654 2737 707 in
2768 652 2930 707 corde
2982 653 3186 722 perpeti
3207 691 3221 716 ,
3251 652 3545 709 daemonia-

1957 761 2078 801 cum
2104 761 2230 800 vero
2250 754 2333 800 est
2356 747 2405 799 in
2432 746 2738 799 tentatinnis
2761 744 3054 799 certamine
3076 754 3129 799 et
3151 746 3202 799 in
3232 748 3548 813 Operatione

1956 838 2216 907 superari.
2269 838 2642 909 Impetiginem
2695 853 2908 908 quoque
2961 838 3124 892 habet
3175 838 3228 894 in
3282 854 3545 909 corpore,

1961 934 2203 1004 quisquis
2228 934 2453 988 avaritia
2478 942 2713 987 vastatur
2740 933 2790 986 in
2826 944 3003 987 mente
3028 951 3041 987 :
3068 948 3187 1000 quae
3214 935 3260 987 si
3288 934 3340 989 in
3373 936 3551 1003 parvis

1962 1041 2066 1080 non
2109 1026 2488 1093 compescitur,
2522 1024 2770 1078 nimirum
2818 1025 2936 1078 sine
2976 1010 3226 1080 mensura
3274 1025 3548 1083 dilatatur.

1960 1116 2215 1186 lmpetigo
2240 1117 2443 1185 quippe
2470 1116 2588 1171 sine
2618 1115 2806 1170 dolore
2833 1131 3027 1184 corpus
3056 1125 3316 1185 occupat,
3344 1126 3401 1172 et
3429 1118 3552 1174 abs-

1958 1227 2060 1280 que
2089 1215 2330 1281 occupati
2364 1211 2521 1265 taadio
2551 1225 2866 1265 excrescens
2899 1211 3265 1267 membrorum
3294 1215 3545 1269 decorem

1961 1304 2154 1369 findat,
2184 1306 2304 1372 quia
2333 1313 2388 1357 et
2417 1304 2638 1357 avaritia
2678 1306 2817 1371 capti
2850 1304 3085 1357 animmn
3116 1304 3242 1369 dum
3274 1308 3424 1376 quasi
3455 1307 3550 1362 de-

1960 1396 2150 1459 lectat,
2179 1395 2483 1453 exulcerat:
2516 1395 2643 1450 dum
2692 1396 3033 1465 adipiscenda
3078 1412 3303 1467 quaeque
3344 1400 3549 1468 cogita-

1961 1488 2089 1541 tioni
2117 1487 2332 1555 objicit,
2366 1487 2431 1540 ad
2482 1487 2787 1542 inimicitias
2835 1489 3107 1549 accendit,
3140 1498 3194 1543 et
3224 1490 3463 1545 dolorem
3489 1492 3547 1547 in

1960 1578 2180 1631 vulnere
2204 1592 2307 1631 non
2340 1578 2479 1639 facit,
2506 1578 2628 1647 quia
2650 1581 2897 1632 aestuanti
2923 1580 3101 1634 animo
3123 1595 3187 1635 ex
3210 1582 3364 1649 culpa
3387 1582 3551 1638 abun-

1962 1668 2194 1722 dantiam
2243 1669 2340 1740 13
2386 1670 2666 1737 promittit.
2701 1670 2806 1726 Sed
2838 1672 2999 1726 decor
3030 1674 3391 1728 membrorum
3421 1690 3547 1745 per-

1962 1760 2122 1823 ditur,
2148 1762 2269 1830 quia
2318 1762 2544 1815 aliarum
2590 1777 2803 1831 quoque
2844 1766 3099 1818 virtutum
3133 1780 3226 1835 per
3260 1766 3398 1820 hanc
3428 1768 3550 1837 pul-

273 1853 459 1922 inunge
488 1855 659 1908 oculos
686 1866 802 1909 tuos
830 1868 883 1910 ut
926 1860 1098 1910 videas
1146 1860 1331 1929 (Apoc.
1357 1874 1444 1925 ιιι,
1478 1859 1585 1927 18).
1618 1856 1855 1928 Collyrio
1887 1856 1932 1916 Β
1960 1856 2209 1910 chritudo
2254 1856 2605 1923 depravatur;
2637 1866 2691 1911 et
2732 1858 2885 1926 quasi
2923 1865 3093 1910 totum
3139 1872 3335 1927 corpus
3371 1870 3392 1896 ο
3420 1874 3550 1914 exa-

273 1946 470 2014 qnippe
499 1948 683 2001 oculos
723 1958 779 2002 ut
820 1950 1095 2003 videamus
1142 1950 1465 2016 iniungimus,
1497 1965 1617 2003 cum
1650 1949 1714 2002 ad
1765 1963 1857 2003 co-

270 2037 629 2104 gnoscendam
655 2040 761 2092 ve:i
792 2039 1008 2095 luminis
1034 2039 1327 2095 claritatem
1355 2040 1654 2094 intellectus
1682 2040 1855 2093 nostri

270 2129 442 2183 aciem
475 2132 827 2186 medicamine
858 2132 1009 2186 bona:
1039 2133 1364 2201 operationis
1392 2132 1730 2201 adjuvamus.
1761 2134 1858 2187 ΛΙ-

270 2221 522 2292 buginem
554 2239 679 2279 vero
708 2225 865 2279 habet
898 2228 947 2279 in
980 2226 1154 2292 oculo,
1184 2226 1271 2295 qui
1300 2227 1537 2280 veritatis
1570 2227 1742 2281 lucent
1773 2228 1855 2280 vi-

270 2313 403 2368 dere
431 2331 534 2368 non
566 2317 779 2379 sinitur,
804 2320 924 2387 quia
954 2319 1256 2387 arrogantia
1288 2320 1560 2387 sapientiae
1589 2334 1683 2373 seu
1705 2320 1859 2388 justi-

271 2407 362 2460 tite
402 2419 651 2464 caecatur.
688 2412 889 2480 Pupilla
932 2429 1161 2482 namque
1188 2415 1326 2467 oculi
1371 2420 1519 2484 anra
1573 2414 1746 2479 videt,
1777 2415 1857 2469 al-

270 2498 520 2588 bgginem
567 2504 798 2559 tolerans
847 2506 916 2560 nil
977 2506 1149 2571 videt,
1201 2508 1319 2575 quia
1368 2507 1616 2562 videlicet
1663 2522 1856 2564 sensus

269 2593 517 2649 humanm
563 2599 895 2668 cogitationis
937 2600 981 2653 si
1028 2602 1247 2653 stultum
1291 2616 1348 2654 se
1400 2614 1850 2671 peccatoremque

269 2675 544 2755 iritelligit,
586 2691 941 2757 cognitionem
970 2692 1168 2744 intima:
1196 2692 1452 2745 claritatis
1478 2694 1851 2761 apprehendit.

267 2778 328 2833 Si
371 2789 549 2833 autem
596 2782 883 2837 candorem
914 2784 1013 2838 sibi
1043 2784 1263 2853 justitiaa
1310 2800 1405 2839 seu
1448 2787 1722 2854 sapientia:
1756 2788 1850 2840 tri-

266 2869 413 2940 buit,
444 2888 473 2925 a
505 2874 621 2927 luce
643 2889 701 2929 se
736 2890 979 2944 superna:
1005 2875 1032 2914 ιι
1058 2877 1375 2946 cognitionis
1405 2879 1671 2942 excludit;
1706 2887 1760 2933 et
1787 2893 1853 2933 eo

265 2960 570 3016 claritatem
596 2965 705 3018 veri
736 2967 949 3019 luminis
981 2982 1312 3036 nequaquam
1356 2976 1625 3036 penetrat,
1662 2984 1765 3038 quo
1793 2985 1853 3024 se

260 3054 411 3121 apud
439 3070 496 3107 se
525 3071 618 3123 per
638 3061 992 3127 armgantiam
1022 3060 1256 3126 exaltat;
1286 3063 1417 3114 sicut
1446 3063 1511 3116 de
1536 3063 1852 3131 quibusdam

262 3148 503 3201 dicitur:
536 3147 770 3204 Dicente:
808 3154 943 3205 enim
981 3170 1033 3206 se
1081 3170 1189 3206 esse
1234 3156 1508 3219 sapientes,
1543 3156 1687 3209 stulti
1734 3158 1856 3225 facti

1960 1956 2168 2017 sperat,
2195 1947 2315 2015 quia
2350 1963 2444 2016 per
2470 1948 2723 2001 universa
2753 1948 2882 2001 vitia
2914 1950 3152 2001 animum
3200 1950 3542 2018 supplantat,

1960 2039 2121 2093 Paulo
2168 2048 2453 2094 attestante
2496 2041 2587 2107 qui
2632 2041 2753 2093 ait:
2798 2038 2974 2093 Radix
3024 2043 3248 2093 omnium
3297 2042 3550 2097 malorum

1959 2141 2031 2185 est
2072 2132 2325 2197 cupiditas
2374 2132 2421 2201 (I
2465 2131 2601 2186 Tim.
2626 2148 2709 2198 vt,
2739 2132 2851 2203 10).
2884 2133 3225 2189 Ponderosus
3267 2150 3397 2191 vero
3429 2144 3545 2204 est,

1959 2225 2046 2295 qui
2091 2224 2470 2292 turpitudinem
2513 2239 2618 2279 non
2650 2236 2867 2279 exercet
2900 2240 3087 2293 opere,
3119 2227 3213 2281 sed
3250 2234 3428 2281 tamen
3475 2228 3545 2283 ab

1960 2321 2059 2375 hac
2088 2320 2409 2389 cogitatione
2437 2320 2689 2374 continua
2734 2320 2852 2374 sine
2888 2318 3251 2375 moderamine
3298 2330 3551 2389 gravatur

1960 2413 2013 2467 in
2059 2425 2267 2478 mente;
2301 2415 2390 2483 qui
2437 2428 2770 2482 nequaquam
2823 2412 3039 2482 quidem
3084 2426 3251 2481 usque
3296 2410 3363 2465 ad
3413 2426 3550 2481 opus

1961 2505 2219 2559 nefarium
2252 2506 2474 2572 rapitur,
2499 2505 2590 2559 sed
2618 2504 2734 2573 ejus
2760 2506 2970 2558 animus
3001 2505 3276 2573 voluptate
3320 2503 3551 2559 luvurizn

1962 2596 2079 2651 sine
2121 2597 2230 2650 ullo
2260 2593 2285 2632 ά
2318 2597 2722 2667 repugnationis
2750 2597 2967 2650 stimulo
2995 2597 3315 2652 delectaiur.
3353 2595 3549 2651 Vitium

1959 2692 2158 2759 quippe
2185 2702 2268 2745 est
2302 2691 2573 2758 ponderis,
2604 2707 2726 2745 cum
2758 2691 2947 2744 humor
2977 2690 3238 2745 viscerum
3270 2692 3335 2741 ad
3380 2688 3551 2743 virilia

1959 2783 2174 2846 labitur,
2207 2800 2325 2849 qum
2368 2783 2607 2851 profecto
2647 2798 2768 2837 cum
2813 2782 3051 2836 molestia
3101 2781 3380 2836 dedecoris
3413 2781 3552 2835 intu-

1960 2884 2221 2929 mescunt.
2257 2875 2599 2931 Ponderosus
2629 2891 2757 2945 ergo
2801 2885 2909 2939 est,
2940 2874 3029 2944 qui
3065 2873 3187 2928 totis
3214 2873 3552 2942 cogitationi-

1959 2969 2057 3022 bus
2095 2968 2198 3040 14
2227 2968 2288 3021 ad
2323 2969 2593 3022 lasciviam
2638 2968 2900 3034 dellueus,
2947 2966 3153 3037 pondus
3204 2966 3548 3034 turpitudinis

1958 3070 2130 3128 gestat
2162 3071 2185 3097 ο
2217 3063 2267 3115 in
2309 3062 2504 3126 corde;
2538 3070 2592 3115 et
2636 3064 2879 3128 quamvis
2930 3074 3089 3129 prava
3135 3073 3239 3113 non
3288 3067 3546 3112 exerceat

1958 3166 2141 3222 Opere,
2174 3156 2239 3208 ab
2284 3155 2365 3213 his
2413 3165 2587 3208 tamen
2636 3169 2739 3208 non
2780 3153 3028 3208 evellitur
3079 3161 3275 3206 mente.
3323 3150 3431 3204 Nec
3480 3149 3548 3204 ad

261 3247 385 3291 sunt
430 3235 676 3305 (Rom.r,
706 3239 818 3309 2:2).
867 3240 1054 3309 Jugem
1102 3258 1226 3296 vero
1268 3244 1425 3296 habet
1470 3244 1735 3311 scabiem,
1769 3248 1852 3298 cui
1882 3241 1928 3301 C
1964 3262 2115 3300 usum
2168 3248 2287 3300 boni
2335 3248 2513 3315 operis
2556 3248 2607 3300 iu
2657 3255 2841 3315 aperto
2893 3247 3035 3299 valet
3078 3257 3381 3311 assurgere,
3423 3242 3549 3311 quia

262 3328 446 3381 carnis
477 3331 763 3397 petulantia
794 3332 908 3385 sine
937 3334 1241 3387 cessatione
1272 3334 1597 3389 dominatur.
1633 3336 1687 3389 ltt
1736 3351 1852 3390 sca-

262 3420 356 3473 bie
397 3421 595 3474 etenim
640 3422 817 3476 fervor
858 3425 1121 3478 viscerum
1154 3430 1216 3477 all
1267 3435 1443 3479 cutem
1479 3426 1724 3493 trahitur,
1759 3444 1855 3504 per

264 3528 427 3582 quam
453 3528 597 3569 recte
619 3515 823 3569 luxuria
847 3516 1178 3586 designatur,
1204 3519 1324 3588 quia
1355 3519 1401 3571 si
1429 3519 1603 3571 cordis
1633 3520 1857 3572 tentatio

264 3620 440 3674 usque
466 3606 532 3660 ad
576 3610 941 3675 operationem
992 3612 1231 3681 prosilit,
1267 3611 1518 3663 nimirum
1568 3610 1745 3665 fervor
1778 3612 1860 3665 in-

264 3700 434 3752 timus
484 3715 653 3768 usque
701 3702 763 3753 ad
802 3702 939 3755 cutis
981 3702 1213 3757 scabiem
1265 3703 1595 3771 prorumpit;
1625 3711 1680 3757 et
1726 3700 1858 3758 foris

264 3792 378 3861 jam
403 3806 598 3861 corpus
622 3794 851 3857 sauciat,
879 3795 1000 3863 quia
1024 3796 1150 3848 dum
1179 3796 1228 3848 in
1262 3794 1583 3863 cogitatione
1608 3796 1858 3864 voluptas

264 3899 377 3936 nou
422 3884 750 3954 reprimitur,
784 3886 941 3939 etiam
978 3888 1028 3939 in
1074 3888 1281 3942 actione
1330 3888 1658 3942 dominatur.
1692 3890 1856 3957 Quasi

263 3977 414 4030 enim
459 3977 597 4031 cutis
636 3978 961 4048 pruriginem
1014 3979 1208 4033 Paulus
1257 3979 1477 4033 curabat
1523 3981 1854 4049 abstergere,

345 4121 373 4148 ι
405 4112 502 4166 llic
540 4112 600 4182 in
627 4112 752 4165 Mss.
782 4112 911 4165 mira
942 4111 1191 4167 varietas.
1222 4112 1278 4166 In
1317 4112 1509 4177 Laud.,
1542 4114 1863 4182 inﬁrmitates

262 4183 553 4255 palpebrae.
586 4180 640 4255 l_n
680 4183 846 4255 duob.
870 4199 971 4255 ρι’.
1001 4184 1234 4248 Gemet.,
1267 4184 1553 4252 inﬁrmanti
1595 4180 1858 4251 palpebra.

262 4253 325 4311 In
375 4254 564 4313 Cum"
603 4253 826 4315 Bellnv.,
856 4254 1074 4306 Carnot.
1137 4256 1200 4318 ‘3,
1232 4255 1396 4309 duob.
1438 4255 1668 4317 Tlteod.,
1708 4257 1862 4322 inﬁr-

261 4335 469 4379 mantes
498 4322 773 4393 palpebra.
802 4326 856 4376 lu
889 4324 1047 4393 priori
1078 4325 1236 4379 Caru.
1263 4336 1317 4380 et
1341 4326 1480 4381 And.
1508 4326 1557 4393 Al,
1588 4327 1858 4395 inﬁrman-

265 4399 348 4450 tia
381 4397 647 4463 palpebra.

345 4464 381 4505 δ
410 4464 835 4538 Gemeticenses,
864 4468 1208 4538 cogitationis.

351 4547 376 4574 ε
408 4536 575 4590 Laud.
587 4577 601 4601 ,
628 4536 907 4591 exulcerat.

273 4676 1683 4703 .——\’-——————————I——_——_——

1893 4511 1946 4571 D

1958 3350 2145 3409 gravat
2175 3340 2315 3392 hunc
2346 3340 2398 3392 in
2441 3339 2636 3393 abditis
2670 3338 2876 3405 pondus
2927 3348 3097 3405 turpe.
3130 3334 3383 3402 Quisquis
3425 3346 3552 3399 ergo

1961 3430 2198 3497 quolibet
2244 3429 2433 3483 horum
2472 3429 2604 3483 vitio
2642 3425 2660 3464 ί
2693 3427 2975 3499 subigitur,
3022 3440 3185 3495 panes
3219 3425 3444 3479 Domino
3475 3421 3553 3475 ul-

1970 3522 2112 3576 l'erre
2160 3520 2494 3587 prohibetur,
2518 3534 2587 3573 ne
2618 3520 2853 3589 profecto
2881 3520 3085 3572 diluere
3130 3517 3317 3572 aliena.
3357 3513 3552 3570 delicta

1963 3629 2071 3669 non
2102 3614 2270 3668 valeat
2308 3615 2353 3669 is
2381 3630 2536 3684 quem
2566 3614 2739 3667 adhuc
2769 3614 2984 3683 propria
3018 3621 3043 3659 κ
3080 3611 3383 3666 devastant.
3415 3609 3551 3676 Quia

1964 3708 2123 3777 igitur
2155 3710 2340 3775 paucis
2380 3708 2445 3762 ad
2478 3708 2746 3776 pastorale
2777 3706 3141 3775 magisterium
3186 3704 3391 3773 dignus
3419 3718 3553 3772 qua-

1964 3800 2087 3855 liter
2115 3800 2327 3863 veniat,
2357 3810 2517 3870 atque
2546 3800 2648 3855 hoc
2678 3800 2924 3869 indignus
2947 3798 3175 3867 qualiter
3208 3800 3553 3865 pertimescat

1962 3892 2315 3956 ostendimus,
2348 3907 2489 3947 nunc
2535 3892 2581 3946 is
2626 3892 2715 3962 qui
2750 3892 2820 3947 ad
2857 3890 2981 3945 illud
3013 3889 3173 3959 digne
3206 3887 3547 3958 pervenerit,

1966 3984 2019 4038 in
2054 4000 2121 4040 eo
2150 3985 2379 4052 qualiter
2402 3986 2581 4039 vivere
2610 3984 2804 4040 debeat
2833 3983 3283 4039 demonstremus.

2036 4115 2063 4154 ἀ
2095 4118 2266 4184 Editi,
2313 4120 2699 4188 repugnatiom’s
2728 4117 3018 4181 obstaculo;
3047 4116 3188 4187 quod
3234 4117 3286 4170 in
3333 4114 3492 4170 nullis
3522 4130 3553 4171 θ

1966 4191 2165 4243 nostris
2190 4191 2314 4244 Mss.
2342 4190 2553 4255 legitur.

2042 4270 2065 4297 θ
2096 4260 2313 4314 Carnot.
2341 4262 2543 4325 primus
2570 4271 2623 4314 et
2653 4260 2924 4314 secundus
2951 4258 3115 4321 Aud.,
3142 4258 3195 4311 in
3225 4273 3458 4323 corpore.

1971 4404 1983 4415 ο
2095 4332 2312 4386 Carnot.
2339 4334 2562 4400 primus,
2588 4330 2932 4402 subjungitur.
2966 4330 3171 4385 Bellov.
3197 4339 3253 4385 et
3280 4329 3405 4397 alii,
3435 4327 3553 4382 ηιμ

2022 4412 2146 4454 ιιην.

1965 4420 2193 4528 tmisul-lic
2225 4472 2515 4528 absolvitur
2536 4482 2695 4544 caput
2724 4472 2775 4527 in
2808 4460 3021 4543 Longip.

1253 4780 1999 4888 SECUNDA
2089 4779 2555 4887 PARS.

1499 4972 1600 5029 DE
1647 4978 1671 5005 ⁸³
1720 4970 1911 5029 νΙΤΑ
1957 4970 2356 5030 PASTORIS.

632 5184 859 5240 CAPUT
901 5182 1166 5239 PRIMUM
1207 5180 1316 5253 [Αι.
1348 5176 1514 5249 xu].

303 5299 371 5355 Is
398 5302 488 5371 qui
512 5299 582 5353 ad
613 5299 842 5369 regimen
870 5298 1105 5371 ordinate
1134 5294 1439 5371 pervenerit,
1470 5294 1671 5363 qualem
1698 5309 1750 5345 re
1778 5294 1828 5345 in

641 5365 753 5437 ipso
780 5371 1026 5437 regimine
1054 5369 1231 5421 debent
1262 5365 1515 5419 exhibere.

345 5463 580 5516 Tantum
612 5461 775 5513 debet
803 5461 1071 5513 actionem
1105 5458 1282 5526 populi
1315 5457 1455 5511 actio
1486 5456 1867 5510 transcendere

262 5556 527 5628 prmsulis
549 5597 562 5619 ,
598 5562 860 5624 quantum
889 5554 1087 5606 distare
1118 5553 1254 5606 solet
1280 5566 1308 5604 a
1341 5566 1498 5620 grege
1542 5550 1647 5604 vita
1681 5558 1864 5618 pasto-

340 5678 374 5705 ι
414 5669 628 5723 Titulus
657 5666 741 5720 hic
772 5663 1089 5740 iuuantiquis
1115 5664 1244 5740 Mss.
1272 5677 1379 5740 non
1407 5661 1623 5740 legitur,
1653 5658 1760 5740 nisi
1781 5672 1866 5711 re-

257 5741 501 5800 centiori
538 5754 701 5792 manu
731 5728 1001 5800 addictus,
1028 5745 1084 5789 ut
1112 5735 1323 5788 videtur
1350 5734 1398 5785 in
1423 5728 1693 5784 '2'Gentet.
1722 5728 1865 5800 Con-

262 5796 426 5869 tinua
458 5826 590 5880 ergo
618 5809 762 5863 serie
791 5808 844 5861 in
877 5796 1034 5860 manu
1078 5807 1311 5880 esaratis
1350 5804 1597 5880 sequitur
1627 5814 1744 5867 cap.
1776 5796 1865 5851 12.

260 5884 325 5941 In
358 5873 588 5949 Longip.
619 5888 705 5935 est
730 5887 934 5935 tantum
962 5893 1081 5947 cap.
1110 5877 1164 5932 9.
1198 5873 1458 5930 Divisioui
1484 5880 1662 5926 tamen
1692 5884 1721 5923 a
1748 5883 1872 5924 sane

1977 5179 2071 5234 ris.
2097 5179 2318 5248 Oportet
2337 5192 2566 5247 namque
2588 5185 2646 5232 ut
2673 5177 2851 5233 metiri
2876 5175 3106 5237 sollicite
3128 5178 3339 5234 studeat
3364 5185 3560 5249 quanta

1976 5272 2223 5327 tenenda:
2273 5269 2610 5325 rectitudinis
2664 5270 2981 5325 necessitate
3007 5272 3410 5341 constringitur,
3460 5271 3560 5326 sub

1981 5364 2129 5432 cujus
2176 5360 2530 5418 aestimatione
2577 5364 2803 5434 populus
2849 5381 2975 5433 grex
3019 5374 3257 5420 vocatur.
3307 5364 3391 5421 Sit
3430 5378 3559 5435 ergo

1979 5470 2198 5511 necesse
2228 5464 2313 5510 est
2341 5457 2663 5525 cogitatione
2691 5458 2917 5513 mundus
2938 5503 2953 5527 ,
2990 5459 3200 5512 actione
3225 5456 3558 5525 praecipuus,

1976 5549 2239 5605 discretus
2278 5550 2332 5603 in
2373 5549 2618 5617 silentio,
2653 5550 2798 5606 utilis
2840 5553 2892 5606 in
2933 5553 3126 5617 verbo,
3160 5553 3381 5622 singulis
3410 5566 3558 5606 com-

1975 5668 2062 5732 cto
2096 5661 2324 5715 Doctore
2357 5664 2677 5732 proposita,
2709 5677 2829 5717 cum
2861 5665 3143 5716 conveniat
3170 5661 3285 5716 hrec
3316 5662 3546 5730 inscrip-

1977 5731 2167 5801 tio”th
2207 5731 2445 5802 patetex
2474 5733 2837 5802 superioribus
2883 5734 3060 5786 verbis
3099 5734 3291 5803 quibus
3332 5747 3453 5802 cap.
3491 5732 3552 5789 11

1979 5803 2293 5873 absolvitur,
2325 5819 2444 5861 eam
2473 5805 2807 5860 retinendam
2838 5803 3108 5858 duximus.
