4036 6346
303 347 369 405 υ
432 386 450 404 .
1084 354 1387 411 llEGULE
1430 357 1854 414 PASTORALIS

1992 358 2118 414 lEB.
2162 386 2231 398 -
2272 358 2451 414 PARS
2490 359 2826 418 SECUNDA.
3002 350 3005 353 5
3505 362 3575 416 ὅθ

308 481 479 539 perna:
519 480 735 535 qmque
789 466 934 519 vocis
980 468 1205 535 imperio
1254 467 1469 539 (Exod.
1507 484 1663 538 xxix,
1696 468 1770 538 Ii)
1822 470 1875 522 iu
1908 476 1949 531 Α
1979 485 2107 524 caro
2167 484 2487 527 macerctur.
2548 473 2699 528 Unde
2756 481 2811 530 et
2863 474 2946 530 bis
2994 476 3164 531 tincto
3212 489 3378 531 cocco
3432 485 3573 532 torta

307 570 519 628 utroque
560 558 784 613 humero
825 557 1085 613 sacerdos
1116 560 1380 615 velamine
1421 562 1880 629 superhuuieralis

304 653 635 721 astringitur,
684 664 737 704 ut
770 664 955 705 contra
984 654 1211 706 adversa
1242 669 1304 706 ac
1338 669 1589 722 prospera
1626 654 1882 710 virtutum

301 757 512 812 semper
539 753 859 798 ornamento
890 743 1191 810 muniatur;
1217 744 1670 815 quatenusgjtma
1696 762 1882 803 vocem

302 836 448 893 Pauli
480 835 584 905 (ll
618 837 740 891 Cor.
768 853 861 903 vr,
889 839 985 906 7),
1030 854 1127 908 per
1168 854 1315 893 arma
1355 839 1575 908 justitize
1618 857 1644 891 ιι
1684 839 1885 896 dextris

298 930 639 998 sinistrisque
668 931 916 1001 gradiens
939 971 955 995 ,
988 946 1107 985 cum
1148 931 1211 985 ad
1258 931 1367 985 sola
1409 946 1530 997 qua:
1563 941 1588 967 ⁸
1625 931 1884 989 interiora

296 1032 419 1078 sunt
456 1024 666 1085 nititur,
712 1022 762 1075 iu
807 1021 953 1075 nullo
994 1020 1020 1060 δ
1065 1022 1441 1077 delectationis
1480 1022 1676 1077 inlitum
1719 1023 1887 1078 latere

296 1119 562 1170 ﬂectatur.
596 1115 709 1170 Non
746 1115 889 1169 hunc
921 1129 1175 1184 prosriera
1216 1115 1463 1179 eleveut,
1509 1130 1611 1169 non
1657 1115 1883 1169 adverSa

297 1209 637 1276 perturbent,
669 1222 773 1263 non
803 1207 995 1260 blanda
1023 1222 1190 1275 usque
1215 1205 1281 1259 ad
1313 1207 1640 1260 voluntatem
1674 1192 1885 1261 demul-

293 1310 491 1363 eeant,
536 1315 641 1353 non
684 1314 873 1367 aspera
916 1298 982 1353 ad
1023 1298 1454 1367 desperationem
1502 1308 1790 1367 premant;
1830 1310 1886 1353 ut

294 1390 425 1445 dum
459 1392 619 1443 nullis
649 1389 991 1459 passiouibus
1016 1391 1365 1445 intentionem
1395 1391 1591 1445 mentis
1618 1390 1875 1460 huruiliat,

293 1495 489 1553 quanta
516 1485 566 1539 in
596 1495 821 1553 utroque
846 1484 1070 1538 ltumero
1101 1484 1557 1554 superhumeralis
1588 1482 1885 1551 pulchritu-

292 1578 424 1633 dine
457 1587 659 1647 tegatur
688 1581 955 1634 ostendat.
985 1579 1136 1646 Quod
1168 1589 1313 1635 recte
1342 1581 1503 1633 etiam
1533 1580 1877 1649 superhume.

292 1670 411 1732 rale
432 1685 497 1726 ex
517 1686 668 1734 auro,
692 1670 1003 1739 hyacintho,
1030 1686 1287 1741 purpura,
1312 1672 1395 1726 bis
1427 1672 1591 1725 tincto
1619 1686 1801 1732 cocco,
1832 1681 1886 1725 et

292 1767 435 1815 torta
460 1762 751 1833 ﬁeribysso
766 1763 1071 1832 praecipitur
1092 1762 1286 1835 (Exod.
1316 1779 1495 1818 xxvur
1519 1762 1599 1833 8),
1623 1771 1884 1832 utquanta

1994 563 2184 630 liyssux
2229 564 2558 636 adjungitur.
2605 565 2683 622 De
2724 576 2866 623 terra
2906 569 3100 623 etenim
3146 568 3340 641 byssus
3382 568 3574 624 nitenti

1988 656 2169 721 specie
2199 657 2392 709 oritur.
2427 656 2493 709 Et
2522 655 2646 726 quid
2682 673 2776 727 per
2806 657 3023 729 byssutn
3045 701 3060 726 ,
3094 657 3196 713 nisi
3224 642 3459 714 candens
3487 646 3580 714 de-

1989 758 2117 801 core
2165 747 2440 803 munditia:
2486 750 2784 821 corporalis
2824 751 3042 806 castitas
3071 750 3421 822 designatur?
3450 751 3580 820 Qua:

1991 839 2249 895 videlicet
2290 849 2431 894 torta
2453 884 2467 909 ,
2516 842 2907 911 pulchritudini
2937 844 3396 911 superlmmeralis
3425 828 3581 898 inne-

1990 932 2151 986 ctitur
2178 949 2193 1000 ;
2220 934 2343 1003 quia
2380 944 2504 989 tunc
2533 936 2847 991 castimonia
2878 938 2943 990 ad
2974 937 3268 1007 perlectum
3300 936 3581 992 munditiae

1988 1026 2279 1083 candorem
2309 1027 2542 1097 ducitur,
2572 1044 2693 1085 cum
2721 1031 2816 1101 per
2837 1030 3217 1086 abstinentiam
3240 1046 3366 1086 caro
3390 1031 3580 1102 fatiga-

1990 1128 2095 1174 tur.
2145 1118 2405 1191 Cumque,
2429 1120 2569 1177 inter
2618 1123 2846 1178 virtutes
2888 1134 3114 1180 casteras
3158 1123 3318 1179 etiarn
3369 1122 3584 1178 amicta:

1989 1215 2170 1269 carnis
2202 1214 2449 1269 meritum
2492 1215 2733 1283 prolicit,
2774 1216 2925 1285 quasi
2970 1218 3020 1270 in
3058 1216 3274 1273 diversa
3315 1216 3582 1288 superha-

1991 1305 2207 1362 rneralis
2237 1308 2419 1377 specie
2447 1308 2644 1380 byssus
2675 1319 2813 1364 torta
2842 1296 3140 1364 candescit.

2459 1398 2685 1455 CAPUT
2716 1399 2784 1454 1v
2826 1400 2937 1465 (At.
2964 1398 3116 1469 XV).

2065 1487 2132 1544 Ut
2158 1490 2226 1542 sit
2254 1497 2419 1543 rector
2450 1490 2698 1553 discretus
2730 1490 2783 1544 in
2812 1490 3013 1543 silentio
3036 1529 3050 1553 ,
3086 1487 3229 1543 utilis
3257 1487 3309 1541 in
3340 1486 3511 1542 verbo.

2061 1582 2142 1639 Sit
2173 1590 2351 1639 rector
2380 1582 2544 1653 (Dist.
2572 1582 2666 1650 4'5,
2696 1583 2776 1638 Sit
2806 1582 2993 1652 rector)
3033 1582 3299 1638 discretus
3344 1582 3395 1634 iu
3426 1582 3587 1635 silen-

1990 1675 2064 1730 tio
2092 1717 2106 1743 ,
2140 1676 2285 1731 utilis
2326 1676 2378 1730 in
2423 1677 2624 1744 verbo,
2672 1693 2739 1731 ne
2781 1685 2873 1733 aut
2912 1676 3133 1731 tacenda
3175 1674 3451 1744 proferat,
3493 1682 3586 1728 aut

1994 1769 2309 1839 proferenda
2341 1770 2642 1825 reticescat.
2686 1770 2815 1824 Nam
2855 1768 2993 1824 sicut
3034 1769 3243 1824 incauta
3285 1767 3488 1822 locutio
3530 1767 3584 1820 in

289 1856 548 1910 sacerdos
587 1856 889 1911 clarescere
920 1857 1174 1912 virtuturu
1220 1856 1535 1926 diversitate
1574 1857 1765 1912 debeat
1791 1858 1885 1912 de-
1914 1856 1964 1919 B
1990 1875 2229 1916 errorem
2263 1861 2527 1929 pertrahit
2547 1900 2561 1924 ,
2590 1861 2661 1915 ita
2697 1860 3040 1915 indiscretqu
3069 1860 3339 1914 silentium
3367 1856 3585 1927 hosqui

287 1957 643 2005 monstretur.
679 1947 733 2002 lu
765 1948 1064 2003 sacerdotis
1100 1952 1294 2021 quippe
1326 1948 1507 2003 habitu
1540 1956 1663 2004 aute
1705 1950 1888 2003 omnia

284 2055 478 2096 aurum
504 2039 693 2109 lulget,
727 2048 785 2093 ut
813 2041 864 2094 in
888 2056 953 2095 eo
974 2041 1279 2095 intcllecms
1316 2040 1591 2111 sapientia:
1619 2040 1888 2111 principa-

286 2130 413 2186 liter
427 2130 648 2187 emicet.
668 2129 765 2184 Cui
795 2131 1130 2204 hyacinthus,
1148 2133 1236 2202 qui
1260 2148 1417 2187 aereo
1438 2134 1619 2187 colore
1643 2135 1887 2203 resplen-

285 2220 380 2275 det
412 2221 737 2293 adiungitur,
770 2234 824 2275 ut
850 2236 946 2293 per
974 2238 1134 2276 omne
1160 2223 1300 2292 quod
1337 2223 1687 2291 intelligendo
1718 2240 1881 2295 pene-

285 2321 417 2381 trat,
437 2316 621 2368 nonad
641 2312 854 2368 favores
875 2315 1110 2381 intimos,
1136 2316 1238 2387 ιθ
1255 2314 1349 2370 sed
1366 2316 1434 2369 ad
1458 2331 1699 2371 amorem
1724 2320 1889 2373 caele-

285 2407 451 2463 stium
477 2417 662 2475 surgat
686 2423 701 2473 ;
733 2423 800 2462 ne
822 2407 947 2462 dum
974 2412 1084 2463 suis
1114 2411 1357 2463 incautus
1382 2410 1632 2466 laudibus
1657 2412 1884 2484 capitur,

283 2498 409 2568 ipso
440 2498 601 2552 etiam
635 2500 875 2553 veritatis
906 2500 1181 2555 intellectu
1214 2513 1492 2557 vacuetur.
1529 2511 1552 2538 ο
1584 2502 1733 2556 Auro
1755 2519 1887 2573 quo-

285 2606 391 2664 que
424 2600 479 2648 et
508 2592 798 2664 hyacintho
831 2607 1073 2663 purpura
1105 2595 1464 2664 permiscetur
1492 2611 1505 2657 ;
1540 2603 1591 2648 ut
1636 2594 1887 2651 videlicet

286 2685 627 2740 sacerdotale
655 2700 770 2751 cor,
804 2702 924 2740 cum
958 2702 1167 2740 summa
1208 2703 1329 2756 qua:
1370 2687 1624 2756 praedicat
1665 2699 1883 2759 sperat,

286 2778 340 2832 in
370 2778 669 2847 semetipso
701 2779 863 2832 etiam
894 2780 1273 2847 suggestiones
1304 2780 1552 2834 vitiormn
1587 2783 1839 2849 reprimat
1868 2823 1883 2847 ,

287 2871 477 2940 eisque
511 2870 652 2924 νιαιιιι
674 2888 738 2925 ex
774 2872 917 2942 regia
943 2882 1206 2940 poteSIate
1231 2874 1586 2936 contradicat,
1625 2887 1885 2945 quatenus

287 2964 631 3019 nobilitatem
678 2979 892 3033 semper
940 2967 1139 3021 intima!
1184 2969 1608 3036 regenerationis
1636 2954 1879 3039 aspiciat,

285 3065 344 3113 et
374 3057 616 3113 trelestis
644 3057 794 3127 regni
826 3056 927 3111 sibi
961 3057 1199 3112 habitum
1231 3060 1471 3115 moribus
1497 3060 1773 3118 defendat.
1808 3063 1884 3118 De

286 3148 392 3203 hac
420 3148 619 3217 quippe
652 3147 935 3205 nobilitate
976 3149 1192 3216 Spiritus
1238 3168 1333 3221 per
1380 3152 1598 3207 Petrum
1643 3153 1875 3208 dicitur:

1991 1956 2191 2012 erudiri
2234 1965 2512 2026 poterant,
2545 1956 2596 2010 in
2626 1968 2815 2009 errore
2844 1953 3188 2023 derelinquit.
3236 1952 3393 2022 Saepe
3434 1966 3586 2005 nam-

1993 2063 2098 2118 que
2130 2057 2370 2103 rectores
2404 2044 2689 2115 improvidi
2733 2038 3021 2100 humanam
3064 2042 3315 2098 amittere
3353 2040 3584 2112 gratiam

1993 2141 2384 2206 formidantes,
2436 2138 2581 2207 loqui
2630 2136 2794 2193 libere
2843 2144 2990 2191 recta
3042 2133 3476 2206 pertimescunt;
3527 2138 3584 2186 et

1956 2249 1961 2255 '
1988 2234 2138 2303 juxta
2165 2231 2417 2287 Veritatis
2445 2245 2632 2285 vocem
2665 2227 2844 2302 (Joan.
2872 2244 2930 2295 ι,
2960 2226 3075 2299 12),
3105 2240 3440 2299 nequaquam
3467 2223 3577 2293 jam

1987 2326 2167 2399 gregis
2193 2322 2453 2383 costodia:
2500 2323 2783 2378 Pastorum
2827 2320 3039 2386 studio,
3081 2320 3176 2376 sed
3219 2317 3585 2376 mercenario-

1991 2434 2109 2474 rum
2160 2418 2277 2473 viee
2322 2415 2663 2483 deserviunt,
2711 2415 2834 2478 quia
2888 2413 3138 2467 veniente
3179 2411 3304 2482 lupo
3344 2410 3584 2482 fugiunt,

1990 2514 2116 2567 dum
2163 2527 2223 2566 se
2258 2509 2357 2564 sub
2399 2510 2616 2565 silentio
2660 2506 3015 2562 abscondunt.
3058 2504 3195 2561 Hinc
3232 2517 3461 2571 namque
3490 2516 3585 2558 eos

1993 2621 2086 2674 per
2136 2603 2452 2674 praphetam
2507 2602 2762 2656 Dominus
2811 2574 3084 2670 incr'epat,
3131 2596 3366 2652 dicens:
3416 2595 3584 2650 Canes

1990 2699 2119 2752 muti
2148 2713 2251 2752 non
2278 2698 2503 2753 valentes
2534 2697 2725 2750 latrare
2756 2692 2910 2767 (Isai.
2934 2709 3051 2761 LVI,
3073 2682 3184 2751 10).
3208 2690 3344 2746 Hinc
3371 2701 3583 2744 rursum

1995 2790 2261 2860 queritur,
2305 2788 2537 2843 dicens:
2583 2786 2707 2841 Non
2750 2787 3051 2840 ascendistis
3091 2800 3154 2839 ea:
3192 2797 3448 2846 aaverso,
3493 2795 3585 2836 nec

1989 2881 2298 2950 opposuistis
2334 2880 2433 2955 l7
2462 2895 2668 2934 murum
2686 2895 2781 2951 pro
2806 2879 2957 2931 domo
2982 2875 3178 2943 Israel,
3206 2884 3264 2930 ut
3295 2873 3497 2930 staretis
3525 2873 3582 2927 in

1994 2975 2175 3045 prwlio
2214 2975 2268 3028 in
2309 2974 2392 3027 die
2434 2972 2641 3027 Domini
2684 2969 2918 3041 (Ezech.
2952 2984 3078 3034 xui,
3110 2967 3201 3039 5).
3246 2968 3323 3023 Ex
3352 2967 3581 3051 adverso

1990 3074 2190 3142 quippe
2217 3069 2512 3125 ascendere
2531 3111 2546 3140 ,
2576 3077 2658 3124 est
2688 3081 2785 3137 pro
2809 3064 3126 3120 defensione
3148 3062 3488 3145 gregisvoce
3518 3059 3586 3117 li-

1998 3167 2123 3220 hera
2162 3164 2323 3233 hujus
2354 3163 2537 3218 mundi
2570 3160 2921 3231 potestatibus
2963 3157 3253 3214 contraire.
3299 3155 3367 3210 Et
3404 3156 3456 3211 in
3499 3154 3586 3210 die

290 3239 397 3294 Vos
428 3250 599 3296 autem
630 3258 793 3311 9mm
818 3242 1066 3306 eiectum.
1088 3244 1261 3312 regale
1288 3243 1631 3298 sacerdotium
1656 3244 1707 3315 (1
1734 3244 1879 3299 Petr-
1911 3242 1959 3309 ε
1993 3257 2204 3319 Domini
2237 3240 2289 3311 in
2324 3256 2508 3324 praelia
2539 3263 2713 3319 stare,
2748 3259 2829 3306 est
2862 3250 3045 3318 pravis
3071 3245 3475 3304 decertantibus
3507 3259 3575 3299 ex

283 3348 341 3397 tt,
376 3334 456 3402 9).
500 3334 572 3387 De
608 3335 703 3386 hac
734 3335 892 3388 etiarn
930 3344 1221 3404 potestate,
1257 3337 1377 3405 quia
1409 3338 1531 3390 vitia
1563 3337 1881 3408 subigimus,

283 3426 511 3478 Joannis
556 3438 688 3478 voce
732 3428 1069 3492 roboraruur,
1117 3427 1209 3496 qui
1254 3430 1374 3481 ait:
1416 3428 1674 3498 Quotquot
1713 3438 1885 3481 autem

282 3528 582 3588 receperunt
630 3533 784 3584 eum,
824 3517 967 3571 dedit
1011 3519 1081 3572 eis
1111 3528 1408 3591 potestatem
1452 3520 1589 3588 ﬁlios
1630 3521 1728 3576 Dei
1769 3522 1887 3592 ﬁeri

285 3608 476 3680 (Joan.
506 3626 519 3663 ι
545 3651 559 3677 ,
590 3609 700 3682 12).
732 3611 879 3667 llattc
903 3612 1215 3681 dignitatem
1243 3613 1571 3669 fortitudinis
1598 3615 1883 3670 Psalruista

288 3701 632 3765 considerat,
685 3704 915 3759 dicens:
959 3703 1092 3757 Milli
1141 3714 1312 3758 autem
1359 3706 1513 3759 nimis
1559 3705 1884 3774 Itonoriﬁcati

284 3809 404 3852 sunt
438 3799 593 3850 amici
622 3800 719 3863 tui,
755 3798 915 3865 Deus,
950 3800 1442 3870 nimiqwnfortatus
1467 3810 1540 3855 est
1567 3802 1885 3873 principatus

282 3904 465 3943 eorum
495 3887 664 3959 (Psal.
693 3905 958 3958 cxxxvnt,
986 3892 1098 3963 17).
1129 3892 1261 3962 Quia
1291 3893 1541 3948 nimirum
1571 3904 1881 3951 sanctorum

284 3996 445 4037 mens
478 3982 847 4051 pziucipaliter
879 3984 932 4038 in
967 3984 1192 4040 summis
1223 3985 1469 4055 erigitur,
1502 4002 1622 4039 cum
1649 3988 1883 4040 exterius

285 4078 497 4145 perpeti
531 4076 737 4147 objecta
782 4091 1095 4135 cernuntur.
1145 4084 1286 4139 Auro
1328 4091 1543 4148 autem,
1590 4082 1883 4153 hyacintho

283 4186 347 4227 ac
378 4187 634 4242 purpura:
678 4173 762 4227 bis
811 4174 1007 4231 tinctus
1053 4189 1249 4231 coccus
1292 4176 1622 4247 adiungitur,
1661 4186 1715 4229 ut
1759 4187 1884 4231 ante

285 4265 486 4317 interni
513 4262 713 4332 judicis
741 4265 927 4320 oculos
956 4267 1134 4327 omnia
1165 4269 1417 4323 virtutum
1442 4270 1579 4325 bona
1608 4285 1675 4324 ex
1704 4270 1881 4323 chari-

285 4364 397 4411 tate
427 4357 792 4423 decorentur;
825 4365 878 4414 et
906 4368 1096 4419 cuncta
1121 4375 1239 4430 quae
1261 4377 1441 4416 coram
1467 4360 1773 4416 hominibus
1794 4377 1884 4415 ru-

282 4449 471 4513 tilant,
524 4450 640 4503 haec
684 4450 737 4503 in
774 4462 1064 4517 consiiectu
1106 4452 1129 4486 ά
1174 4452 1372 4507 occulti
1416 4453 1610 4509 arbitri
1662 4453 1878 4508 ﬂamma

285 4537 462 4592 intimi
494 4538 693 4592 amoris
721 4541 1001 4597 accendat.
1043 4541 1174 4607 Qua:
1214 4544 1421 4597 scilicet
1450 4544 1719 4611 charitas,
1752 4546 1875 4612 quia

1984 3350 2209 3419 iustitia:
2236 3362 2421 3401 amore
2446 3346 2718 3411 resistere.
2755 3342 2959 3397 Pastori
2994 3341 3139 3395 enim
3168 3348 3314 3394 recta
3343 3337 3585 3415 timuisse

1989 3444 2208 3510 dicere,
2238 3438 2365 3509 quid
2396 3436 2649 3495 estaliud
2682 3450 2839 3507 quam
2874 3433 3103 3493 tacendo
3138 3440 3285 3502 terga
3318 3430 3582 3502 praebuis-

1992 3532 2094 3587 se?
2125 3532 2216 3601 qui
2249 3530 2502 3584 nimirum
2535 3528 2579 3582 si
2613 3543 2707 3597 pro
2736 3541 2896 3596 grege
2925 3540 2983 3580 se
3007 3524 3221 3595 objicit,
3250 3539 3458 3579 murum
3488 3538 3585 3593 pro

1989 3624 2149 3679 domo
2192 3620 2351 3677 Israel
2401 3617 2646 3673 hostibus
2695 3617 2938 3686 opponit.
2972 3615 3106 3671 Hirro
3152 3630 3365 3671 rursum
3408 3614 3582 3670 deliu-

1988 3713 2171 3786 quenti
2224 3712 2421 3786 papqu
2472 3711 2709 3791 dicitur:
2769 3710 3044 3779 Propheta:
3090 3711 3166 3764 tui
3212 3710 3447 3764 viderunt
3497 3709 3587 3765 tibi

1989 3807 2122 3874 falsa
2152 3817 2196 3860 et
2228 3804 2385 3863 stulta
2411 3844 2424 3868 ,
2455 3820 2545 3859 nec
2579 3812 2603 3841 °
2632 3804 2932 3873 aperiebant
2962 3802 3285 3873 iniquitatem
3316 3812 3492 3866 tuam;
3525 3810 3583 3853 ut

1989 3908 2035 3952 te
2061 3900 2127 3952 ad
2157 3896 2506 3969 pwnitentiam
2538 3904 2870 3967 provocarent
2904 3893 2922 3964 (
2949 3893 3141 3949 Thren.
3172 3909 3209 3948 ιι
3231 3933 3246 3958 ,
3277 3894 3341 3948 14
3367 3892 3407 3963 ).
3442 3893 3579 3948 Pro-

1990 3991 2172 4061 pheta:
2199 3990 2397 4059 quippe
2427 3989 2480 4043 in
2509 4002 2664 4043 sacro
2687 3986 2900 4057 eloquio
2921 4000 3302 4055 nonnunquam
3325 3984 3579 4039 doctores

1989 4090 2283 4150 vocantur;
2309 4081 2395 4152 qui
2420 4079 2543 4133 dum
2572 4079 2785 4148 fugitiva
2811 4092 2928 4133 esse
2956 4078 3235 4147 praesentia
3269 4075 3287 4115 ί
3318 4076 3579 4140 iudicant,

1986 4190 2109 4246 qua:
2139 4182 2265 4229 sunt
2297 4181 2521 4227 ventura
2548 4170 2913 4225 manilestant.
2958 4169 3103 4237 Quos
3147 4168 3361 4225 divinus
3400 4182 3582 4223 sermo

1989 4269 2118 4325 l'alsa
2161 4256 2345 4321 videre
2382 4262 2688 4333 redarguit,
2734 4263 2853 4336 quia
2900 4262 3027 4319 dum
3072 4261 3353 4331 corripere
3396 4260 3582 4331 culpas

1988 4365 2263 4416 metuunt.
2299 4355 2568 4416 incassum
2598 4351 3032 4421 delinquentibus
3077 4350 3337 4420 promissa
3381 4346 3584 4407 securi-

1989 4460 2095 4506 tate
2148 4445 2542 4509 blandiuntur;
2595 4445 2683 4515 qui
2729 4443 3060 4512 iniquitatem
3111 4441 3442 4513 peccantium
3490 4454 3583 4493 ne-

1985 4555 2250 4613 quaquam
2283 4537 2565 4607 aperiunt,
2598 4536 2722 4606 quia
2752 4536 2820 4592 ab
2850 4536 3234 4609 increpatiouis
3280 4547 3412 4586 voce
3455 4547 3583 4586 con-

288 4630 459 4685 Deum
504 4628 666 4689 simul
711 4645 773 4685 ac
820 4633 1123 4699 proximum
1166 4633 1373 4703 diligit,
1408 4636 1558 4703 quasi
1588 4651 1651 4689 ex
1682 4634 1877 4704 duplici
1911 4636 1960 4697 Ι)
1992 4631 2278 4687 ticescunt.
2311 4626 2487 4683 Clavis
2515 4626 2711 4698 quippc
2739 4627 3036 4697 apertionis
3064 4635 3148 4680 est
3173 4638 3355 4679 sermo
3396 4637 3580 4677 curre-

285 4724 521 4779 tinctura
554 4722 824 4792 lulgescit.
856 4725 956 4791 Qui
988 4727 1146 4795 igitur
1174 4729 1253 4787 sic
1280 4727 1347 4783 ad
1378 4728 1615 4783 auctoris
1644 4730 1875 4799 speciem

282 4822 544 4888 anhetat,
593 4833 649 4875 ut
705 4822 1075 4893 proximorum
1118 4838 1306 4881 curam
1358 4825 1619 4895 negligat,
1674 4824 1753 4878 vel
1800 4826 1878 4879 sic

287 4917 665 4985 proximorum
699 4932 881 4971 curam
913 4918 1253 4988 exsequitur,
1296 4925 1356 4974 ut
1393 4936 1421 4973 a
1463 4920 1649 4974 divino
1691 4934 1876 4975 amore

286 5017 597 5079 torpeant,-
638 5011 766 5080 quia
814 5027 977 5066 unum
1012 5012 1201 5065 horum
1228 5013 1503 5080 quodlibet
1536 5012 1793 5082 negligit,
1825 5012 1876 5071 in

285 5103 756 5171 superhtrmeralis
792 5110 1114 5159 ornamento
1151 5103 1352 5161 habere
1387 5120 1607 5161 coccum
1647 5106 1729 5161 his
1772 5104 1875 5160 tin-

281 5202 438 5251 ctam
463 5200 658 5252 nescit.
687 5195 795 5253 Sed
827 5204 951 5252 cum
992 5213 1146 5255 mens
1186 5198 1250 5254 ad
1297 5208 1563 5268 praecepta
1604 5197 1878 5254 eharitatis

283 5290 545 5355 tenditur,
597 5298 764 5345 restat
815 5290 999 5359 procul
1045 5290 1209 5346 dubio
1251 5299 1309 5346 ut
1350 5305 1448 5360 per
1494 5290 1871 5347 abstinentiam

358 5424 382 5465 δ
432 5429 503 5481 Ita
543 5425 704 5483 Corb.
751 5419 860 5483 tres
896 5411 1156 5489 Carnot.,
1203 5425 1346 5480 Belv.
1374 5470 1388 5491 ,
1434 5412 1573 5478 Ᾱιιι.
1617 5422 1819 5493 primus
1848 5461 1862 5485 ,

280 5513 395 5555 tres
428 5498 635 5553 Geniet.
675 5501 889 5565 Legitur
924 5508 1098 5552 tamen
1131 5499 1181 5551 in
1220 5497 1358 5551 Edit.
1388 5537 1404 5561 ,
1437 5497 1718 5550 anteriora.

354 5570 380 5609 δ
419 5569 639 5622 CnrnOl.
678 5562 881 5637 prunus
903 5611 917 5633 ,
951 5569 1260 5623 dilectionis.
1292 5567 1452 5622 Corh.
1477 5610 1489 5631 ,
1526 5568 1576 5620 in
1606 5566 1748 5619 nullo
1777 5562 1867 5616 de-

278 5645 578 5717 lectationes
605 5642 797 5717 iri/imre
825 5638 981 5717 latere
998 5642 1296 5717 ﬂectantur.
1366 5711 1375 5717 _
1596 5698 1602 5707 1

355 5707 385 5783 έν
419 5706 475 5773 ltt
519 5705 846 5783 νῐιιτξΜὲδκ,
881 5705 1011 5779 auro
1032 5727 1253 5783 quoque
1267 5726 1327 5763 ac
1360 5711 1506 5783 bysso
1548 5705 1702 5783 atque
1734 5705 1868 5783 Itqu-

275 5772 491 5867 eint'tto;
519 5770 709 5841 'omitti
746 5770 904 5839 debet
934 5800 995 5839 ac
1022 5770 1195 5859 bysso.
1228 5770 1555 5856 Byssi'enitn
1584 5770 1721 5833 infra
1750 5770 1869 5831 Hie-

276 5867 434 5914 ιιιιιιιι

1988 4725 2222 4796 ptionis,
2268 4723 2393 4794 quia
2426 4732 2450 4769 κ
2498 4721 2830 4794 increpando
2877 4721 3087 4790 culpam
3133 4717 3374 4787 detegit,
3422 4731 3582 4784 quam

1988 4836 2133 4890 saepe
2166 4819 2335 4876 nescit
2365 4820 2480 4893 ipse
2508 4818 2669 4875 etiam
2698 4819 2784 4890 qui
2818 4816 3160 4887 perpetravit.
3197 4814 3333 4873 Hinc
3381 4814 3576 4868 Paulus

1987 4914 2095 4969 ait:
2135 4911 2203 4969 Ut
2232 4919 2412 4983 potens
2437 4911 2503 4966 sit
2535 4910 2800 4965 exhortari
2840 4910 2892 4960 in
2936 4907 3173 4989 doctrina
3215 4924 3375 4972 sana,
3409 4918 3457 4961 et
3496 4922 3582 4961 eos

1986 5007 2072 5078 qui
2100 5006 2459 5061 contradicunt
2490 5017 2705 5072 arguere
2735 5001 2755 5068 (
2780 4997 2883 5060 Tit.
2916 5016 2962 5064 t.
2991 5001 3023 5056 9
3043 5001 3081 5067 ).
3129 5000 3262 5055 Hinc
3295 5016 3395 5074 per.
3415 4999 3576 5070 Mala-

1990 5101 2163 5155 cliiam
2197 5098 2429 5151 dicitur:
2464 5094 2624 5148 Labia
2652 5090 2931 5147 sacerdotis
2961 5093 3257 5147 custodiunt
3288 5092 3576 5147 scientiam.

1986 5203 2032 5249 et
2063 5194 2226 5263 legem
2255 5190 2512 5255 requirent
2546 5203 2607 5241 ea:
2637 5200 2724 5241 ore
2761 5186 2909 5256 ejus,
2948 5187 3069 5261 quia
3112 5186 3327 5257 angelus
3368 5184 3579 5239 Domini

1985 5285 2302 5341 exercituum
2333 5289 2406 5337 est
2441 5277 2677 5348 (Malae.
2715 5293 2782 5343 ll,
2809 5277 2839 5329 7
2868 5276 2908 5349 ).
2945 5278 3081 5331 Hinc
3113 5292 3208 5346 per
3252 5277 3437 5332 Isaiam
3470 5276 3576 5331 Do-

2021 5411 2335 5498 L“_Ca‘rn‘ot.
2382 5410 2623 5481 primus,
2662 5407 2837 5464 Laud.
2875 5418 2929 5466 et
2970 5408 3227 5476 Beiram;
3263 5407 3457 5463 occulti
3488 5378 3587 5464 ,μ’

1981 5485 2333 5624 bueruliarnot.
2370 5555 2573 5624 primus
2594 5596 2608 5620 ,
2638 5545 2693 5608 ei
2719 5550 2860 5607 And.
2890 5552 3134 5623 primm,-
3166 5549 3537 5620 corripiebant.

2053 5625 2075 5665 ί
2289 5627 2315 5699 ρ
2336 5668 2351 5691 ,
2372 5620 2641 5699 ῖιιάίεᾶνιει

2052 5707 2077 5745 8
2118 5697 2251 5752 Tres
2279 5693 2488 5753 Geinet.
2512 5739 2528 5765 ,
2570 5693 2841 5757 secundus
2868 5703 2925 5750 et
2962 5694 3154 5751 tertius
3181 5694 3325 5751 And.
3351 5736 3367 5763 ,
3398 5693 3528 5765 Lyr.
3556 5730 3577 5764 ,

1980 5768 2146 5825 Corb.
2173 5809 2187 5837 ,
2219 5769 2524 5837 increpatio.
