4036 6346
407 396 465 453 5i
1620 393 1867 453 SANCTI
1909 389 2240 448 GREGORII
2277 388 2489 444 MAGNI
3562 416 3567 421 -
3615 375 3689 434 52

414 517 593 575 minus
622 520 903 583 admonet.
932 519 1116 575 dicens
1141 537 1153 572 :
1182 518 1381 585 Clama,
1411 533 1473 572 ne
1496 532 1675 580 cesses,
1702 512 1852 584 quasi
1880 513 1998 566 tuba
2023 515 2075 574 Α
2104 518 2212 577 tur,
2245 523 2367 564 cum
2399 506 2539 577 apud
2567 507 2729 562 corda
2758 504 3088 560 audientium
3112 500 3451 573 loquacitatis
3475 500 3691 554 incauta

410 615 586 671 exulta
616 632 782 669 vocent
815 625 952 668 tuam
982 613 1186 685 (Isaia.
1209 629 1367 676 LVI",
1394 613 1471 682 t).
1503 609 1775 666 Prmconis
1802 609 1999 679 quippe

414 707 649 765 ofﬁcium
681 709 935 776 suscipit,
965 709 1209 778 quisquis
1253 708 1316 761 ad
1360 706 1721 760 sacerdotium
1758 703 1997 768 accedit,

418 811 474 855 ut
524 812 649 855 ante
688 801 973 855 adventum
1015 800 1209 868 iudicis
1253 801 1343 869 qui
1389 797 1695 854 terribiliter
1732 797 1999 867 sequitur,

422 896 536 963 ipse
574 895 779 949 scilicet
819 895 1103 949 clamando
1142 896 1434 964 gradiatur.
1483 891 1749 947 Sacerdos
1788 906 1915 962 ergo
1956 892 2003 947 si

422 985 814 1051 prmdicationis
846 994 928 1040 est
958 986 1199 1050 nescius,
1232 1001 1391 1054 quam
1421 985 1671 1039 clamoris
1700 998 1883 1039 vocem
1912 984 2003 1039 da-

421 1084 571 1125 tin-us
601 1082 682 1126 est
713 1089 889 1141 praeco
927 1074 1147 1130 mutus?
1187 1074 1321 1129 Hinc
1360 1085 1444 1129 est
1480 1076 1622 1129 enim
1664 1074 1806 1143 quod
1844 1088 2006 1141 super

424 1165 670 1219 Pas-tores
699 1167 901 1232 primos
926 1167 978 1220 in
1009 1167 1303 1235 linguarum
1333 1166 1513 1237 specie
1539 1168 1764 1238 Spiritus
1789 1176 2007 1222 sanctus

421 1257 619 1311 insedit
651 1259 801 1324 (Act.
830 1274 893 1318 u.
928 1258 1030 1325 5);
1064 1260 1183 1325 quia
1218 1262 1469 1314 nimirum
1509 1276 1644 1330 quos
1686 1260 2004 1329 repleverit,

419 1348 488 1402 de
517 1363 575 1403 se
604 1349 842 1417 protinus
870 1352 1147 1417 lotiuentes
1176 1351 1316 1407 facit.
1350 1352 1481 1407 Hinc
1511 1353 1674 1421 Moysi
1704 1350 2008 1420 praecipitur

424 1455 477 1496 ut
513 1443 915 1497 Ittilertttlt'tllttlll
948 1445 1202 1498 sacerdos
1245 1446 1586 1515 ingrediens.
1635 1442 2007 1497 tintinnabulis

422 1536 688 1589 multiatur
715 1533 912 1604 (Exod.
941 1552 1145 1601 xxvut,
1169 1538 1261 1607 35)
1283 1578 1296 1603 ,
1328 1546 1385 1592 ut
1412 1536 1658 1590 videlicet
1690 1550 1847 1589 voces
1876 1549 1999 1602 prte-

424 1625 708 1680 dicatiouis
733 1627 956 1691 habeat,
987 1644 1053 1682 ne
1076 1628 1292 1696 superni
1318 1628 1635 1694 spectatoris
1654 1625 1913 1693 judicium
1941 1640 2007 1678 ex

424 1717 538 1769 silet
564 1718 636 1769 tio
662 1718 920 1772 offendat.
963 1716 1230 1783 Scriptum
1272 1718 1466 1786 quippe
1504 1729 1629 1772 est:
1667 1717 1733 1770 Ut
1765 1720 2010 1770 audiatur

423 1814 619 1862 sonitus
648 1810 855 1880 quando
882 1812 1169 1881 ingreditur
1199 1822 1244 1864 et
1272 1812 1535 1880 egreditur
1564 1812 1917 1864 sanetuarittm
1956 1812 2011 1864 in

2107 602 2516 672 importunitate
2547 601 2811 672 levigatur
2838 618 2851 666 ;
2885 607 2938 654 et
2968 607 3243 652 auctorem
3272 610 3425 650 suum
3455 593 3573 647 lure
3599 604 3692 645 ea-

2104 695 2226 752 dem
2280 696 2576 767 loquacitas
2629 695 2909 765 inquinat,
2955 707 3074 761 quae
3111 690 3317 747 servire
3357 683 3692 743 auditoribus

2107 789 2173 843 ad
2206 803 2360 843 usum
2393 788 2662 858 profectus
2692 788 2922 857 ignorat.
2970 782 3120 840 Unde
3162 782 3300 837 bene
3339 795 3433 850 per
3472 778 3692 848 Moysen

2109 879 2344 933 dicitur:
2389 878 2475 932 Vir
2517 881 2606 950 qui
2640 881 2841 947 [luxum
2882 877 3090 931 seminis
3130 875 3346 945 patitur,
3396 868 3693 926 immundus

2106 973 2203 1027 erit
2231 972 2429 1045 (Levit.
2463 989 2563 1039 xv,
2592 971 2684 1041 2).
2720 972 2774 1025 In
2808 979 2987 1025 mente
3019 968 3218 1039 quippe
3246 965 3573 1021 audientium
3603 975 3695 1017 se-

2108 1080 2232 1119 men
2263 1076 2527 1120 secuturae
2556 1063 2899 1135 cogitationis
2937 1073 3022 1117 est
3063 1061 3260 1116 auditae
3288 1059 3517 1130 qualitas
3548 1057 3692 1112 Iocu-

2114 1160 2275 1216 tionis
2296 1201 2312 1228 ,
2343 1159 2464 1231 quia
2495 1160 2619 1214 dum
2655 1175 2749 1227 per
2778 1173 2959 1212 aurem
2985 1171 3162 1212 sermo
3190 1154 3513 1223 cntteipitur,
3542 1150 3696 1221 cogi-

2114 1254 2245 1307 tatio
2277 1252 2328 1305 in
2374 1260 2552 1306 mente
2595 1262 2904 1320 generatur.
2952 1248 3105 1304 Unde
3144 1258 3198 1302 ct
3233 1247 3299 1301 ab
3331 1247 3487 1312 huius
3514 1241 3697 1298 mundi

2118 1343 2451 1412 sapientibus
2506 1342 2824 1411 pra-dicatur
2871 1342 3119 1409 egregius
3164 1336 3571 1394 seminiverbius
3614 1342 3699 1388 est

2112 1445 2331 1489 vocatus
2365 1433 2527 1505 (Act.
2564 1449 2671 1487 xvu
2696 1473 2710 1495 ,
2745 1433 2811 1486 18
2837 1434 2878 1501 ).
2911 1432 3011 1499 Qui
3063 1447 3190 1500 ergo
3237 1430 3433 1484 ﬂuxum
3477 1426 3698 1482 seminis

2114 1527 2343 1580 sustinet
2367 1567 2382 1586 ,
2418 1525 2724 1580 immundus
2749 1528 3024 1591 asseritnr,
3056 1527 3175 1592 quia
3211 1525 3541 1592 multiloquio
3572 1520 3697 1576 sub-

2111 1618 2287 1684 ditus,
2322 1634 2389 1673 ex
2421 1634 2486 1671 eo
2517 1635 2575 1673 se
2607 1618 2878 1688 inquinat,
2926 1620 3067 1687 quod
3110 1619 3153 1671 si
3198 1617 3442 1671 ordinate
3487 1628 3699 1681 prome-

2112 1721 2232 1777 ret,
2265 1713 2470 1781 prolem
2505 1721 2666 1765 rectze
2694 1713 3038 1782 cogitationis
3076 1711 3237 1765 edere
3280 1711 3333 1764 in
3376 1707 3699 1763 audientium

2118 1804 2279 1857 corda
2323 1802 2580 1874 potuisset
2608 1819 2622 1868 ;
2666 1803 2900 1871 dumque
2932 1804 3178 1857 incautus
3203 1818 3299 1871 per
3330 1800 3702 1870 loquacitatem

425 1913 696 1973 conspectu
726 1903 961 1968 Domini,
990 1914 1033 1956 et
1059 1919 1161 1957 non
1194 1904 1445 1956 moriatur
1474 1902 1663 1973 (Ibid,
1687 1903 1801 1973 55),
1826 1905 2016 1958 sacer-
2045 1890 2094 1950 B
2123 1892 2315 1948 diffluit
2334 1935 2347 1958 ,
2382 1911 2487 1949 nou
2520 1895 2586 1949 ad
2616 1910 2772 1949 usum
2804 1896 3018 1965 generis
3037 1938 3051 1960 ,
3082 1894 3173 1949 sed
3206 1895 3270 1946 ad
3312 1892 3702 1948 immunditiam

425 1992 523 2047 dos
552 2010 778 2064 namque
807 1996 1114 2065 ingrediens
1145 1996 1224 2050 vel
1266 1997 1547 2063 egrediens
1586 1997 1829 2055 moritur,
1871 1995 1913 2049 si
1943 1996 2010 2049 de

428 2097 495 2135 eo
523 2083 731 2138 sonitus
760 2100 863 2139 non
892 2086 1119 2151 auditur,
1154 2087 1275 2155 quia
1308 2086 1438 2139 iram
1482 2097 1667 2139 contra
1718 2102 1775 2140 se
1816 2086 2013 2141 occulti

423 2171 619 2241 iudicis
663 2174 857 2243 exigit,
906 2179 951 2229 si
999 2176 1112 2229 sine
1155 2177 1549 2246 prtedicationis
1576 2179 1750 2231 sonitu
1791 2178 2007 2233 incedit.

428 2268 568 2334 Apte
611 2276 787 2321 autem
839 2268 1187 2323 tintinnabula
1240 2271 1570 2325 vestimentis
1621 2270 1760 2325 illius
1806 2271 2011 2326 descri-

424 2358 622 2415 buntur
659 2360 877 2416 inserta.
926 2362 1258 2418 Vestimenta
1297 2365 1493 2419 etenim
1538 2366 1833 2422 sacerdotis
1874 2366 2000 2434 quid

427 2452 571 2506 aliud
600 2468 757 2522 quam
786 2465 931 2508 recta
958 2470 1118 2524 opera
1146 2456 1406 2511 debemus
1434 2458 1719 2526 accipere?
1748 2457 2012 2526 Pr0plieta

427 2554 714 2600 attestante
742 2547 829 2617 qui
858 2547 932 2600 ait
957 2566 971 2601 :
1004 2546 1313 2617 sacerdotes
1338 2550 1412 2603 tui
1434 2550 1721 2604 induantur
1752 2551 2011 2619 justitiam

429 2636 658 2709 (Psalm.
685 2656 865 2707 cxxxr,
886 2640 966 2707 9).
998 2642 1350 2698 Vestimentis
1382 2644 1558 2713 itaque
1584 2644 1726 2699 illius
1760 2644 2017 2700 tintinna-

434 2729 557 2786 bula
586 2731 886 2799 inhaerent,
917 2743 972 2787 ut
996 2734 1119 2788 vitte
1149 2735 1291 2790 viam
1320 2750 1442 2790 cum
1473 2736 1664 2807 lingua:
1693 2738 1871 2795 sonitu
1901 2737 2015 2806 ipsa

430 2837 643 2894 quoque
672 2825 963 2881 sacerdotis
990 2842 1153 2895 opera
1180 2828 1435 2883 clament.
1466 2827 1571 2882 Sed
1600 2844 1721 2883 cum
1751 2838 1931 2884 rector
1957 2844 2019 2885 se

432 2914 501 2968 ad
531 2916 853 2985 loquendum
898 2928 1197 2989 praeparat,
1229 2920 1330 2974 sub
1357 2928 1559 2990 quanto
1587 2922 1810 2977 cautelae
1840 2922 2018 2978 studio

432 3002 681 3075 loquatur
723 3008 991 3076 attendat,
1042 3024 1113 3066 ne
1159 3012 1202 3064 si
1253 3010 1558 3067 inordinate
1585 3012 1652 3066 ad
1693 3013 2018 3081 loquendum

435 3098 660 3168 rapitur,
687 3102 890 3156 erroris
918 3102 1143 3158 vulnere
1169 3104 1501 3160 audientium
1528 3106 1688 3160 corda
1719 3105 2018 3173 feriantur,

436 3197 494 3244 et
535 3205 658 3245 cunt
708 3192 933 3249 fortasse
979 3195 1193 3264 sapiens
1239 3195 1405 3251 videri
1445 3196 1750 3266 desiderat,
1799 3200 2018 3255 unitatis

2117 2008 2300 2047 semen
2328 1992 2574 2046 eﬂ‘undit.
2607 1992 2759 2047 Uude
2786 1992 2979 2046 Paulus
3005 2007 3215 2061 quoque
3239 2006 3359 2046 cum
3386 1988 3704 2058 discipulum

2117 2089 2186 2144 de
2210 2088 2464 2149 instantia
2492 2086 2886 2154 praedicationis
2918 2087 3249 2151 admoneret,
3272 2084 3461 2139 dicens
3489 2100 3502 2135 :
3538 2081 3706 2136 Testi-

2116 2179 2246 2247 ﬁcor
2274 2194 2447 2232 coram
2477 2175 2586 2231 Deo
2617 2186 2665 2231 et
2694 2176 2901 2231 Christo
2940 2175 3065 2231 Jesu
3085 2216 3100 2240 ,
3143 2175 3230 2245 qui
3264 2174 3597 2247 judicaturus
3634 2181 3707 2226 est

2115 2271 2253 2323 vivos
2280 2278 2325 2323 et
2351 2277 2580 2321 mortuos
2604 2307 2617 2331 ,
2647 2284 2739 2337 per
2768 2268 3039 2321 adventum
3066 2268 3225 2337 ipsius
3254 2276 3301 2318 et
3332 2280 3544 2335 regnum
3575 2263 3704 2331 ejus,

2120 2361 2351 2428 pratdiea
2380 2361 2587 2413 verbum
2606 2400 2620 2425 ,
2646 2360 2782 2412 insta
2811 2370 3120 2427 opportune,
3149 2359 3437 2424 importune
3461 2354 3545 2426 (11
3574 2354 3706 2407 Tim.

2117 2470 2189 2519 Iv,
2219 2452 2270 2521 l)
2298 2470 2311 2518 ;
2342 2452 2584 2507 dicturus
2616 2453 2928 2517 importune,
2964 2449 3220 2519 przrmisit
3251 2460 3556 2519 Opportune,
3584 2448 3706 2517 quia

2119 2545 2328 2600 scilicet
2382 2543 2518 2613 apud
2568 2542 2826 2596 auditoris
2870 2552 3100 2596 mentem
3146 2541 3256 2609 ipsa
3296 2556 3395 2593 sua
3434 2535 3458 2576 δ
3507 2539 3711 2594 vilitate

2121 2655 2181 2695 se
2210 2638 2472 2701 destruit,
2507 2636 2551 2690 si
2599 2636 2795 2691 habere
2838 2636 3214 2705 importunitas
3257 2631 3711 2702 opportunitatem

2120 2731 2311 2787 nescit.

2578 2815 2807 2871 carm
2832 2814 2873 2868 v
2907 2814 3014 2887 [AL
3046 2811 3231 2884 XVI].

2128 2933 2197 2989 Ut
2226 2936 2289 2990 sit
2314 2943 2477 2989 rector
2505 2934 2719 3004 singulis
2749 2933 3103 3000 compositione
3127 2932 3406 2996 proximus,
3441 2944 3547 2999 pra:
3574 2944 3704 2985 cutt-

2484 3007 2576 3058 ctis
2607 3006 3033 3075 contemplatione
3060 3019 3355 3070 suspensus.

2197 3097 2277 3153 Sit
2321 3106 2495 3153 rector
2541 3096 2765 3165 singulis
2814 3096 3188 3163 compassioue
3231 3094 3503 3161 proximus
3532 3134 3548 3161 ,
3604 3108 3715 3161 prae

2126 3192 2333 3249 Cunctis
2364 3190 2819 3259 contemplatione
2849 3202 3167 3256 suspensus,
3201 3198 3257 3241 ut
3288 3194 3341 3239 et
3381 3201 3476 3255 per
3506 3186 3717 3254 pietatis

435 3298 744 3355 compagem
795 3284 1108 3355 insipienter
1147 3288 1409 3344 abscidat.
1462 3290 1597 3345 Hinc
1645 3307 1877 3362 namque
1916 3292 2021 3348 Ve-
2050 3270 2097 3335 C
2131 3284 2334 3338 viscera
2384 3282 2437 3336 in
2470 3298 2529 3336 se
2584 3280 2951 3335 inﬁrmitatem
2984 3291 3298 3334 caeterorum
3332 3280 3634 3345 transferat,
3667 3287 3718 3335 et

438 3377 570 3433 ritas
596 3380 725 3435 dicit
752 3398 765 3432 :
796 3379 998 3435 Habete
1024 3381 1104 3436 sal
1129 3382 1183 3437 in
1213 3383 1374 3449 vobis,
1406 3393 1455 3438 et
1484 3401 1661 3455 pacem
1692 3386 1870 3440 habete
1894 3387 2027 3442 inter

440 3486 527 3525 vos
558 3471 752 3539 (Marc.
780 3489 830 3527 ιχ
850 3515 866 3539 ,
894 3474 1010 3546 49).
1046 3475 1147 3531 Per
1175 3478 1254 3531 sal
1280 3478 1497 3549 quippe,
1531 3488 1557 3515 ι
1586 3479 1731 3534 verbi
1763 3482 2024 3551 sapientia

442 3560 773 3631 designatur.
820 3565 919 3632 Qui
964 3566 1126 3635 igitur
1166 3568 1309 3638 loqui
1351 3570 1626 3638 sapienter
1667 3572 1873 3639 nititur,
1906 3590 2024 3628 ma-

446 3667 681 3724 gnOpere
710 3666 913 3711 metuat
957 3674 1026 3714 ne
1066 3659 1182 3728 ejus
1223 3661 1436 3732 eloquio
1477 3662 1807 3719 audientium
1852 3666 2029 3722 unitas

448 3747 823 3804 confundatur.
856 3751 989 3805 Hinc
1016 3752 1213 3807 Paulus
1241 3755 1316 3810 ait
1339 3772 1352 3809 :
1378 3755 1503 3809 Non
1529 3756 1647 3824 plus
1671 3775 1848 3827 sapere
1873 3776 2030 3829 quam

447 3850 645 3909 oportet
672 3858 883 3912 sapere,
915 3846 1007 3896 sed
1032 3860 1211 3915 sapere
1237 3847 1306 3900 ad
1332 3846 1655 3902 sobrietatem
1686 3849 1706 3919 (
1733 3848 1887 3904 Rom.
1920 3868 2030 3920 xu,

448 3929 525 4001 '5).
554 3932 686 3986 ilinc
713 3934 765 3988 in
791 3935 1086 3990 sacerdotis
1113 3947 1261 3993 veste
1291 3940 1394 4010 ιε
1413 3940 1567 4009 juxta
1590 3940 1823 3995 divinam
1847 3956 2031 3997 vocem

454 4022 823 4080 tintinnabulis
846 4028 981 4079 mala
1007 4029 1192 4096 punica
1216 4031 1823 4101 conjunguntur(Exod.
1845 4049 2031 4100 xxvut,

456 4111 577 4184 '54).
621 4113 759 4182 Quid
807 4117 951 4169 enim
1000 4131 1093 4184 per
1132 4118 1267 4172 mala
1311 4123 1537 4189 punica,
1568 4120 1672 4176 nisi
1702 4122 1826 4178 lidei
1858 4121 2034 4179 unitas

456 4202 812 4273 designatur?
839 4206 970 4260 Nam
1000 4207 1137 4262 sicut
1166 4208 1217 4262 in
1249 4210 1393 4263 malo
1420 4212 1615 4280 punico
1636 4255 1650 4278 ,
1680 4211 1709 4249 ι)
1743 4229 1850 4268 uno
1880 4224 2031 4270 exte-

458 4297 571 4351 rius
624 4299 824 4354 cortice
868 4299 1034 4355 multa
1076 4300 1301 4356 interius
1350 4318 1513 4373 grana
1563 4306 1909 4371 muniuntur;
1958 4307 2037 4361 sic

457 4401 479 4430 ε
520 4390 831 4447 innumeros
880 4403 1082 4449 sanctae
1127 4396 1378 4451 Ecclesia:
1423 4398 1645 4467 populos
1687 4399 1864 4454 unitas
1915 4399 2037 4454 lidei

455 4487 728 4558 contegit,
759 4502 897 4557 quos
922 4488 1067 4543 intus
1095 4489 1376 4545 diversitas
1404 4491 1719 4546 meritorum
1762 4500 1931 4546 tenet.
1961 4491 2038 4547 Ne

454 4580 617 4651 igitur
656 4588 836 4634 rector
877 4581 1121 4635 incautus
1161 4581 1226 4635 ad
1266 4581 1593 4651 loquendum
1637 4592 1892 4651 proruat,
1935 4584 2039 4638 hoc

2132 3393 2225 3447 per
2276 3376 2662 3445 speculationis
2718 3375 3056 3429 altitudinem
3107 3374 3455 3441 semetipsum]
3508 3387 3720 3442 quoque

2131 3470 2420 3525 invisibilia
2444 3469 2747 3539 appetendo
2776 3468 3137 3531 transcendat,
3170 3481 3237 3521 ne
3257 3475 3349 3519 aut
3378 3465 3481 3519 alta
3511 3475 3720 3532 petens,

2134 3563 2497 3631 proximorum
2532 3560 2741 3615 infirma
2787 3560 3069 3628 despiciat,
3122 3570 3214 3613 aut
3268 3558 3491 3612 inlirmis
3542 3556 3725 3627 proxi-

2133 3672 2342 3711 morum
2369 3671 2688 3725 congruens,
2703 3665 2957 3723 appetere
2985 3654 3088 3708 alta
3106 3652 3443 3722 derelinquat
3464 3648 3549 3722 (II
3597 3648 3722 3705 Cor.

2134 3766 2230 3816 xu,
2259 3753 2335 3820 5).
2391 3751 2528 3805 Hine
2553 3758 2635 3804 est
2665 3764 2895 3816 namque
2933 3748 3076 3817 quod
3111 3747 3304 3801 Paulus
3336 3746 3387 3800 in
3418 3744 3727 3815 paradisum

2134 3842 2369 3909 ducitur,
2393 3843 2626 3910 emtique
2656 3840 2796 3895 tertii
2828 3850 3035 3894 secreta
3071 3838 3315 3902 rimatur,
3348 3822 3401 3891 et
3432 3846 3607 3891 tamen
3638 3837 3729 3892 illa

2140 3934 2483 3990 invisibilium
2528 3932 2981 4000 contemplatione
3034 3945 3327 3997 suspensus
3364 3970 3378 3995 ,
3428 3930 3492 3983 ad
3551 3928 3729 3983 cubile

2137 4027 2433 4081 carnalium
2491 4027 2661 4079 aciem
2693 4024 2889 4077 mentis
2917 4033 3154 4090 revocat,
3184 4031 3343 4089 atque
3396 4022 3446 4076 in
3500 4021 3730 4075 occultis

2138 4121 2251 4172 suis
2285 4117 2516 4187 qualiter
2566 4114 2797 4169 debeant
2826 4113 3133 4168 conversari
3166 4113 3461 4181 dispensat,
3494 4110 3680 4165 dicens
3712 4130 3728 4165 ε

2140 4210 2361 4277 Propter
2392 4210 2784 4278 fornicationem
2842 4219 3011 4261 autem
3040 4208 3389 4275 unusquisque
3417 4222 3565 4259 suam
3594 4220 3732 4260 uxo-

2140 4320 2244 4356 rem
2277 4302 2479 4367 habeat,
2505 4310 2553 4355 et
2597 4316 2910 4371 unaquaeque
2938 4317 3086 4353 suum
3110 4301 3277 4353 virum
3325 4299 3526 4351 habent.
3566 4296 3733 4351 Uxori

2141 4398 2216 4450 vir
2263 4395 2487 4448 debitum
2546 4393 2784 4459 reddat;
2832 4395 3068 4448 similiter
3136 4403 3307 4446 autem
3353 4402 3398 4445 et
3448 4407 3576 4444 uxor
3618 4392 3731 4444 viro

2144 4485 2199 4556 (1
2249 4485 2368 4540 Cor.
2418 4501 2513 4549 vu,
2565 4486 2643 4555 2).
2682 4486 2746 4539 Et
2801 4486 2960 4554 paulo
3008 4491 3129 4554 post
3170 4480 3359 4553 (Ibid.,
3418 4480 3474 4550 5)
3505 4498 3518 4535 :
3554 4478 3735 4535 Nolite

2148 4581 2388 4652 fraudare
2418 4581 2651 4643 invicem,
2678 4580 2779 4632 nisi
2810 4579 2941 4647 forte
2961 4594 3023 4631 ex
3053 4593 3301 4630 consensu
3331 4576 3402 4626 ad
3432 4585 3651 4643 tempus,
3679 4584 3736 4627 ut

454 4674 594 4743 quod
623 4671 734 4743 jam
765 4674 1155 4743 praemisimus,
1190 4689 1285 4744 per
1323 4676 1666 4746 semetipsam
1702 4676 1913 4732 Veritas
1954 4678 2039 4732 di-
2071 4659 2121 4718 Ῑ)
2147 4674 2334 4728 vacetis
2364 4674 2622 4737 orationi;
2645 4681 2691 4724 et
2719 4672 2906 4724 iterum
2934 4668 3241 4722 revertimini
3270 4667 3321 4718 in
3359 4666 3734 4736 19idt‘psum,

453 4765 670 4832 scipulis
699 4764 892 4819 clamat
919 4783 931 4819 :
969 4764 1167 4820 Habeto
1188 4766 1267 4821 sal
1294 4768 1349 4821 in
1378 4767 1545 4835 vobis,
1580 4776 1625 4822 et
1654 4785 1829 4838 pacem
1863 4769 2043 4825 habete

450 4861 581 4915 inter
606 4875 692 4911 vos
721 4861 924 4927 (Marc.
959 4876 1014 4915 ιι
1034 4905 1049 4929 ,
1080 4860 1196 4930 49).
1232 4864 1308 4916 Ac
1337 4862 1381 4917 si
1411 4862 1637 4932 ﬁgurate
1666 4877 1761 4932 per
1797 4863 2040 4919 habitum

453 4952 753 5009 sacerdotis
780 4955 921 5009 dicat
946 4970 963 5007 :
993 4954 1130 5009 Mala
1163 4955 1353 5024 punica
1390 4955 1760 5011 tintinnabulis
1785 4956 1997 5027 juugite
2019 4998 2036 5024 ,

453 5054 511 5100 ut
534 5061 631 5116 per
654 5061 815 5102 omne
839 5047 983 5117 quod
1009 5046 1209 5117 dicitis,
1238 5048 1495 5102 unitatem
1524 5047 1646 5103 lidei
1672 5058 1825 5103 cauta
1850 5050 2041 5103 obser-

460 5138 673 5194 vatione
714 5139 963 5195 teneatis.
1003 5137 1397 5194 Providendum
1436 5153 1648 5210 quoque
1689 5148 1773 5193 est
1813 5139 2040 5194 sollicita

464 5233 761 5289 intentione
807 5233 1104 5289 rectoribus
1152 5241 1211 5288 ut
1262 5232 1331 5287 ab
1377 5232 1458 5286 eis
1502 5246 1607 5285 non
1652 5230 1825 5286 solum
1879 5244 2042 5300 prava

469 5325 615 5382 nullo
643 5327 838 5393 modo,
870 5329 963 5382 sed
992 5342 1059 5382 ne
1098 5332 1244 5381 recta
1286 5322 1500 5394 quidem
1541 5324 1707 5378 nimie
1747 5328 1801 5377 et
1841 5320 2046 5377 inordi-

472 5430 593 5476 nate
621 5420 998 5491 proferantur;
1030 5418 1151 5490 quia
1179 5430 1327 5485 saepe
1355 5415 1620 5471 dictorum
1662 5414 1829 5469 virtus
1869 5412 2048 5484 perdi-

536 5568 562 5633 .‘
602 5558 813 5633 {milia
839 5557 1044 5613 verbum
1073 5554 1365 5633 sapientiae.
1398 5621 1411 5633 .

535 5630 561 5668 ι»
602 5629 737 5685 Tres
774 5628 1024 5695 Gemet.,
1067 5628 1289 5684 Caruot.
1332 5628 1537 5694 primus
1562 5630 1618 5677 et
1643 5633 1915 5678 secundus
1938 5660 1953 5689 ,
1985 5634 2047 5676 ac

459 5700 621 5782 Belv:
641 5701 1100 5782 una......cortice.

533 5784 554 5810 ο
600 5772 764 5843 Lyr.,
799 5773 1086 5827 universos.

532 5839 558 5879 ά
602 5843 739 5922 ξΐτςε
765 5842 974 5922 Ge_met.
1000 5886 1013 5910 ,
1046 5841 1239 5922 tertius
1265 5838 1523 5922 Carnot._,
1552 5837 1670 5922 val.
1704 5836 1785 5922 Cl:
1804 5876 1821 5903 ,
1851 5851 2047 5922 89cm):-

457 5918 555 5970 tlus
590 5912 729 5971 And.
757 5922 814 5969 et
838 5914 967 5981 ιω.
992 5906 1010 5982 ,
1040 5910 1342 5970 subtilitate.
1372 5912 1439 5966 At
1468 5911 1573 5966 duo
1601 5908 1804 5966 'l‘lteod.
1831 5945 1844 5972 ,
1876 5906 2044 5961 Laud.

2149 4782 2211 4819 ne
2249 4772 2403 4819 tentet
2434 4782 2521 4818 vos
2554 4763 2802 4820 Satanas.
2840 4762 2979 4814 Ecce
3028 4759 3137 4828 jam
3169 4757 3481 4812 coelestibus
3512 4759 3740 4814 secretis

2150 4856 2422 4922 inseritur,
2454 4863 2508 4911 et
2538 4865 2713 4909 tamen
2741 4867 2835 4920 per
2859 4849 3332 4905 condescensiouis
3364 4849 3582 4902 viscera
3610 4862 3737 4902 car-

2148 4946 2347 5001 nalium
2378 4945 2554 4997 cubile
2604 4949 3002 5012 perscrutatur;
3053 4951 3107 4993 et
3137 4953 3297 5008 quem
3327 4938 3638 4992 sublevatus
3667 4937 3740 4991 ad

2149 5036 2433 5093 invisibilia
2465 5033 2646 5103 erigit,
2683 5036 2823 5087 hunc
2854 5042 2877 5069 °
2922 5032 3215 5087 miseratus
3245 5033 3309 5087 ad
3338 5039 3552 5088 secreta
3584 5031 3742 5084 intir-

2150 5131 2408 5185 mantium
2436 5128 2649 5182 oculum
2685 5124 2864 5181 cordis
2898 5125 3082 5181 llectit.
3144 5125 3350 5181 Caelum
3403 5124 3745 5192 contempla-

2152 5226 2295 5280 tione
2350 5220 2700 5287 transcendit,
2748 5235 2847 5275 nec
2900 5229 3079 5275 tamen
3113 5219 3134 5258 ί
3188 5227 3413 5274 stratum
3442 5216 3745 5272 carnalium

2150 5313 2750 5379 sollicitudinedeserit,
2779 5313 2903 5381 quia
2935 5328 3194 5382 compage
3210 5310 3484 5366 charitatis
3513 5308 3750 5363 summis

2151 5405 2335 5471 simul,
2383 5411 2439 5459 et
2488 5404 2685 5460 inlimis
2710 5402 2952 5474 junctus,
3003 5414 3058 5459 et
3107 5407 3159 5459 in
3210 5403 3497 5472 semetipso
3545 5402 3753 5455 virtute

2153 5558 2208 5604 et
2237 5546 2329 5601 alii
2351 5586 2367 5611 ,
2399 5546 2641 5601 utilitate.

2226 5629 2248 5655 θ
2284 5619 2509 5687 Loogip.
2543 5632 2603 5671 ac
2636 5614 2870 5687 plurimi,
2907 5612 3327 5687 misericorditer.
3412 5683 3426 5687 Α
3696 5680 3712 5687 _
3788 5662 3791 5664 .

2234 5688 2254 5728 ί
2283 5680 2585 5751 Τιιείῖθὶιείε,
2612 5680 2801 5751 Corb.,
2828 5686 3039 5749 Norm.,
3074 5685 3245 5749 Belv.,
3279 5683 3472 5749 Laud.,
3510 5691 3640 5741 etc..
3666 5680 3759 5738 sic

2158 5762 2441 5834 tegendum
2473 5758 2730 5821 suadent;
2763 5771 2791 5809 a
2824 5760 3016 5826 quibus
3056 5755 3523 5834 longe_abeut_ue_s
3558 5754 3759 5809 Edito—

2156 5828 2246 5889 ι’ρέ
2270 5848 2457 5887 omnes
2482 5840 2816 5899 posuerunt.,
2842 5838 3028 5884 statum
3060 5844 3201 5882 corn.
3224 5828 3395 5897 Supra
3420 5828 3610 5893 babes,
3627 5838 3763 5879 car-

2160 5905 2355 5959 nalium
2384 5903 2548 5957 cubile
2578 5916 2742 5970 perse.
