4036 6346
334 363 401 420 33
1122 362 1424 419 REGULE
1465 357 1893 419 PASTURALIS
1930 359 2156 418 LIBER.
2199 393 2267 406 —
2298 361 2478 421 PARS
2515 360 2853 419 SECUNDA.
3531 358 3602 418 δι

339 475 547 547 spiritus
574 475 642 529 ad
690 473 795 528 alta
831 473 1069 529 valenter
1120 477 1347 545 rapitur,
1380 484 1435 529 et
1491 476 1687 544 pietate
1719 477 1769 528 in
1796 472 1915 528 aliis
1943 479 1993 536 Α
2021 475 2254 542 Quorum
2284 475 2501 545 quidem
2532 491 2630 531 nos
2650 484 2833 543 aperta
2852 488 3016 545 opera
3040 475 3328 541 cernimus,
3347 474 3441 530 sed
3464 475 3604 543 apud

339 565 705 638 aequanimiter
735 568 1058 623 infirmatur.
1093 568 1227 622 Hine
1257 570 1455 624 etenim
1478 568 1608 623 dicit
1635 585 1648 621 :
1684 568 1809 634 Quis
1839 568 1919 621 in-

336 666 589 734 ﬁrmatur,
641 673 688 716 et
740 679 833 733 ego
883 679 983 716 non
1036 663 1317 731 iuﬁrmor?
1354 665 1468 733 quis
1514 663 1917 728 scandalizatur,

335 769 378 813 et
406 775 497 830 ego
528 775 629 811 non
679 774 804 811 uror
835 756 918 829 (Il
954 757 1101 824 Cor.,
1135 773 1210 821 xt,
1239 756 1379 825 29)?
1434 757 1568 812 llinc
1594 770 1777 810 rursus
1799 757 1870 809 ait
1901 771 1916 809 :

335 848 525 905 Factus
547 866 663 904 sunt
690 849 891 905 ludatis
923 859 1165 915 tanquam
1188 849 1404 904 Judwus
1430 849 1480 921 (Ι
1537 850 1659 903 Cor.
1693 866 1767 913 ιι,
1801 848 1916 918 20).

336 941 485 1007 Quod
545 941 793 996 videlicet
845 942 1133 997 exhibebat
1194 956 1300 996 non
1361 941 1653 995 amittendo
1708 939 1867 995 fidem
1902 980 1917 1004 ,

336 1041 363 1069 ι
387 1031 486 1087 sed
518 1032 858 1087 extendendo
888 1034 1159 1102 pietatem,
1184 1040 1241 1087 ut
1270 1032 1401 1086 inse
1433 1045 1713 1101 personam
1735 1030 1913 1085 inlide-

338 1126 463 1181 lium
482 1124 887 1195 transfiguratus,
905 1140 970 1179 ex
993 1125 1286 1193 semetipso
1306 1124 1535 1178 disceret
1556 1122 1782 1193 qualiter
1802 1121 1921 1176 aliis

336 1218 579 1272 misereri
612 1217 908 1286 debuisset,
941 1228 1208 1286 quatenus
1257 1216 1359 1270 hoc
1408 1217 1516 1269 illis
1564 1214 1919 1284 impenderet,

335 1308 476 1375 quod
518 1306 620 1359 sibi
654 1305 791 1373 ipse,
824 1306 869 1359 si
896 1304 968 1359 ita
1000 1315 1162 1369 es~et,
1208 1305 1439 1374 trnpendi
1472 1315 1615 1359 recte
1646 1304 1918 1359 voluisset.

338 1398 475 1453 ilinc
503 1399 695 1453 iterum
744 1398 875 1452 dicit
901 1416 916 1453 :
949 1397 1070 1454 Sive
1114 1408 1279 1452 mente
1305 1400 1617 1463 excedimus,
1647 1395 1792 1463 Deo;
1822 1399 1925 1451 sive

342 1491 499 1544 sobrii
527 1507 725 1555 sumus,
768 1491 905 1547 vobis
936 1489 1019 1561 (ΙΙ
1075 1490 1195 1544 Cor.
1232 1507 1286 1555 v,
1322 1492 1450 1559 13);
1482 1491 1603 1561 quia
1635 1498 1689 1545 et
1718 1498 1920 1545 semet-

337 1583 513 1649 ipsum
546 1590 766 1637 noverat
789 1584 1204 1651 contemplando
1236 1587 1641 1649 transcendere,
1673 1592 1729 1638 et
1776 1598 1927 1637 eum-

338 1674 460 1727 dem
512 1690 593 1729 .se
662 1674 998 1729 auditoribus
1055 1676 1542 1731 condescendendo
1599 1685 1923 1745 temperare.

337 1765 477 1820 Hinc
498 1766 665 1821 Jacob
687 1766 913 1821 Domino
933 1766 1163 1837 desuper
1187 1769 1465 1832 innitente,
1493 1778 1547 1823 et
1575 1779 1736 1853 unqto
1766 1768 1927 1824 deor.

2022 564 2321 622 districtum
2363 567 2596 637 judicem
2625 582 2745 638 qua:
2774 566 2895 622 illos
2936 568 3204 636 posterius
3252 579 3503 625 maneant
3549 570 3604 626 in

2021 658 2230 711 occulta
2263 658 2612 713 retributione
2643 658 2929 713 nescimus.
2962 657 3062 726 Qui
3117 666 3295 713 tamen
3324 674 3448 715 cum
3470 675 3601 715 con-

2023 746 2394 804 descensionis
2418 764 2531 803 suae
2584 748 2892 819 patientiam
2924 748 3194 804 diluendis
3237 751 3603 820 proximorum

2024 838 2452 896 confessionibus
2498 850 2825 910 praeparant,
2879 842 3023 895 velut
3071 850 3195 896 ante
3248 839 3391 897 fores
3420 842 3605 910 templi

2024 934 2250 988 luteretn
2308 941 2568 1002 portant;
2622 943 2682 987 ut
2743 933 2982 1003 quisquis
3038 933 3240 988 intrare
3294 936 3608 989 teternitatis

2020 1027 2237 1096 januam
2268 1025 2477 1091 nititur,
2502 1024 2826 1080 tentationes
2847 1040 2972 1079 suas
3004 1026 3169 1080 menti
3215 1025 3441 1094 pastoris
3462 1026 3605 1081 indi-

2024 1127 2130 1181 cet,
2157 1128 2210 1172 et
2239 1117 2391 1186 quasi
2440 1118 2492 1172 in
2547 1118 2704 1170 boum
2734 1116 2904 1172 lutere
2955 1116 3293 1186 cogitationis
3323 1117 3403 1172 vel
3432 1115 3609 1185 aperis

2027 1223 2217 1264 manus
2243 1210 2405 1265 lavet.
2454 1210 2521 1263 Et
2549 1209 2607 1263 lit
2637 1210 2951 1280 plerumque
2982 1220 3039 1264 ut
3068 1211 3195 1265 dum
3229 1211 3456 1267 rectoris
3486 1213 3596 1265 ani-

2024 1317 2144 1356 mus
2172 1302 2343 1356 aliena
2396 1310 2721 1357 tentatnenta
2776 1303 3261 1358 condescendendo
3306 1306 3601 1373 cognoscit,

2025 1394 2219 1449 auditis
2248 1394 2627 1448 tentationibus
2648 1397 2810 1449 etiam
2845 1397 2958 1462 ipse
2982 1395 3237 1463 pulsetur,
3262 1396 3386 1466 quia
3414 1408 3467 1451 et
3491 1396 3605 1451 hac

2025 1485 2212 1540 eadem
2244 1502 2339 1554 per
2358 1503 2518 1557 quam
2541 1487 2725 1558 populi
2745 1487 3032 1542 multitudo
3052 1488 3297 1553 diluitur,
3328 1504 3462 1559 aqua
3487 1504 3609 1559 pro-

2026 1578 2281 1634 culdubio
2318 1580 2501 1635 luteris
2525 1581 2854 1650 inquinatur.
2876 1580 3005 1634 Nam
3036 1580 3159 1634 dum
3186 1582 3373 1637 sordes
3406 1583 3613 1637 diluen-

2028 1672 2159 1726 tiutn
2217 1674 2478 1742 suscipit,
2531 1673 2680 1743 quasi
2754 1687 2866 1728 sua!
2925 1673 3201 1728 munditiae
3268 1675 3607 1729 serenitatem

2027 1766 2222 1835 perdit.
2236 1766 2341 1821 Sed
2356 1766 2469 1821 haec
2492 1780 2828 1836 nequaquam
2849 1767 3050 1837 pastori
3072 1766 3305 1820 timenda
3323 1775 3467 1829 sunt,
3488 1766 3611 1835 quia

340 1874 462 1912 sum
516 1859 710 1924 lapide,
759 1862 1112 1915 ascendentes
1164 1876 1225 1915 ac
1271 1861 1660 1917 descendentes
1706 1862 1925 1932 angelos
1958 1870 2004 1930 Β
2034 1856 2144 1910 Deo
2170 1856 2442 1913 subtiliter
2470 1869 2660 1911 cuncta
2695 1869 2973 1927 pensante,
3023 1868 3173 1912 tanto
3224 1858 3480 1914 faciliusa
3512 1873 3610 1914 sua

339 1950 478 2003 vidit
509 1948 878 2019 (Gemxxvttt,
936 1952 1055 2020 1‘2);
1111 1954 1234 2022 quia
1284 1953 1488 2009 scilicet
1543 1954 1923 2023 pradicatores

340 2041 479 2095 recti
507 2058 612 2096 non
640 2043 816 2097 solum
839 2057 1053 2097 sursum
1082 2055 1323 2101 sanctum
1357 2056 1514 2116 eaput
1539 2046 1819 2115 Ecclesiae,
1846 2048 1928 2101 vi-

338 2133 534 2188 delicet
573 2134 874 2200 Dominum,
904 2135 1320 2202 contemplando
1342 2146 1617 2205 appetunt,
1649 2138 1742 2191 sed
1774 2139 1929 2192 deor-

338 2244 462 2282 sum
494 2244 707 2299 qnoqne
736 2232 801 2282 ad
820 2229 1058 2284 membra
1089 2230 1228 2283 illius
1252 2230 1558 2285 miserando
1574 2230 1925 2288 descendunt.

337 2324 479 2376 llinc
510 2323 721 2392 Moyses
749 2323 941 2378 crebro
981 2323 1380 2377 tabernaculum
1434 2325 1595 2378 intrat
1623 2334 1678 2379 et
1705 2326 1841 2389 exit;
1874 2334 1930 2379 et

338 2415 433 2483 qui
464 2414 605 2467 intus
638 2413 688 2466 in
713 2413 1217 2480 contemplationem
1246 2414 1471 2483 rapitur,
1496 2415 1624 2471 loris
1655 2416 1931 2470 infirman-

337 2509 477 2557 tium
512 2506 742 2576 uegotiis
788 2516 1026 2575 urgetur.
1061 2506 1205 2559 Intus
1249 2505 1341 2560 Dei
1369 2522 1563 2561 arcana
1594 2506 1925 2576 considerat,

337 2597 475 2653 foris
503 2614 665 2653 onera
698 2599 995 2652 carnalium
1028 2607 1226 2666 portat.
1262 2599 1361 2664 Qui
1399 2600 1467 2654 de
1518 2601 1679 2655 rebus
1717 2616 1930 2671 quoque

337 2691 524 2746 dubiis
582 2706 796 2759 semper
846 2692 911 2745 ad
968 2692 1370 2747 tabernaculum
1416 2693 1691 2760 recurrit,
1746 2708 1928 2748 coram

338 2784 652 2838 testamenti
683 2798 805 2838 area
837 2784 1119 2837 Dominum
1162 2785 1395 2838 consulit
1431 2800 1445 2838 :
1475 2784 1777 2854 exemplum
1806 2801 1930 2854 pro-

337 2875 602 2931 culdubio
628 2878 925 2930 rectoribus
959 2877 1222 2944 pne-hens.
1258 2887 1318 2932 ut
1344 2892 1464 2932 cum
1497 2878 1628 2933 foris
1656 2879 1932 2948 ambigunt

337 2968 470 3037 quid
503 2972 809 3038 disponant,
842 2970 908 3023 ad
961 2980 1194 3025 mentem
1242 2986 1456 3041 semper
1483 2973 1636 3042 quasi
1657 2973 1724 3027 ad
1750 2972 1929 3029 taber-

338 3060 592 3114 naculum
639 3060 891 3127 redeant;
920 3073 973 3116 et
1008 3064 1172 3117 velut
1223 3077 1405 3117 coram
1448 3066 1755 3120 testamenti
1805 3083 1928 3122 arca

340 3150 631 3205 Dominum
673 3152 973 3217 consulant,
1027 3153 1071 3207 si
1117 3153 1185 3208 de
1234 3152 1317 3207 his
1367 3155 1419 3209 in
1447 3156 1642 3225 quibus
1684 3156 1929 3213 dubitant

2030 1947 2275 2017 eripitur,
2331 1958 2530 2019 quanto
2560 1949 2962 2005 misericordius
2990 1952 3074 2023 ex)
3101 1952 3279 2006 aliena
3318 1953 3612 2008 tentationo

2034 2039 2308 2111 fatigatur.

2466 2130 2693 2189 CAPUT
2733 2133 2799 2189 vr
2826 2132 2935 2207 [AL
2965 2133 3179 2207 XVII].

2038 2248 2105 2303 Ut
2136 2248 2201 2301 sit
2228 2257 2394 2322 rector
2418 2250 2540 2303 bene
2570 2250 2837 2322 agentibus
2886 2266 2975 2319 per
3023 2250 3363 2305 humilitatem
3418 2258 3608 2322 socius,

2069 2330 2245 2373 contra
2266 2320 2668 2387 delinquentium
2691 2322 2814 2375 vitia
2834 2337 2924 2391 per
2944 2324 3109 2376 zelum
3120 2325 3339 2393 justitia:
3359 2335 3576 2379 erectus.

2102 2410 2185 2467 Sit
2205 2421 2381 2466 rector
2410 2413 2547 2467 bene
2591 2414 2871 2482 agentibus
2900 2429 2994 2483 per
3023 2413 3376 2470 humilitatem
3408 2417 3610 2484 sorius,

2032 2512 2219 2558 contra
2248 2503 2667 2574 delinquentium
2696 2504 2823 2559 vitia
2840 2521 2931 2574 per
2943 2507 3113 2560 zelum
3128 2506 3349 2576 justitiaa
3363 2521 3611 2574 erectus;

2035 2604 2091 2648 ut
2120 2605 2173 2650 et
2202 2594 2357 2650 bonis
2404 2598 2456 2651 in
2488 2597 2636 2651 nullo
2664 2612 2724 2652 se
2756 2598 3024 2667 przeferat,
3076 2609 3130 2653 et
3158 2616 3279 2655 cum
3334 2616 3615 2670 praVorum

2032 2688 2190 2758 culpa
2236 2687 2435 2758 exigit,
2490 2698 2810 2758 potestatem
2859 2690 3097 2759 protinus
3148 2694 3230 2747 sui
3276 2703 3297 2731 ο
3351 2694 3618 2763 prioratus

2035 2790 2311 2849 agnoscat,
2340 2790 2603 2851 quatenus
2633 2792 2687 2837 et
2716 2788 2918 2838 honore
2944 2800 3237 2854 suppresso
3266 2789 3524 2857 mqualetu
3557 2804 3617 2844 se

2034 2872 2267 2927 subditis
2290 2876 2427 2928 bene
2455 2873 2756 2929 viventibus
2802 2875 3042 2943 deputet,
3072 2885 3129 2931 et
3156 2892 3284 2946 erga
3320 2894 3614 2945 perversos

2030 2968 2151 3037 jura
2173 2969 2508 3024 rectitudinis
2530 2985 2787 3026 exercere
2812 2986 2916 3026 non
2948 2971 3218 3027 formidet.
3245 2972 3376 3026 Nam
3398 2974 3533 3027 sicut
3564 2975 3615 3028 in

2035 3060 2185 3116 libris
2215 3060 2818 3119 Moralibusdixi~sente
2840 3064 3056 3118 memini
3090 3064 3230 3135 (Lib.
3253 3081 3362 3131 xxi,
3395 3064 3618 3132 Moral.,

2034 3170 2153 3223 cap.
2199 3156 2286 3223 10,
2331 3171 2467 3208 nunc
2514 3172 2568 3209 η.
2600 3156 2717 3226 22),
2760 3158 2916 3227 liquet
2948 3157 3089 3227 quod
3134 3172 3320 3212 omnes
3370 3156 3618 3214 homines

340 3245 483 3312 apud
508 3245 827 3313 semetipsos
854 3244 994 3300 intus
1020 3247 1158 3301 sacri
1183 3246 1377 3316 eloquii
1399 3249 1923 3320 paginasrequirant.
1952 3257 2002 3319 α
2036 3255 2226 3300 natura
2275 3246 2507 3316 aequales
2537 3247 2743 3314 genuit,
2775 3248 2868 3300 sed
2902 3246 3141 3301 variante
3172 3251 3481 3301 meritorum
3525 3263 3616 3300 or-

342 3339 484 3393 lline
515 3340 627 3409 ipsa
662 3342 872 3398 Veritas
902 3360 997 3413 per
1023 3347 1420 3415 susreptionetn
1460 3358 1659 3404 nostra:
1689 3350 1932 3405 humani-

341 3431 474 3485 tatis
530 3432 684 3485 nobis
736 3442 994 3497 ostensa,
1053 3435 1106 3489 in
1161 3448 1343 3493 monte
1395 3440 1625 3493 oratiOni
1676 3440 1925 3507 inhaeret,

342 3524 605 3579 miracula
639 3527 689 3578 in
720 3525 940 3580 urbibus
962 3539 1177 3584 exercet
1207 3528 1360 3600 (Luc.
1412 3545 1486 3595 vt,
1522 3530 1643 3601 £2);
1679 3532 1933 3586 imitatio-

342 3616 431 3669 nis
463 3616 714 3671 videlicet
742 3632 881 3672 vram
909 3620 1063 3674 bonis
1092 3606 1398 3676 rectoribus
1428 3630 1705 3689 sternens;
1740 3633 1798 3677 ut
1828 3624 1931 3678 etsi

339 3707 455 3777 iam
502 3723 710 3762 summa
752 3712 1164 3780 contemplando
1211 3722 1489 3782 appetunt,
1520 3715 1932 3771 necessitatibus

342 3810 527 3853 tamen
576 3800 960 3857 infirmantium
1011 3807 1389 3874 compatiendo
1420 3807 1770 3877 misceantur,
1804 3808 1928 3879 quia

343 3902 477 3947 tunc
508 3895 574 3947 ad
598 3895 703 3947 alta
731 3895 967 3949 eharitas
994 3896 1309 3953 mirabiliter
1333 3902 1525 3969 surgit,
1572 3917 1694 3957 cum
1726 3902 1791 3955 ad
1826 3904 1931 3957 ima

343 3984 717 4056 proximorum
748 4002 808 4043 se
856 3987 1273 4047 misericorditer
1322 3992 1580 4059 attrahit;
1616 4003 1664 4048 et
1694 4010 1801 4063 quo
1835 3994 1931 4050 be-

344 4081 509 4150 nigne
559 4079 841 4136 descendit
870 4082 937 4136 ad
989 4084 1224 4152 infirma,
1280 4086 1527 4141 valenter
1582 4090 1812 4142 recurrit
1867 4088 1933 4143 ad

344 4187 575 4227 summa.
630 4173 789 4229 Tales
840 4184 1018 4231 autem
1049 4191 1170 4231 sese
1218 4177 1309 4247 qui
1340 4186 1577 4247 praesunt
1619 4178 1931 4246 exhibeant,

343 4267 544 4337 quibus
604 4267 833 4339 subjecti
881 4267 908 4307 δ
941 4270 1146 4325 occulta
1179 4287 1392 4342 quoque
1436 4286 1530 4327 sua
1560 4274 1784 4342 prodere
1829 4290 1934 4329 non

348 4362 708 4429 erubescant;
739 4372 802 4418 ut
829 4380 949 4419 cum
975 4368 1325 4421 tcntationum
1355 4368 1547 4423 [luctus
1577 4369 1778 4438 parvuli
1804 4369 1938 4425 tole-

348 4462 492 4518 rant,
541 4455 609 4508 ad
665 4454 902 4512 Pastoris
949 4468 1180 4513 mentem
1231 4460 1380 4528 quasi
1412 4459 1480 4514 ad
1526 4461 1711 4515 matris
1759 4460 1936 4516 sinum

350 4556 665 4613 recurrant;
716 4557 771 4602 et
803 4550 904 4603 hoc
926 4550 1068 4620 quod
1100 4566 1158 4605 se
1185 4550 1450 4633 inquinari
1482 4552 1742 4620 pulsantis
1768 4552 1938 4622 culpa:

2035 3340 2161 3393 dine
2207 3339 2343 3393 alios
2386 3338 2508 3393 aliis
2535 3339 2688 3407 culpa
2720 3339 3011 3407 postponit.
3060 3340 3176 3408 Ipsa
3219 3349 3397 3393 autem
3441 3340 3619 3394 diver-

2034 3430 2168 3484 sitas
2195 3446 2312 3499 qute
2341 3430 2568 3484 accessit
2614 3444 2679 3484 ex
2710 3428 2858 3494 vitio,
2906 3428 3089 3483 divino
3139 3424 3341 3499 judicio
3393 3431 3614 3501 dispen-

2032 3527 2215 3585 satur;
2245 3529 2303 3574 ut
2349 3520 2477 3590 quia
2508 3522 2683 3576 omnis
2714 3518 2874 3575 hamo
2928 3536 3081 3591 teque
3129 3532 3272 3577 stare
3320 3537 3425 3577 non
3456 3526 3617 3591 valet,

2032 3614 2167 3667 alter
2212 3624 2424 3683 regatur
2469 3614 2535 3668 ab
2565 3614 2755 3669 altero.
2799 3614 2949 3670 Unde
2995 3616 3173 3670 cuncti
3223 3614 3313 3684 qui
3357 3602 3615 3685 praesunt,

2036 3722 2140 3759 non
2169 3706 2220 3759 in
2250 3721 2310 3761 se
2355 3714 2671 3776 potestatem
2698 3706 2892 3763 debent
2938 3707 3175 3772 ordinis,
3209 3708 3303 3763 sed
3343 3726 3489 3779 teque
3516 3709 3612 3763 ita-

2034 3805 2141 3851 tem
2173 3811 2397 3867 pensare
2446 3797 2801 3863 conditionis;
2836 3812 2933 3852 nec
2962 3795 2988 3834 ά
3022 3813 3252 3867 praeesse
3281 3815 3341 3854 se
3385 3801 3620 3856 hornini-

2034 3890 2135 3944 bus
2161 3890 2445 3960 gaudeant,
2478 3889 2574 3945 sed
2621 3890 2899 3960 prodesse.
2951 3891 3167 3962 Antiqui
3216 3889 3414 3947 eieuim
3442 3903 3619 3962 patres

2036 3982 2207 4037 nostri
2234 3998 2339 4037 non
2366 3996 2520 4052 reges
2572 3982 2870 4046 hominum,
2929 3982 3025 4037 sed
3074 3992 3316 4053 pastores
3363 3999 3618 4053 pecorum

2037 4076 2202 4131 fuisse
2232 4085 2619 4131 memorantur.
2654 4075 2719 4130 Et
2775 4089 2895 4130 cum
2926 4075 3039 4131 Noe
3088 4076 3343 4131 Dominus
3391 4077 3623 4149 filiisque

2038 4173 2155 4240 ejus
2205 4171 2407 4226 diceret
2455 4189 2466 4223 :
2517 4168 2740 4225 Crescite
2779 4179 2828 4224 et
2855 4170 3293 4240 multiplicamini,
3336 4179 3383 4225 et
3434 4173 3622 4242 replete

2042 4265 2512 4337 lerram(Geu.tx,
2542 4264 2655 4336 21),
2711 4266 2954 4335 protinus
3004 4265 3248 4335 adjunxit
3297 4283 3310 4319 :
3363 4265 3431 4319 Et
3463 4278 3623 4322 terror

2040 4370 2197 4415 uester
2222 4377 2282 4413 ac
2305 4369 2493 4415 tremor
2515 4360 2579 4413 sit
2611 4375 2764 4428 super
2789 4369 2978 4413 cuncta
3019 4361 3269 4415 animalia
3291 4372 3456 4416 terra.
3481 4365 3623 4428 Quo-

2042 4470 2160 4510 rum
2209 4453 2462 4508 videlicet
2506 4462 2681 4508 terror
2738 4468 2801 4508 ac
2847 4462 3068 4519 tremor,
3120 4456 3239 4523 quia
3295 4469 3418 4509 esse
3462 4468 3624 4520 super

2043 4546 2291 4602 animalia
2322 4557 2482 4603 terra:
2514 4546 2840 4616 praecipitur.
2896 4547 3139 4616 profecto
3190 4562 3308 4601 esse
3336 4561 3497 4613 super
3526 4547 3625 4600 ho-

351 4640 606 4695 sordibus
660 4641 977 4709 pra-vident,
1031 4626 1421 4699 exhortationis
1447 4646 1567 4714 ejus
1618 4647 1830 4713 solatio,
1874 4662 1929 4703 ac

2046 4637 2219 4693 mines
2248 4637 2578 4704 prohibetur.
2630 4626 2804 4694 ilomo
2834 4638 3030 4709 quippe
3078 4639 3245 4692 brutis
3274 4638 3618 4706 anitnalibus,

350 4730 607 4803 lacrymis
627 4735 884 4789 orationis
932 4736 1128 4791 lavent.
1162 4736 1313 4792 Unde
1344 4746 1399 4792 et
1424 4746 1549 4793 ante
1576 4738 1719 4793 fores
1751 4740 1936 4809 templi

349 4822 421 4877 ad
448 4824 743 4882 abluendas
792 4828 1203 4899 ingrt-dientium
1236 4847 1425 4886 manus
1453 4848 1599 4887 mare
1624 4848 1854 4901 aeneum,
1885 4835 1936 4890 id

350 4926 438 4970 est
467 4918 713 4987 laterem,
738 4919 1018 4976 duodecim
1068 4924 1229 4979 boves
1272 4934 1483 4995 portant
1506 4923 1633 4996 (ΙΙΙ
1685 4926 1813 4997 Reg.
1846 4942 1935 4993 vn,

354 5007 449 5075 9.5,
482 5012 615 5081 seq.)
649 5030 662 5065 :
696 5015 784 5083 qui
811 5015 1023 5085 quidem
1054 5017 1187 5073 facie
1209 5018 1444 5073 exterius
1460 5019 1718 5083 eminent,
1751 5020 1845 5075 sed
1870 5037 1937 5076 ex

358 5103 749 5168 posterioribus
800 5104 988 5160 luent.
1018 5108 1153 5174 Quid
1184 5124 1413 5176 namque
1438 5110 1718 5165 duodecim
1748 5112 1939 5178 bobus,

364 5191 468 5246 nisi
498 5194 779 5250 universus
807 5210 1076 5265 pastorum
1106 5200 1240 5254 ordo
1267 5202 1619 5269 designatur?
1650 5203 1721 5257 De
1748 5204 1941 5273 quibus

359 5279 527 5337 Paulo
573 5285 875 5342 disserente
928 5290 1010 5343 lex
1061 5291 1231 5345 dicit:
1266 5291 1388 5345 Non
1438 5294 1698 5348 obturabis
1746 5311 1801 5347 os
1832 5294 1943 5347 bovi

359 5375 622 5431 trituranti
650 5376 701 5447 (Ι
761 5380 883 5437 Cor.
917 5398 997 5446 Ix,
1047 5382 1119 5445 9;
1151 5400 1214 5438 ea:
1244 5384 1522 5440 Deuteron.
1554 5402 1680 5455 xxv,
1711 5385 1792 5457 4).
1839 5387 1947 5458 20

436 5518 461 5547 ⁸
491 5510 777 5587 Sequimur
809 5516 893 5587 hic
917 5516 1098 5584 Trec.,
1130 5519 1324 5585 Laud.,
1352 5521 1778 5587 Gemeticenses,
1810 5520 1946 5576 duos

358 5578 783 5659 Carnot.'_Pr‘tor
809 5586 972 5641 Corn.
1024 5578 1146 5644 cum
1197 5578 1369 5659 primo
1417 5594 1554 5646 And.
1615 5578 1797 5655 habet,
1854 5594 1946 5645 sed

356 5655 667 5734 appetendo.
693 5656 905 5734 Neutris
924 5655 1267 5716 consentiunt
1288 5661 1511 5734 Vulgati,
1536 5664 1589 5717 in
1606 5664 1799 5732 quibus
1816 5661 1943 5732 leg.,

355 5724 449 5776 sed
469 5729 799 5785 ostendendo.

434 5794 461 5834 δ
489 5792 683 5872 l_.aud.,
716 5802 914 5856 occulta
943 5820 1149 5872 quaque
1178 5822 1288 5861 sua.

439 5878 459 5907 ο
492 5864 575 5927 Ita
605 5871 761 5928 'l‘rec.
795 5882 845 5931 ct
876 5864 1134 5946 plerique.
1168 5876 1221 5932 ln
1246 5876 1467 5934 Carnot.
1492 5875 1664 5949 primo
1692 5881 1867 5935 tamen
1895 5881 1951 5933 et

2046 4745 2152 4783 non
2192 4740 2370 4785 autem
2413 4729 2718 4785 hominibus
2763 4732 2976 4786 caneris
3003 4740 3188 4783 natura
3223 4730 3477 4799 praelatus
3505 4744 3626 4799 est;

2045 4835 2102 4880 et
2132 4826 2331 4881 idcirco
2379 4825 2428 4880 ei
2483 4825 2677 4880 dicitur
2718 4833 2776 4878 ut
2822 4824 2889 4878 ab
2916 4822 3239 4879 animalibus
3293 4831 3350 4879 et
3402 4841 3509 4881 nou
3554 4827 3624 4881 ab

2049 4917 2360 4973 hominibus
2399 4917 2673 4981 timeatur,
2701 4918 2824 4984 quia
2854 4923 3040 4969 contra
3072 4924 3317 4972 naturam
3347 4920 3628 4988 superbire

2048 5023 2130 5066 est
2152 5012 2221 5067 ab
2241 5011 2430 5079 mquali
2477 5010 2614 5064 velle
2662 5008 2861 5063 timeri.
2912 5008 2985 5061 Et
3026 5017 3206 5064 tamen
3262 5025 3484 5066 necesse
3542 5023 3626 5067 est

2048 5117 2107 5161 ut
2146 5114 2387 5160 rectores
2443 5118 2473 5156 a
2528 5100 2755 5156 subditis
2794 5101 3079 5157 timeantur
3106 5144 3122 5169 ,
3174 5104 3390 5175 quando
3438 5104 3505 5159 ab
3548 5106 3627 5161 eis

2054 5200 2217 5254 Deum
2271 5196 2489 5251 mioime
2538 5195 2711 5250 timeri
2754 5195 3195 5266 deprehendunt;
3272 5208 3328 5252 ut
3378 5200 3617 5254 humana

2051 5292 2241 5349 saltem
2268 5289 2552 5343 formidine
2576 5304 2796 5359 peccare
2818 5302 3077 5358 metuant,
3107 5292 3197 5361 qui
3226 5291 3399 5345 divina
3422 5292 3625 5361 judicia

2052 5402 2157 5440 non
2182 5380 2490 5437 formidant.
2520 5381 2863 5452 Nequaquam
2887 5398 3116 5455 namque
3140 5384 3408 5454 prmpositi
3437 5400 3503 5439 ex
3528 5384 3629 5439 hoc

2052 5520 2103 5574 in
2135 5516 2273 5589 And.
2306 5517 2477 5586 primo
2509 5520 2693 5583 habes,
2724 5520 2805 5573 sui
2828 5520 3094 5589 primatus.

2123 5588 2149 5625 ά
2185 5590 2309 5643 11330
2333 5604 2398 5643 ex
2431 5589 2489 5645 S.
2519 5591 2574 5644 P.
2604 5588 2875 5645 BenediCti
2904 5595 3103 5659 regula:
3130 5608 3179 5646 c.
3203 5591 3295 5657 64,
3320 5590 3631 5659 depromth

2054 5661 2321 5726 videntur,
2369 5662 2461 5716 ubi
2514 5671 2689 5717 exstat
2732 5679 2745 5713 :
2780 5663 3006 5728 sciatque
3032 5660 3242 5732 (abbas)
3285 5664 3382 5716 sibi
3402 5675 3634 5732 oportere

2052 5733 2721 5806 prodesse_nt_agis_quam
2755 5747 3017 5806 Δμνςιιεεδιε.
3073 5732 3196 5806 _Nec
3237 5733 3470 5806 tniruni,_
3514 5748 3634 5790 eum

2055 5804 2252 5885 regula:
2314 5801 2470 5875 hujus
2498 5801 2861 5862 observationi
2908 5802 3237 5859 assuefactus
3265 5811 3409 5863 esset
3430 5801 3633 5873 Grego-

2055 5888 2185 5931 N08.
