4036 6346
398 342 469 397 55
1619 343 1865 402 SANGTI
1909 342 2240 401 GREGORH
2284 340 2499 400 HAGNI
3616 339 3683 401 58

398 458 626 525 quaesito
653 458 847 511 timore
868 458 1279 528 superbiant,in
1296 476 1402 531 quo
1431 476 1536 517 non
1560 476 1711 519 suam
1734 462 1980 533 gloriam,
2015 465 2058 520 Α
2094 469 2342 515 teststem
2395 433 2541 515 recte
2589 459 2865 529 dispensat
2894 462 2984 531 qui
3015 460 3246 518 sollicite
3276 462 3488 518 noverit
3512 470 3570 517 et
3594 476 3689 521 su-

398 553 495 605 sed
529 553 864 606 subditorum
892 552 1149 622 justitiam
1179 567 1445 625 quaerunt.
1476 557 1552 612 1η·
1577 572 1643 613 eo
1673 556 1815 611 enim
1842 556 1986 626 quod

392 657 598 697 metum
629 644 728 698 sibi
752 660 779 697 a
811 658 1065 713 perverse
1100 648 1401 703 viventibus
1430 649 1669 717 exigunt,
1698 650 1848 717 quasi
1880 663 1984 702 non

398 736 728 801 hominibus,
752 736 845 788 sed
868 736 1190 793 animalibus
1210 739 1573 806 dominamur,
1596 740 1719 811 quia
1742 741 1991 797 videlicet

399 828 501 896 21
533 840 594 878 ex
625 840 725 894 qua
752 834 901 894 parte
931 827 1184 884 bestiales
1213 842 1338 885 sunt
1358 831 1581 896 subditi,
1610 847 1677 888 ex
1704 848 1765 888 ea
1787 833 1991 889 debent

397 915 554 968 etiam
590 924 613 951 ⁸
648 915 913 971 formidini
937 917 1115 987 jacere
1143 919 1415 976 substrati.

468 1005 575 1060 Sed
601 1007 914 1078 plerumque
936 1021 1115 1065 rector
1135 1027 1202 1067 eo
1222 1013 1340 1079 ipso
1362 1029 1470 1083 quo
1489 1016 1705 1071 caeteris
1737 1017 1989 1085 przeemi-

399 1107 507 1153 net.
529 1099 760 1154 elatione
789 1104 1127 1171 cogitationis
1154 1106 1485 1175 intumescit,
1510 1117 1565 1163 et
1587 1108 1711 1164 dum
1744 1110 1808 1165 ad
1832 1126 1986 1166 usum

402 1201 592 1246 cuneta
623 1192 921 1262 subjaoont,
952 1196 1071 1250 ilum
1102 1198 1165 1253 sd
1191 1208 1370 1254 votum
1399 1201 1653 1257 velociter
1668 1203 1816 1271 iussa
1844 1218 1992 1258 com-

405 1286 637 1351 pieutur,
671 1286 795 1339 dum
824 1302 1011 1343 omnes
1040 1290 1263 1356 subditi,
1294 1291 1337 1345 si
1364 1310 1466 1361 qua
1498 1294 1634 1349 bene
1664 1304 1811 1365 gesta
1844 1305 1988 1362 sunt,

402 1376 648 1429 laudibus
673 1375 923 1441 ellerunt,
950 1378 1093 1433 male
1110 1382 1277 1449 gestis
1302 1392 1479 1451 autem
1504 1385 1647 1438 nulla
1673 1386 1991 1441 auctoritate

397 1468 790 1533 contradicunt,
824 1467 948 1521 dum
996 1470 1317 1541 plerumque
1374 1473 1591 1528 laudant
1638 1479 1798 1530 etiam
1848 1476 1988 1546 quod

397 1560 685 1627 reprobare
715 1560 1033 1627 debuerant,
1060 1564 1313 1619 seductus
1341 1564 1411 1627 ab
1442 1568 1523 1620 his
1551 1583 1669 1637 quin
1700 1568 1831 1622 intra
1863 1584 1990 1637 sup-

395 1662 601 1721 petunt,
635 1668 795 1722 super
826 1671 887 1709 se
917 1657 1131 1712 atiimus
1161 1658 1462 1725 extollitur;
1497 1669 1553 1715 et
1574 1660 1701 1717 dum
1732 1660 1864 1715 foris
1886 1662 1989 1716 im-

394 1759 581 1798 menso
611 1744 791 1800 favore
836 1748 1218 1817 circumdatur,
1267 1751 1407 1809 intus
1461 1754 1683 1806 veritate
1714 1762 1984 1817 vacuatur,

2096 567 2242 607 mere
2259 568 2324 608 ex
2358 554 2443 607 illa
2478 555 2619 623 quod
2641 554 2888 624 adjuvat,
2912 564 2969 610 et
2989 570 3298 625 expugnare
3324 556 3464 624 quod
3491 564 3685 625 tentet,

2093 652 2147 697 et
2170 644 2428 713 aequalem
2458 660 2517 699 se
2546 659 2667 709 cum
2700 646 2787 699 illa
2817 646 3028 700 cantoris
3056 660 3300 712 eernere,
3332 657 3387 703 et
3417 656 3597 705 tamen
3625 663 3687 706 se

2092 735 2437 804 peccantibus
2463 735 2581 790 uelo
2605 735 2821 797 ultionis
2852 734 3144 799 anteferre.

2160 826 2269 883 Sed
2302 827 2438 883 hanc
2466 827 2846 886 discretionem
2873 830 3082 897 plenius
3111 830 3473 899 agnoscimus,
3503 832 3552 887 si
3583 831 3685 891 Pe-

2093 920 2258 975 storls
2305 920 2464 988 primi
2493 920 2737 989 eaentpla
2767 936 3074 979 cernamus.
3109 922 3304 980 Petrus
3335 940 3568 992 namque
3590 939 3687 989 au-

2091 1020 2241 1067 ctore
2283 1014 2391 1067 Deo
2438 1022 2640 1068 sanctae
2694 1013 2953 1073 Ecclesia:
3004 1015 3364 1083 principatum
3415 1024 3625 1084 tenens,
3655 1031 3687 1073 a

2092 1104 2229 1160 bene
2255 1118 2448 1176 agente
2487 1108 2742 1162 Cornelio
2766 1150 2779 1172 ,
2814 1117 2870 1164 et
2914 1093 3037 1164 sese
3063 1109 3113 1163 ei
3147 1108 3421 1167 humiliter
3452 1120 3687 1178 prester-

2094 1204 2274 1257 neute.
2322 1197 2724 1253 immoderatius
2772 1201 3012 1253 venerari
3061 1200 3349 1265 recusavit,
3398 1216 3564 1271 seque
3605 1202 3686 1257 illi

2092 1290 2320 1344 similem
2353 1292 2688 1358 recognovit,
2715 1290 2903 1345 dicens
2933 1308 2948 1345 ε
2976 1290 3163 1363 Surge,
3196 1309 3258 1348 us
3282 1296 3486 1362 feceris,
3516 1304 3565 1349 et
3587 1310 3686 1365 ego

2091 1383 2200 1451 ipse
2225 1381 2376 1434 homo
2400 1398 2512 1435 sunt
2543 1382 2681 1452 (det.
2716 1399 2770 1445 ι,
2796 1383 2914 1451 ib).
2946 1383 3052 1437 Sed
3076 1399 3197 1439 cum
3228 1384 3448 1442 Auania
3477 1393 3531 1439 et
3553 1386 3686 1455 Sap-

2094 1474 2262 1545 phirm
2293 1478 2399 1546 ιε
2425 1475 2638 1543 cuipam
2672 1472 2694 1511 ά
2727 1477 2926 1544 reperit
2956 1476 3089 1545 (Act.
3109 1495 3178 1545 .v,
3214 1477 3294 1546 Ei),
3340 1494 3460 1532 mea
3491 1484 3688 1546 quanta

2095 1566 2329 1633 potentia
2377 1578 2540 1633 super
2569 1576 2797 1620 caeteros
2839 1568 3169 1622 excrevisset
3219 1570 3473 1624 ostendit.
3511 1568 3689 1626 Verbo

2093 1672 2323 1726 namque
2346 1671 2532 1712 eorum
2557 1656 2717 1713 vitam
2750 1658 3177 1728 peroulit,quam
3207 1660 3400 1728 spiritu
3435 1674 3690 1728 perscru-

2096 1757 2258 1813 tante,
2288 1747 2640 1814 deprehendit
2666 1765 2680 1801 :
2706 1760 2763 1804 et
2790 1765 3059 1807 summum
3096 1764 3156 1804 se
3200 1748 3336 1805 intra
3389 1750 3687 1807 Ecclesium

394 1849 556 1905 atque
587 1838 787 1893 oblitus
816 1841 898 1894 sui
930 1842 981 1895 in
1015 1856 1173 1897 voces
1220 1858 1279 1897 se
1318 1843 1517 1913 spargit
1545 1844 1776 1907 alienas,
1809 1846 1996 1900 talem-
2026 1847 2073 1906 Β
2098 1850 2279 1897 eontra
2313 1850 2529 1909 peccata
2574 1840 2824 1905 recoluit,
2854 1843 2995 1909 quod
3030 1842 3234 1898 honore
3265 1843 3367 1903 sibi
3402 1842 3688 1899 vehemen-

394 1946 497 1998 que
546 1948 606 1984 se
652 1932 844 1997 credit,
874 1933 1086 2003 qualem
1141 1950 1199 1990 se
1246 1935 1375 1989 loris
1423 1937 1593 2003 audit,
1626 1953 1730 1994 non
1774 1939 1987 2007 qualem

400 2023 546 2077 intus
594 2026 902 2081 discernere
952 2027 1156 2081 debuit.
1207 2028 1487 2098 Subjectos
1516 2029 1759 2100 despicit,
1792 2045 1992 2101 eosque

396 2118 628 2185 aequales
658 2118 757 2173 sibi
790 2118 814 2155 ιο
845 2128 1050 2174 natura:
1079 2121 1273 2183 ordine
1320 2138 1427 2177 non
1476 2124 1743 2190 agnoscit;
1776 2136 1829 2178 et
1861 2139 1995 2192 quos

398 2222 543 2275 sorte
591 2211 867 2279 potestatis
918 2215 1251 2279 excesserit,
1284 2213 1679 2279 transcendisse
1730 2230 1789 2270 se
1830 2214 1991 2272 etiam

398 2300 521 2353 vita:
550 2303 757 2355 meritis
786 2303 977 2363 credit.
1024 2301 1242 2361 Cunctis
1270 2319 1328 2359 so
1357 2306 1589 2362 mstimat
1628 2306 1856 2375 amplius
1901 2321 1990 2359 sa-

400 2407 565 2461 pere,
603 2393 797 2463 quibus
838 2410 899 2449 se
948 2396 1093 2455 videt
1143 2397 1376 2465 amplius
1428 2412 1607 2467 posse.
1658 2398 1713 2453 In
1763 2399 1992 2469 quodam

397 2488 597 2557 quippe
645 2504 705 2543 se
752 2490 1027 2549 constituit
1073 2491 1309 2547 culmine
1354 2492 1495 2561 apud
1548 2493 1915 2561 semetipsum.
1941 2502 1997 2547 et

393 2576 488 2645 qui
519 2592 668 2647 aqua
698 2579 908 2634 caneris
934 2590 1137 2634 natura
1164 2582 1473 2643 conditione
1495 2584 1903 2653 constringitur,
1929 2599 1995 2638 ex

398 2684 554 2739 mque
583 2672 857 2739 respicere
881 2682 1105 2726 emteros
1136 2672 1482 2743 dedignatur;
1518 2676 1704 2744 sicque
1732 2691 1899 2743 usque
1929 2674 1997 2729 ad

396 2760 517 2830 ejus
566 2761 975 2831 similitudinem
1019 2764 1232 2818 dueitov
1260 2807 1275 2831 ,
1303 2766 1373 2820 de
1412 2780 1521 2834 quo
1568 2766 1826 2834 scriptum
1872 2778 1993 2822 est:

404 2856 569 2910 Omne
586 2858 801 2917 sublime
820 2860 975 2925 uidet,
992 2869 1035 2911 et
1059 2860 1167 2929 ipse
1186 2869 1260 2914 est
1283 2876 1376 2913 rex
1398 2875 1555 2929 super
1577 2862 1837 2913 universos
1860 2861 1998 2927 ﬁlios

397 2955 649 3023 superbire
673 2953 795 3021 (Job
825 2972 929 3020 au,
961 2956 1075 3023 35).
1123 2956 1224 3022 Qui
1263 2956 1537 3025 singulare
1566 2957 1777 3011 culmen
1828 2972 1997 3025 appe-

402 3054 544 3112 tens,
575 3053 629 3100 et
680 3046 934 3101 socialem
980 3046 1291 3115 angelorum
1326 3049 1484 3101 vitam
1523 3046 1848 3116 despiciens,
1877 3048 1994 3101 ait:

402 3137 605 3192 Ponant
635 3143 805 3193 sedent
853 3156 1019 3201 meant
1048 3140 1117 3193 ad
1162 3140 1488 3211 Aquilonem,
1513 3152 1560 3195 et
1590 3158 1675 3195 ero
1703 3142 1887 3199 similis
1918 3141 1999 3194 Al-

2098 1944 2178 1991 ter
2224 1935 2466 2003 impenso
2516 1950 2696 1991 coram
2746 1936 2882 1991 bene
2944 1936 3222 2003 agentibus
3273 1934 3529 1990 iratribus
3579 1948 3687 1991 non

2094 2028 2327 2096 agnovit.
2359 2027 2471 2082 lllic
2509 2030 2945 2085 cornmunionem
2992 2030 3311 2099 aequalitatis
3341 2032 3535 2085 meruit
3565 2045 3688 2085 san-

2094 2120 2251 2173 ctitas
2281 2120 2527 2185 actionis,
2557 2120 2643 2181 hic
2670 2123 2819 2175 solus
2848 2121 3067 2177 ultionis
3096 2120 3184 2190 jus
3214 2122 3427 2191 aperuit
3454 2130 3688 2190 potesta-

2098 2214 2185 2268 tis.
2218 2214 2410 2267 Paulus
2438 2213 2575 2269 bene
2599 2215 2878 2283 agentibus
2903 2214 3156 2269 fratribus
3181 2216 3455 2283 praelatum
3481 2232 3540 2269 se
3565 2230 3689 2270 esse

2097 2302 2400 2367 nesciebat,
2430 2320 2553 2359 cuin
2602 2305 2812 2359 diceret
2839 2324 2849 2357 ε
2875 2304 2998 2366 Non
3043 2307 3162 2374 quia
3198 2306 3524 2361 dominamur
3567 2304 3688 2371 ﬁdei

2096 2407 2291 2455 vestras,
2316 2396 2406 2450 sed
2451 2396 2713 2467 adjutores
2762 2412 2936 2451 suetus
2975 2398 3153 2465 gaudii
3195 2397 3349 2451 uestri
3380 2394 3467 2466 (II
3496 2394 3616 2451 Cor.
3644 2410 3687 2462 ι,

2094 2489 2211 2557 23).
2246 2495 2419 2557 Atque
2449 2489 2592 2543 illico
2618 2489 2859 2557 adjuuxit
2886 2508 2898 2542 :
2938 2486 3068 2543 Fide
3092 2489 3225 2543 enim
3255 2488 3423 2555 statis.
3453 2490 3529 2544 Ac
3554 2487 3600 2541 si
3633 2486 3686 2542 id

2098 2582 2240 2652 quod
2283 2582 2580 2649 protulerat
2608 2584 2862 2648 aperiret,
2894 2580 3079 2637 dicens
3106 2596 3119 2634 ι
3150 2581 3275 2636 Ideo
3307 2596 3409 2636 nou
3441 2578 3690 2637 domina-

2099 2689 2220 2728 mur
2252 2673 2374 2729 lidei
2408 2682 2621 2739 vestrae,
2650 2674 2773 2743 quia
2802 2673 2907 2729 lide
2935 2675 3123 2739 statis;
3164 2674 3395 2743 aquales
3422 2672 3567 2729 enim
3599 2685 3690 2729 vo-

2100 2770 2181 2829 bis
2207 2785 2393 2825 sumus
2423 2770 2475 2823 in
2501 2786 2610 2837 quo
2634 2784 2729 2823 vos
2750 2780 2898 2824 stare
2923 2770 3319 2838 cognoscimus.
3352 2766 3516 2832 Quasi
3544 2779 3685 2835 pra-

2100 2860 2265 2915 latutu
2312 2875 2373 2914 se
2422 2859 2681 2916 fratribus
2728 2875 2849 2917 esse
2900 2860 3202 2919 nesciebat.
3254 2873 3374 2913 eum
3438 2858 3689 2915 diceret:

2100 2950 2255 3007 Facti
2293 2970 2472 3007 sumus
2498 2962 2521 2991 ο
2546 2954 2749 3023 paruuli
2778 2955 2832 3007 ita
2880 2954 3045 3008 medio
3084 2965 3305 3009 vestrum
3329 2952 3379 3021 (l
3407 2952 3588 3008 Thess.
3628 2967 3689 3018 tt,

2104 3047 2177 3112 7).
2203 3045 2263 3099 Et
2293 3060 2505 3101 rursum
2532 3063 2543 3097 :
2576 3045 2685 3099 Nos
2705 3056 2877 3100 autem
2903 3061 3071 3099 servos
3092 3056 3283 3107 vestras
3311 3061 3401 3113 per
3430 3044 3690 3099 Christum

2103 3136 2189 3205 (ll
2225 3137 2347 3193 Cor.
2368 3152 2441 3202 Iv,
2465 3138 2542 3209 ii).
2565 3138 2670 3191 Sed
2700 3152 2822 3191 cum
2850 3138 3062 3206 culpam
3090 3152 3209 3206 quat
3237 3138 3430 3206 corrigi
3465 3136 3689 3191 debuis-

401 3232 593 3285 tissimo
625 3230 776 3302 (Isai.
814 3249 921 3299 xiv,
944 3233 1056 3303 l3).
1088 3233 1221 3287 Miro
1240 3249 1368 3303 ergo
1389 3234 1595 3303 judicio
1621 3234 1764 3291 intus
1784 3234 1993 3299 foveam
2020 3228 2070 3290 Β
2102 3240 2182 3284 set
2214 3230 2441 3291 invenit.
2472 3229 2617 3285 illico
2646 3231 2959 3297 magistrum
2988 3245 3048 3284 se
3067 3244 3190 3284 esse
3211 3228 3459 3290 recoluit,
3483 3226 3691 3294 dicens,

403 3321 722 3391 dejectionis
755 3324 983 3388 invenit,
1016 3325 1143 3379 dum
1176 3324 1307 3378 loris
1336 3339 1398 3381 se
1420 3326 1470 3377 in
1502 3327 1732 3379 culmine
1763 3335 2000 3395 potesta-

406 3412 475 3464 tis
502 3412 732 3466 eatollit.
770 3420 1043 3480 Apostatae
1068 3415 1267 3484 quippe
1292 3417 1483 3486 angelo
1512 3416 1706 3470 similis
1747 3416 1996 3479 efﬁcitur,

405 3502 532 3557 dum
578 3503 739 3557 homo
784 3505 1093 3567 hominibus
1137 3525 1257 3562 esse
1298 3508 1489 3563 similis
1531 3509 1868 3579 dedignatur.
1911 3512 2000 3566 Sic

409 3593 535 3650 Saul
569 3604 691 3663 post
729 3596 1044 3651 humilitatis
1072 3600 1318 3653 meritum
1350 3600 1404 3653 in
1438 3609 1700 3655 tumorem
1732 3604 1998 3670 superbiae

404 3685 642 3740 culmine
674 3687 951 3753 potestatis
979 3690 1217 3743 excrevit
1246 3708 1259 3742 :
1292 3705 1385 3759 per
1415 3690 1769 3747 humilitatem
1801 3696 1999 3762 quippe

408 3777 656 3846 praelatus
684 3787 786 3843 est,
821 3794 915 3847 per
942 3780 1249 3848 superbiam
1280 3784 1618 3850 reprobatus,
1656 3783 1883 3837 Domino
1912 3795 1996 3837 at-

404 3878 655 3938 testante,
682 3873 775 3941 qui
805 3872 918 3927 ait:
948 3873 1135 3927 Nonus
1163 3891 1274 3927 cum
1305 3891 1434 3930 esses
1475 3858 1716 3945 parvulus
1746 3880 1801 3933 in
1841 3879 1999 3932 oculis

405 3961 528 4025 tuis,
558 3970 706 4032 caput
747 3971 794 4015 ts
838 3965 1080 4017 constitui
1109 3969 1161 4019 in
1191 3966 1419 4020 tribubus
1455 3965 1644 4021 Israel?
1667 3968 1717 4039 ll
1756 3969 1881 4039 Reg.
1912 3986 1996 4034 xv,

411 4053 526 4123 17.)
558 4053 844 4110 Parvulum
882 4071 943 4110 se
986 4058 1037 4109 in
1068 4056 1178 4112 suis
1225 4060 1371 4127 prius
1415 4061 1585 4114 oculis
1630 4062 1829 4115 viderat
1855 4107 1868 4129 ,
1903 4064 1997 4118 sed

408 4145 571 4201 iullus
621 4150 902 4215 temporali
947 4151 1181 4219 putentia
1206 4191 1220 4215 ,
1250 4151 1355 4221 jam
1384 4167 1445 4207 se
1476 4154 1752 4221 parvulum
1787 4169 1889 4207 uoo
1924 4158 1999 4205 vi-

404 4241 588 4296 debat.
630 4240 960 4307 Caeterorum
1012 4260 1240 4312 namque
1269 4247 1657 4313 comparationi
1708 4262 1767 4303 se
1806 4248 1999 4316 prmio-

406 4347 553 4395 rens.
596 4334 719 4399 quia
768 4333 889 4401 plus
938 4336 1144 4391 eunetis
1197 4343 1437 4403 poterat,
1482 4351 1729 4405 magnum
1779 4352 1837 4394 se
1887 4355 1998 4407 prae

408 4421 656 4479 omnibus
682 4422 1002 4483 aestimabat.
1038 4424 1169 4483 Miro
1208 4434 1387 4485 autem
1419 4427 1581 4483 modo
1608 4443 1739 4485 eum
1770 4431 1907 4498 apud
1940 4446 1998 4486 se

410 4516 698 4579 parvulus,
727 4515 869 4584 apud
916 4516 1081 4575 Deum
1129 4533 1383 4587 magnus;
1415 4534 1536 4577 cum
1583 4537 1711 4577 vero
1758 4523 1896 4591 apud
1940 4541 1997 4578 se

410 4605 632 4673 magnus
652 4607 919 4674 apparuit,
951 4608 1087 4675 apud
1119 4607 1287 4673 Deum
1321 4611 1572 4678 parvulus
1602 4613 1720 4671 luit.
1756 4612 1995 4683 Pleruute

406 4710 512 4763 que
538 4710 669 4765 ergo
707 4696 836 4757 dum
886 4712 951 4761 es
985 4698 1348 4767 subjoctorum
1375 4700 1646 4761 afﬂuentia
1677 4705 1887 4760 animus
1919 4708 1999 4763 in-

407 4784 585 4852 ﬂatur.
624 4798 646 4827 ο
678 4788 731 4842 in
764 4788 968 4856 iluxutn
1015 4791 1283 4860 superbiae
1326 4791 1444 4861 ipso
1496 4795 1744 4861 potentiae
1789 4795 1998 4867 fastigio

406 4876 746 4947 lenocinante
788 4880 1169 4949 corrumpitur,
1223 4882 1393 4953 Quam
1426 4885 1673 4940 videlicet
1703 4889 1995 4953 potentiam

408 4968 547 5035 bene
576 4969 734 5040 regit,
759 4969 848 5041 qui
876 4981 930 5037 et
963 4982 1149 5027 tenero
1176 4974 1324 5041 illam
1346 4976 1555 5039 noverit
1580 4986 1634 5039 et
1663 4978 1997 5047 impugnare.

409 5059 550 5129 Bene
576 5059 711 5129 bene
740 5063 896 5130 regit,
916 5062 1008 5133 qui
1030 5064 1131 5129 scit
1152 5080 1248 5134 per
1274 5065 1421 5129 illam
1449 5081 1608 5135 super
1632 5068 1820 5137 culpas
1840 5070 1997 5140 erigi,

405 5162 456 5209 et
488 5151 587 5205 scit
616 5165 735 5221 cum
768 5153 851 5221 illa
874 5155 1082 5223 caeteris
1112 5156 1419 5225 requalitate
1445 5158 1720 5230 componi.
1754 5159 1995 5225 iiumana

408 5243 608 5297 etenim
642 5258 791 5303 mons
824 5246 1139 5319 plerumque
1180 5247 1478 5319 extollitur,
1506 5250 1667 5315 etiam
1696 5264 1818 5321 cum
1849 5253 1995 5309 nulla

409 5345 673 5404 potestate
715 5337 962 5407 fulcitur;
991 5351 1190 5411 quanto
1239 5342 1407 5411 magis
1437 5343 1489 5399 in
1531 5346 1699 5411 altum
1725 5360 1787 5405 se
1816 5346 1996 5417 erigit,

408 5441 529 5482 cum
561 5443 620 5482 se
646 5428 693 5482 ei
725 5430 883 5483 etiam
913 5438 1150 5499 potestas
1180 5427 1453 5499 adjungit?
1480 5430 1649 5496 Quam
1684 5444 1861 5491 tamen
1899 5452 1995 5504 po-

482 5594 510 5656 f
546 5584 681 5640 Tres
709 5585 947 5650 Gemet.,
980 5586 1297 5656 fortitudini.

452 5654 508 5781 ,ζ
548 5656 798 5781 Eg‘itores
837 5654 1161 5723 maluerunt,
1191 5667 1394 5713 natura:
1422 5658 1643 5731 origine,
1675 5660 1853 5718 invitis
1880 5679 2000 5719 om-

453 5744 466 5780 l
507 5740 569 5781 us
649 5742 725 5781 ss.
1514 5742 1515 5745 ‘

412 5742 828 5864 “Viridis”
851 5796 1094 5865 Carnot.,
1119 5799 1705 5869 Gemet.,Laud..Val.
1732 5802 1839 5872 CL,
1864 5814 1997 5876 etc.,

2106 3321 2244 3385 Quid
2269 3322 2456 3381 sultis?
2480 3319 2547 3381 In
2574 3321 2717 3391 virga
2746 3322 2941 3375 ueniam
2963 3322 3030 3373 ad
3060 3338 3143 3377 vos
3164 3319 3213 3389 (1
3248 3320 3368 3374 Cor.
3396 3336 3469 3386 tv,
3503 3320 3618 3384 2i).

2176 3413 2428 3471 Summus
2474 3414 2653 3483 itaque
2699 3413 2846 3469 locus
2896 3412 3034 3471 bene
3075 3414 3295 3481 regitur,
3328 3427 3449 3468 cum
3507 3412 3554 3469 is
3598 3413 3692 3482 qui

2103 3515 2321 3572 prseest,
2355 3505 2497 3563 vitiis
2532 3506 2707 3574 potius
2747 3520 2907 3575 quam
2942 3504 3192 3561 fratribus
3222 3505 3548 3563 dominatur.
3586 3504 3693 3560 Sed

2102 3612 2224 3659 cum
2248 3596 2621 3664 delinquentes
2644 3596 2890 3655 subditos
2917 3596 3185 3666 prapositi
3209 3596 3504 3665 corrigunt,
3529 3603 3693 3651 restat

2103 3703 2327 3749 necesse
2354 3697 2437 3743 est
2469 3698 2525 3755 ut
2546 3690 2777 3745 sollicite
2800 3690 3097 3750 attendant,
3122 3698 3382 3755 quatenus
3410 3702 3505 3755 per
3530 3684 3694 3757 disci-

2105 3780 2260 3847 plina:
2296 3779 2311 3817 ί
2346 3781 2583 3841 debitum
2632 3782 2818 3848 culpas
2866 3778 3085 3848 quidem
3130 3779 3252 3847 ju‘re
3297 3778 3573 3846 potestatis
3618 3776 3693 3832 le-

2108 3876 2274 3940 riant,
2302 3875 2397 3929 sed
2426 3889 2518 3942 per
2545 3873 2864 3931 humilitatis
2894 3874 3191 3929 custodiam
3222 3872 3456 3940 aequales
3481 3888 3541 3927 se
3564 3872 3693 3941 ipsis

2104 3964 2359 4025 fratribus
2407 3969 2495 4034 qui
2542 3966 2901 4034 corriguntur,
2932 3965 3531 4035 agnaseatttzquamvis
3580 3964 3693 4032 pie-

2103 4073 2328 4125 rumque
2346 4058 2508 4123 etiam
2532 4057 2747 4126 dignum
2772 4067 2855 4113 est
2877 4068 2932 4117 ut
2953 4060 3170 4113 eosdem
3194 4073 3328 4126 quos
3352 4059 3691 4127 corrigimus,

2104 4149 2259 4205 tacita
2288 4149 2443 4211 nobis
2466 4150 2788 4219 cogitatione
2810 4150 3181 4219 prteferemus.
3207 4151 3426 4209 Iliorum
3459 4164 3692 4217 natoque

2102 4254 2196 4308 per
2228 4255 2323 4295 nos
2353 4240 2483 4295 vitia
2512 4240 2807 4311 disciplina:
2840 4244 3021 4314 vigore
3050 4242 3335 4309 feriuntur,
3366 4242 3416 4297 in
3446 4243 3531 4299 bis
3563 4255 3690 4295 vero

2103 4346 2221 4401 quae
2262 4333 2361 4401 ipsi
2411 4334 2818 4399 committimus,
2849 4350 2917 4391 ne
2948 4334 3095 4391 verbi
3142 4335 3358 4401 quidem
3401 4333 3469 4393 ab
3516 4335 3697 4403 aliquo

2101 4422 2405 4477 invectioue
2454 4422 2769 4489 laceramur.
2833 4423 3003 4481 Tanto
3052 4438 3180 4494 ergo
3225 4423 3363 4492 apud
3409 4421 3697 4485 Dotuinum

2103 4512 2448 4581 obligatiores
2474 4528 2683 4579 sumus,
2708 4523 2904 4585 quanto
2934 4514 3071 4581 apud
3104 4515 3350 4570 homines
3380 4513 3546 4575 inulte
3576 4528 3697 4581 pec—

2029 4577 2077 4635 D
2104 4577 2309 4665 camus.
2346 4577 2631 4672 Disciplina
2652 4577 2838 4665 autem
2864 4577 3044 4671 posira
3071 4605 3314 4667 subditos
3342 4605 3525 4667 divino
3548 4577 3696 4674 judi-

2105 4695 2188 4759 cio
2224 4703 2370 4751 tanto
2402 4696 2679 4765 liberiores
2712 4696 2907 4765 reddit,
2936 4704 3137 4764 quanto
3170 4694 3255 4751 hic
3284 4710 3472 4753 eorum
3511 4695 3696 4762 culpas

2107 4793 2220 4847 sine
2252 4794 2481 4861 vindicta
2513 4809 2616 4861 non
2651 4793 2873 4847 deserit.
2903 4791 3178 4851 Servanda
3229 4792 3405 4859 itaque
3446 4800 3528 4851 est
3556 4799 3611 4857 et
3643 4792 3695 4845 in

2106 4886 2270 4941 corde
2302 4886 2596 4953 humilitas,
2630 4894 2683 4943 et
2716 4886 2766 4949 in
2796 4899 2957 4953 opere
3002 4884 3299 4953 disciplina.
3336 4884 3509 4953 Atque
3558 4885 3697 4938 inter

2115 4976 2227 5037 haec
2255 4975 2481 5041 solerter
2529 4974 2843 5041 intuendum
2876 4986 2979 5042 est,
3011 4989 3077 5035 ne
3121 4973 3245 5033 dum
3298 4974 3697 5035 immoderatius

2105 5066 2406 5131 custoditur
2456 5066 2621 5127 Virtus
2650 5066 2965 5135 humilitatis
2989 5110 3002 5139 ,
3030 5066 3305 5121 solvantur
3329 5065 3451 5134 jura
3482 5067 3696 5135 regimi-

2109 5160 2221 5225 nis;
2251 5169 2305 5219 et
2351 5160 2474 5217 dum
2528 5159 2781 5229 praelatus
2812 5164 3036 5230 quisque
3068 5160 3185 5231 plus
3232 5176 3290 5219 se
3328 5174 3490 5229 quam
3542 5160 3696 5227 decet

2107 5252 2306 5323 dejieit,
2339 5253 2675 5309 subditorum
2726 5255 2890 5309 vitam
2941 5255 3206 5325 stringere
3249 5254 3349 5313 sub
3398 5250 3696 5319 disciplinze

2108 5348 2317 5401 vinculo
2350 5364 2453 5401 non
2500 5348 2688 5416 possit.
2722 5348 2961 5405 Teoeant
3003 5364 3133 5418 ergo
3177 5357 3417 5413 rectores
3458 5346 3698 5403 exterius

2106 5440 2243 5508 quod
2284 5456 2380 5507 pro
2412 5439 2634 5494 aliorum
2682 5441 2908 5495 utilitate
2952 5442 3276 5511 suscipiunt;
3308 5449 3525 5495 servent
3556 5439 3698 5492 inle-

2113 5603 2168 5648 et
2197 5606 2303 5667 vet.
2339 5595 2481 5649 Edit.
2518 5598 2567 5648 iu
2600 5594 2760 5661 G'tiot,
2784 5607 2838 5649 et
2873 5606 3072 5651 recent.
3100 5597 3313 5667 legitur,
3339 5598 3391 5652 in
3423 5590 3659 5654 lu.t'um.-

2182 5664 2207 5701 δ
2252 5668 2388 5720 And.
2422 5667 2645 5734 primus,
2680 5669 3023 5734 reprehendit.

2186 5747 2208 5807 εξ
2252 5740 2380 5792 'l‘res
2410 5739 2622 5797 Genet.,
2659 5741 2786 5790 sicut
2819 5740 3039 5807 parvuli.

2187 5805 2205 5844 ί
2254 5809 2364 5865 Duo
2404 5812 2604 5876 priores
2632 5805 2868 5875 (mmet),
2902 5812 3155 5865 meritum.
