4036 6346
498 381 569 437 so
775 363 779 366 ’
1697 366 1941 427 SANCTI
1980 365 2309 423 onecoau
2352 366 2565 423 MAGNI
3697 369 3770 427 ιο

492 496 732 562 Cumque
778 492 844 545 ab
893 490 977 545 his
1002 529 1017 555 ,
1046 495 1294 544 cessante
1337 488 1562 544 forsitan
1594 496 1619 524 ι
1646 490 2066 553 opportunitate,
2097 484 2150 542 Α
2177 490 2439 548 praesunt;
2479 497 2528 535 et
2561 490 2615 537 st
2657 488 2799 537 recta
2840 478 3001 549 pedes
3029 479 3247 533 valeant
3282 479 3475 533 itinera
3516 494 3763 550 carpere,

493 586 661 654 quieti
688 592 831 649 sunt,
859 583 970 652 ipsa
1006 582 1246 637 deterius
1292 597 1386 637 sua
1417 582 1598 651 quiete
1626 578 1933 647 fatigantur.
1972 576 2074 630 Vo-

494 677 748 745 luptazem
781 690 1009 745 namque
1038 686 1259 730 censent
1282 675 1326 728 si
1353 673 1653 742 actionibus
1681 671 2073 740 deprimuntur,

494 767 733 821 laborem
779 767 1033 836 deputant
1071 768 1114 821 si
1148 768 1200 821 in
1244 766 1473 820 terrenis
1513 764 1741 833 negotiis
1782 777 1887 816 non
1925 759 2074 814 labo-

494 868 636 915 rant.
671 860 864 930 Sicque
896 860 972 923 lit,
1004 868 1063 913 ut
1083 863 1208 915 dum
1229 860 1258 899 δ
1281 875 1339 915 se
1361 859 1533 928 urgeri
1564 856 1847 912 mundanis
1879 854 2073 909 tumul-

496 950 640 1004 tibus
666 951 920 1019 gaudent,
955 951 1165 1006 interna
1194 965 1313 1022 quae
1354 951 1489 1005 alios
1539 950 1734 1003 docere
1781 947 2077 1001 debuerant

497 1044 761 1109 ignorent.
840 1042 991 1097 Unde
1040 1042 1402 1112 subiectorum
1459 1056 1671 1110 quoque
1728 1036 2079 1106 proculdubio

501 1142 523 1170 ⁸
560 1134 667 1186 vita
702 1130 978 1202 torpescit,
1000 1134 1118 1201 quia
1142 1148 1259 1185 cum
1286 1132 1544 1200 proiicere
1573 1128 1886 1198 spiritaliter
1915 1140 2079 1195 appe-

497 1223 601 1291 tit,
635 1225 684 1278 in
717 1224 963 1292 exemplo
1002 1224 1118 1293 ejus
1148 1223 1236 1292 qni
1276 1223 1375 1277 sibi
1410 1221 1661 1290 prtelatus
1691 1226 1801 1281 est,
1834 1216 1984 1285 quasi
2026 1216 2076 1269 in

495 1314 773 1368 obstaculo
825 1314 1030 1367 itineris
1060 1313 1297 1367 oll'endit.
1351 1312 1666 1380 Languente
1712 1308 1854 1363 enim
1904 1308 2079 1374 capite

497 1405 737 1461 membra
768 1405 1031 1459 incassum
1063 1405 1263 1473 vigent,
1287 1414 1340 1458 et
1364 1405 1414 1457 in
1441 1402 1813 1471 exploratione
1844 1399 2076 1452 hostium

495 1495 693 1550 frustra
724 1496 991 1550 exercitus
1024 1495 1281 1549 velociter
1323 1494 1585 1562 sequitur,
1617 1493 1659 1545 si
1689 1491 1756 1545 ab
1784 1492 1899 1559 ipso
1945 1491 2079 1543 duce

495 1588 701 1643 itineris
727 1600 956 1644 erratur.
993 1588 1147 1642 Nulla
1176 1588 1511 1641 subditorum
1541 1593 1748 1639 mentes
1775 1584 2080 1638 exhortatio

492 1682 769 1743 sublevat,
797 1695 1093 1749 eorumque
1140 1679 1324 1748 culpas
1377 1678 1671 1746 increpatio
1727 1675 1869 1727 nulla
1913 1674 2079 1727 casti-

498 1784 617 1843 gat;
680 1775 801 1842 quia
856 1774 981 1827 dum
1036 1788 1131 1842 per
1182 1771 1481 1825 animarum
1547 1768 1829 1838 praesulem
1880 1767 2079 1821 terreni

2178 571 2295 627 haec
2340 573 2689 643 proculdubio
2737 580 2894 639 caput
2924 571 3086 626 debet
3130 586 3194 627 ex
3225 571 3335 626 alto
3366 571 3668 641 providere,
3701 590 3768 630 ne

2177 678 2208 717 a
2242 674 2521 733 provectus
2559 665 2641 719 sui
2674 666 2863 719 itinere
2898 663 3060 732 pedes
3091 673 3359 733 torpeant,
3394 678 3518 718 cum
3545 673 3764 721 curvata

2176 755 2495 811 rectitudine
2543 756 2782 824 corporis
2829 764 2989 823 caput
3020 770 3142 811 sese
3188 756 3252 809 ad
3284 764 3481 811 terram
3512 757 3762 812 declinat.

2177 847 2291 914 Qua
2320 858 2497 902 autem
2528 859 2705 902 mente
2731 851 3031 901 animarum
3058 846 3251 916 praisul
3279 847 3483 901 honore
3514 847 3766 915 pastorali

2178 941 2317 995 inter
2340 952 2562 996 caeteros
2608 946 2791 1005 utitur,
2825 941 2868 995 si
2902 942 2952 993 in
2988 941 3215 995 terrenis
3256 940 3489 1010 negotiis
3518 957 3637 1010 qum
3685 956 3767 996 re-

2180 1033 2513 1100 prehendere
2560 1034 2610 1086 in
2657 1033 2773 1086 aliis
2804 1032 3010 1097 debuit,
3054 1042 3107 1087 et
3134 1034 3247 1101 ipse
3292 1034 3570 1087 versatur?
3615 1033 3766 1101 Quod

2179 1124 2429 1179 videlicet
2471 1140 2533 1179 ex
2567 1124 2643 1178 ira
2682 1123 2839 1193 jnstze
2886 1124 3264 1179 retributionis
3310 1138 3405 1192 per
3453 1125 3765 1193 prophetam

2190 1217 2445 1270 Dominus
2486 1216 2741 1277 minatur,
2770 1214 2993 1269 dicens:
3038 1214 3103 1267 Et
3128 1216 3221 1267 erit
3252 1216 3382 1267 sicut
3427 1214 3665 1282 populus,
3693 1216 3767 1269 sic

2182 1306 2419 1360 sacerdos
2444 1306 2617 1375 (Osca:
2641 1320 2711 1366 tv,
2737 1306 2812 1372 9).
2837 1304 3097 1359 Sacerdos
3124 1307 3318 1373 quippe
3339 1314 3420 1358 est
3443 1315 3497 1357 ut
3523 1305 3763 1375 populus,

2181 1399 2392 1468 quando
2431 1414 2491 1451 ea
2531 1397 2639 1466 agit
2680 1398 2725 1451 is
2755 1397 2843 1465 qui
2875 1397 3105 1464 spiritali
3150 1396 3328 1450 ofﬁcio
3368 1396 3618 1462 fungitur,
3648 1412 3766 1465 quae

2182 1489 2257 1543 illi
2294 1489 2540 1544 nimirum
2583 1488 2779 1541 iaciunt
2813 1487 2901 1554 qui
2942 1487 3115 1540 adhuc
3144 1486 3209 1540 de
3238 1486 3428 1539 studiis
3466 1485 3767 1539 carnalibus

2178 1580 2501 1648 iudicantur.
2536 1579 2685 1646 Quod
2715 1594 2834 1632 cum
2866 1594 3059 1646 magno
3088 1578 3296 1632 scilicet
3320 1577 3506 1631 dolore
3535 1577 3765 1629 charita-

2182 1672 2251 1726 tis
2273 1671 2532 1727 Jeremias
2564 1672 2819 1739 pr0pheta
2846 1669 3205 1737 conspiciens,
3238 1668 3387 1736 quasi
3431 1668 3532 1722 sub
3558 1667 3769 1719 destru-

2184 1765 2362 1817 ctione
2393 1762 2574 1829 templi
2609 1760 2872 1828 deplorat,
2905 1760 3087 1813 dicens
3113 1777 3125 1811 :
3154 1757 3419 1823 Quomodo
3448 1757 3770 1810 obscuratum

491 1878 776 1921 exercetur
824 1865 1061 1919 ol'ticium
1102 1863 1297 1932 iudicis
1316 1902 1336 1929 ,
1368 1877 1396 1915 a
1427 1862 1604 1931 gregis
1634 1860 1876 1915 custodia
1928 1868 2081 1914 vacat
2111 1858 2157 1917 Β
2184 1862 2255 1906 est
2280 1870 2485 1916 aurum,
2514 1860 2741 1904 mutatus
2770 1860 2844 1904 est
2865 1851 3007 1902 color
3030 1850 3271 1918 optimus,
3305 1849 3524 1915 dispersi
3553 1858 3672 1900 sunt
3694 1849 3771 1901 la-

495 1972 624 2012 cura
662 1956 924 2024 pastoris;
953 1965 1007 2010 et
1035 1955 1261 2024 subjecti
1289 1953 1525 2007 veritatis
1561 1953 1742 2007 lumen
1775 1951 2079 2019 apprehen-

495 2051 623 2105 dere
654 2058 957 2118 nequeunt,
989 2048 1112 2118 quia
1160 2046 1285 2101 dum
1336 2045 1569 2115 pasmris
1622 2058 1811 2097 sensus
1865 2050 2079 2096 terrena

495 2140 669 2197 studia
698 2150 984 2207 occupant,
1003 2150 1164 2195 vento
1191 2137 1505 2193 tentationis
1537 2136 1797 2205 impulsus
1826 2132 2080 2188 Ecclesiae

495 2234 681 2286 oculos
712 2232 884 2298 pulvis
914 2240 1100 2285 caecat.
1133 2229 1250 2296 Quo
1269 2235 1457 2283 contra
1489 2238 1633 2280 recte
1667 2224 1882 2277 humani
1914 2237 2079 2292 gene-

452 2352 461 2358 ~
493 2323 569 2378 ris
617 2321 965 2390 Redemptor,
990 2335 1112 2375 cum
1145 2336 1241 2373 nos
1271 2334 1299 2371 a
1332 2318 1540 2372 ventris
1586 2317 1878 2370 voracitate
1928 2329 2079 2367 com-

496 2423 761 2484 posceret,
786 2414 971 2468 dicens
996 2431 1010 2465 :
1036 2413 1290 2466 Attendite
1328 2419 1501 2464 autem
1526 2410 1699 2475 vobis,
1732 2419 1787 2462 ut
1820 2426 1925 2462 non
1964 2425 2082 2479 gra-

496 2518 674 2563 ventur
714 2508 873 2561 corda
901 2517 1066 2561 vestra
1106 2508 1159 2560 in
1200 2506 1411 2576 crapula
1435 2516 1481 2559 et
1508 2504 1743 2558 ebrietate
1784 2502 1937 2572 (an.
1969 2517 2080 2564 XXI,

496 2598 612 2670 Si),
643 2600 787 2655 illico
816 2599 1061 2666 adiunxit
1087 2615 1103 2654 :
1128 2601 1226 2652 Aut
1253 2600 1305 2651 in
1337 2598 1477 2651 curis
1496 2599 1652 2663 huius
1682 2597 1815 2650 vita.
1849 2594 1946 2650 Ubi
1985 2610 2080 2663 pa-

499 2704 685 2744 vorem
717 2705 929 2759 qnoque
960 2690 1203 2760 protinus
1252 2689 1456 2743 intente
1489 2687 1743 2757 adjiciens
1770 2704 1784 2739 :
1812 2686 1895 2740 Ne
1931 2692 2081 2755 forte,

499 2778 691 2848 inquit,
720 2781 1037 2850 superveniat
1078 2780 1130 2833 in
1174 2794 1261 2833 vos
1290 2779 1552 2842 repentina
1592 2778 1701 2832 dies
1744 2777 1839 2831 illa
1870 2775 2080 2846 (Ibid.).

498 2874 663 2941 Cujus
694 2873 954 2928 adventus
983 2874 1143 2928 etiam
1175 2872 1481 2941 qualitatem
1511 2870 1813 2934 denuntiat,
1845 2868 2029 2923 dicens
2060 2885 2071 2917 :

504 2965 766 3035 Tanquam
814 2966 1026 3035 laqueus
1052 2964 1187 3019 enim
1220 2964 1383 3017 veniet
1410 2980 1563 3032 super
1591 2978 1764 3016 omnes
1792 2964 1879 3032 qui
1914 2961 2086 3015 sedent

503 3074 653 3128 super
676 3057 861 3126 facient
887 3057 1047 3109 omnis
1077 3066 1229 3108 terra:
1253 3054 1444 3124 (lbid.,
1475 3052 1585 3123 55).
1620 3054 1753 3107 Hinc
1786 3054 1977 3106 iterum
2008 3052 2086 3104 di-

501 3152 605 3205 cit:
634 3149 800 3203 Nemo
819 3158 981 3217 potest
1003 3148 1201 3202 duobus
1223 3147 1442 3201 dominis
1460 3148 1646 3201 servire
1667 3146 1817 3215 (Luc.
1845 3143 2082 3214 xv1,15).

2181 1946 2324 2016 pides
2347 1946 2628 1998 sanctuarii
2661 1945 2714 1996 in
2750 1944 2916 2011 capite
2948 1942 3174 1996 omnium
3216 1940 3506 2007 platearum
3550 1940 3767 2008 (Thren.

2182 2054 2253 2105 Iv,
2302 2040 2394 2106 l)?
2445 2038 2580 2105 Quid
2645 2052 2876 2105 namque
2934 2050 3085 2099 auro,
3141 2036 3283 2104 quod
3334 2035 3562 2088 metallis
3610 2043 3771 2089 caete-

2181 2134 2257 2187 ris
2286 2132 2619 2202 prmeminet,
2665 2130 2764 2185 nisi
2794 2128 3117 2184 excellentia
3156 2128 3490 2182 sanctitatis?
3521 2128 3655 2194 Quid
3689 2143 3769 2180 co-

2182 2225 2295 2279 lore
2324 2226 2548 2291 Optimo,
2581 2221 2683 2276 nisi
2714 2220 3189 2275 cunctis-amabilis
3218 2218 3518 2272 reverentia
3552 2217 3774 2288 religio-

2183 2316 2268 2369 nis
2294 2314 2648 2383 exprimitur?
2674 2312 2810 2378 Quid
2842 2310 3128 2365 sanctuarii
3159 2309 3439 2375 lapidibus,
3464 2310 3562 2362 nisi
3590 2322 3776 2363 Sacro-

2183 2425 2301 2463 rum
2347 2409 2593 2462 ordinum
2645 2420 2885 2475 personat:
2931 2404 3248 2473 signantur?
3289 2402 3423 2467 Quid
3480 2403 3775 2470 platearum

2185 2503 2423 2565 nomine,
2460 2500 2561 2554 nisi
2591 2500 2871 2567 prmsentis
2902 2496 3023 2550 vitae
3057 2494 3279 2549 latitudo
3312 2495 3605 2563 lignraturl
3636 2496 3777 2559 Quia

2184 2594 2326 2649 enim
2352 2594 2539 2648 Grieco
2566 2590 2778 2659 eloquio
2808 2591 3003 2649 πλάτος
3044 2587 3265 2641 latitudo
3290 2586 3505 2651 dicitur,
3536 2586 3783 2655 profecto

2185 2700 2216 2739 a
2266 2683 2545 2738 latitudine
2590 2682 2777 2752 platea:
2824 2690 2949 2735 sunt
2996 2688 3217 2734 vocatae.
3284 2677 3385 2733 Per
3430 2679 3783 2748 semetipsum

2186 2791 2316 2831 vero
2346 2776 2553 2830 Veritas
2578 2775 2743 2829 dicit:
2783 2773 2911 2828 Lata
2948 2784 2993 2827 et
3027 2774 3251 2837 spatiosa
3285 2773 3363 2825 via
3393 2783 3465 2827 est
3490 2788 3603 2843 qua:
3638 2773 3786 2826 ducit

2188 2872 2253 2925 ad
2292 2870 2623 2938 perditionem
2659 2867 2871 2938 (Matth.
2900 2883 2990 2931 vtt,
3020 2866 3128 2935 l3).
3160 2867 3361 2920 Aurum
3396 2867 3554 2935 igitur
3582 2868 3788 2922 obscu-

2189 2973 2357 3027 ratur,
2387 2978 2506 3016 cum
2538 2961 2765 3015 terrenis
2792 2960 2999 3013 actibus
3028 2960 3327 3013 sanctitatis
3360 2960 3469 3014 vita
3500 2962 3788 3029 polluitur.

2190 3055 2352 3109 Color
2397 3055 2629 3122 optimus
2680 3061 3059 3117 commutatur,
3118 3068 3239 3105 cum
3284 3052 3640 3122 quorumdam
3695 3054 3792 3123 qui

2192 3145 2387 3212 degere
2432 3146 2682 3211 religiose
2730 3143 3120 3207 credebantur,
3189 3144 3472 3199 aeStimatio
3536 3156 3795 3204 anteacta

504 3241 637 3295 llinc
665 3240 860 3294 Paulus
908 3239 1279 3310 religiosorum
1313 3250 1520 3293 mentes
1553 3254 1582 3295 a
1606 3237 1785 3292 mundi
1815 3237 2087 3291 consortio
2116 3247 2165 3310 ρ
2198 3235 2470 3292 minuitur.
2505 3236 2635 3288 Nam
2659 3250 2781 3289 cum
2812 3234 3037 3302 quilibet
3064 3244 3183 3301 post
3211 3235 3510 3290 sanctitatis
3539 3235 3796 3293 habitum

503 3332 854 3386 contestando
881 3372 896 3397 ,
931 3346 993 3385 ac
1042 3331 1219 3400 potius
1262 3329 1637 3385 conveniendo
1678 3328 1978 3397 snSpendit,
2010 3328 2089 3381 di-

499 3438 669 3477 cens:
701 3422 863 3475 Nemo
911 3422 1139 3475 militans
1188 3420 1295 3475 Deo
1337 3422 1568 3488 implicat
1609 3436 1662 3473 se
1720 3419 1827 3490 25
1877 3417 2089 3487 negotiis

500 3505 859 3579 ‘swculartbus,
888 3522 942 3566 ut
986 3516 1033 3567 ei
1062 3515 1260 3584 placeat
1284 3515 1366 3567 cui
1395 3530 1448 3567 se
1483 3513 1713 3581 probavit
1741 3510 1826 3583 (ll
1858 3510 1991 3565 Tim.
2025 3527 2085 3579 ιι,

505 3602 583 3675 4).
630 3604 762 3658 llinc
799 3604 1054 3658 Ecclesim
1084 3602 1383 3657 rectoribus
1412 3602 1717 3657 ctvacandi
1746 3603 1918 3656 studia
1956 3618 2090 3671 pra:-

505 3695 659 3762 cipit,
688 3702 742 3748 et
765 3690 789 3729 ἀ
822 3693 1137 3747 consulendi
1172 3693 1405 3747 remedia
1446 3693 1701 3757 ostendit,
1727 3692 1910 3747 dicens
1936 3711 1947 3745 :
1975 3693 2089 3745 Sa:-

506 3787 705 3841 cttlaria
726 3788 880 3855 igitur
908 3796 929 3821 θ
951 3784 1159 3855 judicia
1187 3785 1231 3838 si
1260 3784 1556 3848 habueritis,
1579 3784 1978 3853 contemptibiles
2006 3784 2093 3852 qui

507 3892 620 3938 sunt
644 3885 694 3935 in
726 3880 976 3944 Ecclesia,
1000 3880 1116 3933 illos
1139 3879 1427 3932 constituite
1446 3878 1514 3930 ad
1530 3879 1873 3950 judicandum
1893 3876 1951 3949 (ζ
1970 3879 2090 3932 Cor.

508 3991 583 4041 vt,
614 3974 734 4043 id);
781 3984 837 4027 ut
879 3972 977 4040 ipsi
1028 3970 1279 4026 videlicet
1311 3971 1818 4039 'dispensationibns
1868 3972 2094 4027 terrenis

509 4071 823 4133 inserviant,
849 4081 984 4138 quos
1012 4066 1153 4120 dona
1183 4065 1441 4133 spiritalia
1485 4078 1591 4119 non
1635 4075 1917 4119 exornant.
1944 4064 2019 4118 Ac
2049 4066 2093 4119 si

511 4163 746 4234 apertius
772 4161 918 4215 dicat
948 4178 960 4212 :
987 4160 1119 4226 Quia
1149 4168 1433 4226 penetrare
1464 4157 1649 4211 intima
1676 4166 1968 4226 nequeunt,
1988 4157 2095 4212 sal-

512 4265 617 4309 tem
642 4250 939 4307 necessaria
966 4250 1095 4303 faris
1115 4257 1424 4318 operentur.
1450 4248 1581 4302 Hinc
1605 4248 1832 4316 Moyses,
1858 4248 1948 4317 qui
1972 4264 2092 4303 cum

514 4348 624 4401 Deo
654 4343 888 4412 loquitur
917 4341 1112 4413 (Exod.
1146 4356 1300 4404 xvtn,
1324 4340 1413 4405 l7,
1439 4341 1551 4408 l8),
1576 4340 1763 4394 Jethro
1783 4340 2095 4409 alienigenae

511 4436 935 4507 reprehensione
982 4433 1276 4501 iudicatur,
1306 4431 1446 4501 quod
1498 4432 1728 4486 terrenis
1778 4432 2094 4501 p0pnlorum

512 4529 739 4601 negmiis
788 4528 949 4582 stulto
993 4526 1174 4579 labore
1222 4524 1491 4578 deserviat
1535 4540 1549 4578 :
1589 4523 1676 4578 cni
1710 4532 1765 4579 et
1810 4523 2093 4578 consilium

2198 3329 2420 3384 terrenis
2468 3342 2526 3381 se
2564 3326 2769 3381 actibus
2821 3324 3029 3391 inserit,
3060 3326 3213 3395 quasi
3243 3326 3425 3381 colore
3474 3337 3800 3395 permutato

2194 3428 2318 3474 ante
2350 3418 2615 3472 humanos
2644 3416 2828 3470 oculos
2860 3415 2975 3485 ejus
3007 3416 3307 3471 reverentia
3335 3416 3584 3485 despecta
3620 3420 3800 3486 palle-

2193 3516 2314 3571 scit.
2347 3514 2648 3569 Sanctuarii
2677 3528 2887 3582 quoque
2915 3512 3117 3581 lapides
3156 3511 3208 3565 in
3238 3511 3438 3579 plateas
3467 3508 3803 3581 diSpergun-

2198 3615 2302 3669 tur,
2338 3620 2458 3659 cum
2489 3620 2772 3659 causarum
2805 3605 3124 3657 seculariutn
3153 3603 3294 3656 foras
3322 3602 3424 3656 lata
3454 3602 3647 3663 itinera
3699 3618 3802 3659 ex-

2195 3704 2382 3764 petunt
2417 3696 2469 3749 hi
2499 3697 2586 3764 qui
2618 3696 2683 3749 ad
2716 3707 3089 3749 ornamentum
3122 3694 3379 3747 Ecclesia;
3408 3690 3639 3746 internis
3671 3709 3804 3765 my-

2195 3786 2370 3841 steriis
2400 3789 2549 3856 quasi
2582 3786 2599 3825 ί
2649 3789 2702 3840 in
2733 3788 2957 3842 secretis
3001 3786 3329 3840 tabernaculi
3361 3800 3554 3839 vacare
3580 3785 3803 3841 debue-

2198 3888 2340 3932 runt.
2388 3880 2470 3932 Ad
2502 3878 2603 3933 hoc
2652 3879 2849 3947 quippe
2892 3879 3178 3932 sanctuarii
3229 3875 3430 3945 lapides
3477 3876 3709 3942 ﬁebant,
3745 3890 3808 3937 ut

2194 3972 2333 4026 intra
2364 3982 2546 4027 sancta
2579 3982 2884 4025 sanctorum
2918 3972 2969 4025 in
3001 3971 3322 4025 vestimento
3369 3970 3565 4024 suinmi
3596 3985 3807 4027 sacer-

2197 4062 2337 4117 dotis
2366 4069 2705 4130 apparerent.
2732 4059 2864 4114 Cntn
2896 4076 3022 4115 vero
3049 4060 3276 4114 ministri
3302 4060 3579 4131 religionis
3605 4078 3637 4114 ει
3671 4064 3812 4119 sub-

2196 4152 2323 4207 ditis
2354 4154 2610 4206 honorem
2638 4150 3009 4220 Redemptoris
3053 4150 3135 4205 sui
3182 4167 3248 4206 ex
3293 4156 3484 4207 merito
3524 4152 3656 4206 vitae
3692 4169 3812 4210 non

2197 4245 2436 4314 exigunt,
2467 4244 2754 4297 sanctuarii
2786 4244 2895 4315 26
2923 4242 3127 4311 lapides
3178 4244 3228 4297 in
3259 4253 3577 4299 ornamento
3610 4248 3815 4313 ponti-

2201 4336 2314 4390 ﬁcis
2342 4352 2445 4389 non
2476 4344 2622 4389 sunt.
2669 4334 2768 4401 Qui
2815 4335 3063 4388 nimirum
3112 4335 3401 4389 sanctuarii
3451 4334 3667 4404 lapides
3722 4339 3817 4392 tli—

2199 4428 2372 4497 spcrsi
2416 4444 2509 4497 per
2560 4429 2763 4497 plateas
2800 4428 3000 4496 jacent,
3050 4442 3172 4481 cum
3221 4442 3463 4496 persona:
3511 4442 3820 4484 sacrorum

2200 4521 2447 4575 ordinum
2475 4521 2804 4590 voluptatum
2832 4535 3048 4575 suarum
3081 4529 3106 4566 κ
3136 4519 3399 4573 latitudini
3427 4517 3656 4587 deditae,
3696 4530 3821 4577 ter-

511 4639 635 4679 mox
672 4622 975 4692 praebetur”
1006 4627 1064 4673 ut
1093 4632 1188 4686 pro
1215 4632 1274 4671 se
1305 4615 1437 4671 alios
1466 4615 1532 4670 ad
1578 4616 1754 4686 jurgia
1797 4616 2094 4671 dirimenda
2125 4639 2178 4697 D
2204 4613 2345 4665 renis
2376 4611 2598 4680 negotiis
2628 4611 2913 4666 inluerent.
2964 4611 3030 4664 Et
3061 4610 3349 4665 notandum
3380 4609 3521 4679 quod
3553 4626 3675 4665 non
3712 4613 3824 4669 hos

512 4717 839 4779 constituat,
872 4723 925 4767 et
974 4714 1090 4782 ipse
1143 4709 1365 4763 liberius
1407 4709 1471 4764 ad
1512 4709 1833 4765 erudiendos
1871 4710 2095 4780 p0pnlos

514 4800 832 4876 spiritalium
857 4818 1051 4859 arcana
1077 4810 1386 4871 cognoscat.

589 4900 629 4951 Δ
659 4894 885 4949 subditis
913 4910 1040 4962 ergo
1085 4892 1335 4947 inferiora
1366 4893 1594 4962 gerenda
1636 4902 1781 4959 sunt,
1814 4908 1842 4947 a
1873 4894 2091 4949 rectori-

514 4990 615 5044 bus
642 5000 849 5041 summa
895 4985 1204 5054 cogitanda;
1238 4994 1291 5037 nt
1323 4985 1527 5040 scilicet
1574 4986 1808 5051 oculum,
1842 4987 1926 5055 qtti
1961 5001 2095 5054 prae-

514 5076 759 5133 videndis
787 5075 1056 5145 gressibus
1086 5076 1415 5143 praeminet,
1447 5093 1574 5133 cura
1600 5078 1834 5148 pulveris
1865 5092 1969 5131 non
2000 5078 2096 5131 ob-

515 5178 714 5225 scuret.
760 5165 931 5236 Caput
971 5180 1198 5236 namque
1244 5168 1604 5237 subiectorum
1646 5178 1771 5225 sunt
1798 5170 1974 5225 cuncti
2004 5169 2095 5239 qui

592 5295 617 5322 ι
665 5283 760 5338 Hic
790 5282 1119 5357 dissentiunt
1165 5283 1287 5341 Mss.
1317 5284 1391 5340 Ex
1425 5286 1731 5357 Anglican.,
1772 5284 1864 5357 alii
1896 5283 2093 5357 habent

517 5356 901 5421 importunitate
924 5398 935 5417 ,
966 5355 1057 5409 alii
1099 5355 1563 5422 inopportunitaté;
1596 5356 1736 5424 quod
1783 5356 2008 5408 habetur
2040 5355 2090 5407 in

516 5428 704 5491 Corh.,
741 5426 883 5480 Belv.
909 5436 974 5498 et,
1001 5427 1236 5481 secundo
1278 5430 1495 5483 Caruot.
1540 5428 1836 5498 Sequimur
1845 5425 2094 5498 ATreccn-

517 5513 632 5553 sem
656 5512 775 5550 cum
802 5512 908 5565 quo
937 5497 1118 5552 Nnrnt.
1150 5502 1493 5562 conveniunt,
1522 5508 1574 5551 et
1595 5495 1784 5552 oinnes
1820 5495 2049 5566 Vulgati.

590 5567 617 5607 δ
659 5567 844 5640 Corh.,
872 5584 1049 5640 urgere
1075 5586 1148 5624 se.
1178 5569 1231 5623 In
1261 5569 1539 5631 Trecens.,
1562 5575 1683 5620 dum
1712 5586 1765 5622 se
1794 5569 2021 5638 urgueri.

590 5648 617 5682 ο
656 5639 840 5703 Corb.,
869 5639 970 5693 vita
1000 5645 1258 5708 turpescit.

590 5708 618 5747 εί
654 5710 868 5764 Carnot.
896 5714 1119 5779 primus,
1143 5709 1464 5763 consolandi.

594 5788 618 5855 ξ
657 5781 1032 5855 ρειτηυιρῐιεεε,
1064 5784 1288 5855 negotia.

594 5847 615 5892 ί
657 5847 871 5919 Εὶξςιιςί,
914 5856 964 5906 in
1000 5846 1199 5908 secrciis
1245 5852 1543 5909 sanctuarii.
1596 5846 1786 5919 Coegit
1830 5865 1928 5906 nos
1970 5851 2097 5907 Mss.

2203 4705 2477 4775 dispersos
2529 4706 2582 4757 in
2624 4705 2837 4773 plateis,
2868 4704 2961 4758 sed
3003 4704 3055 4757 in
3102 4705 3272 4773 capite
3304 4706 3599 4773 platearum
3638 4708 3825 4776 dicit;

2204 4798 2325 4867 quia
2354 4805 2410 4851 et
2437 4812 2557 4850 cum
2588 4804 2798 4849 terrena
2844 4804 3026 4864 agunt,
3060 4799 3252 4849 summi
3297 4795 3463 4849 videri
3504 4809 3828 4867 appetunt,

2206 4899 2263 4943 ιιι
2289 4900 2341 4943 et
2372 4890 2473 4942 lata
2522 4888 2707 4942 itinera
2756 4898 2972 4942 teneant
3016 4885 3045 4925 ιι
3086 4904 3149 4942 ex
3185 4889 3452 4958 voluptate
3481 4889 3830 4949 delectatio-

2207 4984 2311 5047 nis,
2356 4992 2409 5035 et
2459 4989 2632 5035 tamen
2679 4982 2729 5034 in
2775 4982 3065 5049 platearum
3110 4983 3215 5035 sint
3256 4996 3430 5051 Capttc
3470 4997 3537 5037 ex
3592 4985 3833 5043 honore

2205 5079 2519 5131 sanctitatis.

2275 5169 2361 5223 Nil
2410 5183 2620 5238 quoque
2669 5168 2848 5223 obstat
2894 5168 2939 5223 si
2985 5169 3276 5224 sanctuarii
3326 5168 3530 5237 lapides
3576 5173 3835 5230 eosdem

2200 5282 2484 5337 multitudo
2530 5294 2584 5340 et
2625 5284 2929 5353 praestantia
2981 5298 3198 5351 ponere,
3251 5284 3601 5337 tabernaculi.
3660 5286 3841 5345 Nunc

2200 5354 2411 5420 quidem
2443 5355 2493 5408 in
2523 5357 2775 5410 'l‘recenst
2810 5356 3021 5425 legitur,
3065 5354 3375 5419 sanctuarii;
3408 5362 3463 5407 at
3490 5368 3522 5408 a
3554 5363 3841 5417 secunda

2201 5440 2359 5477 manu
2391 5426 2667 5494 scriptum.

2273 5504 2297 5541 8
2333 5497 2674 5551 liecetttiurcs
2707 5498 2919 5561 l‘lxcnsi,
2952 5497 3173 5559 libidini,
3203 5496 3599 5551 reluctantibus
3633 5506 3845 5558 omni-

2200 5566 2298 5644 lius
2330 5570 2453 5622 Mss.
2501 5570 2762 5644 tjaetcrnm
2819 5583 2911 5644 per
2939 5584 3183 5644 personas
3223 5584 3483 5620 sacrorum
3525 5572 3844 5644 ord'nnm,

2205 5642 2289 5691 hic
2315 5646 2371 5692 et
2395 5641 2551 5705 paulo
2581 5639 2825 5713 superius
2853 5638 3102 5706 intelligit
3125 5636 3283 5713 (ξτες.
3312 5639 3669 5713 ρυιίδδιιηιιιιι
3709 5636 3848 5713 (sui;

2204 5703 2422 5778 Scopos,
2459 5703 2785 5780 presbyteris
2818 5718 2995 5780 tamen
3035 5703 3090 5763 et
3119 5703 3355 5763 diaconis
3397 5724 3500 5762 non
3534 5703 3844 5774 θιειυέίς,

2207 5780 2338 5834 Vide
2366 5782 2529 5847 inl‘ra,
2552 5779 2645 5835 viri
2669 5795 2777 5833 sac.
2809 5779 2925 5833 ord.

2283 5849 2309 5886 ιι
2350 5851 2480 5907 Tres
2503 5845 2738 5916 Gemet.,
2772 5850 2899 5921 Lyr.
2929 5848 3218 5918 secundus,
3252 5848 3391 5904 And.
3451 5845 3750 5927 Longi»,
3777 5872 3852 5915 εκ
