4036 6346
261 364 323 424 si
1055 367 1360 436 Βεῦυιιε
1400 366 1824 426 PASTOBALIS
1862 366 2085 425 LIBER.
2128 394 2199 407 —
2236 364 2413 423 PARS
2453 367 2788 423 SECUNDA.
3472 381 3544 436 42

280 482 423 548 ipsos
447 479 644 548 quibus
671 489 1036 539 constructum
1064 485 1423 540 sanctuarium
1448 486 1706 540 existebat
1733 485 1861 539 acci-
1887 490 1938 551 Α
1967 458 2229 538 teneatur.
2262 482 2412 538 Unde
2442 485 2579 540 bene
2607 484 2671 538 ad
2700 484 3035 542 Ezecbielem
3076 488 3273 547 dicitur
3300 510 3314 547 :
3357 495 3543 552 Sacer-

268 575 439 642 pimus
486 587 503 625 :
559 574 651 639 qui
699 572 931 643 dispersi
984 574 1037 630 in
1086 576 1381 645 platearum
1431 576 1605 645 capite
1648 575 1850 643 jacent.

264 664 478 733 quando
521 678 799 721 sacrorum
847 668 1094 722 ordinum
1140 672 1239 723 viri
1287 670 1516 725 terrenis
1557 671 1760 723 actibus
1786 684 1853 724 ex

260 758 531 814 desiderio
559 760 880 829 inserviunt,
911 776 975 815 ex
1006 777 1230 833 quorum
1262 763 1413 831 prius
1449 761 1628 822 oflicio
1655 761 1854 816 sancti-

261 853 389 906 tatis
414 854 588 923 gloria
616 864 760 909 stare
788 855 1090 910 videbatur.
1124 857 1411 913 Saecularis
1438 857 1616 924 itaque
1641 858 1851 928 negotia

258 936 559 1015 aliquando.
582 963 649 1002 ex
677 951 1053 1018 compassione
1096 953 1373 1007 toleranda
1405 962 1549 1017 sunt,
1584 966 1851 1021 nunquam

257 1052 389 1092 vero
418 1054 485 1093 ex
517 1054 701 1095 amore
730 1041 1045 1111 reqtiirenda
1069 1060 1083 1108 ;
1118 1059 1184 1098 ne
1211 1058 1337 1099 cum
1369 1053 1599 1099 mentem
1627 1044 1853 1115 diligen-

257 1129 331 1183 tis
375 1142 690 1200 aggravant,
740 1131 882 1188 hanc
923 1147 1024 1188 suo
1051 1135 1245 1190 victam
1279 1134 1511 1197 pondere
1539 1136 1607 1189 ad
1655 1135 1757 1187 ima
1787 1138 1854 1191 de

252 1223 573 1281 caelestibus
603 1236 868 1294 mergant.
917 1230 985 1282 At
1007 1240 1213 1295 contra,
1247 1231 1486 1285 nonnulli
1535 1231 1713 1301 gregis
1739 1248 1855 1300 qut-

252 1316 379 1370 dein
428 1333 612 1373 curam
663 1321 982 1389 suscipiunt,
1026 1323 1119 1377 sed
1165 1324 1245 1378 sic
1290 1324 1504 1380 sibimet
1549 1340 1739 1381 vacare
1786 1325 1852 1379 ad

251 1408 521 1475 Spiritalia
551 1421 829 1479 appetunt,
875 1418 934 1465 ut
961 1414 1123 1469 rebus
1159 1417 1517 1471 exterioribus
1551 1417 1854 1473 nullatenus

252 1513 612 1570 occupentur.
644 1504 742 1571 Qui
772 1522 893 1561 cum
925 1521 1114 1561 curare
1163 1509 1463 1577 corporalia
1493 1509 1729 1564 funditus
1758 1525 1853 1566 ne-

253 1593 485 1663 gligunt,
522 1595 856 1652 subditorum
886 1598 1303 1655 necessitatibus
1334 1599 1555 1656 minime
1586 1610 1612 1637 ⁸
1637 1615 1854 1655 concur-

252 1693 411 1737 runt.
452 1684 689 1752 Quorum
720 1690 969 1743 nimirum
995 1690 1300 1758 praedicatio
1331 1692 1649 1760 plerumque
1675 1693 1854 1762 despi-

260 1775 438 1841 citur;
465 1779 588 1847 quia
616 1778 741 1835 dum
784 1781 1206 1851 delinquentium
1249 1782 1384 1839 facta
1416 1787 1729 1854 corripiunt,
1758 1784 1853 1840 sed

1955 575 2096 630 dotes
2128 586 2283 644 caput
2316 593 2466 629 suum
2502 593 2604 631 non
2638 579 2838 644 radent,
2866 596 3025 650 neque
3058 599 3258 638 comam
3294 590 3542 656 nutrient,

1952 667 2040 719 sed
2060 669 2321 721 tondentes
2343 670 2640 724 attondeant
2680 672 2850 737 capita
2874 690 2967 727 sua
3006 674 3217 746 (Ezech.
3246 695 3393 749 xuv,
3425 683 3540 756 20).

1953 755 2273 812 Sacerdotes
2302 774 2530 829 namque
2552 761 2673 830 jure
2701 765 2873 818 vocati
2900 776 3021 820 sunt
3051 808 3063 831 ,
3111 770 3199 839 qui
3247 781 3304 825 ut
3333 787 3546 831 sacrum

1958 849 2207 903 ducatum
2259 854 2551 920 praebcant,
2597 853 2841 910 fidelibus
2888 869 3144 926 praesunt.
3192 861 3384 932 Capilli
3416 881 3548 923 vero

1955 939 2011 995 in
2040 944 2238 1012 capite,
2266 944 2558 1000 exteriores
2598 957 2721 1000 sunt
2749 950 3100 1019 cogitationes
3132 953 3184 1008 in
3215 966 3427 1013 mente:
3458 959 3550 1030 qui

1953 1033 2079 1089 dum
2130 1051 2292 1105 super
2340 1038 2619 1093 cerebrum
2672 1040 3055 1100 insensibiliter
3094 1048 3355 1118 oriuntur,
3389 1067 3549 1109 curas

1954 1127 2077 1181 vitae
2114 1130 2394 1196 praesentis
2426 1132 2748 1200 designant;
2779 1151 2899 1204 quae
2928 1152 2996 1191 ex
3043 1152 3205 1194 sensu
3235 1143 3546 1214 negligenti,

1956 1220 2078 1287 quia
2111 1220 2415 1289 importune
2448 1221 2735 1291 aliquando
2762 1225 3047 1294 prodeunt,
3073 1231 3224 1298 quasi
3255 1233 3410 1290 nobis
3441 1250 3549 1292 non

1958 1312 2314 1367 sentientibus
2361 1314 2680 1382 procedunt.
2729 1316 2863 1382 Quia
2894 1316 3055 1389 igitur
3080 1323 3258 1377 cuncti
3290 1325 3379 1394 qui
3412 1343 3552 1397 prte-

1954 1414 2100 1467 sunt,
2126 1403 2326 1459 habere
2348 1407 2561 1475 quidem
2592 1407 2981 1464 sollicitudines
3009 1412 3306 1469 exteriores
3330 1417 3549 1486 debent,

1956 1509 2056 1550 nec
2104 1507 2279 1553 tamen
2331 1500 2425 1554 eis.
2462 1500 2810 1557 vehementer
2858 1503 3189 1577 incumbere,
3243 1512 3554 1570 sacerdotes

1956 1599 2108 1645 recte
2144 1600 2198 1646 et
2234 1602 2392 1662 caput
2429 1594 2781 1664 prohibentur
2831 1599 3043 1667 radere,
3094 1612 3149 1658 et
3191 1618 3398 1663 comam
3454 1628 3554 1666 nu-

1961 1678 2123 1748 trire;
2157 1692 2217 1737 ut
2246 1686 2596 1753 cogitationes
2638 1691 2816 1743 carnis
2852 1690 2920 1747 de
2947 1694 3053 1748 vita
3083 1695 3421 1755 subditorum
3454 1718 3557 1760 nec

1956 1792 1986 1831 a
2025 1792 2084 1832 se
2119 1777 2355 1835 funditus
2386 1794 2687 1851 amputent,
2719 1802 2821 1842 nec
2859 1803 3070 1844 rursum
3105 1792 3172 1846 ad
3199 1798 3555 1855 crescendum

252 1876 438 1925 tamen
480 1875 563 1927 eis
604 1875 905 1930 necessaria
946 1877 1227 1945 pungentis
1267 1876 1388 1931 vim
1428 1893 1536 1932 non
1586 1879 1848 1946 tribuum,
1882 1893 1932 1955 Β
1960 1868 2119 1923 nimis
2149 1871 2413 1927 relaxent.
2450 1873 2546 1929 Ubi
2585 1886 2640 1930 et
2677 1876 2813 1932 bene
2843 1879 3078 1935 dicitur:
3112 1882 3396 1942 Tondentes
3440 1899 3557 1944 ton-

253 1976 595 2032 nequaquam
681 1964 910 2021 libenter
976 1966 1288 2023 audiuntur.
1368 1967 1591 2039 Egentis
1654 1972 1852 2025 etenim

257 2071 499 2117 mentem
536 2058 795 2113 doctrinae
822 2074 1001 2114 sermo
1032 2075 1137 2114 non
1171 2069 1439 2130 penetrat,
1468 2061 1513 2117 si
1547 2061 1687 2118 hunc
1713 2062 1853 2131 apud

252 2169 377 2220 ejus
408 2165 641 2205 animum
690 2166 881 2206 manus
921 2152 1305 2208 misericordia:
1344 2168 1451 2208 non
1489 2154 1852 2209 commendat.

252 2240 411 2297 Tunc
448 2253 624 2295 autem
677 2241 823 2296 verbi
872 2257 1057 2299 semen
1108 2243 1264 2299 facile
1311 2244 1599 2314 germinat,
1642 2244 1857 2315 quando

253 2334 364 2388 hoc
416 2336 467 2388 in
508 2334 777 2389 audientis
826 2345 1045 2405 pectore
1094 2338 1266 2406 pietas
1311 2337 1648 2407 przedicantis
1697 2339 1853 2409 rigat.

259 2425 421 2482 Unde
452 2436 721 2482 rectorem
753 2442 975 2483 necesse
1004 2437 1088 2483 est
1118 2437 1175 2485 ut
1202 2429 1457 2485 interiora
1487 2430 1656 2501 possit
1681 2429 1857 2485 infun-

255 2519 415 2584 dere,
448 2517 775 2587 cogitatione
802 2520 1021 2575 innoxia
1051 2521 1212 2576 etiam
1244 2520 1519 2577 exteriora
1547 2520 1853 2592 providere.

253 2611 353 2667 Sic
382 2613 562 2681 itaque
590 2611 839 2667 Pastores
866 2627 991 2682 erga
1020 2612 1275 2668 interiora
1306 2613 1483 2668 studia
1512 2613 1854 2669 subditorum

252 2719 473 2759 suorum
521 2703 785 2769 ferveant,
814 2714 1079 2773 quatenus
1109 2704 1162 2759 in
1207 2705 1287 2761 eis
1316 2706 1602 2761 exterioris
1640 2722 1856 2777 quoque

252 2797 383 2849 vita:
416 2795 805 2864 providentiam
856 2812 962 2851 non
990 2796 1312 2869 relinquant.
1364 2797 1497 2854 Nam
1524 2797 1673 2869 quasi
1710 2799 1854 2869 jure,

253 2895 316 2941 ut
340 2886 602 2953 diximus,
652 2901 681 2939 a
731 2887 1075 2956 percipienda
1107 2888 1489 2958 przcdicatione
1519 2891 1695 2961 gregis
1735 2890 1854 2946 ani-

252 2993 381 3033 mus
412 2976 698 3048 frangitur,
749 2978 795 3032 si
826 2993 952 3032 cura
998 2980 1282 3035 exterioris
1330 2982 1555 3037 subsidii
1585 2998 1615 3037 a
1644 2994 1855 3053 pastore

255 3071 590 3141 negligatur.
623 3073 774 3126 Unde
802 3081 854 3126 et
882 3072 1084 3142 primus
1116 3082 1299 3144 pastor
1323 3075 1553 3132 sollicite
1581 3078 1855 3146 admonet,

254 3162 449 3217 dicetis
474 3180 487 3214 :
516 3162 757 3217 Seniores
796 3166 886 3234 qui
915 3166 966 3217 in
992 3165 1128 3220 vobis
1169 3178 1313 3233 sunt,
1357 3167 1563 3222 obsecro
1591 3171 1859 3225 consenior

1960 1962 2110 2014 deant
2134 1964 2304 2033 capita
2323 1980 2417 2017 sua
2438 1964 2668 2036 (Ibid);
2700 1979 2756 2021 ut
2784 1969 3033 2027 videlicet
3063 1982 3087 2009 θ
3113 1989 3255 2030 curae
3288 1988 3558 2049 tempora-

1958 2055 2024 2109 lis
2064 2056 2438 2113 sollicitudinis
2479 2068 2536 2114 et
2572 2071 2830 2130 quantum
2883 2080 3106 2121 necesse
3146 2077 3230 2124 est
3274 2073 3559 2144 prodeant,

1959 2157 2014 2203 et
2043 2158 2218 2204 tamen
2264 2152 2572 2207 recidantur
2597 2156 2777 2223 citius,
2819 2173 2887 2213 ne
2917 2158 3324 2217 immoderatius
3367 2182 3558 2222 excre-

1959 2252 2133 2296 scant.
2182 2243 2316 2297 Dum
2350 2244 2506 2314 igitur
2533 2254 2588 2301 et
2628 2262 2724 2315 per
2757 2248 3188 2309 administratam
3233 2257 3558 2314 exteriorem

1962 2332 2351 2400 providentiam
2399 2350 2687 2407 corporum
2728 2341 2835 2395 vita
2881 2346 3211 2416 protegitur,
3273 2358 3327 2403 et
3376 2366 3561 2408 rursus

1967 2422 1986 2461 ί
2018 2440 2113 2495 per
2151 2427 2479 2483 moderatam
2502 2431 2682 2487 cordis
2709 2434 3059 2491 intentionem
3101 2454 3207 2493 non
3249 2440 3559 2512 impeditur,

1959 2516 2138 2585 capilli
2187 2519 2240 2572 in
2288 2522 2461 2589 capite
2501 2523 2798 2580 sacerdotis
2843 2537 2899 2581 et
2945 2541 3229 2585 servantur
3277 2542 3334 2586 ut
3380 2542 3557 2590 cutem

1961 2610 2288 2680 cooperiant,
2322 2622 2379 2667 et
2410 2626 2719 2670 resecantur
2746 2633 2813 2673 ne
2843 2619 3030 2676 oculos
3058 2621 3331 2678 claudant.

2379 2730 2605 2787 CAPUT
2645 2731 2779 2788 Vill.
2823 2733 2930 2807 [Αι.
2954 2735 3141 2809 xm]

2001 2818 2085 2876 Ne
2116 2822 2318 2891 placere
2347 2834 2515 2902 rector
2544 2841 2635 2902 suo
2666 2827 2835 2902 studio
2857 2826 3146 2902 hominibus
3176 2842 3405 2902 appetat,
3438 2835 3528 2889 sed

2177 2905 2347 2947 tamen
2386 2898 2451 2948 ad
2476 2898 2611 2965 quod
2634 2896 2839 2967 placere
2863 2898 3059 2966 debeat,
3093 2896 3345 2958 intendat.

2034 2984 2177 3041 Inter
2218 2986 2331 3042 haec
2361 3004 2575 3059 quoque
2615 3006 2837 3048 necesse
2882 3004 2963 3049 est
3011 3003 3071 3049 ut
3113 3006 3290 3051 rector
3338 3005 3562 3055 solerter

1962 3078 2221 3149 invigilet,
2256 3096 2322 3136 ne
2350 3082 2491 3137 liunc
2517 3083 2713 3153 cupido
2739 3086 2985 3155 placendi
3018 3090 3327 3146 hominibus
3354 3095 3560 3161 pulset;

1962 3185 2034 3226 ne
2079 3186 2199 3225 cum
2244 3174 2487 3231 studiose
2536 3176 2792 3233 interiora
2842 3188 3125 3250 penetrat,
3171 3197 3293 3236 cum
3343 3184 3564 3252 provide

253 3267 306 3310 et
345 3257 483 3310 testis
523 3255 717 3311 Christi
756 3259 1074 3328 passionum,
1119 3262 1203 3329 qui
1242 3270 1289 3314 et
1322 3263 1434 3332 ejus
1459 3279 1576 3333 qua:
1602 3265 1652 3317 in
1684 3265 1859 3333 futuro
1886 3285 1934 3351 ρ
1963 3268 2231 3321 exteriora
2277 3267 2682 3339 subministrat,
2730 3285 2790 3325 se
2839 3274 3011 3344 magis
3056 3289 3087 3326 a
3133 3273 3367 3329 subditis
3412 3276 3561 3345 diligi

252 3349 535 3404 revelanda
556 3361 645 3414 est,
673 3353 853 3421 gloria:
879 3356 1305 3420 communicatur,
1324 3358 1516 3425 pascite
1539 3359 1626 3428 qui
1648 3359 1700 3413 in
1723 3360 1861 3414 vobis

253 3451 333 3496 est
376 3459 579 3514 gregem
604 3442 702 3496 Dei
723 3440 779 3515 (I
802 3442 917 3500 Pet.
946 3462 998 3513 v,
1030 3447 1105 3516 l).
1155 3448 1253 3514 Qui
1284 3449 1386 3503 boc
1435 3450 1487 3502 in
1518 3450 1635 3505 loco
1666 3453 1861 3520 pastio-

254 3549 382 3591 nem
415 3536 595 3591 cordis
611 3546 692 3591 'an
726 3538 968 3608 corporis
996 3540 1247 3594 suaderet
1281 3541 1512 3610 aperuit,
1545 3558 1668 3597 cum
1699 3544 1865 3612 proti-

257 3642 362 3682 nus
393 3626 639 3694 adjunxit
663 3645 678 3682 :
707 3627 1038 3686 Providentes
1060 3630 1087 3669 δ
1112 3648 1214 3685 non
1237 3643 1431 3699 coacte,
1456 3634 1545 3688 sed
1586 3648 1863 3706 spontanee

258 3721 546 3774 secundum
569 3720 756 3789 Deum,
783 3739 943 3793 neque
964 3726 1130 3795 turpis
1154 3726 1284 3779 lucri
1304 3729 1493 3797 gratia,
1519 3732 1613 3782 sed
1630 3730 1865 3785 volunta-

257 3810 357 3864 rie.
401 3810 613 3877 Quibus
648 3814 888 3883 profecto
927 3815 1106 3870 verbis
1147 3814 1447 3886 pasioribus
1478 3820 1563 3889 pie
1596 3836 1864 3890 prwcave-

260 3916 369 3971 tur,
402 3922 470 3961 ne
498 3906 628 3961 dum
676 3909 1041 3978 subiectorum
1077 3920 1100 3950 α
1134 3912 1367 3982 inopiam
1413 3916 1628 3983 satiant,
1657 3930 1716 3969 se
1747 3932 1864 3969 mu-

255 4013 428 4053 crone
462 3999 769 4055 ambitionis
807 4001 1080 4069 occidant,
1131 4020 1197 4057 ne
1236 4020 1357 4059 cum
1407 4019 1499 4074 per
1539 4021 1633 4061 eos
1683 4009 1863 4063 carnis

258 4092 517 4146 subsidiis
548 4092 861 4148 reficiuntur
888 4094 1139 4162 proximi,
1174 4094 1272 4165 ipsi
1303 4104 1622 4154 remaneant
1647 4113 1676 4153 a
1705 4100 1864 4169 justi-

258 4187 351 4239 tia:
402 4200 541 4256 pane
582 4186 778 4257 jejuni.
826 4184 854 4222 τι
905 4186 1053 4242 Ilanc
1102 4188 1381 4244 Pastorum
1445 4191 1864 4249 sollicitudinem

258 4275 465 4332 Paulus
494 4279 715 4344 excitat,
745 4278 928 4335 dicens
957 4296 971 4333 :
1006 4279 1105 4347 Qui
1136 4297 1369 4348 suorum,
1423 4293 1469 4338 et
1506 4287 1728 4339 maxime
1766 4287 1864 4340 do-

259 4371 594 4425 mesticorum
628 4387 805 4425 curam
834 4388 936 4427 non
957 4372 1129 4440 habet,
1153 4375 1306 4443 ﬁdem
1344 4379 1567 4446 negavit,
1604 4387 1651 4432 et
1679 4389 1751 4433 est
1785 4383 1866 4434 in-

263 4462 408 4529 ﬁdeli
449 4463 670 4518 deterior
705 4461 758 4535 (I
788 4463 923 4520 Tim.
955 4481 1019 4532 v,
1054 4463 1134 4536 8).
1185 4468 1330 4523 Inter
1362 4471 1476 4523 haec
1523 4470 1705 4542 itaque
1751 4488 1866 4529 me-

264 4540 524 4610 tuendum
570 4570 782 4626 semper
831 4566 934 4627 est,
986 4568 1039 4614 et
1087 4560 1366 4631 vigilanter
1412 4562 1746 4633 intuendum,
1796 4582 1865 4623 ne

1966 3372 2127 3425 quam
2159 3357 2437 3412 veritatem
2468 3368 2705 3428 qnmrat;
2740 3376 2807 3415 ne
2833 3376 2981 3428 cum,
3010 3363 3164 3418 bonis
3209 3365 3418 3421 actibus
3461 3366 3565 3421 ful-

1968 3458 2072 3512 tus,
2114 3464 2142 3501 a
2176 3450 2375 3504 mundo
2422 3450 2634 3505 videtur
2676 3450 2913 3519 alienus,
2953 3454 3097 3510 hunc
3134 3459 3340 3511 auctori
3376 3458 3566 3517 reddat

1965 3551 2280 3598 extraneum
2326 3557 2479 3598 amor
2515 3558 2666 3600 suus.
2711 3545 2892 3603 Hostis
2935 3564 3164 3619 namque
3188 3549 3567 3624 Redemptoris

1964 3645 2067 3703 est,
2097 3636 2189 3707 qui
2217 3653 2313 3708 per
2338 3650 2485 3694 recta
2517 3654 2681 3710 opera
2721 3657 2841 3711 quae
2877 3642 3026 3711 facit,
3057 3644 3174 3714 ejus
3203 3647 3321 3703 vice
3357 3648 3426 3702 ab
3463 3647 3566 3703 Ec-

1964 3729 2130 3785 clesia
2174 3732 2341 3786 amari
2390 3733 2744 3803 concupiscit,
2778 3736 2901 3806 quia
2930 3736 3246 3793 adulterinae
3293 3742 3568 3810 cogitatio.

1970 3824 2055 3878 nis
2088 3839 2213 3879 reus
2256 3832 2361 3892 est,
2398 3827 2442 3879 si
2476 3826 2689 3895 placere
2733 3843 2866 3897 puer
2893 3844 3105 3898 sponsa:
3136 3830 3306 3886 oculis
3340 3833 3564 3902 appetit,

1970 3932 2066 3987 per
2116 3934 2273 3988 quem
2312 3934 2543 3990 sponsus
2589 3920 2729 3975 dona
2779 3923 3098 3978 transmisit.
3166 3924 3266 3992 Qui
3314 3925 3565 3980 nimirum

1966 4027 2115 4068 amor
2162 4016 2414 4083 proprius
2462 4031 2584 4070 cum
2637 4018 2862 4073 rectoris
2912 4029 3149 4075 mentem
3196 4023 3426 4090 ceperit,
3469 4024 3567 4077 ali-

1967 4106 2180 4175 quando
2204 4108 2343 4163 liauc
2368 4108 2670 4164 inordinate
2697 4111 2763 4165 ad
2788 4112 3086 4179 mollitiem,
3117 4112 3406 4185 aliquando
3433 4131 3563 4170 vero

1968 4199 2036 4253 ad
2079 4201 2425 4269 asperitatem
2471 4203 2630 4273 rapit.
2682 4205 2759 4259 Ex
2797 4220 2985 4262 amore
3023 4208 3221 4263 etenim
3268 4224 3365 4264 suo
3415 4226 3568 4266 mens

1968 4294 2195 4347 rectoris
2242 4294 2294 4349 in
2338 4296 2625 4353 mollitiem
2656 4300 2911 4367 vertitur;
2946 4303 3072 4372 quia
3121 4318 3242 4358 cum
3284 4317 3568 4374 peccantes

1968 4385 2215 4441 subditos
2256 4387 2499 4457 respicit,
2530 4405 2598 4443 ne
2640 4405 2768 4461 erga
2802 4391 2945 4448 hunc
2991 4409 3177 4450 eorum
3208 4396 3427 4453 dilectio
3461 4407 3544 4451 tor

1969 4487 2121 4547 peat,
2170 4478 2443 4547 corripere
2490 4496 2597 4536 non
2646 4485 2963 4552 praesumit;
3007 4501 3390 4559 nonnunquam
3441 4504 3569 4544 vero

1969 4580 2143 4627 errata
2172 4572 2506 4628 subditorum
2539 4589 2658 4645 quas
2689 4577 2969 4646 increpare
2995 4580 3278 4646 debuerat,
3304 4578 3568 4635 adulatio.

267 4648 390 4703 dum
425 4662 553 4703 cura
585 4649 654 4703 ab
699 4649 777 4704 eis
808 4651 1041 4705 exterior
1081 4652 1277 4722 agitur,
1327 4654 1394 4710 ab
1436 4655 1641 4712 interna
1691 4661 1866 4716 inten-
1893 4684 1945 4745 ο
1973 4665 2129 4720 nibus
2168 4665 2457 4722 demulcet.
2492 4668 2646 4724 Unde
2686 4668 2824 4727 bene
2853 4686 2950 4740 per
2978 4671 3297 4742 prophetam
3337 4672 3568 4729 dicitur:

266 4740 416 4796 tione
446 4750 779 4812 mergantur.
828 4742 1151 4814 Plerumque
1196 4746 1359 4815 enim,
1408 4759 1464 4802 ut
1495 4748 1863 4821 praediximus,

263 4834 424 4889 corda
472 4844 744 4889 rectorum
792 4834 917 4889 dum
952 4839 1230 4906 temporali
1278 4841 1624 4898 sollicitudini
1656 4844 1868 4902 incaute

266 4928 601 4997 deserviunt,
652 4928 721 4983 ab
769 4929 959 4986 intimo
1002 4945 1190 4988 amore
1238 4933 1566 5004 frigescunt;
1620 4949 1674 4993 et
1720 4940 1865 4997 foras

270 5016 384 5074 fusa
414 5019 658 5075 oblivisci
683 5022 785 5092 27
813 5036 918 5076 non
946 5034 1211 5090 metuunt,
1234 5026 1358 5096 quia
1388 5029 1687 5086 animarum
1720 5035 1862 5104 regi-

268 5112 414 5165 mina
444 5125 818 5183 susceperunt.
850 5116 1172 5174 Sollicitudo
1202 5136 1333 5191 ergo
1364 5138 1483 5192 quae
1510 5126 1737 5182 subditis
1767 5143 1864 5183 ex-

269 5202 436 5258 terius
474 5204 826 5273 impenditur,
867 5209 968 5264 sub
1016 5221 1161 5266 certa
1210 5228 1431 5271 necesse
1480 5228 1562 5273 est
1610 5235 1858 5277 mensura

266 5317 559 5407 uoluntate.
607 5317 901 5389 Sequimur
930 5322 1207 5407 Trecens.,
1241 5325 1403 5384 Corb.
1455 5339 1511 5386 et
1553 5332 1686 5389 alios
1729 5351 1862 5407 quos

270 5386 522 5462 Editores
549 5386 738 5445 omnes
767 5406 1166 5462 expresserunt.

343 5467 370 5535 ξι
410 5460 816 5535 Ifrimus‘Andq
842 5460 1179 5534 exquisitiori
1208 5485 1390 5535 sensu,
1421 5489 1715 5533 occurrunt.

342 5527 367 5609 ξι
408 5531 596 5610 cortu,
629 5532 777 5588 Belv.
803 5527 866 5590 et
896 5527 1164 5593 settundus
1196 5527 1442 5610 Carnoi.,
1493 5527 1854 5605 native—caelos.

268 5597 424 5682 Prior
448 5597 693 5682 garriet"
723 5623 823 5659 non
846 5610 1027 5682 coacti,
1056 5611 1145 5663 sed
1167 5597 1447 5682 spontanei:

350 5680 374 5756 ξ
406 5671 553 5756 idem
578 5674 795 5756 Qarnot.
826 5690 879 5733 et
907 5671 1108 5756 primus
1132 5671 1296 5753 Atid.,
1329 5686 1556 5756 inopiam
1578 5693 1821 5747 sentiant.

343 5738 368 5825 f1
405 5744 687 5825 §ecundus
716 5738 1125 5825 Carnol.,_Hiuc
1148 5738 1428 5825 pastorum:

340 5823 364 5851 °
403 5813 750 5899 Co_rb,,_cum
784 5813 1241 5899 ttonnullis,‘cura:
1272 5832 1565 5899 temporalis
1603 5834 1861 5892 sollicitu-

273 5884 432 5944 dines.
465 5886 662 5955 Laud.,
690 5906 828 5944 curre
852 5884 1157 5962 temporales
1187 5884 1578 5959 sollicitudines.

596 5980 869 6045 Ρλτιυι.
935 5985 1255 6051 LXXVII.

1983 4756 2069 4811 γω
2090 4758 2166 4811 Itis
2186 4760 2271 4828 qui
2294 4769 2543 4814 consuunt
2564 4762 2813 4828 pulvillos
2843 4764 2937 4817 sub
2960 4764 3099 4817 omni
3120 4773 3145 4811 κ
3170 4762 3338 4819 cubito
3359 4781 3569 4833 manus,

1969 4859 2018 4903 et
2050 4850 2249 4919 faciunt
2285 4853 2552 4906 cervicalia
2589 4856 2682 4907 sub
2711 4854 2873 4925 capite
2908 4854 3159 4909 universa:
3185 4859 3351 4911 atatis
3383 4860 3450 4911 ad
3486 4874 3570 4913 ca-

1970 4945 2187 5015 piendas
2221 4950 2422 5003 animas
2446 4948 2658 5020 (Ezeclt.
2683 4965 2800 5013 xm,
2828 4947 2939 5020 18).
2970 4949 3223 5008 Pnlvillos
3250 4955 3447 5024 quippe
3472 4955 3570 5009 sub

1977 5041 2122 5094 omni
2154 5040 2341 5097 cubito
2372 5058 2561 5097 manus
2589 5056 2811 5111 ponere,
2840 5054 2923 5097 est
2947 5043 3200 5100 cadentes
3229 5059 3256 5100 a
3289 5062 3381 5101 sua
3412 5048 3569 5103 recti-

1970 5135 2154 5191 tudine
2197 5138 2426 5202 animas,
2477 5147 2638 5205 atque
2686 5139 2739 5191 in
2772 5137 2930 5207 hujus
2979 5140 3163 5195 mundi
3195 5156 3253 5195 se
3278 5141 3306 5177 ιι
3334 5143 3570 5197 delecta-

1970 5227 2109 5284 tione
2140 5232 2481 5295 reclinantes,
2520 5230 2712 5285 blanda
2752 5230 3063 5287 adulatione
3095 5233 3367 5289 relevere.
3403 5235 3570 5300 Quasi

2044 5342 2064 5380 ί
2109 5343 2165 5397 In
2201 5343 2545 5418 Edit._I’aris.
2577 5341 2739 5418 i§l8,
2776 5344 2944 5401 Gilot.
2976 5355 3031 5401 et
3059 5346 3223 5415 plur.,
3268 5366 3357 5418 per
3388 5350 3567 5403 immo-

1968 5414 2221 5468 deratam.
2272 5414 2473 5478 Quibus
2528 5414 2891 5485 suffragantur
2933 5414 3084 5472 multi
3120 5414 3277 5483 Mss,
3310 5422 3427 5476 scil.
3462 5432 3568 5476 tres

1968 5486 2211 5561 (Σιιιιίιιοι.ἓ
2240 5486 2344 5561 duo
2368 5486 2534 5555 Aud.,
2558 5488 2686 5558 Lyr.
2711 5498 2765 5543 et
2799 5489 2987 5543 tertius
3015 5489 3221 5544 Getuet.
3249 5492 3419 5545 Secus
3448 5494 3566 5561 alii,

1970 5559 2269 5633 praesertim
2301 5558 2483 5633 'l‘rec.,
2516 5576 2673 5628 quem
2705 5573 2888 5615 errare
2919 5577 3181 5628 nusquam
3206 5558 3565 5633 deprehendi-'-

1968 5644 2110 5692 mus,
2149 5629 2247 5684 nis:
2282 5629 2368 5684 ubi
2401 5634 2602 5685 recenti
2631 5646 2791 5684 manu
2824 5641 3107 5699 corruptus
3140 5634 3257 5687 fuit.

2044 5710 2068 5745 δ
2096 5702 2214 5775 lino
2244 5702 2452 5775 priores
2475 5701 2687 5775 Gemet.
2721 5701 2810 5757 hic
2834 5713 2889 5759 et
2910 5704 3184 5775 deinceps,
3211 5705 3379 5760 cubitu
3395 5720 3415 5773 ;
3441 5720 3542 5763 cuii

1970 5772 2211 5844 sentiunt
2241 5774 2365 5844 Lyr.
2399 5785 2452 5828 et
2477 5774 2749 5827 secundus
2774 5775 2916 5829 Aud.

2043 5842 2069 5878 ιι
2114 5845 2223 5898 Duo
2255 5842 2336 5915 pr.
2369 5846 2602 5914 (icuiet.,
2636 5845 2928 5900 dilectione.
