4036 6346
515 372 579 431 ‘3
1724 367 1966 428 SANC'I'I
2002 362 2334 425 GREGORH
2376 362 2582 421 MAGNI
3724 374 3793 427 ιι

509 491 653 548 enim
685 488 909 562 pulvillo
933 490 1163 556 cubitus,
1196 489 1278 546 vel
1300 489 1650 548 cervicalibus
1679 499 1839 559 caput
1863 487 2093 560 jacentis
2119 486 2172 546 Δ

507 586 797 656 excipitur,
828 598 945 640 cum
994 583 1346 653 correptionis
1374 584 1569 640 duritia
1601 583 1841 654 peccanti
1881 582 2095 637 subtra~

508 679 673 745 hitur,
703 678 858 749 eique
893 675 1146 732 mollities
1175 676 1375 733 favoris
1405 677 1707 747 adhibetur,
1741 687 1799 732 ut
1828 676 1881 731 in
1908 689 2093 731 errore

506 771 741 827 molliter
770 769 963 840 iaceat,
993 785 1153 841 quem
1181 771 1327 827 nulla
1353 770 1617 841 asperitas
1645 769 2089 826 contradictionis

503 864 701 935 pulsat.
752 862 858 919 Sed
907 862 1024 919 hac
1069 873 1330 934 rectores,
1360 865 1469 937 28
1511 864 1601 936 qui
1630 863 1946 934 semetipsos
1972 860 2093 916 dili-

500 965 650 1030 gunt,
700 957 784 1013 his
829 955 1180 1027 proculdubio
1209 956 1483 1023 exhibent,
1509 972 1539 1011 a
1578 955 1774 1029 quibus
1814 971 1871 1011 se
1910 953 2093 1010 noceri

502 1064 661 1121 posse
688 1050 744 1106 in
781 1048 959 1105 studio
985 1050 1169 1122 glorias
1198 1050 1506 1122 temporalis
1537 1049 1747 1106 timent.
1796 1047 1929 1104 Nam
1956 1060 2092 1117 quos

500 1146 573 1202 nil
614 1154 800 1201 contra
830 1161 891 1201 se
920 1146 1095 1202 valere
1122 1147 1481 1216 conspiciunt,
1510 1148 1607 1203 hos
1637 1147 1888 1202 nimirum
1934 1160 2091 1217 aspe-

500 1238 657 1295 ritate
688 1238 871 1311 rigidaa
912 1253 1124 1309 semper
1172 1240 1488 1296 invectionis
1517 1246 1786 1310 premunt,
1819 1252 2089 1309 nunquam

499 1333 794 1389 clementer
820 1316 1141 1399 \admonent,
1184 1333 1280 1389 sed
1330 1332 1614 1403 pastoralis
1666 1330 2089 1387 mansuetudinis

498 1424 679 1490 obliti,
722 1422 842 1493 jure
885 1406 1268 1478 dominationis
1335 1431 1557 1479 terrent.
1607 1423 1749 1490 Quos
1800 1431 1946 1478 recte
1994 1438 2089 1493 per

498 1517 816 1588 prophetam
862 1516 1041 1571 divina
1078 1533 1179 1574 vox
1225 1517 1483 1589 increpat,
1517 1519 1741 1574 dicens:
1781 1516 1881 1571 Vos
1921 1526 2087 1570 autent

495 1627 610 1665 cum
638 1610 934 1664 austeritate
962 1610 1287 1683 imperabatis
1317 1612 1386 1666 eis
1409 1619 1455 1665 et
1485 1628 1600 1666 cum
1622 1612 1848 1681 potentia
1871 1608 2084 1683 (Ezeclt.

495 1719 697 1768 xxxiv,
730 1701 809 1775 4).
854 1702 979 1759 Plus
1009 1705 1150 1759 enim
1198 1719 1259 1761 se
1288 1719 1387 1761 suo
1424 1716 1645 1761 auctore
1671 1705 1977 1779 diligentes,
2006 1704 2087 1774 ja-

492 1804 698 1853 ctanter
727 1811 851 1871 erga
891 1796 1132 1853 subditos
1161 1810 1220 1853 se
1252 1799 1481 1868 erigunt,
1516 1813 1613 1853 nec
1646 1797 1772 1868 quid
1803 1811 1963 1867 agere
1991 1796 2085 1851 de-

492 1893 676 1960 beant,
700 1892 796 1947 sed
824 1891 951 1963 quid
977 1892 1191 1948 valeant
1217 1894 1530 1961 attendunt;
1560 1894 1634 1949 nil
1657 1894 1723 1949 de
1740 1889 2086 1963 subsequeuti

492 1982 698 2053 iudicio
750 1992 1031 2051 metuunt,
1092 1986 1333 2056 improbe
1378 1987 1444 2043 de
1494 1988 1773 2058 temporali
1824 1994 2086 2057 potestate

488 2077 815 2148 gloriantur;
848 2076 975 2133 libet
1004 2086 1062 2132 ut
1088 2077 1308 2135 licenter
1338 2090 1393 2135 et
1424 2080 1605 2136 illicita
1635 2079 1850 2151 faciant,
1875 2087 1929 2134 et
1958 2078 2086 2133 sub-

488 2168 721 2229 ditorum
752 2187 911 2230 nemo
951 2173 1304 2230 contradicat.
1339 2172 1441 2243 Qui
1472 2189 1600 2246 ergo
1630 2182 1685 2229 et
1714 2188 1876 2244 prava
1906 2172 2087 2227 studet

487 2278 678 2336 agere,
712 2274 768 2321 et
811 2277 988 2321 tamen
1034 2266 1100 2322 ad
1142 2266 1255 2323 haec
1286 2270 1397 2323 vult
1432 2277 1658 2324 caeteros
1704 2276 1916 2335 tacere,
1968 2268 2084 2338 ipse

488 2358 705 2418 sibimet
732 2360 885 2417 testis
912 2373 1014 2433 eSt,
1045 2362 1167 2435 quia
1196 2362 1316 2433 plus
1347 2363 1572 2419 veritate
1601 2378 1659 2417 se
1681 2365 1884 2433 appetit
1909 2362 2080 2433 diligi,

485 2468 645 2526 quam
688 2463 876 2511 contra
914 2471 973 2513 se
1005 2471 1110 2512 non
1142 2458 1254 2512 vult
1293 2456 1530 2514 defendi.
1579 2457 1747 2513 Nemo
1775 2457 1972 2529 quippe
1999 2466 2085 2513 est

489 2548 579 2616 qui
612 2547 682 2603 ita
714 2548 877 2615 vivat,
912 2556 973 2604 ut
999 2548 1337 2619 aliquatenus
1367 2564 1473 2603 non
1506 2548 1800 2620 delinquat.
1833 2549 1928 2605 llle
1955 2564 2081 2619 ergo

484 2655 545 2697 se
587 2642 706 2713 ipso
740 2643 973 2713 amplius
1000 2644 1279 2700 veritatem
1321 2643 1593 2699 desiderat
1633 2644 1822 2710 amari,
1856 2643 1942 2713 qui
1983 2643 2081 2701 sibi

484 2749 515 2789 a
546 2735 695 2790 nullo
722 2735 836 2816 vult
862 2745 1047 2792 contra
1079 2738 1360 2793 veritatem
1392 2738 1559 2806 parci.
1596 2737 1730 2791 llinc
1754 2736 1952 2791 etenim
1981 2736 2084 2791 Pe-

484 2838 601 2885 trus
645 2830 1067 2900 increpationem
1096 2831 1245 2887 Pauli
1292 2831 1521 2887 libenter
1552 2832 1758 2902 accepit
1788 2830 1987 2905 (Galat.
2020 2848 2080 2900 ιι,

484 2924 612 2995 ll);
644 2923 770 2979 hinc
798 2924 962 2979 David
994 2927 1390 2995 correptionem
1436 2926 1633 2981 subditi
1670 2926 1941 2981 humiliter
1987 2940 2084 2981 au-

486 3014 732 3091 divit'(II
758 3018 887 3092 Reg.
916 3035 1019 3089 xu,
1045 3020 1134 3091 7);
1193 3021 1319 3092 quia
1364 3031 1608 3077 rectores
1652 3020 1779 3076 boni
1809 3020 1935 3075 dum
1984 3021 2085 3088 pri-

486 3121 612 3167 vato
631 3113 856 3184 diligere
886 3128 1071 3171 amore
1096 3129 1155 3179 se
1183 3115 1450 3182 nesciunt,
1485 3115 1668 3171 libera:
1699 3114 1947 3184 puritatis
1974 3129 2085 3169 ver-

486 3201 611 3259 bum
657 3218 686 3259 a
716 3203 942 3258 subditis
980 3204 1296 3277 obsequium
1325 3205 1645 3265 humilitatis
1685 3205 1934 3262 credunt.
1977 3205 2082 3261 Sed

2661 476 2890 535 carus
2928 475 3001 535 Ix
3039 474 3145 551 [AL
3178 474 3327 551 XX].

2202 576 2352 643 Quod
2381 591 2510 630 scire
2544 574 2762 654 sollicite
2796 580 2965 627 rector
2989 570 3168 640 debet,
3188 571 3315 654 quia
3343 570 3646 644 plerumque
3668 572 3790 633 uitia

2590 647 2801 705 uirtutes
2839 661 2894 701 se
2921 660 3029 701 esse
3058 647 3393 701 mentiuntur.

2268 738 2420 795 Scire
2444 740 2603 796 etiam
2629 749 2807 803 rector
2830 738 2990 795 debet
3012 737 3154 807 quod
3184 737 3502 809 plerumque
3529 737 3659 797 vitia
3684 740 3785 797 vir—

2200 837 2339 887 tutes
2366 845 2427 887 se
2454 844 2577 889 esse
2604 830 2953 889 mentiuntur.
2982 829 3113 887 Nam
3141 844 3286 900 saepe
3313 830 3415 887 sub
3441 829 3784 900 parcimoniac

2198 926 2418 981 nomine
2461 939 2523 980 se
2564 925 2765 985 tenacia
2796 925 2997 992 palliat,
3030 930 3323 994 contraque
3364 936 3425 989 se
3453 923 3644 979 effusio
3688 926 3786 981 sub

2197 1014 2555 1087 appellatione
2592 1016 2854 1085 largitatis
2893 1015 3153 1072 occultat.
3187 1015 3343 1086 Saepe
3369 1016 3670 1075 inordinata
3701 1031 3786 1072 re.

2198 1107 2386 1166 missio
2416 1108 2588 1178 pietas
2626 1109 2884 1176 creditur,
2911 1118 2967 1165 et
2991 1107 3249 1165 etlrenata
3292 1109 3371 1165 ira
3400 1107 3657 1178 spiritalis
3685 1109 3785 1169 zeli

2193 1200 2367 1257 virtus
2408 1202 2719 1257 aestimatur.
2759 1201 2916 1271 Saepe
2948 1200 3277 1271 praecipitata
3318 1201 3462 1256 actio
3486 1201 3786 1258 velocitatis

2195 1294 2452 1360 efﬁcacia,
2499 1304 2658 1364 atque
2701 1293 2894 1363 agendi
2938 1293 3162 1357 tarditas
3194 1295 3303 1366 29
3328 1294 3609 1365 gravitatis
3659 1308 3785 1351 con-

2194 1386 2373 1443 silium
2399 1395 2631 1455 putatur.
2662 1386 2813 1443 Unde
2834 1399 3060 1445 necesse
3088 1395 3172 1449 est
3201 1395 3261 1442 ut
3285 1398 3463 1445 rector
3488 1388 3785 1443 animarum

2193 1476 2420 1535 virtutes
2454 1493 2519 1537 ac
2549 1478 2674 1539 vitia
2707 1476 2947 1555 vigilanti
2986 1491 3112 1534 cura
3154 1476 3446 1548 discernat,
3480 1493 3547 1535 ne
3573 1486 3668 1533 aut
3694 1492 3785 1535 cor

2193 1570 2411 1625 tenacia
2441 1578 2691 1638 occupet,
2722 1578 2777 1631 et
2806 1583 3025 1639 parcum
3053 1582 3113 1623 se
3142 1566 3314 1635 videri
3353 1568 3408 1625 in
3433 1567 3786 1638 dispensatio-

2194 1660 2349 1717 nibus
2378 1661 2637 1729 exsultet;
2678 1671 2768 1717 aut
2797 1675 2919 1716 cum
2960 1658 3127 1723 ell‘use
3156 1658 3184 1698 δ
3210 1659 3339 1731 quid
3365 1660 3629 1730 perditur,
3680 1660 3786 1717 lar-

2191 1769 2316 1824 gum
2356 1770 2415 1815 se
2454 1756 2604 1827 quasi
2644 1756 2951 1817 miserando
2990 1755 3281 1826 glorietur;
3323 1766 3419 1813 aut
3461 1756 3787 1814 remittendo

2115 1883 2167 1945 Β
2194 1849 2335 1915 quod
2378 1850 2542 1945 ferire
2593 1850 2817 1945 debuit,
2847 1850 2935 1945 ad
2984 1858 3189 1945 aeterna
3232 1850 3786 1945 supplieiaﬂsubditos

2193 1943 2499 2011 pertrahat;
2530 1952 2624 2001 aut
2639 1943 2948 2003 immaniter
2987 1942 3230 2000 feriendo
3257 1944 3400 2015 quod
3424 1944 3784 2015 delinquitur,

2192 2038 2308 2106 ipse
2354 2037 2572 2106 gravius
2615 2037 2919 2108 delinquat;
2965 2047 3054 2094 aut
3094 2038 3196 2097 hoc
3234 2037 3377 2108 quod
3418 2037 3505 2109 agi
3548 2046 3696 2094 recte
3726 2052 3786 2094 ac

2191 2133 2430 2202 graviter
2474 2132 2664 2203 potuit,
2714 2134 3000 2193 immature
3046 2134 3379 2204 praeveniens
3425 2135 3650 2203 leviget;
3697 2140 3787 2190 aut

2192 2225 2349 2282 bona:
2415 2226 2643 2283 actionis
2698 2227 2949 2287 meritum
3015 2226 3345 2296 differendo,
3410 2226 3480 2284 ad
3522 2226 3787 2285 deteriora

2196 2329 2219 2359 θ
2248 2330 2539 2391 malum"
2650 2393 2875 2461 CAPUT
2913 2394 2962 2450 x
3001 2394 3112 2468 [AL
3143 2391 3330 2466 XXI].

2194 2479 2320 2548 Qua:
2344 2497 2452 2537 esse
2490 2481 2632 2536 debet
2669 2484 2878 2541 rectoris
2913 2484 3150 2539 discretio
3182 2482 3517 2554 correptionis
3550 2489 3596 2537 et
3632 2479 3787 2537 dissi-

2444 2554 2757 2619 mulationis,
2785 2556 3002 2624 fervoris
3029 2566 3074 2609 et
3104 2554 3529 2609 mansuetudinis.

2262 2641 2550 2697 Sciendum
2581 2658 2792 2714 quoque
2818 2657 2901 2700 εει
2929 2645 3068 2714 quod
3098 2643 3382 2714 aliquando
3414 2641 3788 2713 subiectorum

2190 2735 2318 2791 vitia
2360 2737 2652 2808 prudenter
2695 2737 3079 2793 dissimulanda
3120 2746 3265 2803 sunt,
3309 2737 3406 2793 sed
3455 2736 3574 2808 quia
3626 2734 3791 2792 dissi-

2192 2829 2482 2898 mulantur,
2532 2830 2846 2897 indicanda;
2893 2832 3181 2904 aliquando
3219 2840 3275 2888 et
3316 2840 3502 2902 aperte
3549 2829 3789 2901 cognita,

2190 2930 2399 2978 mat-ure
2430 2923 2727 2991 toleranda,
2758 2925 3049 3001 aliquando
3082 2941 3207 2981 vero
3245 2925 3513 2980 subtiliter
3539 2930 3593 2979 et
3626 2923 3655 2959 ά
3696 2937 3791 2976 oc-

2192 3016 2337 3071 culta
2368 3018 2784 3086 perscrutanda;
2820 3019 3106 3090 aliquando
3139 3018 3332 3075 leniter
3359 3018 3653 3089 arguenda,
3689 3018 3790 3070 ali-

2193 3108 2408 3178 quando
2468 3121 2649 3167 autem
2713 3111 3063 3169 vehementer
3113 3110 3459 3181 increpanda.
3517 3110 3794 3168 Nonnulla

2192 3204 2410 3276 quippe,
2459 3216 2516 3262 ut
2560 3210 2812 3274 diximus,
2864 3211 3153 3279 prudenter
3200 3205 3588 3262 dissimulanda
3641 3213 3796 3272 sunt,

487 3296 626 3351 inter
656 3296 770 3352 haec
802 3311 1026 3353 necesse
1058 3305 1142 3353 est
1170 3305 1229 3353 ut
1260 3312 1391 3353 cura
1418 3297 1695 3367 regiminis
1721 3306 1866 3353 tanta
1898 3297 2083 3354 mode-
2113 3284 2161 3348 C
2193 3298 2286 3353 sed
2337 3300 2461 3370 quia
2511 3300 2946 3369 dissimulantur,
2997 3298 3311 3365 indicanda;
3363 3310 3419 3353 ut
3466 3312 3585 3351 cum
3619 3297 3798 3353 delin-

487 3388 705 3444 raminis
733 3398 847 3446 arte
878 3400 1229 3463 temperetur,
1265 3401 1532 3465 quatenus
1562 3393 1899 3451 subditorum
1932 3408 2085 3451 mens

489 3498 606 3538 cum
644 3484 887 3559 qutedam
926 3495 1074 3543 recte
1121 3487 1325 3544 sentire
1355 3491 1612 3559 potuerit,
1646 3490 1725 3546 sic
1756 3492 1809 3545 in
1842 3491 1990 3545 vocis
2016 3490 2088 3545 li-

489 3578 752 3633 bertatem
799 3577 1043 3649 prodeat,
1086 3589 1144 3634 ut
1188 3588 1364 3636 tamen
1410 3582 1628 3637 libertas
1672 3582 1724 3637 in
1775 3583 2085 3652 superbiam

490 3686 596 3727 non
625 3680 898 3743 erumpat;
940 3688 1008 3728 ne
1037 3673 1163 3737 dum
1200 3673 1429 3731 fortasse
1452 3674 1863 3737 immoderatius
1891 3675 2086 3745 linguae

490 3764 565 3819 eis
594 3763 816 3819 libertas
847 3764 1177 3830 conceditur,
1209 3767 1330 3821 vita:
1362 3766 1429 3820 ab
1461 3766 1544 3820 his
1575 3767 1847 3821 humilitas
1876 3768 2090 3822 amitta-

491 3870 596 3916 tur.
644 3860 929 3916 Sciendum
957 3876 1168 3931 quoque
1199 3868 1282 3915 est
1311 3871 1334 3899 α
1364 3861 1506 3933 quod
1533 3870 1781 3928 oporteat
1811 3872 1869 3917 ut
1914 3873 2088 3919 recto-

491 3968 579 4011 res
610 3952 740 4009 boni
784 3953 999 4024 placere
1043 3953 1351 4009 hominibus
1401 3962 1677 4025 appetant,
1724 3953 1816 4011 sed
1869 3963 1927 4010 ut
1978 3969 2088 4010 sum

495 4044 866 4100 aestimationis
896 4043 1182 4101 dulcedine
1213 4047 1489 4119 proximos
1528 4046 1581 4100 in
1609 4046 1858 4101 allectum
1889 4049 2088 4102 verita-

492 4139 561 4195 tis
588 4139 821 4210 trahant,
864 4154 972 4195 non
1002 4148 1061 4195 ut
1089 4156 1148 4195 se
1178 4140 1349 4196 amari
1380 4139 1709 4207 desiderent,
1738 4140 1833 4198 sed
1864 4148 1924 4196 ut
1950 4139 2087 4197 dile-

493 4234 727 4289 ctionem
776 4248 927 4290 suam
974 4235 1123 4304 quasi
1174 4233 1460 4305 quamdam
1517 4234 1657 4290 viam
1708 4234 1938 4299 faciant,
1993 4248 2089 4304 per

492 4341 650 4397 quam
676 4328 834 4397 corda
866 4327 1193 4385 audientium
1224 4329 1291 4384 ad
1317 4344 1555 4385 amorem
1585 4327 1896 4385 Conditoris
1923 4330 2091 4384 intro-

494 4418 712 4487 ducant.
758 4419 983 4476 Difﬁcile
1029 4422 1224 4493 quippe
1254 4430 1359 4487 est,
1390 4430 1449 4478 ut
1473 4422 1768 4493 quamlibet
1819 4430 1960 4477 recta
1994 4421 2091 4478 de-

495 4514 750 4571 nuntians
786 4515 1107 4586 praedicator
1147 4517 1237 4588 qui
1277 4533 1384 4577 non
1426 4517 1683 4589 diligitur,
1734 4517 1964 4573 libenter
1998 4533 2090 4571 au-
2124 4526 2128 4533 ‘

494 4606 692 4664 diatur.
727 4606 893 4663 Debet
924 4622 1055 4679 ergo
1085 4606 1175 4678 qui
1214 4616 1431 4679 prmest,
1462 4616 1516 4664 et
1556 4607 1773 4664 studere
1816 4623 1875 4663 se
1915 4607 2086 4676 diligi,

2195 3406 2364 3463 quens
2409 3399 2465 3447 et
2511 3392 2839 3463 deprehendi
2888 3407 2948 3448 se
2992 3389 3268 3465 cognoscit
3312 3398 3368 3446 et
3412 3391 3647 3461 perpeti,
3702 3390 3801 3445 has

2194 3499 2327 3554 quas
2358 3484 2410 3539 in
2440 3499 2500 3541 se
2528 3487 2688 3542 tacite
2730 3486 2950 3543 tolerari
2992 3486 3319 3553 considerat,
3361 3500 3557 3557 augere
3601 3486 3803 3555 culpas

2194 3579 2498 3649 erubescat,
2543 3596 2707 3652 seque
2750 3596 2809 3637 se
2839 3581 3027 3654 judice
3071 3581 3273 3651 puniat,
3306 3595 3465 3652 quem
3512 3581 3614 3635 sibi
3649 3580 3800 3648 apud

2195 3690 2252 3730 se
2280 3676 2505 3731 rectoris
2538 3677 2791 3746 patientia
2819 3677 3114 3733 clementer
3140 3685 3380 3730 excusat.
3432 3675 3545 3741 Qua
3575 3674 3802 3728 scilicet

2194 3767 2619 3823 dissimulatione
2661 3770 2797 3824 bene
2828 3768 3064 3823 Judream
3096 3768 3351 3823 Dominus
3389 3766 3635 3835 corripit,
3664 3781 3798 3821 cum

2193 3875 2288 3930 per
2312 3861 2627 3931 prophetam
2655 3862 2819 3916 dicit:
2848 3861 3068 3915 Mentita
3099 3878 3173 3929 es,
3203 3872 3249 3916 et
3278 3862 3376 3916 mei
3405 3877 3504 3913 non
3533 3876 3585 3914 es
3614 3877 3805 3916 recor-

2194 3954 2339 4019 data,
2374 3968 2532 4024 neque
2573 3953 2803 4024 cogitasti
2834 3954 2887 4007 in
2923 3954 3075 4007 corde
3109 3963 3217 4021 tuo,
3260 3955 3380 4026 quia
3408 3969 3499 4025 ego
3533 3963 3715 4008 tacens
3752 3961 3805 4009 et

2191 4049 2337 4117 quasi
2392 4057 2413 4083 ο
2460 4064 2559 4102 ηοη
2589 4048 2762 4103 uidens
2794 4046 2974 4117 (Isaia:
3009 4063 3133 4113 Lvu,
3173 4048 3283 4117 11).
3328 4047 3393 4101 Et
3434 4045 3806 4105 dissimulavit

2194 4156 2322 4212 ergo
2358 4141 2565 4212 culpas,
2612 4152 2666 4197 et
2701 4142 2961 4207 innotuit,
3000 4142 3123 4212 quia
3169 4151 3223 4199 et
3251 4151 3437 4199 contra
3468 4152 3804 4211 peccantem

2194 4235 2381 4299 tacuit,
2413 4243 2467 4289 et
2493 4234 2594 4291 hoc
2624 4236 2795 4305 ipsum
2832 4244 3010 4291 tamen
3038 4236 3165 4305 quia
3194 4235 3417 4291 tacuerit
3448 4234 3609 4290 dixit.
3645 4235 3805 4293 Non-

2196 4327 2337 4382 nulla
2382 4336 2561 4383 autem
2608 4327 2695 4383 vel
2731 4336 2914 4398 aperte
2955 4329 3205 4399 cognita,
3249 4337 3458 4385 mature
3506 4327 3807 4383 toleranda

2193 4428 2338 4486 sunt,
2372 4434 2492 4475 cum
2524 4420 2773 4478 videlicet
2798 4436 2974 4477 rerum
3007 4421 3227 4478 minime
3254 4421 3635 4492 opportunitas
3667 4437 3808 4478 con-

2193 4513 2351 4584 gruit,
2387 4526 2441 4569 ut
2481 4526 2664 4585 aperte
2710 4515 3068 4586 corrigantur.
3131 4514 3264 4569 Nam
3313 4523 3459 4577 secta
3502 4513 3809 4571 immature

2195 4609 2414 4664 vulnera
2442 4609 2680 4665 deterius
2721 4608 3103 4671 infervescunt,
3148 4618 3203 4665 et
3242 4608 3343 4663 nisi
3380 4622 3502 4663 cum
3541 4616 3810 4678 tempore

495 4707 759 4769 quatenus
788 4700 959 4771 possit
1000 4700 1193 4767 audiri,
1228 4710 1282 4755 et
1312 4712 1486 4758 tamen
1522 4716 1759 4757 amorem
1802 4717 1956 4758 suum
1990 4716 2086 4771 pro
2118 4674 2172 4735 D
2196 4704 2586 4760 medicamenta
2625 4704 2972 4770 conveniant,
3016 4713 3226 4760 constat
3264 4703 3619 4774 proculdubio
3652 4701 3810 4773 quod

500 4795 789 4863 semetipso
823 4810 927 4851 non
958 4809 1233 4864 quazrere,
1267 4809 1336 4851 ne
1365 4796 1668 4852 inveniatur
1698 4796 1746 4851 ei
1772 4796 1857 4852 cui
1887 4796 2091 4852 servire

499 4900 591 4954 per
615 4885 849 4941 ofﬁcium
889 4889 1147 4955 cernitur,
1182 4888 1391 4945 occulta
1433 4889 1773 4960 cogitationis
1807 4890 2090 4961 tyrannide

498 4978 778 5036 resultare.
805 4980 957 5048 Quod
990 4980 1127 5037 bene
1149 4983 1349 5039 Paulus
1382 4984 1637 5049 insinuat,
1670 4998 1792 5040 cum
1822 4982 1905 5038 sui
1937 4982 2091 5037 nobis

499 5070 662 5125 studii
707 5071 915 5126 occulta
947 5072 1277 5141 manifestat,
1306 5075 1492 5131 dicens
1535 5090 1550 5130 :
1597 5074 1746 5129 Sicut
1780 5082 1830 5128 et
1869 5090 1963 5146 ego
2006 5089 2096 5144 per

500 5164 671 5218 omnia
715 5165 948 5219 omnibus
972 5166 1147 5235 placeo
1172 5166 1224 5239 (ι
1252 5167 1371 5222 Cor.
1402 5184 1459 5234 Χ,
1487 5167 1598 5239 55).
1634 5168 1735 5235 Qui
1766 5176 1941 5222 tamen
1974 5182 2093 5221 rur-

498 5273 587 5309 sus
618 5256 745 5312 dicit
770 5275 782 5311 :
812 5257 873 5313 Si
895 5258 1065 5312 adhuc
1088 5259 1379 5313 hominibus
1406 5260 1681 5330 placerem,
1708 5258 1898 5313 Christi
1925 5274 2096 5314 servus

499 5367 600 5403 non
627 5366 783 5405 essem
825 5351 1022 5419 (Ca/nt.
1058 5368 1091 5415 ι,
1129 5349 1239 5422 10).
1286 5351 1468 5406 Placet
1497 5368 1624 5423 ergo
1650 5353 1864 5419 Paulus,
1898 5362 1953 5408 et
1983 5368 2090 5409 non

502 5445 702 5510 placet,
735 5447 854 5516 quia
894 5448 944 5501 in
975 5460 1040 5501 eo
1068 5443 1210 5514 quod
1242 5444 1456 5512 placere
1494 5445 1716 5515 appetit,
1748 5461 1852 5501 non
1883 5459 1962 5513 se,
1993 5446 2088 5503 sed

500 5551 597 5604 per
622 5551 682 5593 se
707 5536 1015 5592 hominibus
1043 5536 1262 5605 placere
1292 5536 1573 5589 veritatem
1603 5539 1813 5606 quierit.

554 5703 603 5765 tl
640 5693 903 5763 Corrupte
950 5693 1002 5747 in
1055 5691 1241 5765 Gilot.,,
1268 5689 1464 5765 jatic.
1511 5698 1580 5765 et
1612 5690 1773 5760 plur.,
1809 5696 1945 5763 quod
1989 5711 2090 5751 non

503 5762 771 5845 oporteat;
815 5761 1235 5833 repugnantibus
1267 5761 1391 5817 Mss.
1431 5761 1666 5833 Anglic.,
1697 5761 1833 5830 etc.,
1880 5781 2088 5822 necnon

505 5837 672 5890 invito
692 5851 873 5891 sensu.

574 5904 605 5946 δ
647 5906 809 5966 Editi.
841 5914 1024 5961 contra
1054 5906 1176 5961 Mss.
1211 5906 1389 5972 fidem,
1421 5907 1541 5977 quid
1575 5908 1929 5977 impenditur.~

2195 4797 2444 4852 medendi
2470 4797 2704 4853 officium
2734 4796 3001 4852 amittant.
3030 4796 3136 4853 Sed
3166 4810 3287 4852 cum
3316 4804 3528 4866 tempus
3558 4796 3812 4873 subditis

2197 4889 2261 4943 ad
2303 4889 2695 4957 correptionem
2732 4889 3011 4960 quaeritur,
3053 4889 3152 4955 sub
3186 4887 3303 4959 ipso
3341 4888 3623 4956 culparum
3668 4904 3812 4961 pon-

2198 4979 2326 5035 dere
2374 4981 2629 5048 patientia
2685 4981 2928 5051 prtesulis
2976 4986 3276 5049 exercetur.
3328 4977 3482 5035 Unde
3520 4979 3673 5036 bene
3705 4994 3813 5057 per

2200 5071 2536 5128 Psalmistam
2572 5073 2768 5129 dicitur
2802 5092 2815 5126 :
2848 5073 3026 5145 Supra
3055 5074 3267 5130 dorsum
3302 5087 3470 5139 meum
3504 5070 3815 5139 fabricavea

2198 5174 2318 5221 runt
2338 5176 2621 5236 peccatores
2670 5166 2842 5239 (Psal.
2888 5182 3121 5231 cxxvnt,
3153 5164 3230 5237 5).
3278 5166 3338 5229 in
3385 5165 3545 5221 dorso
3588 5168 3817 5240 quippe

2201 5274 2362 5312 onera
2406 5257 2749 5315 sustinemus.
2795 5258 2965 5329 Supra
2996 5246 3211 5315 dorsum
3244 5258 3405 5329 igitur
3432 5273 3591 5313 suum
3634 5258 3815 5314 fabri-

2201 5366 2355 5407 casse
2386 5360 2693 5420 peccatores
2722 5352 2984 5422 queritur,
3015 5365 3078 5407 ac
3115 5352 3160 5407 si
3186 5360 3370 5421 aperte
3395 5350 3538 5405 dicat
3582 5366 3597 5403 :
3653 5351 3816 5419 Quos

2199 5445 2474 5513 corrigere
2500 5460 2729 5513 nequeo,
2760 5445 2907 5515 quasi
2940 5442 3412 5514 superimpositum
3441 5454 3583 5498 onus
3615 5452 3812 5512 porto.

2269 5535 2532 5594 Nonnulla
2575 5543 2754 5592 autem
2805 5536 3011 5593 occulta
3056 5536 3323 5591 subtiliter
3367 5540 3492 5590 sunt
3533 5546 3815 5603 perscru-

2275 5706 2298 5734 α
2341 5695 2530 5759 Laud.,
2564 5692 2832 5764 permittet.

2277 5765 2304 5803 ἀ
2343 5763 2570 5823 Οτηηοιέ
2593 5765 2794 5833 primus
2824 5772 2882 5820 et
2909 5763 3175 5819 secundus
3198 5763 3363 5832 Aud.,
3394 5772 3439 5818 et
3463 5764 3704 5819 occulte.

2278 5846 2301 5874 ο
2342 5839 2554 5895 Primus
2575 5836 2734 5894 Carn.
2764 5852 2882 5893 cum
2905 5837 2939 5889 2
2961 5835 3185 5907 priorib.
3213 5835 3389 5904 Gem.,
3424 5852 3526 5892 non
3558 5835 3827 5898 audiens.
