4036 6346
197 422 262 482 45
957 421 1258 480 REGULAE
1299 420 1729 481 PASTORALIS
1766 416 1992 480 LIBER.
2029 450 2100 463 -—
2138 422 2317 478 PARS
2354 419 2686 479 SECUNDA.
3402 429 3476 488 46

202 543 379 612 lauda,
408 549 470 597 ut
494 540 816 613 quibusdam
854 539 1021 612 signis
1066 543 1493 613 erumpentibus,
1525 550 1701 599 rector
1731 543 1784 598 in
1814 545 1868 607 Α
1892 540 2045 610 signa
2087 538 2406 607 forinsecus,
2448 539 2642 596 deinde
2677 538 2840 611 janua
2884 549 3086 611 aperta
3120 538 3149 581 ἀ
3178 544 3476 616 iniquitatis

202 637 537 709 subditorum
588 644 769 701 mente
810 650 971 692 omne
999 635 1140 705 quod
1172 636 1409 692 clausum
1458 636 1607 704 latet,
1642 636 1789 690 inve-

203 732 334 802 niat,
365 740 422 797 et
450 728 849 787 interveniente
873 728 1228 797 correptionis
1255 727 1503 793 articulo,
1534 742 1599 783 es
1627 723 1785 781 mini-

196 824 300 891 mis
339 823 551 895 majora
595 829 904 895 cognoscat.
958 820 1111 877 Unde
1158 832 1304 899 recte
1352 821 1419 876 ad
1449 818 1793 876 Ezechielem

200 919 399 977 dicitur
424 933 439 973 :
470 916 520 983 Ε
525 916 583 973 ili
605 915 848 987 hominis,
874 923 899 951 ⁸
926 913 1045 985 [ode
1066 914 1306 982 parietem
1329 912 1546 985 (Ezech.
1572 928 1686 979 vnt,
1711 911 1791 984 8).

197 1013 300 1070 Ubi
330 1027 459 1069 mox
490 1011 631 1079 idem
668 1010 927 1081 propheta
953 1009 1226 1082 subjungit
1251 1029 1264 1065 :
1290 1010 1359 1065 Et
1399 1028 1513 1067 cum
1549 1012 1792 1082 [odissem

194 1108 477 1175 parietem,
509 1106 752 1179 apparuit
785 1106 970 1175 ostium
999 1121 1179 1160 unum.
1216 1103 1283 1159 Et
1305 1105 1436 1159 dixit
1470 1106 1538 1159 ad
1558 1121 1672 1160 me:
1698 1104 1795 1160 1η-

193 1199 441 1270 gredere,
476 1208 526 1257 et
559 1199 672 1253 uide
704 1197 1109 1263 abominationes
1146 1200 1410 1269 pessimus,
1440 1216 1566 1271 quas
1596 1199 1679 1253 isti
1712 1200 1793 1268 fa-

192 1294 339 1346 ciunt
383 1290 489 1345 hic.
520 1289 590 1345 Et
620 1292 880 1361 ingressus
918 1290 1052 1355 vidi;
1085 1300 1130 1346 et
1166 1306 1279 1347 ecce
1312 1292 1476 1346 omnis
1508 1292 1793 1346 similitudo

193 1386 483 1457 reptilium,
519 1396 567 1440 et
592 1385 895 1440 anitnalium
925 1384 1260 1451 abominatio,
1302 1394 1350 1439 et
1378 1386 1612 1439 universa
1650 1385 1793 1438 idola

192 1483 379 1537 domus
403 1479 570 1536 Israel
591 1480 790 1550 depicta
820 1488 965 1537 erant
990 1479 1042 1533 in
1064 1480 1257 1546 pariete
1282 1478 1334 1550 (1
1342 1478 1445 1541 bid.
1474 1478 1525 1543 9,
1550 1477 1662 1551 10).
1692 1477 1795 1534 Per

195 1573 541 1631 Eaechielem
578 1573 776 1644 quippe
804 1574 1215 1647 prtepositorum
1255 1586 1483 1643 persona
1526 1570 1789 1643 signatur,

194 1682 293 1737 per
327 1667 585 1739 parietem
608 1667 804 1723 duritia
850 1666 1212 1722 subditorum.
1246 1667 1312 1721 Et
1345 1665 1471 1735 quid
1502 1674 1585 1722 est
1615 1664 1793 1734 parie-

195 1769 306 1818 tem
335 1760 545 1826 fodere,
575 1759 679 1819 nisi
713 1761 886 1815 acutis
928 1758 1360 1830 inquisitionibns
1398 1758 1507 1835 30
1543 1757 1792 1814 duritiam

196 1855 380 1913 cordis
401 1854 654 1925 aperire?
686 1854 856 1921 Quem
880 1868 1001 1909 cum
1032 1853 1273 1919 fudisset,
1298 1854 1544 1924 apparuit
1565 1852 1791 1918 ostium;

1891 632 2210 701 ostenditur,
2239 642 2294 689 et
2324 641 2449 689 tunc
2476 631 2690 690 demum
2729 646 2895 690 omne
2922 635 3122 691 malum
3150 636 3294 704 quod
3334 639 3477 699 intus

1891 725 2025 784 latet
2049 717 2305 799 aperitur.

1962 819 2228 878 Nonnulla
2257 828 2435 879 autem
2463 829 2588 880 sunt
2616 820 2811 879 leniter
2839 823 3109 897 arguenda
3144 842 3158 879 :
3200 840 3325 882 nam
3356 843 3479 885 cum

1894 930 2000 970 non
2033 916 2259 993 malitia,
2302 918 2397 974 sed
2426 918 2543 974 sola
2588 917 2888 990 ignorantia
2911 918 2994 975 vel
3042 919 3356 978 inﬁrmitate
3380 921 3481 979 de-

1892 1006 2170 1090 linquitur,
2218 1010 2459 1081 profecto
2504 1025 2729 1067 necesse
2768 1021 2853 1068 est
2897 1019 2954 1068 ut
3001 1027 3196 1085 magno
3236 1014 3481 1072 modera-

1895 1101 2039 1157 mine
2060 1102 2173 1174 ipsa
2194 1102 2373 1158 delicti
2397 1102 2664 1176 correptio
2692 1113 3039 1176 temperetur.
3069 1103 3259 1163 Cuncti
3284 1110 3483 1179 quippe
3548 1124 3561 1133 ·

1895 1209 2171 1266 quousque
2204 1193 2259 1250 in
2295 1195 2397 1251 hac
2434 1196 2649 1251 mortali
2687 1211 2850 1253 carne
2897 1197 3260 1266 subsistimus,
3297 1216 3482 1256 corru-
3545 1219 3560 1233 ι

1896 1284 2093 1354 ptionis
2118 1293 2317 1340 nostrae
2346 1284 2741 1341 inﬁrmitatibus
2768 1286 3128 1357 subjacemus.
3163 1291 3243 1345 Ex
3269 1305 3327 1347 se
3358 1306 3485 1361 ergo

1896 1375 2058 1431 debet
2093 1376 2322 1446 quisque
2358 1377 2617 1447 colligere
2646 1377 2874 1446 qualiter
2916 1378 3109 1435 alienae
3139 1380 3281 1437 hunc
3329 1398 3487 1452 opor-

1897 1474 2007 1522 teat
2038 1475 2063 1505 ο
2092 1464 2445 1524 imbecillitati
2485 1471 2752 1539 misereri,
2789 1486 2859 1528 ne
2887 1480 3074 1528 contra
3118 1473 3489 1533 inﬁrmitatem

1899 1563 2126 1633 proximi
2156 1565 2205 1619 si
2227 1564 2295 1620 ad
2321 1564 2705 1635 increpationis
2728 1581 2917 1623 vocem
2945 1566 3240 1624 ferventius
3260 1571 3489 1641 rapitur,

1896 1654 2097 1713 oblitus
2138 1658 2222 1713 sui
2251 1672 2373 1714 esse
2400 1658 2664 1715 videatur.
2711 1656 2865 1715 Unde
2905 1660 3043 1715 bene
3071 1659 3269 1715 Paulus
3305 1661 3491 1718 admo-

1898 1758 2008 1819 net,
2050 1750 2237 1808 dicens
2273 1769 2287 1806 :
2320 1750 2382 1809 Si
2417 1760 2805 1826 pra’occupatus
2846 1753 2997 1825 fuerit
3034 1753 3186 1807 homo
3225 1755 3279 1808 in
3318 1753 3492 1821 aliqua

1899 1843 2103 1914 delicto,
2142 1862 2228 1900 vos
2267 1844 2358 1919 qui
2390 1846 2647 1916 spiritales
2680 1847 2821 1913 estis,
2846 1846 3085 1902 instruite
3113 1846 3410 1918 hujttsmodi
3438 1849 3495 1903 in

195 1952 331 2020 quia
362 1966 486 2006 cum
524 1948 704 2006 cordis
734 1948 929 2005 duritia
953 1948 1039 2004 vel
1066 1947 1320 2005 studiosis
1348 1947 1796 2019 percunctationi-
1824 1954 1872 2019 Β
1899 1941 2084 2008 δρίνίια
2110 1941 2539 2007 mansuetudinis,
2580 1940 2911 1996 considerans
2955 1941 3210 2011 teipsum,
3254 1960 3316 1997 ne
3355 1953 3402 1998 et
3444 1953 3495 1998 tu

197 2039 338 2107 bus,
387 2040 471 2096 vel
518 2039 743 2095 maturis
796 2038 1231 2108 correptionibus
1296 2038 1579 2104 scinditur,
1645 2038 1796 2108 quasi

197 2132 445 2203 quaedam
484 2132 647 2201 ianua
696 2131 1019 2199 ostenditur,
1069 2146 1136 2184 ex
1181 2144 1283 2198 qna
1314 2130 1490 2185 omnia
1533 2131 1587 2185 in
1612 2144 1679 2187 eo
1706 2130 1798 2200 qui

198 2228 491 2297 corripitur
536 2226 919 2298 cogitationum
966 2225 1220 2281 interiora
1272 2224 1575 2291 videantur.
1645 2223 1797 2280 Unde

199 2332 251 2377 et
279 2321 419 2376 bene
443 2319 551 2374 illic
578 2321 822 2389 sequitur
848 2337 859 2372 :
888 2316 1167 2389 Ingredere
1192 2324 1239 2372 et
1262 2317 1373 2370 tnde
1393 2317 1798 2377 abominationes

200 2416 471 2481 pessimas,
493 2427 621 2482 quas
643 2412 730 2465 isti
762 2411 962 2481 faciunt
983 2410 1066 2465 ltie
1082 2409 1296 2483 (lbid.).
1315 2408 1476 2478 Quasi
1503 2409 1798 2480 ingreditur

201 2514 258 2559 ut
300 2503 730 2560 abominationes
774 2502 1021 2574 aspiciat,
1050 2505 1140 2575 qui
1170 2503 1430 2560 discussis
1474 2502 1795 2575 quibusdam

200 2596 373 2668 signis
419 2596 660 2652 exterius
700 2595 1101 2666 apparentibus,
1137 2597 1209 2651 ita
1253 2596 1417 2651 corda
1463 2594 1797 2651 subditorum

201 2698 470 2759 penetrat,
506 2696 565 2744 ut
592 2697 783 2745 cuncta
808 2689 856 2744 ei
887 2704 1006 2758 quae
1045 2687 1231 2744 illicite
1261 2687 1564 2757 cogitantur
1590 2688 1801 2744 innote-

200 2791 375 2838 scant.
422 2780 576 2838 Unde
616 2791 670 2837 et
713 2781 993 2837 subdidit:
1024 2779 1094 2836 Et
1121 2782 1382 2854 ingressus
1423 2780 1557 2845 uidi;
1599 2788 1649 2834 et
1687 2795 1803 2836 ecce

201 2875 370 2930 omnis
416 2875 703 2929 similitudo
744 2874 1027 2943 reptilium,
1058 2884 1107 2929 et
1137 2874 1439 2930 animalium
1488 2874 1801 2929 abominatio

200 2965 421 3038 (Ibid).
447 2967 501 3023 In
528 2967 808 3037 reptilibus
833 2968 1190 3038 cogitationes
1216 2967 1437 3023 omnino
1467 2975 1697 3025 terrena:
1729 2966 1802 3022 si-

200 3069 458 3131 gnantur,
480 3062 551 3124 in
580 3059 902 3116 animalibus
932 3076 1060 3118 vero
1101 3061 1213 3131 jam
1244 3060 1458 3133 quidem
1499 3061 1802 3132 aliquantu-

202 3151 314 3206 lum
346 3168 377 3206 a
406 3161 547 3208 terra
590 3166 894 3223 suspensae,
926 3153 1022 3221 sed
1063 3153 1238 3209 adhuc
1280 3162 1508 3211 terrenae
1536 3154 1804 3213 mercedis

1904 2035 2109 2090 tenteris
2157 2032 2356 2108 (Galat.
2386 2050 2458 2104 Vt,
2483 2035 2560 2108 1).
2594 2037 2671 2092 Ac
2710 2035 2757 2091 si
2801 2044 2986 2107 aperte
3012 2034 3155 2091 dicat
3183 2053 3197 2090 :
3231 2036 3363 2093 Cum
3412 2037 3497 2093 di-

1900 2126 2094 2195 splicet
2136 2141 2203 2205 ea
2249 2128 2425 2184 aliena
2472 2127 2789 2186 inﬁrmitate
2817 2129 2961 2202 quod
3007 2131 3300 2201 conspicis,
3332 2146 3499 2202 pensa

1898 2218 2044 2289 quod
2074 2234 2167 2288 es;
2199 2230 2257 2276 ut
2293 2219 2349 2276 in
2378 2221 2765 2292 increpationis
2794 2223 2910 2278 zelo
2958 2237 3019 2280 se
3047 2222 3266 2295 spiritus
3297 2235 3499 2298 tempe.

1900 2320 2007 2377 ret,
2036 2309 2163 2387 dum
2190 2312 2292 2387 sibi
2319 2325 2531 2383 quoque
2556 2312 2699 2384 quod
2732 2314 2975 2387 increpat
3006 2316 3177 2371 timet.

1970 2401 2239 2487 Nonnulla
2298 2414 2479 2462 autem
2537 2416 2665 2463 sunt
2732 2407 3085 2476 vehementer
3150 2408 3499 2484 increpanda,

1901 2496 2007 2569 31
2041 2506 2101 2553 ut
2151 2513 2273 2554 cum
2320 2497 2479 2571 culpa
2523 2500 2593 2557 ab
2645 2497 2669 2539 ί
2720 2511 2943 2559 auctore
2974 2519 3083 2560 non
3132 2510 3501 2578 cognoscitur,

1903 2588 2089 2659 quanti
2135 2590 2205 2645 sit
2253 2592 2537 2661 ponderis,
2590 2592 2659 2648 ab
2703 2592 3031 2665 increpantis
3073 2611 3169 2654 ore
3217 2601 3499 2658 sentiatur.

1903 2681 1972 2737 Et
2002 2698 2124 2738 cum
2154 2682 2257 2738 sibi
2288 2684 2406 2756 quis
2429 2685 2627 2740 malum
2648 2686 2788 2757 quod
2812 2689 3138 2759 perpetravit
3162 2690 3375 2763 levigat,
3400 2693 3503 2750 hoc

1903 2787 2089 2834 contra
2138 2791 2198 2855 se
2233 2779 2473 2850 graviter
2517 2796 2585 2836 ex
2621 2781 2961 2851 corripientis
3011 2785 3300 2855 asperitate
3337 2789 3504 2857 perti-

1906 2878 2127 2927 inescat.
2162 2869 2412 2927 Debitum
2440 2873 2644 2945 quippe
2671 2874 2901 2931 rectoris
2928 2885 3011 2933 est
3040 2892 3290 2948 superna:
3316 2880 3505 2953 patrias

1904 2960 2128 3032 gloriam
2166 2977 2262 3035 per
2287 2978 2475 3019 vocem
2519 2964 2921 3035 praedicationis
2966 2970 3275 3041 ostendere,
3308 2982 3506 3045 quanta

1906 3052 1960 3108 in
1983 3052 2141 3125 hujus
2163 3055 2287 3109 vitm
2314 3055 2504 3112 itinere
2532 3066 2863 3115 tentamenta
2886 3061 3088 3134 antiqui
3112 3064 3281 3119 hostis
3303 3065 3506 3122 lateant

1906 3148 2139 3216 aperire,
2165 3155 2224 3205 et
2249 3148 2584 3206 subditorum
2618 3152 2759 3207 mala
2786 3169 2905 3225 qua:
2929 3155 3146 3213 tolerari
3174 3156 3369 3214 leniter
3395 3174 3506 3216 non

205 3243 429 3311 premis
474 3242 832 3313 requirentes.
872 3245 1007 3301 Nam
1053 3246 1262 3317 reptilia
1314 3254 1428 3303 toto
1472 3263 1535 3305 ex
1579 3262 1805 3317 corpore
1908 3239 2128 3308 debent,
2162 3255 2286 3296 cum
2332 3257 2524 3313 magna
2560 3244 2666 3301 zeli
2704 3248 2998 3316 asperilale
3028 3250 3326 3323 corrigere;
3362 3268 3429 3308 ne
3459 3254 3507 3309 Si

204 3345 367 3393 ιειτω
394 3338 679 3404 imum-em,
712 3339 965 3396 animalia
1001 3338 1032 3380 ιι
1071 3350 1249 3397 auij
1282 3357 1473 3413 magna
1507 3352 1661 3414 ραι-ιθ
1684 3359 1806 3401 ρον.
1831 3341 1879 3408 C
1909 3331 2087 3387 minus
2129 3343 2314 3388 contra
2344 3336 2529 3405 culpas
2569 3336 2903 3402 accenditur,
2952 3338 3230 3409 culparum
3261 3344 3503 3401 omnium

208 3430 353 3497 poris
382 3444 413 3482 a
445 3436 589 3485 terra
629 3445 889 3501 suspensa
919 3440 1062 3498 sunt,
1092 3433 1332 3503 appetitu
1365 3442 1542 3489 tamen
1570 3435 1711 3505 gula;
1736 3436 1804 3490 ad
1907 3436 2031 3479 reus
2059 3421 2175 3493 ipse
2197 3431 2459 3479 teneatur.
2489 3424 2639 3482 Unde
2659 3425 2797 3483 bene
2819 3429 2888 3483 ad
2910 3429 3251 3487 Ezechielem
3278 3433 3503 3489 dicitur:

212 3533 409 3577 terram
439 3537 655 3593 semper
682 3523 1028 3580 inclinantur.
1056 3524 1283 3595 Reptilia
1312 3528 1490 3597 itaque
1517 3536 1639 3582 sunt
1667 3527 1803 3582 intra

211 3605 497 3687 paiietem,
531 3614 744 3687 quando
784 3616 1138 3689 cogitationes
1182 3619 1470 3674 volvuntur
1517 3621 1571 3675 in
1602 3628 1804 3687 mente,

210 3723 330 3777 quas
373 3725 404 3764 a
452 3710 683 3765 terrenis
728 3711 1009 3769 desideriis
1059 3728 1332 3784 nunquam
1378 3713 1642 3769 levantur.
1679 3715 1808 3770 Ani-

211 3802 371 3857 malia
395 3817 616 3877 quoque
647 3811 772 3860 sunt
802 3805 937 3861 intra
973 3806 1256 3876 parietem,
1288 3807 1505 3877 quando
1548 3817 1601 3864 et
1630 3810 1673 3864 si
1702 3824 1804 3879 qua

209 3896 316 3967 iam
360 3897 529 3967 justa,
578 3900 625 3953 si
652 3916 754 3970 qua
786 3901 1011 3958 boneSIa
1040 3904 1367 3975 cogitantur,
1397 3907 1712 3977 appetendis
1737 3918 1809 3962 ta-

212 4006 334 4047 men
368 3991 536 4053 lucris
579 3995 965 4064 temporalibus
1016 3996 1420 4068 honoribusque
1466 3997 1805 4065 deserviunt;

213 4094 266 4140 et
300 4099 397 4153 per
428 4086 711 4155 semetipsa
751 4087 968 4155 quidem
991 4089 1102 4159 jam
1130 4092 1280 4162 quasi
1314 4106 1342 4146 a
1377 4100 1518 4147 terra
1546 4107 1808 4163 suspensa

208 4186 360 4244 sunt,
412 4178 509 4235 sed
556 4180 733 4235 adhuc
761 4196 856 4252 per
902 4183 1159 4240 ambitum
1209 4186 1362 4255 quasi
1408 4202 1506 4256 per
1552 4186 1687 4256 gula:
1718 4186 1812 4242 de-

212 4272 473 4329 siderium
518 4287 638 4330 sese
666 4284 687 4313 °
722 4274 787 4330 ad
837 4276 944 4330 ima
992 4278 1332 4334 submittunt.
1383 4277 1536 4337 Unde
1578 4288 1632 4335 et
1674 4279 1812 4334 bene

212 4364 464 4422 subditur
487 4382 503 4421 :
532 4363 599 4421 Et
625 4367 857 4423 uniuersa
882 4370 1021 4424 idola
1044 4371 1226 4425 domus
1252 4370 1421 4425 Israel
1444 4370 1645 4441 depicta
1671 4381 1814 4426 erant

212 4460 267 4511 in
318 4459 515 4527 pariete
561 4457 774 4525 (Ezech.
824 4476 935 4527 vm,
969 4461 1082 4531 10).
1141 4462 1412 4531 Scriptum
1462 4463 1657 4533 quippe
1703 4472 1811 4541 est;

213 4548 284 4605 Et
315 4551 558 4616 auaritia,
596 4568 710 4623 qua:
737 4562 808 4608 est
838 4549 1097 4609 idolorum
1127 4557 1339 4610 servitus
1367 4555 1584 4627 (Coloss.
1620 4571 1701 4623 tu,
1735 4557 1811 4626 5).

216 4641 387 4700 Recte
416 4658 547 4716 ergo
592 4654 715 4715 post
764 4647 1032 4713 animalia,
1069 4646 1207 4703 idola
1258 4648 1657 4715 describuntur,
1690 4649 1815 4718 quia

1912 3511 2073 3568 Sume
2117 3512 2209 3589 tibi
2230 3512 2461 3583 laterem,
2490 3523 2539 3571 et
2564 3532 2721 3587 pones
2749 3534 2864 3574 eum
2890 3528 2917 3568 8
2947 3537 3120 3576 coram
3150 3533 3215 3591 te,
3250 3533 3297 3580 et
3322 3527 3515 3581 deseri-

1906 3603 1991 3659 bes
2020 3605 2076 3660 in
2107 3622 2165 3660 eo
2192 3606 2444 3664 civitatem
2465 3606 2750 3665 Jerusalem
2771 3610 2985 3684 (Ezech.
3012 3630 3085 3682 1v,
3114 3617 3191 3686 1).
3216 3616 3511 3690 Statimque

1912 3697 2395 3775 subjungiturzEt
2436 3702 2700 3757 ordinabis
2728 3704 2973 3761 adversus
3019 3723 3133 3761 eam
3174 3710 3510 3777 obsidionem,

1909 3806 1956 3852 et
1978 3797 2256 3869 (edi/icabis
2278 3800 2601 3867 munitiones,
2626 3810 2674 3856 et
2699 3803 3038 3872 comportabis
3063 3822 3321 3876 aggerem,
3349 3816 3396 3862 et
3418 3809 3512 3863 da-

1912 3890 1985 3945 bis
2017 3900 2194 3946 contra
2223 3907 2335 3946 eam
2363 3902 2551 3962 castra,
2574 3902 2620 3948 et
2642 3910 2797 3966 pones
2826 3897 3008 3967 arietes
3057 3898 3111 3951 in
3151 3914 3299 3971 gyro.
3347 3899 3514 3972 Eique

1912 3981 1941 4021 ιι
1954 3984 2020 4039 ad
2040 3983 2390 4042 munitionem
2406 4001 2557 4043 suam
2580 3989 2823 4058 protinus
2840 3989 3167 4046 subinfertur
3184 4008 3199 4044 :
3217 3990 3287 4047 Et
3302 4000 3358 4046 tu
3373 4008 3514 4047 sume

1915 4078 2004 4132 tibi
2032 4079 2348 4150 sartaginem
2372 4084 2613 4151 ferream,
2658 4090 2705 4137 et
2728 4097 2887 4157 pones
2915 4098 3028 4137 eam
3054 4099 3260 4154 murum
3286 4086 3515 4157 ferreum

1914 4170 2048 4225 inter
2078 4180 2126 4225 te
2154 4181 2201 4225 et
2229 4172 2361 4226 inter
2390 4174 2661 4228 civitatem.
2708 4154 2873 4245 Cujus
2918 4176 3061 4231 enim
3094 4154 3345 4232 Ezechiel
3393 4192 3515 4247 pro-

1918 4265 2079 4336 pheta
2110 4266 2211 4323 nisi
2246 4268 2623 4338 magistrorum
2671 4270 2904 4340 speciem
2936 4269 3245 4349 tenet?.Cui
3278 4273 3516 4331 dicitur:

1920 4359 2083 4414 Sume
2112 4360 2203 4415 tibi
2226 4362 2461 4430 laterem,
2492 4372 2539 4418 et
2568 4380 2722 4435 pones
2754 4380 2866 4419 eum
2895 4380 3070 4420 coram
3096 4375 3163 4431 te,
3197 4377 3244 4422 et
3269 4369 3517 4424 describes

1920 4455 1973 4507 in
2002 4470 2059 4509 eo
2090 4455 2346 4510 civitatem
2368 4456 2675 4512 Jerusalem.

2013 4546 2195 4602 Sancti
2256 4548 2454 4618 quippe
2515 4549 2764 4605 doctores
2826 4550 2928 4607 sibi
2994 4553 3211 4608 laterem
3274 4564 3512 4622 sumunt,

1923 4642 2139 4711 quando
2169 4650 2442 4719 terrenum
2473 4643 2777 4700 auditorum
2805 4659 2921 4713 cor,
2952 4655 3011 4703 ut
3040 4646 3295 4715 doceant,
3326 4663 3517 4719 appre-

217 4736 322 4791 etsi
362 4735 595 4793 honesta
640 4739 853 4794 actione
897 4740 1139 4795 nonnulli
1182 4740 1292 4811 jam
1331 4740 1480 4811 quasi
1521 4757 1545 4791 a
1588 4748 1724 4795 terra
1760 4755 1820 4797 se
1853 4740 1904 4807 D
1931 4734 2193 4791 bendunt.
2235 4736 2404 4804 Quem
2446 4736 2654 4794 scilicet
2701 4737 2922 4795 laterem
2970 4754 3150 4815 coram
3183 4754 3246 4796 se
3283 4751 3517 4811 ponunt,

213 4828 455 4900 erigunt,
500 4831 795 4888 ambitione
848 4841 1022 4888 tamen
1072 4832 1353 4888 inhonesta
1403 4835 1722 4903 semetipsos
1747 4830 1815 4887 ad

216 4933 420 4979 terram
450 4924 748 4995 deponunt.
774 4926 918 4983 Bene
944 4935 1123 4982 autem
1155 4926 1370 4993 dicitur,
1396 4925 1613 4999 Depicta
1640 4937 1817 4992 erant;

213 5016 343 5085 quia
369 5017 502 5074 dum
535 5018 863 5076 exteriorum
902 5035 1080 5075 rerum
1125 5020 1449 5075 intrinsecus
1480 5021 1685 5090 species
1736 5028 1817 5075 st-

218 5109 529 5177 trahuutur,
560 5113 714 5181 quasi
753 5113 805 5166 in
849 5113 1011 5168 corde
1047 5113 1351 5183 depingitur
1388 5112 1645 5184 quidquid
1677 5112 1815 5170 ﬁctis

218 5199 547 5272 imaginibus
570 5203 946 5271 deliberando,
975 5206 1259 5274 cogitatur.
1304 5203 1605 5261 Notandum
1635 5205 1817 5278 itaque

215 5304 306 5351 est
334 5297 458 5367 quia
488 5297 642 5368 prius
669 5296 909 5354 foramen
942 5297 996 5353 in
1031 5298 1254 5368 pariete,
1287 5313 1350 5354 ac
1387 5299 1580 5356 deinde
1621 5302 1819 5356 ostium

215 5390 486 5458 cernitur,
517 5400 573 5446 et
600 5402 728 5447 tunc
752 5392 969 5448 demum
1001 5393 1206 5449 occulta
1240 5392 1565 5450 abominatio
1594 5395 1821 5453 demon-

216 5491 457 5550 stratur;
503 5485 632 5555 quia
680 5484 934 5542 nimirum
976 5470 1395 5560 uniuscujusque
1422 5489 1628 5561 peccati
1670 5491 1818 5561 prius

306 5677 332 5706 ι
365 5668 497 5725 Tres
519 5667 700 5735 Genu,
727 5667 985 5739 fode,tibi;
1008 5668 1151 5739 quod
1179 5669 1306 5725 olim
1333 5669 1526 5727 lectum
1557 5669 1610 5725 in
1634 5669 1817 5737 Trec.,

218 5748 339 5813 aut,
371 5742 499 5813 foder
516 5741 612 5813 ibi.
644 5740 805 5795 Iidem
830 5738 988 5813 Cod,
1021 5738 1069 5813 et
1097 5757 1213 5794 cum
1244 5743 1598 5813 perfodissem.

300 5810 614 5885 Phanas.
667 5821 721 5865 et
746 5819 851 5866 vet.
907 5811 1001 5866 Ed.
1053 5810 1369 5883 lnrecenti,
1402 5815 1532 5869 mole
1561 5814 1823 5885 corporis;

222 5883 369 5951 quod
397 5884 620 5939 minime
648 5896 853 5938 verum.

303 5962 331 5992 ⁸
368 5955 507 6013 And.
536 5954 841 6022 secundus,
868 5955 937 6008 ad
964 5954 1069 6011 ima
1096 5957 1428 6028 suspendunt.

1926 4829 2046 4899 quia
2085 4836 2193 4884 tota
2232 4828 2357 4885 illud
2387 4830 2582 4886 mentis
2621 4831 2920 4888 intentione
2955 4833 3283 4889 custodiunt.
3326 4835 3382 4891 ln
3415 4852 3520 4907 quo

1924 4931 1979 4979 et
2026 4921 2300 4979 civitatem
2340 4923 2639 4981 Jerusalem
2688 4926 2943 4994 iubentur
2990 4926 3338 4995 describere;
3397 4932 3520 5002 quia

1924 5018 2270 5090 praedicando
2300 5020 2530 5076 terrenis
2555 5018 2803 5076 cordibus
2825 5030 3011 5075 curant
3041 5036 3381 5096 summopere
3401 5040 3520 5095 quas

1927 5116 1996 5172 sit
2026 5131 2273 5188 supernae
2302 5119 2450 5190 pacis
2474 5117 2610 5173 visio
2634 5115 3025 5175 demonstrare.
3056 5116 3164 5175 Sed
3190 5121 3313 5191 quia
3342 5120 3520 5175 incas-

1928 5225 2044 5266 sum
2071 5212 2237 5283 gloria
2268 5212 2457 5281 patriae
2485 5211 2724 5266 coelestis
2753 5214 3077 5282 agnoscitur,
3110 5213 3213 5269 nisi
3243 5223 3299 5270 et
3322 5224 3521 5286 quanta

1930 5302 2015 5357 hic
2047 5303 2253 5358 irruant
2282 5302 2453 5358 hostis
2482 5301 2662 5359 callidi
2694 5312 3017 5361 tentamenta
3056 5313 3364 5377 noscantur,
3396 5316 3521 5377 apte

1930 5398 2270 5471 subiungitur
2304 5416 2317 5453 :
2353 5392 2419 5452 Et
2450 5400 2713 5455 ordinabis
2748 5402 2992 5475 adversus
3028 5419 3140 5458 eam
3184 5402 3520 5465 obsidionem.

1928 5501 1977 5546 et
2008 5492 2287 5563 tediﬁcabis
2318 5495 2657 5573 munitiones.»
2691 5493 2877 5569 Sancti
2912 5495 3109 5568 quippe
3146 5495 3522 5571 praedicatores

2004 5668 2032 5706 ἀ
2072 5670 2321 5744 Longip.,
2348 5672 2712 5744 inquisitionis.

2008 5753 2031 5817 εξ
2071 5742 2281 5817 [attinet
2310 5742 2578 5817 secundus
2600 5744 2765 5809 Aud.,
2793 5745 3079 5817 inﬁrmitati
3106 5745 3362 5817 prodesse.

2010 5810 2029 5850 τ
2072 5810 2262 5879 Laud.,
2292 5816 2481 5872 actore.
2786 5820 2789 5825 ’
2820 5822 2823 5825 ⁷

2008 5893 2035 5932 8
2073 5884 2289 5944 Carnot.
2320 5887 2608 5952 secundus,
2637 5898 2812 5945 contra
2837 5899 2903 5944 te.

2011 5955 2041 5993 ι
2075 5955 2263 6027 C0rb.,
2291 5960 2359 6013 ad
2391 5960 2737 6016 monitionem.
