4036 6346
562 425 629 481 ⁸7
1792 425 2031 483 ΞΑΝΟΊἸ
2070 425 2395 483 διιεϐυῐιιι
2435 423 2642 481 MAGNI
3360 430 3363 431 ⁷
3492 452 3499 455 τ
3756 421 3814 476 48

560 540 896 597 obsidionem
938 537 1075 594 circa
1126 538 1367 606 laterem,
1403 540 1455 593 in
1486 555 1592 609 quo
1611 539 1905 598 Jerusalem
1944 544 2135 601 civitas
2161 545 2377 612 Aapud
2428 558 2486 597 se
2532 555 2743 609 semper
2789 541 2853 594 ad
2908 538 3271 609 paenitentiam
3320 548 3591 603 recurrat;
3642 547 3700 594 ut
3730 557 3812 610 per

558 633 821 701 descripta
850 640 952 698 est,
996 631 1264 697 ordinant,
1295 633 1508 702 quando
1549 645 1773 689 terrenae
1810 638 1995 705 menti,
2041 638 2136 693 sed

554 721 662 792 jam
707 738 989 794 supernam
1033 726 1256 796 patriam
1306 727 1625 796 requirenti,
1674 738 1873 798 quanta
1919 745 2037 786 eam
2084 732 2136 787 in

559 814 716 884 hujus
763 817 885 872 vitze
937 826 1178 887 tempore
1227 819 1471 872 vitiorum
1522 818 1795 889 impugnet
1836 821 2138 878 adversitas

558 909 946 965 demonstrant.
973 911 1101 965 Nam
1128 926 1247 966 cum
1272 911 1684 981 unumquodque
1708 922 1981 983 peccatum
2005 930 2136 984 quo-

558 1003 718 1057 modo
758 1004 1154 1071 proﬁcientibus
1200 1004 1477 1060 insidietur
1508 1007 1827 1074 ostenditur,
1859 1006 2011 1077 quasi
2042 1008 2137 1062 ob-

551 1097 692 1151 sidio
737 1098 879 1152 circa
939 1098 1204 1153 civitatem
1245 1098 1543 1154 Jerusalem
1593 1114 1724 1155 voce
1772 1100 2135 1168 praedicatoris

551 1187 851 1242 ordinatur.
905 1188 1010 1244 Sed
1062 1188 1182 1258 quia
1214 1204 1322 1245 non
1367 1191 1540 1245 solum
1570 1191 1771 1247 debent
1801 1192 2135 1248 innotescere

549 1283 779 1352 qualiter
828 1282 951 1337 vitia
1006 1283 1313 1353 impugnent
1344 1326 1358 1348 ,
1414 1300 1596 1340 verum
1649 1286 1810 1340 etiam
1866 1286 2135 1356 quomodo

547 1374 825 1429 custodita;
856 1389 954 1429 nos
983 1374 1210 1431 virtutes
1256 1377 1531 1442 roborent,
1574 1383 1719 1433 recte
1764 1376 2131 1447 subjungitur:

545 1467 612 1521 Et
640 1468 916 1538 tediﬁcabis
944 1470 1270 1524 munitiones.
1322 1470 1643 1526 Munitiones
1687 1472 1886 1540 quippe
1915 1481 2132 1527 sanctus

539 1559 862 1628 praedicator
886 1560 1134 1624 aediﬁcat.
1167 1562 1379 1630 quando
1408 1577 1528 1631 quae
1557 1563 1786 1617 virtutes
1815 1562 2011 1632 quibus
2043 1579 2131 1619 re-

538 1652 728 1707 sistant
769 1654 913 1708 vitiis
940 1654 1295 1708 demonstrat.
1331 1653 1396 1709 Et
1426 1655 1570 1724 quia,
1600 1666 1882 1713 crescente
1911 1656 2128 1723 virtute,

537 1744 851 1814 plerumque
907 1744 1045 1801 bella
1092 1746 1402 1801 teutatiouis
1448 1761 1731 1818 augentur,
1778 1759 1926 1806 recte
1952 1750 2132 1806 adhuc

537 1833 751 1888 additur
775 1851 789 1886 :
818 1832 885 1887 Et
916 1834 1257 1904 comportabis
1278 1852 1536 1909 aggerem,
1569 1848 1617 1893 et
1644 1840 1789 1893 dabis
1811 1850 1989 1894 contra
2017 1856 2130 1895 eant

2241 639 2471 693 lamenta
2502 635 2710 689 veniam
2755 633 2805 687 in
2854 643 3142 701 conspectu
3185 633 3423 687 veritatis
3464 634 3725 701 obtineat,
3754 654 3812 693 ex

2239 745 2305 785 eo
2331 729 2490 784 etiam
2523 725 2664 797 quod
2709 740 2805 796 per
2846 724 2948 779 zeli
2980 723 3096 793 ejus
3137 724 3369 779 studium
3415 734 3621 793 peccat.
3673 729 3811 794 Quod

2239 822 2463 893 ﬁgurate
2507 817 2767 873 Dominus
2808 832 2901 887 per
2926 816 3142 886 Moysen
3172 816 3453 886 praecipit,
3501 816 3687 873 dicens
3720 836 3731 871 :
3760 820 3815 874 Si

2237 916 2348 985 quis
2373 913 2549 967 abierit
2579 930 2692 966 cum
2723 911 2888 964 amico
2921 926 3015 964 suo
3048 908 3345 978 simpliciter
3373 910 3425 962 in
3460 909 3641 965 siluam
3669 914 3734 964 ad
3759 914 3813 965 lt-

2238 1024 2339 1079 gna
2369 1008 2639 1072 cadendo,
2671 1016 2718 1061 et
2761 1006 2959 1077 lignum
2990 1004 3182 1058 securis
3223 1000 3249 1039 ιι
3282 1004 3469 1077 fugerit
3512 1022 3688 1071 manu,
3722 1010 3815 1076 fer-

2238 1118 2451 1173 rumque
2486 1104 2685 1172 lopsum
2715 1101 2779 1155 dc
2806 1099 3075 1152 manubrio
3112 1098 3332 1151 anticum
3371 1100 3483 1168 ejus
3523 1101 3814 1167 percusserit

2238 1208 2285 1248 et
2313 1195 2573 1259 occiderit,
2606 1194 2687 1247 hic
2723 1193 2790 1246 ad
2818 1209 2972 1245 unam
3010 1192 3424 1261 supradictarum
3452 1192 3656 1244 urbium
3681 1203 3705 1230 ο
3742 1189 3815 1261 fti-

2237 1290 2359 1358 giet,
2385 1298 2432 1342 et
2456 1289 2613 1353 tiret;
2645 1303 2706 1341 ne
2734 1288 2867 1353 forte
2896 1290 3159 1356 prosimus
3188 1302 3322 1357 ejus,
3362 1290 3509 1352 cujus
3535 1287 3725 1355 effusus
3749 1300 3814 1343 est

2241 1380 2474 1449 sanguis,
2493 1379 2683 1432 doloris
2698 1378 2904 1432 stimulo
2920 1388 3252 1446 persequatur
3264 1387 3313 1431 et
3325 1377 3673 1448 apprehendat
3688 1398 3811 1444 eum,

2238 1480 2286 1525 et
2310 1471 2559 1541 percutiat
2588 1471 2817 1523 animam
2860 1472 2973 1541 ejus
3000 1468 3180 1539 (Deut.
3213 1485 3323 1534 six,
3346 1469 3400 1534 4,
3425 1469 3500 1539 5).
3531 1470 3610 1524 Ad
3639 1470 3814 1525 silvam

2236 1562 2431 1631 quippe
2461 1577 2581 1617 cum
2609 1562 2785 1616 amico
2814 1561 2975 1629 imus,
3005 1561 3213 1630 quoties
3245 1560 3310 1614 ad
3343 1560 3595 1615 intuenda
3642 1562 3815 1616 subdi-

2237 1659 2413 1705 torum
2440 1651 2632 1707 delicta
2664 1653 3045 1707 convertimur.
3098 1651 3165 1706 Et
3193 1651 3506 1721 simpliciter
3532 1651 3673 1722 ligna
3701 1667 3815 1707 suc-

2236 1744 2497 1811 cidimus,
2528 1760 2649 1800 cum
2680 1744 3103 1815 delinquentium
3134 1744 3263 1799 vitia
3297 1745 3382 1813 pia
3413 1745 3706 1801 intentione
3734 1762 3816 1802 re-

2238 1849 2504 1890 secamus.
2534 1836 2641 1893 Sed
2686 1837 2891 1892 securis
2924 1835 2943 1873 ί
2977 1852 3134 1891 manu
3162 1836 3318 1905 fugit,
3352 1854 3473 1892 cum
3500 1853 3621 1895 sese
3652 1839 3815 1895 incre-

535 1935 727 1989 castra,
768 1933 816 1979 et
857 1942 1014 1994 pones
1060 1927 1245 1982 arietes
1292 1929 1347 1981 in
1386 1945 1533 2000 gyro.
1585 1933 1848 2001 Aggerem
1898 1948 2128 2004 namque
2159 1949 2207 2010 Β
2240 1926 2385 1993 patio
2414 1926 2533 1995 plus
2562 1941 2721 1996 quam
2770 1940 2991 1982 necesse
3019 1934 3103 1981 est
3154 1925 3205 1979 in
3236 1927 3579 1993 asperitatem
3627 1939 3817 1997 pertra-

534 2022 852 2086 comportat,
887 2015 1101 2086 quando
1143 2017 1461 2086 prtedicator
1498 2019 1727 2090 quisque
1769 2022 1966 2077 molem
2010 2038 2129 2079 cre-

532 2110 734 2165 scentis
771 2111 1082 2165 tenlationis
1108 2112 1371 2167 enuntiat.
1403 2112 1469 2167 Et
1492 2124 1678 2170 contra
1707 2114 2004 2172 Jerusalem
2034 2133 2125 2173 ca-

532 2208 642 2255 stra
657 2199 831 2270 erigit,
849 2201 1061 2271 quando
1076 2211 1101 2238 α
1120 2212 1282 2258 recta:
1300 2204 1579 2260 intentioni
1607 2207 1936 2264 audientium
1961 2210 2129 2265 hostis

531 2290 749 2347 callidib
773 2293 1188 2363 circumspectas
1214 2296 1432 2366 etquasi
1452 2298 2018 2369 incompreltensibiles
2048 2303 2131 2359 in-

530 2384 695 2439 sidias
740 2385 1001 2454 praedicit.
1035 2390 1208 2457 Atque
1253 2388 1368 2443 arie
1395 2404 1454 2445 es
1503 2392 1557 2445 in
1600 2406 1733 2462 gyro
1784 2395 1953 2463 ponit,
2006 2410 2129 2451 cum

529 2478 881 2544 tentationum
909 2478 1124 2534 aculeos
1158 2480 1211 2535 in
1245 2481 1345 2537 hac
1369 2482 1476 2537 vita
1504 2498 1603 2538 nos
1636 2485 1867 2556 undique
1892 2488 2126 2544 circnm-

528 2572 740 2636 dantes,
773 2580 828 2627 et
860 2583 881 2611 α
917 2572 1170 2628 virtutum
1196 2588 1405 2629 murum
1435 2575 1774 2644 perforantes
1810 2578 2125 2637 innotescit.

601 2667 711 2723 Sed
761 2678 952 2724 cuncta
1004 2667 1119 2723 haec
1167 2669 1293 2724 licet
1340 2670 1615 2726 subtiliter
1664 2683 1838 2727 rector
1868 2674 2126 2741 insinuet,

526 2757 627 2813 nisi
672 2766 860 2815 contra
908 2759 1107 2815 delicta
1154 2760 1483 2830 singulorum
1533 2764 1891 2821 aemulationis
1937 2767 2128 2836 spiritu

526 2849 750 2913 ferveat,
771 2853 969 2907 nullam
992 2854 1095 2909 sibi
1121 2854 1174 2909 in
1201 2865 1514 2925 perpetuum
1539 2857 1927 2915 absolutionem
1951 2870 2126 2931 parat.

527 2944 679 3001 Unde
720 2945 828 3000 illic
852 2946 1027 3001 adhuc
1056 2956 1203 3002 recte
1250 2948 1593 3020 Subjungitur
1621 2968 1633 3003 :
1677 2951 1783 3022 32
1812 2949 1880 3005 Et
1908 2963 1961 3006 tu
1986 2969 2127 3007 sume

525 3037 616 3093 tibi
646 3040 958 3111 sartaginem
987 3041 1226 3111 ferream,
1256 3052 1306 3094 et
1337 3058 1493 3109 pones
1524 3059 1636 3096 eam
1668 3060 1869 3097 murum
1898 3046 2126 3116 ferreum

522 3130 657 3184 inter
682 3138 731 3184 te
758 3141 805 3183 et
834 3132 964 3185 inter
988 3131 1265 3186 ciuitatem.
1293 3132 1397 3187 Per
1424 3136 1745 3203 sartaginem
1788 3135 1987 3206 quippe
2031 3136 2125 3192 iri-

522 3236 649 3277 xura
680 3223 893 3291 mentis,
930 3237 1025 3294 per
1055 3225 1252 3281 ferrum
1280 3238 1412 3281 vero
1444 3226 1830 3295 iucrepationis
1856 3226 2120 3284 fortitudo

2232 2017 2331 2071 ltit.
2382 2016 2714 2088 Ferrumque
2752 2017 2821 2072 de
2852 2015 3133 2071 manubrio
3166 2014 3389 2084 prosilit,
3442 2031 3562 2071 cum
3591 2017 3661 2072 de
3706 2033 3818 2073 cor~

2230 2112 2475 2181 reptione
2518 2127 2697 2168 sermo
2721 2110 2907 2165 durior
2954 2109 3189 2166 excedit.
3241 2110 3309 2164 Et
3332 2112 3560 2165 amicum
3591 2113 3822 2180 percutit

2231 2210 2287 2257 et
2316 2202 2534 2270 occidit,
2563 2203 2685 2273 quia
2711 2201 3009 2257 auditorem
3056 2217 3210 2257 suum
3244 2201 3447 2271 prolata
3495 2204 3821 2257 contumelia

2230 2309 2261 2347 a
2292 2294 2481 2362 spiritu
2512 2292 2814 2347 dilectionis
2843 2290 3111 2346 interﬁcit.
3139 2292 3382 2361 Correpti
3416 2307 3644 2362 namque
3670 2310 3823 2351 meus

2231 2395 2456 2456 repente
2500 2383 2567 2438 ad
2598 2383 2777 2438 odium
2822 2382 3046 2453 proruit,
3079 2382 3125 2438 si
3158 2382 3293 2437 hanc
3341 2383 3693 2438 immoderata
3739 2382 3824 2438 in.

2230 2476 2466 2544 crepatio
2497 2475 2615 2545 plus
2638 2490 2796 2545 quam
2823 2473 3007 2530 debuit
3036 2475 3258 2531 addicit.
3288 2475 3393 2531 Sed
3422 2477 3467 2531 is
3491 2477 3577 2547 qui
3614 2478 3824 2531 incaute

2232 2568 2373 2638 ligna
2400 2567 2630 2636 percutit
2654 2577 2708 2621 et
2731 2566 3033 2637 proximum
3056 2566 3361 2635 exstinguit,
3376 2567 3441 2620 ad
3467 2576 3573 2622 tres
3596 2581 3825 2623 necesse

2232 2666 2317 2713 est
2355 2658 2514 2712 urbes
2555 2656 2743 2725 fugiat,
2784 2666 2841 2712 ut
2883 2658 2934 2711 in
2979 2672 3082 2711 una
3129 2672 3312 2712 earum
3359 2657 3611 2713 defensus
3646 2659 3823 2723 vivat;

2232 2748 2353 2818 quia
2382 2747 2428 2801 si
2469 2748 2534 2802 ad
2565 2748 2896 2817 poenitentiae
2929 2748 3159 2803 lamenta
3189 2763 3501 2815 COHVEI‘SUS,
3535 2748 3587 2802 in
3620 2748 3826 2804 unitate

2230 2841 2553 2897 sacramenti
2593 2842 2693 2896 sub
2737 2857 2833 2911 spe
2872 2851 2929 2897 et
2972 2842 3233 2898 eharitate
3278 2844 3645 2909 absconditur,
3699 2856 3826 2898 reus

2233 2937 2520 3006 perpetrati
2560 2936 2831 2990 homicidii
2872 2950 2978 2990 non
3020 2944 3254 2992 tenetur.
3289 2936 3528 3003 Eumque
3567 2932 3827 2991 exstincti

2231 3028 2506 3097 prosimus
2544 3041 2597 3085 et
2636 3043 2756 3083 cum
2805 3031 3068 3084 invenerit
3116 3044 3219 3083 non
3264 3028 3493 3094 occidit;
3537 3028 3666 3097 quia
3700 3043 3825 3081 cum

2230 3119 2504 3174 districtus
2544 3118 2709 3189 judex
2756 3119 2981 3181 venerit,
3010 3121 3098 3191 qui
3143 3134 3265 3174 sese
3306 3120 3458 3173 nobis
3486 3135 3578 3187 per
3612 3130 3831 3175 natura:

2230 3218 2428 3264 nostra:
2469 3211 2801 3265 consortium
2839 3209 3033 3279 junxit,
3072 3210 3139 3263 ab
3168 3223 3233 3263 eo
3265 3208 3614 3277 proculdubio
3645 3209 3830 3278 culpat

520 3317 779 3386 signatur.
830 3318 968 3386 Quid
1011 3332 1139 3373 vero
1170 3319 1345 3373 acrius
1396 3318 1633 3375 doctoris
1661 3333 1923 3387 mentem,
1960 3336 2120 3391 quam
2150 3330 2196 3394 ο
2230 3316 2437 3359 malum
2466 3320 2571 3359 non
2602 3304 2826 3372 expetit.
2848 3318 3005 3374 quem
3037 3302 3138 3357 sub
3162 3300 3279 3371 ejus
3306 3301 3458 3358 venia
3485 3300 3643 3369 ﬁdes,
3674 3314 3830 3372 5P“:

521 3409 668 3464 zelus
697 3410 790 3466 Dei
820 3410 963 3481 frigit
986 3420 1041 3465 et
1064 3412 1374 3467 excruciat?
1403 3412 1554 3468 llude
1584 3413 1779 3469 Paulus
1810 3414 1971 3483 hujus
1998 3429 2117 3469 sar-

522 3500 714 3573 taginis
743 3503 997 3558 urebatur
1027 3502 1253 3571 frixura,
1286 3519 1406 3558 cum
1434 3504 1639 3560 diceret
1677 3524 1690 3560 :
1730 3506 1857 3571 Quis
1886 3506 2119 3575 inﬁrma-

522 3603 628 3659 tur,
652 3604 698 3648 et
721 3611 814 3663 ego
837 3611 937 3650 non
963 3594 1238 3664 iuﬁrmor?
1266 3598 1378 3666 quis
1401 3598 1807 3665 scandalizatur,
1830 3593 1879 3653 ei
1900 3616 1991 3671 ego
2016 3617 2119 3654 non

522 3683 784 3757 uror?(ll
815 3685 934 3741 Cor.
967 3701 1042 3751 χι,
1073 3684 1192 3757 Ξιὶ9.)
1226 3687 1288 3740 Et
1333 3689 1454 3758 quia
1500 3689 1742 3759 quisquis
1771 3691 1887 3746 zelo
1913 3693 2005 3747 Dei
2028 3708 2121 3748 ac-

2226 3404 2280 3450 et
2320 3395 2554 3451 cltaritas
2584 3394 2885 3451 abscondit.

2576 3510 2682 3581 33
2718 3508 2945 3566 CAPUT
2982 3507 3054 3564 XI
3100 3506 3211 3580 [Αι.
3238 3504 3458 3577 XXII].

2227 3620 2487 3689 Quantum
2519 3631 2686 3675 rector
2714 3636 2875 3677 sacra:
2896 3620 3031 3703 .legis
3061 3619 3479 3675 meditationibus
3500 3632 3612 3673 esse
3640 3616 3834 3673 debeat

2890 3701 3132 3747 intentus.

520 3778 785 3843 cenditur,
818 3791 885 3833 ne
909 3776 1150 3831 damnari
1191 3792 1257 3831 ex
1301 3769 1862 3849 negligentia‘debeat,
1894 3782 2015 3836 forti
2061 3784 2113 3837 in

527 3878 843 3939 perpetuum
897 3869 1143 3925 custodia
1193 3869 1452 3935 munitur,
1506 3880 1650 3926 recte
1679 3871 1912 3927 dicitur:
1946 3873 2115 3930 Panes

523 3977 633 4014 rant
661 3977 864 4015 murum
885 3963 1109 4033 ferreum
1133 3961 1264 4016 inter
1286 3970 1337 4017 te
1358 3972 1404 4017 et
1428 3962 1702 4018 civitatem.
1726 3964 1948 4035 Sartago
1972 3967 2114 4022 enim

522 4054 694 4110 ferrea
725 4070 910 4110 murus
956 4056 1169 4111 ferreus
1210 4056 1351 4111 inter
1380 4057 1696 4128 prophetam
1743 4066 1798 4114 et
1839 4059 2114 4116 civitatem

521 4149 769 4219 ponitur;
791 4148 915 4220 quia
944 4162 1066 4204 cum
1095 4162 1235 4204 nunc
1264 4149 1454 4204 fortem
1492 4151 1662 4223 zelum
1690 4158 1929 4206 rectores
1957 4152 2117 4207 exhi-

521 4242 667 4307 bent,
700 4241 948 4297 eumdem
982 4242 1155 4297 zelum
1185 4242 1526 4312 postmodum
1557 4244 1697 4299 inter
1725 4257 1784 4300 se
1814 4254 1869 4299 et
1907 4245 2116 4302 audito-

521 4352 608 4392 res
638 4352 764 4393 suos
790 4337 983 4394 fortem
1016 4341 1368 4397 munitionem
1399 4351 1611 4409 tenent;
1644 4358 1714 4399 ne
1743 4350 1869 4399 tunc
1894 4343 1959 4399 ad
2003 4343 2114 4399 vin-

520 4430 713 4484 dictam
742 4429 983 4487 destituti
1024 4431 1155 4500 sint,
1185 4430 1231 4487 si
1274 4447 1416 4489 nunc
1456 4435 1657 4490 fuerint
1685 4434 1739 4490 in
1775 4437 2115 4507 correptione

2294 3795 2401 3852 Sed
2432 3811 2591 3851 omne
2623 3796 2723 3850 hoc
2774 3795 2874 3849 rite
2920 3808 2951 3848 a
2982 3776 3190 3849 rectore
3229 3791 3421 3862 agitur,
3465 3792 3511 3846 si
3559 3804 3837 3860 superna:

2224 3887 2525 3943 formidinis
2573 3896 2629 3941 et
2679 3885 2983 3941 dilectionis
3031 3884 3221 3953 spiritu
3272 3882 3526 3948 afﬂatus,
3568 3883 3841 3938 studiose

2222 3983 2461 4052 quotidie
2499 3982 2638 4036 sacri
2676 3980 2870 4050 eloquii
2911 3988 3181 4051 praecepta
3214 3978 3542 4042 meditetur;
3575 3987 3643 4033 ut
3682 3978 3744 4033 in
3771 3992 3841 4033 eo

2219 4076 2325 4130 vim
2356 4074 2753 4142 sollicitudinis,
2785 4082 2840 4128 et
2867 4088 2992 4144 erga
3045 4073 3320 4128 cmlestem
3360 4072 3527 4126 vitam
3578 4071 3845 4139 provida

2224 4169 2744 4238 circumspectionis,
2771 4184 2930 4239 quam
2960 4171 3207 4223 humana:
3228 4165 3669 4221 conversationis
3702 4178 3844 4220 usus

2220 4263 2594 4319 indesinenter
2632 4263 2907 4331 destruit,
2957 4263 3151 4318 divinae
3206 4259 3599 4316 admonitionis
3662 4260 3848 4315 verba

2221 4367 2518 4411 restaurent
2549 4373 2562 4422 ;
2589 4366 2643 4411 et
2663 4357 2752 4428 qui
2780 4356 2849 4411 ad
2873 4363 3189 4411 vetustatem
3221 4352 3341 4407 vita:
3369 4365 3462 4421 per
3490 4349 3848 4406 societatem

2220 4452 2559 4507 smcularium
2614 4452 2847 4518 ducitur,
2899 4451 2965 4506 ad
3019 4465 3254 4505 amorem
3298 4462 3507 4516 semwr
3554 4448 3853 4517 spiritalis
3910 4492 3915 4495 ν

519 4523 765 4579 dissoluti
2224 4544 2411 4612 patria:
2442 4543 2868 4613 compunctionis
2892 4552 2916 4590 κ
2944 4542 3271 4612 aspiratione
3298 4547 3619 4594 renovetur.
3662 4538 3854 4594 Valde

589 4617 694 4673 Sed
726 4617 867 4674 inter
892 4618 1009 4674 haec
1035 4618 1314 4674 sciendum
1342 4627 1426 4675 est
1452 4620 1576 4690 quia
1607 4619 1734 4676 dum
1765 4621 1832 4676 ad
1863 4623 2112 4690 increpa-
2217 4650 2448 4703 namque
2505 4637 2644 4691 ίιιιει-
2698 4634 2926 4689 humana
2980 4633 3140 4688 verba
3183 4646 3276 4686 cor
3307 4628 3528 4695 deﬂuit;
3584 4644 3858 4702 cumque

520 4710 717 4765 tionem
760 4727 820 4766 se
862 4727 1016 4768 mens
1055 4711 1289 4769 doctoris
1332 4724 1642 4785 exasperat,
1689 4713 1914 4771 difﬁcile
1957 4715 2115 4773 valde
2142 4724 2590 4794 Dindubitanter
2643 4732 2857 4779 constet
2907 4721 3050 4792 quod
3105 4719 3340 4776 externis
3394 4721 3856 4788 occupationum

522 4807 607 4854 est
646 4810 705 4855 ut
745 4816 847 4855 non
880 4803 1166 4873 aliquando
1202 4815 1256 4861 et
1294 4805 1359 4859 ad
1389 4806 1589 4878 aliquid
1619 4807 1758 4875 quod
1788 4806 1972 4862 dicere
2002 4821 2109 4862 non

2235 4819 2536 4874 Lumultibus
2568 4818 2855 4886 impulsum
2895 4832 2921 4869 a
2955 4816 3244 4884 semetipso
3270 4821 3533 4876 corruat,
3598 4816 3861 4873 studere

520 4891 681 4946 debet
705 4903 975 4963 erumpat.
1010 4894 1079 4949 Et
1102 4895 1416 4967 plerumque
1441 4900 1699 4969 contingit
1726 4908 1781 4952 ut
1807 4898 1931 4954 dum
1954 4900 2107 4969 culpa
2220 4908 2611 4964 incessabiliter
2641 4910 2823 4971 debet,
2857 4916 2913 4962 ut
2946 4922 3039 4975 per
3068 4906 3385 4961 eruditionis
3438 4904 3707 4961 studium
3759 4924 3862 4963 re-

522 4984 854 5041 subditorum
896 5002 1015 5042 cum
1065 5004 1253 5059 magna
1298 4992 1598 5047 invectione
1648 4992 1951 5062 corripitur,
1998 5008 2111 5049 ma-
2219 5011 2421 5073 surgat.
2458 5002 2591 5056 llinc
2618 5009 2703 5056 est
2732 5001 2874 5054 enim
2903 5000 3044 5069 quod
3080 4998 3358 5066 praelatum
3389 4997 3544 5067 gregi
3583 4999 3863 5069 discipu-

522 5080 671 5149 gistri
720 5080 900 5152 lingua
940 5096 1107 5152 usque
1153 5086 1219 5139 ad
1264 5101 1519 5141 excessus
1551 5087 1711 5141 verba
1742 5087 2106 5155 pertrahatur.
2217 5097 2327 5151 lum
2386 5094 2579 5149 Paulus
2630 5093 2882 5147 admonet
2914 5135 2926 5155 ,
2982 5090 3213 5146 dicens:
3247 5088 3562 5141 Dunttvent'o
3621 5092 3866 5146 attende

522 5171 766 5243 Cumque
812 5175 1112 5246 increpatio
1164 5177 1517 5234 immoderate
1564 5177 1896 5245 accenditur,
1943 5180 2106 5236 corda
2220 5188 2425 5241 lectioni
2457 5183 2506 5257 (ι
2540 5184 2676 5239 Tim.
2727 5200 2799 5251 tv,
2854 5181 2964 5253 15).
3021 5183 3153 5237 l-linc
3184 5179 3344 5234 David
3376 5183 3497 5233 ait:
3537 5181 3869 5248 Quomodo

522 5265 949 5337 delinquentium
998 5270 1051 5325 in
1102 5270 1482 5339 desperatione
1514 5272 1907 5342 deprimuntur.
1962 5273 2115 5331 Unde
2219 5283 2381 5337 dilexi
2411 5281 2572 5351 legem
2601 5287 2744 5333 tuam
2771 5317 2786 5341 ,
2822 5275 3038 5330 Domine
3069 5316 3085 5343 ,
3121 5284 3229 5328 tota
3253 5274 3334 5327 die
3376 5273 3677 5327 meditatio
3738 5294 3871 5330 mea

524 5380 747 5423 necesse
782 5375 866 5423 est
898 5377 955 5422 ut
980 5378 1326 5439 exasperatus
1372 5376 1580 5436 rector,
1615 5386 1737 5426 cum
1781 5369 2112 5425 subditorum
2220 5384 2292 5428 est
2322 5370 2773 5444 (Ps.cxvtu,97).
2804 5370 2937 5424 llinc
2967 5369 3133 5438 Moysi
3166 5356 3419 5422 Dominus
3444 5365 3514 5419 de
3555 5370 3872 5435 portanda

524 5472 756 5519 mentem
796 5463 917 5534 pius
963 5478 1124 5535 quam
1174 5462 1361 5519 debuit
1403 5465 1735 5533 percussisse
1788 5464 2113 5532 considerat,
2219 5480 2344 5521 arca
2374 5464 2649 5535 praecepit,
2676 5463 2909 5519 dicens:
2940 5459 3124 5514 Facies
3176 5467 3394 5531 quatuor
3435 5458 3698 5515 circulos
3756 5480 3871 5517 au-

2287 5582 2312 5618 ⁸
2356 5582 2490 5637 Tres
2514 5580 2723 5635 Gemet.
2758 5586 2812 5635 et
2835 5577 3038 5648 primus
3064 5574 3225 5648 Aud.,
3251 5573 3439 5645 fugerit
3459 5588 3750 5631 manum.

2293 5665 2317 5693 ⁸
2359 5655 2471 5725 AL,
2501 5653 2777 5725 fugiat,_ut
2807 5647 2889 5704 est
2918 5650 2966 5702 in
3004 5647 3127 5701 trib.
3162 5647 3370 5725 (feruet.

2293 5725 2312 5763 τ
2356 5719 2513 5780 (ἶοώζ
2545 5719 2663 5779 cum
2689 5721 2896 5784 Norm.,
2928 5734 3135 5773 manum
3167 5719 3318 5787 fugit.

2290 5808 2314 5845 3
2345 5796 2562 5852 Caruot.
2596 5794 2782 5850 tertius
2808 5835 2821 5859 ,
2880 5786 3173 5862 asperitate
3206 5786 3498 5845 t‘ettovetttr-
3565 5786 3857 5866 Ltjttgip.

2213 5879 2492 5925 l'c’t‘OCt’Hﬂ'.

593 5588 621 5617 ἰ
656 5578 842 5644 Corb.,
872 5587 1011 5633 recta
1038 5579 1338 5634 intentione.

591 5646 867 5722 eremet.
898 5651 1166 5722 etitertius
1190 5650 1925 5722 Carnot.,_incircumspectas.
1955 5650 2109 5707 Hanc

524 5719 807 5776 lectionem
829 5721 1061 5789 amplexi
1082 5729 1207 5775 sunt
1225 5721 1414 5782 GiIOt..
1440 5719 1611 5775 Vatic.
1643 5736 1705 5775 ac
1729 5719 1908 5777 eteteri
1938 5723 2105 5787 Edit.,

526 5802 719 5857 prater
750 5790 1039 5861 Gussanv.,
1066 5806 1225 5859 quem
1274 5792 1550 5861 sequimur
1584 5795 1947 5860 praeeuntibus
1977 5793 2104 5849 Mss.

525 5862 757 5929 Anglic.,
780 5860 958 5924 Trec.,
984 5861 1170 5926 Corb.,
1194 5871 1298 5919 etc.

601 5940 621 5969 ε
665 5932 879 5988 Carnot.
911 5932 1211 6002 Secundus,
1249 5945 1297 5990 et
1326 5934 1558 5990 virtutem
1587 5938 1743 5991 muri.
