4036 6346
209 391 288 469 ,49
1008 383 1318 444 REGULE
1361 383 1789 444 PASTORALIS
1828 379 2054 439 LIBER.
2097 410 2164 420 —
2204 378 2390 438 PARS
2428 378 2701 436 TERTIA.
3439 379 3508 434 50

223 524 356 572 reos,
387 522 514 577 quos
546 519 703 574 pones
733 521 823 575 per
854 512 1074 574 quatuor
1107 519 1242 556 arcte
1269 502 1511 572 angulos,
1549 501 1804 570 faciesque
1833 501 1882 559 Α
1916 495 2016 559 Qui
2047 509 2246 563 semper
2268 501 2417 548 erunt
2446 493 2499 546 in
2521 491 2754 556 circulis,
2799 508 2890 547 nec
2925 508 3156 564 unquam
3179 493 3510 550 extrahantur

222 611 377 654 vectes
404 600 466 653 de
494 598 648 667 tignis
677 596 884 658 set/tim,
916 605 964 650 et
996 595 1192 666 operies
1213 610 1358 656 auro,
1393 593 1699 659 inducesque
1719 606 1809 660 per

220 690 439 745 circulos
471 691 559 757 qui
589 697 707 741 sunt
740 689 789 740 in
819 703 955 740 area:
991 687 1254 751 lateribus,
1285 696 1339 738 ut
1369 692 1598 754 portetur
1643 684 1696 734 in
1737 681 1810 735 eis

217 782 303 844 qui
326 794 530 845 semper
563 785 712 829 erunt
743 779 794 827 in
826 776 1037 828 circulis
1061 817 1075 838 ,
1107 791 1198 828 nec
1226 790 1450 843 unquam
1478 770 1811 827 extrahentur

213 872 276 923 ab
311 871 382 923 eis
414 868 616 938 (Exod.
643 866 1026 936 xxv,l2,seq.).
1054 865 1191 931 Quid
1222 881 1314 933 per
1334 879 1535 929 arcam,
1567 863 1670 917 nisi
1694 875 1813 914 san-

214 975 302 1017 cta
337 963 576 1016 Ecclesia
613 961 905 1031 figuratur?
935 961 1034 1014 Cui
1066 967 1296 1029 quatuor
1325 957 1512 1011 circuli
1539 957 1682 1009 aurei
1716 969 1809 1022 per

214 1067 446 1127 quatuor
495 1057 720 1125 angulos
765 1053 1023 1123 jnbeutur
1064 1052 1303 1121 adjuntzi,
1337 1051 1458 1120 quia
1491 1051 1544 1102 in
1577 1064 1642 1103 eo
1669 1045 1810 1116 quod

219 1164 319 1218 per
351 1158 586 1215 quatuor
618 1145 798 1198 mundi
832 1155 1009 1212 partes
1037 1141 1260 1195 dilatata
1295 1140 1548 1203 tenditur,
1567 1137 1674 1208 3h.
1695 1152 1816 1205 pro-

216 1239 470 1294 culdubio
526 1247 753 1307 quatuor
808 1235 979 1289 sancti
1037 1231 1310 1300 Evangelii
1371 1231 1523 1285 libris
1575 1231 1816 1283 accincta

216 1332 568 1403 prtedicatnr.
605 1328 904 1398 Vectesque
934 1327 1002 1381 de
1056 1326 1208 1395 lignis
1264 1324 1459 1379 sethim
1522 1323 1679 1387 fiunt,
1728 1323 1816 1390 qui

216 1428 427 1482 eisdem
458 1424 522 1478 ad
557 1423 873 1491 portandum
907 1416 1626 1485 circulisinseruntur;quia
1654 1413 1818 1468 fortes

216 1523 746 1587 perseverantesque
806 1511 1054 1565 doctores
1105 1510 1250 1563 velut
1301 1506 1646 1576 imputribilia
1679 1505 1819 1574 ligna

221 1607 506 1679 quaerendi
534 1614 673 1664 sunt.
700 1606 791 1673 qui
816 1601 1153 1657 instructioni
1183 1615 1460 1655 sacrorum
1490 1597 1817 1652 voluminum

224 1714 450 1768 semper
479 1697 803 1751 inhaerentes
838 1735 852 1758 ,
902 1704 1102 1749 sanctae
1134 1692 1394 1748 Ecclesia:
1430 1691 1686 1745 unitatem
1719 1689 1818 1744 de—

219 1795 493 1854 nuntient,
522 1798 574 1843 et
602 1790 752 1858 quasi
775 1797 798 1823 α
820 1787 1114 1842 inIrOtnissi
1141 1785 1359 1840 circulis
1386 1799 1563 1839 arcam
1589 1789 1817 1852 portent.

1915 589 1976 641 ab
2007 589 2098 642 eis.
2133 588 2267 654 Quia
2290 586 2541 641 nimirum
2573 599 2791 641 necesse
2830 595 2913 640 est
2951 597 3010 640 ut
3038 586 3126 655 qui
3167 585 3234 640 ad
3261 583 3500 642 officium

1918 680 2316 752 praulieationis
2346 680 2634 743 excubant,
2658 694 2685 731 a
2719 693 2886 733 sacra:
2916 679 3158 733 lectionis
3179 679 3355 734 studio
3393 694 3502 734 non

1915 774 2189 830 recedant.
2243 773 2323 827 Ad
2382 772 2483 828 hoc
2533 787 2763 842 namque
2811 781 2991 828 vectes
3022 787 3142 828 esse
3183 772 3234 827 in
3285 773 3504 830 circulis

1923 881 2136 936 semper
2163 866 2436 935 jubentur,
2471 873 2528 920 ut
2563 881 2683 920 cum
2717 866 2922 935 portari
2972 880 3151 920 arcam
3184 867 3507 936 opportuni-

1921 971 2001 1015 tas
2031 960 2215 1031 exigit,
2249 952 2318 1014 de
2344 959 2764 1014 intromittendis
2798 959 3038 1015 vectibus
3088 959 3335 1029 portandi
3393 967 3508 1014 tar-

1918 1053 2057 1107 ditas
2090 1052 2234 1107 nulla
2261 1061 2585 1122 generetur;
2634 1053 2762 1122 quia
2798 1051 3050 1106 videlicet
3094 1067 3214 1106 cum
3264 1051 3508 1121 spiritale

1919 1147 2117 1216 aliquid
2150 1163 2180 1202 a
2211 1146 2439 1204 subditis
2482 1148 2670 1203 Pastor
2726 1149 3042 1219 inquiritur,
3096 1149 3512 1221 ignominiosum

1922 1242 2076 1296 valde
2105 1249 2190 1296 est
2214 1241 2259 1297 si
2295 1249 2420 1297 tunc
2446 1250 2652 1312 quierat
2702 1241 2914 1297 discere
2940 1282 2955 1306 ,
3005 1257 3126 1297 cum
3157 1241 3508 1312 quaestionem

1923 1338 2087 1392 debet
2115 1337 2378 1394 enodare.
2427 1337 2533 1393 Sed
2576 1337 2790 1393 circulis
2841 1344 3020 1392 vectes
3070 1335 3407 1400 inhzereant,
3456 1343 3516 1389 ut

1926 1429 2173 1484 doctores
2202 1444 2418 1497 semper
2449 1429 2503 1483 in
2538 1429 2650 1484 suis
2680 1428 2932 1483 cordibus
2962 1427 3174 1496 eloquia
3205 1440 3355 1481 sacra
3387 1439 3516 1479 me-

1924 1519 2190 1587 ditantes,
2227 1522 2533 1576 testamenti
2575 1536 2756 1576 arcam
2805 1522 2923 1576 sine
2971 1535 3117 1575 mora
3173 1522 3428 1590 elevent,
3470 1521 3518 1576 si

1926 1613 2179 1682 quidquid
2239 1627 2462 1669 necesse
2516 1618 2620 1678 est,
2681 1613 2923 1681 protinus
2946 1611 3160 1667 docent.
3195 1612 3347 1668 Unde
3378 1615 3517 1666 bene

1927 1705 2134 1774 primus
2163 1715 2347 1776 pastor
2373 1706 2628 1760 Ecclesiae
2660 1713 2904 1775 pastores
2931 1715 3158 1760 caeteros
3214 1705 3470 1759 admonet
3501 1745 3516 1768 ,

1929 1796 2112 1852 dicens
2146 1815 2158 1849 :
2196 1797 2372 1852 Parati
2401 1814 2598 1868 semper
2651 1799 2722 1850 ad
2775 1797 3181 1866 satisfactionem
3212 1797 3350 1849 omni
3380 1811 3514 1865 pos-

221 1882 485 1937 Vectibus
503 1881 702 1948 quippe
729 1893 906 1933 arcam
941 1889 1178 1949 portare,
1209 1886 1292 1933 est
1320 1877 1472 1931 bonis
1505 1875 1814 1932 doctoribus

1927 1889 2052 1941 renti
2097 1904 2184 1942 vos
2238 1891 2490 1943 rationem
2543 1891 2605 1943 de
2660 1905 2721 1944 ea
2769 1900 2791 1928 ο
2833 1905 2948 1958 quae
2995 1890 3050 1943 in
3104 1889 3241 1943 vobis
3301 1897 3371 1943 est
3429 1904 3520 1958 spe

219 1983 463 2030 sanctam
500 1973 800 2028 Ecclesiam
849 1972 919 2027 ad
970 1973 1131 2028 rudes
1184 1970 1213 2010 δ
1264 1969 1558 2026 infidelium
1611 1980 1820 2026 mentes

220 2068 570 2140 prmdicando
624 2068 910 2124 deducere.
965 2068 1066 2135 Qui
1113 2081 1244 2122 auro
1296 2082 1510 2137 quoque
1563 2065 1821 2135 jubentur

220 2162 452 2231 aperiri,
487 2168 548 2215 ut
580 2160 706 2214 dum
738 2175 988 2215 sermone
1035 2159 1158 2214 aliis
1196 2159 1446 2214 insonant
1474 2199 1489 2224 ,
1525 2157 1625 2226 ipsi
1657 2157 1821 2212 etiam

222 2255 352 2308 vita:
381 2252 676 2323 splendore
705 2251 1020 2320 fulgescant.
1055 2251 1130 2306 De
1160 2251 1354 2322 quibus
1383 2261 1505 2320 apte
1531 2249 1811 2305 subditur:

297 2424 324 2451 ι
352 2414 426 2468 Ita
456 2413 637 2480 Trec.,
674 2411 863 2481 Laud.,
895 2414 1135 2479 Gemet.,
1165 2422 1272 2469 etc.
1318 2413 1372 2466 In
1403 2409 1598 2478 Editis,
1643 2411 1819 2465 intro-

224 2484 418 2553 missis,
451 2497 640 2541 eontra
668 2497 838 2542 sacra:
868 2484 1163 2557 Scriptura:
1190 2498 1431 2542 sensum.

1924 1978 1979 2050 (Ι
2012 1978 2158 2035 Petr.
2195 1995 2276 2049 tu,
2311 1980 2423 2052 15).
2458 1983 2534 2036 Ac
2563 1983 2606 2036 si
2642 1989 2830 2050 aperte
2876 1981 3018 2036 dicat
3047 1996 3061 2033 :
3100 1981 3167 2036 Ut
3194 1981 3260 2036 ad
3289 1989 3518 2050 portan-

1925 2073 2048 2129 dam
2082 2089 2261 2129 arcam
2295 2075 2442 2129 nulla
2483 2090 2633 2131 mora
2681 2074 2995 2146 praepediat,
3034 2082 3215 2132 veCtes
3241 2089 3271 2129 a
3299 2072 3518 2129 circulis

1928 2181 2197 2237 nunquam
2226 2166 2504 2223 recedant.

2001 2410 2028 2447 ιι
2060 2409 2279 2465 Carnot.
2308 2409 2598 2475 secundus,
2621 2409 2870 2476 ﬁdelium.

2001 2493 2023 2519 ε
2059 2481 2238 2550 Trec.,
2268 2481 2473 2538 Theod.
2502 2491 2557 2536 et
2579 2480 2765 2549 Corb.,
2792 2495 2905 2550 qua
2930 2481 2986 2534 in
3014 2479 3153 2534 vobis
3184 2487 3254 2533 est
3282 2494 3414 2549 spes.

1235 2831 1263 2870 ³
1358 2813 1976 2924 ΤΕΒΤΙΑ
2047 2813 2498 2937 PARS.

287 3051 698 3124 QUALII‘ER
742 3051 1062 3115 RECTOR
1105 3054 1314 3115 BENE
1361 3053 1655 3115 VIVENS
1699 3051 2016 3112 DEBEAT
2065 3050 2380 3114 DOCERE
2423 3050 2527 3110 ET
2575 3048 3018 3112 ADMONERE
3064 3049 3469 3115 SUBDITOS.

537 3243 897 3350 PaoLocus
927 3291 1058 3365 [Αι.,
1091 3307 1208 3361 cap.
1238 3288 1490 3362 XXIII].

297 3428 439 3498 Quia
462 3429 623 3501 igitur
644 3429 822 3500 qualis
866 3443 987 3484 esse
1017 3428 1212 3482 debeat
1246 3436 1424 3496 pastor
1447 3426 1781 3482 ostendimus
1803 3468 1819 3495 ,

227 3541 374 3580 nunc
403 3526 632 3594 qualiter
671 3526 862 3581 doceat
916 3525 1367 3578 demonstremus.
1398 3521 1465 3576 Ut
1490 3523 1629 3575 enim
1661 3520 1822 3590 longe

227 3627 354 3672 ante
384 3634 484 3672 nos
523 3619 836 3672 reverendae
881 3619 1153 3672 memoriae
1187 3615 1475 3684 Gregorius
1520 3613 1546 3651 δ
1581 3614 1822 3668 Nazian-

134 3692 152 3708 ’
229 3724 399 3763 aeuus
430 3707 844 3776 edocuit(0rat.
883 3709 960 3777 1),
989 3723 1096 3762 non
1140 3721 1246 3761 una
1288 3706 1580 3777 eademque
1609 3707 1822 3760 cunctis

232 3800 536 3854 exhortatio
561 3800 852 3869 congruit,
892 3801 1016 3869 quia
1068 3813 1167 3854 nec
1212 3806 1442 3853 cunctos
1472 3813 1570 3868 par
1611 3813 1824 3854 morum

231 3892 466 3961 qualitas
500 3893 768 3962 astringit.
801 3892 955 3961 Saepe
985 3905 1216 3960 namque
1245 3891 1367 3946 aliis
1394 3891 1671 3955 officiunt,
1705 3907 1825 3961 qua:

230 3984 354 4037 aliis
385 3993 630 4052 prosunt.
665 3983 800 4050 Quia
841 3994 895 4039 et
949 3984 1266 4054 plerumque
1323 3983 1505 4039 herbae
1536 3999 1654 4054 quae
1711 3985 1827 4042 haec

230 4075 489 4129 animalia
540 4077 825 4141 nutriunt,
881 4075 980 4129 alia
1029 4075 1314 4142 occidunt;
1363 4084 1419 4129 et
1460 4074 1595 4129 lenis
1639 4075 1828 4132 sibilus

229 4170 668 4242 equostnitigat,
717 4170 923 4224 catulos
979 4171 1216 4238 instigat.
1275 4170 1341 4224 Et
1373 4170 1825 4226 medicamentum

231 4265 378 4336 quod
437 4265 580 4319 hunc
629 4266 875 4319 morbum
909 4263 1200 4329 imminuit,
1233 4263 1388 4318 alteri
1419 4263 1563 4318 vires
1609 4263 1822 4333 jungit;

231 4370 288 4415 et
320 4360 472 4428 panis
497 4359 585 4427 qui
609 4359 769 4413 vitam
794 4357 1005 4412 fortium
1030 4355 1622 4424 roborat,parvulorum
1649 4364 1826 4409 necat.

237 4453 346 4508 Pro
373 4453 640 4522 qualitate
668 4453 827 4522 igitur
849 4451 1180 4505 audientium
1211 4449 1430 4504 formari
1461 4448 1623 4503 debet
1650 4461 1830 4502 sermo

237 4547 548 4613 doctorum,
575 4554 636 4599 ut
661 4555 708 4598 et
733 4545 797 4598 ad
822 4559 916 4598 sua
943 4542 1166 4613 singulis
1197 4552 1477 4610 congruat,
1508 4549 1562 4594 et
1592 4553 1768 4594 tamen
1800 4555 1829 4594 a

238 4637 547 4694 communis
571 4635 944 4692 zediftcationis
972 4644 1088 4689 arte
1119 4649 1388 4704 nunquam
1421 4632 1662 4687 recedat.
1693 4632 1828 4698 Quid

239 4732 385 4788 enim
415 4740 542 4786 sunt
584 4732 804 4787 intenta:
861 4738 1069 4785 mentes
1122 4729 1449 4791 auditorum,
1509 4729 1609 4781 nisi
1652 4739 1711 4780 ut
1760 4728 1829 4781 ita

238 4827 493 4889 dixerim,
527 4824 772 4895 quzedam
800 4823 854 4876 in
885 4824 1087 4878 cithara
1119 4822 1389 4878 tensiones
1435 4829 1614 4876 stratae
1666 4821 1836 4874 chor-

241 4920 473 4973 darum?
502 4932 638 4988 quas
698 4918 948 4988 tangendi
997 4917 1212 4981 artifex,
1265 4927 1320 4970 ut
1361 4930 1466 4970 non
1513 4913 1832 4983 sibimetipsi

244 5011 514 5067 dissimile
545 5009 809 5065 Canticum
842 5009 1020 5078 faciat,
1057 4991 1386 5064 dissimiliter
1420 5008 1614 5079 pulsat.
1651 5008 1717 5061 Et
1749 5008 1838 5061 id-

242 5103 390 5157 circo
421 5101 642 5156 chordae
669 5115 963 5156 consonam
988 5102 1405 5156 modulationem
1425 5100 1679 5165 reddunt,
1711 5100 1835 5170 quia

245 5210 354 5248 uno
377 5193 594 5264 quidem
630 5194 857 5262 plectro,
880 5193 974 5247 sed
1007 5208 1114 5248 non
1143 5208 1249 5248 uno
1289 5192 1516 5262 impulsu
1552 5191 1834 5246 feriuntur.

246 5284 401 5338 Unde
430 5291 486 5339 et
513 5283 704 5338 doctor
734 5285 956 5352 quisque
982 5325 996 5349 ,
1045 5293 1102 5338 ut
1149 5285 1206 5339 in
1256 5300 1358 5338 una
1384 5292 1607 5339 cunctos
1639 5285 1835 5339 virtute

242 5377 529 5431 charitatis
557 5375 822 5443 aedificet,
850 5392 915 5432 ex
949 5391 1053 5432 una
1077 5376 1322 5432 doctrina
1348 5419 1364 5443 ,
1426 5393 1532 5432 non
1588 5392 1692 5432 una
1735 5393 1836 5432 ea-

246 5467 485 5538 demque
557 5455 935 5526 exbortatio'ne
1005 5479 1226 5542 tangere
1283 5470 1444 5527 corda
1505 5471 1834 5528 audientium

241 5558 432 5614 debet.

321 5769 347 5797 λ
380 5761 433 5816 ln
469 5761 653 5828 Trec.,
685 5759 848 5819 Corb.
893 5773 946 5819 et
985 5764 1124 5834 plur.
1161 5773 1267 5820 vet.
1313 5765 1474 5826 Mss.,
1514 5762 1599 5816 hic
1642 5763 1828 5816 titulus

244 5832 419 5916 abest,
451 5843 520 5916 et_
554 5849 674 5916 quae
717 5832 1009 5916 sequuntur
1046 5845 1214 5916 caput
1261 5836 1331 5916 ῆς
1381 5834 1829 5916 ευιηροςιιεηιςηιη

246 5903 472 5974 Langip.
508 5905 702 5973 legitur
730 5924 744 5961 :
780 5904 1008 5968 Exulieit
1039 5903 1165 5961 liber
1213 5908 1407 5975 primus
1434 5947 1449 5973 ,
1483 5905 1665 5969 incipit
1711 5903 1838 5958 liber

1846 3293 1893 3358 C

2243 3290 2484 3348 CAPUT
2525 3291 2790 3348 ramum
2824 3293 2934 3364 lAt.
2970 3292 3212 3362 XXIV].

1987 3409 2188 3476 Quanta
2219 3408 2365 3462 debet
2395 3424 2503 3464 esse
2532 3408 2798 3461 diversitas
2827 3406 2880 3459 in
2913 3413 3025 3460 arte
3056 3403 3458 3472 prwdicationis.

1999 3521 2173 3577 Aliter
2205 3535 2438 3592 namque
2467 3516 2791 3574 admonendi
2833 3525 2959 3573 sunt
2994 3518 3118 3583 viri,
3166 3525 3326 3586 atque
3358 3516 3516 3573 aliter

1927 3616 2167 3675 feminea.

2005 3710 2174 3766 Aliter
2201 3710 2450 3781 juvenes,
2482 3709 2640 3765 aliter
2666 3721 2845 3763 senes.

2001 3803 2179 3858 Aliter
2205 3802 2414 3872 inopes,
2447 3800 2606 3858 aliter
2628 3800 2943 3872 locupletes.

2004 3896 2177 3952 Aliter
2207 3895 2336 3961 laeti,
2361 3895 2520 3951 aliter
2545 3894 2743 3950 tristes.

2002 3990 2176 4045 Aliter
2196 3989 2421 4057 subditi,
2449 3988 2607 4043 aliter
2634 3988 2862 4057 praelati.

2007 4081 2182 4138 Aliter
2211 4081 2375 4146 servi,
2403 4081 2558 4136 aliter
2587 4079 2807 4134 domini.

2004 4175 2175 4228 Aliter
2205 4173 2364 4243 hujus
2396 4171 2579 4226 mundi
2612 4171 2911 4241 sapientes,
2947 4171 3104 4224 aliter
3137 4170 3373 4224 hebetes.

2006 4263 2179 4318 Aliter
2209 4261 2567 4332 impudentes,
2597 4262 2753 4317 aliter
2779 4263 3085 4317 verecundi.

2004 4357 2176 4412 Aliter
2203 4356 2461 4426 protervi,
2495 4356 2652 4410 aliter
2682 4354 3075 4440 pusillaqimes.

2009 4449 2179 4503 Aliter
2209 4449 2568 4517 impatientes,
2601 4448 2760 4502 aliter
2792 4447 3059 4517 patiente‘

2007 4541 2179 4596 Aliter
2208 4541 2476 4606 benevoli,
2509 4541 2664 4596 aliter
2691 4540 2879 4595 invidi.

2009 4633 2178 4688 Aliter
2203 4633 2495 4704 simplices,
2528 4633 2682 4689 aliter
2714 4633 2936 4703 impuri.

2010 4727 2179 4782 Aliter
2208 4727 2524 4793 incolumes,
2553 4728 2708 4782 aliter
2733 4728 2881 4797 aegri.

2012 4822 2180 4877 Aliter
2208 4821 2298 4892 qui
2327 4820 2533 4892 flagella
2559 4831 2820 4886 metuunt,
2855 4830 2907 4874 et
2938 4826 3216 4887 propterea
3253 4818 3521 4871 innocen-

1942 4924 2022 4970 ter
2052 4918 2156 4988 35
2190 4919 2408 4984 vivunt;
2437 4918 2594 4974 aliter
2630 4919 2722 4989 qtti
2773 4918 2850 4970 sic
2898 4915 2950 4969 itt
3000 4916 3279 4984 iniquitate
3314 4914 3517 4970 durue-

1945 5019 2092 5078 runt,
2124 5020 2183 5064 ut
2210 5025 2381 5080 neque
2411 5025 2507 5080 per
2534 5009 2742 5080 ﬂagella
2773 5008 3132 5078 corrigantur.

2018 5105 2191 5160 Aliter
2219 5105 2379 5159 nimis
2411 5104 2577 5170 taciti,
2613 5103 2773 5157 aliter
2800 5103 3142 5175 multiloquio
3172 5109 3442 5158 vacantes.

2018 5197 2182 5251 Aliter
2212 5197 2367 5268 pigri,
2401 5195 2560 5249 aliter
2586 5196 2906 5265 praecipites.

2018 5289 2185 5344 Aliter
2215 5287 2499 5354 mansueti,
2531 5288 2688 5343 aliter
2715 5289 2976 5346 iracundi.

2018 5378 2188 5435 Aliter
2222 5376 2470 5447 humiles,
2501 5378 2660 5435 aliter
2686 5381 2831 5435 elati.

2015 5474 2184 5528 Aliter
2215 5473 2536 5540 pertinaces,
2569 5475 2729 5529 aliter
2751 5475 3138 5530 inconstantes.

2020 5569 2188 5623 Aliter
2218 5568 2354 5639 gula:
2383 5567 2572 5636 dediti,
2605 5568 2762 5623 aliter
2788 5568 3145 5625 abstinentes.

1935 5765 2202 5819 secundus.
2235 5763 2364 5833 Cap.
2396 5763 2489 5819 20.

2013 5835 2037 5872 b
2071 5836 2224 5890 Trec.
2257 5832 2516 5900 etCorb.,
2546 5832 2916 5889 Nasansenus.
