4036 6346
502 5710 515 5727 ‘-

502 5962 523 5997 \

1736 316 1979 383 SANCTI
2020 322 2348 388 GREGORII
2387 328 2605 387 MAGNI

3742 344 3811 400 52

606 438 777 499 Aliter
800 446 893 514 qui
938 452 1033 498 sua
1073 440 1497 498 misericorditer
1544 442 1804 511 tribuunt,
1837 440 1996 500 aliter
2022 446 2113 516 qui
2145 440 2196 513 Α
2291 450 2426 524 [Αι.,
2459 449 2752 540 c.'XXV.]
2799 452 3115 524 (Admonitio
3146 452 3225 524 2.)
3268 452 3437 509 Aliter
3490 455 3810 519 admonendi

528 536 702 593 aliena
733 550 926 608 rapere
954 533 1307 592 contendunt.

603 630 919 701 Alitergequi
942 643 1045 687 nec
1072 629 1248 685 aliena
1274 632 1508 701 rapiunt,
1532 644 1631 687 nec
1660 636 1758 688 sua
1784 631 2117 704 largiuntur:

530 723 700 780 aliter
721 724 811 795 qui
843 731 897 779 et
924 737 986 779 ea
1006 738 1127 795 quae
1155 722 1355 781 habent
1380 724 1643 792 tribuunt,
1666 732 1722 782 et
1744 732 1920 784 tamen
1946 726 2119 787 aliena

531 830 721 889 rapere
742 832 850 874 non
876 817 1162 875 desistunt.

606 911 778 967 Aliter
806 909 1105 979 discordes,
1135 911 1296 970 aliter
1326 911 1524 983 pacati.

605 1000 774 1056 Aliter
798 1001 1129 1059 semina‘ntes
1145 1002 1341 1075 iurgia,
1373 1004 1528 1060 aliter
1557 1003 1796 1075 paciﬁci.

608 1094 781 1152 Aliter
808 1097 898 1167 qui
928 1111 1099 1153 sacra:
1126 1096 1260 1168 legis
1291 1097 1454 1154 verba
1483 1111 1588 1154 non
1616 1084 1922 1171 intelligunt
1948 1107 2120 1169 recte;

534 1187 693 1244 aliter
716 1190 805 1260 qui
847 1196 994 1246 recte
1037 1189 1253 1261 quidem
1303 1190 1629 1263 intelligunt,
1664 1193 1758 1250 sed
1790 1192 1903 1252 haec
1935 1194 2123 1253 humi-

532 1281 655 1340 liter
683 1298 788 1339 non
819 1283 1125 1356 loquuntur.

608 1378 786 1435 Aliter
814 1380 902 1451 qui
948 1386 1073 1436 cum
1115 1378 1279 1453 digne
1310 1378 1609 1450 praedicare
1636 1381 1870 1448 valeant,
1899 1382 2006 1453 pra:
2031 1382 2126 1439 ni-

533 1470 641 1525 mia
698 1471 1000 1528 humilitate
1049 1470 1374 1539 formidant;
1430 1474 1589 1531 aliter
1628 1480 1765 1546 quos
1794 1491 1822 1529 a
1857 1476 2125 1543 praedica-

532 1564 679 1620 tione
708 1563 1049 1635 imperfectio
1076 1565 1161 1623 vel
1188 1573 1321 1623 tetas
1347 1566 1618 1637 prohibet,
1649 1576 1704 1624 et
1751 1576 1928 1625 tamen
1977 1585 2125 1640 prte-

533 1656 770 1729 cipitatio
800 1657 1047 1729 impellit.

607 1756 783 1812 Aliter
804 1756 894 1827 qui
916 1757 969 1813 lu
995 1754 1101 1812 hoc
1123 1754 1264 1826 quod
1288 1755 1657 1825 temporaliter
1682 1760 1960 1829 appetunt,
1991 1773 2125 1827 pro-

537 1859 854 1920 sperantur;
880 1850 1037 1907 aliter
1059 1850 1150 1922 qui
1173 1862 1235 1906 ea
1258 1849 1472 1919 quidem
1494 1866 1613 1921 quae
1636 1848 1818 1908 mundi
1848 1863 2125 1910 suntcon—

535 1942 837 2013 cupiscunt,
862 1943 957 2000 sed
987 1952 1163 1999 tamen
1195 1942 1533 2000 adversitatis
1574 1943 1761 2001 labore
1785 1944 2090 2016 fatigantur.

608 2034 783 2092 Aliter
818 2034 1082 2107 coniugiis
1113 2033 1367 2106 obligati,
1400 2036 1556 2092 aliter
1580 2052 1609 2091 a
1638 2037 1871 2109 coniugii
1901 2037 2127 2095 nexibus

534 2129 706 2187 liberi.

608 2224 635 2263 ιι
664 2226 836 2283 Aliter
861 2224 1241 2283 admistionem
1270 2224 1447 2281 carnis
1491 2224 1706 2295 experti
1731 2266 1748 2294 ,
1776 2224 1933 2283 aliter
1962 2226 2124 2297 igno-

534 2329 739 2376 rantes.

608 2412 776 2469 Aliter
805 2412 897 2485 qui
944 2422 1163 2484 peccata
1212 2412 1497 2485 deplorant
1541 2427 1767 2485 operum
1795 2453 1811 2483 ,
1849 2414 2002 2471 aliter
2030 2416 2123 2487 qui

538 2507 939 2578 cogitationum.
1224 2560 1229 2563 .

605 2601 774 2656 Aliter
802 2600 895 2670 qui
921 2600 1209 2655 commissa
1259 2599 1536 2671 plangunt,
1584 2612 1683 2657 nec
1728 2607 1910 2657 tamen
1955 2600 2122 2657 dese-

539 2704 661 2749 runt
688 2710 702 2759 ;
735 2692 891 2749 aliter
917 2692 1005 2762 qui
1036 2691 1314 2759 deserunt,
1345 2708 1447 2748 nec
1477 2703 1657 2750 tamen
1687 2694 1966 2763 plangunt.

610 2784 783 2839 Aliter
809 2784 901 2853 qui
930 2784 1114 2840 illicita
1138 2800 1258 2853 qua.-
1285 2783 1509 2851 faciunt,
1538 2780 1701 2842 etiam
1734 2783 1993 2853 laudant;
2026 2786 2121 2841 ali-

543 2890 623 2933 ter
653 2878 743 2945 qui
767 2887 1021 2933 accusant
1050 2892 1235 2945 prava,
1269 2892 1371 2933 nec
1401 2888 1577 2933 tamen
1608 2878 1853 2935 devitant

611 2971 785 3027 Aliter
812 2975 902 3043 qui
942 2971 1223 3042 repentina
1272 2972 1707 3042 concupiscentia
1757 2980 2119 3041 superantur,

544 3076 705 3137 atque
731 3065 888 3122 aliter
917 3064 1005 3135 qui
1038 3066 1092 3120 in
1120 3064 1274 3134 culpa
1301 3079 1370 3121 ex
1404 3064 1624 3121 consilio
1655 3064 1904 3134 ligantur.

610 3159 779 3215 Aliter
809 3159 898 3230 qui
929 3158 1053 3215 licet
1083 3157 1301 3214 minima
1327 3198 1343 3227 ,
1373 3158 1567 3214 crebro
1598 3167 1775 3214 tamen
1806 3157 1991 3213 illicita
2034 3158 2125 3213 fa-

2222 546 2785 619 Suntiuvenes,atque
2817 548 2968 603 aliter
2990 563 3169 615 senes,
3202 547 3324 618 quia
3348 548 3470 605 illos
3499 550 3808 623 plerumque

2221 642 2479 697 severitas
2526 641 2910 698 admonitionis
2959 642 3025 697 ad
3080 642 3379 713 profectum
3426 643 3642 715 dirigit;
3679 648 3808 705 istos

2222 748 2352 790 vero
2378 734 2446 789 ad
2476 735 2699 791 meliora
2727 750 2892 805 opera
2924 736 3032 807 36
3059 734 3369 807 deprecatio
3412 737 3607 795 blanda
3657 756 3814 797 cont-

2222 826 2394 897 ponit.
2419 824 2693 893 Scriptum
2725 826 2927 899 quippe
2972 835 3056 884 est
3103 845 3118 880 :
3170 827 3439 884 Seniorem
3476 846 3539 885 ne
3568 831 3812 905 increpa-

2221 920 2355 976 veris
2379 963 2397 992 ,
2435 918 2526 977 sed
2553 920 2763 977 obsecra
2793 931 2850 975 ut
2881 931 3079 993 patrem
3110 919 3165 994 (I
3198 921 3333 977 Tim.
3366 938 3422 993 ν,
3452 922 3528 993 1).

2660 1060 2890 1119 CAPUT
2927 1060 2969 1116 ll
2997 1060 3108 1135 [Αι.
3132 1061 3232 1118 xx
3250 1060 3372 1135 γη.

2383 1176 2653 1246 Quomodo
2682 1176 2995 1233 admonendi
3033 1178 3135 1233 sint
3163 1178 3338 1249 inopes
3366 1186 3415 1233 et
3453 1179 3641 1237 divites.

2307 1290 2629 1363 (Admonitio
2656 1288 2739 1364 5.)
2766 1292 2935 1349 Aliter
2961 1292 3285 1349 admonendi
3313 1303 3437 1350 sunt
3462 1292 3655 1367 inopes
3678 1338 3696 1368 ,
3726 1309 3815 1357 at-

2227 1400 2333 1456 que
2371 1386 2528 1442 aliter
2571 1385 2903 1457 locupletes;
2933 1384 3043 1443 illis
3073 1402 3306 1458 namque
3334 1387 3531 1445 olferre
3560 1393 3815 1449 consola-

2228 1476 2390 1534 tionis
2447 1475 2699 1534 solatium
2771 1488 2960 1534 contra
3029 1469 3493 1550 tribulationemp
3529 1478 3647 1540 istis
3690 1500 3815 1542 vero

2228 1569 2430 1627 inferre
2480 1582 2683 1628 metum
2732 1581 2920 1628 contra
2977 1572 3262 1629 elationem
3329 1574 3611 1633 debemus.
3669 1577 3817 1651 lnopi

2228 1665 2425 1736 quippe
2447 1680 2477 1720 a
2500 1664 2728 1721 Domino
2750 1681 2847 1735 per
2868 1664 3187 1737 prophetam
3205 1664 3401 1722 dicitur
3426 1685 3439 1721 :
3467 1666 3595 1723 Noti
3617 1670 3813 1738 timere,

2234 1759 2355 1827 quia
2388 1777 2491 1814 non
2521 1760 2854 1831 confunderis
2897 1750 3055 1831 (Isai.
3091 1777 3176 1817 Liv
3202 1801 3218 1827 ,
3241 1760 3323 1831 4).
3370 1760 3467 1817 Cui
3508 1778 3615 1819 non
3661 1765 3819 1836 longe

2152 1832 2205 1906 Β
2232 1861 2353 1923 post
2376 1838 2679 1918 blandiens,
2702 1851 2832 1907 dicit
2859 1869 2873 1907 :
2906 1850 3235 1925 Paupercula
3263 1862 3556 1924 tempestate
3576 1832 3819 1911 conuulsa

2235 1943 2424 2018 (lbid.,
2464 1944 2575 2015 11).
2609 1946 2952 2017 Rursumque
3004 1949 3141 2002 hanc
3193 1946 3503 2004 consolatur
3537 1990 3554 2018 ,
3586 1949 3771 2006 dicens
3800 1968 3815 2007 :

2232 2037 2382 2113 Elegi
2414 2051 2460 2097 lc
2484 2042 2538 2095 in
2568 2042 2770 2096 camino
2794 2043 3110 2114 paupertatis
3142 2041 3191 2111 (1
3201 2044 3334 2112 bid.,
3384 2058 3565 2113 vant,
3599 2044 3716 2115 10).
3746 2045 3815 2101 At

2231 2144 2419 2191 contra
2450 2133 2648 2191 Paulus
2676 2133 2940 2204 discipulo
2971 2136 3038 2190 de
3066 2132 3321 2191 divitibus
3350 2136 3481 2193 dicit
3508 2155 3523 2192 :
3556 2135 3809 2193 Divitibus

2229 2229 2385 2300 hujus
2403 2228 2581 2282 siccati
2603 2228 2822 2299 prwcipe
2843 2243 2944 2284 non
2973 2230 3187 2300 superbe
3207 2244 3409 2297 sapere,
3424 2246 3585 2300 neque
3604 2246 3811 2301 sperare

2226 2322 2283 2377 in
2304 2322 2500 2376 incerto
2529 2320 2821 2377 divitiarum
2852 2338 3068 2377 suarum
3098 2319 3154 2392 (I
3175 2321 3310 2377 Tim.
3335 2335 3409 2391 Vl,
3437 2322 3550 2394 17).
3576 2322 3673 2380 Ubi
3706 2339 3811 2380 no-

2228 2414 2452 2470 tandum
2482 2412 2638 2469 valde
2665 2419 2780 2480 est,
2811 2413 2952 2484 quod
2993 2412 3312 2470 humilitatis
3361 2415 3553 2470 doctor
3595 2430 3810 2471 metuo-

2228 2506 2365 2560 riam
2396 2504 2619 2560 divitum
2652 2504 2859 2561 faciens
2891 2519 2995 2559 non
3027 2506 3123 2571 ait,
3159 2505 3307 2575 Roga
3335 2546 3349 2570 ,
3399 2505 3513 2561 sed'
3541 2504 3778 2577 Prwcipe
3804 2545 3820 2570 ,

2229 2598 2356 2668 quia
2400 2599 2501 2654 etsi
2548 2597 2907 2668 impendenda
2939 2604 3019 2654 est
3072 2599 3243 2669 pielas
3276 2598 3575 2654 inﬁrmitati
3601 2640 3616 2665 ,
3649 2597 3819 2655 honor

2230 2700 2411 2745 tamen
2462 2704 2571 2746 non
2617 2687 2845 2745 debetur
2897 2689 3141 2745 elationi.
3184 2688 3405 2745 Talibus
3444 2706 3573 2762 ergo
3616 2702 3821 2749 rectum

2230 2780 2376 2852 quod
2406 2778 2626 2845 dicitur,
2660 2790 2809 2835 tanto
2836 2782 3040 2837 rectius
3065 2780 3311 2851 iubetur,
3341 2791 3542 2852 quanto
3565 2793 3616 2837 et
3645 2783 3702 2837 in
3728 2799 3821 2840 re-

2231 2874 2329 2929 bus
2365 2873 2695 2929 transitoriis
2725 2872 3011 2929 altitudine
3050 2874 3391 2945 cogitationis
3436 2875 3819 2935 intumescunt.

2230 2969 2310 3027 De
2359 2971 2444 3027 his
2492 2972 2547 3027 in
2594 2971 2888 3043 Evangelio
2919 2971 3180 3027 Dominus
3208 2972 3338 3028 dicit
3369 2991 3381 3028 :
3420 2973 3512 3030 Vw
3538 2975 3676 3031 vobis
3698 2977 3819 3031 divi.

2232 3063 2390 3132 tibus,
2415 3063 2504 3133 qui
2527 3062 2724 3118 habetis
2746 3064 3148 3118 consolationem
3170 3075 3385 3119 vestram
3414 3067 3565 3137 (Luc.
3597 3085 3673 3135 v1,
3705 3070 3819 3141 24).

2229 3155 2364 3224 Quia
2395 3155 2538 3210 enim
2568 3170 2690 3224 qua:
2712 3164 2835 3209 sunt
2862 3164 3063 3210 interna
3080 3154 3271 3225 gaudia
3300 3158 3567 3222 nesciunt,
3586 3175 3653 3213 cx
3677 3176 3821 3229 prm-

540 3256 718 3321 eiunt;
747 3251 904 3308 aliter
926 3254 1016 3324 Qui
1046 3266 1106 3308 se
1133 3262 1163 3307 a
1196 3249 1373 3322 parvis
1395 3250 1726 3320 custodiunt,
1752 3250 1847 3308 sed
1872 3251 2126 3322 aliquan-
2151 3241 2200 3307 C
2232 3246 2400 3301 sentis
2446 3245 2571 3300 vitae
2600 3244 2929 3301 abundantia
2981 3246 3352 3303 consolantur.
3405 3248 3692 3305 Olferenda
3744 3262 3822 3307 est

542 3346 609 3401 do
644 3356 666 3386 ο
698 3346 751 3401 in
778 3345 1122 3421 gravioribus
1151 3342 1557 3415 demerguntur.

613 3439 784 3495 Aliter
804 3439 891 3509 qui
913 3438 1053 3496 bona
1083 3453 1186 3496 nec
1213 3437 1489 3502 inchoent.
1522 3438 1680 3496 aliter
1727 3439 1822 3511 qui
1873 3437 2124 3496 inchoata

542 3533 758 3588 minime
786 3542 1180 3587 consummant.

609 3608 781 3682 Aliter
824 3625 915 3694 qui
969 3625 1108 3680 mala
1156 3623 1365 3680 occulte
1390 3634 1576 3695 agunt,
1607 3633 1665 3680 et
1692 3624 1833 3681 bona
1864 3625 2123 3695 publice;

540 3720 697 3776 aliter
718 3720 807 3790 qui
832 3718 972 3775 bona
1002 3733 1120 3787 quae
1165 3717 1370 3775 faciunt
1407 3717 1789 3784 abscondunt,
1847 3720 1903 3776 et
1947 3727 2128 3777 tamen

541 3813 857 3885 quibusdam
906 3813 1058 3870 factis
1097 3813 1310 3884 publice
1357 3814 1497 3871 mala
1545 3813 1615 3871 de
1663 3828 1726 3871 se
1762 3813 1969 3885 opinari
1998 3831 2130 3887 per-

539 3909 778 3963 mittunt.

613 4000 640 4039 ιί
673 4000 778 4059 Sed
804 4000 932 4072 quid
966 4001 1209 4056 utilitatis
1233 4008 1337 4069 est,
1368 3999 1514 4071 quod
1536 4010 1733 4059 cuncta
1763 4002 1882 4061 haec
1904 4004 2127 4060 collecta

541 4096 914 4153 numeratione
964 4096 1385 4151 transcurrimus
1415 4136 1431 4164 ,
1462 4096 1509 4153 si
1539 4111 1649 4153 non
1678 4099 1845 4155 etiam
1874 4098 2130 4155 admoni-

539 4187 703 4243 tionis
730 4187 919 4245 modos
940 4203 1037 4260 per
1054 4187 1287 4258 singula,
1310 4196 1507 4259 quanta
1527 4204 1814 4261 possumus
1837 4190 2126 4260 brevitate,

538 4282 837 4354 pandamus
862 4294 908 4338 ο.

609 4376 746 4448 ML,
775 4393 822 4432 c.
854 4375 1071 4449 XXIV]
1100 4376 1420 4448 (Admonitio
1444 4375 1525 4446 1.)
1565 4374 1585 4415 ί
1628 4377 1801 4434 Aliter
1847 4377 2009 4449 igitur
2036 4380 2129 4434 ad-

540 4469 794 4525 monendi
836 4480 958 4525 sunt
1011 4470 1132 4537 viri,
1175 4478 1334 4540 atque
1381 4469 1539 4525 aliter
1588 4469 1802 4527 feminae
1830 4512 1844 4537 ,
1874 4472 1993 4542 quia
2026 4473 2129 4529 illis

543 4560 812 4630 graviora,
842 4561 959 4621 istis
985 4576 1115 4617 vero
1138 4561 1463 4632 iniungenda
1493 4568 1622 4618 sunt
1651 4563 1851 4618 leviora
1878 4604 1891 4629 ,
1929 4575 1983 4618 ut
2011 4563 2129 4621 illos

543 4666 739 4723 magna
784 4663 1112 4722 exerceant,
1163 4655 1299 4710 istas
1348 4663 1528 4711 autem
1575 4654 1717 4711 levia
1776 4657 2131 4714 demulcendo
2162 4624 2209 4689 Ι)

539 4756 877 4804 convertant.

610 4895 638 4925 ⁸
668 4888 853 4956 Corb.,
886 4892 973 4962 qui
1001 4892 1172 4966 aliena
1194 4898 1465 4965 appetunt.
1514 4891 1728 4966 Vulgati
1774 4894 1982 4952 habent
2021 4909 2129 4962 ap-

537 4967 735 5028 petunt,
771 4977 866 5028 pro
893 4964 1123 5029 rapiunt.

616 5030 641 5068 ¹³
672 5032 812 5108 Editi
838 5073 853 5097 ,
904 5036 1061 5108 aliter
1110 5047 1435 5102 peccatorum
1481 5036 1653 5091 carnis
1707 5040 1936 5108 conscii,
1979 5039 2130 5094 aliter

538 5102 733 5174 ignari.
768 5104 922 5168 Quod
954 5107 1137 5161 nullus
1159 5122 1225 5163 ex
1250 5108 1375 5163 Mss.
1401 5109 1601 5165 nostris
1622 5108 1862 5165 exhibet.

614 5185 637 5249 «ξ
670 5175 833 5249 ’l'rec.
859 5186 911 5231 et
940 5176 1126 5243 Corb.,
1159 5180 1211 5231 in
1242 5180 1501 5249 gravibus.

610 5245 635 5281 (³
669 5247 750 5302 Ab
785 5247 870 5318 his,
895 5248 1074 5304 verbis
1105 5245 1275 5318 usque
1303 5251 1368 5307 ad
1414 5252 1560 5314 haec,
1613 5253 1893 5307 admonitio
1917 5255 1964 5316 l.
1993 5252 2126 5307 nihil

536 5318 732 5388 legitur
764 5320 813 5373 in
842 5317 1006 5375 Corb.
1033 5317 1231 5394 prazter
1255 5325 1490 5391 capitum
1516 5323 1738 5394 hujusce
1766 5324 1934 5392 partis
1956 5325 2126 5381 tertia:

536 5400 592 5444 et
642 5400 848 5465 quarta:
892 5406 1013 5463 quae
1058 5392 1515 5465 admonitionibus
1562 5392 1955 5465 subiunguntur
1983 5411 2127 5451 sum-

537 5461 727 5532 tnaria.
782 5461 925 5516 Mox‘
956 5464 1198 5532 sequitur
1232 5483 1246 5519 :
1288 5464 1483 5532 Incipit
1526 5461 1964 5524 libet-secundus.
2016 5468 2124 5524 Hoc

537 5535 590 5606 in
624 5530 929 5606 CodLIiber
957 5530 1092 5606 Reg.
1125 5535 1271 5590 Past.
1306 5536 1357 5590 in
1390 5530 1525 5592 duos
1557 5545 1760 5592 tantum
1792 5539 1956 5595 libros
1986 5538 2124 5595 divi.

536 5603 705 5682 ditty.
740 5603 1065 5682 Eademﬂest'
1088 5607 1304 5682 partitio
1350 5609 1523 5682 trium
1555 5608 1773 5682 ⁸(ξιτηιεξι.
1819 5621 1875 5667 et
1902 5611 2124 5682 Longip.

542 5675 597 5759 In
629 5674 816 5746 Trec.,
849 5678 996 5733 nulla
1024 5674 1107 5734 est
1139 5678 1417 5734 distinctio
1444 5679 1524 5735 vel
1554 5679 1816 5738 libroruin
1864 5682 1949 5738 vel
2006 5674 2125 5753 par-

541 5757 695 5801 lllllll.

614 5828 638 5857 ε
666 5818 761 5895 llic
785 5821 839 5875 in
872 5821 1113 5893 Vulgatis
1157 5820 1416 5895 attexitur
1449 5838 1463 5875 :
1494 5820 1683 5895 Deliis
1708 5823 1869 5895 igitur
1895 5827 2129 5881 omnibus

536 5908 568 5945 α
594 5892 872 5965 principali
898 5903 1153 5951 sumentes
1179 5892 1470 5964 exordium,
1506 5894 1660 5951 latius
1710 5892 1772 5953 eo:
1818 5898 1995 5953 ordine
2040 5914 2128 5973 per

2231 3354 2357 3408 ergo
2387 3340 2466 3394 eis
2496 3337 2795 3393 consolatio
2826 3377 2843 3405 ,
2909 3354 3049 3409 quos
3075 3344 3318 3398 caminus
3351 3343 3682 3412 paupertatis
3722 3359 3825 3399 ex-

2231 3431 2445 3501 c0quit;
2474 3439 2637 3501 atque
2668 3430 2777 3487 illis
2805 3431 3122 3490 inferendus
3153 3443 3238 3491 est
3268 3434 3430 3491 timor
3457 3475 3473 3504 ,
3501 3451 3637 3505 quos
3682 3452 3825 3493 cou-

2231 3524 2427 3579 solatio
2478 3523 2665 3594 glorias
2709 3525 3023 3595 temporalis
3064 3527 3312 3594 extollit;
3345 3536 3399 3584 ut
3426 3536 3482 3583 et
3509 3528 3583 3583 illi
3613 3530 3824 3586 discant

2231 3621 2355 3690 quia
2384 3618 2606 3675 divitias
2636 3633 2770 3690 quas
2800 3628 2824 3668 ε
2856 3635 2965 3675 non
3015 3618 3359 3689 consnici'unt
3409 3623 3684 3692 possident
3712 3670 3725 3694 ,
3771 3633 3824 3681 et

2231 3713 2321 3769 isti
2348 3722 2681 3784 cognoscant
2702 3712 2826 3783 quia
2851 3728 2945 3767 eas
2965 3728 3097 3783 quas
3123 3714 3466 3784 conspiciunt
3488 3732 3824 3789 nequaquam

2233 3816 2419 3864 tenere
2448 3813 2695 3878 possunt.
2726 3805 3046 3876 Plerumque
3078 3815 3255 3862 tamen
3286 3823 3639 3877 personarum
3670 3793 3825 3867 ordi-

2233 3917 2355 3959 nem
2386 3911 2658 3972 permutat
2684 3901 2915 3972 qualitas
2938 3915 3171 3971 morum,
3206 3912 3263 3956 ut
3292 3903 3362 3957 sit
3387 3902 3537 3960 dives
3564 3904 3787 3961 humilis
3808 3945 3824 3971 ,

2233 3998 2303 4054 sit
2329 4012 2533 4068 pauper
2562 3998 2755 4053 elatus.
2788 3995 2943 4053 Unde
2962 4011 3085 4051 mox
3116 3996 3461 4066 praedicandis
3492 3996 3669 4069 lingua
3704 4016 3824 4055 cum

2233 4093 2501 4148 audientis
2531 4092 2693 4149 debet
2722 4093 2829 4148 vita
2855 4091 3106 4162 componi
3132 4120 3147 4159 ,
3191 4102 3248 4147 ut
3288 4100 3442 4148 tanto
3467 4091 3764 4152 districtius
3796 4094 3824 4133 ιλ

2235 4187 2289 4242 in
2320 4200 2555 4256 paupere
2577 4186 2866 4242 elationem
2896 4185 3073 4253 feriat,
3108 4184 3123 4222 ί
3157 4194 3359 4256 quanto
3387 4200 3506 4241 eam
3540 4202 3637 4241 nec
3664 4188 3812 4244 illata

2238 4289 2524 4352 paupertas
2556 4280 2806 4347 inclinat;
2837 4288 2892 4337 et
2922 4286 3073 4335 tanto
3099 4279 3270 4334 lenius
3321 4278 3678 4337 humilitatem
3723 4284 3815 4338 ili-—

2235 4376 2404 4432 vitum
2447 4375 2719 4442 mulceat,
2774 4384 2971 4447 quanto
3023 4389 3118 4430 eos
3170 4389 3270 4431 nee
3321 4374 3647 4432 abundantia
3707 4394 3826 4449 quae

2236 4471 2512 4538 sublevat,
2545 4472 2764 4526 exaltat.

2308 4565 2703 4636 Nonnunquam
2733 4572 2915 4619 tamen
2951 4562 3112 4620 etiam
3140 4563 3408 4633 superbus
3436 4564 3586 4621 dives
3616 4567 3827 4622 exhor-

2238 4659 2461 4715 tationis
2492 4658 2860 4715 blandintento
2886 4658 3181 4728 placandus
3208 4666 3309 4725 est,
3339 4658 3461 4729 quia
3493 4668 3548 4716 et
3578 4659 3827 4729 plerum-

2233 4767 2338 4821 que
2382 4753 2515 4810 dura
2546 4753 2767 4808 vulnera
2799 4765 2896 4822 per
2921 4750 3063 4805 lenia
3095 4750 3328 4807 fomenta
3378 4750 3735 4822 mollescunt,
3767 4763 3821 4810 et

2233 4896 2442 4965 singula
2480 4897 2811 4951 disseramus.
2836 4893 3215 4965 Assumentum
3248 4900 3338 4965 est
3364 4891 3420 4965 in
3452 4892 3581 4948 Mss.
3610 4893 3823 4964 Anglic.

2235 4975 2292 5023 et
2313 4962 2509 5023 nostris
2541 4966 2799 5031 ignotum.
2835 4964 3058 5019 Aliunde
3089 4978 3217 5018 vero
3244 4962 3433 5018 inutile
3454 4971 3540 5019 est
3571 4962 3823 5033 post—ista

2237 5038 2399 5094 verba
2432 5056 2444 5091 :
2481 5037 2586 5094 Sed
2609 5038 2733 5102 quid
2757 5036 3016 5097 utilitatis,
3052 5044 3182 5100 etc.,
3217 5048 3335 5105 quae
3381 5036 3435 5088 in
3481 5034 3737 5092 Trecensi
3775 5047 3827 5093 et

2236 5110 2308 5165 al.
2342 5120 2568 5171 excepto
2590 5108 2752 5165 Corb.
2779 5108 3051 5179 leguntur.

2312 5179 2332 5220 ί
2367 5180 2421 5239 in
2465 5180 2619 5237 Trcc.
2667 5190 2721 5233 et
2766 5176 2853 5233 aII
2881 5178 3009 5235 Mss.
3042 5193 3161 5249 cap.
3189 5176 3281 5249 24,
3313 5185 3370 5233 et
3408 5177 3485 5233 sic
3515 5177 3775 5248 deinceps
3808 5222 3824 5245 ,

2232 5253 2478 5324 singulas
2508 5252 2907 5308 admonitiones
2932 5266 3028 5322 pro
3052 5247 3276 5322 singulis
3306 5249 3571 5319 capitibus
3592 5247 3827 5321 compu-

2233 5328 2417 5381 tando.

2304 5407 2329 5445 s
2360 5399 2449 5455 Sic
2478 5396 2765 5471 legendum
2816 5410 2884 5471 ex
2920 5395 3052 5453 Mss.
3094 5394 3255 5450 'l'rec.
3283 5435 3297 5457 ,
3327 5390 3491 5448 Garri.
3522 5434 3538 5460 ,
3572 5393 3688 5449 Val.
3721 5394 3826 5460 (2L,

2231 5465 2579 5534 Theudorici,
2598 5468 2827 5530 Bellov.,
2845 5465 3078 5532 Gemet.,
3111 5475 3241 5527 etc..
3266 5479 3392 5531 non,
3420 5481 3545 5535 quas
3569 5482 3669 5519 non
3694 5482 3827 5519 con-

2234 5544 2524 5610 cupiscunt,
2546 5553 2699 5595 mest
2720 5553 2773 5596 in
2790 5538 2956 5596 Giloi.
2982 5546 3036 5610 et
3067 5537 3185 5610 aliis
3206 5546 3412 5610 poster.
3433 5535 3633 5610 _Editis.
3664 5537 3827 5591 Paulo

2237 5608 2376 5682 past,
2408 5614 2570 5670 iidem
2601 5613 2819 5681 Excusi,
2852 5609 3106 5668 omnibus
3131 5608 3257 5662 Mss.
3293 5608 3474 5662 invitis
3505 5649 3519 5674 ,
3553 5625 3680 5679 quas
3705 5626 3817 5661 con-

2231 5694 2523 5813 tulissem:
2554 5756 2841 5820 secundus,
2864 5756 2919 5809 in
2947 5752 3193 5826 pauperis
3218 5753 3493 5826 elationem
3523 5753 3731 5819 ferveat.

2308 5831 2325 5870 ί
2361 5832 2528 5887 Laud.
2557 5872 2571 5896 ,
2620 5839 2812 5901 quanto
2855 5824 2971 5882 eum
3014 5838 3187 5883 tumor
3210 5824 3445 5881 elationis
3471 5826 3715 5897 infestat,
3736 5836 3816 5878 nec

2234 5902 2382 5957 illata
2416 5911 2691 5977 paupertas
2713 5901 2951 5960 inclinat.
