4036 6346
243 330 311 385 ειὸ
1028 320 1335 377 ΚΒΜ]ιῶ
1375 320 1803 380 PASTORALIS

1932 320 2065 379 BER.
2106 349 2173 363 —
2213 321 2389 379 PARS
2428 322 2705 379 TERTIA.
3440 330 3513 385 54

244 446 393 503 furor
419 442 727 495 insanorum
758 451 904 508 saepe
932 436 999 491 ad
1025 438 1252 495 salutem
1277 436 1485 494 medico
1513 439 1819 495 blandiente
1844 441 1901 503 Α
1924 438 2080 503 ﬁunt,
2121 438 2217 494 sed
2245 438 2274 477 ι)
2321 439 2790 510 conspersionibus
2831 441 3087 495 existunt.
3138 440 3343 505 Quibus
3388 456 3513 512 pro.

243 538 557 603 reducitur;
591 546 822 605 cumque
851 531 931 589 eis
960 530 1016 585 in
1040 529 1326 587 dulcedine
1348 529 1821 599 condescenditur,

242 638 470 707 languor
511 630 738 688 insania:
776 628 1070 699 mitigatur.
1101 626 1287 696 Neque
1311 625 1458 683 enim
1489 626 1823 698 negligenter

244 728 567 788 intuendum
599 734 705 791 est,
736 722 891 795 quod
916 736 1036 777 cum
1065 720 1280 777 Sauiem
1310 719 1536 792 spiritus
1567 720 1824 776 adversus

241 823 541 889 invaderet,
571 816 909 889 apprehensa
942 814 1107 871 David
1137 815 1360 883 cithara,
1389 816 1508 887 ejus
1547 821 1823 873 vesaniam

238 916 461 974 sedabat
492 910 549 986 (1
578 910 708 981 Reg.
734 924 861 965 xvru
884 946 900 974 ,
944 908 1056 978 i0).
1102 907 1242 976 Quid
1270 908 1411 965 enim
1459 923 1555 979 per
1583 908 1823 975 Saulem,

239 1009 345 1065 nisi
375 1006 538 1061 elatio
568 1013 844 1074 potentum
870 1019 887 1069 ;
917 1008 974 1058 et
1000 1001 1129 1072 quid
1170 1016 1265 1070 per
1315 1000 1484 1057 David
1534 999 1777 1057 innuitur
1807 1040 1822 1069 ,

240 1101 342 1158 nisi
367 1098 585 1154 humilis
616 1097 725 1153 vita
754 1099 1103 1153 sanctorum?
1142 1091 1275 1150 Cum
1300 1110 1433 1166 ergo
1458 1093 1587 1151 Sani
1618 1093 1687 1148 ab
1714 1093 1826 1149 im-

239 1193 442 1251 mundo
475 1192 670 1262 spiritu
698 1190 953 1260 arripitur
976 1229 993 1257 ,
1024 1188 1189 1245 David
1215 1196 1463 1255 canente,
1507 1192 1624 1260 ejus
1656 1202 1826 1245 vesa-

240 1287 333 1343 nia
392 1292 765 1354 temperatur;
815 1282 941 1353 quia
987 1297 1110 1337 cum
1156 1296 1348 1338 sensus
1390 1290 1671 1351 potentum
1730 1294 1826 1350 per

238 1380 535 1437 elationem
565 1378 621 1431 in
661 1376 897 1432 furorem
945 1376 1170 1431 vertitur
1194 1414 1210 1443 ,
1252 1374 1472 1446 dignum
1528 1382 1613 1429 est
1650 1381 1707 1427 ut
1759 1370 1825 1426 ad

240 1476 473 1529 salutem
508 1471 705 1528 mentis
732 1471 883 1541 quasi
914 1469 1199 1525 dulcedine
1228 1468 1450 1525 citharas
1480 1511 1494 1535 ,
1538 1466 1825 1523 locutionis

240 1574 446 1621 nostra;
489 1562 874 1635 tranquillitate
919 1571 1221 1619 revocetur.
1277 1560 1582 1630 Aliquando
1644 1566 1823 1615 autem

240 1674 365 1716 cum
424 1659 581 1729 hujus
611 1660 793 1715 saeculi
845 1668 1091 1727 potentes
1148 1666 1459 1727 arguuntur,
1523 1657 1672 1727 prius
1731 1671 1825 1724 per

238 1750 498 1821 quasdam
541 1750 921 1806 similitudines
972 1751 1116 1806 velut
1150 1750 1255 1821 37
1286 1748 1355 1803 de
1398 1747 1578 1804 alieno
1607 1748 1823 1818 negotio

1927 531 2072 587 tecto
2097 532 2454 588 intimandum
2484 540 2568 589 est
2592 534 2734 605 quod
2756 533 3001 605 quaedam
3029 534 3155 589 vitia
3194 534 3512 604 quibusdam

1926 626 2399 696 oonspersionibus
2424 628 2572 698 juxta
2592 637 2738 685 sunt.
2766 628 2977 686 Habent
2997 629 3140 685 enim
3166 629 3277 686 laeti
3298 645 3363 686 ex
3381 645 3511 702 pro-

1928 718 2128 788 pinquo
2157 719 2441 788 luxuriam,
2472 720 2652 778 tristes
2679 722 2836 778 iram.
2871 721 3026 779 Unde
3053 735 3280 779 necesse
3322 732 3405 779 est
3454 734 3514 780 ut

1928 828 2035 869 non
2066 816 2237 871 solum
2266 816 2489 885 quisque
2516 814 2823 871 consideret
2862 814 3005 885 quod
3035 828 3101 872 ex
3128 816 3514 885 eonspersione

1927 912 2178 977 sustinet,
2206 910 2299 966 sed
2322 911 2480 965 etiam
2510 910 2653 980 quod
2673 926 2741 967 ex
2760 910 2937 966 vicino
2960 910 3197 967 deterius
3220 920 3510 980 perurget;

1926 1018 1997 1060 ne
2021 1003 2148 1059 dum
2178 1017 2511 1073 nequaquam
2542 1011 2741 1075 pugnat
2768 1012 2954 1060 contra
2983 1002 3086 1059 hoc
3130 1002 3510 1073 quodtolerat,

1927 1099 1977 1155 ei
1998 1111 2210 1170 quoque
2232 1112 2263 1151 a
2283 1113 2390 1167 quo
2417 1102 2475 1151 se
2496 1096 2721 1151 liberum
2748 1097 2995 1161 aestimat,
3021 1095 3153 1151 vitio
3178 1092 3510 1152 succumbat.

2309 1187 2534 1243 CAPUT
2572 1186 2636 1242 1v
2679 1186 2785 1260 [Αι.
2815 1184 3121 1260 XXVIII].

2145 1291 2410 1357 Quomodo
2435 1289 2743 1343 admouendi
2769 1288 2962 1342 subditi
2992 1295 3036 1342 et
3068 1285 3295 1359 praelati.

2000 1386 2318 1456 (Admouilio
2346 1385 2425 1456 5.)
2458 1386 2626 1440 Aliter
2662 1382 2987 1439 admOuendi
3012 1393 3137 1437 sunt
3178 1380 3400 1447 subditi,
3433 1390 3514 1435 at-

1928 1488 2033 1547 que
2059 1477 2215 1533 aliter
2257 1476 2489 1547 praelati.
2521 1476 2643 1531 Illos
2672 1489 2739 1531 ne
2771 1474 3034 1544 subjectio
3075 1481 3338 1540 conterat,
3380 1472 3515 1529 istos

1928 1586 1997 1625 ne
2023 1571 2170 1627 locus
2202 1570 2450 1637 superior
2488 1568 2735 1623 extollat.
2767 1567 2849 1623 illi
2874 1580 2941 1621 ne
2966 1565 3142 1620 minus
3170 1578 3292 1634 qua:
3318 1563 3515 1634 juben-

1928 1673 2016 1718 tur
2045 1660 2321 1731 impleant,
2345 1660 2433 1713 isti
2458 1673 2525 1713 ne
2565 1658 2681 1728 plus
2706 1658 2855 1728 justo
2896 1657 3119 1727 jubeant
3151 1665 3175 1694 °
3204 1669 3325 1726 quae
3368 1668 3515 1710 eom-

1928 1756 2193 1824 pieantur.
2225 1752 2305 1807 illi
2331 1762 2391 1807 ut
2420 1752 2691 1807 humiliter
2720 1752 3059 1821 subjaceant,
3100 1750 3193 1805 isti
3214 1759 3275 1805 ut
3311 1758 3515 1819 tempe-

238 1842 554 1915 requirendi
607 1851 854 1911 sunt;et
881 1857 1000 1898 cum
1056 1851 1259 1898 rectam
1309 1842 1629 1897 sententiam
1672 1842 1822 1911 quasi

1932 1858 2113 1904 ranter
2170 1847 2410 1916 prasini.
2467 1846 2599 1900 Nam
2648 1844 2790 1915 quod
2845 1843 3071 1915 intelligi
3126 1851 3181 1899 et
3226 1842 3518 1914 ﬁguraliter

238 1939 291 1994 in
322 1939 554 1992 alterum
579 1937 902 2007 protulerint
929 1979 945 2006 ,
971 1945 1097 1992 tunc
1118 1934 1290 1990 modis
1311 1935 1737 2005 congruentibus
1760 1934 1825 1989 de

238 2029 462 2100 proprio
491 2037 643 2084 reatu
671 2028 898 2084 feriendi
930 2038 1087 2095 sunt;
1118 2036 1175 2083 ut
1204 2036 1359 2083 mens
1392 2026 1677 2096 temporali
1718 2042 1825 2096 po-

238 2122 407 2175 tentia
466 2119 677 2176 tumida
717 2127 907 2175 contra
958 2118 1334 2188 corripientem
1386 2130 1721 2189 nequaquam
1765 2135 1826 2176 se

238 2216 407 2283 erigat
433 2255 449 2279 ,
478 2226 600 2285 qua:
642 2228 739 2269 suo
770 2213 869 2268 sibi
892 2211 1096 2283 judicio
1121 2209 1389 2282 superbiae
1416 2210 1679 2267 cervicem
1703 2213 1825 2268 cal-

235 2317 351 2372 cat;
384 2316 439 2363 et
470 2309 523 2363 in
570 2308 716 2363 nulla
754 2308 836 2362 sui
888 2306 1200 2361 detensione
1229 2320 1289 2361 se
1331 2314 1582 2361 exerceat
1608 2348 1622 2373 ,
1661 2318 1823 2375 quam

236 2400 507 2453 sontentia
537 2397 740 2468 proprii
774 2398 884 2452 oris
907 2398 1051 2467 ligat.
1082 2395 1214 2450 Hinc
1238 2403 1322 2450 est
1360 2396 1503 2451 enim
1535 2396 1679 2466 quod
1708 2396 1824 2451 Na-

236 2488 361 2544 tban
393 2489 659 2559 propheta
708 2502 937 2559 arguere
977 2501 1158 2557 regem
1204 2495 1445 2554 venerat,
1490 2496 1545 2543 et
1574 2488 1727 2557 quasi
1756 2490 1822 2543 de

232 2594 398 2636 causa
445 2581 701 2651 pauperis
746 2589 935 2637 contra
964 2578 1188 2635 divitem
1234 2578 1492 2650 judicium
1547 2580 1824 2651 quaerebat

234 2674 321 2745 (Il
354 2675 486 2746 Reg.
521 2691 613 2741 xu,
646 2674 699 2743 4,
731 2675 784 2744 5,
807 2674 979 2746 seq.);
1012 2681 1071 2729 ut
1093 2674 1239 2743 prius
1267 2686 1360 2729 rex
1387 2675 1707 2729 sententiam
1730 2674 1822 2729 di-

234 2775 406 2831 ceret,
456 2776 513 2821 ει
542 2774 748 2822 reatum
775 2781 931 2822 suum
962 2765 1303 2836 postmodum
1340 2765 1591 2836 audiret,
1624 2775 1823 2837 quate-

230 2873 336 2915 nus
362 2874 711 2930 nequaquam
754 2858 974 2932 justitiae
1027 2858 1424 2914 contradicere:
1450 2899 1464 2925 ,
1498 2874 1656 2928 quam
1706 2860 1821 2929 ipse

228 2952 283 3009 in
321 2966 385 3007 se
412 2953 744 3022 protulisset.
782 2950 876 3006 Vir
904 2954 1085 3022 itaque
1112 2960 1330 3007 sanctus
1374 2960 1432 3008 et
1479 2958 1817 3021 peccatorem

225 3046 591 3102 considerans
636 3056 689 3102 et
732 3062 934 3117 regem,
986 3048 1123 3101 miro
1160 3047 1351 3103 ordine
1377 3048 1636 3105 audacem
1668 3063 1818 3104 reum

227 3140 388 3211 prius
411 3154 513 3209 per
534 3138 924 3196 confessionem
948 3140 1112 3211 ligare
1142 3140 1361 3208 studuit,
1400 3147 1455 3196 et
1475 3142 1817 3211 postmodum

1928 1949 2124 2012 potest,
2168 1938 2271 1993 illis
2297 1938 2495 1993 dicitur
2528 1953 2542 1990 :
2577 1934 2727 2004 Filii,
2761 1934 2960 1990 obcdite
3003 1936 3297 2007 parentibus
3339 1937 3518 1992 castris

1927 2032 1982 2085 in
2008 2029 2270 2095 Domino;
2303 2030 2419 2087 istis
2461 2042 2592 2083 vero
2636 2026 2948 2098 prmeipitnr
2982 2044 2994 2081 :
3028 2025 3097 2080 Et
3126 2037 3316 2096 patres,
3361 2026 3519 2083 nolite

1928 2125 1996 2177 ad
2028 2124 2353 2178 iracundiam
2383 2137 2658 2191 provocare
2686 2122 2821 2189 ﬁlios
2846 2127 3036 2175 uestros
3060 2118 3282 2191 (Coloss.
3317 2134 3396 2187 iit,
3424 2120 3514 2186 20,

1938 2214 2052 2287 ii).
2090 2217 2168 2272 illi
2202 2217 2310 2287 33
2355 2217 2563 2271 discant
2585 2215 2855 2284 quomodo
2882 2224 3007 2270 ante
3032 2211 3061 2251 ά
3090 2214 3286 2269 occulti
3332 2214 3519 2273 arbitri

1927 2311 2110 2365 oculos
2143 2325 2237 2365 sua
2271 2310 2524 2366 interiora
2549 2320 2894 2379 componant,
2926 2310 3013 2364 isti
3042 2308 3313 2380 quomodo
3352 2309 3516 2366 etiam

1925 2403 2229 2459 commissis
2264 2403 2364 2460 sibi
2394 2403 2639 2475 exempla
2667 2403 2806 2460 bene
2844 2402 3060 2458 vivendi
3098 2402 3335 2458 exterius
3374 2406 3517 2472 pra:-

1926 2495 2107 2552 beant.

2002 2586 2154 2642 Scire
2176 2585 2372 2640 etenim
2404 2585 2603 2654 praelati
2632 2585 2831 2642 debent
2860 2586 2956 2656 (ιι,
2986 2602 3036 2653 q.
3064 2584 3118 2650 5,
3147 2602 3193 2639 c.
3227 2583 3517 2651 Praecipue,

1924 2694 1978 2748 p.
2017 2678 2146 2731 scire
2191 2674 2595 2748 prtclati),quia
2646 2676 2691 2731 si
2738 2688 2993 2746 perversa
3043 2691 3275 2747 unquam
3322 2690 3518 2746 perpe-

1924 2772 2090 2835 trant,
2124 2776 2149 2806 θ
2196 2776 2273 2824 tot
2319 2769 2585 2823 mortibus
2615 2767 2760 2839 digni
2791 2778 2936 2835 sunt,
2986 2775 3118 2838 quot
3165 2770 3231 2823 ad
3276 2768 3519 2824 subditos

1924 2876 2055 2917 suos
2086 2861 2405 2930 perditionis
2434 2862 2677 2931 exempla
2706 2865 3092 2917 transmittunt.
3126 2862 3277 2918 Unde
3298 2876 3519 2918 necesse

1925 2963 2009 3009 est
2048 2964 2106 3009 ut
2138 2962 2287 3008 tanto
2312 2968 2373 3009 se
2420 2953 2631 3009 cautius
2678 2968 2707 3007 a
2753 2954 2909 3024 culpa
2950 2953 3273 3017 custodiant,
3319 2964 3518 3024 quanto

1926 3061 2019 3117 per
2050 3061 2209 3116 prava
2239 3061 2357 3115 qua:
2400 3046 2618 3109 iaciunt,
2669 3061 2774 3101 non
2816 3047 2916 3103 soli
2968 3048 3268 3102 moriuntur
3320 3044 3388 3118 [ί
3424 3046 3518 3102 sed

1924 3139 2152 3193 aliorum
2182 3139 2504 3204 animarum,
2546 3151 2679 3208 quas
2710 3140 2885 3207 pravis
2937 3139 3198 3207 exemplis
3241 3138 3518 3193 destruxe-

230 3244 331 3301 per
382 3230 738 3288 invectionem
790 3245 995 3287 secare.
1047 3230 1254 3287 Celavit
1302 3231 1571 3302 paululum
1604 3242 1630 3270 ει
1664 3250 1822 3303 quem
1847 3234 1895 3297 C
1929 3239 2072 3295 runt,
2104 3231 2180 3285 rei
2206 3230 2375 3301 sunt].
2403 3230 2551 3286 Unde
2582 3231 2906 3286 admonendi
2951 3243 3074 3285 sunt
3104 3231 3201 3295 illi;
3228 3245 3297 3285 ne
3338 3230 3515 3284 distri-

230 3329 514 3399 quaesivit,
547 3330 643 3385 sed
668 3330 1175 3399 pereussitrepente
1194 3344 1353 3398 quem
1388 3330 1579 3385 tenuit.
1612 3331 1821 3399 Pigrius

229 3423 378 3477 enim
402 3419 639 3477 fortasse
670 3420 926 3475 incideret
954 3458 972 3488 ,
1001 3420 1048 3476 si
1078 3420 1145 3474 ab
1170 3421 1285 3490 ipso
1306 3420 1572 3476 sermonis
1600 3422 1822 3477 exordio

232 3522 417 3581 aperte
446 3514 662 3583 culpam
693 3512 852 3568 ferire
883 3513 1139 3570 voluisset
1166 3530 1180 3580 ;
1214 3512 1308 3567 sed
1344 3515 1618 3582 praemissa
1662 3516 1822 3569 simi-

234 3599 487 3666 litudine,
503 3614 626 3655 eam
640 3614 797 3670 quam
812 3600 1114 3656 occultabat
1135 3600 1349 3656 exacuit
1376 3600 1816 3669 increpationem.

235 3691 315 3746 Ad
341 3707 551 3762 aegrum
579 3692 814 3747 medicus
844 3700 1085 3759 venerat,
1116 3691 1405 3747 secandum
1441 3693 1633 3748 vulnus
1662 3694 1822 3749 vide-

235 3784 343 3852 bat,
377 3785 474 3840 sed
508 3784 576 3838 de
608 3784 861 3852 patientia
883 3784 1013 3853 aegri
1045 3782 1348 3839 dubitabat.
1383 3784 1681 3840 Abscondit
1710 3786 1820 3857 igi-

236 3883 319 3931 tur
340 3877 547 3931 l’errum
575 3875 894 3930 medicinale
916 3876 1016 3931 sub
1043 3884 1214 3940 veste,
1240 3875 1383 3943 quod
1415 3875 1669 3931 eductum
1720 3892 1824 3931 su-

234 3970 349 4026 bito
381 3969 500 4023 iixit
530 3969 581 4023 in
611 3968 832 4025 vulnere
856 4009 871 4035 ,
905 3978 963 4023 ut
1001 3976 1273 4024 secantem
1323 3968 1557 4040 gladium
1600 3971 1827 4027 sentiret

235 4075 384 4131 aeger
404 4052 687 4133 antequam
714 4070 978 4128 cerneret,
1011 4075 1079 4117 ne
1103 4062 1151 4116 si
1182 4070 1308 4117 ante
1331 4071 1599 4130 cerneret,
1622 4063 1825 4119 sentire

237 4164 533 4213 τεευεειιει.

641 4246 866 4304 CAPUT
904 4246 972 4301 ιιι
1012 4246 1117 4319 [AL
1159 4243 1434 4319 κλίνη]

524 4342 791 4409 Quomodo
816 4338 1125 4395 admonendi
1155 4337 1257 4393 laeti
1288 4348 1335 4391 et
1361 4339 1548 4394 tristes.

315 4439 636 4510 (Admonitio
665 4435 747 4508 4.)
778 4435 948 4493 Aliter
973 4433 1293 4491 admonendi
1322 4443 1447 4490 sunt
1494 4433 1623 4503 laeti,
1668 4444 1830 4507 atque

139 4591 143 4595 .
240 4536 395 4590 aliter
427 4536 633 4589 tristes.
664 4533 828 4587 beatis
876 4531 1126 4588 videlicet
1164 4529 1442 4586 inferenda
1488 4538 1612 4585 sunt
1658 4529 1828 4584 tristia

1929 3324 2069 3379 ctius
2098 3323 2384 3392 puniantur
2403 3324 2449 3376 si
2472 3322 2699 3377 absoluti
2721 3323 2943 3391 reperiri
2967 3322 3304 3391 nequiverint
3322 3324 3512 3379 saltem

1926 3417 1995 3471 de
2016 3431 2109 3480 se;
2145 3415 2230 3470 isti
2282 3431 2349 3469 ne
2396 3414 2465 3470 de
2502 3414 2838 3469 subditorum
2885 3415 3148 3471 erratibus
3190 3416 3519 3487 judicentur,

1927 3507 2143 3565 etiamsi
2188 3522 2245 3563 se
2271 3507 2380 3577 jam
2410 3508 2478 3563 de
2511 3522 2569 3563 se
2599 3518 2819 3563 securos
2848 3508 3146 3563 inveniunt.
3181 3508 3259 3563 illi
3290 3519 3344 3563 ut
3374 3515 3522 3565 tanto

1928 3601 2069 3655 circa
2094 3615 2153 3655 se
2181 3599 2462 3655 sollicitius
2485 3601 2687 3667 vivant,
2716 3608 2917 3670 quanto
2944 3613 3039 3655 eos
3066 3602 3237 3655 aliena
3261 3616 3385 3656 cura
3410 3617 3519 3657 non

1925 3692 2198 3760 implicat;
2223 3692 2309 3747 isti
2335 3705 2466 3747 vero
2490 3699 2545 3747 ut
2574 3693 2652 3747 sic
2674 3692 2901 3747 aliorum
2922 3702 3076 3747 curas
3092 3693 3358 3762 expleant,
3382 3709 3519 3764 qua-

1930 3798 2085 3844 tenus
2105 3794 2159 3844 et
2184 3804 2308 3845 suas
2333 3802 2493 3859 agere
2520 3800 2627 3845 non
2658 3789 2936 3854 desistant,
2973 3794 3026 3842 et
3075 3789 3153 3843 sic
3198 3789 3250 3843 in
3302 3789 3521 3859 propria

1929 3882 2288 3938 sollicitudine
2332 3882 2605 3950 ferveant,
2654 3890 2713 3937 ut
2762 3894 2792 3935 a
2834 3880 3246 3936 commissorum
3279 3880 3523 3936 custodia

1931 3976 2156 4032 minime
2180 3982 2504 4046 torpescunt.
2536 3975 2618 4031 illi
2646 3976 2788 4031 enim
2809 3974 3025 4031 sibimet
3053 3974 3261 4029 vacanti
3283 3973 3479 4029 dicitur
3506 3990 3521 4027 :

1936 4069 2086 4124 Vade
2111 4069 2179 4123 ad
2209 4071 2497 4141 formicam,
2533 4084 2563 4123 ο
2591 4069 2751 4142 piger,
2784 4079 2830 4124 et
2858 4066 3131 4122 considera
3176 4067 3286 4119 uias
3311 4067 3444 4137 ejus,
3474 4073 3524 4120 et

1931 4164 2071 4217 disce
2096 4162 2407 4230 sapientiam
2438 4159 2709 4232 (Prouerb.
2742 4176 2817 4227 vr,
2850 4160 2925 4230 ὓ).
2961 4159 3067 4214 lste
3095 4162 3273 4213 autem
3308 4157 3521 4212 terribi-

1931 4253 2053 4310 liter
2074 4253 2413 4320 admonetur,
2443 4266 2563 4308 cum
2593 4254 2789 4309 dicitur
2817 4270 2832 4309 :
2860 4250 2973 4305 Fili
3003 4251 3093 4320 mi,
3115 4252 3162 4306 si
3181 4250 3517 4322 spoponderis

1932 4352 2027 4414 pro
2054 4344 2216 4398 antica
2246 4338 2351 4409 tuo,
2378 4344 2599 4412 deﬁxisti
2629 4342 2769 4414 apud
2793 4344 3091 4397 extraneum
3116 4354 3327 4395 manum
3353 4350 3515 4406 tuam,

1934 4444 1981 4490 et
2006 4437 2311 4508 illaqueatus
2334 4453 2388 4493 es
2414 4437 2574 4492 verbis
2597 4438 2697 4491 oris
2726 4439 2821 4506 tui,
2856 4446 2903 4491 et
2942 4446 3124 4506 captus
3165 4437 3385 4507 propriis
3409 4448 3519 4489 ser-

1936 4532 2167 4587 monibus
2214 4531 2401 4607 (Ibid.,
2435 4532 2510 4600 i).
2542 4533 2815 4603 Spondere
2843 4547 3073 4603 namque
3100 4547 3196 4603 pro
3217 4532 3409 4597 amit-o,
3438 4542 3522 4585 est

240 4643 361 4698 quae
389 4636 693 4696 sequuntur
717 4641 785 4682 ex
805 4622 1096 4694 supplicio;
1131 4622 1371 4679 tristibus
1394 4637 1525 4678 vero
1552 4621 1827 4678 inferenda
1861 4609 1910 4671 Ι)
1938 4625 2168 4679 alienam
2200 4624 2430 4678 animam
2455 4624 2507 4678 iu
2536 4624 2774 4694 periculo
2794 4638 2905 4679 suae
2930 4622 3351 4678 conversationis
3380 4621 3521 4676 acci-

161 4768 169 4779 .
241 4731 371 4778 sunt
416 4721 536 4776 lteta
566 4735 688 4791 quas
720 4720 1100 4790 promittuntur
1127 4732 1194 4771 ex
1234 4730 1421 4786 regno.
1472 4715 1685 4770 Discant
1726 4716 1833 4771 laeti

172 4844 173 4847 η
241 4830 311 4870 ex
345 4815 618 4870 minarum
648 4811 940 4883 asperitate
987 4809 1129 4880 quod
1169 4810 1417 4874 timeant;
1469 4807 1686 4862 audiant
1734 4808 1824 4863 tri-

174 4888 177 4891 η
241 4920 352 4966 stes
382 4909 732 4982 praemiorum
769 4904 960 4977 gaudia
1002 4905 1068 4959 de
1093 4902 1285 4973 quibus
1332 4910 1674 4972 praesumant.
1726 4900 1835 4956 illis

242 5004 443 5073 quippe
475 5001 714 5057 dicitur:
755 4998 847 5055 Va:
874 4998 1010 5054 uobis
1051 4996 1139 5067 qui
1161 4995 1338 5049 ridetis
1384 5011 1542 5059 nunc,
1592 4995 1832 5066 quoniam

242 5098 429 5166 ﬂebitis
456 5095 615 5165 (Luc.
639 5110 725 5164 vr,
752 5095 886 5164 25);
920 5093 1006 5149 isti
1046 5106 1173 5147 vero
1215 5091 1404 5147 eodem
1450 5090 1703 5159 magistro
1739 5090 1833 5145 do-

242 5202 403 5247 cente
430 5190 655 5246 audiunt
685 5205 699 5243 :
734 5188 931 5243 lterum
962 5185 1135 5240 videbo
1160 5200 1266 5250 vos,
1297 5193 1342 5238 et
1371 5182 1609 5254 gaudebit
1638 5199 1725 5237 cor
1748 5200 1831 5238 ve-

242 5293 433 5348 strum,
464 5295 511 5338 et
537 5270 787 5356 gaudium
814 5291 1034 5336 vestrum
1059 5294 1205 5334 nemo
1238 5274 1377 5332 tollet
1406 5292 1439 5330 a
1477 5275 1615 5331 vobis
1655 5277 1831 5347 (Joan.

248 5393 366 5443 xvi,
396 5375 515 5449 22).
556 5366 803 5433 Nonnulli
836 5382 1012 5430 autem
1044 5366 1151 5429 laeti
1198 5370 1281 5427 vel
1311 5370 1494 5426 tristes
1524 5385 1630 5426 non
1672 5370 1833 5425 rebus

324 5506 349 5535 ἰ
382 5496 438 5551 in
467 5494 718 5573 Exeusis,
764 5492 899 5573 quod
940 5489 1189 5563 quwsivit.
1222 5487 1420 5544 Omnes
1467 5487 1592 5542 Mss.
1644 5487 1831 5554 nostri,

244 5584 421 5638 quem.
454 5575 661 5636 optimo
690 5579 873 5621 sensu.

319 5638 349 5678 δ
378 5639 483 5693 Per
506 5637 915 5705 conspersionem
935 5631 1227 5709 bregoﬁus
1250 5630 1499 5709 intelligit
1519 5628 1607 5686 hic
1627 5638 1681 5709 et
1706 5628 1836 5683 alibi

247 5710 511 5769 indolem,
539 5703 807 5769 naturam,
838 5706 1077 5772 corporis
1099 5715 1151 5759 et
1176 5703 1367 5757 animai
1396 5703 1833 5772 tetnperationem

247 5792 308 5836 et
338 5781 602 5843 habitum,
634 5786 691 5831 ut
719 5780 849 5832 satis
874 5769 1056 5845 liquet.
1083 5774 1215 5831 Vide
1243 5775 1399 5839 intra,
1428 5785 1547 5842 cap.
1577 5769 1667 5838 58,
1686 5770 1835 5841 juxta

249 5861 461 5919 recent.
497 5850 642 5907 Edit.
667 5847 723 5917 5,
752 5858 805 5903 et
828 5848 891 5903 6i
925 5851 976 5903 in
1005 5847 1133 5905 Mss.

1936 4728 2087 4786 pere.
2119 4714 2270 4771 Unde
2298 4724 2351 4770 et
2379 4714 2517 4784 apud
2545 4724 2856 4771 extraneum
2887 4724 3075 4769 manus
3102 4713 3367 4784 deligitur,
3394 4714 3516 4783 quia

1937 4807 2079 4874 apud
2110 4820 2292 4862 curam
2325 4806 2698 4862 sollicitudinis
2728 4822 2845 4877 quae
2874 4813 2996 4858 ante
3022 4804 3224 4869 deerat,
3261 4817 3411 4860 mens
3454 4804 3519 4859 ii-

1937 4912 2113 4972 gatur.
2142 4900 2330 4956 Verbis
2353 4914 2480 4956 vero
2504 4900 2613 4956 oris
2630 4902 2709 4956 sui
2727 4900 3042 4967 illaque-atus
3069 4906 3174 4965 est,
3202 4913 3263 4954 ac
3290 4900 3512 4969 propria:

1938 4992 2274 5050 sermonibus
2302 5004 2524 5063 captus;
2555 4994 2676 5062 quia
2703 4990 2827 5044 dum
2854 4990 3152 5045 commissis
3181 4991 3281 5045 sibi
3313 4982 3514 5053 cogitur

1937 5087 2074 5143 bona
2102 5087 2299 5155 dicere,
2333 5090 2501 5158 ipsum
2523 5088 2671 5157 prius
2696 5090 2915 5142 necesse
2941 5097 3021 5141 est
3047 5102 3165 5157 quae
3193 5080 3384 5139 dixerit
3412 5091 3508 5131 cu-

1937 5181 2159 5237 stodire.
2186 5182 2505 5252 illaqueatur
2526 5178 2682 5249 igitur
2703 5180 2878 5235 verbis
2900 5180 3007 5235 oris
3032 5182 3132 5243 sui,
3156 5175 3279 5229 dum
3308 5172 3514 5226 ratione

1938 5274 2181 5345 erigente
2208 5270 2605 5342 constringitur,
2660 5286 2726 5328 ne
2773 5272 2887 5344 ejus
2919 5274 3023 5326 vita
3059 5267 3126 5321 ad
3165 5263 3307 5320 aliud
3354 5277 3512 5331 quam

1942 5370 2190 5423 admonet
2220 5366 2507 5421 relaxetur.
2552 5364 2707 5423 Unde
2752 5366 2891 5438 apud
2933 5360 3234 5417 districtum
3281 5354 3515 5428 judicem

2019 5496 2041 5522 ο
2070 5484 2236 5539 Laud.
2265 5492 2318 5537 et
2336 5480 2523 5551 Corb.,
2548 5500 2699 5552 quam
2725 5478 3086 5552 compleantur.

2013 5553 2038 5594 δ
2067 5554 2234 5610 Laud.
2257 5560 2311 5609 et
2343 5552 2520 5620 Trec.,
2554 5551 2737 5607 occulti
2764 5551 2988 5603 arbitris.

2018 5637 2040 5664 θ
2068 5626 2281 5681 Gemet.
2306 5640 2368 5680 ac
2395 5626 2556 5695 plur.,
2590 5632 2663 5695 tot
2693 5622 2974 5695 tormentis.

2019 5694 2037 5733 ί
2072 5697 2262 5751 Carent
2291 5684 2743 5765 hac-parenthesi
2776 5690 3175 5765 Trec.,_Corb.,
3206 5685 3377 5745 Laud.
3426 5684 3519 5745 Bst

1942 5767 1995 5824 in
2024 5760 2479 5824 Gemeticensibus
2502 5775 2557 5823 et
2586 5764 2637 5818 in
2667 5762 2839 5831 primo
2871 5760 3005 5817 And.
