4036 6346
534 337 602 392 55
1738 334 1981 393 SANCTI
2019 332 2353 394 GREGODII
2390 328 2602 394 MAGNI
3006 332 3013 339 ’
3756 348 3820 405 ea

535 453 745 525 cogitur
769 458 917 507 tanta
940 451 995 506 in
1018 464 1183 519 opere
1207 451 1511 516 exsolvere,
1542 458 1735 520 quanta
1765 464 1886 503 eum
1908 456 2120 505 constat
2148 454 2198 515 Α
2225 467 2389 522 opera
2419 454 2599 508 miseri
2638 453 2820 509 odoris
2846 456 3158 521 extendere.
3190 465 3245 512 et
3289 458 3523 541 cogitata
3576 459 3716 528 apud
3763 477 3821 519 se

534 546 650 602 aliis
680 559 812 600 voce
855 544 1195 612 praecepisse.
1232 542 1330 598 Ubi
1368 551 1423 597 et
1466 542 1603 598 bene
1647 556 1768 596 mox
1820 541 2124 596 exhortatio

534 637 799 704 subditur,
833 646 892 690 ut
920 636 1131 690 dicatur
1162 654 1174 687 :
1219 633 1330 687 Fac
1372 651 1494 707 ergo
1522 635 1657 704 quod
1686 636 1821 698 dico,
1854 634 1931 701 ﬁli
1962 636 2053 699 mi,
2076 642 2123 688 et

534 733 851 803 tentetipsum
872 731 1050 797 libera,
1082 732 1199 799 quia
1230 728 1457 783 incidisti
1478 730 1531 782 in
1552 743 1732 781 manus
1753 728 1973 797 proximi
2004 729 2081 781 tui
2104 744 2124 784 :

532 826 785 892 discurre,
838 825 1056 895 festina,
1106 824 1295 878 suscita
1336 823 1555 875 amicum
1594 830 1780 885 tuum;
1820 839 1883 876 ne
1925 822 2126 877 dederis

534 933 774 973 somnum
794 916 958 971 oculis
980 917 1102 981 tuis,
1132 932 1224 969 nec
1250 916 1521 969 dormilent
1538 914 1796 983 palpebrtz
1818 924 1919 970 tua:
1940 914 2121 985 (Prov.

538 1026 614 1077 vt,
655 1012 735 1081 5).
777 1009 1030 1079 Quisquis
1069 1008 1210 1064 enim
1243 1006 1310 1061 ad
1338 1006 1622 1061 vivendum
1653 1007 1773 1062 aliis
1800 1008 1851 1062 in
1878 1008 2125 1076 exemplo

538 1103 890 1172 praeponitur,
922 1117 1029 1156 non
1072 1101 1243 1156 solum
1283 1109 1341 1154 ut
1370 1100 1485 1169 ipse
1512 1100 1711 1170 vigilet.
1744 1102 1838 1155 sed
1883 1101 2043 1156 etiam
2066 1110 2129 1157 ut

539 1195 770 1251 amicum
796 1196 1018 1250 suscitet
1034 1192 1372 1249 admonetur.
1401 1192 1463 1248 Ei
1492 1208 1722 1261 namque
1749 1194 1968 1263 vigilare
1992 1196 2127 1251 bene

537 1286 768 1342 vivendo
796 1301 901 1340 non
941 1284 1161 1351 sufficit,
1190 1285 1235 1339 si
1265 1298 1369 1340 non
1400 1292 1457 1339 et
1508 1284 1657 1339 illum
1698 1288 1780 1339 cui
1830 1296 2043 1352 praceSt,
2095 1301 2124 1339 a

532 1378 740 1450 peccati
791 1388 1006 1446 torpore
1036 1378 1312 1448 disjungit.
1366 1376 1510 1432 Bene
1537 1386 1713 1432 autem
1764 1377 1959 1431 dicitur
1993 1396 2004 1430 :
2043 1376 2128 1431 Ne

534 1472 733 1527 dederis
757 1487 992 1526 somnum
1021 1471 1182 1524 oculis
1231 1470 1348 1537 tuis,
1398 1486 1490 1524 nec
1539 1469 1815 1523 dormitent
1870 1469 2128 1537 palpebra

533 1573 635 1618 tua:
658 1562 847 1634 (Ibid.,
874 1562 953 1631 4).
976 1561 1237 1618 Somnum
1260 1563 1454 1632 quippe
1477 1562 1646 1617 oculis
1670 1561 1821 1626 dare,
1847 1569 1930 1615 est
1952 1561 2127 1617 inten-

531 1659 678 1713 tione
706 1664 973 1721 cessante.
1004 1657 1341 1712 subditorum
1372 1671 1554 1713 curam
1577 1659 1797 1711 omnino
1822 1658 2120 1729 negligere.

532 1736 808 1819 Palpebrae
828 1764 958 1805 vero
981 1750 1292 1815 dormitant,
1320 1764 1442 1806 cum
1468 1750 1819 1820 cogitationes
1843 1761 2039 1807 nostra:
2062 1768 2123 1809 ea

2229 547 2387 601 noxia
2454 546 2603 600 iactis
2661 549 3015 602 exterioribus
3079 552 3425 619 exsequendo
3493 562 3816 611 monstrare.

2226 638 2395 704 Quem
2437 647 2609 692 tamen
2640 638 2803 693 David
2836 642 2992 695 ferire
3023 644 3233 703 metuit,
3261 642 3383 711 quin
3435 645 3533 711 pia:
3579 646 3821 700 subdito-

2228 746 2345 785 rum
2376 741 2585 787 mentes
2615 732 2682 785 ab
2712 734 2859 788 omni
2904 748 2963 788 se
3012 746 3159 803 peste
3208 736 3615 793 obtrectationis
3663 740 3823 795 absti-

2229 835 2443 889 nentes,
2476 826 2879 894 prtepositorum
2915 828 3075 881 vitam
3108 828 3252 883 nullo
3280 830 3472 900 lingua:
3499 833 3679 900 gladio
3706 849 3823 903 per-

2227 916 2457 981 cutiunt,
2505 917 2664 970 etiam
2692 932 2813 971 cum
2844 920 2910 973 de
2957 920 3359 989 itnpcrfectione
3407 927 3819 992 reprehendunt.

2230 1008 2328 1074 Qui
2361 1008 2462 1063 etsi
2504 1010 2718 1078 quando
2748 1026 2843 1079 pro
2895 1011 3203 1067 infirmitate
3248 1030 3368 1069 sese
3415 1018 3685 1073 abSIinere
3735 1022 3821 1076 vix

2229 1110 2472 1170 possunt,
2499 1109 2525 1139 ἰ
2557 1112 2617 1155 ιιι
2642 1112 2882 1157 extrema
2914 1105 3154 1171 quaedam
3194 1118 3354 1176 atque
3382 1112 3645 1165 exteriora
3690 1130 3821 1181 ιιι-ςυ-

2230 1194 2521 1262 positorum
2569 1194 2706 1250 mala
2736 1235 2752 1261 ,
2805 1195 2899 1250 sed
2954 1207 3129 1252 tamen
3180 1199 3452 1256 humiliter
3504 1204 3818 1274 loquantur,

2229 1285 2380 1351 quasi
2405 1300 2554 1340 oram
2576 1286 2855 1341 chlamidis
2881 1289 3101 1343 silenter
3126 1290 3403 1358 incidunt;
3427 1295 3549 1363 quia
3572 1298 3820 1355 vvdelicet

2228 1375 2356 1430 dum
2386 1377 2623 1445 praelatae
2652 1378 2895 1447 dignitati
2922 1379 3109 1435 saltem
3143 1382 3360 1438 innoxie
3390 1394 3443 1439 et
3474 1386 3701 1442 latenter
3724 1389 3821 1443 de-

2232 1476 2458 1536 rogant,
2510 1469 2658 1537 quasi
2708 1471 2846 1539 regis
2894 1473 3212 1540 superpositi
3254 1472 3280 1511 ιι
3332 1484 3533 1530 vestem
3597 1477 3819 1546 fmdaut,

2229 1560 2321 1614 scil
2352 1568 2527 1614 tamen
2557 1560 2622 1614 ad
2654 1562 2970 1629 semetipsos
3001 1562 3229 1618 redeunt
3258 1580 3422 1634 seque
3462 1568 3819 1623 vehementis-

2230 1650 2367 1706 sime
2402 1651 2487 1705 vel
2524 1649 2592 1705 de
2623 1649 2930 1706 tenuissima
2977 1652 3123 1706 verbi
3163 1654 3485 1710 laceratione
3527 1658 3818 1725 reprehen-

2229 1743 2384 1798 dunt.
2417 1742 2567 1797 Unde
2598 1744 2733 1798 bene
2763 1754 2815 1798 et
2843 1744 2950 1799 illic
2978 1748 3229 1815 scriptum
3259 1757 3341 1801 est
3372 1766 3384 1799 ε
3419 1745 3545 1802 Post
3571 1748 3680 1803 [nec
3710 1748 3819 1803 Da~

531 1858 652 1913 qua:
680 1842 733 1899 in
764 1843 994 1899 subditis
1020 1845 1291 1913 arguenda
1341 1853 1690 1913 cognoscunt,
1721 1844 2000 1914 pigredine
2028 1844 2125 1900 de-

2238 1834 2311 1889 rid
2363 1834 2611 1903 percussit
2664 1850 2753 1888 cor
2800 1852 2947 1888 suum
2973 1880 2985 1903 ,
3038 1853 3095 1890 eo
3151 1839 3286 1904 quod
3337 1839 3631 1894 abscidisset
3678 1858 3821 1897 oram

532 1936 794 2003 primente
822 1935 1182 1991 dissimulant.
1214 1935 1380 1989 Plene
1406 1934 1551 1989 enim
1579 1935 1833 1997 dormire,
1865 1945 1951 1989 est
1974 1950 2124 1990 com-

533 2026 815 2080 missorum
844 2034 964 2081 acta
994 2040 1093 2081 nec
1120 2026 1282 2092 scire,
1318 2041 1417 2081 nec
1443 2025 1737 2095 corrigere.
1784 2025 1898 2080 Non
1945 2036 2126 2082 autem

532 2113 783 2183 dormire,
816 2116 910 2172 sed
938 2116 1235 2173 dormitare
1280 2126 1393 2184 est,
1422 2132 1541 2187 qua:
1567 2118 1782 2186 quidem
1832 2118 2129 2187 reprehen-

531 2210 704 2263 denda
723 2218 848 2265 sunt
876 2225 1223 2281 cognoscere,
1251 2211 1345 2267 sed
1364 2221 1541 2266 tamen
1573 2219 1789 2281 pr0pter
1811 2212 2005 2267 mentis
2031 2222 2128 2267 tte-

532 2305 675 2359 dium
695 2307 869 2376 dignis
888 2322 950 2362 ea
976 2306 1429 2377 increpationibus
1453 2324 1557 2362 non
1588 2310 1898 2364 emendare.
1920 2309 2129 2365 Dormi-

534 2399 695 2455 tando
742 2415 874 2456 vero
919 2401 1108 2457 oculus
1132 2402 1197 2457 ad
1224 2402 1590 2472 plenissimum
1618 2415 1863 2455 somnum
1894 2401 2125 2468 ducitur,

535 2492 654 2561 quia
677 2492 804 2547 dum
826 2493 1141 2561 plerumque
1161 2495 1249 2565 qui
1267 2501 1462 2563 prmest
1481 2492 1678 2547 malum
1697 2493 1839 2563 quod
1855 2496 2129 2565 cognoscit

535 2598 637 2638 non
659 2594 884 2651 resecat,
910 2586 975 2640 ad
994 2588 1094 2641 hoc
1109 2586 1430 2656 quandoque
1444 2585 1781 2655 negligentia:
1796 2602 1908 2640 suae
1930 2586 2127 2643 merito

536 2677 803 2745 pervenit,
820 2686 876 2732 ut
890 2678 1032 2747 quod
1051 2693 1078 2732 a
1095 2677 1351 2748 subjectis
1366 2676 1713 2748 delinquitur,
1731 2692 1831 2733 nec
1850 2687 2125 2746 agnoscat.

602 2768 937 2825 Admouendi
970 2779 1094 2826 sunt
1142 2771 1322 2840 itaque
1365 2770 1451 2838 qui
1495 2778 1750 2837 prmsunt,
1785 2779 1843 2821 ut
1887 2783 1981 2837 per
2021 2769 2128 2840 39

536 2860 1033 2931 circumspectionis
1061 2862 1292 2917 studium
1324 2861 1509 2917 oculos
1548 2860 1832 2931 pervigiles
1883 2860 2027 2913 intus
2075 2868 2130 2914 et

536 2952 587 3007 ln
649 2954 872 3009 circuitu
923 2954 1184 3022 habeant,
1233 2961 1288 3008 et
1342 2954 1464 3007 caeli
1520 2953 1768 3008 animalia
1828 2952 1945 3007 fieri
1998 2968 2128 3007 con-

540 3046 785 3099 tendant.
844 3043 1283 3113 (Ezech.l,18).
1331 3043 1554 3099 Ostensa
1607 3045 1802 3113 quippe
1844 3043 1967 3098 caeli
2012 3044 2131 3097 ani-

541 3139 699 3192 malia
731 3138 784 3193 in
829 3138 1052 3194 circuitu
1092 3147 1149 3195 et
1183 3138 1326 3193 intus
1377 3138 1542 3192 oculis
1600 3138 1754 3206 plena
1814 3136 2127 3193 describun-

537 3239 620 3285 tur
686 3231 878 3303 (Apoc.
928 3249 1023 3299 ιν,
1069 3233 1145 3302 6).
1190 3232 1415 3302 Dignum
1475 3230 1671 3302 quippe
1715 3240 1797 3286 est
1844 3241 1900 3285 ut
1952 3231 2128 3287 cuncti
2160 3236 2206 3299 C

536 3321 623 3392 qui
655 3331 894 3391 pratsunt
920 3322 1066 3377 intus
1094 3332 1253 3393 atque
1279 3324 1330 3377 in
1375 3322 1600 3378 circuitu
1646 3322 1832 3377 oculos
1876 3322 2127 3390 habeant,

537 3423 796 3481 quatenus
826 3422 879 3468 et
906 3414 1114 3469 interno
1147 3413 1315 3484 judici
1346 3414 1398 3469 in
1429 3414 1739 3484 semetipsis
1769 3414 1980 3482 placere
2010 3422 2126 3468 stu-

539 3502 721 3572 deant,
751 3511 807 3559 et
833 3506 1079 3574 exempla
1108 3506 1231 3559 vita:
1259 3505 1495 3561 exterius
1525 3506 1845 3575 praebentes,
1874 3519 1938 3560 ea
1967 3504 2130 3560 etiam

541 3608 661 3662 qua:
690 3592 744 3648 in
773 3594 893 3648 aliis
923 3602 1049 3649 sunt
1076 3595 1390 3664 corrigenda
1420 3595 1847 3664 deprehendant.

614 3682 953 3737 Admonendi
984 3692 1108 3738 sunt
1138 3684 1360 3752 subditi,
1387 3700 1455 3739 ne
1481 3686 1889 3754 prapositorum
1914 3700 2133 3743 suorum

542 3772 706 3830 vitam
734 3784 937 3831 temere
966 3775 1226 3845 judicent,
1257 3777 1303 3831 si
1332 3777 1459 3848 quid
1485 3792 1579 3832 eos
1606 3778 1836 3832 fortasse
1866 3794 2023 3848 agere
2051 3794 2135 3833 re-

546 3867 983 3938 prehensibiliter
998 3869 1202 3935 vident;
1219 3884 1283 3924 ue
1301 3868 1441 3924 unde
1462 3869 1602 3924 mala
1625 3878 1769 3923 recte
1785 3870 2131 3940 redarguunt,

544 3959 672 4015 inde
704 3975 802 4030 per
831 3960 1078 4016 elationis
1109 3962 1393 4032 impulsum
1416 3962 1469 4018 in
1499 3962 1844 4032 profundiora
1888 3978 2133 4033 mergan-

551 4060 656 4106 tur.
706 4052 1040 4109 Admonendi
1068 4062 1214 4118 sunt,
1246 4068 1315 4108 ne
1362 4068 1484 4109 cum
1511 4054 1697 4123 culpas
1725 4054 2133 4123 praepositorum

548 4144 913 4211 considerant,
962 4156 1149 4202 contra
1178 4161 1272 4201 eos
1302 4146 1615 4202 audaciores
1644 4148 1792 4214 fiant,
1824 4147 1918 4203 sed
1964 4150 2042 4203 sic
2090 4150 2136 4203 si

548 4251 652 4307 qua
684 4238 838 4294 valde
860 4249 984 4294 sunt
1005 4255 1187 4295 eorum
1216 4255 1397 4310 prava,
1428 4240 1566 4310 apud
1595 4242 1912 4310 semetipsos
1943 4242 2137 4311 dijudi-

550 4341 693 4399 cent,
723 4342 783 4388 ut
812 4343 988 4388 tamen
1015 4334 1199 4389 divino
1243 4336 1434 4390 timore
1460 4336 1731 4391 constricti
1762 4334 1906 4391 ferre
1935 4335 2035 4391 sub
2056 4337 2137 4392 eis

547 4426 729 4496 jugum
759 4428 1074 4483 reverentia:
1103 4444 1206 4483 non
1239 4439 1505 4485 recusent.
1535 4429 1687 4495 Quod
1734 4430 1924 4484 melius
1951 4440 2136 4486 osten-

548 4518 745 4585 dimus,
767 4520 813 4575 si
835 4520 999 4575 David
1018 4521 1213 4576 factum
1236 4522 1302 4576 ad
1326 4522 1560 4577 medium
1576 4522 1907 4577 deducamus
1924 4521 1975 4593 (ι
2004 4521 2133 4591 Reg.

549 4627 695 4678 xxiv,
725 4612 779 4677 4,
810 4611 965 4684 seq.).
998 4614 1123 4671 Saul
1155 4614 1348 4683 quippe
1374 4623 1717 4683 persecutor,
1747 4627 1870 4667 cum
1902 4614 1968 4667 ad
2009 4629 2136 4683 pur-
2166 4633 2218 4695 Β

552 4703 784 4774 gandum
834 4715 1073 4761 ventrem
1106 4706 1417 4775 speluncam
1460 4704 1650 4760 fuisset
1691 4706 1985 4776 ingressus,
2032 4705 2140 4762 illic

553 4810 675 4849 cum
708 4796 839 4850 viris
862 4798 975 4852 suis
1007 4798 1172 4853 David
1203 4797 1396 4863 inerat,
1429 4798 1519 4866 qui
1540 4797 1655 4867 jam
1686 4807 1790 4853 tam
1818 4797 1979 4869 longo
2008 4806 2140 4852 tem-

556 4902 685 4951 pore
718 4891 1101 4956 persecutionis
1125 4890 1245 4960 ejus
1273 4890 1411 4944 mala
1443 4889 1723 4945 tolerabat.
1750 4888 1991 4961 Cumque
2017 4907 2140 4946 eum

562 4974 667 5030 viri
692 4981 775 5037 sui
826 4982 889 5037 ad
925 4982 1221 5039 feriendum
1262 4983 1387 5041 Saul
1416 4982 1790 5050 accenderent,
1851 4986 2005 5056 fregit
2045 5000 2140 5041 eos

563 5071 1035 5136 responsionibus,
1082 5075 1204 5143 quia
1252 5090 1468 5130 manum
1520 5075 1733 5131 mittere
1779 5076 1829 5130 in
1878 5076 2139 5132 christum

564 5158 773 5213 Domini
804 5178 906 5218 non
937 5166 1174 5222 deberet.
1200 5166 1305 5233 Qui
1335 5178 1511 5225 tamen
1543 5169 1751 5225 occulte
1791 5173 2044 5240 surrexit,
2084 5182 2142 5228 et

562 5268 713 5307 oram
740 5252 1033 5325 chlamydis
1070 5260 1187 5331 ejus
1216 5260 1460 5316 abscidit.
1499 5262 1639 5329 Quid
1671 5263 1814 5318 enim
1848 5280 1941 5331 per
1987 5266 2136 5332 Saul,

565 5345 665 5401 nisi
692 5347 814 5401 tnali
844 5359 1112 5416 rectores;
1138 5354 1266 5424 quid
1308 5369 1401 5423 per
1430 5354 1616 5421 David,
1644 5358 1743 5413 nisi
1775 5357 1895 5413 boni
1944 5359 2140 5413 subditi

564 5437 948 5507 designantur?
970 5440 1095 5496 Saul
1127 5440 1285 5513 igitur
1306 5456 1543 5501 ventrem
1569 5462 1814 5518 purgare,
1840 5458 1923 5504 est
1954 5465 2143 5517 pravos

564 5534 877 5604 praepositos
904 5548 1217 5605 conceptam
1261 5539 1312 5593 in
1361 5540 1525 5597 corde
1568 5542 1821 5600 malitiam
1872 5559 2036 5616 usque
2076 5544 2143 5600 ad

642 5656 667 5719 ξ
695 5644 876 5719 Qorb.,
913 5645 1103 5710 Laud..
1134 5648 1380 5719 Longip.,
1412 5662 1463 5704 ut
1491 5668 1590 5705 non
1614 5662 1862 5707 eatrema.

638 5715 666 5753 δ
714 5716 941 5793 Vulgati,
991 5730 1171 5793 vestem
1235 5715 1449 5787 secant,-
1498 5727 1674 5790 potius
1718 5740 1786 5777 ex
1843 5727 2145 5793 conjectura

565 5801 817 5859 quanicx
847 5788 998 5853 Mss.,
1027 5792 1114 5859 qui
1146 5806 1332 5846 omnes
1360 5788 1747 5847 contradicunt.

644 5867 670 5897 ο
697 5853 910 5911 Carnot.
943 5853 1227 5923 secundus,
1261 5865 1352 5915 sub
1383 5865 1505 5925 iugo
1534 5866 1806 5917 servitutis.

2230 1927 2503 1981 chlamidis
2534 1927 2667 1982 Saul
2689 1926 2873 1998 (Ibid.,
2904 1928 2983 1997 6).
3013 1929 3172 1984 Facta
3196 1933 3391 2001 quippe
3412 1936 3823 2002 prapositomm

2232 2020 2548 2091 orisgladio
2597 2021 2834 2076 ferienda
2867 2036 2971 2077 uou
3006 2032 3151 2088 sunt,
3183 2026 3343 2079 etiam
3375 2039 3493 2079 cum
3540 2038 3685 2082 recte
3737 2043 3823 2083 re-

2232 2115 2610 2185 prehendenda
2644 2114 2974 2186 judicantur.
3007 2115 3065 2171 Si
3095 2118 3307 2186 quando
3337 2132 3465 2173 vero
3509 2129 3694 2174 contra
3729 2135 3824 2175 eos

2231 2209 2317 2265 vel
2352 2209 2403 2264 in
2434 2209 2673 2263 minimis
2703 2209 2881 2279 lingua
2910 2208 3127 2276 labitur,
3164 2225 3387 2265 necesse
3427 2220 3509 2265 est
3538 2219 3595 2266 ut
3622 2226 3716 2280 per
3748 2214 3825 2266 af-

2232 2304 2522 2360 flictionem
2563 2302 2892 2374 paenitentiae
2938 2319 3034 2358 cor
3081 2313 3387 2373 prematur;
3444 2317 3706 2376 quatenus
3756 2307 3824 2362 ad

2231 2399 2575 2467 semetipsum
2609 2398 2811 2460 redeat,
2844 2406 2900 2453 et
2940 2414 3059 2452 cum
3094 2401 3394 2468 praeposita:
3430 2401 3676 2467 potestati
3725 2400 3824 2455 de-

2232 2491 2466 2561 liquerit,
2496 2491 2611 2559 ejus
2641 2500 2828 2545 contra
2870 2506 2929 2545 se
2952 2490 3209 2558 judicium
3242 2509 3269 2545 ει
3302 2508 3407 2561 quo
3458 2494 3559 2549 sibi
3600 2495 3824 2561 prmlata

2232 2593 2314 2637 est
2354 2591 2752 2652 perhorrescat.
2788 2581 2919 2636 Nam
2948 2599 3070 2637 cum
3107 2584 3404 2653 praepositis
3435 2585 3824 2653 delinquimus,

2232 2670 2351 2741 ejus
2379 2673 2700 2727 nrdinationi
2743 2673 2835 2743 qui
2889 2687 2983 2727 eus
3034 2672 3189 2729 nobis
3241 2678 3473 2743 prmlulit
3518 2675 3825 2733 obviamus.

2234 2766 2388 2821 Unde
2417 2766 2625 2836 Moyses
2651 2781 2864 2836 quoque
2892 2781 3012 2821 cum
3041 2778 3226 2821 contra
3260 2784 3318 2822 sc
3346 2779 3400 2823 et
3453 2768 3630 2824 Aaron
3687 2784 3826 2825 ροη-

2233 2860 2386 2929 queri
2415 2861 2667 2929 populum
2698 2863 3059 2927 cognovisset.
3092 2862 3167 2913 ait
3199 2877 3213 2915 :
3244 2861 3359 2915 Nos
3402 2864 3535 2916 enim
3584 2864 3707 2931 quid
3735 2880 3829 2917 sn-

2234 2956 2383 3008 mus?
2412 2952 2521 3008 Nec
2547 2968 2726 3009 contra
2753 2971 2845 3009 nos
2876 2966 2947 3010 est
2976 2971 3205 3009 murmur
3242 2967 3483 3022 vestrum,
3515 2959 3602 3012 sed
3646 2968 3830 3014 contra

2236 3046 2518 3102 Dominum
2540 3047 2738 3119 (Exod.
2770 3064 2883 3111 xvi,
2917 3048 2991 3119 8).

2594 3163 2704 3235 [ιο
2740 3163 2964 3219 CAPUT
3004 3165 3045 3251 y
3078 3165 3185 3238 [ΑΙ.
3226 3165 3463 3238 XXIX].

2480 3258 2745 3321 Quomodo
2778 3254 3085 3310 admonendi
3111 3260 3241 3312 servi
3264 3268 3309 3312 et
3357 3260 3567 3313 domini.

2311 3368 2627 3437 (Admonitio
2655 3365 2737 3431 6.)
2769 3367 2936 3422 Aliter
2964 3369 3287 3423 admonendi
3318 3377 3443 3423 sunt
3473 3368 3631 3433 servi,
3665 3379 3836 3440 atque

2238 3460 2393 3515 aliter
2420 3459 2645 3515 domini.
2676 3458 2833 3514 Servi
2877 3460 3101 3523 scilicet,
3134 3469 3190 3513 ut
3222 3461 3272 3513 in
3303 3474 3361 3513 se
3408 3475 3621 3528 semper
3652 3462 3839 3517 burni-

2238 3550 2440 3606 litatem
2463 3549 2782 3605 conditionis
2803 3551 3098 3619 a3piciant;
3123 3550 3321 3605 domini
3352 3565 3499 3617 vero,
3532 3560 3588 3605 ut
3618 3562 3840 3608 natura

2238 3658 2348 3698 suae
2378 3658 2481 3713 qua
2510 3644 2789 3711 tequaliter
2831 3652 2957 3696 sunt
2986 3657 3109 3697 cum
3141 3645 3313 3697 servis
3358 3642 3580 3707 conditi,
3624 3658 3839 3697 memo-

2239 3738 2375 3793 riam
2406 3752 2510 3792 non
2534 3736 2802 3790 amittant.
2830 3735 2981 3789 Servi
3007 3736 3323 3789 admonendi
3353 3746 3477 3789 sunt
3501 3750 3567 3788 ne
3583 3734 3840 3791 dominos

2238 3830 2557 3900 despiciant.
2589 3843 2656 3882 ne
2698 3826 2863 3881 Deum
2911 3824 3181 3880 olleudant
3226 3826 3268 3878 si
3315 3826 3635 3879 orlinationi
3685 3826 3840 3881 illius

2237 3918 2595 3991 superbiendo
2646 3915 3069 3980 contradicunt;
3118 3915 3320 3969 domini
3366 3930 3578 3984 quoque
3632 3918 3839 3969 adnuo-

2240 4013 2399 4067 ncndi
2430 4022 2574 4074 sunt,
2603 4011 2722 4080 quia
2753 4017 2938 4063 contra
2973 4006 3136 4060 Deum
3158 4006 3227 4061 de
3256 4022 3475 4062 munere
3504 4006 3617 4077 ejus
3642 4022 3839 4077 Super.

2240 4107 2411 4171 biunt,
2442 4102 2485 4157 si
2524 4118 2617 4157 eos
2647 4115 2780 4171 quos
2811 4116 2905 4169 per
2933 4100 3293 4155 conditionem
3324 4110 3513 4156 tenent
3559 4102 3838 4172 subditos,

2240 4198 2471 4267 arquales
2501 4194 2601 4250 sibi
2640 4210 2733 4265 per
2764 4203 2967 4248 natura:
2993 4194 3328 4248 consortium
3364 4208 3467 4247 non
3512 4188 3839 4263 agnoscunt.

2240 4292 2331 4346 lsti
2361 4288 2682 4346 admonendi
2706 4296 2831 4342 sunt
2855 4296 2914 4341 ut
2939 4287 3108 4341 sciant
3132 4300 3192 4340 se
3223 4301 3410 4341 servos
3435 4300 3555 4341 esse
3582 4286 3841 4344 domino-

2240 4398 2357 4439 rum
2386 4399 2399 4434 :
2427 4382 2498 4435 illi
2522 4378 2842 4435 admonendi
2869 4387 2995 4432 sunt
3026 4386 3082 4431 ut
3102 4387 3429 4447 cognoscant
3452 4392 3511 4432 se
3536 4392 3842 4436 c«»ns»rvos

2239 4492 2359 4532 esse
2387 4491 2684 4531 servorum.
2716 4474 2836 4528 Istis
2884 4487 3111 4541 namque
3141 4471 3335 4524 dicitur
3366 4489 3378 4523 :
3427 4470 3591 4537 Servi,
3633 4471 3844 4527 obedite

2241 4569 2462 4623 dominis
2490 4566 2780 4621 carnalibus
2811 4563 3034 4637 (Coloss.
3065 4578 3143 4625 ιιι,
3170 4561 3285 4631 22).
3321 4562 3388 4616 Et
3415 4576 3623 4616 rursum
3657 4580 3669 4614 :
3705 4564 3845 4628 Qui.

2243 4679 2438 4733 cunque
2458 4670 2578 4715 sunt
2603 4671 2625 4699 ο
2654 4657 2743 4712 sub
2760 4661 2889 4729 jugo
2911 4660 3060 4722 servi,
3087 4659 3319 4711 dominos
3343 4673 3461 4710 suos
3483 4658 3620 4711 omni
3641 4658 3847 4715 honore

2244 4758 2426 4826 dignos
2454 4755 2764 4807 arbitrentur
2793 4749 2848 4821 (I
2873 4749 3009 4804 Tim.
3040 4766 3116 4815 v1,
3153 4750 3237 4816 l);
3269 4750 3370 4804 illis
3398 4761 3576 4804 autem
3599 4750 3844 4806 dicitur:

2246 4846 2313 4901 Et
2351 4863 2437 4900 vos
2478 4844 2671 4898 domini
2713 4845 2888 4897 eadem
2939 4842 3091 4911 facite
3128 4841 3255 4906 iliis,
3307 4842 3617 4896 remittentes
3643 4843 3847 4911 minus,

2243 4939 2455 4993 scientes
2481 4936 2620 5007 quod
2645 4943 2693 4989 et
2717 4934 2923 4988 illorum
2943 4940 2991 4987 et
3023 4941 3182 4989 vester
3214 4932 3463 4988 Dominus
3510 4943 3584 4988 est
3613 4934 3665 4988 in
3694 4937 3845 4992 caelis

2247 5029 2461 5102 (Ephes.
2490 5044 2565 5096 vr,
2594 5026 2675 5096 2).

2662 5139 2892 5196 cspur
2931 5137 3001 5193 vr
3040 5139 3145 5211 [Αι.
3186 5137 3387 5209 xxxi.

2433 5239 2701 5308 Quomodo
2729 5236 3043 5291 admonendi
3068 5237 3323 5307 sapientes
3349 5245 3399 5290 et
3427 5234 3647 5289 hebetes.

2317 5354 2636 5426 (Admonitio
2682 5352 2763 5421 7.)
2816 5350 2984 5406 Aliter
3031 5347 3355 5403 admonendi
3398 5356 3525 5402 sunt
3570 5346 3850 5415 sapientes

2250 5449 2407 5518 hujus
2430 5446 2635 5511 saculi,
2680 5453 2837 5513 atque
2876 5441 3030 5496 aliter
3054 5440 3298 5495 hebetes.
3336 5437 3619 5506 Sapientes
3642 5436 3849 5508 quippe

2249 5537 2569 5595 admonendi
2600 5546 2745 5600 sunt,
2782 5544 2837 5589 ut
2864 5532 2891 5571 ἀ
2920 5532 3166 5587 amittant
3194 5531 3335 5587 scire
3361 5546 3482 5601 quae
3508 5531 3713 5595 sciunt;
3751 5532 3843 5587 he~

2321 5647 2348 5688 ἀ
2380 5649 2467 5705 Sic
2490 5648 2667 5716 legere
2693 5654 2888 5715 cogunt
2917 5646 3044 5701 Mss.
3077 5646 3256 5709 Trec.,
3302 5642 3682 5716 Carnotenses,
3715 5642 3831 5700 Val

2250 5722 2506 5785 Cl.,'tluo
2550 5716 2758 5772 Gemet.
2813 5726 2942 5780 vel..
2992 5718 3096 5769 duo
3143 5716 3281 5771 And.
3333 5715 3469 5770 Editi
3521 5715 3743 5778 habent,
3795 5730 3849 5768 ut

2251 5797 2413 5848 sciant
2443 5790 2696 5854 amittere,
2744 5787 2936 5857 quibus
2968 5788 3106 5841 favet
3145 5788 3279 5842 Cod.
3312 5787 3521 5843 Belvac.
3571 5785 3630 5841 ltt
3679 5788 3849 5845 tertio
3873 5850 3885 5859 ,ν

2253 5865 2461 5918 Gemet.
2495 5862 2706 5929 legitur,
2736 5877 2796 5915 ne
2815 5861 3052 5913 amittant
3078 5859 3227 5912 scire.
