  <div class='ocr_page' id='page_1' title='image "/cluster/home/n/w/nwhite01/storage/ocr_20150623/77/hvd.32044015469398/035.png"; bbox 0 0 4036 6346; ppageno 0'>
   <div class='ocr_carea' id='block_1_1' title="bbox 497 258 3754 333">
    <p class='ocr_par' dir='ltr' id='par_1_1' title="bbox 497 258 3754 333">
     <span class='ocr_line' id='line_1_1' title="bbox 497 258 3754 333; baseline -0.006 -5"><span class='ocrx_word' id='word_1_1' title='bbox 497 273 563 330; x_wconf 83' lang='lat' dir='ltr'><strong>so</strong></span> <span class='ocrx_word' id='word_1_2' title='bbox 1325 266 1329 268; x_wconf 83' lang='grc'>·</span> <span class='ocrx_word' id='word_1_3' title='bbox 1707 262 1952 324; x_wconf 71' lang='lat' dir='ltr'><strong>ssnon</strong></span> <span class='ocrx_word' id='word_1_4' title='bbox 1981 258 2316 318; x_wconf 79' lang='lat' dir='ltr'><strong>GltEGOIlll</strong></span> <span class='ocrx_word' id='word_1_5' title='bbox 2353 260 2564 320; x_wconf 69' lang='lat' dir='ltr'><strong>usam</strong></span> <span class='ocrx_word' id='word_1_6' title='bbox 3686 273 3754 333; x_wconf 68' lang='grc' dir='ltr'><strong>δυ</strong></span> 
     </span>
    </p>
   </div>
   <div class='ocr_carea' id='block_1_2' title="bbox 497 376 3757 462">
    <p class='ocr_par' dir='ltr' id='par_1_2' title="bbox 497 376 3757 462">
     <span class='ocr_line' id='line_1_2' title="bbox 497 376 3757 462; baseline -0.003 -16"><span class='ocrx_word' id='word_1_7' title='bbox 497 393 664 462; x_wconf 84' lang='lat' dir='ltr'><strong>magis</strong></span> <span class='ocrx_word' id='word_1_8' title='bbox 694 390 836 461; x_wconf 87' lang='lat' dir='ltr'><strong>apud</strong></span> <span class='ocrx_word' id='word_1_9' title='bbox 862 389 1224 461; x_wconf 77' lang='lat' dir='ltr'><strong>pusillanimes</strong></span> <span class='ocrx_word' id='word_1_10' title='bbox 1262 387 1564 445; x_wconf 74' lang='lat' dir='ltr'><strong>exhortatio</strong></span> <span class='ocrx_word' id='word_1_11' title='bbox 1593 383 1894 442; x_wconf 79' lang='lat' dir='ltr'><strong>verecunda</strong></span> <span class='ocrx_word' id='word_1_12' title='bbox 1939 395 2068 435; x_wconf 91' lang='lat' dir='ltr'><strong>con-</strong></span> <span class='ocrx_word' id='word_1_13' title='bbox 2097 380 2154 442; x_wconf 68' lang='grc' dir='ltr'>Α</span> <span class='ocrx_word' id='word_1_14' title='bbox 2247 379 2349 434; x_wconf 85' lang='lat' dir='ltr'><strong>Per</strong></span> <span class='ocrx_word' id='word_1_15' title='bbox 2393 380 2499 433; x_wconf 75' lang='lat' dir='ltr'><strong>hoc</strong></span> <span class='ocrx_word' id='word_1_16' title='bbox 2537 390 2748 448; x_wconf 86' lang='lat' dir='ltr'><strong>quoque</strong></span> <span class='ocrx_word' id='word_1_17' title='bbox 2809 376 3156 447; x_wconf 68' lang='lat' dir='ltr'><strong>impatientia:</strong></span> <span class='ocrx_word' id='word_1_18' title='bbox 3200 376 3385 434; x_wconf 84' lang='lat' dir='ltr'><strong>vitium</strong></span> <span class='ocrx_word' id='word_1_19' title='bbox 3440 380 3757 455; x_wconf 76' lang='lat' dir='ltr'><strong>plerumque</strong></span> 
     </span>
    </p>
   </div>
   <div class='ocr_carea' id='block_1_3' title="bbox 503 475 2070 543">
    <p class='ocr_par' dir='ltr' id='par_1_3' title="bbox 503 475 2070 543">
     <span class='ocr_line' id='line_1_3' title="bbox 503 475 2070 543; baseline -0.01 0"><span class='ocrx_word' id='word_1_20' title='bbox 503 489 749 543; x_wconf 74' lang='lat' dir='ltr'><strong>valescat.</strong></span> <span class='ocrx_word' id='word_1_21' title='bbox 784 482 935 540; x_wconf 85' lang='lat' dir='ltr'><strong>Unde</strong></span> <span class='ocrx_word' id='word_1_22' title='bbox 958 483 1104 539; x_wconf 81' lang='lat' dir='ltr'><strong>Idem</strong></span> <span class='ocrx_word' id='word_1_23' title='bbox 1151 482 1347 538; x_wconf 80' lang='lat' dir='ltr'><strong>Paulus</strong></span> <span class='ocrx_word' id='word_1_24' title='bbox 1389 497 1510 537; x_wconf 88' lang='lat' dir='ltr'><strong>cum</strong></span> <span class='ocrx_word' id='word_1_25' title='bbox 1557 475 2070 534; x_wconf 81' lang='lat' dir='ltr'><strong>Thessalonicenses</strong></span> 
     </span>
    </p>
   </div>
   <div class='ocr_carea' id='block_1_4' title="bbox 495 569 2070 650">
    <p class='ocr_par' dir='ltr' id='par_1_4' title="bbox 495 569 2070 650">
     <span class='ocr_line' id='line_1_4' title="bbox 495 569 2070 650; baseline -0.011 -12"><span class='ocrx_word' id='word_1_26' title='bbox 495 583 548 639; x_wconf 92' lang='lat' dir='ltr'><strong>in</strong></span> <span class='ocrx_word' id='word_1_27' title='bbox 576 586 792 649; x_wconf 84' lang='lat' dir='ltr'><strong>accepta</strong></span> <span class='ocrx_word' id='word_1_28' title='bbox 824 577 1204 647; x_wconf 57' lang='lat' dir='ltr'><strong>praedicatione</strong></span> <span class='ocrx_word' id='word_1_29' title='bbox 1235 576 1606 645; x_wconf 85' lang='lat' dir='ltr'><strong>perdurantes,</strong></span> <span class='ocrx_word' id='word_1_30' title='bbox 1625 572 1777 650; x_wconf 73' lang='lat' dir='ltr'><strong>quasi</strong></span> <span class='ocrx_word' id='word_1_31' title='bbox 1799 569 1868 625; x_wconf 86' lang='lat' dir='ltr'><strong>de</strong></span> <span class='ocrx_word' id='word_1_32' title='bbox 1892 569 2070 623; x_wconf 82' lang='lat' dir='ltr'><strong>vicino</strong></span> 
     </span>
    </p>
   </div>
   <div class='ocr_carea' id='block_1_5' title="bbox 495 664 2074 742">
    <p class='ocr_par' dir='ltr' id='par_1_5' title="bbox 495 664 2074 742">
     <span class='ocr_line' id='line_1_5' title="bbox 495 664 2074 742; baseline -0.008 -11"><span class='ocrx_word' id='word_1_33' title='bbox 495 675 678 731; x_wconf 88' lang='lat' dir='ltr'><strong>mundi</strong></span> <span class='ocrx_word' id='word_1_34' title='bbox 710 673 938 729; x_wconf 91' lang='lat' dir='ltr'><strong>termino</strong></span> <span class='ocrx_word' id='word_1_35' title='bbox 967 669 1197 741; x_wconf 86' lang='lat' dir='ltr'><strong>quadam</strong></span> <span class='ocrx_word' id='word_1_36' title='bbox 1227 678 1576 742; x_wconf 84' lang='lat' dir='ltr'><strong>cognosceret</strong></span> <span class='ocrx_word' id='word_1_37' title='bbox 1625 664 2074 737; x_wconf 82' lang='lat' dir='ltr'><strong>pusillanimitate</strong></span> 
     </span>
    </p>
   </div>
   <div class='ocr_carea' id='block_1_6' title="bbox 493 759 2075 834">
    <p class='ocr_par' dir='ltr' id='par_1_6' title="bbox 493 759 2075 834">
     <span class='ocr_line' id='line_1_6' title="bbox 493 759 2075 834; baseline -0.008 -11"><span class='ocrx_word' id='word_1_38' title='bbox 493 767 754 834; x_wconf 80' lang='lat' dir='ltr'><strong>turbatos,</strong></span> <span class='ocrx_word' id='word_1_39' title='bbox 785 765 931 834; x_wconf 86' lang='lat' dir='ltr'><strong>prius</strong></span> <span class='ocrx_word' id='word_1_40' title='bbox 958 764 1010 818; x_wconf 88' lang='lat' dir='ltr'><strong>in</strong></span> <span class='ocrx_word' id='word_1_41' title='bbox 1051 764 1132 819; x_wconf 85' lang='lat' dir='ltr'><strong>eis</strong></span> <span class='ocrx_word' id='word_1_42' title='bbox 1162 777 1282 833; x_wconf 68' lang='lat' dir='ltr'><strong>quae</strong></span> <span class='ocrx_word' id='word_1_43' title='bbox 1311 763 1467 818; x_wconf 85' lang='lat' dir='ltr'><strong>fortia</strong></span> <span class='ocrx_word' id='word_1_44' title='bbox 1501 761 1759 830; x_wconf 82' lang='lat' dir='ltr'><strong>prospicit</strong></span> <span class='ocrx_word' id='word_1_45' title='bbox 1786 759 1984 821; x_wconf 88' lang='lat' dir='ltr'><strong>laudat,</strong></span> <span class='ocrx_word' id='word_1_46' title='bbox 2017 764 2075 811; x_wconf 86' lang='lat' dir='ltr'><strong>et</strong></span> 
     </span>
    </p>
   </div>
   <div class='ocr_carea' id='block_1_7' title="bbox 492 852 2073 928">
    <p class='ocr_par' dir='ltr' id='par_1_7' title="bbox 492 852 2073 928">
     <span class='ocr_line' id='line_1_7' title="bbox 492 852 2073 928; baseline -0.006 -13"><span class='ocrx_word' id='word_1_47' title='bbox 492 871 646 916; x_wconf 85' lang='lat' dir='ltr'><strong>caute</strong></span> <span class='ocrx_word' id='word_1_48' title='bbox 676 859 946 914; x_wconf 90' lang='lat' dir='ltr'><strong>monendo</strong></span> <span class='ocrx_word' id='word_1_49' title='bbox 986 861 1325 928; x_wconf 83' lang='lat' dir='ltr'><strong>postmodum</strong></span> <span class='ocrx_word' id='word_1_50' title='bbox 1349 872 1468 925; x_wconf 66' lang='lat' dir='ltr'><strong>qua:</strong></span> <span class='ocrx_word' id='word_1_51' title='bbox 1499 854 1709 909; x_wconf 85' lang='lat' dir='ltr'><strong>inﬁrma</strong></span> <span class='ocrx_word' id='word_1_52' title='bbox 1757 863 1886 908; x_wconf 80' lang='lat' dir='ltr'><strong>sunt</strong></span> <span class='ocrx_word' id='word_1_53' title='bbox 1912 852 2073 907; x_wconf 87' lang='lat' dir='ltr'><strong>robo-</strong></span> 
     </span>
    </p>
   </div>
   <div class='ocr_carea' id='block_1_8' title="bbox 492 948 2072 1019">
    <p class='ocr_par' dir='ltr' id='par_1_8' title="bbox 492 948 2072 1019">
     <span class='ocr_line' id='line_1_8' title="bbox 492 948 2072 1019; baseline -0.008 -10"><span class='ocrx_word' id='word_1_54' title='bbox 492 964 594 1010; x_wconf 84' lang='lat' dir='ltr'><strong>rat.</strong></span> <span class='ocrx_word' id='word_1_55' title='bbox 619 952 707 1008; x_wconf 79' lang='lat' dir='ltr'><strong>Ait</strong></span> <span class='ocrx_word' id='word_1_56' title='bbox 731 950 872 1007; x_wconf 88' lang='lat' dir='ltr'><strong>enim</strong></span> <span class='ocrx_word' id='word_1_57' title='bbox 900 968 912 1003; x_wconf 75' lang='grc' dir='ltr'><strong>ε</strong></span> <span class='ocrx_word' id='word_1_58' title='bbox 947 948 1155 1004; x_wconf 83' lang='lat' dir='ltr'><strong>Gratias</strong></span> <span class='ocrx_word' id='word_1_59' title='bbox 1183 964 1332 1019; x_wconf 84' lang='lat' dir='ltr'><strong>agere</strong></span> <span class='ocrx_word' id='word_1_60' title='bbox 1359 948 1598 1003; x_wconf 82' lang='lat' dir='ltr'><strong>debemus</strong></span> <span class='ocrx_word' id='word_1_61' title='bbox 1624 948 1732 1000; x_wconf 86' lang='lat' dir='ltr'><strong>D&#39;eo</strong></span> <span class='ocrx_word' id='word_1_62' title='bbox 1753 962 1952 1014; x_wconf 87' lang='lat' dir='ltr'><strong>semper</strong></span> <span class='ocrx_word' id='word_1_63' title='bbox 1979 959 2072 1010; x_wconf 82' lang='lat' dir='ltr'><strong>pro</strong></span> 
     </span>
    </p>
   </div>
   <div class='ocr_carea' id='block_1_9' title="bbox 492 1039 2072 1113">
    <p class='ocr_par' dir='ltr' id='par_1_9' title="bbox 492 1039 2072 1113">
     <span class='ocr_line' id='line_1_9' title="bbox 492 1039 2072 1113; baseline -0.004 -16"><span class='ocrx_word' id='word_1_64' title='bbox 492 1043 649 1107; x_wconf 76' lang='lat' dir='ltr'><strong>vobis,</strong></span> <span class='ocrx_word' id='word_1_65' title='bbox 675 1043 880 1113; x_wconf 76' lang='lat' dir='ltr'><strong>fratres,</strong></span> <span class='ocrx_word' id='word_1_66' title='bbox 905 1042 979 1095; x_wconf 87' lang='lat' dir='ltr'><strong>ita</strong></span> <span class='ocrx_word' id='word_1_67' title='bbox 1007 1050 1059 1094; x_wconf 89' lang='lat' dir='ltr'><strong>ut</strong></span> <span class='ocrx_word' id='word_1_68' title='bbox 1089 1041 1306 1112; x_wconf 77' lang='lat' dir='ltr'><strong>dignum</strong></span> <span class='ocrx_word' id='word_1_69' title='bbox 1343 1047 1439 1104; x_wconf 70' lang='lat' dir='ltr'><strong>est,</strong></span> <span class='ocrx_word' id='word_1_70' title='bbox 1471 1039 1710 1107; x_wconf 88' lang='lat' dir='ltr'><strong>quoniam</strong></span> <span class='ocrx_word' id='word_1_71' title='bbox 1740 1039 2072 1108; x_wconf 86' lang='lat' dir='ltr'><strong>supercrescit</strong></span> 
     </span>
    </p>
   </div>
   <div class='ocr_carea' id='block_1_10' title="bbox 492 1134 2073 1207">
    <p class='ocr_par' dir='ltr' id='par_1_10' title="bbox 492 1134 2073 1207">
     <span class='ocr_line' id='line_1_10' title="bbox 492 1134 2073 1207; baseline -0.004 -16"><span class='ocrx_word' id='word_1_72' title='bbox 492 1139 620 1207; x_wconf 80' lang='lat' dir='ltr'><strong>ﬁdes</strong></span> <span class='ocrx_word' id='word_1_73' title='bbox 640 1147 822 1198; x_wconf 85' lang='lat' dir='ltr'><strong>vestra,</strong></span> <span class='ocrx_word' id='word_1_74' title='bbox 842 1146 887 1190; x_wconf 86' lang='lat' dir='ltr'><strong>et</strong></span> <span class='ocrx_word' id='word_1_75' title='bbox 906 1136 1132 1190; x_wconf 83' lang='lat' dir='ltr'><strong>abundat</strong></span> <span class='ocrx_word' id='word_1_76' title='bbox 1161 1134 1382 1187; x_wconf 78' lang='lat' dir='ltr'><strong>Charitas</strong></span> <span class='ocrx_word' id='word_1_77' title='bbox 1413 1135 1818 1204; x_wconf 68' lang='lat' dir='ltr'><strong>uniuscujusque</strong></span> <span class='ocrx_word' id='word_1_78' title='bbox 1847 1142 2073 1185; x_wconf 84' lang='lat' dir='ltr'><strong>vestrum</strong></span> 
     </span>
    </p>
   </div>
   <div class='ocr_carea' id='block_1_11' title="bbox 491 1225 2071 1296">
    <p class='ocr_par' dir='ltr' id='par_1_11' title="bbox 491 1225 2071 1296">
     <span class='ocr_line' id='line_1_11' title="bbox 491 1225 2071 1296; baseline -0.003 -12"><span class='ocrx_word' id='word_1_79' title='bbox 491 1231 542 1284; x_wconf 89' lang='lat' dir='ltr'><strong>in</strong></span> <span class='ocrx_word' id='word_1_80' title='bbox 564 1231 807 1292; x_wconf 85' lang='lat' dir='ltr'><strong>invicem;</strong></span> <span class='ocrx_word' id='word_1_81' title='bbox 846 1230 1002 1281; x_wconf 87' lang='lat' dir='ltr'><strong>itaut</strong></span> <span class='ocrx_word' id='word_1_82' title='bbox 1042 1238 1090 1282; x_wconf 88' lang='lat' dir='ltr'><strong>et</strong></span> <span class='ocrx_word' id='word_1_83' title='bbox 1139 1245 1233 1281; x_wconf 87' lang='lat' dir='ltr'><strong>nos</strong></span> <span class='ocrx_word' id='word_1_84' title='bbox 1262 1228 1364 1296; x_wconf 83' lang='lat' dir='ltr'><strong>ipsi</strong></span> <span class='ocrx_word' id='word_1_85' title='bbox 1401 1228 1454 1280; x_wconf 90' lang='lat' dir='ltr'><strong>in</strong></span> <span class='ocrx_word' id='word_1_86' title='bbox 1493 1226 1633 1280; x_wconf 73' lang='lat' dir='ltr'><strong>vobis</strong></span> <span class='ocrx_word' id='word_1_87' title='bbox 1691 1225 1971 1295; x_wconf 77' lang='lat' dir='ltr'><strong>gloriemur</strong></span> <span class='ocrx_word' id='word_1_88' title='bbox 2018 1228 2071 1279; x_wconf 87' lang='lat' dir='ltr'><strong>in</strong></span> 
     </span>
    </p>
   </div>
   <div class='ocr_carea' id='block_1_12' title="bbox 489 1317 2067 1462">
    <p class='ocr_par' dir='ltr' id='par_1_12' title="bbox 489 1317 2067 1462">
     <span class='ocr_line' id='line_1_12' title="bbox 489 1317 2067 1462; baseline -0.003 -86"><span class='ocrx_word' id='word_1_89' title='bbox 489 1323 724 1462; x_wconf 50' lang='lat' dir='ltr'><strong>adesi?)</strong></span> <span class='ocrx_word' id='word_1_90' title='bbox 759 1320 875 1387; x_wconf 89' lang='lat' dir='ltr'><strong>Dei,</strong></span> <span class='ocrx_word' id='word_1_91' title='bbox 907 1337 998 1391; x_wconf 87' lang='lat' dir='ltr'><strong>pro</strong></span> <span class='ocrx_word' id='word_1_92' title='bbox 1048 1321 1296 1390; x_wconf 74' lang='lat' dir='ltr'><strong>patientia</strong></span> <span class='ocrx_word' id='word_1_93' title='bbox 1334 1327 1500 1374; x_wconf 82' lang='lat' dir='ltr'><strong>vestra</strong></span> <span class='ocrx_word' id='word_1_94' title='bbox 1545 1325 1594 1372; x_wconf 86' lang='lat' dir='ltr'><strong>et</strong></span> <span class='ocrx_word' id='word_1_95' title='bbox 1637 1319 1740 1387; x_wconf 80' lang='lat' dir='ltr'><strong>ﬁde</strong></span> <span class='ocrx_word' id='word_1_96' title='bbox 1787 1317 1886 1388; x_wconf 87' lang='lat' dir='ltr'><strong>(Il</strong></span> <span class='ocrx_word' id='word_1_97' title='bbox 1919 1318 2067 1372; x_wconf 79' lang='lat' dir='ltr'><strong>Thes.</strong></span> 
     </span>
     <span class='ocr_line' id='line_1_13' title="bbox 494 1409 752 1458; baseline 0 -11"><span class='ocrx_word' id='word_1_98' title='bbox 494 1410 539 1458; x_wconf 86' lang='grc' dir='ltr'><strong>ι,</strong></span> <span class='ocrx_word' id='word_1_99' title='bbox 589 1409 643 1458; x_wconf 81' lang='lat' dir='ltr'><strong>o,</strong></span> <span class='ocrx_word' id='word_1_100' title='bbox 737 1431 752 1447; x_wconf 93' lang='lat'><strong>.</strong></span> 
     </span>
    </p>
   </div>
   <div class='ocr_carea' id='block_1_13' title="bbox 494 1409 752 1458">
    <p class='ocr_par' dir='ltr' id='par_1_13' title="bbox 494 1409 752 1458">
     <span class='ocr_line' id='line_1_14' title="bbox 494 1409 752 1458; baseline 0.004 -11"><span class='ocrx_word' id='word_1_101' title='bbox 494 1410 539 1458; x_wconf 86' lang='grc' dir='ltr'><strong>ι,</strong></span> <span class='ocrx_word' id='word_1_102' title='bbox 589 1409 752 1458; x_wconf 50' lang='lat' dir='ltr'><strong>om).</strong></span> 
     </span>
    </p>
   </div>
   <div class='ocr_carea' id='block_1_14' title="bbox 560 1479 2071 1554">
    <p class='ocr_par' dir='ltr' id='par_1_14' title="bbox 560 1479 2071 1554">
     <span class='ocr_line' id='line_1_15' title="bbox 560 1479 2071 1554; baseline 0.001 -16"><span class='ocrx_word' id='word_1_103' title='bbox 560 1485 656 1552; x_wconf 87' lang='lat' dir='ltr'><strong>Qui</strong></span> <span class='ocrx_word' id='word_1_104' title='bbox 689 1499 807 1538; x_wconf 90' lang='lat' dir='ltr'><strong>cum</strong></span> <span class='ocrx_word' id='word_1_105' title='bbox 849 1482 1043 1538; x_wconf 88' lang='lat' dir='ltr'><strong>blanda</strong></span> <span class='ocrx_word' id='word_1_106' title='bbox 1083 1483 1198 1539; x_wconf 61' lang='lat' dir='ltr'><strong>haec</strong></span> <span class='ocrx_word' id='word_1_107' title='bbox 1228 1483 1352 1539; x_wconf 64' lang='lat' dir='ltr'><strong>vitae</strong></span> <span class='ocrx_word' id='word_1_108' title='bbox 1394 1499 1578 1539; x_wconf 89' lang='lat' dir='ltr'><strong>eorum</strong></span> <span class='ocrx_word' id='word_1_109' title='bbox 1614 1484 1885 1551; x_wconf 63' lang='lat' dir='ltr'><strong>praeconia</strong></span> <span class='ocrx_word' id='word_1_110' title='bbox 1931 1479 2071 1554; x_wconf 63' lang='lat' dir='ltr'><strong>prte-</strong></span> 
     </span>
    </p>
   </div>
   <div class='ocr_carea' id='block_1_15' title="bbox 494 1576 2070 1647">
    <p class='ocr_par' dir='ltr' id='par_1_15' title="bbox 494 1576 2070 1647">
     <span class='ocr_line' id='line_1_16' title="bbox 494 1576 2070 1647; baseline 0.001 -15"><span class='ocrx_word' id='word_1_111' title='bbox 494 1576 751 1642; x_wconf 86' lang='lat' dir='ltr'><strong>misisset,</strong></span> <span class='ocrx_word' id='word_1_112' title='bbox 788 1576 946 1646; x_wconf 89' lang='lat' dir='ltr'><strong>paulo</strong></span> <span class='ocrx_word' id='word_1_113' title='bbox 973 1585 1094 1646; x_wconf 88' lang='lat' dir='ltr'><strong>post</strong></span> <span class='ocrx_word' id='word_1_114' title='bbox 1133 1576 1389 1642; x_wconf 82' lang='lat' dir='ltr'><strong>subdidit,</strong></span> <span class='ocrx_word' id='word_1_115' title='bbox 1413 1577 1599 1632; x_wconf 89' lang='lat' dir='ltr'><strong>dicens</strong></span> <span class='ocrx_word' id='word_1_116' title='bbox 1631 1594 1645 1633; x_wconf 89' lang='lat'><strong>;</strong></span> <span class='ocrx_word' id='word_1_117' title='bbox 1679 1578 1938 1647; x_wconf 78' lang='lat' dir='ltr'><strong>Rogamus</strong></span> <span class='ocrx_word' id='word_1_118' title='bbox 1969 1595 2070 1633; x_wconf 87' lang='lat' dir='ltr'><strong>au-</strong></span> 
     </span>
    </p>
   </div>
   <div class='ocr_carea' id='block_1_16' title="bbox 486 1668 2072 1739">
    <p class='ocr_par' dir='ltr' id='par_1_16' title="bbox 486 1668 2072 1739">
     <span class='ocr_line' id='line_1_17' title="bbox 486 1668 2072 1739; baseline 0.003 -17"><span class='ocrx_word' id='word_1_119' title='bbox 486 1677 584 1723; x_wconf 86' lang='lat' dir='ltr'><strong>tent</strong></span> <span class='ocrx_word' id='word_1_120' title='bbox 616 1684 720 1736; x_wconf 80' lang='lat' dir='ltr'><strong>vos,</strong></span> <span class='ocrx_word' id='word_1_121' title='bbox 762 1671 986 1739; x_wconf 79' lang='lat' dir='ltr'><strong>fratres,</strong></span> <span class='ocrx_word' id='word_1_122' title='bbox 1039 1685 1128 1738; x_wconf 85' lang='lat' dir='ltr'><strong>per</strong></span> <span class='ocrx_word' id='word_1_123' title='bbox 1174 1669 1445 1722; x_wconf 79' lang='lat' dir='ltr'><strong>adventum</strong></span> <span class='ocrx_word' id='word_1_124' title='bbox 1486 1668 1693 1724; x_wconf 86' lang='lat' dir='ltr'><strong>Domini</strong></span> <span class='ocrx_word' id='word_1_125' title='bbox 1736 1672 1896 1726; x_wconf 80' lang='lat' dir='ltr'><strong>nostri</strong></span> <span class='ocrx_word' id='word_1_126' title='bbox 1945 1669 2072 1726; x_wconf 71' lang='lat' dir='ltr'><strong>Iesu</strong></span> 
     </span>
    </p>
   </div>
   <div class='ocr_carea' id='block_1_17' title="bbox 2177 468 3756 546">
    <p class='ocr_par' dir='ltr' id='par_1_17' title="bbox 2177 468 3756 546">
     <span class='ocr_line' id='line_1_18' title="bbox 2177 468 3756 546; baseline 0.005 -20"><span class='ocrx_word' id='word_1_127' title='bbox 2177 481 2410 527; x_wconf 89' lang='lat' dir='ltr'><strong>mentem</strong></span> <span class='ocrx_word' id='word_1_128' title='bbox 2427 470 2747 541; x_wconf 71' lang='lat' dir='ltr'><strong>arrogantiae</strong></span> <span class='ocrx_word' id='word_1_129' title='bbox 2769 468 2926 539; x_wconf 86' lang='lat' dir='ltr'><strong>culpa</strong></span> <span class='ocrx_word' id='word_1_130' title='bbox 2943 469 3236 539; x_wconf 83' lang='lat' dir='ltr'><strong>transﬁgit;</strong></span> <span class='ocrx_word' id='word_1_131' title='bbox 3265 471 3387 541; x_wconf 88' lang='lat' dir='ltr'><strong>quia</strong></span> <span class='ocrx_word' id='word_1_132' title='bbox 3404 471 3529 527; x_wconf 92' lang='lat' dir='ltr'><strong>dum</strong></span> <span class='ocrx_word' id='word_1_133' title='bbox 3553 473 3756 546; x_wconf 75' lang='lat' dir='ltr'><strong>despici</strong></span> 
     </span>
    </p>
   </div>
   <div class='ocr_carea' id='block_1_18' title="bbox 2177 561 3757 638">
    <p class='ocr_par' dir='ltr' id='par_1_18' title="bbox 2177 561 3757 638">
     <span class='ocr_line' id='line_1_19' title="bbox 2177 561 3757 638; baseline 0.007 -21"><span class='ocrx_word' id='word_1_134' title='bbox 2177 563 2230 618; x_wconf 93' lang='lat' dir='ltr'><strong>in</strong></span> <span class='ocrx_word' id='word_1_135' title='bbox 2262 562 2461 618; x_wconf 86' lang='lat' dir='ltr'><strong>mundo</strong></span> <span class='ocrx_word' id='word_1_136' title='bbox 2489 563 2590 618; x_wconf 87' lang='lat' dir='ltr'><strong>hoc</strong></span> <span class='ocrx_word' id='word_1_137' title='bbox 2619 561 2847 632; x_wconf 85' lang='lat' dir='ltr'><strong>quisque</strong></span> <span class='ocrx_word' id='word_1_138' title='bbox 2877 576 2984 617; x_wconf 91' lang='lat' dir='ltr'><strong>non</strong></span> <span class='ocrx_word' id='word_1_139' title='bbox 3016 561 3240 631; x_wconf 80' lang='lat' dir='ltr'><strong>patitur,</strong></span> <span class='ocrx_word' id='word_1_140' title='bbox 3275 563 3411 619; x_wconf 91' lang='lat' dir='ltr'><strong>bona</strong></span> <span class='ocrx_word' id='word_1_141' title='bbox 3443 567 3489 621; x_wconf 85' lang='lat' dir='ltr'><strong>si</strong></span> <span class='ocrx_word' id='word_1_142' title='bbox 3519 584 3623 638; x_wconf 89' lang='lat' dir='ltr'><strong>qua</strong></span> <span class='ocrx_word' id='word_1_143' title='bbox 3651 571 3757 628; x_wconf 88' lang='lat' dir='ltr'><strong>sibi</strong></span> 
     </span>
    </p>
   </div>
   <div class='ocr_carea' id='block_1_19' title="bbox 2177 657 3756 729">
    <p class='ocr_par' dir='ltr' id='par_1_19' title="bbox 2177 657 3756 729">
     <span class='ocr_line' id='line_1_20' title="bbox 2177 657 3756 729; baseline 0.004 -18"><span class='ocrx_word' id='word_1_144' title='bbox 2177 657 2388 712; x_wconf 89' lang='lat' dir='ltr'><strong>occulta</strong></span> <span class='ocrx_word' id='word_1_145' title='bbox 2418 665 2575 722; x_wconf 87' lang='lat' dir='ltr'><strong>sunt,</strong></span> <span class='ocrx_word' id='word_1_146' title='bbox 2624 664 2899 711; x_wconf 90' lang='lat' dir='ltr'><strong>ostentare</strong></span> <span class='ocrx_word' id='word_1_147' title='bbox 2929 665 3173 723; x_wconf 89' lang='lat' dir='ltr'><strong>conatur,</strong></span> <span class='ocrx_word' id='word_1_148' title='bbox 3209 665 3370 727; x_wconf 91' lang='lat' dir='ltr'><strong>atque</strong></span> <span class='ocrx_word' id='word_1_149' title='bbox 3418 658 3496 713; x_wconf 86' lang='lat' dir='ltr'><strong>sic</strong></span> <span class='ocrx_word' id='word_1_150' title='bbox 3527 675 3622 729; x_wconf 87' lang='lat' dir='ltr'><strong>per</strong></span> <span class='ocrx_word' id='word_1_151' title='bbox 3656 661 3756 718; x_wconf 89' lang='lat' dir='ltr'><strong>im-</strong></span> 
     </span>
    </p>
   </div>
   <div class='ocr_carea' id='block_1_20' title="bbox 2179 747 3760 824">
    <p class='ocr_par' dir='ltr' id='par_1_20' title="bbox 2179 747 3760 824">
     <span class='ocr_line' id='line_1_21' title="bbox 2179 747 3760 824; baseline 0.006 -22"><span class='ocrx_word' id='word_1_152' title='bbox 2179 747 2494 818; x_wconf 83' lang='lat' dir='ltr'><strong>patientiam</strong></span> <span class='ocrx_word' id='word_1_153' title='bbox 2529 761 2698 815; x_wconf 89' lang='lat' dir='ltr'><strong>usque</strong></span> <span class='ocrx_word' id='word_1_154' title='bbox 2726 747 2793 802; x_wconf 88' lang='lat' dir='ltr'><strong>ad</strong></span> <span class='ocrx_word' id='word_1_155' title='bbox 2823 750 3186 819; x_wconf 77' lang='lat' dir='ltr'><strong>arrogantiam</strong></span> <span class='ocrx_word' id='word_1_156' title='bbox 3231 750 3478 819; x_wconf 89' lang='lat' dir='ltr'><strong>ducitur;</strong></span> <span class='ocrx_word' id='word_1_157' title='bbox 3529 753 3760 824; x_wconf 86' lang='lat' dir='ltr'><strong>dumque</strong></span> 
     </span>
    </p>
   </div>
   <div class='ocr_carea' id='block_1_21' title="bbox 2177 837 3758 914">
    <p class='ocr_par' dir='ltr' id='par_1_21' title="bbox 2177 837 3758 914">
     <span class='ocr_line' id='line_1_22' title="bbox 2177 837 3758 914; baseline 0.001 -18"><span class='ocrx_word' id='word_1_158' title='bbox 2177 839 2320 896; x_wconf 74' lang='lat' dir='ltr'><strong>ferre</strong></span> <span class='ocrx_word' id='word_1_159' title='bbox 2351 837 2749 908; x_wconf 89' lang='lat' dir='ltr'><strong>despectionem</strong></span> <span class='ocrx_word' id='word_1_160' title='bbox 2780 853 2885 892; x_wconf 86' lang='lat' dir='ltr'><strong>non</strong></span> <span class='ocrx_word' id='word_1_161' title='bbox 2917 846 3122 907; x_wconf 88' lang='lat' dir='ltr'><strong>potest,</strong></span> <span class='ocrx_word' id='word_1_162' title='bbox 3153 839 3455 910; x_wconf 84' lang='lat' dir='ltr'><strong>detegendo</strong></span> <span class='ocrx_word' id='word_1_163' title='bbox 3501 844 3758 914; x_wconf 87' lang='lat' dir='ltr'><strong>semetip-</strong></span> 
     </span>
    </p>
   </div>
   <div class='ocr_carea' id='block_1_22' title="bbox 2175 932 3756 1007">
    <p class='ocr_par' dir='ltr' id='par_1_22' title="bbox 2175 932 3756 1007">
     <span class='ocr_line' id='line_1_23' title="bbox 2175 932 3756 1007; baseline 0.005 -19"><span class='ocrx_word' id='word_1_164' title='bbox 2175 946 2297 988; x_wconf 73' lang='lat' dir='ltr'><strong>Sum</strong></span> <span class='ocrx_word' id='word_1_165' title='bbox 2337 933 2390 987; x_wconf 93' lang='lat' dir='ltr'><strong>in</strong></span> <span class='ocrx_word' id='word_1_166' title='bbox 2435 932 2792 988; x_wconf 80' lang='lat' dir='ltr'><strong>ostentatione</strong></span> <span class='ocrx_word' id='word_1_167' title='bbox 2842 933 3116 1002; x_wconf 81' lang='lat' dir='ltr'><strong>gloriatur.</strong></span> <span class='ocrx_word' id='word_1_168' title='bbox 3147 934 3300 992; x_wconf 87' lang='lat' dir='ltr'><strong>Unde</strong></span> <span class='ocrx_word' id='word_1_169' title='bbox 3329 936 3588 1007; x_wconf 87' lang='lat' dir='ltr'><strong>scriptum</strong></span> <span class='ocrx_word' id='word_1_170' title='bbox 3635 948 3756 996; x_wconf 85' lang='lat' dir='ltr'><strong>est:</strong></span> 
     </span>
    </p>
   </div>
   <div class='ocr_carea' id='block_1_23' title="bbox 2179 1023 3757 1097">
    <p class='ocr_par' dir='ltr' id='par_1_23' title="bbox 2179 1023 3757 1097">
     <span class='ocr_line' id='line_1_24' title="bbox 2179 1023 3757 1097; baseline 0.004 -18"><span class='ocrx_word' id='word_1_171' title='bbox 2179 1023 2365 1079; x_wconf 80' lang='lat' dir='ltr'><strong>Melior</strong></span> <span class='ocrx_word' id='word_1_172' title='bbox 2393 1035 2467 1078; x_wconf 86' lang='lat' dir='ltr'><strong>est</strong></span> <span class='ocrx_word' id='word_1_173' title='bbox 2492 1025 2689 1095; x_wconf 85' lang='lat' dir='ltr'><strong>patiens</strong></span> <span class='ocrx_word' id='word_1_174' title='bbox 2719 1035 2993 1094; x_wconf 85' lang='lat' dir='ltr'><strong>arrogante</strong></span> <span class='ocrx_word' id='word_1_175' title='bbox 3025 1025 3222 1095; x_wconf 82' lang='lat' dir='ltr'><strong>(Eccle.</strong></span> <span class='ocrx_word' id='word_1_176' title='bbox 3255 1042 3327 1082; x_wconf 87' lang='lat' dir='ltr'><strong>vn</strong></span> <span class='ocrx_word' id='word_1_177' title='bbox 3347 1067 3364 1093; x_wconf 88' lang='lat'><strong>,</strong></span> <span class='ocrx_word' id='word_1_178' title='bbox 3396 1027 3476 1097; x_wconf 75' lang='lat' dir='ltr'><strong>tl).</strong></span> <span class='ocrx_word' id='word_1_179' title='bbox 3515 1029 3649 1096; x_wconf 84' lang='lat' dir='ltr'><strong>Quia</strong></span> <span class='ocrx_word' id='word_1_180' title='bbox 3678 1031 3757 1085; x_wconf 88' lang='lat' dir='ltr'><strong>vi-</strong></span> 
     </span>
    </p>
   </div>
   <div class='ocr_carea' id='block_1_24' title="bbox 2175 1117 3756 1192">
    <p class='ocr_par' dir='ltr' id='par_1_24' title="bbox 2175 1117 3756 1192">
     <span class='ocr_line' id='line_1_25' title="bbox 2175 1117 3756 1192; baseline 0.003 -19"><span class='ocrx_word' id='word_1_181' title='bbox 2175 1117 2370 1173; x_wconf 80' lang='lat' dir='ltr'><strong>delicet</strong></span> <span class='ocrx_word' id='word_1_182' title='bbox 2399 1118 2549 1188; x_wconf 81' lang='lat' dir='ltr'><strong>eligit</strong></span> <span class='ocrx_word' id='word_1_183' title='bbox 2579 1119 2782 1186; x_wconf 88' lang='lat' dir='ltr'><strong>patiens</strong></span> <span class='ocrx_word' id='word_1_184' title='bbox 2804 1117 3058 1187; x_wconf 69' lang='lat' dir='ltr'><strong>quat-libet</strong></span> <span class='ocrx_word' id='word_1_185' title='bbox 3081 1117 3222 1171; x_wconf 73' lang='lat' dir='ltr'><strong>triala</strong></span> <span class='ocrx_word' id='word_1_186' title='bbox 3247 1118 3454 1188; x_wconf 86' lang='lat' dir='ltr'><strong>perpeti</strong></span> <span class='ocrx_word' id='word_1_187' title='bbox 3474 1134 3632 1192; x_wconf 90' lang='lat' dir='ltr'><strong>quam</strong></span> <span class='ocrx_word' id='word_1_188' title='bbox 3665 1135 3756 1191; x_wconf 91' lang='lat' dir='ltr'><strong>per</strong></span> 
     </span>
    </p>
   </div>
   <div class='ocr_carea' id='block_1_25' title="bbox 2176 1212 3756 1282">
    <p class='ocr_par' dir='ltr' id='par_1_25' title="bbox 2176 1212 3756 1282">
     <span class='ocr_line' id='line_1_26' title="bbox 2176 1212 3756 1282; baseline 0.004 -16"><span class='ocrx_word' id='word_1_189' title='bbox 2176 1213 2550 1268; x_wconf 85' lang='lat' dir='ltr'><strong>ostentationis</strong></span> <span class='ocrx_word' id='word_1_190' title='bbox 2566 1213 2751 1266; x_wconf 90' lang='lat' dir='ltr'><strong>vitium</strong></span> <span class='ocrx_word' id='word_1_191' title='bbox 2766 1212 2903 1266; x_wconf 75' lang='lat' dir='ltr'><strong>bona</strong></span> <span class='ocrx_word' id='word_1_192' title='bbox 2918 1228 3013 1267; x_wconf 90' lang='lat' dir='ltr'><strong>sua</strong></span> <span class='ocrx_word' id='word_1_193' title='bbox 3030 1213 3238 1268; x_wconf 86' lang='lat' dir='ltr'><strong>occulta</strong></span> <span class='ocrx_word' id='word_1_194' title='bbox 3254 1213 3525 1282; x_wconf 75' lang='lat' dir='ltr'><strong>cognosci.</strong></span> <span class='ocrx_word' id='word_1_195' title='bbox 3546 1215 3616 1268; x_wconf 81' lang='lat' dir='ltr'><strong>At</strong></span> <span class='ocrx_word' id='word_1_196' title='bbox 3636 1229 3756 1272; x_wconf 88' lang='lat' dir='ltr'><strong>con-</strong></span> 
     </span>
    </p>
   </div>
   <div class='ocr_carea' id='block_1_26' title="bbox 2175 1302 3754 1373">
    <p class='ocr_par' dir='ltr' id='par_1_26' title="bbox 2175 1302 3754 1373">
     <span class='ocr_line' id='line_1_27' title="bbox 2175 1302 3754 1373; baseline 0.003 -16"><span class='ocrx_word' id='word_1_197' title='bbox 2175 1311 2256 1357; x_wconf 91' lang='lat' dir='ltr'><strong>tra</strong></span> <span class='ocrx_word' id='word_1_198' title='bbox 2273 1303 2419 1372; x_wconf 87' lang='lat' dir='ltr'><strong>eligit</strong></span> <span class='ocrx_word' id='word_1_199' title='bbox 2437 1317 2692 1372; x_wconf 79' lang='lat' dir='ltr'><strong>arrogans</strong></span> <span class='ocrx_word' id='word_1_200' title='bbox 2715 1302 2853 1358; x_wconf 89' lang='lat' dir='ltr'><strong>bona</strong></span> <span class='ocrx_word' id='word_1_201' title='bbox 2873 1302 2940 1358; x_wconf 88' lang='lat' dir='ltr'><strong>de</strong></span> <span class='ocrx_word' id='word_1_202' title='bbox 2963 1319 3021 1358; x_wconf 84' lang='lat' dir='ltr'><strong>se</strong></span> <span class='ocrx_word' id='word_1_203' title='bbox 3045 1303 3127 1357; x_wconf 90' lang='lat' dir='ltr'><strong>vel</strong></span> <span class='ocrx_word' id='word_1_204' title='bbox 3143 1302 3274 1359; x_wconf 75' lang='lat' dir='ltr'><strong>falsa</strong></span> <span class='ocrx_word' id='word_1_205' title='bbox 3296 1303 3508 1373; x_wconf 78' lang='lat' dir='ltr'><strong>jactari,</strong></span> <span class='ocrx_word' id='word_1_206' title='bbox 3530 1321 3598 1360; x_wconf 91' lang='lat' dir='ltr'><strong>ne</strong></span> <span class='ocrx_word' id='word_1_207' title='bbox 3614 1307 3754 1362; x_wconf 84' lang='lat' dir='ltr'><strong>mala</strong></span> 
     </span>
    </p>
   </div>
   <div class='ocr_carea' id='block_1_27' title="bbox 2173 1393 3756 1467">
    <p class='ocr_par' dir='ltr' id='par_1_27' title="bbox 2173 1393 3756 1467">
     <span class='ocr_line' id='line_1_28' title="bbox 2173 1393 3756 1467; baseline 0.003 -19"><span class='ocrx_word' id='word_1_208' title='bbox 2173 1395 2344 1464; x_wconf 90' lang='lat' dir='ltr'><strong>possit</strong></span> <span class='ocrx_word' id='word_1_209' title='bbox 2370 1393 2454 1448; x_wconf 91' lang='lat' dir='ltr'><strong>vel</strong></span> <span class='ocrx_word' id='word_1_210' title='bbox 2484 1394 2702 1448; x_wconf 91' lang='lat' dir='ltr'><strong>minima</strong></span> <span class='ocrx_word' id='word_1_211' title='bbox 2728 1393 2956 1463; x_wconf 91' lang='lat' dir='ltr'><strong>perpeti.</strong></span> <span class='ocrx_word' id='word_1_212' title='bbox 2997 1395 3127 1462; x_wconf 88' lang='lat' dir='ltr'><strong>Quia</strong></span> <span class='ocrx_word' id='word_1_213' title='bbox 3157 1395 3319 1467; x_wconf 80' lang='lat' dir='ltr'><strong>igitur</strong></span> <span class='ocrx_word' id='word_1_214' title='bbox 3348 1412 3468 1450; x_wconf 88' lang='lat' dir='ltr'><strong>cum</strong></span> <span class='ocrx_word' id='word_1_215' title='bbox 3500 1400 3756 1466; x_wconf 85' lang='lat' dir='ltr'><strong>patientia</strong></span> 
     </span>
    </p>
   </div>
   <div class='ocr_carea' id='block_1_28' title="bbox 2173 1485 3758 1558">
    <p class='ocr_par' dir='ltr' id='par_1_28' title="bbox 2173 1485 3758 1558">
     <span class='ocr_line' id='line_1_29' title="bbox 2173 1485 3758 1558; baseline 0.001 -18"><span class='ocrx_word' id='word_1_216' title='bbox 2173 1485 2510 1555; x_wconf 87' lang='lat' dir='ltr'><strong>relinquitur,</strong></span> <span class='ocrx_word' id='word_1_217' title='bbox 2549 1485 2708 1540; x_wconf 89' lang='lat' dir='ltr'><strong>etiam</strong></span> <span class='ocrx_word' id='word_1_218' title='bbox 2743 1485 2884 1542; x_wconf 85' lang='lat' dir='ltr'><strong>bona</strong></span> <span class='ocrx_word' id='word_1_219' title='bbox 2915 1485 3121 1555; x_wconf 89' lang='lat' dir='ltr'><strong>reliqua</strong></span> <span class='ocrx_word' id='word_1_220' title='bbox 3144 1501 3264 1556; x_wconf 71' lang='lat' dir='ltr'><strong>quae</strong></span> <span class='ocrx_word' id='word_1_221' title='bbox 3299 1487 3406 1556; x_wconf 88' lang='lat' dir='ltr'><strong>jam</strong></span> <span class='ocrx_word' id='word_1_222' title='bbox 3436 1498 3584 1558; x_wconf 83' lang='lat' dir='ltr'><strong>gesta</strong></span> <span class='ocrx_word' id='word_1_223' title='bbox 3635 1497 3758 1544; x_wconf 92' lang='lat' dir='ltr'><strong>sunt</strong></span> 
     </span>
    </p>
   </div>
   <div class='ocr_carea' id='block_1_29' title="bbox 2173 1577 3760 1646">
    <p class='ocr_par' dir='ltr' id='par_1_29' title="bbox 2173 1577 3760 1646">
     <span class='ocr_line' id='line_1_30' title="bbox 2173 1577 3760 1646; baseline 0.003 -12"><span class='ocrx_word' id='word_1_224' title='bbox 2173 1579 2547 1646; x_wconf 87' lang='lat' dir='ltr'><strong>destruuntur,</strong></span> <span class='ocrx_word' id='word_1_225' title='bbox 2593 1589 2740 1636; x_wconf 85' lang='lat' dir='ltr'><strong>recte</strong></span> <span class='ocrx_word' id='word_1_226' title='bbox 2780 1578 2847 1636; x_wconf 88' lang='lat' dir='ltr'><strong>ad</strong></span> <span class='ocrx_word' id='word_1_227' title='bbox 2879 1577 3216 1636; x_wconf 77' lang='lat' dir='ltr'><strong>Eaechielem</strong></span> <span class='ocrx_word' id='word_1_228' title='bbox 3245 1580 3300 1634; x_wconf 91' lang='lat' dir='ltr'><strong>in</strong></span> <span class='ocrx_word' id='word_1_229' title='bbox 3327 1581 3483 1634; x_wconf 88' lang='lat' dir='ltr'><strong>altari</strong></span> <span class='ocrx_word' id='word_1_230' title='bbox 3518 1582 3610 1636; x_wconf 85' lang='lat' dir='ltr'><strong>Det</strong></span> <span class='ocrx_word' id='word_1_231' title='bbox 3643 1583 3760 1640; x_wconf 87' lang='lat' dir='ltr'><strong>ﬁeri</strong></span> 
     </span>
    </p>
   </div>
   <div class='ocr_carea' id='block_1_30' title="bbox 2173 1671 3759 1745">
    <p class='ocr_par' dir='ltr' id='par_1_30' title="bbox 2173 1671 3759 1745">
     <span class='ocr_line' id='line_1_31' title="bbox 2173 1671 3759 1745; baseline 0.002 -17"><span class='ocrx_word' id='word_1_232' title='bbox 2173 1671 2316 1730; x_wconf 80' lang='lat' dir='ltr'><strong>fossa</strong></span> <span class='ocrx_word' id='word_1_233' title='bbox 2347 1673 2680 1744; x_wconf 60' lang='lat' dir='ltr'><strong>praecipitur,</strong></span> <span class='ocrx_word' id='word_1_234' title='bbox 2705 1683 2763 1728; x_wconf 85' lang='lat' dir='ltr'><strong>ut</strong></span> <span class='ocrx_word' id='word_1_235' title='bbox 2790 1674 2842 1727; x_wconf 92' lang='lat' dir='ltr'><strong>in</strong></span> <span class='ocrx_word' id='word_1_236' title='bbox 2871 1687 2933 1728; x_wconf 86' lang='lat' dir='ltr'><strong>ea</strong></span> <span class='ocrx_word' id='word_1_237' title='bbox 2963 1672 3208 1729; x_wconf 83' lang='lat' dir='ltr'><strong>videlicet</strong></span> <span class='ocrx_word' id='word_1_238' title='bbox 3239 1676 3580 1745; x_wconf 87' lang='lat' dir='ltr'><strong>superposita</strong></span> <span class='ocrx_word' id='word_1_239' title='bbox 3607 1676 3759 1731; x_wconf 77' lang='lat' dir='ltr'><strong>ltolo~</strong></span> 
     </span>
    </p>
   </div>
   <div class='ocr_carea' id='block_1_31' title="bbox 486 1763 3760 1847">
    <p class='ocr_par' dir='ltr' id='par_1_31' title="bbox 486 1763 3760 1847">
     <span class='ocr_line' id='line_1_32' title="bbox 486 1763 3760 1847; baseline 0.001 -29"><span class='ocrx_word' id='word_1_240' title='bbox 486 1763 697 1830; x_wconf 79' lang='lat' dir='ltr'><strong>Christi,</strong></span> <span class='ocrx_word' id='word_1_241' title='bbox 729 1774 776 1818; x_wconf 89' lang='lat' dir='ltr'><strong>et</strong></span> <span class='ocrx_word' id='word_1_242' title='bbox 803 1773 990 1820; x_wconf 77' lang='lat' dir='ltr'><strong>nostra:</strong></span> <span class='ocrx_word' id='word_1_243' title='bbox 1011 1767 1419 1838; x_wconf 79' lang='lat' dir='ltr'><strong>congregationis</strong></span> <span class='ocrx_word' id='word_1_244' title='bbox 1442 1768 1496 1820; x_wconf 88' lang='lat' dir='ltr'><strong>in</strong></span> <span class='ocrx_word' id='word_1_245' title='bbox 1524 1767 1715 1835; x_wconf 87' lang='lat' dir='ltr'><strong>ipsum,</strong></span> <span class='ocrx_word' id='word_1_246' title='bbox 1752 1777 1809 1821; x_wconf 85' lang='lat' dir='ltr'><strong>ut</strong></span> <span class='ocrx_word' id='word_1_247' title='bbox 1837 1784 1941 1822; x_wconf 88' lang='lat' dir='ltr'><strong>non</strong></span> <span class='ocrx_word' id='word_1_248' title='bbox 1970 1769 2070 1822; x_wconf 84' lang='lat' dir='ltr'><strong>cito</strong></span> <span class='ocrx_word' id='word_1_249' title='bbox 2102 1781 2151 1847; x_wconf 66' lang='grc' dir='ltr'><strong>Β</strong></span> <span class='ocrx_word' id='word_1_250' title='bbox 2176 1775 2364 1821; x_wconf 87' lang='lat' dir='ltr'><strong>causta</strong></span> <span class='ocrx_word' id='word_1_251' title='bbox 2389 1776 2674 1821; x_wconf 84' lang='lat' dir='ltr'><strong>serventur</strong></span> <span class='ocrx_word' id='word_1_252' title='bbox 2705 1763 2921 1834; x_wconf 84' lang='lat' dir='ltr'><strong>(Ezech.</strong></span> <span class='ocrx_word' id='word_1_253' title='bbox 2941 1779 3091 1830; x_wconf 80' lang='lat' dir='ltr'><strong>mu,</strong></span> <span class='ocrx_word' id='word_1_254' title='bbox 3117 1763 3229 1836; x_wconf 78' lang='grc'><strong>15).</strong></span> <span class='ocrx_word' id='word_1_255' title='bbox 3259 1764 3318 1822; x_wconf 88' lang='lat' dir='ltr'><strong>Si</strong></span> <span class='ocrx_word' id='word_1_256' title='bbox 3348 1766 3491 1820; x_wconf 90' lang='lat' dir='ltr'><strong>enim</strong></span> <span class='ocrx_word' id='word_1_257' title='bbox 3520 1766 3576 1820; x_wconf 90' lang='lat' dir='ltr'><strong>in</strong></span> <span class='ocrx_word' id='word_1_258' title='bbox 3604 1765 3760 1824; x_wconf 85' lang='lat' dir='ltr'><strong>altari</strong></span> 
     </span>
    </p>
   </div>
   <div class='ocr_carea' id='block_1_32' title="bbox 486 1859 2073 1929">
    <p class='ocr_par' dir='ltr' id='par_1_32' title="bbox 486 1859 2073 1929">
     <span class='ocr_line' id='line_1_33' title="bbox 486 1859 2073 1929; baseline 0.001 -17"><span class='ocrx_word' id='word_1_259' title='bbox 486 1859 783 1912; x_wconf 87' lang='lat' dir='ltr'><strong>moveamini</strong></span> <span class='ocrx_word' id='word_1_260' title='bbox 809 1874 842 1910; x_wconf 89' lang='lat' dir='ltr'><strong>a</strong></span> <span class='ocrx_word' id='word_1_261' title='bbox 865 1868 1026 1912; x_wconf 83' lang='lat' dir='ltr'><strong>vestro</strong></span> <span class='ocrx_word' id='word_1_262' title='bbox 1051 1874 1221 1924; x_wconf 85' lang='lat' dir='ltr'><strong>sensu,</strong></span> <span class='ocrx_word' id='word_1_263' title='bbox 1255 1874 1413 1927; x_wconf 82' lang='lat' dir='ltr'><strong>neque</strong></span> <span class='ocrx_word' id='word_1_264' title='bbox 1443 1859 1762 1924; x_wconf 87' lang='lat' dir='ltr'><strong>terreamini,</strong></span> <span class='ocrx_word' id='word_1_265' title='bbox 1793 1875 1956 1929; x_wconf 79' lang='lat' dir='ltr'><strong>neque</strong></span> <span class='ocrx_word' id='word_1_266' title='bbox 1985 1876 2073 1926; x_wconf 87' lang='lat' dir='ltr'><strong>per</strong></span> 
     </span>
    </p>
   </div>
   <div class='ocr_carea' id='block_1_33' title="bbox 486 1950 2072 2022">
    <p class='ocr_par' dir='ltr' id='par_1_33' title="bbox 486 1950 2072 2022">
     <span class='ocr_line' id='line_1_34' title="bbox 486 1950 2072 2022; baseline 0.001 -18"><span class='ocrx_word' id='word_1_267' title='bbox 486 1950 739 2020; x_wconf 84' lang='lat' dir='ltr'><strong>spiritum,</strong></span> <span class='ocrx_word' id='word_1_268' title='bbox 783 1965 940 2018; x_wconf 80' lang='lat' dir='ltr'><strong>neque</strong></span> <span class='ocrx_word' id='word_1_269' title='bbox 978 1965 1067 2020; x_wconf 87' lang='lat' dir='ltr'><strong>per</strong></span> <span class='ocrx_word' id='word_1_270' title='bbox 1102 1966 1415 2015; x_wconf 76' lang='lat' dir='ltr'><strong>sermonem,</strong></span> <span class='ocrx_word' id='word_1_271' title='bbox 1465 1965 1627 2017; x_wconf 80' lang='lat' dir='ltr'><strong>neque</strong></span> <span class='ocrx_word' id='word_1_272' title='bbox 1679 1967 1770 2020; x_wconf 86' lang='lat' dir='ltr'><strong>per</strong></span> <span class='ocrx_word' id='word_1_273' title='bbox 1807 1952 2072 2022; x_wconf 75' lang='lat' dir='ltr'><strong>epistolam</strong></span> 
     </span>
    </p>
   </div>
   <div class='ocr_carea' id='block_1_34' title="bbox 486 2041 2072 2112">
    <p class='ocr_par' dir='ltr' id='par_1_34' title="bbox 486 2041 2072 2112">
     <span class='ocr_line' id='line_1_35' title="bbox 486 2041 2072 2112; baseline 0.001 -16"><span class='ocrx_word' id='word_1_274' title='bbox 486 2050 727 2110; x_wconf 80' lang='lat' dir='ltr'><strong>tanquam</strong></span> <span class='ocrx_word' id='word_1_275' title='bbox 769 2056 858 2112; x_wconf 89' lang='lat' dir='ltr'><strong>per</strong></span> <span class='ocrx_word' id='word_1_276' title='bbox 895 2057 987 2096; x_wconf 86' lang='lat' dir='ltr'><strong>nos</strong></span> <span class='ocrx_word' id='word_1_277' title='bbox 1038 2041 1282 2108; x_wconf 83' lang='lat' dir='ltr'><strong>missam,</strong></span> <span class='ocrx_word' id='word_1_278' title='bbox 1322 2043 1472 2112; x_wconf 86' lang='lat' dir='ltr'><strong>quasi</strong></span> <span class='ocrx_word' id='word_1_279' title='bbox 1521 2041 1671 2096; x_wconf 88' lang='lat' dir='ltr'><strong>instet</strong></span> <span class='ocrx_word' id='word_1_280' title='bbox 1719 2043 1828 2097; x_wconf 83' lang='lat' dir='ltr'><strong>dies</strong></span> <span class='ocrx_word' id='word_1_281' title='bbox 1861 2041 2072 2098; x_wconf 82' lang='lat' dir='ltr'><strong>Domini</strong></span> 
     </span>
    </p>
   </div>
   <div class='ocr_carea' id='block_1_35' title="bbox 486 2141 2073 2219">
    <p class='ocr_par' dir='ltr' id='par_1_35' title="bbox 486 2141 2073 2219">
     <span class='ocr_line' id='line_1_36' title="bbox 486 2141 2073 2219; baseline -0.001 -22"><span class='ocrx_word' id='word_1_282' title='bbox 486 2142 648 2219; x_wconf 75' lang='lat' dir='ltr'><strong>(Ibid.</strong></span> <span class='ocrx_word' id='word_1_283' title='bbox 680 2159 752 2211; x_wconf 83' lang='grc' dir='ltr'><strong>ιι,</strong></span> <span class='ocrx_word' id='word_1_284' title='bbox 794 2141 1010 2214; x_wconf 78' lang='lat' dir='ltr'><strong>l).Egit</strong></span> <span class='ocrx_word' id='word_1_285' title='bbox 1038 2143 1182 2198; x_wconf 89' lang='lat' dir='ltr'><strong>enim</strong></span> <span class='ocrx_word' id='word_1_286' title='bbox 1213 2157 1372 2198; x_wconf 87' lang='lat' dir='ltr'><strong>verus</strong></span> <span class='ocrx_word' id='word_1_287' title='bbox 1399 2141 1608 2208; x_wconf 80' lang='lat' dir='ltr'><strong>doctor,</strong></span> <span class='ocrx_word' id='word_1_288' title='bbox 1638 2149 1698 2197; x_wconf 91' lang='lat' dir='ltr'><strong>ut</strong></span> <span class='ocrx_word' id='word_1_289' title='bbox 1743 2142 1890 2210; x_wconf 89' lang='lat' dir='ltr'><strong>prius</strong></span> <span class='ocrx_word' id='word_1_290' title='bbox 1918 2142 2073 2195; x_wconf 87' lang='lat' dir='ltr'><strong>audi-</strong></span> 
     </span>
    </p>
   </div>
   <div class='ocr_carea' id='block_1_36' title="bbox 483 2233 2070 2305">
    <p class='ocr_par' dir='ltr' id='par_1_36' title="bbox 483 2233 2070 2305">
     <span class='ocr_line' id='line_1_37' title="bbox 483 2233 2070 2305; baseline -0.004 -13"><span class='ocrx_word' id='word_1_291' title='bbox 483 2245 605 2294; x_wconf 87' lang='lat' dir='ltr'><strong>rent</strong></span> <span class='ocrx_word' id='word_1_292' title='bbox 645 2235 843 2292; x_wconf 84' lang='lat' dir='ltr'><strong>laudati</strong></span> <span class='ocrx_word' id='word_1_293' title='bbox 891 2235 1036 2302; x_wconf 82' lang='lat' dir='ltr'><strong>quod</strong></span> <span class='ocrx_word' id='word_1_294' title='bbox 1078 2244 1567 2305; x_wconf 83' lang='lat' dir='ltr'><strong>recognoscerent,</strong></span> <span class='ocrx_word' id='word_1_295' title='bbox 1617 2243 1670 2290; x_wconf 89' lang='lat' dir='ltr'><strong>et</strong></span> <span class='ocrx_word' id='word_1_296' title='bbox 1730 2233 2070 2302; x_wconf 83' lang='lat' dir='ltr'><strong>postmodum</strong></span> 
     </span>
    </p>
   </div>
   <div class='ocr_carea' id='block_1_37' title="bbox 486 2327 2070 2397">
    <p class='ocr_par' dir='ltr' id='par_1_37' title="bbox 486 2327 2070 2397">
     <span class='ocr_line' id='line_1_38' title="bbox 486 2327 2070 2397; baseline -0.002 -15"><span class='ocrx_word' id='word_1_297' title='bbox 486 2327 631 2397; x_wconf 90' lang='lat' dir='ltr'><strong>quod</strong></span> <span class='ocrx_word' id='word_1_298' title='bbox 656 2327 928 2383; x_wconf 81' lang='lat' dir='ltr'><strong>exhortati</strong></span> <span class='ocrx_word' id='word_1_299' title='bbox 971 2335 1354 2397; x_wconf 88' lang='lat' dir='ltr'><strong>sequerentur;</strong></span> <span class='ocrx_word' id='word_1_300' title='bbox 1391 2335 1650 2396; x_wconf 85' lang='lat' dir='ltr'><strong>quatenus</strong></span> <span class='ocrx_word' id='word_1_301' title='bbox 1690 2339 1880 2381; x_wconf 85' lang='lat' dir='ltr'><strong>eorum</strong></span> <span class='ocrx_word' id='word_1_302' title='bbox 1927 2339 2070 2380; x_wconf 82' lang='lat' dir='ltr'><strong>men-</strong></span> 
     </span>
    </p>
   </div>
   <div class='ocr_carea' id='block_1_38' title="bbox 492 2418 2072 2489">
    <p class='ocr_par' dir='ltr' id='par_1_38' title="bbox 492 2418 2072 2489">
     <span class='ocr_line' id='line_1_39' title="bbox 492 2418 2072 2489; baseline -0.001 -14"><span class='ocrx_word' id='word_1_303' title='bbox 492 2429 694 2476; x_wconf 83' lang='lat' dir='ltr'><strong>temne</strong></span> <span class='ocrx_word' id='word_1_304' title='bbox 742 2420 1038 2476; x_wconf 82' lang='lat' dir='ltr'><strong>admonitio</strong></span> <span class='ocrx_word' id='word_1_305' title='bbox 1077 2418 1360 2489; x_wconf 86' lang='lat' dir='ltr'><strong>subjuncta</strong></span> <span class='ocrx_word' id='word_1_306' title='bbox 1405 2427 1738 2484; x_wconf 84' lang='lat' dir='ltr'><strong>concuteret,</strong></span> <span class='ocrx_word' id='word_1_307' title='bbox 1771 2418 1886 2472; x_wconf 88' lang='lat' dir='ltr'><strong>laus</strong></span> <span class='ocrx_word' id='word_1_308' title='bbox 1935 2431 2072 2488; x_wconf 80' lang='lat' dir='ltr'><strong>prae-</strong></span> 
     </span>
    </p>
   </div>
   <div class='ocr_carea' id='block_1_39' title="bbox 485 2510 2071 2582">
    <p class='ocr_par' dir='ltr' id='par_1_39' title="bbox 485 2510 2071 2582">
     <span class='ocr_line' id='line_1_40' title="bbox 485 2510 2071 2582; baseline -0.001 -13"><span class='ocrx_word' id='word_1_309' title='bbox 485 2515 649 2569; x_wconf 84' lang='lat' dir='ltr'><strong>missa</strong></span> <span class='ocrx_word' id='word_1_310' title='bbox 693 2513 980 2579; x_wconf 81' lang='lat' dir='ltr'><strong>solidaret;</strong></span> <span class='ocrx_word' id='word_1_311' title='bbox 1011 2522 1067 2568; x_wconf 91' lang='lat' dir='ltr'><strong>et</strong></span> <span class='ocrx_word' id='word_1_312' title='bbox 1109 2510 1202 2582; x_wconf 90' lang='lat' dir='ltr'><strong>qui</strong></span> <span class='ocrx_word' id='word_1_313' title='bbox 1256 2522 1557 2568; x_wconf 83' lang='lat' dir='ltr'><strong>commotos</strong></span> <span class='ocrx_word' id='word_1_314' title='bbox 1599 2527 1692 2568; x_wconf 86' lang='lat' dir='ltr'><strong>eos</strong></span> <span class='ocrx_word' id='word_1_315' title='bbox 1743 2513 1901 2567; x_wconf 90' lang='lat' dir='ltr'><strong>vicini</strong></span> <span class='ocrx_word' id='word_1_316' title='bbox 1948 2512 2071 2568; x_wconf 83' lang='lat' dir='ltr'><strong>linis</strong></span> 
     </span>
    </p>
   </div>
   <div class='ocr_carea' id='block_1_40' title="bbox 485 2606 2066 2676">
    <p class='ocr_par' dir='ltr' id='par_1_40' title="bbox 485 2606 2066 2676">
     <span class='ocr_line' id='line_1_41' title="bbox 485 2606 2066 2676; baseline -0.001 -13"><span class='ocrx_word' id='word_1_317' title='bbox 485 2606 789 2676; x_wconf 79' lang='lat' dir='ltr'><strong>suSpicione</strong></span> <span class='ocrx_word' id='word_1_318' title='bbox 851 2615 1194 2675; x_wconf 72' lang='lat' dir='ltr'><strong>cognoverat,</strong></span> <span class='ocrx_word' id='word_1_319' title='bbox 1235 2620 1343 2661; x_wconf 89' lang='lat' dir='ltr'><strong>non</strong></span> <span class='ocrx_word' id='word_1_320' title='bbox 1384 2606 1497 2676; x_wconf 86' lang='lat' dir='ltr'><strong>jam</strong></span> <span class='ocrx_word' id='word_1_321' title='bbox 1542 2606 1895 2676; x_wconf 64' lang='lat' dir='ltr'><strong>redarguebat</strong></span> <span class='ocrx_word' id='word_1_322' title='bbox 1949 2624 2066 2662; x_wconf 90' lang='lat' dir='ltr'><strong>mo-</strong></span> 
     </span>
    </p>
   </div>
   <div class='ocr_carea' id='block_1_41' title="bbox 486 2696 2072 2766">
    <p class='ocr_par' dir='ltr' id='par_1_41' title="bbox 486 2696 2072 2766">
     <span class='ocr_line' id='line_1_42' title="bbox 486 2696 2072 2766; baseline 0.001 -14"><span class='ocrx_word' id='word_1_323' title='bbox 486 2704 603 2766; x_wconf 88' lang='lat' dir='ltr'><strong>tos,</strong></span> <span class='ocrx_word' id='word_1_324' title='bbox 635 2696 730 2752; x_wconf 88' lang='lat' dir='ltr'><strong>sed</strong></span> <span class='ocrx_word' id='word_1_325' title='bbox 773 2696 927 2766; x_wconf 90' lang='lat' dir='ltr'><strong>quasi</strong></span> <span class='ocrx_word' id='word_1_326' title='bbox 982 2705 1246 2752; x_wconf 85' lang='lat' dir='ltr'><strong>transacta</strong></span> <span class='ocrx_word' id='word_1_327' title='bbox 1297 2697 1579 2764; x_wconf 79' lang='lat' dir='ltr'><strong>nesciens,</strong></span> <span class='ocrx_word' id='word_1_328' title='bbox 1627 2698 1799 2754; x_wconf 78' lang='lat' dir='ltr'><strong>adhuc</strong></span> <span class='ocrx_word' id='word_1_329' title='bbox 1832 2713 2072 2754; x_wconf 77' lang='lat' dir='ltr'><strong>commo-</strong></span> 
     </span>
    </p>
   </div>
   <div class='ocr_carea' id='block_1_42' title="bbox 487 2789 2070 2861">
    <p class='ocr_par' dir='ltr' id='par_1_42' title="bbox 487 2789 2070 2861">
     <span class='ocr_line' id='line_1_43' title="bbox 487 2789 2070 2861; baseline 0.003 -16"><span class='ocrx_word' id='word_1_330' title='bbox 487 2791 600 2847; x_wconf 90' lang='lat' dir='ltr'><strong>veri</strong></span> <span class='ocrx_word' id='word_1_331' title='bbox 630 2789 980 2861; x_wconf 76' lang='lat' dir='ltr'><strong>prohibebat;</strong></span> <span class='ocrx_word' id='word_1_332' title='bbox 1033 2799 1090 2846; x_wconf 81' lang='lat' dir='ltr'><strong>ut</strong></span> <span class='ocrx_word' id='word_1_333' title='bbox 1118 2790 1242 2846; x_wconf 91' lang='lat' dir='ltr'><strong>dum</strong></span> <span class='ocrx_word' id='word_1_334' title='bbox 1269 2791 1337 2845; x_wconf 91' lang='lat' dir='ltr'><strong>de</strong></span> <span class='ocrx_word' id='word_1_335' title='bbox 1364 2800 1392 2828; x_wconf 73' lang='grc' dir='ltr'><strong>ει</strong></span> <span class='ocrx_word' id='word_1_336' title='bbox 1419 2791 1532 2860; x_wconf 88' lang='lat' dir='ltr'><strong>ipsa</strong></span> <span class='ocrx_word' id='word_1_337' title='bbox 1562 2793 1779 2848; x_wconf 82' lang='lat' dir='ltr'><strong>levitate</strong></span> <span class='ocrx_word' id='word_1_338' title='bbox 1819 2793 2070 2850; x_wconf 82' lang='lat' dir='ltr'><strong>motionis</strong></span> 
     </span>
    </p>
   </div>
   <div class='ocr_carea' id='block_1_43' title="bbox 488 2883 2072 2955">
    <p class='ocr_par' dir='ltr' id='par_1_43' title="bbox 488 2883 2072 2955">
     <span class='ocr_line' id='line_1_44' title="bbox 488 2883 2072 2955; baseline 0.004 -19"><span class='ocrx_word' id='word_1_339' title='bbox 488 2883 832 2953; x_wconf 63' lang='lat' dir='ltr'><strong>praedicatori</strong></span> <span class='ocrx_word' id='word_1_340' title='bbox 859 2899 958 2940; x_wconf 90' lang='lat' dir='ltr'><strong>suo</strong></span> <span class='ocrx_word' id='word_1_341' title='bbox 985 2899 1046 2940; x_wconf 87' lang='lat' dir='ltr'><strong>se</strong></span> <span class='ocrx_word' id='word_1_342' title='bbox 1075 2884 1374 2955; x_wconf 83' lang='lat' dir='ltr'><strong>incognitas</strong></span> <span class='ocrx_word' id='word_1_343' title='bbox 1420 2884 1744 2948; x_wconf 88' lang='lat' dir='ltr'><strong>crederent,-</strong></span> <span class='ocrx_word' id='word_1_344' title='bbox 1795 2895 1943 2942; x_wconf 85' lang='lat' dir='ltr'><strong>tanto</strong></span> <span class='ocrx_word' id='word_1_345' title='bbox 1986 2901 2072 2943; x_wconf 88' lang='lat' dir='ltr'><strong>re-</strong></span> 
     </span>
    </p>
   </div>
   <div class='ocr_carea' id='block_1_44' title="bbox 485 2975 2072 3049">
    <p class='ocr_par' dir='ltr' id='par_1_44' title="bbox 485 2975 2072 3049">
     <span class='ocr_line' id='line_1_45' title="bbox 485 2975 2072 3049; baseline 0.004 -20"><span class='ocrx_word' id='word_1_346' title='bbox 485 2975 874 3049; x_wconf 82' lang='lat' dir='ltr'><strong>prehensibiles</strong></span> <span class='ocrx_word' id='word_1_347' title='bbox 889 2976 1025 3045; x_wconf 77' lang='lat' dir='ltr'><strong>ﬁeri,</strong></span> <span class='ocrx_word' id='word_1_348' title='bbox 1039 2985 1240 3048; x_wconf 84' lang='lat' dir='ltr'><strong>quanto</strong></span> <span class='ocrx_word' id='word_1_349' title='bbox 1266 2988 1318 3034; x_wconf 89' lang='lat' dir='ltr'><strong>et</strong></span> <span class='ocrx_word' id='word_1_350' title='bbox 1332 2979 1582 3049; x_wconf 72' lang='lat' dir='ltr'><strong>cognosci</strong></span> <span class='ocrx_word' id='word_1_351' title='bbox 1609 2978 1676 3035; x_wconf 84' lang='lat' dir='ltr'><strong>ab</strong></span> <span class='ocrx_word' id='word_1_352' title='bbox 1696 2978 1790 3037; x_wconf 84' lang='lat' dir='ltr'><strong>illo</strong></span> <span class='ocrx_word' id='word_1_353' title='bbox 1816 2977 2072 3036; x_wconf 76' lang='lat' dir='ltr'><strong>formida-</strong></span> 
     </span>
    </p>
   </div>
   <div class='ocr_carea' id='block_1_45' title="bbox 486 3077 628 3124">
    <p class='ocr_par' dir='ltr' id='par_1_45' title="bbox 486 3077 628 3124">
     <span class='ocr_line' id='line_1_46' title="bbox 486 3077 628 3124; baseline 0 0"><span class='ocrx_word' id='word_1_354' title='bbox 486 3077 628 3124; x_wconf 90' lang='lat' dir='ltr'><strong>rent.</strong></span> 
     </span>
    </p>
   </div>
   <div class='ocr_carea' id='block_1_46' title="bbox 854 3161 1683 3238">
    <p class='ocr_par' dir='ltr' id='par_1_46' title="bbox 854 3161 1683 3238">
     <span class='ocr_line' id='line_1_47' title="bbox 854 3161 1683 3238; baseline -0.001 -20"><span class='ocrx_word' id='word_1_355' title='bbox 854 3161 1081 3221; x_wconf 84' lang='lat' dir='ltr'><strong>CAPUT</strong></span> <span class='ocrx_word' id='word_1_356' title='bbox 1119 3162 1191 3219; x_wconf 86' lang='lat' dir='ltr'><strong>IX</strong></span> <span class='ocrx_word' id='word_1_357' title='bbox 1223 3163 1328 3238; x_wconf 73' lang='lat' dir='ltr'><strong>[AL</strong></span> <span class='ocrx_word' id='word_1_358' title='bbox 1377 3161 1683 3234; x_wconf 79' lang='lat' dir='ltr'><strong>XXXIII}.</strong></span> 
     </span>
    </p>
   </div>
   <div class='ocr_carea' id='block_1_47' title="bbox 523 3251 2027 3329">
    <p class='ocr_par' dir='ltr' id='par_1_47' title="bbox 523 3251 2027 3329">
     <span class='ocr_line' id='line_1_48' title="bbox 523 3251 2027 3329; baseline 0.007 -24"><span class='ocrx_word' id='word_1_359' title='bbox 523 3251 789 3320; x_wconf 80' lang='lat' dir='ltr'><strong>Quomodo</strong></span> <span class='ocrx_word' id='word_1_360' title='bbox 832 3257 1139 3312; x_wconf 82' lang='lat' dir='ltr'><strong>admonendi</strong></span> <span class='ocrx_word' id='word_1_361' title='bbox 1179 3258 1280 3312; x_wconf 86' lang='lat' dir='ltr'><strong>sint</strong></span> <span class='ocrx_word' id='word_1_362' title='bbox 1320 3257 1639 3325; x_wconf 81' lang='lat' dir='ltr'><strong>impatientes</strong></span> <span class='ocrx_word' id='word_1_363' title='bbox 1677 3265 1728 3313; x_wconf 89' lang='lat' dir='ltr'><strong>et</strong></span> <span class='ocrx_word' id='word_1_364' title='bbox 1758 3261 2027 3329; x_wconf 80' lang='lat' dir='ltr'><strong>patientes.</strong></span> 
     </span>
    </p>
   </div>
   <div class='ocr_carea' id='block_1_48' title="bbox 556 3339 2068 3414">
    <p class='ocr_par' dir='ltr' id='par_1_48' title="bbox 556 3339 2068 3414">
     <span class='ocr_line' id='line_1_49' title="bbox 556 3339 2068 3414; baseline 0.008 -23"><span class='ocrx_word' id='word_1_365' title='bbox 556 3339 873 3407; x_wconf 86' lang='lat' dir='ltr'><strong>(Admonitio</strong></span> <span class='ocrx_word' id='word_1_366' title='bbox 904 3341 1014 3414; x_wconf 80' lang='grc'><strong>10.)</strong></span> <span class='ocrx_word' id='word_1_367' title='bbox 1055 3341 1230 3401; x_wconf 71' lang='lat' dir='ltr'><strong>Aliter</strong></span> <span class='ocrx_word' id='word_1_368' title='bbox 1260 3344 1582 3400; x_wconf 87' lang='lat' dir='ltr'><strong>admonendi</strong></span> <span class='ocrx_word' id='word_1_369' title='bbox 1620 3355 1744 3401; x_wconf 90' lang='lat' dir='ltr'><strong>sunt</strong></span> <span class='ocrx_word' id='word_1_370' title='bbox 1786 3345 2068 3414; x_wconf 81' lang='lat' dir='ltr'><strong>impatien-</strong></span> 
     </span>
    </p>
   </div>
   <div class='ocr_carea' id='block_1_49' title="bbox 490 3434 2070 3508">
    <p class='ocr_par' dir='ltr' id='par_1_49' title="bbox 490 3434 2070 3508">
     <span class='ocr_line' id='line_1_50' title="bbox 490 3434 2070 3508; baseline 0.004 -22"><span class='ocrx_word' id='word_1_371' title='bbox 490 3439 600 3497; x_wconf 85' lang='lat' dir='ltr'><strong>tes,</strong></span> <span class='ocrx_word' id='word_1_372' title='bbox 648 3441 810 3500; x_wconf 89' lang='lat' dir='ltr'><strong>atque</strong></span> <span class='ocrx_word' id='word_1_373' title='bbox 856 3434 1012 3488; x_wconf 88' lang='lat' dir='ltr'><strong>aliter</strong></span> <span class='ocrx_word' id='word_1_374' title='bbox 1049 3437 1332 3504; x_wconf 84' lang='lat' dir='ltr'><strong>patientes.</strong></span> <span class='ocrx_word' id='word_1_375' title='bbox 1389 3437 1680 3492; x_wconf 90' lang='lat' dir='ltr'><strong>Dicendum</strong></span> <span class='ocrx_word' id='word_1_376' title='bbox 1723 3452 1956 3508; x_wconf 89' lang='lat' dir='ltr'><strong>namque</strong></span> <span class='ocrx_word' id='word_1_377' title='bbox 1983 3445 2070 3494; x_wconf 87' lang='lat' dir='ltr'><strong>est.</strong></span> 
     </span>
    </p>
   </div>
   <div class='ocr_carea' id='block_1_50' title="bbox 485 3517 2068 3601">
    <p class='ocr_par' dir='ltr' id='par_1_50' title="bbox 485 3517 2068 3601">
     <span class='ocr_line' id='line_1_51' title="bbox 485 3517 2068 3601; baseline 0.003 -22"><span class='ocrx_word' id='word_1_378' title='bbox 485 3522 888 3593; x_wconf 88' lang='lat' dir='ltr'><strong>impatientibus</strong></span> <span class='ocrx_word' id='word_1_379' title='bbox 925 3524 1049 3594; x_wconf 86' lang='lat' dir='ltr'><strong>quia</strong></span> <span class='ocrx_word' id='word_1_380' title='bbox 1105 3527 1231 3581; x_wconf 88' lang='lat' dir='ltr'><strong>dum</strong></span> <span class='ocrx_word' id='word_1_381' title='bbox 1284 3517 1562 3585; x_wconf 81' lang='lat' dir='ltr'><strong>relrenare</strong></span> <span class='ocrx_word' id='word_1_382' title='bbox 1607 3529 1859 3598; x_wconf 88' lang='lat' dir='ltr'><strong>spiritum</strong></span> <span class='ocrx_word' id='word_1_383' title='bbox 1897 3532 2068 3601; x_wconf 82' lang='lat' dir='ltr'><strong>negli-</strong></span> 
     </span>
    </p>
   </div>
   <div class='ocr_carea' id='block_1_51' title="bbox 484 3616 2065 3692">
    <p class='ocr_par' dir='ltr' id='par_1_51' title="bbox 484 3616 2065 3692">
     <span class='ocr_line' id='line_1_52' title="bbox 484 3616 2065 3692; baseline 0.008 -24"><span class='ocrx_word' id='word_1_384' title='bbox 484 3626 631 3686; x_wconf 84' lang='lat' dir='ltr'><strong>gunt,</strong></span> <span class='ocrx_word' id='word_1_385' title='bbox 660 3632 756 3685; x_wconf 92' lang='lat' dir='ltr'><strong>per</strong></span> <span class='ocrx_word' id='word_1_386' title='bbox 783 3617 948 3671; x_wconf 89' lang='lat' dir='ltr'><strong>multa</strong></span> <span class='ocrx_word' id='word_1_387' title='bbox 974 3616 1133 3672; x_wconf 87' lang='lat' dir='ltr'><strong>etiam</strong></span> <span class='ocrx_word' id='word_1_388' title='bbox 1157 3635 1274 3688; x_wconf 68' lang='lat' dir='ltr'><strong>quae</strong></span> <span class='ocrx_word' id='word_1_389' title='bbox 1304 3636 1409 3674; x_wconf 92' lang='lat' dir='ltr'><strong>non</strong></span> <span class='ocrx_word' id='word_1_390' title='bbox 1439 3629 1698 3690; x_wconf 88' lang='lat' dir='ltr'><strong>appetunt</strong></span> <span class='ocrx_word' id='word_1_391' title='bbox 1727 3621 2065 3692; x_wconf 86' lang='lat' dir='ltr'><strong>iniquitatum</strong></span> 
     </span>
    </p>
   </div>
   <div class='ocr_carea' id='block_1_52' title="bbox 488 3707 2069 3783">
    <p class='ocr_par' dir='ltr' id='par_1_52' title="bbox 488 3707 2069 3783">
     <span class='ocr_line' id='line_1_53' title="bbox 488 3707 2069 3783; baseline 0.004 -21"><span class='ocrx_word' id='word_1_392' title='bbox 488 3707 713 3783; x_wconf 83' lang='lat' dir='ltr'><strong>abrupta</strong></span> <span class='ocrx_word' id='word_1_393' title='bbox 763 3708 1058 3778; x_wconf 88' lang='lat' dir='ltr'><strong>rapiuntur,</strong></span> <span class='ocrx_word' id='word_1_394' title='bbox 1089 3711 1212 3779; x_wconf 89' lang='lat' dir='ltr'><strong>quia</strong></span> <span class='ocrx_word' id='word_1_395' title='bbox 1261 3709 1512 3768; x_wconf 86' lang='lat' dir='ltr'><strong>videlicet</strong></span> <span class='ocrx_word' id='word_1_396' title='bbox 1562 3722 1795 3768; x_wconf 87' lang='lat' dir='ltr'><strong>mentem</strong></span> <span class='ocrx_word' id='word_1_397' title='bbox 1843 3714 2069 3783; x_wconf 87' lang='lat' dir='ltr'><strong>impellit</strong></span> 
     </span>
    </p>
   </div>
   <div class='ocr_carea' id='block_1_53' title="bbox 490 3799 2067 3875">
    <p class='ocr_par' dir='ltr' id='par_1_53' title="bbox 490 3799 2067 3875">
     <span class='ocr_line' id='line_1_54' title="bbox 490 3799 2067 3875; baseline 0.005 -21"><span class='ocrx_word' id='word_1_398' title='bbox 490 3799 639 3854; x_wconf 81' lang='lat' dir='ltr'><strong>furor</strong></span> <span class='ocrx_word' id='word_1_399' title='bbox 663 3815 769 3871; x_wconf 91' lang='lat' dir='ltr'><strong>quo</strong></span> <span class='ocrx_word' id='word_1_400' title='bbox 822 3817 927 3856; x_wconf 90' lang='lat' dir='ltr'><strong>non</strong></span> <span class='ocrx_word' id='word_1_401' title='bbox 958 3801 1120 3856; x_wconf 89' lang='lat' dir='ltr'><strong>trahit</strong></span> <span class='ocrx_word' id='word_1_402' title='bbox 1147 3801 1507 3868; x_wconf 86' lang='lat' dir='ltr'><strong>desiderium;</strong></span> <span class='ocrx_word' id='word_1_403' title='bbox 1557 3811 1615 3860; x_wconf 86' lang='lat' dir='ltr'><strong>et</strong></span> <span class='ocrx_word' id='word_1_404' title='bbox 1641 3805 1750 3875; x_wconf 85' lang='lat' dir='ltr'><strong>agit</strong></span> <span class='ocrx_word' id='word_1_405' title='bbox 1797 3817 2067 3862; x_wconf 86' lang='lat' dir='ltr'><strong>commata</strong></span> 
     </span>
    </p>
   </div>
   <div class='ocr_carea' id='block_1_54' title="bbox 487 3893 2064 3965">
    <p class='ocr_par' dir='ltr' id='par_1_54' title="bbox 487 3893 2064 3965">
     <span class='ocr_line' id='line_1_55' title="bbox 487 3893 2064 3965; baseline 0.005 -17"><span class='ocrx_word' id='word_1_406' title='bbox 487 3893 634 3949; x_wconf 76' lang='lat' dir='ltr'><strong>velut</strong></span> <span class='ocrx_word' id='word_1_407' title='bbox 662 3895 932 3958; x_wconf 86' lang='lat' dir='ltr'><strong>nesciens,</strong></span> <span class='ocrx_word' id='word_1_408' title='bbox 978 3895 1117 3951; x_wconf 91' lang='lat' dir='ltr'><strong>unde</strong></span> <span class='ocrx_word' id='word_1_409' title='bbox 1157 3905 1278 3965; x_wconf 92' lang='lat' dir='ltr'><strong>post</strong></span> <span class='ocrx_word' id='word_1_410' title='bbox 1305 3896 1485 3951; x_wconf 87' lang='lat' dir='ltr'><strong>doleat</strong></span> <span class='ocrx_word' id='word_1_411' title='bbox 1520 3895 1719 3954; x_wconf 87' lang='lat' dir='ltr'><strong>sciens.</strong></span> <span class='ocrx_word' id='word_1_412' title='bbox 1771 3896 2064 3956; x_wconf 89' lang='lat' dir='ltr'><strong>Dicendum</strong></span> 
     </span>
    </p>
   </div>
   <div class='ocr_carea' id='block_1_55' title="bbox 487 3987 2069 4066">
    <p class='ocr_par' dir='ltr' id='par_1_55' title="bbox 487 3987 2069 4066">
     <span class='ocr_line' id='line_1_56' title="bbox 487 3987 2069 4066; baseline 0.007 -26"><span class='ocrx_word' id='word_1_413' title='bbox 487 4002 703 4058; x_wconf 85' lang='lat' dir='ltr'><strong>quoque</strong></span> <span class='ocrx_word' id='word_1_414' title='bbox 727 3987 1154 4058; x_wconf 87' lang='lat' dir='ltr'><strong>impatientibus,</strong></span> <span class='ocrx_word' id='word_1_415' title='bbox 1186 3991 1312 4060; x_wconf 88' lang='lat' dir='ltr'><strong>quia</strong></span> <span class='ocrx_word' id='word_1_416' title='bbox 1366 3990 1494 4045; x_wconf 89' lang='lat' dir='ltr'><strong>dum</strong></span> <span class='ocrx_word' id='word_1_417' title='bbox 1541 3992 1796 4048; x_wconf 84' lang='lat' dir='ltr'><strong>motionis</strong></span> <span class='ocrx_word' id='word_1_418' title='bbox 1835 3994 2069 4066; x_wconf 91' lang='lat' dir='ltr'><strong>impulsu</strong></span> 
     </span>
    </p>
   </div>
   <div class='ocr_carea' id='block_1_56' title="bbox 490 4080 2069 4156">
    <p class='ocr_par' dir='ltr' id='par_1_56' title="bbox 490 4080 2069 4156">
     <span class='ocr_line' id='line_1_57' title="bbox 490 4080 2069 4156; baseline 0.005 -22"><span class='ocrx_word' id='word_1_419' title='bbox 490 4080 822 4150; x_wconf 66' lang='lat' dir='ltr'><strong>praecipites,</strong></span> <span class='ocrx_word' id='word_1_420' title='bbox 848 4081 1093 4149; x_wconf 58' lang='lat' dir='ltr'><strong>quaedam</strong></span> <span class='ocrx_word' id='word_1_421' title='bbox 1111 4082 1258 4138; x_wconf 90' lang='lat' dir='ltr'><strong>velut</strong></span> <span class='ocrx_word' id='word_1_422' title='bbox 1278 4082 1495 4138; x_wconf 86' lang='lat' dir='ltr'><strong>alienati</strong></span> <span class='ocrx_word' id='word_1_423' title='bbox 1519 4088 1900 4156; x_wconf 80' lang='lat' dir='ltr'><strong>peragunt,vix</strong></span> <span class='ocrx_word' id='word_1_424' title='bbox 1929 4089 2069 4144; x_wconf 88' lang='lat' dir='ltr'><strong>mala</strong></span> 
     </span>
    </p>
   </div>
   <div class='ocr_carea' id='block_1_57' title="bbox 488 4171 2070 4249">
    <p class='ocr_par' dir='ltr' id='par_1_57' title="bbox 488 4171 2070 4249">
     <span class='ocr_line' id='line_1_58' title="bbox 488 4171 2070 4249; baseline 0.005 -21"><span class='ocrx_word' id='word_1_425' title='bbox 488 4186 585 4228; x_wconf 85' lang='lat' dir='ltr'><strong>sua</strong></span> <span class='ocrx_word' id='word_1_426' title='bbox 613 4181 890 4242; x_wconf 88' lang='lat' dir='ltr'><strong>postquam</strong></span> <span class='ocrx_word' id='word_1_427' title='bbox 909 4171 1107 4229; x_wconf 80' lang='lat' dir='ltr'><strong>fuerint</strong></span> <span class='ocrx_word' id='word_1_428' title='bbox 1119 4186 1422 4246; x_wconf 87' lang='lat' dir='ltr'><strong>perpetrata</strong></span> <span class='ocrx_word' id='word_1_429' title='bbox 1450 4188 1796 4248; x_wconf 85' lang='lat' dir='ltr'><strong>cognoscunt.</strong></span> <span class='ocrx_word' id='word_1_430' title='bbox 1817 4181 1916 4249; x_wconf 88' lang='lat' dir='ltr'><strong>Qui</strong></span> <span class='ocrx_word' id='word_1_431' title='bbox 1945 4181 2070 4238; x_wconf 90' lang='lat' dir='ltr'><strong>dum</strong></span> 
     </span>
    </p>
   </div>
   <div class='ocr_carea' id='block_1_58' title="bbox 488 4265 2072 4344">
    <p class='ocr_par' dir='ltr' id='par_1_58' title="bbox 488 4265 2072 4344">
     <span class='ocr_line' id='line_1_59' title="bbox 488 4265 2072 4344; baseline 0.007 -24"><span class='ocrx_word' id='word_1_432' title='bbox 488 4265 876 4338; x_wconf 88' lang='lat' dir='ltr'><strong>perturbationi</strong></span> <span class='ocrx_word' id='word_1_433' title='bbox 905 4282 1018 4323; x_wconf 62' lang='lat' dir='ltr'><strong>sua:</strong></span> <span class='ocrx_word' id='word_1_434' title='bbox 1050 4268 1270 4325; x_wconf 90' lang='lat' dir='ltr'><strong>minime</strong></span> <span class='ocrx_word' id='word_1_435' title='bbox 1285 4270 1568 4339; x_wconf 89' lang='lat' dir='ltr'><strong>obsistunt,</strong></span> <span class='ocrx_word' id='word_1_436' title='bbox 1587 4274 1797 4330; x_wconf 84' lang='lat' dir='ltr'><strong>etiamsi</strong></span> <span class='ocrx_word' id='word_1_437' title='bbox 1827 4289 1929 4344; x_wconf 88' lang='lat' dir='ltr'><strong>qua</strong></span> <span class='ocrx_word' id='word_1_438' title='bbox 1961 4292 1989 4329; x_wconf 89' lang='lat' dir='ltr'><strong>a</strong></span> <span class='ocrx_word' id='word_1_439' title='bbox 2011 4290 2072 4331; x_wconf 87' lang='lat' dir='ltr'><strong>se</strong></span> 
     </span>
    </p>
   </div>
   <div class='ocr_carea' id='block_1_59' title="bbox 492 4357 2068 4442">
    <p class='ocr_par' dir='ltr' id='par_1_59' title="bbox 492 4357 2068 4442">
     <span class='ocr_line' id='line_1_60' title="bbox 492 4357 2068 4442; baseline 0.008 -31"><span class='ocrx_word' id='word_1_440' title='bbox 492 4357 783 4427; x_wconf 88' lang='lat' dir='ltr'><strong>tranquilla</strong></span> <span class='ocrx_word' id='word_1_441' title='bbox 836 4367 1019 4414; x_wconf 90' lang='lat' dir='ltr'><strong>mente</strong></span> <span class='ocrx_word' id='word_1_442' title='bbox 1075 4361 1286 4417; x_wconf 83' lang='lat' dir='ltr'><strong>fuerant</strong></span> <span class='ocrx_word' id='word_1_443' title='bbox 1314 4362 1449 4442; x_wconf 77' lang='lat' dir='ltr'><strong>bene</strong></span> <span class='ocrx_word' id='word_1_444' title='bbox 1503 4375 1649 4436; x_wconf 83' lang='lat' dir='ltr'><strong>gesta</strong></span> <span class='ocrx_word' id='word_1_445' title='bbox 1701 4367 2068 4435; x_wconf 80' lang='lat' dir='ltr'><strong>confundunt,</strong></span> 
     </span>
    </p>
   </div>
   <div class='ocr_carea' id='block_1_60' title="bbox 487 4449 2069 4528">
    <p class='ocr_par' dir='ltr' id='par_1_60' title="bbox 487 4449 2069 4528">
     <span class='ocr_line' id='line_1_61' title="bbox 487 4449 2069 4528; baseline 0.004 -22"><span class='ocrx_word' id='word_1_446' title='bbox 487 4457 542 4506; x_wconf 86' lang='lat' dir='ltr'><strong>et</strong></span> <span class='ocrx_word' id='word_1_447' title='bbox 564 4450 858 4518; x_wconf 85' lang='lat' dir='ltr'><strong>improviso</strong></span> <span class='ocrx_word' id='word_1_448' title='bbox 883 4449 990 4522; x_wconf 67' lang='lat'><strong>43</strong></span> <span class='ocrx_word' id='word_1_449' title='bbox 1019 4452 1252 4521; x_wconf 87' lang='lat' dir='ltr'><strong>impulsu</strong></span> <span class='ocrx_word' id='word_1_450' title='bbox 1277 4453 1593 4524; x_wconf 88' lang='lat' dir='ltr'><strong>destruunt,</strong></span> <span class='ocrx_word' id='word_1_451' title='bbox 1617 4457 1870 4528; x_wconf 88' lang='lat' dir='ltr'><strong>quidquid</strong></span> <span class='ocrx_word' id='word_1_452' title='bbox 1912 4460 2069 4515; x_wconf 80' lang='lat' dir='ltr'><strong>torsi-</strong></span> 
     </span>
    </p>
   </div>
   <div class='ocr_carea' id='block_1_61' title="bbox 2177 1857 3760 1928">
    <p class='ocr_par' dir='ltr' id='par_1_61' title="bbox 2177 1857 3760 1928">
     <span class='ocr_line' id='line_1_62' title="bbox 2177 1857 3760 1928; baseline 0 -14"><span class='ocrx_word' id='word_1_453' title='bbox 2177 1859 2320 1914; x_wconf 87' lang='lat' dir='ltr'><strong>l&#39;ossa</strong></span> <span class='ocrx_word' id='word_1_454' title='bbox 2362 1873 2471 1915; x_wconf 94' lang='lat' dir='ltr'><strong>non</strong></span> <span class='ocrx_word' id='word_1_455' title='bbox 2513 1868 2686 1924; x_wconf 81' lang='lat' dir='ltr'><strong>esset,</strong></span> <span class='ocrx_word' id='word_1_456' title='bbox 2713 1871 2876 1914; x_wconf 89' lang='lat' dir='ltr'><strong>omne</strong></span> <span class='ocrx_word' id='word_1_457' title='bbox 2904 1857 3046 1928; x_wconf 89' lang='lat' dir='ltr'><strong>quod</strong></span> <span class='ocrx_word' id='word_1_458' title='bbox 3076 1857 3128 1912; x_wconf 91' lang='lat' dir='ltr'><strong>in</strong></span> <span class='ocrx_word' id='word_1_459' title='bbox 3158 1872 3223 1913; x_wconf 89' lang='lat' dir='ltr'><strong>eo</strong></span> <span class='ocrx_word' id='word_1_460' title='bbox 3251 1858 3573 1914; x_wconf 87' lang='lat' dir='ltr'><strong>sacriﬁcium</strong></span> <span class='ocrx_word' id='word_1_461' title='bbox 3605 1873 3760 1928; x_wconf 87' lang='lat' dir='ltr'><strong>repe-</strong></span> 
     </span>
    </p>
   </div>
   <div class='ocr_carea' id='block_1_62' title="bbox 2174 1951 3761 2024">
    <p class='ocr_par' dir='ltr' id='par_1_62' title="bbox 2174 1951 3761 2024">
     <span class='ocr_line' id='line_1_63' title="bbox 2174 1951 3761 2024; baseline -0.001 -15"><span class='ocrx_word' id='word_1_462' title='bbox 2174 1955 2328 2021; x_wconf 85' lang='lat' dir='ltr'><strong>riret,</strong></span> <span class='ocrx_word' id='word_1_463' title='bbox 2359 1952 2755 2024; x_wconf 87' lang='lat' dir='ltr'><strong>superveniens</strong></span> <span class='ocrx_word' id='word_1_464' title='bbox 2776 1966 2906 2006; x_wconf 90' lang='lat' dir='ltr'><strong>aura</strong></span> <span class='ocrx_word' id='word_1_465' title='bbox 2932 1951 3290 2024; x_wconf 75' lang='lat' dir='ltr'><strong>dispergeret.</strong></span> <span class='ocrx_word' id='word_1_466' title='bbox 3317 1951 3456 2018; x_wconf 89' lang='lat' dir='ltr'><strong>Quid</strong></span> <span class='ocrx_word' id='word_1_467' title='bbox 3485 1966 3611 2011; x_wconf 86' lang='lat' dir='ltr'><strong>vero</strong></span> <span class='ocrx_word' id='word_1_468' title='bbox 3630 1954 3761 2008; x_wconf 79' lang='lat' dir='ltr'><strong>acci~</strong></span> 
     </span>
    </p>
   </div>
   <div class='ocr_carea' id='block_1_63' title="bbox 2175 2045 3764 2117">
    <p class='ocr_par' dir='ltr' id='par_1_63' title="bbox 2175 2045 3764 2117">
     <span class='ocr_line' id='line_1_64' title="bbox 2175 2045 3764 2117; baseline 0 -15"><span class='ocrx_word' id='word_1_469' title='bbox 2175 2047 2351 2117; x_wconf 88' lang='lat' dir='ltr'><strong>pimus</strong></span> <span class='ocrx_word' id='word_1_470' title='bbox 2381 2047 2552 2102; x_wconf 88' lang='lat' dir='ltr'><strong>altare</strong></span> <span class='ocrx_word' id='word_1_471' title='bbox 2583 2046 2702 2112; x_wconf 86' lang='lat' dir='ltr'><strong>Dei,</strong></span> <span class='ocrx_word' id='word_1_472' title='bbox 2725 2045 2829 2100; x_wconf 88' lang='lat' dir='ltr'><strong>nisi</strong></span> <span class='ocrx_word' id='word_1_473' title='bbox 2851 2046 3081 2100; x_wconf 89' lang='lat' dir='ltr'><strong>animam</strong></span> <span class='ocrx_word' id='word_1_474' title='bbox 3101 2045 3255 2116; x_wconf 87' lang='lat' dir='ltr'><strong>justi,</strong></span> <span class='ocrx_word' id='word_1_475' title='bbox 3290 2061 3408 2116; x_wconf 69' lang='lat' dir='ltr'><strong>quae</strong></span> <span class='ocrx_word' id='word_1_476' title='bbox 3451 2057 3584 2116; x_wconf 90' lang='lat' dir='ltr'><strong>quot</strong></span> <span class='ocrx_word' id='word_1_477' title='bbox 3624 2047 3764 2102; x_wconf 72' lang='lat' dir='ltr'><strong>bella</strong></span> 
     </span>
    </p>
   </div>
   <div class='ocr_carea' id='block_1_64' title="bbox 2173 2137 3763 2209">
    <p class='ocr_par' dir='ltr' id='par_1_64' title="bbox 2173 2137 3763 2209">
     <span class='ocr_line' id='line_1_65' title="bbox 2173 2137 3763 2209; baseline 0.001 -15"><span class='ocrx_word' id='word_1_478' title='bbox 2173 2139 2370 2208; x_wconf 81' lang='lat' dir='ltr'><strong>egerit,</strong></span> <span class='ocrx_word' id='word_1_479' title='bbox 2400 2147 2477 2192; x_wconf 88' lang='lat' dir='ltr'><strong>tot</strong></span> <span class='ocrx_word' id='word_1_480' title='bbox 2507 2151 2669 2207; x_wconf 88' lang='lat' dir='ltr'><strong>super</strong></span> <span class='ocrx_word' id='word_1_481' title='bbox 2692 2152 2752 2194; x_wconf 90' lang='lat' dir='ltr'><strong>se</strong></span> <span class='ocrx_word' id='word_1_482' title='bbox 2781 2145 2906 2192; x_wconf 87' lang='lat' dir='ltr'><strong>ante</strong></span> <span class='ocrx_word' id='word_1_483' title='bbox 2930 2137 3049 2207; x_wconf 86' lang='lat' dir='ltr'><strong>ejus</strong></span> <span class='ocrx_word' id='word_1_484' title='bbox 3071 2137 3261 2192; x_wconf 91' lang='lat' dir='ltr'><strong>oculos</strong></span> <span class='ocrx_word' id='word_1_485' title='bbox 3293 2139 3556 2194; x_wconf 89' lang='lat' dir='ltr'><strong>sacriﬁcia</strong></span> <span class='ocrx_word' id='word_1_486' title='bbox 3589 2139 3763 2209; x_wconf 76' lang='lat' dir='ltr'><strong>impo-</strong></span> 
     </span>
    </p>
   </div>
   <div class='ocr_carea' id='block_1_65' title="bbox 2175 2231 3764 2302">
    <p class='ocr_par' dir='ltr' id='par_1_65' title="bbox 2175 2231 3764 2302">
     <span class='ocr_line' id='line_1_66' title="bbox 2175 2231 3764 2302; baseline 0.001 -16"><span class='ocrx_word' id='word_1_487' title='bbox 2175 2232 2289 2287; x_wconf 75' lang='lat' dir='ltr'><strong>nit?</strong></span> <span class='ocrx_word' id='word_1_488' title='bbox 2318 2232 2452 2298; x_wconf 86' lang='lat' dir='ltr'><strong>Quid</strong></span> <span class='ocrx_word' id='word_1_489' title='bbox 2475 2240 2656 2287; x_wconf 87' lang='lat' dir='ltr'><strong>autem</strong></span> <span class='ocrx_word' id='word_1_490' title='bbox 2679 2239 2765 2287; x_wconf 88' lang='lat' dir='ltr'><strong>est</strong></span> <span class='ocrx_word' id='word_1_491' title='bbox 2792 2231 2978 2286; x_wconf 88' lang='lat' dir='ltr'><strong>altaris</strong></span> <span class='ocrx_word' id='word_1_492' title='bbox 3009 2233 3172 2297; x_wconf 81' lang='lat' dir='ltr'><strong>fossa,</strong></span> <span class='ocrx_word' id='word_1_493' title='bbox 3219 2231 3322 2288; x_wconf 92' lang='lat' dir='ltr'><strong>nisi</strong></span> <span class='ocrx_word' id='word_1_494' title='bbox 3370 2231 3637 2288; x_wconf 92' lang='lat' dir='ltr'><strong>bonorum</strong></span> <span class='ocrx_word' id='word_1_495' title='bbox 3671 2248 3764 2302; x_wconf 88' lang='lat' dir='ltr'><strong>pa-</strong></span> 
     </span>
    </p>
   </div>
   <div class='ocr_carea' id='block_1_66' title="bbox 2177 2323 3764 2394">
    <p class='ocr_par' dir='ltr' id='par_1_66' title="bbox 2177 2323 3764 2394">
     <span class='ocr_line' id='line_1_67' title="bbox 2177 2323 3764 2394; baseline 0.004 -18"><span class='ocrx_word' id='word_1_496' title='bbox 2177 2323 2381 2389; x_wconf 88' lang='lat' dir='ltr'><strong>tientia,</strong></span> <span class='ocrx_word' id='word_1_497' title='bbox 2415 2339 2535 2394; x_wconf 84' lang='lat' dir='ltr'><strong>quae</strong></span> <span class='ocrx_word' id='word_1_498' title='bbox 2562 2323 2687 2379; x_wconf 92' lang='lat' dir='ltr'><strong>dum</strong></span> <span class='ocrx_word' id='word_1_499' title='bbox 2717 2331 2953 2380; x_wconf 87' lang='lat' dir='ltr'><strong>mentem</strong></span> <span class='ocrx_word' id='word_1_500' title='bbox 2983 2323 3048 2378; x_wconf 90' lang='lat' dir='ltr'><strong>ad</strong></span> <span class='ocrx_word' id='word_1_501' title='bbox 3082 2323 3307 2380; x_wconf 88' lang='lat' dir='ltr'><strong>adversa</strong></span> <span class='ocrx_word' id='word_1_502' title='bbox 3349 2325 3624 2382; x_wconf 85' lang='lat' dir='ltr'><strong>toleranda</strong></span> <span class='ocrx_word' id='word_1_503' title='bbox 3657 2327 3764 2382; x_wconf 88' lang='lat' dir='ltr'><strong>hu-</strong></span> 
     </span>
    </p>
   </div>
   <div class='ocr_carea' id='block_1_67' title="bbox 2175 2415 3766 2489">
    <p class='ocr_par' dir='ltr' id='par_1_67' title="bbox 2175 2415 3766 2489">
     <span class='ocr_line' id='line_1_68' title="bbox 2175 2415 3766 2489; baseline 0.004 -20"><span class='ocrx_word' id='word_1_504' title='bbox 2175 2415 2365 2479; x_wconf 89' lang='lat' dir='ltr'><strong>tniliat,</strong></span> <span class='ocrx_word' id='word_1_505' title='bbox 2409 2417 2558 2486; x_wconf 87' lang='lat' dir='ltr'><strong>quasi</strong></span> <span class='ocrx_word' id='word_1_506' title='bbox 2595 2432 2743 2471; x_wconf 85' lang='lat' dir='ltr'><strong>more</strong></span> <span class='ocrx_word' id='word_1_507' title='bbox 2775 2415 2946 2472; x_wconf 73' lang='lat' dir='ltr'><strong>fovea:</strong></span> <span class='ocrx_word' id='word_1_508' title='bbox 2984 2417 3122 2472; x_wconf 88' lang='lat' dir='ltr'><strong>hanc</strong></span> <span class='ocrx_word' id='word_1_509' title='bbox 3156 2416 3212 2471; x_wconf 90' lang='lat' dir='ltr'><strong>in</strong></span> <span class='ocrx_word' id='word_1_510' title='bbox 3243 2417 3354 2474; x_wconf 84' lang='lat' dir='ltr'><strong>imo</strong></span> <span class='ocrx_word' id='word_1_511' title='bbox 3398 2419 3626 2489; x_wconf 88' lang='lat' dir='ltr'><strong>positam</strong></span> <span class='ocrx_word' id='word_1_512' title='bbox 3672 2420 3766 2476; x_wconf 57' lang='lat' dir='ltr'><strong>des</strong></span> 
     </span>
    </p>
   </div>
   <div class='ocr_carea' id='block_1_68' title="bbox 2175 2507 3766 2582">
    <p class='ocr_par' dir='ltr' id='par_1_68' title="bbox 2175 2507 3766 2582">
     <span class='ocr_line' id='line_1_69' title="bbox 2175 2507 3766 2582; baseline 0.004 -21"><span class='ocrx_word' id='word_1_513' title='bbox 2175 2509 2478 2563; x_wconf 85' lang='lat' dir='ltr'><strong>monstrat?</strong></span> <span class='ocrx_word' id='word_1_514' title='bbox 2503 2507 2668 2564; x_wconf 90' lang='lat' dir='ltr'><strong>Fossa</strong></span> <span class='ocrx_word' id='word_1_515' title='bbox 2699 2524 2831 2580; x_wconf 86' lang='lat' dir='ltr'><strong>ergo</strong></span> <span class='ocrx_word' id='word_1_516' title='bbox 2859 2510 2912 2564; x_wconf 91' lang='lat' dir='ltr'><strong>in</strong></span> <span class='ocrx_word' id='word_1_517' title='bbox 2944 2509 3102 2565; x_wconf 89' lang='lat' dir='ltr'><strong>altari</strong></span> <span class='ocrx_word' id='word_1_518' title='bbox 3129 2509 3242 2577; x_wconf 87' lang='lat' dir='ltr'><strong>ﬁat,</strong></span> <span class='ocrx_word' id='word_1_519' title='bbox 3263 2525 3331 2566; x_wconf 92' lang='lat' dir='ltr'><strong>ne</strong></span> <span class='ocrx_word' id='word_1_520' title='bbox 3365 2512 3766 2582; x_wconf 84' lang='lat' dir='ltr'><strong>superpositum</strong></span> 
     </span>
    </p>
   </div>
   <div class='ocr_carea' id='block_1_69' title="bbox 2175 2602 3767 2673">
    <p class='ocr_par' dir='ltr' id='par_1_69' title="bbox 2175 2602 3767 2673">
     <span class='ocr_line' id='line_1_70' title="bbox 2175 2602 3767 2673; baseline 0.006 -19"><span class='ocrx_word' id='word_1_521' title='bbox 2175 2602 2499 2656; x_wconf 87' lang='lat' dir='ltr'><strong>sacrilicium</strong></span> <span class='ocrx_word' id='word_1_522' title='bbox 2530 2618 2658 2657; x_wconf 87' lang='lat' dir='ltr'><strong>aura</strong></span> <span class='ocrx_word' id='word_1_523' title='bbox 2687 2602 2959 2673; x_wconf 81' lang='lat' dir='ltr'><strong>dispergat</strong></span> <span class='ocrx_word' id='word_1_524' title='bbox 2994 2621 3006 2656; x_wconf 87' lang='lat'><strong>:</strong></span> <span class='ocrx_word' id='word_1_525' title='bbox 3039 2602 3094 2658; x_wconf 89' lang='lat' dir='ltr'><strong>id</strong></span> <span class='ocrx_word' id='word_1_526' title='bbox 3124 2615 3227 2670; x_wconf 88' lang='lat' dir='ltr'><strong>est,</strong></span> <span class='ocrx_word' id='word_1_527' title='bbox 3276 2604 3572 2662; x_wconf 87' lang='lat' dir='ltr'><strong>electorum</strong></span> <span class='ocrx_word' id='word_1_528' title='bbox 3609 2621 3767 2664; x_wconf 73' lang='lat' dir='ltr'><strong>utens</strong></span> 
     </span>
    </p>
   </div>
   <div class='ocr_carea' id='block_1_70' title="bbox 2177 2694 3766 2769">
    <p class='ocr_par' dir='ltr' id='par_1_70' title="bbox 2177 2694 3766 2769">
     <span class='ocr_line' id='line_1_71' title="bbox 2177 2694 3766 2769; baseline 0.004 -21"><span class='ocrx_word' id='word_1_529' title='bbox 2177 2694 2488 2764; x_wconf 73' lang='lat' dir='ltr'><strong>patientiam</strong></span> <span class='ocrx_word' id='word_1_530' title='bbox 2508 2695 2797 2765; x_wconf 85' lang='lat' dir='ltr'><strong>custodiat,</strong></span> <span class='ocrx_word' id='word_1_531' title='bbox 2820 2711 2890 2752; x_wconf 89' lang='lat' dir='ltr'><strong>ne</strong></span> <span class='ocrx_word' id='word_1_532' title='bbox 2911 2707 3180 2753; x_wconf 85' lang='lat' dir='ltr'><strong>commota</strong></span> <span class='ocrx_word' id='word_1_533' title='bbox 3210 2707 3371 2754; x_wconf 86' lang='lat' dir='ltr'><strong>vento</strong></span> <span class='ocrx_word' id='word_1_534' title='bbox 3393 2699 3766 2769; x_wconf 62' lang='lat' dir='ltr'><strong>impatientia,</strong></span> 
     </span>
    </p>
   </div>
   <div class='ocr_carea' id='block_1_71' title="bbox 2175 2787 3768 2859">
    <p class='ocr_par' dir='ltr' id='par_1_71' title="bbox 2175 2787 3768 2859">
     <span class='ocr_line' id='line_1_72' title="bbox 2175 2787 3768 2859; baseline 0.004 -15"><span class='ocrx_word' id='word_1_535' title='bbox 2175 2787 2355 2844; x_wconf 86' lang='lat' dir='ltr'><strong>ethoc</strong></span> <span class='ocrx_word' id='word_1_536' title='bbox 2402 2787 2545 2857; x_wconf 89' lang='lat' dir='ltr'><strong>quod</strong></span> <span class='ocrx_word' id='word_1_537' title='bbox 2576 2788 2714 2843; x_wconf 86' lang='lat' dir='ltr'><strong>bene</strong></span> <span class='ocrx_word' id='word_1_538' title='bbox 2756 2797 2975 2859; x_wconf 87' lang='lat' dir='ltr'><strong>operata</strong></span> <span class='ocrx_word' id='word_1_539' title='bbox 3017 2795 3101 2845; x_wconf 88' lang='lat' dir='ltr'><strong>est</strong></span> <span class='ocrx_word' id='word_1_540' title='bbox 3129 2789 3360 2844; x_wconf 89' lang='lat' dir='ltr'><strong>amittat.</strong></span> <span class='ocrx_word' id='word_1_541' title='bbox 3395 2789 3542 2846; x_wconf 84' lang='lat' dir='ltr'><strong>Bene</strong></span> <span class='ocrx_word' id='word_1_542' title='bbox 3581 2801 3768 2850; x_wconf 85' lang='lat' dir='ltr'><strong>autem</strong></span> 
     </span>
    </p>
   </div>
   <div class='ocr_carea' id='block_1_72' title="bbox 2176 2880 3768 2955">
    <p class='ocr_par' dir='ltr' id='par_1_72' title="bbox 2176 2880 3768 2955">
     <span class='ocr_line' id='line_1_73' title="bbox 2176 2880 3768 2955; baseline 0.002 -19"><span class='ocrx_word' id='word_1_543' title='bbox 2176 2882 2294 2938; x_wconf 68' lang='lat' dir='ltr'><strong>haec</strong></span> <span class='ocrx_word' id='word_1_544' title='bbox 2315 2881 2502 2937; x_wconf 85' lang='lat' dir='ltr'><strong>eadem</strong></span> <span class='ocrx_word' id='word_1_545' title='bbox 2522 2880 2668 2937; x_wconf 80' lang='lat' dir='ltr'><strong>fossa</strong></span> <span class='ocrx_word' id='word_1_546' title='bbox 2691 2883 2849 2938; x_wconf 86' lang='lat' dir='ltr'><strong>unius</strong></span> <span class='ocrx_word' id='word_1_547' title='bbox 2869 2882 3034 2939; x_wconf 87' lang='lat' dir='ltr'><strong>cubiti</strong></span> <span class='ocrx_word' id='word_1_548' title='bbox 3056 2897 3176 2940; x_wconf 86' lang='lat' dir='ltr'><strong>esse</strong></span> <span class='ocrx_word' id='word_1_549' title='bbox 3198 2882 3768 2955; x_wconf 70' lang='lat' dir='ltr'><strong>monstraturtlbid.);</strong></span> 
     </span>
    </p>
   </div>
   <div class='ocr_carea' id='block_1_73' title="bbox 2176 2975 3766 3046">
    <p class='ocr_par' dir='ltr' id='par_1_73' title="bbox 2176 2975 3766 3046">
     <span class='ocr_line' id='line_1_74' title="bbox 2176 2975 3766 3046; baseline 0.003 -16"><span class='ocrx_word' id='word_1_550' title='bbox 2176 2976 2300 3046; x_wconf 90' lang='lat' dir='ltr'><strong>quia</strong></span> <span class='ocrx_word' id='word_1_551' title='bbox 2335 2975 2589 3031; x_wconf 91' lang='lat' dir='ltr'><strong>nimirum</strong></span> <span class='ocrx_word' id='word_1_552' title='bbox 2637 2978 2681 3031; x_wconf 89' lang='lat' dir='ltr'><strong>si</strong></span> <span class='ocrx_word' id='word_1_553' title='bbox 2739 2976 2996 3046; x_wconf 86' lang='lat' dir='ltr'><strong>patientia</strong></span> <span class='ocrx_word' id='word_1_554' title='bbox 3048 2990 3156 3032; x_wconf 87' lang='lat' dir='ltr'><strong>non</strong></span> <span class='ocrx_word' id='word_1_555' title='bbox 3201 2976 3489 3043; x_wconf 86' lang='lat' dir='ltr'><strong>deseritur,</strong></span> <span class='ocrx_word' id='word_1_556' title='bbox 3544 2978 3766 3035; x_wconf 87' lang='lat' dir='ltr'><strong>unitatis</strong></span> 
     </span>
    </p>
   </div>
   <div class='ocr_carea' id='block_1_74' title="bbox 2175 3067 3764 3126">
    <p class='ocr_par' dir='ltr' id='par_1_74' title="bbox 2175 3067 3764 3126">
     <span class='ocr_line' id='line_1_75' title="bbox 2175 3067 3764 3126; baseline 0.003 -5"><span class='ocrx_word' id='word_1_557' title='bbox 2175 3082 2426 3124; x_wconf 87' lang='lat' dir='ltr'><strong>mensura</strong></span> <span class='ocrx_word' id='word_1_558' title='bbox 2458 3076 2730 3123; x_wconf 86' lang='lat' dir='ltr'><strong>servatur.</strong></span> <span class='ocrx_word' id='word_1_559' title='bbox 2753 3067 2908 3124; x_wconf 86' lang='lat' dir='ltr'><strong>Unde</strong></span> <span class='ocrx_word' id='word_1_560' title='bbox 2927 3077 2982 3124; x_wconf 89' lang='lat' dir='ltr'><strong>et</strong></span> <span class='ocrx_word' id='word_1_561' title='bbox 3008 3068 3201 3124; x_wconf 82' lang='lat' dir='ltr'><strong>Paulus</strong></span> <span class='ocrx_word' id='word_1_562' title='bbox 3231 3067 3576 3123; x_wconf 79' lang='lat' dir='ltr'><strong>aitzlnvieem</strong></span> <span class='ocrx_word' id='word_1_563' title='bbox 3606 3085 3764 3126; x_wconf 85' lang='lat' dir='ltr'><strong>onera</strong></span> 
     </span>
    </p>
   </div>
   <div class='ocr_carea' id='block_1_75' title="bbox 2098 3161 3762 3243">
    <p class='ocr_par' dir='ltr' id='par_1_75' title="bbox 2098 3161 3762 3243">
     <span class='ocr_line' id='line_1_76' title="bbox 2098 3161 3762 3243; baseline -0.001 -26"><span class='ocrx_word' id='word_1_564' title='bbox 2098 3179 2147 3243; x_wconf 75' lang='grc' dir='ltr'>ο</span> <span class='ocrx_word' id='word_1_565' title='bbox 2174 3171 2342 3217; x_wconf 84' lang='lat' dir='ltr'><strong>vestra</strong></span> <span class='ocrx_word' id='word_1_566' title='bbox 2371 3170 2588 3231; x_wconf 83' lang='lat' dir='ltr'><strong>portate,</strong></span> <span class='ocrx_word' id='word_1_567' title='bbox 2622 3171 2670 3216; x_wconf 91' lang='lat' dir='ltr'><strong>et</strong></span> <span class='ocrx_word' id='word_1_568' title='bbox 2716 3163 2787 3216; x_wconf 83' lang='lat' dir='ltr'><strong>sic</strong></span> <span class='ocrx_word' id='word_1_569' title='bbox 2814 3161 3156 3230; x_wconf 85' lang='lat' dir='ltr'><strong>adimplebitis</strong></span> <span class='ocrx_word' id='word_1_570' title='bbox 3196 3163 3356 3232; x_wconf 80' lang='lat' dir='ltr'><strong>legem</strong></span> <span class='ocrx_word' id='word_1_571' title='bbox 3400 3161 3592 3217; x_wconf 79' lang='lat' dir='ltr'><strong>Christi</strong></span> <span class='ocrx_word' id='word_1_572' title='bbox 3621 3161 3762 3232; x_wconf 82' lang='lat' dir='ltr'><strong>(Ca-</strong></span> 
     </span>
    </p>
   </div>
   <div class='ocr_carea' id='block_1_76' title="bbox 2175 3252 3816 3324">
    <p class='ocr_par' dir='ltr' id='par_1_76' title="bbox 2175 3252 3816 3324">
     <span class='ocr_line' id='line_1_77' title="bbox 2175 3252 3816 3324; baseline 0 -16"><span class='ocrx_word' id='word_1_573' title='bbox 2175 3255 2271 3310; x_wconf 73' lang='grc' dir='ltr'><strong>ιω.</strong></span> <span class='ocrx_word' id='word_1_574' title='bbox 2306 3269 2357 3308; x_wconf 77' lang='lat' dir='ltr'><strong>vr</strong></span> <span class='ocrx_word' id='word_1_575' title='bbox 2379 3290 2392 3319; x_wconf 90' lang='lat'><strong>,</strong></span> <span class='ocrx_word' id='word_1_576' title='bbox 2415 3253 2498 3322; x_wconf 70' lang='grc'><strong>2).</strong></span> <span class='ocrx_word' id='word_1_577' title='bbox 2525 3253 2630 3307; x_wconf 78' lang='lat' dir='ltr'><strong>Lex</strong></span> <span class='ocrx_word' id='word_1_578' title='bbox 2662 3253 2861 3324; x_wconf 87' lang='lat' dir='ltr'><strong>quippe</strong></span> <span class='ocrx_word' id='word_1_579' title='bbox 2887 3253 3088 3309; x_wconf 87' lang='lat' dir='ltr'><strong>Christi</strong></span> <span class='ocrx_word' id='word_1_580' title='bbox 3116 3260 3202 3308; x_wconf 85' lang='lat' dir='ltr'><strong>est</strong></span> <span class='ocrx_word' id='word_1_581' title='bbox 3239 3252 3470 3308; x_wconf 85' lang='lat' dir='ltr'><strong>charitas</strong></span> <span class='ocrx_word' id='word_1_582' title='bbox 3521 3253 3764 3320; x_wconf 89' lang='lat' dir='ltr'><strong>unitatis,</strong></span> <span class='ocrx_word' id='word_1_583' title='bbox 3813 3253 3816 3256; x_wconf 76' lang='grc'><strong>’</strong></span> 
     </span>
    </p>
   </div>
   <div class='ocr_carea' id='block_1_77' title="bbox 2173 3344 3763 3417">
    <p class='ocr_par' dir='ltr' id='par_1_77' title="bbox 2173 3344 3763 3417">
     <span class='ocr_line' id='line_1_78' title="bbox 2173 3344 3763 3417; baseline -0.001 -16"><span class='ocrx_word' id='word_1_584' title='bbox 2173 3362 2333 3417; x_wconf 86' lang='lat' dir='ltr'><strong>quam</strong></span> <span class='ocrx_word' id='word_1_585' title='bbox 2373 3346 2473 3400; x_wconf 87' lang='lat' dir='ltr'><strong>soli</strong></span> <span class='ocrx_word' id='word_1_586' title='bbox 2502 3344 2804 3415; x_wconf 87' lang='lat' dir='ltr'><strong>perﬁciunt,</strong></span> <span class='ocrx_word' id='word_1_587' title='bbox 2832 3345 2923 3416; x_wconf 90' lang='lat' dir='ltr'><strong>qui</strong></span> <span class='ocrx_word' id='word_1_588' title='bbox 2962 3360 3062 3400; x_wconf 90' lang='lat' dir='ltr'><strong>nec</strong></span> <span class='ocrx_word' id='word_1_589' title='bbox 3091 3360 3211 3401; x_wconf 91' lang='lat' dir='ltr'><strong>cum</strong></span> <span class='ocrx_word' id='word_1_590' title='bbox 3263 3353 3551 3415; x_wconf 82' lang='lat' dir='ltr'><strong>gravantur</strong></span> <span class='ocrx_word' id='word_1_591' title='bbox 3598 3359 3763 3401; x_wconf 81' lang='lat' dir='ltr'><strong>exce-</strong></span> 
     </span>
    </p>
   </div>
   <div class='ocr_carea' id='block_1_78' title="bbox 2174 3434 3763 3506">
    <p class='ocr_par' dir='ltr' id='par_1_78' title="bbox 2174 3434 3763 3506">
     <span class='ocr_line' id='line_1_79' title="bbox 2174 3434 3763 3506; baseline -0.001 -13"><span class='ocrx_word' id='word_1_592' title='bbox 2174 3437 2329 3493; x_wconf 89' lang='lat' dir='ltr'><strong>dunt.</strong></span> <span class='ocrx_word' id='word_1_593' title='bbox 2357 3438 2394 3491; x_wconf 74' lang='lat' dir='ltr'><strong>A</strong></span> <span class='ocrx_word' id='word_1_594' title='bbox 2409 3436 2595 3491; x_wconf 87' lang='lat' dir='ltr'><strong>udiant</strong></span> <span class='ocrx_word' id='word_1_595' title='bbox 2624 3435 2964 3504; x_wconf 88' lang='lat' dir='ltr'><strong>impatientes</strong></span> <span class='ocrx_word' id='word_1_596' title='bbox 2985 3435 3126 3504; x_wconf 85' lang='lat' dir='ltr'><strong>quod</strong></span> <span class='ocrx_word' id='word_1_597' title='bbox 3145 3435 3400 3506; x_wconf 87' lang='lat' dir='ltr'><strong>scriptum</strong></span> <span class='ocrx_word' id='word_1_598' title='bbox 3417 3446 3497 3490; x_wconf 90' lang='lat' dir='ltr'><strong>est</strong></span> <span class='ocrx_word' id='word_1_599' title='bbox 3523 3454 3536 3489; x_wconf 86' lang='lat'><strong>:</strong></span> <span class='ocrx_word' id='word_1_600' title='bbox 3570 3434 3763 3491; x_wconf 74' lang='lat' dir='ltr'><strong>Melior</strong></span> 
     </span>
    </p>
   </div>
   <div class='ocr_carea' id='block_1_79' title="bbox 2173 3528 3764 3598">
    <p class='ocr_par' dir='ltr' id='par_1_79' title="bbox 2173 3528 3764 3598">
     <span class='ocr_line' id='line_1_80' title="bbox 2173 3528 3764 3598; baseline -0.001 -15"><span class='ocrx_word' id='word_1_601' title='bbox 2173 3539 2247 3583; x_wconf 85' lang='lat' dir='ltr'><strong>est</strong></span> <span class='ocrx_word' id='word_1_602' title='bbox 2277 3529 2473 3597; x_wconf 86' lang='lat' dir='ltr'><strong>patiens</strong></span> <span class='ocrx_word' id='word_1_603' title='bbox 2526 3529 2634 3582; x_wconf 77' lang='lat' dir='ltr'><strong>viro</strong></span> <span class='ocrx_word' id='word_1_604' title='bbox 2683 3528 2827 3596; x_wconf 83' lang='lat' dir='ltr'><strong>forti,</strong></span> <span class='ocrx_word' id='word_1_605' title='bbox 2859 3539 2906 3581; x_wconf 92' lang='lat' dir='ltr'><strong>et</strong></span> <span class='ocrx_word' id='word_1_606' title='bbox 2953 3529 3036 3598; x_wconf 82' lang='lat' dir='ltr'><strong>qui</strong></span> <span class='ocrx_word' id='word_1_607' title='bbox 3092 3529 3388 3581; x_wconf 87' lang='lat' dir='ltr'><strong>dominatur</strong></span> <span class='ocrx_word' id='word_1_608' title='bbox 3443 3530 3616 3582; x_wconf 88' lang='lat' dir='ltr'><strong>animo</strong></span> <span class='ocrx_word' id='word_1_609' title='bbox 3648 3545 3764 3592; x_wconf 88' lang='lat' dir='ltr'><strong>suo,</strong></span> 
     </span>
    </p>
   </div>
   <div class='ocr_carea' id='block_1_80' title="bbox 2175 3619 3766 3694">
    <p class='ocr_par' dir='ltr' id='par_1_80' title="bbox 2175 3619 3766 3694">
     <span class='ocr_line' id='line_1_81' title="bbox 2175 3619 3766 3694; baseline -0.001 -15"><span class='ocrx_word' id='word_1_610' title='bbox 2175 3630 2524 3692; x_wconf 74' lang='lat' dir='ltr'><strong>expugnatore</strong></span> <span class='ocrx_word' id='word_1_611' title='bbox 2546 3621 2750 3676; x_wconf 77' lang='lat' dir='ltr'><strong>urbium</strong></span> <span class='ocrx_word' id='word_1_612' title='bbox 2779 3619 2964 3692; x_wconf 81' lang='lat' dir='ltr'><strong>(Prov.</strong></span> <span class='ocrx_word' id='word_1_613' title='bbox 2984 3637 3072 3677; x_wconf 78' lang='lat' dir='ltr'><strong>xvi</strong></span> <span class='ocrx_word' id='word_1_614' title='bbox 3092 3660 3108 3688; x_wconf 93' lang='lat'><strong>,</strong></span> <span class='ocrx_word' id='word_1_615' title='bbox 3143 3620 3255 3694; x_wconf 66' lang='lat'><strong>32).</strong></span> <span class='ocrx_word' id='word_1_616' title='bbox 3286 3621 3459 3676; x_wconf 85' lang='lat' dir='ltr'><strong>Minor</strong></span> <span class='ocrx_word' id='word_1_617' title='bbox 3488 3620 3633 3674; x_wconf 85' lang='lat' dir='ltr'><strong>enim</strong></span> <span class='ocrx_word' id='word_1_618' title='bbox 3686 3630 3766 3677; x_wconf 84' lang='lat' dir='ltr'><strong>est</strong></span> 
     </span>
    </p>
   </div>
   <div class='ocr_carea' id='block_1_81' title="bbox 2175 3709 3764 3783">
    <p class='ocr_par' dir='ltr' id='par_1_81' title="bbox 2175 3709 3764 3783">
     <span class='ocr_line' id='line_1_82' title="bbox 2175 3709 3764 3783; baseline -0.001 -15"><span class='ocrx_word' id='word_1_619' title='bbox 2175 3713 2401 3770; x_wconf 80' lang='lat' dir='ltr'><strong>victoria</strong></span> <span class='ocrx_word' id='word_1_620' title='bbox 2458 3714 2698 3780; x_wconf 83' lang='lat' dir='ltr'><strong>urbium‘,</strong></span> <span class='ocrx_word' id='word_1_621' title='bbox 2728 3712 2850 3783; x_wconf 90' lang='lat' dir='ltr'><strong>quia</strong></span> <span class='ocrx_word' id='word_1_622' title='bbox 2897 3723 3046 3768; x_wconf 80' lang='lat' dir='ltr'><strong>extra</strong></span> <span class='ocrx_word' id='word_1_623' title='bbox 3090 3721 3215 3768; x_wconf 91' lang='lat' dir='ltr'><strong>sunt</strong></span> <span class='ocrx_word' id='word_1_624' title='bbox 3264 3709 3382 3782; x_wconf 76' lang='lat' dir='ltr'><strong>qua:</strong></span> <span class='ocrx_word' id='word_1_625' title='bbox 3409 3711 3764 3781; x_wconf 84' lang='lat' dir='ltr'><strong>subiguntur;</strong></span> 
     </span>
    </p>
   </div>
   <div class='ocr_carea' id='block_1_82' title="bbox 2174 3805 3763 3874">
    <p class='ocr_par' dir='ltr' id='par_1_82' title="bbox 2174 3805 3763 3874">
     <span class='ocr_line' id='line_1_83' title="bbox 2174 3805 3763 3874; baseline -0.001 -14"><span class='ocrx_word' id='word_1_626' title='bbox 2174 3807 2332 3864; x_wconf 88' lang='lat' dir='ltr'><strong>valde</strong></span> <span class='ocrx_word' id='word_1_627' title='bbox 2361 3817 2538 3862; x_wconf 88' lang='lat' dir='ltr'><strong>autem</strong></span> <span class='ocrx_word' id='word_1_628' title='bbox 2561 3805 2588 3844; x_wconf 70' lang='grc' dir='ltr'>δ</span> <span class='ocrx_word' id='word_1_629' title='bbox 2613 3806 2783 3874; x_wconf 86' lang='lat' dir='ltr'><strong>majus</strong></span> <span class='ocrx_word' id='word_1_630' title='bbox 2823 3813 2906 3859; x_wconf 89' lang='lat' dir='ltr'><strong>est</strong></span> <span class='ocrx_word' id='word_1_631' title='bbox 2935 3805 3077 3874; x_wconf 89' lang='lat' dir='ltr'><strong>quod</strong></span> <span class='ocrx_word' id='word_1_632' title='bbox 3111 3820 3204 3874; x_wconf 90' lang='lat' dir='ltr'><strong>per</strong></span> <span class='ocrx_word' id='word_1_633' title='bbox 3249 3805 3559 3873; x_wconf 79' lang='lat' dir='ltr'><strong>patientium</strong></span> <span class='ocrx_word' id='word_1_634' title='bbox 3595 3805 3763 3859; x_wconf 77' lang='lat' dir='ltr'><strong>vinci-</strong></span> 
     </span>
    </p>
   </div>
   <div class='ocr_carea' id='block_1_83' title="bbox 2175 3889 3766 3970">
    <p class='ocr_par' dir='ltr' id='par_1_83' title="bbox 2175 3889 3766 3970">
     <span class='ocr_line' id='line_1_84' title="bbox 2175 3889 3766 3970; baseline -0.001 -18"><span class='ocrx_word' id='word_1_635' title='bbox 2175 3907 2286 3966; x_wconf 90' lang='lat' dir='ltr'><strong>tur,</strong></span> <span class='ocrx_word' id='word_1_636' title='bbox 2317 3899 2439 3968; x_wconf 89' lang='lat' dir='ltr'><strong>quia</strong></span> <span class='ocrx_word' id='word_1_637' title='bbox 2465 3897 2579 3970; x_wconf 89' lang='lat' dir='ltr'><strong>ipse</strong></span> <span class='ocrx_word' id='word_1_638' title='bbox 2602 3912 2631 3950; x_wconf 91' lang='lat' dir='ltr'><strong>a</strong></span> <span class='ocrx_word' id='word_1_639' title='bbox 2663 3910 2720 3950; x_wconf 89' lang='lat' dir='ltr'><strong>se</strong></span> <span class='ocrx_word' id='word_1_640' title='bbox 2747 3894 2958 3950; x_wconf 87' lang='lat' dir='ltr'><strong>animus</strong></span> <span class='ocrx_word' id='word_1_641' title='bbox 2993 3904 3300 3966; x_wconf 86' lang='lat' dir='ltr'><strong>superatur,</strong></span> <span class='ocrx_word' id='word_1_642' title='bbox 3332 3905 3389 3950; x_wconf 91' lang='lat' dir='ltr'><strong>et</strong></span> <span class='ocrx_word' id='word_1_643' title='bbox 3415 3889 3766 3965; x_wconf 87' lang='lat' dir='ltr'><strong>semetipsum</strong></span> 
     </span>
    </p>
   </div>
   <div class='ocr_carea' id='block_1_84' title="bbox 2174 3987 3766 4060">
    <p class='ocr_par' dir='ltr' id='par_1_84' title="bbox 2174 3987 3766 4060">
     <span class='ocr_line' id='line_1_85' title="bbox 2174 3987 3766 4060; baseline -0.002 -15"><span class='ocrx_word' id='word_1_644' title='bbox 2174 3989 2751 4059; x_wconf 77' lang='lat' dir='ltr'><strong>sibimetipsisubjicit,</strong></span> <span class='ocrx_word' id='word_1_645' title='bbox 2784 3987 2997 4060; x_wconf 90' lang='lat' dir='ltr'><strong>quando</strong></span> <span class='ocrx_word' id='word_1_646' title='bbox 3045 4003 3165 4044; x_wconf 90' lang='lat' dir='ltr'><strong>eum</strong></span> <span class='ocrx_word' id='word_1_647' title='bbox 3197 3989 3455 4058; x_wconf 75' lang='lat' dir='ltr'><strong>patientia</strong></span> <span class='ocrx_word' id='word_1_648' title='bbox 3510 3989 3648 4042; x_wconf 87' lang='lat' dir='ltr'><strong>intra</strong></span> <span class='ocrx_word' id='word_1_649' title='bbox 3709 4003 3766 4042; x_wconf 89' lang='lat' dir='ltr'><strong>se</strong></span> 
     </span>
    </p>
   </div>
   <div class='ocr_carea' id='block_1_85' title="bbox 2180 4081 3765 4152">
    <p class='ocr_par' dir='ltr' id='par_1_85' title="bbox 2180 4081 3765 4152">
     <span class='ocr_line' id='line_1_86' title="bbox 2180 4081 3765 4152; baseline -0.001 -14"><span class='ocrx_word' id='word_1_650' title='bbox 2180 4093 2201 4122; x_wconf 74' lang='grc' dir='ltr'><em>ε</em></span> <span class='ocrx_word' id='word_1_651' title='bbox 2241 4083 2453 4138; x_wconf 78' lang='lat' dir='ltr'><strong>frenare</strong></span> <span class='ocrx_word' id='word_1_652' title='bbox 2498 4081 2794 4152; x_wconf 90' lang='lat' dir='ltr'><strong>compellit.</strong></span> <span class='ocrx_word' id='word_1_653' title='bbox 2828 4081 3058 4136; x_wconf 88' lang='lat' dir='ltr'><strong>Audiant</strong></span> <span class='ocrx_word' id='word_1_654' title='bbox 3112 4082 3449 4150; x_wconf 86' lang='lat' dir='ltr'><strong>impatientes</strong></span> <span class='ocrx_word' id='word_1_655' title='bbox 3478 4081 3616 4148; x_wconf 89' lang='lat' dir='ltr'><strong>quod</strong></span> <span class='ocrx_word' id='word_1_656' title='bbox 3660 4082 3765 4136; x_wconf 76' lang='lat' dir='ltr'><strong>ele~</strong></span> 
     </span>
    </p>
   </div>
   <div class='ocr_carea' id='block_1_86' title="bbox 2175 4171 3768 4246">
    <p class='ocr_par' dir='ltr' id='par_1_86' title="bbox 2175 4171 3768 4246">
     <span class='ocr_line' id='line_1_87' title="bbox 2175 4171 3768 4246; baseline -0.003 -14"><span class='ocrx_word' id='word_1_657' title='bbox 2175 4175 2276 4232; x_wconf 79' lang='lat' dir='ltr'><strong>etis</strong></span> <span class='ocrx_word' id='word_1_658' title='bbox 2305 4175 2417 4229; x_wconf 90' lang='lat' dir='ltr'><strong>suis</strong></span> <span class='ocrx_word' id='word_1_659' title='bbox 2443 4173 2653 4229; x_wconf 75' lang='lat' dir='ltr'><strong>Veritas</strong></span> <span class='ocrx_word' id='word_1_660' title='bbox 2676 4174 2841 4243; x_wconf 72' lang='lat' dir='ltr'><strong>dicit:</strong></span> <span class='ocrx_word' id='word_1_661' title='bbox 2871 4173 2941 4228; x_wconf 86' lang='lat' dir='ltr'><strong>In</strong></span> <span class='ocrx_word' id='word_1_662' title='bbox 2970 4173 3218 4246; x_wconf 82' lang='lat' dir='ltr'><strong>patientia</strong></span> <span class='ocrx_word' id='word_1_663' title='bbox 3249 4182 3412 4227; x_wconf 82' lang='lat' dir='ltr'><strong>vestra</strong></span> <span class='ocrx_word' id='word_1_664' title='bbox 3443 4171 3768 4244; x_wconf 82' lang='lat' dir='ltr'><strong>possidebitis</strong></span> 
     </span>
    </p>
   </div>
   <div class='ocr_carea' id='block_1_87' title="bbox 2173 4256 3766 4350">
    <p class='ocr_par' dir='ltr' id='par_1_87' title="bbox 2173 4256 3766 4350">
     <span class='ocr_line' id='line_1_88' title="bbox 2173 4256 3766 4350; baseline -0.001 -27"><span class='ocrx_word' id='word_1_665' title='bbox 2173 4270 2391 4350; x_wconf 46' lang='lat' dir='ltr'><strong>animos</strong></span> <span class='ocrx_word' id='word_1_666' title='bbox 2405 4279 2598 4324; x_wconf 81' lang='lat' dir='ltr'><strong>uestras</strong></span> <span class='ocrx_word' id='word_1_667' title='bbox 2632 4267 2785 4341; x_wconf 84' lang='lat' dir='ltr'><strong>(Luc.</strong></span> <span class='ocrx_word' id='word_1_668' title='bbox 2820 4284 2937 4334; x_wconf 75' lang='lat' dir='ltr'><strong>ut,</strong></span> <span class='ocrx_word' id='word_1_669' title='bbox 2968 4268 3079 4337; x_wconf 84' lang='lat' dir='ltr'><strong>l9).</strong></span> <span class='ocrx_word' id='word_1_670' title='bbox 3123 4266 3213 4322; x_wconf 90' lang='lat' dir='ltr'><strong>Sic</strong></span> <span class='ocrx_word' id='word_1_671' title='bbox 3242 4267 3385 4321; x_wconf 89' lang='lat' dir='ltr'><strong>enim</strong></span> <span class='ocrx_word' id='word_1_672' title='bbox 3434 4256 3635 4321; x_wconf 77' lang='lat' dir='ltr'><strong>con&#39;diti</strong></span> <span class='ocrx_word' id='word_1_673' title='bbox 3667 4266 3766 4321; x_wconf 88' lang='lat' dir='ltr'><strong>mi-</strong></span> 
     </span>
    </p>
   </div>
   <div class='ocr_carea' id='block_1_88' title="bbox 2175 4360 3766 4431">
    <p class='ocr_par' dir='ltr' id='par_1_88' title="bbox 2175 4360 3766 4431">
     <span class='ocr_line' id='line_1_89' title="bbox 2175 4360 3766 4431; baseline 0.001 -17"><span class='ocrx_word' id='word_1_674' title='bbox 2175 4361 2420 4416; x_wconf 87' lang='lat' dir='ltr'><strong>rabiliter</strong></span> <span class='ocrx_word' id='word_1_675' title='bbox 2457 4375 2664 4427; x_wconf 88' lang='lat' dir='ltr'><strong>sumus,</strong></span> <span class='ocrx_word' id='word_1_676' title='bbox 2699 4371 2759 4416; x_wconf 95' lang='lat' dir='ltr'><strong>ut</strong></span> <span class='ocrx_word' id='word_1_677' title='bbox 2785 4361 2930 4417; x_wconf 90' lang='lat' dir='ltr'><strong>ratio</strong></span> <span class='ocrx_word' id='word_1_678' title='bbox 2975 4360 3241 4427; x_wconf 88' lang='lat' dir='ltr'><strong>animam,</strong></span> <span class='ocrx_word' id='word_1_679' title='bbox 3271 4371 3325 4417; x_wconf 90' lang='lat' dir='ltr'><strong>et</strong></span> <span class='ocrx_word' id='word_1_680' title='bbox 3365 4361 3542 4416; x_wconf 87' lang='lat' dir='ltr'><strong>anima</strong></span> <span class='ocrx_word' id='word_1_681' title='bbox 3589 4361 3766 4431; x_wconf 87' lang='lat' dir='ltr'><strong>possi-</strong></span> 
     </span>
    </p>
   </div>
   <div class='ocr_carea' id='block_1_89' title="bbox 2175 4454 3759 4542">
    <p class='ocr_par' dir='ltr' id='par_1_89' title="bbox 2175 4454 3759 4542">
     <span class='ocr_line' id='line_1_90' title="bbox 2175 4454 3759 4542; baseline 0 -32"><span class='ocrx_word' id='word_1_682' title='bbox 2175 4457 2297 4512; x_wconf 86' lang='lat' dir='ltr'><strong>deat</strong></span> <span class='ocrx_word' id='word_1_683' title='bbox 2327 4471 2541 4525; x_wconf 81' lang='lat' dir='ltr'><strong>corpus.</strong></span> <span class='ocrx_word' id='word_1_684' title='bbox 2570 4454 2666 4511; x_wconf 84' lang='lat' dir='ltr'><strong>Jus</strong></span> <span class='ocrx_word' id='word_1_685' title='bbox 2695 4470 2826 4542; x_wconf 79' lang='lat' dir='ltr'><strong>vero</strong></span> <span class='ocrx_word' id='word_1_686' title='bbox 2851 4455 3046 4511; x_wconf 71' lang='lat' dir='ltr'><strong>animat</strong></span> <span class='ocrx_word' id='word_1_687' title='bbox 3075 4469 3104 4509; x_wconf 91' lang='lat' dir='ltr'><strong>a</strong></span> <span class='ocrx_word' id='word_1_688' title='bbox 3127 4454 3366 4522; x_wconf 84' lang='lat' dir='ltr'><strong>corporis</strong></span> <span class='ocrx_word' id='word_1_689' title='bbox 3408 4455 3759 4523; x_wconf 86' lang='lat' dir='ltr'><strong>possessione</strong></span> 
     </span>
    </p>
   </div>
   <div class='ocr_carea' id='block_1_90' title="bbox 490 4543 3753 4642">
    <p class='ocr_par' dir='ltr' id='par_1_90' title="bbox 490 4543 3753 4642">
     <span class='ocr_line' id='line_1_91' title="bbox 490 4543 3753 4642; baseline 0.001 -44"><span class='ocrx_word' id='word_1_690' title='bbox 490 4552 578 4599; x_wconf 86' lang='lat' dir='ltr'><strong>tan</strong></span> <span class='ocrx_word' id='word_1_691' title='bbox 609 4543 701 4598; x_wconf 90' lang='lat' dir='ltr'><strong>diu</strong></span> <span class='ocrx_word' id='word_1_692' title='bbox 739 4543 922 4600; x_wconf 89' lang='lat' dir='ltr'><strong>labore</strong></span> <span class='ocrx_word' id='word_1_693' title='bbox 969 4546 1196 4615; x_wconf 90' lang='lat' dir='ltr'><strong>provido</strong></span> <span class='ocrx_word' id='word_1_694' title='bbox 1227 4558 1666 4606; x_wconf 76' lang='lat' dir='ltr'><strong>construxerunt.</strong></span> <span class='ocrx_word' id='word_1_695' title='bbox 1695 4549 1808 4619; x_wconf 87' lang='lat' dir='ltr'><strong>Ipsa</strong></span> <span class='ocrx_word' id='word_1_696' title='bbox 1839 4565 2071 4622; x_wconf 85' lang='lat' dir='ltr'><strong>namque</strong></span> <span class='ocrx_word' id='word_1_697' title='bbox 2098 4578 2151 4642; x_wconf 68' lang='grc' dir='ltr'><strong><em>Β</em></strong></span> <span class='ocrx_word' id='word_1_698' title='bbox 2178 4549 2478 4616; x_wconf 89' lang='lat' dir='ltr'><strong>repellitur,</strong></span> <span class='ocrx_word' id='word_1_699' title='bbox 2511 4549 2555 4602; x_wconf 92' lang='lat' dir='ltr'><strong>si</strong></span> <span class='ocrx_word' id='word_1_700' title='bbox 2587 4563 2694 4604; x_wconf 91' lang='lat' dir='ltr'><strong>non</strong></span> <span class='ocrx_word' id='word_1_701' title='bbox 2732 4550 2880 4618; x_wconf 90' lang='lat' dir='ltr'><strong>prius</strong></span> <span class='ocrx_word' id='word_1_702' title='bbox 2910 4549 3084 4603; x_wconf 87' lang='lat' dir='ltr'><strong>anima</strong></span> <span class='ocrx_word' id='word_1_703' title='bbox 3116 4561 3144 4600; x_wconf 68' lang='grc' dir='ltr'><strong><em>λ</em></strong></span> <span class='ocrx_word' id='word_1_704' title='bbox 3169 4547 3376 4604; x_wconf 86' lang='lat' dir='ltr'><strong>ratione</strong></span> <span class='ocrx_word' id='word_1_705' title='bbox 3425 4545 3753 4615; x_wconf 88' lang='lat' dir='ltr'><strong>possidetur.</strong></span> 
     </span>
    </p>
   </div>
   <div class='ocr_carea' id='block_1_91' title="bbox 489 4643 2071 4716">
    <p class='ocr_par' dir='ltr' id='par_1_91' title="bbox 489 4643 2071 4716">
     <span class='ocr_line' id='line_1_92' title="bbox 489 4643 2071 4716; baseline 0.005 -21"><span class='ocrx_word' id='word_1_706' title='bbox 489 4657 608 4712; x_wconf 71' lang='lat' dir='ltr'><strong>quos</strong></span> <span class='ocrx_word' id='word_1_707' title='bbox 641 4650 818 4697; x_wconf 90' lang='lat' dir='ltr'><strong>mater</strong></span> <span class='ocrx_word' id='word_1_708' title='bbox 842 4650 927 4698; x_wconf 90' lang='lat' dir='ltr'><strong>est</strong></span> <span class='ocrx_word' id='word_1_709' title='bbox 947 4643 1186 4698; x_wconf 92' lang='lat' dir='ltr'><strong>omnium</strong></span> <span class='ocrx_word' id='word_1_710' title='bbox 1217 4653 1512 4715; x_wconf 84' lang='lat' dir='ltr'><strong>custosque</strong></span> <span class='ocrx_word' id='word_1_711' title='bbox 1530 4645 1816 4712; x_wconf 89' lang='lat' dir='ltr'><strong>virtutum,</strong></span> <span class='ocrx_word' id='word_1_712' title='bbox 1847 4661 1942 4716; x_wconf 86' lang='lat' dir='ltr'><strong>per</strong></span> <span class='ocrx_word' id='word_1_713' title='bbox 1970 4647 2071 4702; x_wconf 90' lang='lat' dir='ltr'><strong>im-</strong></span> 
     </span>
    </p>
   </div>
   <div class='ocr_carea' id='block_1_92' title="bbox 489 4735 2069 4811">
    <p class='ocr_par' dir='ltr' id='par_1_92' title="bbox 489 4735 2069 4811">
     <span class='ocr_line' id='line_1_93' title="bbox 489 4735 2069 4811; baseline 0.006 -24"><span class='ocrx_word' id='word_1_714' title='bbox 489 4735 760 4803; x_wconf 78' lang='lat' dir='ltr'><strong>patientiae</strong></span> <span class='ocrx_word' id='word_1_715' title='bbox 787 4735 976 4792; x_wconf 86' lang='lat' dir='ltr'><strong>vitium</strong></span> <span class='ocrx_word' id='word_1_716' title='bbox 999 4737 1168 4792; x_wconf 89' lang='lat' dir='ltr'><strong>virtus</strong></span> <span class='ocrx_word' id='word_1_717' title='bbox 1188 4739 1453 4794; x_wconf 89' lang='lat' dir='ltr'><strong>amittitur</strong></span> <span class='ocrx_word' id='word_1_718' title='bbox 1476 4737 1774 4794; x_wconf 87' lang='lat' dir='ltr'><strong>charitatis.</strong></span> <span class='ocrx_word' id='word_1_719' title='bbox 1803 4739 2069 4811; x_wconf 88' lang='lat' dir='ltr'><strong>Scriptum</strong></span> 
     </span>
    </p>
   </div>
   <div class='ocr_carea' id='block_1_93' title="bbox 489 4830 2072 4906">
    <p class='ocr_par' dir='ltr' id='par_1_93' title="bbox 489 4830 2072 4906">
     <span class='ocr_line' id='line_1_94' title="bbox 489 4830 2072 4906; baseline 0.004 -22"><span class='ocrx_word' id='word_1_720' title='bbox 489 4830 684 4900; x_wconf 89' lang='lat' dir='ltr'><strong>quippe</strong></span> <span class='ocrx_word' id='word_1_721' title='bbox 702 4839 822 4885; x_wconf 84' lang='lat' dir='ltr'><strong>est:</strong></span> <span class='ocrx_word' id='word_1_722' title='bbox 851 4830 1090 4887; x_wconf 79' lang='lat' dir='ltr'><strong>Charitas</strong></span> <span class='ocrx_word' id='word_1_723' title='bbox 1117 4833 1312 4902; x_wconf 82' lang='lat' dir='ltr'><strong>patiens</strong></span> <span class='ocrx_word' id='word_1_724' title='bbox 1340 4842 1411 4888; x_wconf 86' lang='lat' dir='ltr'><strong>est</strong></span> <span class='ocrx_word' id='word_1_725' title='bbox 1453 4832 1514 4904; x_wconf 82' lang='lat'><strong>(1</strong></span> <span class='ocrx_word' id='word_1_726' title='bbox 1549 4833 1666 4888; x_wconf 89' lang='lat' dir='ltr'><strong>Cor.</strong></span> <span class='ocrx_word' id='word_1_727' title='bbox 1689 4848 1814 4906; x_wconf 80' lang='lat' dir='ltr'><strong>xm,</strong></span> <span class='ocrx_word' id='word_1_728' title='bbox 1848 4833 1926 4906; x_wconf 69' lang='grc'><strong>4).</strong></span> <span class='ocrx_word' id='word_1_729' title='bbox 1970 4836 2072 4905; x_wconf 78' lang='lat' dir='ltr'><strong>lgi-</strong></span> 
     </span>
    </p>
   </div>
   <div class='ocr_carea' id='block_1_94' title="bbox 491 4925 2071 4995">
    <p class='ocr_par' dir='ltr' id='par_1_94' title="bbox 491 4925 2071 4995">
     <span class='ocr_line' id='line_1_95' title="bbox 491 4925 2071 4995; baseline 0.005 -17"><span class='ocrx_word' id='word_1_730' title='bbox 491 4931 576 4978; x_wconf 87' lang='lat' dir='ltr'><strong>tur</strong></span> <span class='ocrx_word' id='word_1_731' title='bbox 605 4938 727 4978; x_wconf 88' lang='lat' dir='ltr'><strong>cum</strong></span> <span class='ocrx_word' id='word_1_732' title='bbox 758 4925 977 4982; x_wconf 89' lang='lat' dir='ltr'><strong>minime</strong></span> <span class='ocrx_word' id='word_1_733' title='bbox 1006 4935 1088 4982; x_wconf 89' lang='lat' dir='ltr'><strong>est</strong></span> <span class='ocrx_word' id='word_1_734' title='bbox 1132 4927 1363 4995; x_wconf 89' lang='lat' dir='ltr'><strong>patiens,</strong></span> <span class='ocrx_word' id='word_1_735' title='bbox 1395 4927 1629 4982; x_wconf 85' lang='lat' dir='ltr'><strong>charitas</strong></span> <span class='ocrx_word' id='word_1_736' title='bbox 1676 4943 1785 4983; x_wconf 91' lang='lat' dir='ltr'><strong>non</strong></span> <span class='ocrx_word' id='word_1_737' title='bbox 1819 4938 1918 4984; x_wconf 85' lang='lat' dir='ltr'><strong>est.</strong></span> <span class='ocrx_word' id='word_1_738' title='bbox 1969 4929 2071 4985; x_wconf 87' lang='lat' dir='ltr'><strong>Per</strong></span> 
     </span>
    </p>
   </div>
   <div class='ocr_carea' id='block_1_95' title="bbox 490 5016 2071 5090">
    <p class='ocr_par' dir='ltr' id='par_1_95' title="bbox 490 5016 2071 5090">
     <span class='ocr_line' id='line_1_96' title="bbox 490 5016 2071 5090; baseline 0.006 -21"><span class='ocrx_word' id='word_1_739' title='bbox 490 5016 596 5070; x_wconf 83' lang='lat' dir='ltr'><strong>hoc</strong></span> <span class='ocrx_word' id='word_1_740' title='bbox 627 5030 837 5086; x_wconf 90' lang='lat' dir='ltr'><strong>quoque</strong></span> <span class='ocrx_word' id='word_1_741' title='bbox 866 5018 1209 5087; x_wconf 82' lang='lat' dir='ltr'><strong>impatientiae</strong></span> <span class='ocrx_word' id='word_1_742' title='bbox 1251 5021 1437 5076; x_wconf 89' lang='lat' dir='ltr'><strong>vitium</strong></span> <span class='ocrx_word' id='word_1_743' title='bbox 1462 5020 1576 5090; x_wconf 88' lang='lat' dir='ltr'><strong>ipsa</strong></span> <span class='ocrx_word' id='word_1_744' title='bbox 1606 5021 1860 5076; x_wconf 87' lang='lat' dir='ltr'><strong>virtutum</strong></span> <span class='ocrx_word' id='word_1_745' title='bbox 1892 5023 2071 5078; x_wconf 77' lang='lat' dir='ltr'><strong>nutrix</strong></span> 
     </span>
    </p>
   </div>
   <div class='ocr_carea' id='block_1_96' title="bbox 490 5103 2071 5183">
    <p class='ocr_par' dir='ltr' id='par_1_96' title="bbox 490 5103 2071 5183">
     <span class='ocr_line' id='line_1_97' title="bbox 490 5103 2071 5183; baseline 0.004 -23"><span class='ocrx_word' id='word_1_746' title='bbox 490 5103 736 5161; x_wconf 83' lang='lat' dir='ltr'><strong>doctrina</strong></span> <span class='ocrx_word' id='word_1_747' title='bbox 772 5105 1079 5176; x_wconf 87' lang='lat' dir='ltr'><strong>dissipatur.</strong></span> <span class='ocrx_word' id='word_1_748' title='bbox 1109 5107 1377 5179; x_wconf 87' lang='lat' dir='ltr'><strong>Scriptqu</strong></span> <span class='ocrx_word' id='word_1_749' title='bbox 1426 5126 1658 5183; x_wconf 87' lang='lat' dir='ltr'><strong>namque</strong></span> <span class='ocrx_word' id='word_1_750' title='bbox 1680 5119 1792 5168; x_wconf 87' lang='lat' dir='ltr'><strong>est:</strong></span> <span class='ocrx_word' id='word_1_751' title='bbox 1820 5111 2071 5167; x_wconf 81' lang='lat' dir='ltr'><strong>Doctrina</strong></span> 
     </span>
    </p>
   </div>
   <div class='ocr_carea' id='block_1_97' title="bbox 491 5199 2070 5274">
    <p class='ocr_par' dir='ltr' id='par_1_97' title="bbox 491 5199 2070 5274">
     <span class='ocr_line' id='line_1_98' title="bbox 491 5199 2070 5274; baseline 0.004 -21"><span class='ocrx_word' id='word_1_752' title='bbox 491 5199 587 5254; x_wconf 75' lang='lat' dir='ltr'><strong>viri</strong></span> <span class='ocrx_word' id='word_1_753' title='bbox 623 5214 712 5268; x_wconf 86' lang='lat' dir='ltr'><strong>per</strong></span> <span class='ocrx_word' id='word_1_754' title='bbox 748 5199 1043 5269; x_wconf 83' lang='lat' dir='ltr'><strong>patientiam</strong></span> <span class='ocrx_word' id='word_1_755' title='bbox 1096 5201 1322 5254; x_wconf 84' lang='lat' dir='ltr'><strong>noscitur</strong></span> <span class='ocrx_word' id='word_1_756' title='bbox 1370 5201 1554 5273; x_wconf 80' lang='lat' dir='ltr'><strong>(Prov.</strong></span> <span class='ocrx_word' id='word_1_757' title='bbox 1611 5219 1721 5270; x_wconf 76' lang='lat' dir='ltr'><strong>nx,</strong></span> <span class='ocrx_word' id='word_1_758' title='bbox 1745 5203 1863 5274; x_wconf 78' lang='grc' dir='ltr'><strong>Η).</strong></span> <span class='ocrx_word' id='word_1_759' title='bbox 1897 5203 2070 5260; x_wconf 87' lang='lat' dir='ltr'><strong>Tanto</strong></span> 
     </span>
    </p>
   </div>
   <div class='ocr_carea' id='block_1_98' title="bbox 494 5291 2068 5367">
    <p class='ocr_par' dir='ltr' id='par_1_98' title="bbox 494 5291 2068 5367">
     <span class='ocr_line' id='line_1_99' title="bbox 494 5291 2068 5367; baseline 0.003 -22"><span class='ocrx_word' id='word_1_760' title='bbox 494 5304 625 5360; x_wconf 88' lang='lat' dir='ltr'><strong>ergo</strong></span> <span class='ocrx_word' id='word_1_761' title='bbox 647 5291 876 5361; x_wconf 86' lang='lat' dir='ltr'><strong>quisque</strong></span> <span class='ocrx_word' id='word_1_762' title='bbox 903 5291 1080 5347; x_wconf 90' lang='lat' dir='ltr'><strong>minus</strong></span> <span class='ocrx_word' id='word_1_763' title='bbox 1133 5292 1432 5348; x_wconf 89' lang='lat' dir='ltr'><strong>ostenditur</strong></span> <span class='ocrx_word' id='word_1_764' title='bbox 1483 5294 1710 5364; x_wconf 88' lang='lat' dir='ltr'><strong>doctus,</strong></span> <span class='ocrx_word' id='word_1_765' title='bbox 1737 5304 1937 5367; x_wconf 88' lang='lat' dir='ltr'><strong>quanto</strong></span> <span class='ocrx_word' id='word_1_766' title='bbox 1967 5297 2068 5352; x_wconf 89' lang='lat' dir='ltr'><strong>mi-</strong></span> 
     </span>
    </p>
   </div>
   <div class='ocr_carea' id='block_1_99' title="bbox 499 5384 2068 5457">
    <p class='ocr_par' dir='ltr' id='par_1_99' title="bbox 499 5384 2068 5457">
     <span class='ocr_line' id='line_1_100' title="bbox 499 5384 2068 5457; baseline 0.005 -21"><span class='ocrx_word' id='word_1_767' title='bbox 499 5399 601 5436; x_wconf 84' lang='lat' dir='ltr'><strong>nus</strong></span> <span class='ocrx_word' id='word_1_768' title='bbox 624 5384 960 5440; x_wconf 89' lang='lat' dir='ltr'><strong>convincitur</strong></span> <span class='ocrx_word' id='word_1_769' title='bbox 986 5385 1212 5454; x_wconf 89' lang='lat' dir='ltr'><strong>patiens.</strong></span> <span class='ocrx_word' id='word_1_770' title='bbox 1245 5384 1429 5453; x_wconf 82' lang='lat' dir='ltr'><strong>Neque</strong></span> <span class='ocrx_word' id='word_1_771' title='bbox 1478 5389 1619 5442; x_wconf 89' lang='lat' dir='ltr'><strong>enim</strong></span> <span class='ocrx_word' id='word_1_772' title='bbox 1660 5399 1836 5457; x_wconf 89' lang='lat' dir='ltr'><strong>potest</strong></span> <span class='ocrx_word' id='word_1_773' title='bbox 1861 5390 2068 5446; x_wconf 87' lang='lat' dir='ltr'><strong>veraci-</strong></span> 
     </span>
    </p>
   </div>
   <div class='ocr_carea' id='block_1_100' title="bbox 496 5475 2074 5549">
    <p class='ocr_par' dir='ltr' id='par_1_100' title="bbox 496 5475 2074 5549">
     <span class='ocr_line' id='line_1_101' title="bbox 496 5475 2074 5549; baseline 0.006 -17"><span class='ocrx_word' id='word_1_774' title='bbox 496 5484 579 5532; x_wconf 78' lang='lat' dir='ltr'><strong>ter</strong></span> <span class='ocrx_word' id='word_1_775' title='bbox 638 5475 776 5533; x_wconf 90' lang='lat' dir='ltr'><strong>bona</strong></span> <span class='ocrx_word' id='word_1_776' title='bbox 827 5477 1067 5534; x_wconf 88' lang='lat' dir='ltr'><strong>docendo</strong></span> <span class='ocrx_word' id='word_1_777' title='bbox 1120 5477 1462 5549; x_wconf 87' lang='lat' dir='ltr'><strong>impendere,</strong></span> <span class='ocrx_word' id='word_1_778' title='bbox 1525 5478 1572 5536; x_wconf 85' lang='lat' dir='ltr'><strong>si</strong></span> <span class='ocrx_word' id='word_1_779' title='bbox 1627 5482 1854 5541; x_wconf 88' lang='lat' dir='ltr'><strong>vivendo</strong></span> <span class='ocrx_word' id='word_1_780' title='bbox 1901 5487 2074 5542; x_wconf 85' lang='lat' dir='ltr'><strong>nescit</strong></span> 
     </span>
    </p>
   </div>
   <div class='ocr_carea' id='block_1_101' title="bbox 496 5572 1592 5651">
    <p class='ocr_par' dir='ltr' id='par_1_101' title="bbox 496 5572 1592 5651">
     <span class='ocr_line' id='line_1_102' title="bbox 496 5572 1592 5651; baseline 0.005 -25"><span class='ocrx_word' id='word_1_781' title='bbox 496 5572 867 5641; x_wconf 64' lang='lat' dir='ltr'><strong>aequanimiter</strong></span> <span class='ocrx_word' id='word_1_782' title='bbox 893 5572 1066 5628; x_wconf 82' lang='lat' dir='ltr'><strong>aliena</strong></span> <span class='ocrx_word' id='word_1_783' title='bbox 1098 5573 1240 5627; x_wconf 87' lang='lat' dir='ltr'><strong>mala</strong></span> <span class='ocrx_word' id='word_1_784' title='bbox 1270 5572 1518 5631; x_wconf 89' lang='lat' dir='ltr'><strong>tolerare.</strong></span> <span class='ocrx_word' id='word_1_785' title='bbox 1580 5645 1592 5651; x_wconf 25' lang='grc' dir='ltr'><strong>ί</strong></span> 
     </span>
    </p>
   </div>
   <div class='ocr_carea' id='block_1_102' title="bbox 565 5723 2067 5801">
    <p class='ocr_par' dir='ltr' id='par_1_102' title="bbox 565 5723 2067 5801">
     <span class='ocr_line' id='line_1_103' title="bbox 565 5723 2067 5801; baseline 0.007 -21"><span class='ocrx_word' id='word_1_786' title='bbox 565 5723 852 5801; x_wconf 47' lang='lat' dir='ltr'><strong>{Tertius</strong></span> <span class='ocrx_word' id='word_1_787' title='bbox 877 5725 1062 5801; x_wconf 83' lang='lat' dir='ltr'><strong>C_arr_t.,</strong></span> <span class='ocrx_word' id='word_1_788' title='bbox 1094 5729 1189 5782; x_wconf 84' lang='lat' dir='ltr'><strong>leo.</strong></span> <span class='ocrx_word' id='word_1_789' title='bbox 1223 5729 1538 5801; x_wconf 81' lang='lat' dir='ltr'><strong>monitionis.</strong></span> <span class='ocrx_word' id='word_1_790' title='bbox 1576 5727 1746 5801; x_wconf 85' lang='lat' dir='ltr'><strong>Belv.,</strong></span> <span class='ocrx_word' id='word_1_791' title='bbox 1779 5730 1875 5788; x_wconf 78' lang='lat' dir='ltr'><strong>leo.</strong></span> <span class='ocrx_word' id='word_1_792' title='bbox 1905 5735 2067 5790; x_wconf 80' lang='lat' dir='ltr'><strong>movi-</strong></span> 
     </span>
    </p>
   </div>
   <div class='ocr_carea' id='block_1_103' title="bbox 498 5794 1398 5864">
    <p class='ocr_par' dir='ltr' id='par_1_103' title="bbox 498 5794 1398 5864">
     <span class='ocr_line' id='line_1_104' title="bbox 498 5794 1398 5864; baseline 0 -10"><span class='ocrx_word' id='word_1_793' title='bbox 498 5794 671 5854; x_wconf 79' lang='lat' dir='ltr'><strong>tionis.</strong></span> <span class='ocrx_word' id='word_1_794' title='bbox 701 5797 892 5864; x_wconf 84' lang='lat' dir='ltr'><strong>Laud.,</strong></span> <span class='ocrx_word' id='word_1_795' title='bbox 915 5797 1115 5854; x_wconf 73' lang='lat' dir='ltr'><strong>levitate</strong></span> <span class='ocrx_word' id='word_1_796' title='bbox 1143 5799 1398 5855; x_wconf 83' lang='lat' dir='ltr'><strong>motionis.</strong></span> 
     </span>
    </p>
   </div>
   <div class='ocr_carea' id='block_1_104' title="bbox 2147 5101 3077 5176">
    <p class='ocr_par' dir='ltr' id='par_1_104' title="bbox 2147 5101 3077 5176">
     <span class='ocr_line' id='line_1_105' title="bbox 2147 5101 3077 5176; baseline -0.008 -14"><span class='ocrx_word' id='word_1_797' title='bbox 2147 5104 2516 5176; x_wconf 38' lang='lat' dir='ltr'><strong>‘Salomonem</strong></span> <span class='ocrx_word' id='word_1_798' title='bbox 2563 5117 2776 5159; x_wconf 87' lang='lat' dir='ltr'><strong>rursum</strong></span> <span class='ocrx_word' id='word_1_799' title='bbox 2825 5101 3021 5158; x_wconf 90' lang='lat' dir='ltr'><strong>dicitur</strong></span> <span class='ocrx_word' id='word_1_800' title='bbox 3060 5119 3077 5155; x_wconf 73' lang='grc' dir='ltr'>ι</span> 
     </span>
    </p>
   </div>
   <div class='ocr_carea' id='block_1_105' title="bbox 2178 4641 3764 4713">
    <p class='ocr_par' dir='ltr' id='par_1_105' title="bbox 2178 4641 3764 4713">
     <span class='ocr_line' id='line_1_106' title="bbox 2178 4641 3764 4713; baseline -0.001 -16"><span class='ocrx_word' id='word_1_801' title='bbox 2178 4643 2466 4698; x_wconf 87' lang='lat' dir='ltr'><strong>Custodem</strong></span> <span class='ocrx_word' id='word_1_802' title='bbox 2510 4643 2668 4713; x_wconf 88' lang='lat' dir='ltr'><strong>igitur</strong></span> <span class='ocrx_word' id='word_1_803' title='bbox 2721 4643 3042 4698; x_wconf 87' lang='lat' dir='ltr'><strong>conditionis</strong></span> <span class='ocrx_word' id='word_1_804' title='bbox 3066 4650 3266 4698; x_wconf 70' lang='lat' dir='ltr'><strong>nostrae</strong></span> <span class='ocrx_word' id='word_1_805' title='bbox 3295 4641 3607 4712; x_wconf 88' lang='lat' dir='ltr'><strong>patientiam</strong></span> <span class='ocrx_word' id='word_1_806' title='bbox 3661 4642 3764 4696; x_wconf 58' lang='lat' dir='ltr'><strong>Do.</strong></span> 
     </span>
    </p>
   </div>
   <div class='ocr_carea' id='block_1_106' title="bbox 2179 4734 3768 4805">
    <p class='ocr_par' dir='ltr' id='par_1_106' title="bbox 2179 4734 3768 4805">
     <span class='ocr_line' id='line_1_107' title="bbox 2179 4734 3768 4805; baseline -0.003 -12"><span class='ocrx_word' id='word_1_807' title='bbox 2179 4738 2358 4794; x_wconf 90' lang='lat' dir='ltr'><strong>minus</strong></span> <span class='ocrx_word' id='word_1_808' title='bbox 2406 4751 2527 4793; x_wconf 86' lang='lat' dir='ltr'><strong>esse</strong></span> <span class='ocrx_word' id='word_1_809' title='bbox 2573 4737 2912 4804; x_wconf 86' lang='lat' dir='ltr'><strong>monstravit,</strong></span> <span class='ocrx_word' id='word_1_810' title='bbox 2939 4736 3029 4804; x_wconf 80' lang='lat' dir='ltr'><strong>qui</strong></span> <span class='ocrx_word' id='word_1_811' title='bbox 3081 4736 3135 4792; x_wconf 91' lang='lat' dir='ltr'><strong>in</strong></span> <span class='ocrx_word' id='word_1_812' title='bbox 3181 4734 3295 4805; x_wconf 88' lang='lat' dir='ltr'><strong>ipsa</strong></span> <span class='ocrx_word' id='word_1_813' title='bbox 3347 4750 3444 4791; x_wconf 91' lang='lat' dir='ltr'><strong>nos</strong></span> <span class='ocrx_word' id='word_1_814' title='bbox 3488 4734 3768 4804; x_wconf 89' lang='lat' dir='ltr'><strong>possidere</strong></span> 
     </span>
    </p>
   </div>
   <div class='ocr_carea' id='block_1_107' title="bbox 2179 4821 3765 4895">
    <p class='ocr_par' dir='ltr' id='par_1_107' title="bbox 2179 4821 3765 4895">
     <span class='ocr_line' id='line_1_108' title="bbox 2179 4821 3765 4895; baseline -0.003 -13"><span class='ocrx_word' id='word_1_815' title='bbox 2179 4827 2534 4895; x_wconf 86' lang='lat' dir='ltr'><strong>nosmetipsos</strong></span> <span class='ocrx_word' id='word_1_816' title='bbox 2553 4825 2752 4880; x_wconf 92' lang='lat' dir='ltr'><strong>docuit.</strong></span> <span class='ocrx_word' id='word_1_817' title='bbox 2767 4825 2976 4890; x_wconf 84' lang='lat' dir='ltr'><strong>Quanta</strong></span> <span class='ocrx_word' id='word_1_818' title='bbox 2991 4838 3118 4894; x_wconf 84' lang='lat' dir='ltr'><strong>ergo</strong></span> <span class='ocrx_word' id='word_1_819' title='bbox 3144 4825 3212 4878; x_wconf 88' lang='lat' dir='ltr'><strong>sit</strong></span> <span class='ocrx_word' id='word_1_820' title='bbox 3238 4824 3585 4894; x_wconf 63' lang='lat' dir='ltr'><strong>impatientia)</strong></span> <span class='ocrx_word' id='word_1_821' title='bbox 3602 4821 3765 4893; x_wconf 77' lang='lat' dir='ltr'><strong>culpa</strong></span> 
     </span>
    </p>
   </div>
   <div class='ocr_carea' id='block_1_108' title="bbox 2178 4916 3766 4992">
    <p class='ocr_par' dir='ltr' id='par_1_108' title="bbox 2178 4916 3766 4992">
     <span class='ocr_line' id='line_1_109' title="bbox 2178 4916 3766 4992; baseline -0.004 -16"><span class='ocrx_word' id='word_1_822' title='bbox 2178 4920 2574 4992; x_wconf 82' lang='lat' dir='ltr'><strong>cognoscimus,</strong></span> <span class='ocrx_word' id='word_1_823' title='bbox 2604 4931 2700 4986; x_wconf 90' lang='lat' dir='ltr'><strong>per</strong></span> <span class='ocrx_word' id='word_1_824' title='bbox 2725 4933 2882 4988; x_wconf 89' lang='lat' dir='ltr'><strong>quam</strong></span> <span class='ocrx_word' id='word_1_825' title='bbox 2911 4925 2966 4973; x_wconf 88' lang='lat' dir='ltr'><strong>et</strong></span> <span class='ocrx_word' id='word_1_826' title='bbox 2992 4916 3092 4972; x_wconf 84' lang='lat' dir='ltr'><strong>hoc</strong></span> <span class='ocrx_word' id='word_1_827' title='bbox 3112 4917 3286 4985; x_wconf 90' lang='lat' dir='ltr'><strong>ipsum</strong></span> <span class='ocrx_word' id='word_1_828' title='bbox 3313 4916 3609 4971; x_wconf 91' lang='lat' dir='ltr'><strong>amittimus</strong></span> <span class='ocrx_word' id='word_1_829' title='bbox 3641 4930 3766 4983; x_wconf 89' lang='lat' dir='ltr'><strong>pos-</strong></span> 
     </span>
    </p>
   </div>
   <div class='ocr_carea' id='block_1_109' title="bbox 2173 5010 3767 5083">
    <p class='ocr_par' dir='ltr' id='par_1_109' title="bbox 2173 5010 3767 5083">
     <span class='ocr_line' id='line_1_110' title="bbox 2173 5010 3767 5083; baseline -0.003 -14"><span class='ocrx_word' id='word_1_830' title='bbox 2173 5014 2350 5069; x_wconf 85' lang='lat' dir='ltr'><strong>sidere</strong></span> <span class='ocrx_word' id='word_1_831' title='bbox 2379 5012 2521 5083; x_wconf 90' lang='lat' dir='ltr'><strong>quod</strong></span> <span class='ocrx_word' id='word_1_832' title='bbox 2568 5025 2775 5068; x_wconf 84' lang='lat' dir='ltr'><strong>sumus.</strong></span> <span class='ocrx_word' id='word_1_833' title='bbox 2819 5011 3054 5067; x_wconf 84' lang='lat' dir='ltr'><strong>Audiam</strong></span> <span class='ocrx_word' id='word_1_834' title='bbox 3105 5011 3450 5082; x_wconf 88' lang='lat' dir='ltr'><strong>impatientes</strong></span> <span class='ocrx_word' id='word_1_835' title='bbox 3477 5010 3616 5080; x_wconf 90' lang='lat' dir='ltr'><strong>quod</strong></span> <span class='ocrx_word' id='word_1_836' title='bbox 3668 5024 3767 5076; x_wconf 89' lang='lat' dir='ltr'><strong>per</strong></span> 
     </span>
    </p>
   </div>
   <div class='ocr_carea' id='block_1_110' title="bbox 3129 5099 3765 5173">
    <p class='ocr_par' dir='ltr' id='par_1_110' title="bbox 3129 5099 3765 5173">
     <span class='ocr_line' id='line_1_111' title="bbox 3129 5099 3765 5173; baseline -0.003 -17"><span class='ocrx_word' id='word_1_837' title='bbox 3129 5102 3316 5156; x_wconf 78' lang='lat' dir='ltr'><strong>Totum</strong></span> <span class='ocrx_word' id='word_1_838' title='bbox 3365 5099 3475 5173; x_wconf 62' lang='grc' dir='ltr'>Μ</span> <span class='ocrx_word' id='word_1_839' title='bbox 3519 5101 3765 5170; x_wconf 82' lang='lat' dir='ltr'><strong>spiritum</strong></span> 
     </span>
    </p>
   </div>
   <div class='ocr_carea' id='block_1_111' title="bbox 2177 5192 3764 5267">
    <p class='ocr_par' dir='ltr' id='par_1_111' title="bbox 2177 5192 3764 5267">
     <span class='ocr_line' id='line_1_112' title="bbox 2177 5192 3764 5267; baseline -0.003 -16"><span class='ocrx_word' id='word_1_840' title='bbox 2177 5212 2324 5253; x_wconf 86' lang='lat' dir='ltr'><strong>suum</strong></span> <span class='ocrx_word' id='word_1_841' title='bbox 2351 5200 2545 5267; x_wconf 76' lang='lat' dir='ltr'><strong>profert</strong></span> <span class='ocrx_word' id='word_1_842' title='bbox 2573 5195 2784 5262; x_wconf 83' lang='lat' dir='ltr'><strong>stultus,</strong></span> <span class='ocrx_word' id='word_1_843' title='bbox 2814 5196 3219 5264; x_wconf 85' lang='lat' dir='ltr'><strong>sapiens&#39;autem</strong></span> <span class='ocrx_word' id='word_1_844' title='bbox 3247 5192 3419 5261; x_wconf 74' lang='lat' dir='ltr'><strong>differt</strong></span> <span class='ocrx_word' id='word_1_845' title='bbox 3466 5202 3513 5247; x_wconf 88' lang='lat' dir='ltr'><strong>et</strong></span> <span class='ocrx_word' id='word_1_846' title='bbox 3543 5203 3764 5248; x_wconf 76' lang='lat' dir='ltr'><strong>reseruat</strong></span> 
     </span>
    </p>
   </div>
   <div class='ocr_carea' id='block_1_112' title="bbox 2176 5286 3763 5359">
    <p class='ocr_par' dir='ltr' id='par_1_112' title="bbox 2176 5286 3763 5359">
     <span class='ocr_line' id='line_1_113' title="bbox 2176 5286 3763 5359; baseline -0.002 -17"><span class='ocrx_word' id='word_1_847' title='bbox 2176 5289 2230 5343; x_wconf 90' lang='lat' dir='ltr'><strong>in</strong></span> <span class='ocrx_word' id='word_1_848' title='bbox 2249 5298 2510 5358; x_wconf 84' lang='lat' dir='ltr'><strong>posterum</strong></span> <span class='ocrx_word' id='word_1_849' title='bbox 2542 5288 2723 5359; x_wconf 84' lang='lat' dir='ltr'><strong>(Prov.</strong></span> <span class='ocrx_word' id='word_1_850' title='bbox 2747 5304 2902 5354; x_wconf 79' lang='lat' dir='ltr'><strong>nix,</strong></span> <span class='ocrx_word' id='word_1_851' title='bbox 2934 5288 3044 5358; x_wconf 78' lang='lat' dir='ltr'><strong>il).</strong></span> <span class='ocrx_word' id='word_1_852' title='bbox 3078 5286 3412 5358; x_wconf 82' lang='lat' dir='ltr'><strong>lmpatientia</strong></span> <span class='ocrx_word' id='word_1_853' title='bbox 3441 5287 3636 5356; x_wconf 89' lang='lat' dir='ltr'><strong>quippe</strong></span> <span class='ocrx_word' id='word_1_854' title='bbox 3662 5287 3763 5340; x_wconf 82' lang='lat' dir='ltr'><strong>im-</strong></span> 
     </span>
    </p>
   </div>
   <div class='ocr_carea' id='block_1_113' title="bbox 2177 5379 3758 5456">
    <p class='ocr_par' dir='ltr' id='par_1_113' title="bbox 2177 5379 3758 5456">
     <span class='ocr_line' id='line_1_114' title="bbox 2177 5379 3758 5456; baseline -0.004 -16"><span class='ocrx_word' id='word_1_855' title='bbox 2177 5384 2410 5456; x_wconf 90' lang='lat' dir='ltr'><strong>pellente</strong></span> <span class='ocrx_word' id='word_1_856' title='bbox 2463 5384 2637 5454; x_wconf 86' lang='lat' dir='ltr'><strong>agitur</strong></span> <span class='ocrx_word' id='word_1_857' title='bbox 2675 5392 2734 5438; x_wconf 92' lang='lat' dir='ltr'><strong>ut</strong></span> <span class='ocrx_word' id='word_1_858' title='bbox 2773 5392 2916 5438; x_wconf 90' lang='lat' dir='ltr'><strong>totus</strong></span> <span class='ocrx_word' id='word_1_859' title='bbox 2969 5384 3111 5437; x_wconf 80' lang='lat' dir='ltr'><strong>foras</strong></span> <span class='ocrx_word' id='word_1_860' title='bbox 3138 5383 3357 5452; x_wconf 80' lang='lat' dir='ltr'><strong>Spiritus</strong></span> <span class='ocrx_word' id='word_1_861' title='bbox 3416 5379 3758 5451; x_wconf 85' lang='lat' dir='ltr'><strong>proferatur;</strong></span> 
     </span>
    </p>
   </div>
   <div class='ocr_carea' id='block_1_114' title="bbox 2183 5465 3762 5553">
    <p class='ocr_par' dir='ltr' id='par_1_114' title="bbox 2183 5465 3762 5553">
     <span class='ocr_line' id='line_1_115' title="bbox 2183 5465 3762 5553; baseline -0.004 -17"><span class='ocrx_word' id='word_1_862' title='bbox 2183 5496 2344 5553; x_wconf 90' lang='lat' dir='ltr'><strong>quem</strong></span> <span class='ocrx_word' id='word_1_863' title='bbox 2375 5479 2578 5545; x_wconf 82' lang='lat' dir='ltr'><strong>idcirco</strong></span> <span class='ocrx_word' id='word_1_864' title='bbox 2606 5477 2940 5547; x_wconf 88' lang='lat' dir='ltr'><strong>perturbatio</strong></span> <span class='ocrx_word' id='word_1_865' title='bbox 2964 5475 3124 5532; x_wconf 86' lang='lat' dir='ltr'><strong>citius</strong></span> <span class='ocrx_word' id='word_1_866' title='bbox 3138 5475 3302 5547; x_wconf 90' lang='lat' dir='ltr'><strong>ejicit,</strong></span> <span class='ocrx_word' id='word_1_867' title='bbox 3325 5465 3447 5546; x_wconf 86' lang='lat' dir='ltr'><strong>quia</strong></span> <span class='ocrx_word' id='word_1_868' title='bbox 3464 5473 3608 5530; x_wconf 88' lang='lat' dir='ltr'><strong>nulla</strong></span> <span class='ocrx_word' id='word_1_869' title='bbox 3621 5473 3762 5530; x_wconf 82' lang='lat' dir='ltr'><strong>into-</strong></span> 
     </span>
    </p>
   </div>
   <div class='ocr_carea' id='block_1_115' title="bbox 2179 5569 3764 5646">
    <p class='ocr_par' dir='ltr' id='par_1_115' title="bbox 2179 5569 3764 5646">
     <span class='ocr_line' id='line_1_116' title="bbox 2179 5569 3764 5646; baseline -0.006 -14"><span class='ocrx_word' id='word_1_870' title='bbox 2179 5576 2291 5633; x_wconf 86' lang='lat' dir='ltr'><strong>rius</strong></span> <span class='ocrx_word' id='word_1_871' title='bbox 2313 5574 2596 5646; x_wconf 85' lang='lat' dir='ltr'><strong>disciplina</strong></span> <span class='ocrx_word' id='word_1_872' title='bbox 2610 5572 2891 5644; x_wconf 76' lang='lat' dir='ltr'><strong>sapientia:</strong></span> <span class='ocrx_word' id='word_1_873' title='bbox 2912 5571 3305 5629; x_wconf 88' lang='lat' dir='ltr'><strong>circumcludit.</strong></span> <span class='ocrx_word' id='word_1_874' title='bbox 3329 5569 3554 5642; x_wconf 85' lang='lat' dir='ltr'><strong>Sapiens</strong></span> <span class='ocrx_word' id='word_1_875' title='bbox 3574 5571 3764 5624; x_wconf 70' lang='lat' dir='ltr'><strong>autem</strong></span> 
     </span>
    </p>
   </div>
   <div class='ocr_carea' id='block_1_116' title="bbox 2228 5716 3168 5794">
    <p class='ocr_par' dir='ltr' id='par_1_116' title="bbox 2228 5716 3168 5794">
     <span class='ocr_line' id='line_1_117' title="bbox 2228 5716 3168 5794; baseline 0.004 -10"><span class='ocrx_word' id='word_1_876' title='bbox 2228 5716 2275 5772; x_wconf 56' lang='lat' dir='ltr'><strong>‘lt</strong></span> <span class='ocrx_word' id='word_1_877' title='bbox 2301 5731 2416 5786; x_wconf 85' lang='lat' dir='ltr'><strong>Duo</strong></span> <span class='ocrx_word' id='word_1_878' title='bbox 2439 5733 2646 5794; x_wconf 86' lang='lat' dir='ltr'><strong>priores</strong></span> <span class='ocrx_word' id='word_1_879' title='bbox 2677 5731 2854 5794; x_wconf 89' lang='lat' dir='ltr'><strong>Gem.,</strong></span> <span class='ocrx_word' id='word_1_880' title='bbox 2876 5732 3054 5787; x_wconf 86' lang='lat' dir='ltr'><strong>melius</strong></span> <span class='ocrx_word' id='word_1_881' title='bbox 3073 5740 3168 5788; x_wconf 87' lang='lat' dir='ltr'><strong>est.</strong></span> 
     </span>
    </p>
   </div>
   <div class='ocr_carea' id='block_1_117' title="bbox 2258 5801 3493 5876">
    <p class='ocr_par' dir='ltr' id='par_1_117' title="bbox 2258 5801 3493 5876">
     <span class='ocr_line' id='line_1_118' title="bbox 2258 5801 3493 5876; baseline 0.003 -16"><span class='ocrx_word' id='word_1_882' title='bbox 2258 5814 2281 5843; x_wconf 72' lang='grc' dir='ltr'><strong>ε</strong></span> <span class='ocrx_word' id='word_1_883' title='bbox 2312 5801 2506 5874; x_wconf 60' lang='lat' dir='ltr'><strong>Laud,</strong></span> <span class='ocrx_word' id='word_1_884' title='bbox 2540 5804 2705 5873; x_wconf 61' lang='lat' dir='ltr'><strong>Hem,</strong></span> <span class='ocrx_word' id='word_1_885' title='bbox 2730 5802 2950 5862; x_wconf 73' lang='lat' dir='ltr'><strong>earnm.</strong></span> <span class='ocrx_word' id='word_1_886' title='bbox 2977 5803 3260 5871; x_wconf 83' lang='lat' dir='ltr'><strong>sectmdds,</strong></span> <span class='ocrx_word' id='word_1_887' title='bbox 3283 5801 3493 5876; x_wconf 63' lang='grc' dir='ltr'><strong>[ταωνι.</strong></span> 
     </span>
    </p>
   </div>
  </div>
