4036 6346
268 295 337 354 61
1066 289 1378 348 ΒΕϐῐΠηΕ
1417 285 1844 347 ΡΑθτοιιΑιιε

1963 285 2109 342 BER.
2146 303 2218 326 εει
2255 280 2436 341 PARS
2474 278 2754 338 TERTIA.
3469 275 3541 336 ω

266 403 445 463 differt
490 410 548 456 et
595 405 836 457 reservat
885 399 939 454 in
989 409 1286 471 posterum.
1338 402 1522 458 Laesus
1563 403 1748 468 enim,
1797 401 1851 455 in
1883 401 1936 461 Δ
1962 399 2208 454 tumelias
2227 397 2475 462 audiunt,
2509 396 2657 451 nullo
2685 393 2871 450 dolore
2889 393 3205 464 pulsentur,
3238 400 3294 450 et
3324 392 3402 451 sic
3447 409 3540 466 pa-

271 510 506 572 przsens
529 509 593 550 se
625 493 808 550 ulcisci
836 506 942 548 non
969 492 1264 559 desiderat,
1286 494 1410 564 quia
1431 494 1594 551 etiam
1621 493 1853 548 tolerans

268 589 414 661 parci
457 596 631 657 optat,
662 586 758 642 sed
798 595 972 642 tamen
1005 585 1152 656 justo
1180 596 1204 625 ⁸
1245 586 1506 642 vindicari
1535 586 1713 642 omnia
1759 600 1854 642 es-

269 693 441 740 tremo
466 681 676 752 judicio
702 690 808 737 nun
834 682 1062 750 ignarat.

336 777 408 830 At
435 784 630 831 contra
652 771 976 830 admonendi
996 781 1123 829 sunt
1143 780 1430 843 pauentes,
1461 787 1528 828 ne
1551 773 1605 828 in
1622 786 1687 828 eo
1711 772 1852 843 quod

265 867 512 926 exterius
560 871 797 938 portant,
844 865 1072 922 interius
1091 865 1328 935 doleant,
1360 880 1428 920 ne
1454 873 1615 922 tanta:
1640 864 1856 920 virtutis

265 962 594 1018 sacriﬁcium
643 962 786 1032 quod
844 959 1111 1029 integrum
1157 959 1303 1014 foras
1353 959 1670 1024 immolant,-
1714 959 1855 1015 intus

266 1053 490 1110 malitia:
532 1061 686 1122 peste
737 1057 1116 1122 corrumpant;
1171 1061 1226 1108 et
1264 1060 1387 1108 cum
1436 1052 1506 1108 ab
1549 1053 1854 1109 hominibus

269 1161 376 1203 non
436 1146 771 1214 agnoscitur,
824 1144 917 1200 sed
968 1153 1146 1200 tamen
1199 1145 1302 1201 sub
1345 1144 1525 1201 divina
1583 1147 1858 1202 examina—

266 1239 416 1296 tione
465 1246 740 1310 peccatur,
797 1243 949 1291 tanto
999 1235 1235 1294 deteritir
1279 1237 1432 1306 culpa
1486 1237 1691 1293 doloris
1742 1238 1853 1304 list,

264 1339 472 1400 quanto
524 1330 626 1386 sibi
685 1337 812 1385 ante
875 1328 1117 1386 homines
1185 1329 1396 1386 virtutis
1453 1330 1689 1400 speciem
1740 1331 1858 1386 vino

267 1421 437 1478 dicat.

339 1512 632 1568 Dicendum
661 1513 839 1583 itaque
874 1520 959 1568 est
981 1512 1325 1583 patientibus,
1356 1521 1416 1568 ut
1442 1511 1696 1568 studeant
1723 1511 1854 1568 dili-

263 1618 397 1674 gere
419 1619 554 1673 quos
576 1603 678 1659 sibi
704 1619 927 1662 necesse
953 1614 1038 1661 est
1057 1605 1330 1671 tolerare;
1362 1620 1432 1661 ne
1468 1607 1514 1661 si
1545 1605 1855 1675 patientiam

264 1696 490 1751 dilectio
520 1711 625 1752 non
647 1707 918 1769 sequatur,
949 1698 1002 1754 in
1026 1699 1348 1756 deteriorem
1372 1699 1583 1768 culpam
1607 1700 1714 1755 odii
1743 1702 1854 1755 vir-

1957 491 2200 548 tientiam
2240 490 2550 558 exhibeant,
2585 499 2642 545 ut
2690 489 2959 545 custodire
3005 489 3166 544 etiam
3220 488 3400 546 cordis
3454 491 3537 546 in-

1958 585 2263 640 nocentiam
2317 599 2422 639 non
2469 584 2749 649 omittam;
2801 582 2894 638 sed
2941 596 3064 637 cum
3095 591 3217 651 post
3266 582 3537 652 paululum

1957 673 2072 731 [nec
2114 676 2229 746 ipsa
2257 690 2378 745 qua:
2409 674 2748 746 pertulerint,
2794 673 2861 729 ad
2901 676 3214 748 memoriam
3265 682 3539 740 revocant,

1954 768 2078 840 igne
2096 784 2157 824 se
2177 768 2379 824 doloris
2400 769 2752 834 inﬂammant,
2778 775 3092 838 argumenta
3122 759 3344 822 ultionis
3367 764 3538 836 inqui-

1956 873 2111 928 runt,
2141 871 2198 918 et
2220 861 2680 918 mansuetudinem
2707 876 2861 931 quam
2897 861 3190 916 tolerantes
3219 861 3541 927 habuerunt,

1955 963 2304 1011 retractantes
2331 954 2386 1009 in
2412 955 2670 1010 malitiam
2699 953 3153 1030 vertunt.Qu_ibus
3182 953 3338 1009 citius
3356 970 3382 1007 a
3404 971 3539 1024 pra:-

1957 1046 2170 1103 dicante
2214 1041 2564 1113 succurritur,
2595 1048 2640 1100 si
2690 1061 2810 1116 qua:
2839 1046 2909 1099 sit
2936 1029 3046 1118 45
3077 1035 3234 1114 hujus
3279 1056 3543 1114 permuta-

1963 1139 2126 1196 tionis
2153 1155 2316 1196 causa
2344 1139 2628 1212 pandatur.
2675 1127 2913 1194 Callidus
2939 1153 3168 1206 namque
3210 1138 3543 1194 adversarius

1959 1235 2158 1292 bellum
2187 1243 2375 1292 contra
2412 1235 2548 1291 duos
2599 1244 2796 1300 movet,
2837 1248 3016 1307 unum
3050 1233 3299 1289 videlicet
3337 1233 3543 1288 initam-

1957 1345 2112 1386 matis
2157 1340 2216 1385 ut
2257 1327 2615 1385 contumelias
2652 1329 2802 1398 prior
2830 1328 3042 1392 inferat,
3074 1327 3300 1380 alterum
3349 1341 3544 1396 provo-

1957 1435 2086 1478 cans
2116 1430 2172 1475 ut
2211 1419 2564 1475 contumelias
2609 1418 2772 1474 ltesus
2821 1403 3026 1472 reddat.
3067 1417 3173 1472 Sed
3234 1417 3545 1488 plerumque

1957 1513 2086 1568 dum
2118 1511 2277 1582 hujus
2302 1511 2415 1583 jam
2463 1511 2633 1567 victor
2679 1519 2762 1567 est
2810 1512 2900 1582 qui
2952 1510 3201 1579 iniuriam
3259 1523 3545 1578 persuasus

1957 1606 2185 1677 irrogat,
2211 1605 2280 1661 ab
2307 1606 2399 1660 illo
2434 1605 2663 1660 vincitur
2685 1605 2774 1674 qui
2817 1603 3019 1658 illatam
3050 1603 3152 1658 sibi
3175 1601 3546 1671 aequanimiter

1958 1707 2156 1769 portat.
2194 1695 2364 1752 Unius
2393 1697 2715 1768 ergo'victor
2744 1711 2904 1766 quem
2936 1694 3327 1751 commovendo
3356 1693 3543 1764 subju-

265 1795 352 1842 tus
376 1800 599 1844 ostensa
622 1797 880 1846 vertatur.
911 1790 1065 1847 Unde
1095 1791 1286 1847 Paulus
1309 1808 1430 1848 cum
1467 1791 1854 1848 diceret:Cha-
1883 1785 1930 1846 Β
1958 1791 2123 1865 gavit,
2149 1799 2261 1846 t0ta
2307 1800 2494 1846 contra
2523 1790 2749 1844 alterum
2782 1790 2978 1843 virtute
3002 1803 3060 1843 se
3090 1787 3282 1855 erigit,
3316 1803 3547 1857 eumque

266 1885 394 1938 ritas
419 1884 626 1955 patiens
655 1891 755 1948 est,
795 1884 940 1940 illico
966 1883 1212 1952 adjuuxit
1248 1901 1262 1938 :
1296 1883 1527 1956 Benigne
1554 1895 1626 1940 est
1651 1883 1714 1957 (I
1736 1885 1854 1941 Cor.

268 1991 387 2046 aut,
425 1978 521 2046 4);
551 1977 804 2033 videlicet
840 1978 1132 2033 ostendens
1179 1977 1303 2048 quia
1343 1995 1479 2048 quos
1506 1996 1574 2034 ex
1604 1980 1857 2050 patientia

271 2069 514 2137 tolerat,
567 2084 753 2125 amare
796 2069 957 2126 etiam
1022 2086 1086 2127 ex
1130 2071 1459 2143 benignitate
1507 2088 1611 2128 non
1661 2081 1857 2130 cessat.

269 2161 422 2218 Unde
463 2161 608 2217 idem
663 2162 853 2218 doctor
897 2164 1140 2234 egregius
1191 2178 1315 2220 cum
1355 2164 1666 2234 patientiam
1697 2166 1860 2222 discis

268 2254 407 2323 pulis
447 2254 735 2323 suaderet,
767 2254 952 2312 dicens
981 2273 995 2309 :
1029 2255 1208 2311 Omnis
1256 2257 1569 2324 amaritudo,
1601 2267 1648 2311 et
1688 2259 1786 2323 ira,
1817 2265 1862 2312 et

267 2347 579 2418 indignatio,
605 2357 654 2401 et
693 2347 910 2417 clamor,
940 2358 987 2403 et
1036 2349 1356 2421 blasphemia
1400 2352 1612 2406 tollatur
1653 2369 1684 2406 ιι
1723 2354 1861 2406 vobis

155 2499 160 2504 λ
271 2436 584 2509 (Ephea.tv,-
608 2438 723 2506 51);
741 2441 894 2510 quasi
923 2443 1136 2498 cunctis
1150 2444 1390 2500 exterius
1408 2445 1519 2514 jam
1549 2445 1686 2502 bene
1717 2461 1862 2501 com-

270 2531 463 2599 positis
499 2530 570 2585 ad
599 2531 854 2588 interiora
882 2533 1371 2600 convertitur,dum
1393 2535 1701 2605 subjungit:
1733 2537 1861 2592 Cum

270 2623 407 2677 omni
437 2622 641 2678 malitia
671 2621 898 2695 (Ibid.);
932 2626 1055 2694 quia
1099 2626 1348 2681 nimirum
1381 2627 1577 2682 frustra
1621 2628 1861 2695 indigna.

271 2717 367 2786 sio,
401 2717 613 2772 clamor
643 2724 700 2773 et
729 2717 1060 2788 blasphemia
1084 2720 1153 2774 ab
1181 2721 1536 2778 exterioribus
1568 2723 1793 2789 tollitur,
1817 2724 1863 2779 si

271 2809 324 2864 in
354 2810 713 2865 interieribus
743 2813 998 2868 vitiorum
1023 2825 1194 2870 mater
1223 2815 1425 2871 malitia
1447 2816 1784 2883 dominatur;
1811 2797 1866 2872 et

269 2901 547 2958 incassum
579 2901 724 2958 foras
754 2906 989 2975 nequitia
1020 2922 1083 2962 ex
1113 2909 1280 2964 ramis
1320 2909 1592 2976 inciditur,
1623 2908 1652 2949 δ
1672 2910 1717 2965 si
1739 2925 1862 2965 sur-

1961 1887 2312 1943 obsistentem
2347 1885 2561 1940 fortiter
2588 1892 2642 1939 et
2664 1882 2965 1936 vincentem
2997 1881 3172 1947 dolet;
3206 1895 3367 1950 quem
3421 1882 3545 1950 quia

1960 1995 2306 2038 commovere
2335 1979 2390 2034 in
2421 1978 2536 2048 ipsa
2567 1976 3014 2032 contumeliarum
3059 1974 3387 2044 iaculatione
3434 1989 3543 2030 non

1961 2075 2154 2147 potuit,
2173 2074 2240 2129 ab
2269 2080 2458 2143 aperto
2499 2069 2794 2127 certamine
2823 2070 3038 2124 interim
3066 2068 3443 2137 quiescens,et
3465 2080 3550 2121 se-

1963 2177 2107 2224 creta
2135 2167 2473 2238 suggestione
2511 2163 2889 2234 cogitationem
2920 2162 3222 2228 iacescens,
3256 2171 3438 2233 aptum
3459 2161 3551 2218 de-

1963 2262 2223 2331 ceptionis
2253 2271 2461 2329 tempus
2489 2258 2728 2330 inquirit.
2782 2256 2914 2324 Quia
2957 2257 3100 2312 enim
3160 2254 3371 2324 publico
3411 2254 3551 2311 bello

1965 2351 1992 2392 d
2012 2352 2265 2424 perdidit,
2288 2351 2354 2407 ad
2379 2351 2704 2407 exercendas
2733 2348 2947 2418 occulte
2978 2347 3202 2403 insidias
3231 2345 3551 2407 exardescit.

1965 2444 2174 2513 Quietis
2214 2458 2444 2514 namque
2481 2441 2846 2513 temptirejam
2870 2439 2938 2495 ad
2967 2437 3185 2494 victoris
3211 2437 3444 2492 animum
3468 2452 3550 2491 re-

1966 2542 2064 2609 dit,
2093 2542 2250 2596 etvel
2294 2555 2472 2595 rerum
2523 2539 2736 2606 danma,
2767 2546 2860 2593 aut
2907 2537 3220 2607 injuriarum
3257 2533 3437 2604 jacula
3485 2531 3551 2586 ad

1971 2633 2289 2690 memoriam
2334 2632 2568 2699 reducit,
2599 2640 2898 2698 cunctaque
2927 2645 3045 2699 quae
3075 2615 3175 2683 sibi
3209 2627 3354 2682 illata
3407 2631 3550 2689 sunt,

1966 2725 2312 2782 vehementer
2343 2739 2672 2794 exaggerans
2689 2720 3068 2793 ,intolerabilia
3121 2716 3394 2781 ostendit;
3432 2714 3550 2770 tan-

1968 2830 2127 2890 taque
2159 2830 2393 2876 mentem
2427 2833 2662 2874 tumore
2712 2816 3018 2882 conturbat,
3050 2826 3106 2869 ut
3133 2813 3447 2884 plerumque
3475 2807 3550 2863 vir

1969 2917 2179 2986 patiens
2204 2917 2292 2972 illa
2323 2930 2383 2972 se
2407 2915 2779 2985 aequanimiter
2812 2914 3070 2968 tolerasse
3117 2922 3236 2980 post
3275 2907 3551 2964 victoriam

270 3006 489 3053 rectura
537 2997 876 3088 multiplicius
903 3000 1048 3056 intus
1093 3003 1146 3056 in
1203 3003 1382 3059 radice
1416 3014 1678 3061 servatur.
1715 3006 1865 3061 Unde
1972 3016 2218 3084 captivus
2239 3011 2730 3080 erubescat,seque
2752 3024 2857 3063 non
2877 3006 3176 3062 reddidisse
3203 3000 3552 3080 contumelias

272 3100 325 3146 et
355 3105 461 3160 per
505 3092 851 3162 setnelipsam
885 3093 1094 3149 Veritas
1133 3095 1266 3151 dicit
1298 3114 1312 3149 :
1364 3096 1577 3169 Diligite
1632 3099 1866 3152 iniittieas
1969 3107 2170 3174 doleat,
2205 3114 2260 3161 ει
2288 3105 2558 3161 deteriora
2583 3102 2961 3174 rependere‘si
2990 3101 3203 3156 occasio
3231 3098 3549 3166 prebeatur,

273 3191 492 3248 τεαῖσιν
527 3183 806 3254 beneﬁci“
845 3184 924 3238 Ιιίε
966 3187 1056 3255 qui
1099 3187 1316 3243 οάεναηι
1356 3205 1460 3257 υοε,
1501 3199 1548 3244 ει
1577 3199 1720 3244 orate
1764 3205 1860 3258 pro
1888 3176 1936 3240 (ἶ
1970 3207 2200 3270 quaerat.
2222 3199 2428 3264 Quibus
2455 3202 2584 3267 ergo
2603 3197 2690 3251 isti
2714 3206 2838 3250 sunt
2864 3194 3090 3258 similes,-
3119 3191 3220 3246 nisl
3251 3189 3329 3243 his
3353 3187 3440 3257 qui
3464 3201 3550 3254 per

271 3275 692 3345 persequentibus
735 3285 784 3331 et
820 3277 1251 3336 calumniantibus
1295 3297 1382 3336 vos
1427 3283 1579 3353 (Luc.
1606 3299 1688 3351 vr,
1743 3285 1858 3356 27).

277 3365 461 3421 Virtus
487 3367 672 3437 itaque
697 3378 781 3424 est
811 3384 992 3426 coram
1036 3371 1342 3428 hominibus
1363 3417 1378 3440 ,
1420 3375 1760 3431 adversarios
1783 3387 1863 3432 to-

273 3458 480 3527 lerare;
512 3463 609 3516 sed
639 3461 802 3517 virtus
831 3478 1009 3519 coram
1041 3465 1174 3534 Deo,
1204 3467 1456 3538 diligere;
1491 3469 1611 3538 quia
1640 3469 1744 3525 hoc
1772 3481 1865 3525 so-

273 3550 381 3608 lum
413 3553 564 3608 Deus
589 3555 906 3610 sacrificium
947 3557 1162 3627 accipit,
1194 3559 1335 3628 quod
1364 3557 1490 3615 ante
1515 3561 1630 3629 ejus
1674 3562 1860 3619 oculos

273 3643 323 3700 in
354 3644 519 3700 altari
550 3644 675 3700 boni
702 3648 875 3716 operis
905 3648 1117 3704 ﬂamma
1141 3650 1419 3706 charitatis
1441 3652 1695 3708 incendit.
1731 3654 1863 3711 llin'c

275 3745 357 3794 est
384 3741 533 3809 quod
567 3755 779 3796 rursum
812 3743 1132 3813 quibusdam
1165 3745 1510 3813 patientibus,
1555 3761 1652 3803 nec
1685 3756 1862 3804 tamen

273 3829 620 3899 diligentibus
648 3831 816 3887 dicit:
851 3832 990 3900 Quid
1011 3844 1183 3888 autem
1203 3837 1344 3890 uides
1365 3841 1616 3904 festucam
1633 3839 1688 3893 in
1713 3840 1861 3894 acuto

271 3920 456 3990 fratris
477 3921 572 3986 tui,
594 3931 642 3975 et
656 3921 850 3976 trabem
871 3923 927 3978 in
949 3925 1095 3978 oculo
1126 3933 1212 3979 tuo
1239 3942 1343 3980 non
1368 3927 1510 3981 vides
1527 3926 1737 3996 (Matth.
1763 3945 1857 3997 vtt,

271 4011 338 4077 '5;
388 4010 523 4067 Luc.
560 4027 633 4090 vt,
678 4013 818 4083 4i)?
873 4014 1182 4071 Pertuhatio
1213 4027 1239 4056 ο
1278 4019 1475 4088 quippe
1515 4018 1862 4088 impatientia:

272 4103 476 4159 festuca
497 4112 614 4172 est;
649 4105 856 4161 malitia
896 4122 1023 4163 vero
1055 4109 1109 4163 in
1158 4108 1343 4180 corde,
1378 4109 1554 4167 trabes
1597 4111 1652 4167 in
1681 4113 1858 4168 oculo.

273 4193 424 4251 lil'arn
471 4205 703 4269 namque
743 4212 872 4256 aura
914 4202 1219 4258 tentationis
1257 4205 1444 4274 agitat,
1501 4204 1638 4261 hanc
1682 4215 1861 4263 autem

272 4299 649 4346 consummata
671 4291 907 4363 nequitia
931 4309 1070 4365 pene
1090 4293 1434 4358 immobiliter
1468 4305 1662 4364 portat.
1695 4296 1862 4354 Recte

273 4393 402 4438 vero
429 4382 542 4439 illic
563 4384 902 4457 subiungitur
941 4405 955 4441 :
993 4387 1300 4459 ngocrita,
1337 4390 1464 4458 ejice
1491 4390 1713 4457 primum
1752 4399 1859 4445 tra-

275 4470 384 4524 bem
415 4472 480 4527 de
512 4473 661 4528 ocule
682 4482 802 4541 tuo,
846 4485 896 4530 et
943 4485 1064 4551 tunc
1089 4477 1283 4533 videbis
1310 4478 1496 4552 ejicere
1520 4479 1769 4545 festucam
1796 4481 1860 4536 de

1967 3290 2336 3346 fortitudinem
2379 3289 2429 3345 id
2459 3303 2651 3357 campo
2674 3288 2908 3341 victores
2950 3293 3097 3349 sunt,-
3133 3284 3227 3337 sed
3257 3295 3352 3350 per
3384 3279 3548 3346 negii~

1965 3384 2200 3452 gentiam
2233 3380 2574 3451 postmodum
2605 3379 2746 3433 intra
2775 3377 2924 3432 urbis
2962 3377 3193 3431 claustra
3223 3373 3548 3442 capiuntur?

1965 3451 2169 3542 Quibus
2209 3485 2332 3529 sunt
2371 3473 2596 3538 similes,
2649 3471 2756 3528 nisi
2803 3473 2868 3526 iis
2917 3485 3053 3540 quos
3107 3469 3320 3524 irruens
3377 3467 3550 3538 gravis

1963 3569 2189 3638 languor
2229 3584 2259 3623 a
2290 3567 2395 3623 vita
2449 3581 2558 3623 non
2590 3566 2887 3632 subtrahit,
2926 3565 3021 3621 sed
3077 3563 3277 3620 leniter
3332 3563 3550 3617 venieu

1968 3671 1992 3702 ι
2015 3662 2247 3720 recidiva
2275 3662 2439 3718 febris
2463 3660 2658 3717 occidit
2683 3659 2705 3714 t
2731 3658 3072 3717 Admonendi
3111 3659 3234 3712 Sunt
3263 3655 3424 3726 igitur
3453 3667 3550 3722 pa-

1966 3757 2187 3821 tientes,
2221 3763 2278 3810 ut
2310 3767 2406 3810 eor
2436 3762 2556 3825 post
2584 3752 2866 3809 vietoriam
2909 3751 3169 3815 muniant;
3221 3758 3278 3803 ut
3334 3749 3547 3802 hostem

1965 3850 2179 3920 publico
2205 3849 2348 3905 bello
2374 3857 2684 3919 superatum
2742 3845 2984 3903 insidiari
3029 3844 3047 3882 ί
3080 3843 3294 3900 ιιιωιιῆε
3347 3839 3548 3897 mentis

1964 3939 2242 3998 intendant
2259 3957 2275 4010 ;
2292 3949 2349 3996 ut
2371 3941 2679 4012 languorem
2702 3939 2821 4009 plus
2838 3949 2864 3988 ε
2882 3947 3246 4008 reserpentem
3296 3933 3546 3999 timeant,

1965 4043 2034 4092 ne
2066 4035 2236 4090 hostis
2263 4035 2492 4091 callidus
2519 4049 2587 4090 eo
2617 4035 2670 4090 in
2699 4033 3018 4103 deceptione
3063 4030 3400 4101 postmodum
3430 4043 3546 4083 ma-

1958 4126 2064 4197 jori
2091 4127 2449 4184 caecitatione
2477 4127 2730 4199 gaudeat,
2773 4138 2880 4196 quo
2902 4125 2991 4180 illa
3021 4123 3222 4180 dudum
3259 4129 3447 4180 contra
3488 4135 3548 4176 se

1963 4218 2132 4288 rigida
2164 4219 2300 4274 colla
2329 4219 2592 4274 victorum
2613 4219 2800 4274 calcat.

2372 4307 2597 4366 carur
2641 4309 2689 4365 ιι
2718 4309 2827 4382 [AL
2860 4306 3054 4364 XXXI
3069 4307 3158 4381 v1.-

2181 4401 2450 4468 Quomodo
2478 4401 2790 4456 admonendi
2827 4400 3053 4457 benevoli
3075 4410 3122 4455 et
3149 4398 3330 4454 insidi.

2036 4491 2358 4566 (Admonitio
2382 4494 2497 4566 ii.)
2522 4495 2692 4550 Aliter
2746 4493 3066 4550 admonendi
3109 4500 3234 4548 sunt
3276 4487 3546 4558 benevoli,

275 4561 421 4656 acuto
441 4564 715 4634 fratrimi
741 4564 948 4638 (Ibid-)o
989 4570 1066 4624 Ac
1106 4570 1150 4624 si
1191 4570 1400 4626 dicatur
1447 4570 1617 4628 menti
1660 4573 1862 4654 iniqua
1887 4576 1940 4640 ι)
1964 4561 2123 4656 atque
2152 4588 2314 4644 aliter
2342 4561 2533 4646 invidi.
2563 4589 2900 4645 Admonendi
2929 4597 3160 4655 namque
3209 4584 3334 4638 sunt
3379 4583 3546 4637 bene-

272 4654 500 4712 interius
529 4659 752 4724 dolenti,
783 4668 838 4716 et
879 4670 1120 4716 sanctam
1149 4677 1212 4717 se
1253 4665 1495 4720 exterius
1526 4679 1624 4734 per
1652 4666 1855 4736 patien-

270 4745 400 4800 tiam
425 4745 849 4804 demonstranti:
867 4749 1022 4806 Prius
1043 4766 1074 4805 a
1099 4761 1150 4808 te
1177 4755 1374 4810 molem
1400 4754 1618 4811 malitia:
1643 4766 1851 4821 excute,

269 4844 322 4891 et
349 4846 479 4894 tunc
498 4839 635 4894 alios
671 4839 740 4896 de
769 4843 1115 4912 impatientia;
1145 4845 1362 4903 levitate
1392 4849 1750 4917 reprehende,
1784 4867 1854 4906 ne

270 4929 394 4986 du
426 4945 536 4987 non
557 4933 742 4989 studes
771 4934 1168 4994 simulationem
1199 4938 1438 5009 vincere,
1464 4942 1615 5012 pejus
1644 4943 1742 4999 tibi
1786 4944 1856 5000 sit

271 5022 447 5080 aliena
471 5039 636 5094 prava
667 5026 916 5084 tolerare.

355 5137 587 5193 avertite
612 5138 776 5195 etiam
807 5139 1122 5210 plerumque
1167 5143 1491 5211 patientibus
1520 5157 1656 5203 so.et
1687 5157 1744 5204 ut
1788 5153 1854 5206 eo

269 5228 488 5297 quidem
516 5238 763 5302 tempore
791 5241 899 5304 quo
929 5231 1010 5290 vel
1035 5229 1264 5291 adversa
1295 5237 1584 5306 patiuntur,
1620 5239 1704 5296 'vel
1727 5249 1855 5297 con-

217 5377 228 5390 ’
339 5404 367 5464 ε
391 5393 604 5451 Primus
625 5403 677 5449 et
698 5395 886 5452 tertius
906 5395 1145 5464 Carnot.,
1165 5398 1417 5464 judicari.

333 5463 364 5550 b_
392 5463 575 5550 Trec.,
607 5465 798 5550 Laud,
849 5463 1133 5538 Rothom.,
1165 5463 1312 5540 Lyra,
1349 5469 1457 5526 duo
1507 5471 1711 5541 priores
1743 5471 1844 5530 Ge-

260 5548 388 5592 met.
401 5576 416 5597 .
438 5548 481 5591 st
509 5549 831 5604 surreptam.

333 5608 360 5647 δ
391 5607 602 5678 Primus
627 5607 871 5675 Cernat,
901 5610 1306 5678 impatientibus.

330 5678 355 5716 ἀ
386 5677 546 5750 Cara.
575 5681 798 5749 primus,
821 5681 949 5736 bello
979 5697 1079 5735 non
1109 5684 1350 5750 perdidit.
1375 5682 1559 5738 Melius
1586 5683 1640 5738 in
1677 5688 1840 5743 etate-

154 5743 159 5747 ”
259 5748 333 5805 ris
383 5743 805 5824 Mss.,ﬁerdidit,
829 5751 932 5824 hoc
976 5759 1060 5808 est
1109 5743 1284 5810 victus
1335 5752 1454 5819 fuit,
1489 5757 1840 5820 succubuit,a

263 5814 540 5882 arcessito
558 5814 806 5884 'acidit'.
829 5823 1034 5884 Eodem
1061 5831 1227 5884 sensu
1270 5831 1414 5900 saepe
1444 5814 1729 5900 usurpatur
1751 5814 1847 5896 ab,

1967 4681 2092 4746 voti,
2128 4682 2283 4737 utsic
2312 4681 2500 4737 alienis
2531 4677 2688 4740 bonis
2740 4679 3127 4751 congaudeattt,
3156 4677 3421 4744 quatenus
3448 4672 3546 4728 ha-

1966 4774 2092 4831 bere
2120 4775 2335 4846 prapria
2350 4775 2749 4846 concupiscant.
2780 4775 2874 4831 Sic
2904 4769 3272 4842 proximorum
3299 4765 3438 4822 facta
3467 4766 3549 4822 di-

1967 4869 2182 4939 ligendo
2238 4867 2475 4937 laudent,
2504 4877 2562 4924 ut
2588 4883 2650 4925 ea
2678 4867 2836 4924 etiam
2879 4863 3140 4920 imitando
3169 4861 3546 4932 multiplicent,

1967 4973 2034 5019 ne
2059 4962 2180 5018 siin
2213 4957 2313 5019 hoc
2343 4963 2624 5033 armentis
2653 4963 2773 5014 vine
2804 4950 2975 5014 stadio
3023 4957 3093 5012 ad
3121 4967 3396 5012 certamen
3419 4953 3542 5010 alie.

1965 5062 2090 5112 num
2118 5057 2295 5113 devicti
2322 5057 2592 5121 fautores;
2616 5052 2708 5106 sed
2748 5051 2887 5122 pigri
2905 5047 3238 5120 spectatores
3270 5047 3544 5111 assistant,

1959 5155 2024 5204 eo
2048 5157 2167 5220 post
2186 5155 2457 5204 certamen
2490 5147 2608 5200 sine
2629 5141 2820 5199 bravio
2841 5151 3176 5207 remaneant,
3203 5152 3310 5210 «μισ
3334 5137 3545 5216 nuncin

1959 5240 2253 5298 certamine
2276 5247 2381 5296 non
2411 5237 2692 5302 laborant;
2715 5246 2768 5292 et
2793 5233 2922 5291 tunc
2949 5247 3139 5290 eorum
3169 5232 3376 5302 palmas
3407 5225 3544 5281 afﬂi-

1957 5403 2129 5458 solute
2155 5403 2374 5479 verbum
2402 5401 2546 5468 ‘lroc,
2579 5409 2635 5457 ut
2672 5401 2725 5456 in
2755 5397 2912 5479 praef.
2943 5395 3178 5479 Morel,
3215 5409 3263 5449 c.
3312 5409 3391 5461 ut,
3446 5393 3537 5450 lib.

1956 5490 2125 5529 nam
2154 5489 2298 5528 num.
2328 5476 2380 5534 i,
2413 5467 2622 5530 necnon
2661 5467 2864 5539 praefat.
2897 5468 2963 5524 ad
2991 5467 3083 5525 lib.
3115 5478 3302 5522 xxvttr.

2028 5553 2053 5617 ς
2083 5547 2330 5617 Longip.,
2353 5547 2578 5601 rediviva
2606 5545 2779 5615 febris.
2821 5615 2826 5617 _
3062 5612 3072 5617 _
3142 5609 3155 5617 _
3181 5608 3208 5617 υ

2028 5613 2051 5657 ι
2084 5615 2140 5673 tu
2167 5607 2410 5684 deinec;
2437 5626 2554 5689 post
2601 5607 3013 5677 cdfremiotl'em‘,
3056 5608 3293 5664 insidiari
3341 5609 3394 5662 ni
3432 5607 3544 5679 ejus

1949 5691 2226 5746 mentibus.

2027 5761 2056 5814 3‘
2082 5754 2357 5831 Romam,
2387 5747 2523 5840 Lyr,
2551 5757 2607 5820 et
2635 5759 2755 5825 tres
2773 5747 3008 5821 θέωνι,
3037 5757 3366 5829 repetentem.
