4036 6346
484 278 551 334 ss
1442 259 1515 299 εν
1691 268 2082 333 SANC'I'IGRI

2191 268 2293 328 lRll
2332 266 2546 329 MAGNI
3687 270 3756 327 64

482 398 552 454 cti
584 394 892 467 respiciant,
916 394 969 449 in
1000 408 1225 464 quorum
1258 407 1401 450 nunc
1446 392 1718 450 laboribus
1751 389 1910 446 otiosi
1942 402 2065 459 per-
2094 391 2147 449 Δ
2171 386 2509 454 vehementer,
2538 393 2586 440 et
2607 384 2830 440 concidit
2855 382 3020 439 vultus
3070 386 3187 457 ejus
3210 381 3418 453 (Cenes.
3453 396 3528 448 tv,
3561 381 3641 447 4).
3667 383 3756 438 Li-

483 492 697 545 durant.
733 488 899 543 Valde
929 488 1125 558 quippe
1157 502 1459 557 peccamus,
1477 488 1521 542 si
1550 486 1720 541 aliena
1751 484 1887 539 bene
1914 490 2061 553 gesta

484 601 589 640 non
631 582 924 654 diligimus.
957 581 1065 637 Sed
1096 582 1168 637 nil
1220 580 1481 637 mercedis
1506 581 1732 649 agimus,
1764 580 1806 633 si
1856 592 1917 631 ea
1947 591 2067 646 quae

484 678 773 748 diligimus,
789 676 1108 746 iuquantum
1132 689 1416 744 possumus
1437 688 1541 728 non
1566 672 1856 727 imitamur.
1874 669 2066 724 Dicen-

483 769 609 821 dum
632 768 807 837 itaque
834 774 916 821 est
944 766 1233 831 benevolis,
1260 766 1382 835 quia
1408 766 1451 819 si
1475 765 1669 819 imitari
1693 765 1827 817 bona
1847 763 2065 818 minime

486 863 739 918 festinant
764 876 884 933 qua:
935 859 1208 915 laudantes
1234 859 1550 929 approbant,
1578 859 1656 914 sic
1709 858 1788 913 eis
1812 858 2065 911 virtutum

485 961 737 1013 sanctitas
754 961 892 1015 sicut
917 958 1093 1013 stultis
1112 956 1503 1027 spectatoribus
1530 954 1849 1009 ludicrarum
1872 952 2064 1008 artium

486 1052 690 1106 vanitas
718 1051 911 1120 placet.
946 1050 1027 1104 Illi
1061 1062 1289 1118 namque
1327 1049 1628 1116 aurigarum
1660 1054 1714 1099 et
1746 1046 2065 1100 histrionum

486 1152 630 1211 gesta
660 1150 686 1178 ι
718 1141 987 1196 favoribus
1009 1140 1255 1202 efferunt,
1281 1154 1379 1193 nec
1425 1147 1602 1192 tamen
1656 1138 1791 1191 tales
1822 1151 1943 1191 esse
1970 1136 2065 1190 de-

486 1232 739 1295 siderant,
763 1232 946 1302 quales
995 1231 1116 1285 illos
1145 1232 1480 1300 conspiciunt
1528 1244 1650 1285 esse
1676 1244 1809 1298 quos
1831 1229 2065 1283 laudant.

488 1329 743 1386 Mirantur
770 1344 863 1384 eos
917 1330 1105 1398 placita
1135 1328 1331 1396 egisse,
1364 1328 1457 1383 sed
1489 1338 1665 1383 tamen
1720 1325 1961 1379 devitant
1998 1325 2073 1378 si-

488 1423 681 1477 tniliter
705 1421 936 1491 placere.
974 1420 1264 1475 Dicendum
1288 1428 1372 1475 est
1399 1418 1509 1490 46
1560 1417 1833 1473 benevolis
1864 1426 1919 1471 ut
1948 1432 2071 1472 cum

488 1515 848 1584 proximorum
876 1512 1011 1566 facta
1037 1512 1398 1580 conSpiciunt,
1433 1510 1499 1564 ad
1532 1526 1685 1564 suum
1707 1524 1800 1563 cor
1826 1509 2079 1574 redeant,

488 1614 541 1659 et
567 1604 635 1660 de
663 1605 852 1657 alienis
879 1604 1085 1659 actibus
1114 1619 1219 1658 non
1274 1611 1598 1671 praesumant
1625 1619 1638 1667 ;
1681 1617 1748 1655 ne
1778 1602 1912 1655 bona
1953 1602 2072 1656 lau-

487 1695 640 1760 dent,
669 1705 721 1749 et
741 1708 899 1763 agere
920 1704 1189 1749 recusent.
1223 1691 1449 1747 Gravius
1477 1694 1672 1761 quippe
1702 1701 1946 1746 extrema
1992 1691 2075 1744 ul-

2173 495 2270 536 vor
2291 480 2469 550 itaque
2497 478 2766 545 sacriﬁcii,
2798 476 3081 533 fratricidii
3110 477 3455 533 seminarium
3485 476 3601 532 fuit.
3625 477 3755 533 Nam

2170 591 2329 646 quem
2360 575 2633 630 meliorem
2691 588 2750 628 se
2778 586 2899 627 esse
2942 572 3143 640 doluit,
3174 586 3241 626 ne
3290 580 3561 641 utcunque
3616 582 3762 627 esset

2180 677 2202 706 ε
2232 667 2546 737 amputavit.
2580 665 2873 721 Dicendum
2895 674 2976 719 est
2998 664 3192 719 invidis
3223 665 3344 735 quia
3387 665 3513 718 dum
3556 680 3614 720 se
3658 666 3759 721 ista

2173 760 2495 815 intrinsecus
2548 768 2701 828 peste
2745 765 3087 819 consumunt,
3117 756 3276 811 etiam
3324 755 3582 826 quidquid
3614 756 3667 810 in
3697 770 3757 811 se

2175 851 2318 905 aliud
2351 850 2475 905 boni
2507 849 2705 903 habere
2736 848 2987 904 videntur
3015 849 3352 903 interimunt.
3385 848 3541 904 Unde
3583 849 3756 918 scrip-

2176 952 2285 997 tum
2307 954 2390 997 est
2421 960 2436 999 :
2474 941 2593 996 Vita
2621 942 2854 995 carnium
2886 942 3075 995 sanitas
3096 942 3292 1007 cordis,
3321 942 3539 1012 putredo
3568 943 3761 995 ossium

2174 1036 2367 1089 invidia
2390 1032 2571 1106 (Prov.
2606 1048 2714 1097 xlv,
2736 1033 2851 1100 50).
2872 1032 3010 1099 Quid
3038 1032 3180 1086 enim
3204 1046 3299 1100 per
3322 1046 3513 1087 carnes
3537 1031 3638 1086 nisi
3680 1032 3763 1086 in-

2176 1128 2323 1181 firma
2362 1128 2603 1198 quaedam
2627 1142 2689 1181 ac
2712 1136 2914 1190 tenera,
2940 1134 2994 1180 et
3014 1126 3141 1195 quid
3172 1140 3268 1193 per
3291 1139 3413 1180 ossa
3441 1126 3543 1179 nisi
3592 1124 3757 1179 fortia

2176 1228 2291 1274 acta
2333 1220 2650 1289 signantur?
2680 1218 2743 1273 Et
2797 1218 3115 1287 plerumque
3161 1216 3507 1287 contingitut
3547 1217 3763 1284 quidam

2174 1328 2299 1368 cum
2320 1314 2499 1368 cordis
2531 1312 2833 1368 innocentia
2884 1312 2941 1365 in
2971 1311 3242 1365 nonnullis
3292 1309 3403 1365 suis
3431 1310 3637 1365 actibus
3680 1312 3765 1365 in-

2179 1406 2315 1459 lirmi
2347 1406 2651 1472 videantur,
2679 1404 2896 1476 quidam
2928 1418 3056 1457 vero
3084 1402 3195 1474 jam
3226 1403 3469 1472 quaedam
3500 1413 3625 1459 ante
3656 1402 3761 1457 hu-

2184 1511 2373 1551 manos
2425 1498 2610 1552 oculos
2661 1496 2881 1551 robusta
2926 1504 3238 1562 exerceant,
3268 1496 3361 1550 sed
3420 1504 3596 1550 tamen
3638 1510 3765 1565 erga

2183 1588 2407 1641 aliorum
2432 1588 2568 1643 bona
2587 1587 2731 1642 intus
2750 1588 2963 1641 invidiae
2985 1587 3288 1657 pestilentia
3310 1587 3607 1644 tabescant.
3627 1589 3769 1643 Bene

2182 1694 2309 1750 ergo
2333 1680 2690 1735 dicituerita
2715 1682 2948 1734 carnium
2968 1681 3161 1735 sanitas
3174 1680 3374 1747 cordis;
3392 1681 3515 1750 quia
3546 1683 3591 1737 si
3619 1699 3770 1737 men-

489 1788 633 1842 ιίυηρ
655 1785 879 1842 feriendi
903 1786 1259 1857 sum’quibus
1283 1784 1639 1856 placuitquod
1668 1782 1863 1837 imitari
1894 1781 2081 1836 nolue.
2112 1778 2160 1839 Β
2190 1773 2258 1828 tis
2307 1774 2612 1829 innocentia
2662 1774 2982 1841 custoditur,
3009 1774 3172 1830 etiam
3198 1775 3243 1829 si
3270 1790 3372 1845 qua
3402 1774 3532 1829 foris
3560 1776 3769 1831 inlirma

490 1889 635 1934 runt.

562 1967 900 2024 Admonendi
930 1975 1053 2023 sunt
1085 1967 1272 2030 invidi,
1297 1975 1355 2021 ut
1384 1967 1719 2037 perpendant
1739 1974 1951 2034 quantae
1972 1978 2079 2019 cte-

496 2062 675 2117 citatis
721 2068 865 2125 sunt,
922 2060 1013 2130 qui
1059 2060 1237 2114 alieno
1279 2069 1535 2128 provectu
1577 2058 1859 2121 deficiunt,
1901 2056 2077 2112 aliena

494 2153 522 2193 δ
539 2153 898 2209 exsultatione
913 2152 1320 2208 contabescunt.
1341 2151 1565 2217 Quantae
1580 2149 1908 2205 infelicitatis
1927 2157 2077 2217 sunt,

492 2246 586 2317 qui
639 2244 1009 2301 melioratione
1061 2243 1284 2315 proximi
1313 2243 1609 2300 deteriores
1659 2244 2079 2313 ﬁunt;dumque

496 2348 777 2406 augmenta
826 2338 1013 2392 alienae
1066 2335 1439 2407 prosperitatis
1491 2336 1777 2405 aspiciunt,
1807 2337 1947 2406 apud
1987 2350 2077 2391 se-

496 2430 753 2499 metipsos
796 2429 955 2483 anxie
984 2427 1188 2492 amicti,
1236 2426 1415 2482 cordis
1456 2427 1538 2481 sui
1581 2435 1728 2496 peste
1755 2427 2076 2482 moriuntur.

492 2510 637 2590 Quid
670 2521 788 2576 istis
810 2520 1101 2589 infelicius,
1124 2535 1258 2591 quos
1278 2520 1403 2575 dum
1434 2530 1721 2590 conspecta
1750 2520 1979 2575 felicitas
2001 2518 2081 2576 af-

498 2612 627 2678 ﬁcit,
655 2626 814 2683 paena
866 2613 1151 2683 nequiores
1174 2612 1383 2667 reddit?
1410 2612 1789 2667 Aliorumvero
1810 2611 1947 2667 bona
1959 2627 2080 2683 qua:

497 2706 695 2761 habere
718 2722 821 2763 non
876 2715 1118 2777 possunt,
1148 2707 1191 2760 si
1235 2705 1554 2778 diligerent,
1578 2721 1673 2759 sua
1705 2706 1960 2761 facerent.
1992 2705 2083 2761 Sic

497 2802 691 2870 quippe
716 2810 841 2855 sunt
868 2800 1103 2855 universi
1130 2800 1488 2856 consistentes
1517 2800 1571 2855 in
1604 2800 1727 2865 fide,
1751 2798 1889 2854 sicut
1917 2798 2082 2855 multa

498 2892 736 2948 membra
785 2907 893 2948 uno
924 2894 977 2947 in
1022 2908 1248 2963 corpore
1280 2908 1437 2962 :qnze
1470 2908 1563 2963 per
1601 2892 1835 2948 officium
1867 2893 2080 2962 quidem

499 2985 709 3041 diversa
765 2996 911 3050 sunt,
940 2985 1034 3041 sed
1084 3000 1149 3040 eo
1178 2999 1284 3055 quo
1326 2984 1429 3040 sibi
1478 2985 1713 3040 vicissim
1755 2993 2079 3057 congruunt,

500 3092 663 3132 unum
691 3078 844 3133 fiunt.
863 3076 1016 3133 Unde
1044 3075 1102 3131 lit
1128 3086 1186 3131 ut
1208 3092 1301 3147 pes
1325 3091 1419 3146 per
1443 3076 1656 3131 oculum
1686 3076 1882 3141 videat,
1906 3083 1962 3131 et
1988 3090 2083 3144 per

2179 1876 2303 1920 sunt
2326 1866 2650 1937 quandoque
2679 1867 3022 1922 roborantur.
3049 1866 3154 1938 47
3188 1866 3254 1921 Et
3281 1876 3427 1923 recte
3449 1867 3556 1922 illic
3584 1868 3772 1922 subdis

2181 1966 2270 2012 tur
2301 1975 2316 2012 :
2351 1958 2579 2013 Putrcdo
2607 1962 2799 2013 ossium
2820 1960 3037 2026 invidia,
3062 1960 3182 2029 quia
3230 1974 3328 2028 per
3368 1959 3554 2015 livoris
3582 1959 3771 2014 vitium

2180 2064 2306 2109 ante
2333 2053 2426 2109 Dei
2469 2054 2656 2109 oculos
2705 2064 2934 2123 pereunt
2962 2055 3126 2108 etiam
3173 2068 3293 2125 qua:
3320 2052 3568 2108 humanis
3596 2053 3771 2108 oculis

2181 2143 2337 2199 fortia
2365 2144 2634 2200 videntur.
2662 2143 2795 2198 Ossa
2809 2145 3002 2213 quippe
3019 2158 3115 2213 per
3143 2143 3398 2199 invidiam
3427 2154 3761 2213 putrescere,

2181 2244 2265 2291 est
2286 2236 2532 2307 quaedam
2554 2236 2715 2292 etiam
2754 2236 2969 2291 robusta
3000 2237 3266 2307 deperire.

2606 2327 2835 2384 CAPUT
2866 2327 2932 2383 x1
2963 2328 3072 2399 ιΑι.
3096 2327 3253 2382 xxx
3269 2328 3355 2400 η.

2330 2419 2600 2488 Quomodo
2631 2422 2947 2474 admonendi
2973 2422 3227 2489 simplices
3256 2430 3303 2475 et
3318 2422 3626 2493 versipelles.

2256 2514 2577 2582 (Admonitio
2607 2512 2721 2580 12.)
2749 2514 2921 2568 Aliter
2969 2513 3293 2568 admonendi
3323 2523 3449 2569 sunt
3473 2515 3774 2584 simplices,

2182 2615 2345 2675 atque
2388 2605 2543 2661 aliter
2583 2606 2800 2673 impuri.
2827 2604 3104 2659 Laudandi
3152 2617 3280 2662 sunt
3326 2607 3595 2677 simplices
3625 2609 3773 2677 quod

2183 2698 2436 2754 studeant
2460 2712 2729 2767 nunquam
2758 2696 2889 2751 falsa
2919 2697 3119 2765 dicere,
3156 2698 3248 2754 sed
3274 2698 3603 2756 admonendi
3652 2712 3776 2755 sunt

2186 2804 2244 2848 ut
2294 2792 2546 2848 noverint
2584 2806 2966 2859 nonnunquam
2996 2806 3121 2846 vera
3154 2794 3407 2847 reticere.
3433 2796 3580 2848 Sicut
3631 2796 3778 2851 enim

2185 2900 2404 2954 semper
2429 2884 2698 2939 dicentem
2738 2882 2763 2920 ἀ
2800 2882 3003 2938 falsitas
3049 2884 3224 2948 laesit,
3273 2885 3344 2938 ita
3395 2901 3779 2955 nonnunquam

2185 2977 2498 3047 quibusdam
2528 2976 2708 3031 audita
2738 2990 2863 3030 vera
2913 2985 3231 3045 nocuerunt.
3257 2973 3409 3033 Unde
3451 2991 3630 3033 coram
3665 2980 3779 3033 dis-

2184 3071 2375 3141 cipulis
2396 3071 2653 3126 Dominus
2675 3070 2998 3126 locutionem
3021 3085 3170 3125 suam
3194 3071 3405 3125 silentio
3435 3080 3773 3141 temperans,

501 3168 665 3239 pedes
687 3168 828 3224 oculi
881 3168 1225 3238 gradiantur;
1262 3168 1343 3223 ori
1374 3168 1587 3223 auditus
1616 3167 1828 3222 aurium
1857 3167 2079 3232 serviat,
2108 3167 2155 3231 C
2186 3166 2261 3218 ait
2289 3180 2302 3217 :
2335 3161 2506 3216 Multa
2546 3163 2706 3217 habeo
2736 3163 2875 3216 vobis
2902 3162 3088 3226 dicere,
3110 3164 3199 3215 sed
3238 3178 3375 3216 nunc
3418 3180 3520 3217 non
3566 3167 3785 3233 potestis

502 3269 558 3315 et
578 3261 645 3315 ad
675 3276 829 3316 usum
860 3276 1013 3316 suum
1040 3260 1256 3316 auribus
1284 3262 1395 3317 oris
1424 3262 1599 3332 lingua
1622 3270 1942 3321 concurrat;
1971 3260 2087 3315 suf-

504 3352 737 3421 fragetur
782 3360 969 3408 venter
1020 3353 1293 3418 manibus,
1326 3354 1496 3409 ventri
1539 3361 1832 3422 operentur
1874 3366 2086 3407 manus.

505 3441 561 3496 in
590 3443 704 3513 ipsa
736 3445 895 3514 igitur
923 3444 1163 3514 corporis
1194 3445 1462 3513 positione
1494 3446 1809 3514 accipimus,
1837 3445 1979 3513 quod
2034 3445 2090 3499 in

505 3534 718 3589 actione
738 3548 1033 3589 servemus.
1058 3533 1229 3589 Nimis
1258 3536 1437 3606 itaque
1460 3544 1615 3605 turpe
1644 3544 1727 3591 est
1755 3551 1860 3591 non
1892 3535 2088 3590 imitari

506 3626 645 3695 quod
662 3639 867 3681 sumus.
897 3624 1087 3681 Nostra
1117 3636 1243 3680 sunt
1297 3628 1573 3696 nimirum,
1608 3643 1729 3697 qua:
1757 3628 1858 3683 etsi
1890 3628 2087 3683 imitari

507 3733 613 3772 non
644 3732 948 3787 possumus,
974 3732 1220 3772 amamus
1261 3718 1313 3773 in
1344 3719 1492 3785 aliis;
1524 3729 1579 3775 et
1626 3720 1917 3774 amantium
1957 3720 2090 3776 fiunt

506 3825 729 3880 quaeque
754 3820 1000 3866 amantur
1030 3811 1085 3867 in
1117 3809 1291 3867 nobis.
1325 3811 1459 3869 Hinc
1495 3827 1624 3883 ergo
1649 3823 1877 3883 pensent
1900 3814 2088 3881 invidi,

507 3903 737 3959 charitas
789 3912 1003 3974 quanta:
1050 3904 1263 3959 virtutis
1322 3913 1452 3969 est,
1497 3920 1615 3974 qua:
1656 3905 1817 3959 alieni
1892 3906 2090 3961 laboris

509 4010 688 4064 opera,
718 4002 897 4049 nostra
927 3994 1044 4051 sine
1096 3994 1278 4051 labore
1306 3994 1453 4050 facit.
1486 3996 1977 4066 Dicendumitaque
2002 4005 2089 4053 est

509 4088 721 4152 invidis,
752 4088 874 4158 quia
901 4087 1026 4142 dum
1056 4102 1115 4142 se
1142 4104 1172 4141 a
1216 4087 1384 4144 livore
1427 4088 1648 4143 minime
1680 4088 2012 4155 custodiunt,
2036 4090 2091 4144 in

511 4179 780 4250 antiquam
834 4180 1032 4235 versuti
1090 4180 1261 4235 hostis
1334 4181 1627 4251 nequitiam
1682 4182 2087 4252 demerguntur.

511 4273 587 4328 De
634 4272 729 4328 illo
760 4287 989 4343 namque
1014 4271 1274 4341 scriptum
1322 4282 1441 4327 est:
1473 4272 1680 4327 Invidia
1704 4284 1876 4327 autem
1900 4275 2093 4329 diaboli

511 4380 647 4419 mors
683 4365 892 4419 intravit
939 4367 991 4419 in
1044 4364 1211 4420 orbem
1263 4374 1512 4419 terrarum
1542 4364 1698 4437 (Sap.
1723 4383 1786 4431 ll,
1810 4366 1926 4438 24).
1960 4367 2093 4435 Quia

512 4459 651 4515 enim
682 4460 797 4527 ipse
822 4458 1021 4516 salum
1050 4458 1297 4529 perdidit,
1332 4461 1546 4517 condito
1596 4460 1698 4517 hoc
1726 4462 1926 4517 homini
1960 4462 2093 4517 invi-

2192 3256 2285 3310 illa
2313 3264 2520 3325 portare
2561 3255 2744 3327 (Joan.
2781 3270 2890 3318 xvn,
2924 3252 3037 3323 12).
3067 3252 3403 3308 Admonendi
3448 3265 3573 3308 sunt
3617 3256 3786 3324 igitur

2192 3347 2489 3416 simplices,
2516 3356 2575 3400 ut
2616 3348 2754 3402 sicut
2784 3346 3050 3401 fallaciam
3080 3360 3293 3415 semper
3317 3347 3534 3401 'utiliter
3578 3347 3777 3415 vitant,

2192 3443 2262 3496 ita
2294 3442 2573 3495 veritatem
2622 3455 2835 3510 semper
2874 3440 3083 3495 utiliter
3111 3443 3405 3510 proferant.
3438 3443 3787 3502 Admonendi

2191 3541 2319 3587 sunt
2339 3541 2397 3586 ut
2417 3531 2775 3601 simplicitatis
2795 3533 2937 3589 bono
2962 3532 3297 3602 prudentiam
3320 3534 3787 3606 adjungant,qua-
3830 3550 3837 3557 ·

2190 3634 2347 3681 tenus
2378 3625 2456 3680 sic
2505 3627 2845 3681 securitatem
2884 3626 2952 3681 de
2981 3627 3319 3696 simplicitate
3352 3628 3685 3696 possideant,
3722 3640 3784 3686 ut

2191 3719 2731 3786 circumspectionem
2801 3718 3097 3786 prudentia:
3170 3734 3274 3772 non
3327 3722 3593 3776 amittant.
3646 3722 3789 3780 Hine

2192 3826 2422 3881 namque
2451 3826 2545 3880 per
2565 3810 2843 3864 doctorem
2864 3810 3099 3879 gentium
3128 3809 3323 3864 dicitur
3355 3827 3370 3864 :
3409 3809 3537 3865 Volo
3565 3829 3651 3866 vos
3703 3831 3790 3869 sa-

2199 3906 2393 3973 pientes
2422 3919 2529 3957 esse
2572 3904 2625 3956 in
2683 3901 2833 3966 bona,
2860 3903 3117 3973 simplices
3141 3911 3316 3956 autem
3355 3903 3408 3957 in
3444 3904 3582 3957 malo
3604 3904 3789 3974 (Rom.

2197 4013 2312 4066 XVI,
2341 3998 2455 4068 l9).
2487 3996 2622 4051 iliuc
2666 3996 2868 4050 electos
2897 4009 3026 4049 suos
3056 4010 3152 4064 per
3180 3996 3523 4064 semetipsam
3574 3994 3791 4055 Veritas

2195 4092 2470 4155 admonet,
2497 4090 2685 4145 dicens
2720 4108 2731 4141 :
2767 4088 2946 4142 Estote
2969 4088 3245 4157 prudentes
3275 4088 3407 4141 sicut
3439 4098 3719 4159 serpentes,
3744 4102 3791 4146 et

2194 4186 2453 4253 simplices
2473 4185 2605 4238 sicut
2629 4182 2876 4237 columba:
2902 4180 3117 4253 (Matth.
3151 4197 3205 4246 x,
3234 4180 3339 4251 lli).
3372 4179 3506 4247 Quia
3537 4181 3793 4238 videlicet

2198 4279 2251 4333 in
2279 4278 2570 4333 electorum
2598 4275 2851 4331 cordibus
2880 4275 3039 4329 debet
3059 4281 3115 4329 et
3143 4272 3539 4343 simplicitatem
3571 4273 3791 4329 colum-

2198 4371 2279 4427 ba:
2300 4372 2491 4426 astutia
2513 4370 2777 4439 serpentis
2804 4381 3017 4431 acuere,
3048 4377 3102 4422 et
3121 4367 3391 4436 serpentis
3411 4367 3665 4421 astutiam
3689 4383 3792 4423 co-

2200 4462 2397 4517 lumba:
2435 4461 2751 4530 simplicitas
2780 4471 3109 4529 temperare,
3151 4467 3412 4527 quatenus
3443 4474 3542 4513 nec
3581 4458 3793 4515 seducti

513 4552 610 4620 dit,
641 4560 696 4607 et
719 4550 1123 4606 damnationem
1154 4564 1305 4605 suam
1337 4551 1576 4621 perditus
1604 4554 1779 4609 adhuc
1806 4556 1939 4609 alios
1969 4569 2087 4623 per-
2119 4548 2174 4611 Ι)
2203 4563 2226 4592 ο
2263 4569 2356 4624 per
2388 4554 2721 4623 prudentiam
2752 4552 3003 4618 ealleant,
3031 4565 3131 4605 nec
3156 4550 3225 4605 ab
3266 4550 3574 4607 intellectus
3611 4552 3793 4610 studio

512 4643 686 4698 dendo
715 4642 1030 4699 cumulavit.
1059 4641 1399 4698 Admonendi
1444 4655 1567 4699 sunt
1598 4646 1760 4701 invidi
1812 4655 1870 4701 ut
1895 4662 2092 4717 cogno-

513 4746 667 4793 scant
682 4738 894 4807 quantis
908 4736 1145 4808 lapsibus
1160 4740 1549 4794 succrescentis
1573 4742 1740 4796 ruinae
1761 4741 2095 4811 subiaceant,

514 4830 637 4899 quia
663 4828 788 4883 dum
811 4830 1032 4886 livorem
1054 4844 1083 4885 a
1126 4830 1290 4885 corde
1321 4845 1426 4886 non
1460 4829 1765 4901 projiciunt,
1796 4833 1862 4887 ad
1885 4842 2099 4903 apertas

513 4933 739 4990 operum
768 4920 1032 4990 nequitias
1063 4920 1450 4978 devolvuntur.
1486 4921 1597 4976 Nisi
1619 4924 1765 4977 enim
1794 4920 1927 4978 Cain
1959 4924 2099 4977 invi-

522 5012 696 5067 disset
723 5021 994 5081 acceptam
1023 5012 1201 5068 fratris
1251 5014 1503 5077 hostiam,
1526 5014 1748 5069 minime
1773 5014 2105 5083 pervenisset

516 5104 583 5158 ad
615 5105 1059 5175 exstinguendam
1084 5108 1269 5160 vitam.
1296 5106 1448 5162 Unde
1479 5108 1740 5177 scriptum
1762 5116 1847 5162 est
1871 5125 1884 5162 :
1911 5106 1978 5160 Et
2007 5124 2105 5162 res-

514 5197 651 5268 pexit
689 5195 939 5253 Dominus
990 5198 1061 5251 ad
1084 5197 1209 5251 Abel
1260 5208 1307 5251 et
1335 5199 1401 5251 ad
1451 5216 1665 5253 munera
1691 5201 1836 5270 ejus;
1879 5201 1946 5251 ad
1976 5198 2101 5253 Cain

516 5306 632 5345 vero
652 5298 699 5345 et
725 5291 793 5344 ad
813 5306 1025 5344 munera
1053 5292 1163 5362 ejus
1206 5304 1306 5342 non
1334 5291 1573 5360 respexit.
1590 5289 1865 5361 [ratusque
1883 5300 1956 5345 est
1972 5289 2101 5345 Cain

588 5436 615 5463 λ
646 5425 900 5481 Bothum.
935 5433 990 5481 et
1012 5424 1163 5493 l.yr.,
1186 5423 1441 5480 laudibus.

584 5494 613 5535 δ
645 5497 721 5552 Ita
756 5495 936 5559 Trec.,
967 5494 1159 5566 Laud.,
1192 5494 1430 5561 Belvac.,
1457 5504 1564 5551 tres
1610 5495 1854 5566 Caruot.,
1879 5498 2088 5553 Theod.

515 5576 571 5637 et
597 5568 703 5622 duo
728 5569 935 5637 priores
963 5565 1196 5633 Getnet.,
1225 5566 1415 5635 quibus
1442 5568 1729 5622 concinnat
1764 5565 1872 5623 vet.
1909 5570 2009 5626 Ed.
2036 5571 2092 5624 lu

515 5636 676 5695 Gilot.
702 5636 755 5692 et
777 5637 1169 5693 recentioribus
1192 5638 1293 5707 leg.
1325 5638 1656 5692 exultatione.

590 5719 615 5749 ε
650 5708 772 5784 Duo
786 5769 791 5775 ,
818 5707 1233 5784 priores__Getu.,
1262 5710 1487 5763 tentavit.
1513 5708 1574 5784 ΔΙιι
1598 5708 1755 5765 'l‘rec.
1787 5719 1841 5767 et
1859 5712 2096 5775 caeteris.

518 5778 1001 5852 amputavit,quos,
1032 5778 1159 5838 licet
1185 5778 1351 5852 egre,
1377 5781 1671 5851 sequimur.

2202 4661 2269 4702 ex
2298 4645 2643 4716 simplicitate
2672 4652 2997 4712 torpescant.

2281 4743 2351 4794 At
2387 4747 2573 4793 contra
2599 4736 2922 4792 admonendi
2952 4746 3074 4792 sunt
3104 4736 3315 4806 impuri,
3345 4746 3403 4791 ut
3431 4752 3591 4806 quam
3613 4740 3794 4808 gravis

2206 4830 2297 4895 sit,
2332 4845 2491 4901 quem
2540 4842 2662 4883 cum
2713 4829 2867 4899 culpa
2920 4829 3216 4894 sustinent,
3255 4828 3587 4899 duplicitatis
3642 4832 3795 4888 labor

2204 4933 2525 4991 agnoscant.
2556 4922 2687 4975 Dum
2731 4922 2875 4975 enim
2921 4920 3252 4989 deprehendi
3282 4931 3550 4986 metuunt,
3579 4936 3798 4991 semper

2209 5014 2480 5083 improbas
2502 5012 2844 5070 defensiones
2874 5021 3145 5083 qumrunt,
3170 5027 3384 5081 semper
3414 5014 3621 5081 pavidis
3668 5030 3796 5071 sns-

2208 5108 2507 5178 picionibus
2536 5108 2826 5176 agitantur.
2854 5106 2938 5161 Nil
2966 5116 3145 5161 autem
3175 5115 3258 5161 est
3294 5106 3362 5158 ad
3390 5105 3794 5163 defendendum

2211 5200 2437 5266 puritate
2462 5201 2646 5262 tutius,
2666 5199 2741 5253 nil
2762 5198 2826 5253 ad
2845 5198 3126 5254 dicendum
3152 5198 3374 5253 veritate
3396 5197 3631 5255 facilius.
3656 5199 3795 5254 Nam

2210 5292 2334 5347 dum
2370 5291 2390 5331 τ
2423 5293 2685 5348 fallaciam
2711 5307 2862 5347 suam
2904 5292 3041 5347 tueri
3068 5291 3295 5363 cogitur,
3328 5291 3461 5347 duro
3483 5307 3577 5347 cor
3608 5291 3796 5349 labore

2270 5423 2298 5461 ά
2332 5425 2493 5480 Iidem
2520 5424 2757 5493 Gemet.,
2790 5428 3012 5481 lacessit.

2277 5507 2298 5533 ο
2330 5497 2516 5564 Coriu,
2548 5488 2796 5563 Caruot.,
2832 5498 3001 5567 Delv.,
3046 5497 3327 5563 Rothom.,
3372 5496 3576 5567 primus
3626 5496 3795 5564 Aud.,

2202 5568 2356 5641 Lyr.,
2384 5586 2474 5641 per
2502 5570 2822 5641 prudentiam
2853 5572 2968 5623 novi
2995 5569 3235 5641 caueant.
3264 5568 3618 5640 Longip.,per
3634 5570 3795 5637 prud.

2206 5640 2336 5694 nova
2368 5640 2469 5694 cal.
2496 5642 2785 5709 Sequimur
2813 5640 2996 5707 Trec.,
3019 5640 3253 5708 Gemet.,
3283 5649 3389 5695 etc.

2284 5710 2301 5749 ί
2336 5711 2549 5775 Excusi,
2571 5708 2693 5765 ante
2710 5710 2893 5777 Guss.,
2927 5712 3233 5779 falsitatem,
3256 5710 3643 5767 reiectantibus
3662 5708 3793 5767 Mss.

2198 5782 2437 5851 Anglic.,
2458 5781 2639 5845 Trec.,
2666 5782 2874 5854 Norm.,
2901 5792 3009 5837 etc.
3048 5782 3202 5846 lbid.,
3236 5785 3287 5835 ia
3326 5780 3486 5837 Guss.
3516 5790 3573 5838 et
3601 5783 3797 5853 pleris-
