4036 6346
263 372 329 430 65
740 438 747 444 Δ
1072 368 1374 451 REGULIE
1415 367 1840 425 PASTORALIS
1881 366 2105 422 LIBER.
2146 396 2215 408 --
2247 366 2422 422 PARS
2461 366 2736 422 TERTIA.
3454 363 3524 422 ϐο

265 491 521 559 fatigatur.
556 486 691 540 lliuc
713 498 942 553 namque
963 483 1220 553 scriptum
1251 495 1359 539 est:
1390 484 1556 538 Labor
1583 485 1843 539 (abierunt
1868 488 1923 548 Α
1948 486 2293 540 sermocinari
2351 484 2579 550 dicitur;
2638 484 2777 565 quia
2813 484 2881 565 de
2939 496 3188 553 supernts
3252 486 3525 556 mysteriis

265 581 486 650 ipsorum
541 578 730 647 operiet
779 592 863 629 eos
910 574 1084 647 (Psal.
1107 593 1334 643 CXXXIX,
1382 577 1494 648 10).
1546 579 1647 646 Qui
1701 578 1842 632 enim

268 680 291 708 ⁸
311 686 445 726 nunc
477 671 689 738 implet,
713 679 841 723 tunc
869 670 1066 739 operit,
1094 671 1215 739 quia
1240 670 1393 740 cujus
1436 686 1581 726 nunc
1610 671 1843 725 animum

264 782 353 836 per
375 765 628 819 blandam
658 763 1083 833 inquietudinem
1113 765 1312 830 exerit,
1341 774 1465 819 tunc
1487 779 1583 834 per
1601 779 1844 834 aSperam

263 857 663 914 retributionem
708 856 920 926 premit.
958 855 1096 911 Hinc
1127 872 1220 925 per
1266 856 1556 911 Jeremiam
1607 857 1842 911 dicitur:

265 950 557 1005 Docuerunt
588 951 815 1019 linguam
845 964 993 1003 suam
1019 949 1159 1018 loqui
1199 949 1548 1015 mendacium,
1572 957 1627 1001 ut
1672 947 1849 1019 inique

262 1051 461 1111 agerent
482 1040 847 1095 laboraverunt
879 1038 1097 1109 (Jerem.
1124 1055 1201 1106 ις,
1235 1038 1312 1109 5).
1335 1041 1410 1095 Ac
1428 1041 1472 1095 si
1496 1049 1677 1109 aperte
1708 1039 1851 1093 dice-

263 1144 409 1190 retur
441 1151 456 1188 :
489 1133 593 1200 Qui
616 1133 774 1188 amici
802 1147 924 1186 esse
953 1132 1193 1187 veritatis
1217 1132 1335 1186 sine
1370 1131 1554 1186 labore
1578 1138 1848 1200 poterant,

262 1236 316 1283 ut
362 1239 588 1297 peccent
616 1226 902 1290 laborant;
944 1240 1173 1295 cumque
1202 1223 1384 1279 vivere
1425 1224 1738 1292 simpliciter
1768 1238 1853 1278 re-

263 1329 451 1384 nuunt,
476 1318 751 1373 laboribus
779 1315 809 1355 δ
839 1318 1060 1387 exigunt
1113 1327 1171 1371 ut
1201 1316 1520 1372 moriantur.
1552 1316 1682 1370 Nam
1735 1316 1849 1385 ple-

262 1426 487 1480 rumque
514 1412 567 1466 in
597 1411 753 1480 culpa
798 1411 1143 1480 deprehensi,
1171 1410 1298 1465 dum
1330 1410 1516 1479 quales
1566 1409 1677 1464 sint
1709 1418 1731 1447 ο
1762 1423 1853 1464 co-

264 1506 447 1574 gnosci
481 1505 766 1570 refugiunt,
797 1505 1039 1559 sese‘sub
1085 1502 1311 1558 fallaciae
1334 1502 1595 1557 velamine
1622 1490 1851 1556 abscon-

263 1598 416 1660 dunt,
438 1606 494 1651 et
517 1596 617 1652 hoc
633 1586 773 1666 quod
794 1595 1305 1665 peccant,quodque
1331 1595 1439 1664 jam
1464 1603 1650 1663 aperte
1674 1594 1853 1648 cerni-

275 1697 377 1753 tur,
416 1702 679 1742 excusare
715 1685 1041 1753 moliuntur;
1074 1686 1146 1740 ita
1191 1696 1247 1739 ut
1286 1701 1429 1753 szepe
1458 1685 1502 1738 is
1546 1685 1637 1753 qui
1668 1698 1851 1739 eorum

264 1781 448 1849 culpas
466 1778 747 1848 corripere
769 1778 969 1844 studet,
994 1792 1227 1848 aspersa:
1251 1777 1502 1831 falsitatis
1531 1776 1740 1832 nebulis
1770 1790 1855 1830 se-

1948 578 2157 632 illorum
2227 586 2433 633 mentes
2483 577 2635 632 radio
2679 562 2791 632 sua:
2823 562 3167 632 ivisitationis
3236 575 3522 647 illuminat,

1947 683 2082 737 quos
2130 668 2274 723 nulla
2320 669 2506 723 umbra
2536 667 2864 737 duplicitatis
2904 669 3175 722 obscurat.
3211 668 3304 722 Est
3346 676 3525 724 autem

1949 758 2182 827 speciale
2223 758 2514 828 duplicium
2572 758 2770 813 malum
2800 800 2815 825 ,
2846 758 2969 836 quia
2996 759 3123 814 dum
3172 773 3424 829 perversa
3474 767 3531 815 et

1949 851 2145 921 duplici
2194 864 2403 907 actione
2452 861 2676 908 caeteros
2722 852 2951 919 fallunt,
2988 850 3138 922 quasi
3193 852 3531 919 praestantius

1950 943 2157 998 caneris
2225 945 2516 1014 prudentes
2577 959 2635 1000 se
2697 959 2819 1000 esse
2891 946 3231 1015 gloriantur;
3288 955 3342 1001 et
3408 946 3533 1015 quia

1951 1033 2347 1089 distrietionem
2379 1034 2744 1091 retributionis
2769 1050 2875 1090 non
2905 1035 3267 1103 considerant,
3296 1035 3363 1091 de
3384 1037 3534 1090 dam-

1953 1127 2037 1181 nis
2057 1127 2167 1182 suis
2184 1127 2361 1181 miseri
2386 1128 2677 1182 exsultant.
2698 1129 2930 1183 Audiant
2951 1138 3129 1184 autem
3152 1128 3418 1199 quomodo
3446 1143 3533 1184 su-

1957 1232 2050 1285 per
2073 1217 2196 1272 illos
2227 1218 2482 1288 propheta
2506 1218 2808 1288 Sophouias
2839 1218 2947 1273 vim
2971 1218 3165 1273 divina:
3192 1220 3531 1275 animadver-

1957 1312 2125 1367 sionis
2150 1312 2412 1377 intendat,
2438 1312 2621 1367 dicens
2658 1330 2670 1363 :
2706 1309 2841 1366 Ecce
2867 1312 2975 1375 dies
3002 1310 3209 1366 Domini
3255 1314 3389 1366 venit
3430 1327 3539 1366 ma-

1954 1420 2085 1475 gnus
2109 1414 2158 1459 et
2189 1405 2469 1468 horribilis,
2504 1405 2611 1458 dies
2657 1404 2746 1458 ira:
2774 1404 2883 1459 dies
2927 1403 3042 1469 illa,
3076 1404 3182 1458 dies
3219 1406 3539 1459 tenebrarum

1956 1507 2001 1551 et
2032 1498 2283 1569 caliginis,
2314 1497 2421 1551 dies
2444 1497 2645 1551 nebqu
2669 1508 2713 1550 et
2745 1496 2979 1565 turbinis,
3009 1497 3116 1551 dies
3140 1497 3275 1550 tuba:
3293 1488 3363 1551 et'
3386 1498 3533 1550 clan-

1957 1591 2095 1662 goris
2118 1608 2271 1659 super
2298 1607 2470 1645 omnes
2501 1591 2723 1644 civitates
2743 1590 2986 1655 munitas,
3010 1598 3058 1642 et
3073 1605 3224 1659 super
3245 1605 3415 1642 omnes
3445 1605 3540 1642 an-

1957 1682 2103 1752 gulos
2116 1682 2341 1736 excelsos
2361 1681 2548 1751 (Sapit.
2575 1678 2845 1751 1,14,15).
2862 1679 2998 1745 Quid
3020 1679 3160 1735 enim
3187 1696 3281 1749 per
3300 1680 3539 1735 civitates

1928 1762 2193 1828 ‘munitas
2214 1772 2559 1843 exprimitur,
2584 1774 2683 1827 nisi
2728 1785 2989 1841 suspecta:
3035 1782 3241 1827 mentes
3267 1780 3321 1827 et
3369 1772 3541 1827 fallaci

269 1872 482 1937 ductus,
515 1886 655 1941 pene
675 1872 917 1926 amisisse
945 1886 1005 1926 se
1038 1871 1215 1926 videat
1244 1870 1386 1940 quod
1417 1870 1484 1925 de
1509 1870 1590 1925 eis
1617 1870 1722 1937 iam
1745 1884 1861 1923 cer-
1892 1879 1940 1939 Β
1967 1878 2181 1936 semper
2208 1866 2521 1920 defensione
2573 1864 2939 1932 circumdatae,
2973 1878 3091 1932 quae
3122 1864 3332 1933 quoties
3359 1878 3542 1918 earum

265 1974 373 2020 tum
408 1966 650 2021 tenebat.
681 1965 833 2022 Unde
863 1978 1007 2021 recte
1032 1965 1132 2021 sub
1166 1965 1365 2021 Judaeae
1394 1967 1573 2036 specie
1619 1981 1712 2035 per
1739 1980 1862 2036 pro-

267 2057 483 2128 phetam
508 2066 699 2114 contra
722 2068 1033 2129 peccantem
1058 2062 1295 2115 animam
1313 2069 1860 2131 excusantetnquese,

267 2152 465 2208 dicitur
494 2170 507 2182 ο
543 2151 627 2207 Ibi
656 2154 834 2208 habuit
877 2157 1077 2225 foveam
1121 2155 1309 2209 ericius
1347 2153 1507 2224 (Isai.
1540 2170 1719 2221 xstttv,
1748 2154 1858 2224 i5).

273 2244 434 2300 Ericii
466 2247 667 2316 quippe
695 2246 909 2301 nomine
930 2246 1154 2315 impura:
1177 2246 1375 2301 mentis
1408 2230 1635 2316 Seseque
1673 2246 1864 2301 callide

270 2330 610 2391 defendentis
630 2336 915 2406 duplicitas
940 2337 1292 2406 deSignatur;
1324 2337 1451 2407 quia
1484 2338 1735 2392 videlicet
1760 2336 1867 2392 eri-

270 2428 378 2483 cius
394 2443 521 2483 cum
538 2428 983 2497 apprehenditur,
1008 2429 1125 2498 ejus
1143 2438 1200 2483 et
1225 2427 1779 2499 “caputcernitur,
1814 2438 1869 2484 et

271 2520 433 2588 pedes
452 2519 728 2585 videntur,
756 2529 811 2574 et
838 2535 1035 2589 corpus
1063 2535 1222 2574 omne
1247 2520 1605 2588 conspicitur;
1625 2520 1718 2574 sed
1742 2534 1867 2575 mox

272 2620 328 2664 ut
348 2611 726 2680 apprehensus
751 2610 932 2677 fuerit,
965 2611 1314 2681 semetipsum
1339 2613 1391 2665 in
1415 2610 1438 2648 δ
1466 2612 1730 2681 sphzeram
1758 2612 1870 2666 col-

271 2702 408 2774 ligit,
442 2705 613 2774 pedes
652 2706 919 2759 introrsus
961 2704 1248 2771 subtrahit,
1276 2711 1437 2773 caput
1487 2703 1785 2768 abscondit,
1816 2711 1871 2758 et

272 2798 407 2852 intra
439 2802 676 2853 tenentis
702 2814 891 2852 manus
926 2808 1095 2852 totum
1121 2798 1281 2851 simul
1304 2796 1589 2865 amittitur,
1621 2797 1763 2867 quod
1791 2806 1871 2851 to-

273 2899 379 2944 tum
410 2891 576 2945 simul
603 2899 727 2945 ante
760 2889 1057 2945 videbatur.
1081 2888 1171 2944 Sic
1231 2890 1507 2953 nimirum,
1538 2888 1617 2944 sic
1647 2888 1871 2956 impura:

273 2990 485 3038 mentes
518 2994 665 3049 sunt,
696 2999 821 3039 cum
850 2984 905 3037 in
928 2983 1040 3039 suis
1067 2982 1379 3039 excessibus
1401 2983 1871 3053 comprehendun-

273 3083 379 3129 tur.
413 3074 595 3146 Caput
640 3076 785 3131 enim
816 3076 969 3131 ericii
1017 3075 1279 3141 cernitur,
1310 3077 1433 3145 quia
1464 3090 1570 3146 quo
1599 3075 1751 3130 initio
1805 3075 1872 3129 ad

272 3168 491 3237 culpam
524 3176 771 3237 peccator
801 3167 1090 3223 accesserit
1113 3167 1345 3221 videtur.
1372 3166 1544 3222 Pedes
1571 3166 1721 3221 ericii
1745 3182 1874 3220 con-

1964 1959 2117 2027 cnlpa
2148 1958 2458 2027 corripitur,
2488 1957 2731 2011 veritatis
2768 1956 2834 2009 ad
2866 1970 2926 2010 se
2966 1955 3143 2025 jacula
3190 1972 3297 2010 non
3346 1956 3542 2010 admit-

1966 2052 2125 2105 tunt?
2192 2053 2257 2106 Et
2330 2050 2457 2121 quid
2536 2065 2632 2119 per
2690 2048 2936 2105 excelsos
3020 2048 3242 2117 angulos
3312 2048 3545 2117 (duplex

1965 2144 2159 2212 quippe
2201 2158 2414 2210 semper
2465 2142 2630 2196 estin
2681 2140 2888 2211 angulis
2946 2139 3149 2210 paries)
3199 2140 3300 2194 nisi
3342 2139 3546 2208 impura

1967 2234 2128 2288 corda
2186 2233 2495 2304 signantur?
2543 2247 2662 2302 quae
2710 2235 2835 2286 dum
2888 2234 3127 2287 veritatis
3156 2232 3547 2298 simplicitatem

1967 2325 2197 2393 fugiunt,
2231 2326 2297 2378 ad
2337 2324 2627 2393 semetipsa
2651 2325 3047 2393 quodammodo
3076 2314 3400 2391 duplicitat’is
3432 2338 3549 2393 per-

1969 2417 2223 2470 versitate
2256 2417 2601 2484 replicantur,
2627 2427 2699 2481 et,
2733 2416 2873 2485 quod
2904 2425 2987 2470 est
3010 2402 3272 2481 deterius,
3293 2416 3429 2485 apud
3460 2429 3549 2470 co-

1968 2508 2257 2578 gitationes
2278 2522 2401 2561 suas
2430 2507 2650 2562 infastu
2697 2510 2993 2575 prudentia:
3041 2523 3107 2562 ex
3153 2509 3264 2575 ipsa
3313 2521 3373 2562 se
3399 2509 3550 2577 culpa

1971 2600 2297 2670 impuritatis
2320 2599 2598 2655 extollunt.
2631 2598 2759 2653 Dies
2787 2596 2947 2668 igitur
2968 2598 3179 2653 Domini
3200 2597 3448 2652 vindicta:
3469 2607 3551 2652 at-

1970 2709 2080 2765 que
2106 2693 2594 2750 animadversionis
2615 2692 2772 2762 plena
2800 2706 2961 2762 super
2990 2692 3227 2746 civitates
3243 2692 3475 2746 munitas
3501 2700 3555 2751 et

1979 2800 2142 2855 super
2162 2786 2405 2841 excelsos
2435 2786 2661 2855 angulos
2694 2786 2853 2849 venit,
2881 2784 3005 2853 quia
3036 2785 3113 2839 ira
3143 2786 3367 2839 extremi
3415 2783 3557 2852 judi-

1984 2875 2055 2930 cii
2085 2877 2316 2931 humana
2342 2875 2508 2930 corda
2536 2884 2591 2929 et
2634 2870 3038 2928 defensionibus
3066 2884 3251 2929 contra
3281 2873 3558 2929 veritatem

1980 2967 2165 3022 clausa
2193 2967 2452 3033 destruit,
2475 2978 2528 3021 et
2558 2966 2956 3036 duplicitatibus
3012 2967 3248 3021 involuta
3290 2967 3556 3023 dissolvit.

1974 3062 2124 3117 Tunc
2173 3062 2315 3116 enim
2370 3061 2590 3115 munita:
2633 3059 2879 3115 civitates
2940 3059 3316 3130 cadunt,quia
3356 3070 3559 3116 tuentes

1980 3151 2133 3209 Deot
2182 3153 2551 3222 impenetratae
2595 3153 3010 3207 damnabuntur.
3043 3151 3153 3224 [ιθ
3176 3152 3327 3206 Tunc
3365 3151 3559 3209 excelsi

274 3261 736 3331 spiciuntur,quia
760 3260 954 3331 quibus
974 3260 1212 3330 vestigiis
1231 3259 1467 3328 nequitia
1490 3261 1558 3313 sit
1576 3267 1874 3329 perpetrata
1898 3269 1947 3332 ο
1977 3247 2159 3318 anguli
2201 3256 2481 3315 corruunt,
2508 3247 2630 3317 quia
2658 3248 2819 3302 corda
2853 3263 2968 3315 Quae
2999 3262 3058 3301 se
3102 3262 3197 3315 per
3238 3247 3559 3316 impuritatis

274 3353 645 3425 cognoscitur,
676 3364 730 3407 et
760 3362 938 3407 tamen
967 3351 1214 3407 adductis
1234 3362 1459 3420 repente
1505 3350 1867 3405 excusationiv

276 3447 611 3515 hus‘impura
643 3460 795 3500 mens
824 3446 1087 3499 introrsus
1117 3444 1282 3512 pedes
1313 3443 1540 3513 colligit,
1566 3442 1687 3511 quia
1740 3458 1871 3497 cun-

276 3549 355 3593 cta
390 3537 694 3607 iniquitatis
716 3550 827 3590 sua:
853 3518 1075 3605 vestigia
1115 3534 1417 3588 abscondit.
1442 3531 1617 3602 Caput
1665 3535 1873 3586 subtra-

277 3631 372 3697 hit,
402 3629 712 3702 quiamiris
732 3629 1141 3686 defensionibus
1161 3642 1259 3683 nec
1286 3626 1569 3683 inchoasse
1591 3643 1651 3683 se
1676 3629 1873 3683 malum

277 3720 497 3792 aliquod
528 3719 778 3776 ostendit.
814 3721 877 3775 Et
906 3720 1058 3791 quasi
1084 3722 1297 3789 sphaera
1330 3719 1383 3773 in
1436 3734 1596 3773 ntanu
1642 3720 1875 3774 tenentis

277 3821 550 3880 remanet,
584 3794 708 3881 quia
738 3813 785 3866 is
824 3812 916 3880 qui
954 3810 1201 3880 corripit,
1233 3820 1423 3865 cuncta
1475 3825 1596 3879 qua:
1622 3811 1734 3879 jam
1783 3826 1876 3866 co-

278 3904 745 3976 gnoveratsubito
769 3905 1045 3967 amittens,
1070 3903 1370 3958 involutum
1421 3902 1561 3957 intra
1589 3902 1876 3958 conscien-

280 3998 413 4050 tiam
446 4007 783 4066 peccatorem
814 4006 989 4062 tenet;
1025 4004 1082 4051 et
1102 3995 1191 4065 qui
1217 4004 1386 4051 totum
1435 3994 1545 4063 jam
1577 3994 1878 4064 deprehen-

279 4087 467 4142 dendo
500 4087 726 4151 viderat,
754 4087 1195 4157 tergiversatione
1245 4102 1422 4156 prava:
1452 4087 1779 4142 delensionis
1806 4088 1875 4143 il-

283 4179 438 4235 lusus
472 4190 641 4235 totum
673 4181 875 4250 pariter
901 4181 1131 4250 ignorat.
1163 4178 1397 4234 Foveam
1421 4192 1549 4246 ergo
1572 4178 1735 4233 habet
1771 4179 1878 4234 eri-

281 4273 399 4327 cius
445 4273 499 4326 in
525 4274 791 4343 reprobis,
826 4274 952 4342 quia
982 4281 1005 4309 °
1037 4271 1321 4326 malitiosa:
1373 4268 1566 4326 mentis
1593 4269 1878 4341 duplicitas

282 4377 406 4419 sese
435 4365 576 4419 intra
620 4379 681 4419 se
705 4365 966 4434 colligens
1017 4364 1299 4420 abscondit
1330 4362 1385 4418 itt
1418 4363 1658 4419 tenebris
1695 4363 1880 4421 delen-

284 4459 472 4514 sionis.

358 4550 597 4605 Audiant
642 4550 839 4622 impuri
870 4548 1012 4621 quod
1058 4551 1319 4622 scriptum
1349 4560 1472 4605 est:
1505 4548 1605 4616 Qui
1650 4550 1879 4605 ambulat

1977 3341 2312 3409 prudentiam
2345 3341 2578 3409 erigunt,
2605 3353 2701 3408 per
2726 3337 2946 3408 justitia:
2970 3336 3287 3393 sententiam
3317 3348 3560 3408 proster-

1974 3441 2191 3491 nuntur.

2368 3524 2595 3582 CAPUT
2619 3524 2713 3580 xu
2736 3523 2844 3599 [AL
2877 3522 3168 3596 XXXVI].

2124 3619 2390 3689 Quomodo
2416 3619 2723 3673 admonendi
2750 3627 2866 3671 sunt
2893 3618 3176 3672 incolumes
3205 3627 3251 3673 et
3278 3618 3423 3689 wgri.

2051 3712 2373 3785 (Admonitio
2405 3711 2516 3782 l5.)
2549 3711 2716 3765 Aliter
2743 3710 3062 3765 admonendi
3091 3719 3216 3764 sunt
3244 3710 3559 3778 incolumes,

1978 3814 2136 3876 atque
2166 3806 2322 3860 aliter
2349 3804 2498 3874 aegri.
2529 3802 2865 3858 Admonendi
2894 3810 3021 3857 sunt
3044 3802 3363 3870 incolumes,
3398 3812 3454 3856 ut
3478 3816 3561 3855 sa-

1981 3897 2146 3950 lutem
2177 3896 2419 3963 corporis
2459 3904 2746 3949 exerceant
2771 3894 2839 3947 ad
2876 3894 3102 3948 salutem
3137 3894 3370 3959 mentis;
3427 3909 3495 3948 ne
3518 3894 3563 3952 si

1982 3997 2218 4059 accepta:
2242 3988 2631 4042 incolumitatis
2659 3986 2884 4056 gratiam
2912 3987 2979 4040 ad
3011 4002 3163 4041 usum
3206 3988 3459 4056 nequitia:
3482 3989 3563 4041 in-

1980 4083 2202 4150 clinent,
2253 4083 2395 4137 dono
2440 4081 2739 4136 deteriores
2793 4082 2953 4146 fiant;
3008 4089 3062 4134 et
3106 4094 3171 4135 eo
3224 4081 3564 4150 postmodum

1981 4175 2238 4245 supplicia
2263 4174 2519 4245 graviora
2552 4180 2889 4238 mereantur,
2937 4186 3043 4241 quo
3074 4186 3215 4227 nunc
3245 4172 3564 4242 largioribus

1981 4272 2135 4327 bonis
2186 4271 2282 4325 Dei
2320 4271 2457 4324 male
2514 4267 2588 4322 uti
2619 4283 2726 4322 non
2769 4250 3041 4322 metuunt.
3074 4266 3411 4322 Admonendi
3440 4275 3565 4320 sunt

1982 4364 2297 4429 incolumes,
2332 4378 2401 4418 ne
2440 4362 2892 4432 opportunitatem
2915 4358 3100 4414 salutis
3146 4360 3200 4414 in
3248 4372 3563 4429 perpezuum

1982 4455 2352 4527 promerenda:
2380 4453 2700 4523 despiciant.
2726 4451 2994 4522 Scriptum
3025 4466 3256 4522 namque
3281 4460 3402 4505 est:
3432 4449 3566 4503 Ecce

1982 4567 2117 4604 nunc
2160 4558 2361 4617 tempus
2389 4544 2717 4616 acceptabile,
2770 4559 2882 4598 ecce
2938 4558 3075 4597 nunc
3121 4542 3229 4596 dies
3257 4541 3435 4594 salutis
3476 4537 3561 4610 (Il

285 4641 621 4712 simpliciter,
653 4643 880 4695 ambulat
910 4640 1223 4711 ean/identer
1257 4642 1441 4712 (Prov.
1468 4659 1521 4708 χ,
1554 4643 1634 4711 9).
1660 4643 1877 4698 Fiducia
1904 4657 1957 4718 Ῑ)
1982 4645 2102 4702 Cor.
2130 4660 2204 4712 Vt,
2227 4644 2309 4715 2).
2342 4641 2682 4698 Admonendi
2712 4651 2837 4697 sunt
2875 4655 2942 4696 ne
2970 4640 3181 4710 placere
3212 4638 3322 4692 Deo
3365 4638 3410 4691 si
3440 4652 3562 4691 cum

286 4736 485 4806 quippe
509 4751 717 4806 magnae
749 4736 1051 4791 securitatis
1074 4736 1481 4806 estsimplicitas
1506 4737 1749 4791 actionis.
1769 4739 1876 4793 Au-

286 4829 439 4884 diant
469 4831 615 4901 quod
645 4831 903 4900 sapientis
923 4846 1018 4885 ore
1043 4830 1274 4885 dicitur:
1308 4830 1536 4896 Spiritus
1563 4843 1766 4884 sanctus
1797 4831 1875 4884 di-

284 4923 520 4991 sciplina:
567 4921 775 4992 eﬂ'uyiet
826 4923 1001 4991 ﬁctum
1046 4922 1201 4992 (Sap.
1230 4939 1269 4989 1,
1307 4920 1385 4992 5).
1438 4923 1671 4977 Audiant
1725 4923 1869 4994 quod

286 5016 569 5084 Scriptura
601 5032 813 5071 rursum
840 5026 974 5071 teste
1001 5016 1347 5085 perhibetur:
1381 5013 1510 5069 Cum
1560 5015 1877 5085 simplicibus

286 5110 651 5162 sermocinatio
671 5110 784 5178 ejus
813 5106 996 5176 (Prov.
1028 5123 1105 5173 ttt,
1130 5108 1246 5177 32).
1278 5107 1386 5161 Deo
1434 5107 1576 5161 enim
1622 5108 1877 5163 sermoci-

290 5203 431 5268 nari,
456 5212 540 5258 est
560 5218 657 5274 per
688 5203 1098 5257 illustrationem
1128 5218 1240 5257 suae
1286 5202 1585 5270 praesentia:
1632 5203 1878 5257 humanis

288 5297 563 5353 mentibus
612 5311 807 5353 arcana
837 5296 1097 5353 revelare.
1124 5295 1257 5350 Cum
1313 5294 1650 5363 simplicibus
1714 5296 1876 5366 igitur

287 5496 397 5549 que
428 5481 670 5542 Excusis.
705 5488 917 5534 conatur
957 5478 1038 5532 vel
1069 5488 1335 5539 conantur,
1372 5490 1466 5545 pro
1495 5474 1872 5546 cogitur,quod

290 5553 460 5606 habes
484 5553 532 5605 in
564 5553 748 5613 Corb..
775 5552 952 5615 Trec.,
980 5550 1167 5613 Lattd.,
1196 5560 1300 5602 etc.

365 5631 395 5661 α
419 5624 660 5693 Quinque
692 5622 924 5691 Anglic.,
954 5637 1087 5675 nunc
1118 5621 1367 5691 implicat,
1400 5618 1545 5673 nullo
1584 5632 1647 5672 ex
1680 5617 1876 5673 nostris

285 5696 680 5749 Consentiente.

362 5758 396 5802 δ
423 5765 609 5832 Corn,
644 5766 786 5820 Belv.
819 5774 874 5818 et
914 5764 1177 5820 secundus
1230 5761 1413 5823 Carm,
1438 5760 1744 5833 exiguntur;
1792 5776 1876 5817 se-

288 5836 508 5904 quimur
534 5834 689 5891 Truc.
719 5846 772 5891 et
795 5846 1037 5892 ueteres.

369 5916 397 5944 ο
420 5907 592 5976 'frec.,
626 5907 840 5964 Carnot.
863 5916 917 5964 et
949 5908 1179 5973 llelvac.,
1209 5920 1505 5976 cognoscere
1534 5904 1760 5975 fugiunt.

1986 4746 2213 4810 possunt
2250 4736 2543 4800 noluerint,
2569 4750 2689 4790 cum
2720 4733 2985 4788 voluerint
3034 4744 3156 4783 sero
3183 4743 3289 4782 non
3335 4730 3565 4798 possint.

1982 4829 2119 4884 Hinc
2140 4837 2222 4882 Bal.
2252 4828 2398 4883 enim
2432 4824 2574 4895 quod
2591 4839 2684 4880 eos
2715 4832 2834 4891 post
2860 4817 3116 4889 sapientia
3145 4818 3379 4885 deserit,
3431 4833 3568 4889 quos

1982 4923 2130 4994 prius
2151 4920 2349 4976 diutius
2385 4925 2674 4974 renuentes
2700 4912 2925 4980 vocavit,
2977 4909 3166 4965 dicens
3200 4928 3214 4965 :
3265 4907 3475 4978 Vocuoi,
3521 4916 3567 4963 et

1982 5014 2262 5079 renuistis;
2300 5011 2504 5067 extendi
2526 5024 2733 5062 manum
2760 5020 2941 5070 meam,
2975 5010 3022 5058 et
3044 5020 3145 5058 non
3172 5004 3271 5075 fuit
3299 5004 3387 5073 qui
3426 5001 3567 5072 aspi-

1987 5120 2152 5175 ceret;
2183 5106 2485 5176 despexistis
2506 5119 2654 5158 omne
2679 5100 2949 5155 consilium
2974 5116 3158 5167 meum,
3187 5106 3233 5152 et
3260 5098 3568 5164 increpatio-

1986 5225 2072 5262 nes
2094 5222 2231 5261 meas
2258 5202 2553 5276 neglexistis
2569 5217 2590 5265 ;
2639 5215 2731 5272 ego
2758 5215 2955 5269 quoque
2980 5199 3032 5251 in
3059 5198 3270 5251 interitu
3298 5205 3460 5249 vestro
3500 5193 3572 5246 ri-

1990 5300 2137 5367 debo,
2170 5305 2219 5352 et
2246 5292 2590 5358 subsannabo,
2614 5307 2731 5346 cum
2753 5291 2891 5345 vobis
2912 5294 3049 5358 quod
3076 5290 3326 5344 timebatis
3359 5290 3571 5341 adverte.

2048 5472 2075 5509 ά
2104 5473 2288 5538 Trec.,
2316 5469 2516 5526 Bellov.
2545 5477 2604 5526 et
2645 5467 2733 5523 alii
2775 5474 2993 5530 vetust.,
3028 5481 3250 5538 sperum.
3281 5461 3369 5538 Sic
3399 5457 3563 5514 scribi

1976 5534 2303 5614 sphaeramin
2336 5540 2725 5614 antiquioribus
2735 5538 2910 5614 ‘Codd.
2937 5534 3491 5614 jam'observavitnus.

2055 5626 2079 5653 ε
2112 5616 2322 5670 Primus
2347 5607 2592 5678 (ὶειι-ίιοι.ν
2623 5610 2879 5678 malitiosa
2900 5624 3042 5678 mens
3068 5607 3346 5678 duplicata.

2058 5685 2075 5724 ί
2104 5688 2176 5741 lta
2207 5688 2388 5749 Trec.,
2416 5674 2665 5738 Rothom.
2689 5694 2743 5736 et
2766 5681 2838 5733 al.
2865 5677 3051 5749 Narin.
3076 5674 3147 5729 ln‘
3168 5675 3326 5749 tertio
3348 5674 3545 5728 Carnot

1982 5758 2208 5829 legitur,
2232 5746 2617 5829 impmnitentes.
2643 5751 2701 5807 In
2743 5747 2989 5805 omnibus
3019 5747 3131 5801 fere
3177 5746 3364 5809 Editis,
3391 5757 3542 5811 suspc

1981 5841 2093 5884 σιω.
