4036 6346
552 312 617 368 67

550 427 613 482 rit
639 425 821 497 (Prov.
858 442 897 497 ι,
939 426 1030 507 24,
1061 431 1217 500 seq.).
1244 429 1310 486 Et
1333 444 1586 489 rursum:
1637 431 1785 490 Tunc
1834 436 2139 491 invocabant

550 534 631 571 me
651 561 665 589 ,
725 530 772 573 et
793 536 896 573 non
926 520 1199 577 exaudiant
1214 539 1233 586 ;
1272 539 1422 578 manc-
1441 535 1770 598 consurgent,
1798 536 1846 582 et
1876 546 1973 583 non
2002 531 2140 583 inve-

549 609 691 665 nient
714 626 792 664 me
812 608 1003 681 (Ibid.,
1036 611 1149 682 28).
1182 611 1340 670 Salus
1360 616 1539 688 itaque
1564 620 1802 689 corporis
1831 621 2043 692 quando
2071 621 2137 676 ad

550 702 690 773 bene
716 702 1046 775 onerandum
1070 714 1289 776 accepta
1313 708 1624 779 despicitur,
1648 711 1833 784 quanti
1863 712 1931 768 sit
1953 727 2139 769 mune-
2239 718 2406 789 ﬁlium
2429 737 2577 791 quem
2604 725 2783 793 recipit
2838 702 3041 799 (Hebr:
3057 702 3150 801 stt,
3168 702 3228 801 '5,
3256 735 3333 805 6).

550 795 623 863 ris
658 794 853 850 amissa
886 797 1139 853 sentitur.
1169 797 1235 863 Et
1261 798 1591 863 infructuose
1615 803 1679 856 ad
1703 803 1948 859 ultimum
1986 819 2136 876 qua:-

545 885 697 950 ritur,
730 901 849 957 quae
871 901 1109 960 congruo
1130 904 1384 946 concessa
1415 900 1657 963 tempore
1676 894 1877 952 utiliter
1900 911 2005 967 non
2039 896 2135 952 ha-

545 978 723 1035 betur.
752 960 911 1039 Unde
940 982 1077 1043 bene
1114 999 1208 1053 per
1257 986 1599 1047 Salomonem
1644 1003 1854 1045 rursum
1892 990 2128 1047 dicitur:

546 1070 631 1125 Ne
661 1072 750 1126 des
778 1073 958 1135 alienis
991 1062 1230 1143 honorem
1281 1088 1447 1159 tuum,
1490 1090 1537 1143 et
1562 1097 1721 1149 annos
1745 1092 1859 1149 tuos
1896 1086 2134 1152 crudeli;

541 1178 603 1219 uc
629 1164 761 1231 forte
785 1166 1093 1234 impleantur
1120 1171 1347 1237 extranei
1364 1172 1552 1231 viribus
1580 1175 1697 1243 tuis,
1750 1185 1796 1229 et
1820 1175 2023 1243 labores
2061 1179 2134 1231 tui

540 1253 638 1307 sint
668 1254 719 1307 in
744 1256 894 1327 domo
915 1256 1103 1324 aliena,
1161 1270 1205 1313 et
1259 1279 1432 1333 gemas
1472 1265 1524 1319 in
1566 1268 1869 1337 novissimis,
1925 1272 2131 1341 quando

538 1351 908 1427 consumpseris
930 1368 1109 1409 carnes
1138 1360 1187 1416 et
1203 1371 1389 1426 corpus
1423 1369 1568 1412 tuum
1601 1357 1765 1433 (Ibid.
1793 1378 1844 1441 v,
1874 1361 1927 1427 9,
1971 1362 2127 1433 aeq.).

541 1440 641 1507 Qui
678 1456 907 1516 namque
927 1446 1087 1503 alieni
1115 1462 1142 1501 a
1170 1450 1324 1505 nobis
1348 1459 1493 1520 sunt,
1521 1453 1622 1517 nisi
1639 1440 1857 1525 maligni
1883 1454 2125 1524 spiritus,

535 1534 674 1605 quia
706 1536 945 1594 cmlestis
978 1550 1103 1595 sunt
1125 1543 1310 1611 patria:
1342 1554 1487 1601 sorte
1518 1548 1791 1619 separati?
1837 1550 1966 1621 Quis
1993 1565 2124 1605 vero

534 1622 704 1680 honor
730 1637 913 1684 noster
940 1640 1042 1695 est,
1072 1631 1177 1688 nisi
1202 1635 1324 1707 quia
1363 1637 1415 1691 in
1455 1637 1613 1695 luteis
1644 1641 1970 1710 corporibus
1996 1657 2126 1698 con-

531 1714 647 1782 diti,
672 1718 736 1772 ad
763 1716 1077 1781 Conditoris
1102 1735 1279 1783 tamen
1313 1730 1482 1785 nostri
1515 1746 1703 1787 sumus
1744 1734 2028 1805 imaginem
2066 1745 2122 1791 et

533 1805 940 1885 similitudinem
964 1816 1165 1869 creati?
1205 1816 1296 1871 Vel
1328 1819 1448 1888 quis
1479 1820 1613 1877 alius
1637 1822 1870 1879 crudelis
1894 1836 1994 1890 est,
2020 1828 2123 1883 nisi

538 1894 629 1951 ille
654 1902 874 1969 angelus
898 1913 1161 1972 apostata,
1193 1909 1282 1975 qui
1312 1917 1367 1964 et
1395 1915 1746 1982 semetipsum
1782 1930 1937 1985 paena
1977 1933 2125 1989 mor-

530 1988 598 2040 tis
630 1991 989 2058 superbiendo
1019 1997 1264 2065 perculit,
1298 2010 1351 2055 et
1380 2001 1575 2059 inferre
1598 2016 1841 2079 mortem
1889 2012 2124 2066 humano

527 2079 710 2146 generi
737 2082 898 2137 etiam
924 2085 1160 2152 perditus
1186 2104 1291 2146 non
1315 2095 1596 2162 pepercit?
1646 2097 1915 2155 Honorem
1944 2102 2124 2173 itaque

530 2184 684 2224 suum
711 2172 901 2229 alienis
932 2175 1044 2246 dat,
1076 2182 1165 2249 qui
1198 2182 1263 2237 ad
1298 2183 1390 2239 Dei
1424 2187 1708 2258 imaginem
1736 2201 1793 2248 et
1814 2172 2124 2252 similitudi-

528 2276 650 2317 nem
680 2265 945 2333 conditus,
987 2270 1111 2327 vita:
1141 2288 1252 2345 sua:
1286 2285 1523 2347 tempora
1559 2289 1583 2317 ἰ
1614 2282 1969 2355 malignorum
2006 2289 2118 2361 spi-

527 2355 722 2411 rituum
752 2360 1119 2428 voluptatibus
1169 2366 1526 2429 administrat.
1565 2373 1746 2432 Annos
1793 2380 1955 2437 etiam
1992 2397 2119 2439 suos

533 2448 742 2502 crudeli
772 2452 949 2523 tradit,
1015 2455 1106 2525 qui
1158 2458 1225 2512 ad
1257 2461 1584 2537 voluntatem
1616 2467 1751 2523 male
1793 2469 2118 2531 dominantis

532 2536 823 2596 adversarii
862 2554 1081 2613 accepta
1112 2546 1324 2609 vivendi
1348 2554 1517 2631 spatia
1543 2536 1814 2627 expendit.
1848 2561 1948 2637 Ubi
1978 2565 2116 2621 bene

529 2627 804 2689 subditur:
841 2632 927 2689 Ne
954 2637 1082 2705 forte
1099 2627 1408 2717 impleantur
1433 2650 1661 2717 estrqnei
1688 2652 1877 2727 viribus
1904 2630 2022 2723 tuis,
2067 2665 2115 2712 et

522 2905 775 2975 pientiam
807 2912 1023 2982 mentis,
1056 2894 1163 2975 non
1180 2894 1500 2991 exercendis
1529 2927 1835 3001 virtutibus,
1863 2908 1955 3003 sed
1985 2952 2109 3006 per-

518 3000 794 3071 petrandis
826 3004 965 3063 vitiis
1019 3010 1296 3080 elaborat,
1355 3032 1692 3093 nequaquam
1734 3027 1848 3097 suis
1906 3031 2108 3089 viribus

517 3105 670 3159 suam
705 3093 942 3183 domum,
993 3104 1087 3157 sed
1143 3115 1529 3173 extraneorum
1562 3113 1899 3186 habitacula,
1944 3123 1997 3178 id
2024 3133 2106 3180 est

516 3182 931 3246 immundormn
959 3196 1244 3266 spirituum
1297 3202 1433 3273 facta
1464 3209 1801 3283 multiplicat,
1849 3219 2098 3281 nimirum
2131 3198 2177 3263 C
2284 3225 2625 3287 Αάιηοηεηάί
2656 3238 2949 3309 summm

516 3276 592 3309 ιωι
623 3278 934 3309 Ι..ν....;....,ιη
1018 3292 1100 3309 ---ι
1160 3307 1171 3309 _
1321 3298 1331 3309 .
1357 3299 1367 3309 .
1463 3300 1475 3309 .
2082 3306 2087 3309 _

514 3276 593 3331 vel
622 3278 958 3353 luxuriaudo,
1018 3292 1103 3345 vel
1152 3298 1515 3375 superbiendo
1558 3276 1742 3377 agens,
1775 3276 1835 3364 ut
1861 3276 2019 3369 etiam
2044 3306 2103 3371 se

514 3370 716 3437 addito,
773 3378 1103 3443 perditorum
1143 3370 1409 3447 numerus.
1442 3407 1672 3453 crescat.
1729 3400 1872 3460 Bene
1922 3416 2098 3463 autem

514 3466 761 3525 subditur
790 3489 802 3525 :
836 3472 901 3528 Et
921 3494 1095 3551 gemas
1115 3481 1171 3539 in
1200 3486 1509 3563 novissimis,
1541 3495 1749 3563 quando
1770 3513 2100 3570 consumpse-

513 3562 585 3614 ris
612 3579 788 3620 carnes
807 3577 855 3623 et
882 3586 1069 3641 corpus
1101 3583 1265 3635 tuum.
1316 3581 1639 3656 Plerumque
1686 3591 1830 3647 enim
1882 3607 2098 3666 accepta

509 3651 616 3726 50
641 3660 787 3715 salus
814 3666 992 3723 carnis
1018 3683 1116 3737 per
1142 3670 1269 3726 vitia
1294 3672 1320 3712 δ
1350 3680 1708 3751 expenditur;
1744 3687 1838 3743 sed
1860 3702 1981 3751 cum
2012 3707 2099 3747 re-

506 3758 665 3818 pente
690 3754 1046 3830 subtrahitur,
1079 3777 1199 3819 cum
1231 3769 1492 3828 molestiis
1513 3789 1640 3837 caro
1666 3780 1937 3850 atteritur,
1969 3802 2092 3843 cum

505 3837 610 3909 iam
631 3845 812 3912 egredi
842 3850 1020 3913 anima
1055 3866 1291 3925 urgetur,
1322 3861 1413 3919 diu
1441 3865 1580 3927 male
1617 3868 1797 3928 habita
1823 3837 1975 3945 quasi
2025 3881 2093 3935 ad

504 3930 643 3989 bene
672 3938 958 3997 vivendum
1007 3946 1155 4002 salus
1178 3951 1375 4007 amissa
1402 3959 1714 4025 requiritur.
1746 3964 1814 4020 Et
1840 3930 1966 4027 iunc
1993 3986 2092 4040 ge-

504 4035 655 4081 munt
676 4027 919 4088 homines
949 4036 1090 4105 quod
1122 4040 1233 4096 Deo
1272 4049 1475 4103 servire
1522 4053 1833 4126 noluerunt,
1867 4027 2083 4129 quanudo

502 4117 694 4174 damna
718 4126 1053 4199 negligentiae
1076 4147 1189 4189 sure
1216 4149 1542 4207 recuperare
1567 4150 1855 4209 serviendo
1886 4170 2085 4225 nequa-

502 4225 658 4288 quam
691 4230 934 4285 possunt.
963 4222 1115 4282 Unde
1140 4227 1274 4284 alias
1300 4231 1524 4291 dicitur:
1552 4238 1682 4303 Cum
1711 4222 2085 4319 occidereteos,

501 4312 621 4363 tunc
649 4311 969 4379 requirebant
992 4334 1105 4372 eum
1136 4318 1312 4391 (Psal.
1340 4342 1540 4397 Lxxvu,
1570 4330 1687 4404 56).

482 4410 488 4419 '
574 4399 640 4455 At
661 4412 848 4479 contra
877 4409 1201 4468 admouendi
1231 4426 1358 4481 sunt
1379 4422 1527 4490 :egri,
1568 4432 1625 4479 ut
1644 4399 1717 4487 eo
1736 4442 1796 4491 se
1822 4428 1964 4491 ﬁlios
1986 4433 2082 4507 Dei

494 4495 755 4567 sentiant,
787 4514 895 4571 quo
922 4503 1043 4560 illos
1066 4505 1364 4578 disciplinae
1395 4512 1604 4586 ﬂagella
1632 4520 1913 4592 casdgant.
1964 4495 2081 4587 Nisi

493 4586 635 4641 enim
666 4595 920 4665 correctis
944 4595 1313 4659 litereditatem
1344 4604 1473 4662 dare
1502 4607 1831 4681 disponeret,
1865 4622 2081 4687 erudire
2111 4595 2165 4658 Ῐ)

498 4691 588 4745 eos
607 4694 706 4752 per
734 4687 1008 4745 molestias
1030 4707 1133 4747 non
1158 4707 1390 4753 curaret.
1421 4699 1554 4757 Hinc
1582 4719 1812 4778 namque
1838 4712 1901 4767 ad
1920 4711 2083 4772 Joan-

498 4783 619 4827 nem
681 4771 941 4839 Dominus
988 4796 1083 4850 per
1131 4787 1379 4855 angelum
1434 4791 1564 4847 dicit
1610 4771 1770 4869 :qu
1801 4819 1927 4873 quos
1961 4824 2081 4865 amo

492 4875 661 4935 arguo
684 4874 735 4931 et
764 4870 960 4941 castigo
1020 4872 1204 4945 (Apoc.
1237 4893 1318 4945 ιιι,
1358 4879 1458 4949 19;
1487 4881 1649 4947 Prov.
1677 4903 1758 4960 ιη,
1787 4870 1898 4965 Π).
1940 4899 2076 4975 Hinc

560 5045 1457 5152 333393;.ﬁ‘.‘1‘§;.‘22¥£“f:’.._i999.“
1506 5065 1579 5121 ῖιθ
1609 5069 1721 5135 fere
1744 5077 2073 5152 ροειιιιαηιεν

498 5114 1535 5211 Ὗίῖίίθηθηῖζηδρξτί¹ηίίῐηυοῖτιητᾶὶῖίιιε;
1744 5114 2070 5211 avaras:

1764 322 2008 381 SANCTI
2045 314 2373 381 GREGORII
2412 327 2627 387 MAGNI

3762 359 3825 409 ὺδ

2166 440 2217 497 Α
2246 452 2456 495 rursum
2504 442 2758 513 scriptum
2782 450 2903 501 est:
2934 445 3046 503 Fili
3065 447 3158 517 mi,
3185 450 3294 506 noli
3316 453 3572 528 negligere
3600 458 3827 534 discipli-

2244 547 2364 585 nam
2387 532 2781 607 Domini,ueque
2803 538 3036 611 fatigeris
3064 558 3177 599 cum
3204 546 3268 600 ab
3293 563 3351 603 eo
3377 554 3631 621 argueris.
3668 555 3825 629 Quem

2244 626 2377 677 enim
2407 626 2579 698 diligit
2609 627 2862 699 Dominus
2891 635 3129 707 castigat,
3168 640 3403 711 ﬂagellat
3434 661 3603 702 autem
3632 628 3825 708 onmem

3382 737 3515 797 Hinc
3546 742 3822 805 Psalmista

2239 813 2311 867 ait
2343 830 2357 868 :
2388 813 2565 871 Multa:
2595 818 3245 907 tribulationesjustorum,
3283 838 3306 867 ο
3336 839 3383 884 et
3404 832 3467 887 de
3496 836 3727 893 omnibus
3750 840 3824 891 In's

2240 906 2469 973 liberavit
2520 926 2605 965 eos
2634 908 2889 985 Dominus
2931 908 3103 987 (Psal.
3134 906 3326 989 xxxitt,
3358 924 3472 998 20).
3526 927 3662 997 Hinc
3690 947 3821 1002 quo-

2236 1012 2341 1067 que
2368 1000 2553 1057 beatus
2582 1002 2685 1059 Job
2730 1005 2782 1061 in
2816 1007 3001 1077 doiore
3031 1012 3359 1082 exclamans,
3413 1018 3527 1075 ait:
3570 1020 3631 1089 Si
3654 1000 3822 1093 justus

2236 1091 2403 1173 fuero,
2438 1110 2540 1153 non
2563 1096 2735 1153 levabo
2760 1110 2934 1171 caput,
2964 1112 3219 1167 salutatus
3247 1108 3531 1183 afﬂictione
3550 1122 3596 1167 et
3619 1091 3822 1181 miseria

2235 1182 2376 1255 (Job.
2402 1201 2456 1251 x,
2490 1188 2602 1257 15).
2631 1190 2922 1259 Dicendum
2952 1204 3037 1251 est
3064 1200 3244 1267 aegris,
3264 1208 3319 1257 ut
3350 1203 3393 1258 si
3421 1204 3697 1275 cmlestem
3729 1224 3821 1280 pa-

2232 1276 2413 1344 triam,
2456 1294 2606 1336 suam
2631 1284 2879 1353 credunt,
2938 1293 3245 1347 necessario
3270 1294 3321 1348 in
3350 1296 3448 1353 hac
3497 1297 3707 1357 labores
3734 1317 3820 1359 ve-

2234 1367 2314 1423 lut
2345 1368 2399 1423 in
2432 1370 2603 1425 aliena
2634 1376 2921 1443 patiantur.
2956 1378 3095 1436 Hinc
3146 1391 3233 1441 est
3267 1387 3413 1443 enim
3440 1390 3581 1459 quod
3612 1391 3818 1463 lapides

2229 1469 2379 1513 extra
2410 1465 2547 1516 tunsi
2580 1474 2741 1533 sunt,
2771 1476 2829 1523 ut
2860 1471 2910 1524 in
2957 1476 3361 1535 constructione
3392 1483 3575 1547 templi
3607 1484 3817 1542 Domini

2228 1550 2429 1619 absque
2452 1555 2628 1611 mallei
2651 1560 2828 1615 sonitu
2853 1576 3220 1643 ponerentur;
3262 1572 3383 1647 quia
3406 1574 3655 1631 videlicet
3677 1594 3818 1645 nunc

2226 1644 2356 1699 loris
2409 1660 2504 1715 per
2549 1647 2757 1719 ﬂagella
2806 1656 3101 1727 tundimur,
3159 1668 3218 1715 ut
3240 1644 3516 1721 intusdiu
3564 1671 3816 1739 templum

2234 1738 2326 1792 Dei
2358 1743 2702 1807 postmodum
2753 1749 2871 1804 sine
2900 1750 3198 1825 disciplintc
3250 1762 3593 1831 percussione
3629 1764 3818 1837 dispo-

2230 1843 2439 1901 namur,
2474 1842 2736 1901 quatenus
2760 1840 3021 1913 quidquid
3064 1844 3119 1903 in
3161 1846 3315 1917 nobis
3340 1860 3423 1906 est
3464 1852 3816 1925 superﬂuum,

2229 1922 2387 1975 modo
2411 1927 2691 1997 percussio
2715 1940 2948 2001 resecet,
2995 1944 3052 1991 et
3082 1946 3208 1993 tunc
3238 1942 3351 1996 sola
3383 1958 3480 2000 nos
3510 1922 3564 1999 in
3588 1947 3817 2005 aedilicio

2227 2017 2511 2071 concordia
2542 2020 2823 2087 cliaritatis
2849 2026 2995 2097 liget.
3027 2031 3366 2095 Admoneudi
3396 2047 3524 2111 sunt
3553 2042 3709 2113 aegri,
3762 2052 3819 2100 ut

2225 2109 2571 2166 considerent
2596 2130 2694 2189 pro
2737 2121 3098 2201 percipiendis
3155 2129 3385 2207 terrenis
3409 2109 3816 2193 ltaéreditatibus

2224 2217 2384 2279 quam
2426 2208 2558 2261 dura
2615 2212 2857 2270 carnales
2908 2215 3046 2289 ﬁlios
3077 2218 3376 2291 disciplina:
3404 2224 3610 2297 ﬂagella
3647 2230 3815 2289 casti-

2220 2304 2371 2377 gent.
2406 2305 2430 2334 ο
2481 2299 2611 2367 Quae
2643 2316 2772 2373 ergo
2813 2305 2968 2375 nobis
3013 2307 3209 2368 divinae
3252 2318 3606 2387 correptionis
3653 2336 3816 2393 penna

2221 2372 2401 2458 gravis
2430 2402 2534 2461 est,
2569 2408 2663 2465 per
2682 2372 2918 2467 quamet
2947 2417 3220 2474 nunquam
3244 2410 3538 2479 amittenda
3581 2413 3815 2485 haeredi-

2222 2488 2303 2534 tas
2328 2484 2714 2553 percipitur,et
2743 2504 2957 2567 semper
2981 2509 3227 2553 mansura
3259 2502 3517 2573 supplicia
3547 2508 3814 2571 vitantur?

2221 2572 2355 2629 lliuc
2381 2576 2578 2631 etenim
2611 2580 2808 2639 Paulus
2837 2584 2911 2639 ait
2937 2603 2949 2639 :
2981 2585 3167 2653 Patres
3187 2572 3393 2665 quidem
3421 2600 3591 2653 carnis
3617 2612 3813 2660 nostra

2216 2665 2490 2724 habuimus
2520 2673 2824 2741 eruditores,
2849 2687 2894 2731 et
2920 2680 3267 2738 reverebantur
3295 2703 3379 2755 eos
3402 2703 3423 2753 ;
3454 2687 3476 2728 τ
3514 2708 3613 2746 non
3642 2696 3813 2752 multo

2218 2764 2380 2834 magis
2406 2762 2862 2838 obtemperabimus
2892 2775 3031 2842 potri
3088 2777 3395 2847 spirituum,
3446 2792 3495 2839 et
3544 2788 3813 2851 vivemus?

2215 2851 2282 2907 Et
2309 2853 2389 2913 illi
2411 2857 2619 2927 quidem
2647 2860 2698 2929 in
2726 2872 2950 2933 tempore
2984 2882 3267 2935 paucorum
3288 2873 3491 2931 dierum
3517 2884 3809 2947 secundum

2212 2944 2520 3001 voluntatem
2565 2966 2711 3017 suam
2767 2954 3067 3023 erudiebant
3123 2977 3247 3029 nos;
3297 2965 3381 3019 hic
3426 2981 3597 3031 autem
3634 2976 3709 3029 ad
3755 2976 3811 3029 id

2210 3038 2347 3107 quod
2370 3040 2493 3095 utile
2520 3045 2673 3113 estin
2700 3047 2996 3121 recipiendo
3017 3056 3472 3126 sancti/irationem
3484 3065 3595 3137 ejus
3611 3067 3630 3136 (
3642 3066 3807 3135 Hebr.

2158 3184 2177 3206 μ
2212 3145 2303 3197 xu,
2328 3132 2382 3197 9,
2417 3133 2528 3206 10).

2156 1805 2203 1865 Β

2986 3249 3045 3297 ut
3083 3244 3430 3309 considerent
3466 3261 3667 3321 quanta
3717 3270 3809 3317 sa-

2208 3314 2292 3371 lus
2321 3319 2498 3375 cordis
2529 3321 2868 3406 sit‘molestia
2917 3334 3212 3402 corporalis
3235 3378 3251 3405 ,
3286 3353 3405 3408 quae
3435 3314 3503 3397 ad
3530 3314 3808 3414 cognitio-

2215 3427 2339 3466 nem
2367 3413 2451 3469 sui
2480 3426 2713 3475 mentem
2744 3433 2981 3493 revocat,
3032 3435 3081 3483 et
3118 3443 3276 3499 quam
3305 3434 3618 3506 plerumque
3648 3442 3809 3499 salus

2210 3504 2411 3575 abjicit,
2448 3506 2775 3568 inﬁrmitatis
2809 3524 2833 3562 ες
2857 3519 3167 3583 memoriam
3196 3521 3472 3593 reformat,
3503 3538 3560 3584 ut
3583 3532 3810 3591 animus

2208 3596 2301 3667 qui
2330 3608 2481 3655 extra
2506 3615 2563 3658 se
2587 3602 2644 3661 in
2672 3605 2959 3667 elationem
2990 3611 3220 3682 ducitur,
3279 3618 3367 3673 cui
3410 3621 3481 3676 sit
3500 3622 3808 3688 conditioni

2201 3688 2468 3760 subditus,
2528 3710 2593 3765 ex
2625 3711 2881 3766 percussa
2907 3716 3069 3771 quam
3096 3708 3328 3765 susdnet
3376 3728 3541 3771 carne
3583 3731 3807 3775 memo-

2200 3791 2368 3853 retur.
2425 3786 2574 3856 Quod
2606 3799 2753 3846 recte
2783 3808 2880 3862 per
2906 3795 3127 3852 Balaam
3159 3802 3224 3871 (si
3269 3812 3448 3861 tamen
3482 3823 3667 3868 vocem
3703 3814 3805 3870 Dei

2198 3876 2453 3949 subsequi
2484 3880 2787 3949 obediendo
2813 3885 3165 3961 voluisset)in
3191 3892 3305 3964 ipsa
3332 3898 3448 3967 ejus
3471 3899 3683 3961 itineris
3706 3921 3801 3963 re-

2200 3970 2500 4028 tardatioue
2530 3974 2771 4042 signatur
2827 3980 3019 4052 (Num.
3066 4000 3199 4053 uti,
3233 3986 3325 4057 25,
3359 3992 3516 4063 seq.).
3576 3995 3802 4055 Balaam

2197 4079 2427 4134 namque
2482 4071 2761 4137 pervenire
2815 4075 2882 4131 ad
2929 4081 3260 4149 propositum
3304 4085 3495 4152 tendit,
3546 4089 3641 4144 sed
3670 4092 3802 4161 ejus

2196 4168 2378 4217 votum
2411 4163 2610 4219 animal
2642 4166 2727 4222 cui
2789 4170 3042 4236 praesidet
3094 4175 3373 4244 prtepedit.
3416 4176 3802 4241 Prohibitione

2192 4253 2392 4323 quippe
2414 4254 2704 4317 immorata
2724 4259 2877 4318 asina
2900 4264 3151 4335 angelum
3168 4268 3335 4334 videt,
3361 4286 3519 4341 quem
3551 4271 3801 4332 humana

2193 4361 2347 4407 mens
2374 4364 2482 4405 non
2505 4350 2685 4418 videt;
2718 4355 2840 4423 quia
2866 4356 3182 4429 plerumque
3223 4376 3353 4419 caro
3382 4380 3481 4433 per
3506 4367 3801 4427 molestias

2191 4440 2338 4493 tarda
2370 4440 2585 4512 ﬂagello
2629 4457 2729 4499 suo
2759 4448 2922 4502 menti
2952 4448 3119 4505 Deum
3168 4452 3390 4521 iudicat,
3438 4471 3597 4527 quem
3630 4474 3801 4520 mens

2187 4532 2302 4603 ipsa
2328 4536 2481 4595 carni
2513 4538 2806 4605 praesidens
2828 4557 2938 4611 non
2965 4544 3215 4613 videbat,
3268 4548 3337 4604 ita
3367 4559 3425 4606 ut
3452 4554 3797 4614 anxietatem

2192 4629 2410 4697 spiritus
2434 4632 2694 4700 proﬁcere
2723 4633 2774 4688 in
2799 4633 2901 4692 hoc
2929 4637 3129 4694 mundo
3163 4642 3448 4710 cupientis,
3509 4646 3656 4705 velut
3681 4648 3799 4706 iter

2193 4723 2462 4781 tendentis
2484 4725 2758 4797 impediat,
2792 4729 2962 4786 donec
2990 4730 3041 4787 ei
3082 4731 3405 4792 iuvisihilem
3431 4740 3521 4808 qui
3552 4740 3652 4797 sibi
3679 4743 3792 4799 ob-

2186 4816 2299 4873 viat
2321 4818 2640 4889 innotescat.
2676 4820 2829 4878 Unde
2858 4830 2911 4877 et
2955 4824 3059 4895 51
3093 4824 3231 4881 bene
3260 4841 3356 4896 per
3400 4828 3617 4887 Petrum
3646 4834 3793 4891 dici—

2185 4920 2271 4979 tur
2300 4930 2313 4967 :
2349 4914 2733 4981 Correptionem
2777 4913 2952 4973 habuit
2982 4931 3089 4971 sure
3128 4920 3345 4977 vesaniw
3365 4922 3637 4995 subiugale
3660 4942 3791 4982 mu-

2186 5093 2362 5159 'l‘rec.,
2396 5092 2819 5181 Gemeticcnses.
2848 5093 2971 5165 Val.
2998 5094 3107 5165 Cl.,
3143 5098 3375 5166 Theod,
3396 5103 3594 5177 aliique
3629 5112 3785 5181 plur.

2180 5167 2683 5274 etpraestantissimi
2713 5167 2842 5223 Mss.

2314 5236 2456 5274 [mni
2530 5237 2581 5274 in
2607 5241 2794 5274 fasrrnln

2312 5236 2504 5303 Laud.,
2530 5237 2581 5289 in
2605 5241 2815 5306 templo.

2254 5319 2277 5385 ς
2304 5306 2524 5385 parum.
2551 5311 2778 5378 primus,
2812 5312 2999 5385 Quaere
3021 5329 3141 5385 ergo
3171 5316 3342 5371 nobis.

2252 5377 2271 5417 ι
2303 5376 2359 5431 1η
2395 5378 2519 5445 Ed.,
2552 5376 2720 5435 nonne
2742 5376 2924 5457 multo.
2961 5376 3143 5451 Treé.,
3188 5388 3426 5457 Belvac.,
3459 5392 3681 5451 Carnot.
3720 5406 3784 5456 et

2172 5450 2748 5531 pl.,.eodem-sensu,
2804 5454 3001 5511 habent
3058 5450 3554 5531 simpliciterfnon
3607 5450 3782 5526 multo

2173 5537 2358 5575 maats.

2244 5542 2409 5650 29%
2433 5594 2614 5659 Trec.,
2644 5594 3020 5677 _Carnotenses
3064 5608 3118 5654 et
3149 5601 3224 5658 al.
3272 5602 3519 5681 Editores
3552 5626 3775 5681 omnes,

2171 5663 2410 5735 legentes
2442 5668 2710 5755 .meutoria,
2769 5683 2983 5751 sensum
3015 5685 3391 5743 corruperunt.
3454 5663 3783 5755 lilic'signiti1

2170 5748 2324 5791 catur
2347 5738 2660 5812 molestiam
2684 5741 2926 5808 corporis
2959 5738 3215 5802 revocare
3261 5738 3587 5809 menmriam
3608 5738 3780 5812 inti;-

2169 5809 2393 5877 mitatis,
2425 5804 2583 5880 quam
2614 5804 2931 5883 pler-umque
2959 5813 3124 5887 abigit
3152 5818 3353 5889 optima
3376 5804 3650 5885 valeludo:

485 5186 619 5294 ﬁt“
928 5193 1197 5294 fiat-refusa.
1242 5186 2072 5294 ιιρειὲείὲ,’έοηξἸξζθὲλζῖξιυιᾶῗξ

484 5255 658 5366 ea;
705 5255 1473 5366 ετειειιηεέετηεεςς-.ιεέάβᾷ
1507 5255 1820 5366 "niuatis"
1833 5255 2066 5366 ςῖιῑιῑεῖῑῑ

483 5332 2068 5431 Statil;riterite-ﬂeignarum‘sriii'ﬁliin'ioiiéia‘ﬁi

480 5401 737 5468 appellat,
773 5401 907 5474 quas
938 5409 1010 5462 illi
1030 5401 1324 5483 suggerunt
1353 5427 1408 5473 et
1436 5401 2064 5543 o‘iiii‘riiriiﬁ"'ii;;.i;

480 5466 678 5543 [labem
728 5475 886 5530 etiam
940 5479 1134 5543 Lalldu
1184 5485 1373 5543 Corb..
1437 5490 1508 5543 Be
1533 5509 1647 5543 vae.
1701 5502 1754 5543 et
1794 5509 2061 5543 comunt...

479 5466 678 5565 [habent
724 5466 886 5565 etiam
913 5466 1407 5565 .LaudirCorb:
1437 5466 2064 5565 igéii?§éf"ei§§éﬁiihuii§

475 5538 717 5634 Parnm"
752 5548 821 5634 ad
844 5538 1185 5634 voluptatem;
1238 5538 1393 5614 secus
1437 5538 2061 5634 Ti'ec.vet‘al.°lb3e:":;:

475 5606 1422 5717 gagatemintelligiquoquepetest
1449 5606 2051 5717 Béiié'pia'qii'iui.cbu'ciii

472 5679 629 5758 idem
644 5701 766 5743 esse
787 5679 997 5748 videtur
1022 5679 1154 5749 ὀυιύ
1178 5679 1470 5758 voluntate.
1488 5679 1514 5689 ν
1557 5679 1622 5707 Ὗ
1647 5679 1707 5715 Ὗ

544 5751 573 5793 δ
606 5755 881 5834 S_ecundus
905 5764 1152 5832 Carnot.,
1186 5751 1496 5834 esten—ditur.

550 5836 572 5865 ε
623 5827 936 5890 Extremam
995 5827 1154 5908 huius
1194 5855 1381 5901 versus
1421 5827 1635 5917 partem
1691 5873 1798 5914 non
1858 5862 2056 5921 habent
