4036 6346
194 418 252 481 69
991 398 1299 459 HEGULJ
1337 396 1602 455 PASTOR
1612 390 1759 463 Αιιε

1864 391 2027 463 BER.
2066 421 2136 436 --
2174 388 2352 451 rans
2395 392 2664 450 TERTIA.

196 546 302 598 tum,
321 526 452 600 quod
472 526 524 581 in
555 523 772 585 hominis
804 537 924 583 voce
953 523 1163 591 loquens
1194 520 1452 589 prohibuit
1484 516 1746 586 prapltetaz
1772 512 1827 585 Α

194 622 507 694 insipientiam
533 616 623 689 (ΙΙ
658 617 797 673 Petr.
832 632 891 682 ιι,
916 614 1030 675 15).
1063 614 1282 670 Insanus
1309 614 1506 683 quippe
1536 612 1744 669 homoa

194 714 427 784 Slllljugali
448 721 597 769 muto
635 710 941 780 corripitur,
992 708 1203 778 quando
1225 708 1365 763 elata
1390 721 1543 762 mens
1576 703 1749 759 humi-

156 860 159 871 ,
194 809 333 871 litatis
360 809 560 865 bonum
585 805 725 874 quod
777 812 964 858 tenere
1009 802 1203 856 debeat
1242 799 1308 853 ab
1356 798 1554 853 afﬂicta
1587 810 1750 855 carne

194 909 523 969 memoratur.
572 896 683 954 Sed
723 894 882 965 hujus
911 893 1264 963 correptionis
1308 891 1507 949 donum
1548 887 1748 942 idcirco

198 995 391 1055 Balaam
418 1006 524 1047 non
557 989 809 1052 obtinuit,
854 989 979 1058 quia
1032 986 1099 1040 ad
1146 983 1570 1043 maledicendum
1625 995 1748 1049 pere

188 1101 323 1157 gens,
350 1098 557 1150 vocem,
586 1097 692 1136 non
716 1090 951 1136 mentem
980 1078 1225 1135 mutavit.
1266 1073 1605 1132 Admonendi
1625 1082 1749 1130 sunt

188 1179 301 1250 aegri
326 1187 381 1233 ut
421 1172 969 1244 considerentquanti
993 1172 1062 1227 sit
1088 1170 1325 1226 muneris
1356 1166 1597 1224 molestia
1629 1181 1748 1223 cor-

196 1269 396 1340 poralis,
435 1282 555 1336 qua:
576 1275 629 1319 ct
657 1265 888 1319 admissa
915 1270 1130 1332 peccata
1154 1261 1329 1327 diluit,
1362 1269 1491 1315 etea
1516 1273 1633 1329 quae
1656 1258 1749 1314 ad-

191 1360 305 1427 mitti
346 1368 583 1429 poterant
618 1356 941 1425 compescit;
976 1370 1094 1425 quce
1126 1363 1334 1421 sumpta
1364 1352 1431 1409 ab
1460 1350 1745 1411 exteriori-

191 1451 275 1505 lius
300 1451 484 1519 plagis,
511 1462 789 1503 concussae
820 1449 983 1504 menti
1010 1447 1339 1516 paenitentiae
1362 1446 1577 1501 vulnera
1608 1446 1748 1500 inﬂi-

190 1543 276 1613 git.
298 1541 444 1597 Unde
459 1542 712 1610 scriptum
740 1550 820 1595 est
841 1559 853 1593 :
872 1540 1025 1595 Livor
1048 1540 1270 1594 vulneris
1292 1539 1534 1610 abstergit
1550 1540 1704 1607 mala,
1723 1547 1750 1578 ⁸

189 1644 229 1688 et
256 1635 420 1706 plagae
437 1635 487 1688 in
512 1633 868 1689 secretioribus
897 1635 1082 1688 ventris
1111 1630 1296 1703 (Prov.
1331 1648 1423 1698 xx,
1455 1632 1569 1695 50).
1615 1631 1751 1689 Mala

191 1728 316 1781 enim
346 1727 477 1782 livor
506 1726 741 1782 vulneris
764 1726 1039 1797 ahstergit,
1091 1726 1211 1796 quia
1240 1724 1571 1796 ﬂagellorum
1598 1723 1751 1779 dolor

192 1821 263 1875 vel
290 1821 566 1891 cogitatas,
603 1819 684 1877 vel
714 1828 1048 1889 perpetratas
1076 1820 1339 1888 nequitias
1375 1818 1552 1873 diluit.
1604 1817 1752 1891 Solet

3354 396 3425 451 70

2230 510 2454 571 CAPUT
2483 510 2597 567 xm
2643 508 2752 591 [Αι.
2781 506 3069 581 xxxvuj,

1923 626 2188 691 Quomodo
2209 627 2521 686 admonendi
2678 624 2888 747 ﬂag‘dla
2916 630 3164 689 metuunt,
3191 628 3241 691 ¢
3267 623 3356 692 qui

2465 714 2556 752 con
2584 714 2767 752 εηιιιιιιι
2799 736 2811 750 .

2465 714 2811 765 contemnunt.

1924 797 2238 869 (Admpnitio
2262 796 2376 868 14.)
2402 797 2568 855 Aliter
2606 796 2927 861 admonendi
2958 796 3189 869 suntqui
3217 793 3427 871 ﬂagella

1848 899 2114 957 metuunt,
2148 891 2256 962 52
2287 897 2339 945 et
2364 899 2639 960 propterea
2667 890 2980 955 innocenter
3008 889 3187 953 vivunt
3214 904 3228 959 ;
3270 896 3429 961 atque

1849 982 2003 1039 aliter
2030 981 2353 1049 admonendi
2386 992 2528 1046 sunt,
2576 982 2664 1052 qui
2696 983 2773 1039 sic
2822 985 2872 1053 in
2927 983 3207 1052 iniquitate
3231 981 3432 1043 durue-

1848 1088 1997 1145 runt,
2055 1087 2115 1148 ut
2163 1095 2337 1149 neque
2370 1092 2465 1149 per
2494 1080 2701 1149 ﬂagella
2730 1081 3088 1152 corrigantur.
3142 1079 3433 1147 Dicendum

1850 1185 2086 1240 namque
2113 1179 2194 1235 est
2222 1170 2431 1241 mitella
2465 1172 2797 1239 timentibus,
2827 1181 2882 1235 ιιι
2920 1182 2973 1227 et
3002 1172 3139 1239 bona
3168 1180 3434 1243 teuth-

1850 1262 1918 1319 lia
1952 1280 2292 1335 nequaquam
2325 1281 2419 1335 pro
2468 1280 2664 1337 magno
2693 1266 3025 1332 desiderent,
3077 1282 3195 1336 quas
3248 1266 3436 1331 adesse

1850 1356 2013 1417 etiam
2043 1359 2222 1426 pravis
2252 1359 2467 1425 vident;
2524 1368 2577 1413 et
2615 1358 2752 1425 mala
2784 1358 3065 1425 prmsettlia
3096 1372 3435 1429 nequaquam

1851 1448 1996 1507 velut
2029 1447 2385 1517 intolerabilia
2440 1448 2659 1518 fugiant,
2718 1449 2910 1518 quibus
2970 1449 3056 1511 hic
3117 1449 3428 1523 plerumque

1853 1538 2011 1594 etiam
2042 1539 2217 1596 bonos
2238 1538 2378 1597 allici
2400 1556 2504 1601 non
2549 1543 2817 1610 ignorant.
2869 1539 3205 1601 Admonendi
3232 1546 3437 1603 sumat

1852 1631 1897 1685 si
1932 1631 2084 1687 malis
2110 1632 2375 1692 veraciter
2400 1647 2589 1689 carere
2636 1633 2967 1700 desiderant,
3001 1641 3200 1695 a-terna
3228 1631 3437 1701 suppli-

1852 1718 1933 1779 cia
1966 1720 2398 1789 perhorrescant,
2430 1739 2601 1793 neque
2626 1724 2677 1783 in
2708 1724 2809 1785 hoc
2827 1724 3210 1792 suppliciorum
3243 1724 3438 1783 timore

1859 1825 2190 1881 remaneant,
2246 1816 2341 1871 sed
2371 1817 2436 1870 ad
2468 1818 2668 1875 amoris
2701 1818 2922 1886 gratiam
2961 1817 3284 1873 nutrimento
3311 1817 3437 1871 cha-

192 1929 299 1967 vero
354 1889 555 1969 ventris
611 1913 965 1983 appellatione
996 1928 1147 1968 mens
1202 1910 1399 1980 accipi;
1452 1914 1573 1982 quia
1616 1889 2031 1974 εἰοῖιιβῐίιτιιὶε
2087 1919 2419 1965 excrescaut.
2476 1909 2744 1978 Scriptum
2782 1912 2977 1978 quippe
3022 1920 3146 1971 est:
3202 1909 3437 1980 Perfecta

193 2016 358 2061 venter
383 2006 654 2059 consumit
682 2019 863 2069 escas,
896 2003 968 2058 ita
1000 2020 1149 2058 mens
1190 2003 1565 2073 pertractanda
1592 2017 1749 2057 exco-

193 2094 287 2164 quit
305 2107 480 2147 curas.
515 2091 647 2158 Quia
697 2093 840 2146 enim
870 2100 1059 2145 venter
1096 2106 1247 2144 tuens
1279 2090 1493 2156 dicitur,
1539 2104 1600 2145 ea
1634 2104 1748 2143 seno

194 2185 333 2238 tentia
356 2184 584 2238 docetur
632 2198 736 2261 qua
783 2183 1039 2252 scriptum
1097 2190 1221 2236 est:
1280 2181 1514 2236 Lucerna
1548 2181 1752 2237 Domini

193 2277 484 2346 spiraculum
536 2276 794 2345 hominis,
853 2292 967 2346 qua:
1020 2275 1288 2346 investigat
1342 2276 1514 2329 omnia
1558 2284 1752 2329 secreta

193 2371 353 2424 ventris
380 2366 597 2438 (Ibid.).
646 2371 721 2425 Ac
748 2369 793 2421 si
825 2367 1029 2423 diceret
1058 2382 1074 2422 :
1107 2367 1280 2422 Divini
1306 2364 1516 2439 afﬂatus
1554 2366 1754 2421 illumi-

197 2464 343 2529 natio,
364 2478 491 2517 cum
518 2462 569 2514 in
595 2469 825 2516 mentem
853 2460 1082 2515 hominis
1110 2460 1335 2523 venerit,
1364 2474 1482 2525 eam
1509 2459 1753 2517 sibimet-

195 2555 281 2625 ipsi
329 2555 633 2609 illuminans
677 2552 933 2615 ostendit,
988 2567 1106 2621 quin
1150 2564 1273 2607 ante
1319 2553 1547 2623 Spiritus
1579 2552 1750 2608 sancti

193 2645 459 2703 adventum
491 2646 843 2716 cogitationes
876 2660 1072 2714 pravas
1101 2655 1153 2699 et
1187 2654 1399 2714 portare
1430 2653 1656 2716 poterat,
1702 2654 1755 2699 et

192 2750 403 2805 pensare
456 2734 748 2792 nesciebat.
826 2736 984 2791 Livor
1030 2751 1157 2808 ergo
1210 2737 1445 2793 vulneris
1500 2737 1756 2807 abstergit

192 2828 334 2893 mala,
365 2836 421 2883 et
444 2828 611 2899 plagae
660 2829 713 2883 in
764 2830 1145 2891 secretioribus
1175 2829 1409 2896 ventris;
1462 2831 1585 2899 quia
1632 2846 1754 2893 cuiu

190 2922 409 2987 exterius
479 2921 805 2991 percutimur
835 2962 850 2987 ,
924 2921 990 2975 ad
1042 2932 1380 2992 peccatorum
1450 2931 1753 2987 nostrorum

192 3014 492 3068 memoriam
527 3012 671 3068 taciti
709 3014 997 3082 al'ﬂictique
1053 3029 1399 3083 revocantur,
1445 3025 1604 3085 atque
1634 3024 1758 3079 ante

192 3104 356 3159 oculos
380 3114 597 3160 nostros
643 3118 835 3162 cuncta
866 3122 984 3176 quae
1017 3123 1046 3161 a
1096 3108 1250 3163 nobis
1279 3119 1403 3163 sunt
1431 3109 1569 3173 male
1610 3117 1756 3177 gesta

192 3198 503 3277 reducimus,
553 3209 604 3259 et
656 3214 749 3268 per
796 3202 898 3255 hoc
929 3201 1068 3273 quod
1102 3201 1233 3255 foris
1264 3200 1527 3271 patimur,
1588 3203 1756 3273 magis

1850 2001 2075 2061 ettaritas
2101 2006 2240 2069 foras
2266 2003 2417 2059 mittit
2450 2003 2678 2059 timorem
2713 2000 2766 2071 (Ι
2793 2000 3041 2067 Joan.rv,
3076 2001 3190 2071 l8).
3236 2004 3295 2056 Et
3318 2018 3435 2056 rur~

1852 2109 1972 2147 sum
1996 2093 2253 2163 scriptum
2285 2103 2366 2149 est
2397 2113 2408 2147 :
2472 2095 2592 2149 Non
2621 2096 2884 2163 accepistis
2923 2095 3160 2165 spiritum
3187 2095 3442 2152 servitutis

1852 2183 2034 2239 iterum
2064 2185 2116 2238 in
2153 2186 2355 2250 timore,
2387 2185 2476 2239 srd
2504 2187 2742 2255 spiritum
2772 2186 3062 2253 adoptionis
3093 2187 3339 2255 ﬁliorum,
3383 2186 3437 2239 in

1852 2289 1951 2343 quo
2007 2273 2287 2328 clamamus
2320 2291 2338 2330 :
2368 2274 2507 2327 Abba
2559 2286 2705 2345 pater
2762 2275 2935 2345 (liam.
2972 2292 3087 2339 vlli,
3120 2277 3229 2347 i5).
3287 2276 3437 2333 Unde

1854 2368 1994 2423 idem
2022 2367 2209 2422 doctor
2236 2367 2424 2427 iterum
2453 2367 2582 2422 dicit
2616 2386 2628 2421 :
2690 2367 2787 2423 Ubi
2840 2370 3052 2438 spiritus
3100 2368 3330 2438 Domini,
3366 2373 3437 2427 ibi

1853 2462 2057 2519 libertas
2113 2459 2197 2532 (11
2230 2460 2346 2516 Cor.
2382 2477 2461 2529 ιιι,
2512 2463 2625 2532 17).
2681 2462 2737 2518 Si
2786 2478 2913 2533 ergo
2969 2465 3144 2521 adhuc
3199 2481 3226 2519 a
3274 2480 3434 2534 prava

1852 2556 2067 2611 actione
2097 2554 2375 2613 formidata
2408 2569 2561 2622 poena
2587 2554 2853 2622 prohibet,
2887 2556 3130 2624 profecto
3152 2554 3438 2612 formidan-

1858 2646 1927 2707 tis
1958 2646 2192 2707 animum
2216 2648 2358 2705 nulla
2390 2649 2608 2717 spiritus
2640 2648 2859 2703 libertas
2893 2657 3054 2705 tenet.
3100 2650 3228 2703 Nam
3252 2650 3296 2705 si
3325 2665 3437 2718 pm-

1863 2754 1987 2795 nam
2012 2756 2117 2796 non
2149 2750 2429 2805 metueret,
2462 2742 2669 2811 culpant
2704 2742 3054 2811 proculdubio
3080 2752 3433 2813 perpetraret.

1860 2832 2073 2902 Ignorat
2116 2834 2293 2903 itaque
2340 2848 2494 2890 mens
2538 2835 2764 2903 gratiam
2792 2835 3075 2900 libertatis,
3120 2850 3275 2904 quam
3310 2834 3435 2904 ligat

1854 2924 2090 2983 servitus
2122 2926 2349 2985 timoris.
2397 2926 2538 2980 Bona
2562 2927 2703 2981 enim
2735 2941 2831 2996 pro
2881 2928 3182 2995 semetipsis
3211 2927 3436 2982 amanda

1856 3026 2004 3082 sunt,
2032 3026 2087 3074 et
2108 3033 2213 3074 non
2246 3019 2416 3089 poenis
2445 3020 2889 3090 compellentibus
2916 3021 3275 3090 exsequenda.
3303 3021 3435 3076 Nam

1856 3110 1949 3179 qui
1976 3120 2251 3179 propterea
2303 3114 2442 3167 bona
2484 3112 2630 3176 facit,
2677 3112 2800 3181 quia
2841 3120 3228 3167 tormentorum
3282 3112 3421 3169 mala

1860 3204 2073 3269 metuit,
2104 3205 2214 3259 vult
2243 3220 2347 3267 non
2381 3218 2499 3261 esse
2524 3206 2663 3274 quod
2704 3212 2922 3270 metuat,
2961 3213 3018 3259 ut
3042 3204 3298 3258 audenter
3329 3204 3439 3259 illi-

194 3285 317 3359 intus
348 3270 493 3360 quod
526 3291 739 3347 fecimus
761 3270 1027 3352 dolemus.
1071 3294 1225 3351 Unde
1248 3270 1307 3351 lit
1328 3306 1381 3351 ut
1406 3296 1549 3352 inter
1572 3270 1757 3365 aperta
1860 3294 1967 3349 cita
1990 3296 2307 3353 committat.
2360 3296 2510 3352 Unde
2540 3270 2678 3351 vluce
2707 3296 2901 3352 clarius
2940 3304 3149 3350 constat
3177 3295 3317 3363 quod
3347 3310 3439 3349 co-

197 3386 403 3441 vulnera
438 3389 677 3461 corporis
726 3389 955 3460 amplius
996 3403 1094 3445 nos
1142 3390 1321 3447 abluat
1346 3391 1502 3460 plaga
1552 3398 1759 3446 secreta

199 3483 403 3547 ventris,
448 3485 573 3554 quia
618 3493 777 3540 sanat
811 3484 1074 3556 nequitias
1104 3484 1253 3556 pravi
1284 3485 1462 3554 operis
1488 3484 1759 3541 occultum

201 3575 372 3633 vulnus
395 3576 622 3639 doloris.

262 3667 598 3723 Admonendi
622 3675 746 3722 sunt
773 3669 895 3734 aegri
926 3678 1185 3739 quatenus
1214 3669 1482 3740 patientiae
1509 3668 1758 3722 virtutem

202 3773 417 3833 servent,
446 3773 502 3819 ut
529 3764 858 3820 incessanter
878 3774 1072 3835 quanta
1104 3766 1433 3835 Redemptor
1484 3773 1669 3820 noster
1693 3764 1760 3820 al)

203 3855 274 3909 his
296 3873 430 3927 quos
461 3868 758 3924 creaverat,
782 3858 999 3928 pertulit
1029 3859 1188 3927 mala,
1213 3859 1585 3923 considerent;
1621 3858 1760 3927 quod

200 3954 269 4000 tot
297 3949 504 4018 abjecta
548 3950 906 4013 conviciorum
955 3952 1147 4021 probra
1187 3952 1470 4018 sustinuit;
1518 3951 1658 4019 quod
1694 3950 1761 4006 de

207 4055 363 4094 manu
397 4044 591 4109 antiqui
620 4045 787 4099 hostis
815 4045 1146 4112 captivorum
1176 4046 1380 4101 animas
1410 4046 1645 4116 quotidie
1672 4058 1761 4098 ra-

199 4132 364 4200 piens,
388 4134 749 4199 insultantium
774 4137 956 4206 alapas
979 4138 1213 4208 accepit;
1243 4139 1385 4209 quod
1416 4155 1549 4209 aqua
1581 4140 1765 4196 salutis

204 4240 294 4281 nos
323 4227 551 4296 diluens,
580 4245 609 4284 a
637 4229 961 4298 perﬁdorum
988 4233 1159 4300 epulis
1190 4231 1382 4288 faciem
1405 4249 1509 4288 non
1540 4234 1767 4288 abscon-

201 4316 306 4382 dit;
346 4317 374 4356 ι)
407 4321 545 4388 quod
600 4322 950 4379 advocatit-ne
977 4339 1069 4380 sua
1102 4340 1201 4381 nos
1231 4326 1300 4381 ab
1326 4328 1538 4382 aeternis
1566 4327 1769 4396 suppli-

204 4412 294 4469 ciis
319 4414 587 4481 liberans,
641 4418 828 4473 tacitus
876 4420 1081 4489 ﬂagella
1122 4421 1401 4487 toleravit;
1455 4422 1593 4492 quod
1624 4422 1767 4477 inter

206 4508 505 4577 angelorum
538 4510 735 4569 choros
764 4527 1027 4582 perennes
1062 4515 1219 4569 nobis
1248 4515 1483 4571 honores
1508 4516 1766 4582 tribuens,

204 4599 451 4670 colaphos
484 4604 733 4670 pertulit;
777 4606 915 4675 quod
946 4621 975 4659 a
1028 4616 1364 4676 peccatorum
1396 4622 1492 4661 nos
1522 4607 1767 4676 punctio-

204 4691 349 4745 uihus
362 4694 596 4759 salvans,
626 4696 795 4764 spinis
821 4707 980 4766 caput
1001 4714 1302 4768 supponere
1330 4714 1434 4753 non
1458 4702 1765 4767 recusavit;

205 4782 336 4847 quod
364 4791 562 4840 aeterna
592 4801 689 4841 nos
713 4787 991 4844 dulcedine
1020 4790 1292 4845 inebrians
1321 4791 1374 4843 in
1396 4790 1482 4843 siti
1513 4804 1605 4843 sua
1632 4790 1767 4846 fellis

205 4873 605 4933 amaritudinem
628 4880 869 4949 accepit;
898 4883 1039 4952 quod
1084 4883 1174 4952 qui
1208 4897 1305 4951 pro
1354 4883 1506 4939 nobis
1534 4883 1767 4953 Patrem,

205 4968 441 5033 quamvis
464 4967 748 5029 divinitate
774 4981 916 5027 esset
932 4974 1155 5044 aequalis
1174 5016 1189 5042 ,
1225 4974 1489 5042 adoravit,
1522 4975 1621 5029 sub
1652 4974 1772 5030 irri-

206 5058 346 5114 sione
365 5060 618 5117 adoratus
643 5066 839 5127 tacuit;
869 5067 1007 5135 quod
1021 5068 1181 5123 vitam
1198 5069 1418 5122 mortuis
1443 5082 1768 5137 praeparans,

214 5162 377 5219 usque
426 5153 493 5207 ad
541 5164 771 5211 mortem
815 5157 928 5226 ipse
976 5159 1082 5213 vita
1122 5160 1382 5229 pervenit.
1432 5160 1538 5215 Cur
1593 5161 1771 5228 itaque

206 5253 453 5309 asperum
483 5242 738 5312 creditur,
769 5257 827 5302 ut
846 5248 1002 5305 aDeo
1036 5249 1196 5305 homo
1222 5252 1410 5306 toleret
1438 5252 1644 5322 ﬂagella
1672 5265 1770 5321 pro

207 5330 384 5394 malis,
415 5334 457 5386 si
481 5344 623 5388 tanta
659 5337 796 5392 Deus
838 5340 903 5393 ab
937 5339 1241 5395 hominibus
1267 5342 1484 5410 pertulit
1513 5342 1650 5403 mala
1675 5354 1774 5417 pro

209 5420 412 5474 bonis?
462 5428 568 5482 Aut
622 5430 743 5497 quis
783 5444 912 5487 sana
959 5431 1304 5503 intelligentia
1335 5434 1402 5489 de
1433 5436 1774 5502 percussione

208 5526 299 5565 sua
356 5514 585 5589 ingratus
613 5521 835 5589 existat,
883 5538 943 5579 se
971 5525 1087 5595 ipse
1118 5526 1253 5583 hinc
1290 5527 1408 5582 sine
1433 5526 1644 5597 ﬂagello
1668 5545 1774 5584 non

208 5603 361 5671 exiit,
393 5609 479 5676 qui
512 5611 596 5665 hic
622 5613 739 5667 sine
766 5624 984 5683 peccato
1012 5617 1180 5672 vixit?

278 5841 301 5907 ξ
330 5830 749 5907 Qe‘nteticenses,
782 5845 829 5889 et
848 5836 1027 5907 plaga.

276 5899 304 5941 ιι
342 5902 480 5957 Editi
532 5920 717 5959 omnes
808 5899 987 5963 invitis
1042 5910 1169 5966 Mss.
1224 5910 1429 5980 Anglic.
1482 5920 1533 5965 et
1579 5910 1797 5979 nostris,

1860 3406 1974 3446 ram
2009 3390 2118 3445 Deo
2147 3388 2451 3447 innocentia
2484 3388 2767 3453 amittitur,
2798 3394 2922 3442 ante
2950 3386 3101 3456 cujus
3128 3386 3313 3443 oculos
3340 3386 3436 3443 de-

1860 3483 2063 3541 siderio
2093 3489 2363 3550 peccatur.

1938 3586 2211 3641 Ateontra
2246 3584 2321 3651 hi,
2369 3597 2505 3654 quos
2553 3598 2622 3639 an
2671 3582 3035 3654 iniquitatibus
3082 3599 3182 3640 nec
3231 3583 3441 3656 ﬂagella

1861 3684 2227 3744 compescunt,
2271 3685 2416 3731 tanto
2468 3673 2661 3730 acriori
2702 3676 3002 3731 invectione
3032 3676 3261 3733 feriendi
3287 3687 3437 3745 sunt,

1862 3780 2062 3839 quanto
2092 3771 2279 3841 majori
2313 3770 2725 3825 insensibilitate
2768 3771 3084 3826 duruerunt.
3121 3771 3440 3841 Plerumque

1866 3865 2012 3920 enim
2042 3864 2160 3919 sine
2186 3862 2563 3932 dedignatione
2593 3862 2912 3932 dedignandi
2938 3870 3082 3932 sunt,
3108 3862 3224 3917 sine
3251 3863 3444 3932 despe-

1867 3960 2076 4014 ratione
2126 3956 2473 4026 desperandi;
2510 3957 2581 4011 ita
2604 3959 2883 4022 duntaxat,
2914 3966 3044 4011 utet
3084 3964 3296 4011 ostensa
3352 3955 3446 4011 de-

1867 4051 2100 4120 speratio
2128 4050 2464 4105 formidinem
2491 4049 2731 4113 incutiat,
2756 4055 2811 4101 et
2838 4047 3119 4117 subjuncta
3149 4045 3446 4101 admonitio

1868 4146 1934 4200 ad
1957 4160 2105 4214 spem
2130 4145 2371 4201 reducat.
2406 4144 2656 4198 Districte
2684 4143 2859 4211 itaque
2888 4150 3075 4197 contra
3095 4142 3215 4197 illos
3252 4142 3447 4197 divinae

1869 4238 2153 4294 sententia:
2186 4235 2516 4306 proferenda:
2547 4244 2692 4300 sunt,
2741 4243 2799 4287 ut
2846 4234 2911 4288 ad
2957 4235 3315 4304 cognitionem
3364 4236 3449 4291 sui

1873 4332 2210 4388 considerata
2248 4339 2449 4384 aeterna
2481 4327 2948 4383 animadversione
2976 4337 3315 4383 revocentur.
3346 4329 3449 4382 Au.

1873 4424 2020 4479 diaut
2052 4421 2192 4478 enim
2226 4424 2276 4476 in
2313 4422 2669 4490 seimpletum
2697 4435 2817 4475 esse
2855 4420 2993 4490 quod
3024 4421 3279 4489 scriptum
3329 4429 3448 4475 est:

1875 4517 1936 4573 Si
1966 4515 2261 4571 contuderit;
2288 4516 2501 4569 stultum
2548 4515 2601 4566 in
2629 4515 2758 4583 pila,
2809 4512 2956 4581 quasi
2996 4514 3223 4582 ptisanas
3256 4511 3451 4583 ferienti

1875 4610 2088 4680 desuper
2104 4609 2225 4679 pilo,
2248 4624 2351 4661 non
2382 4611 2644 4676 auferetur
2673 4606 2736 4659 ab
2770 4622 2827 4659 eo
2855 4605 3074 4660 stultitia
3102 4608 3209 4672 ejus
3266 4602 3452 4675 (Prov.

1879 4716 2044 4764 xxvii,
2074 4699 2188 4767 εἰ).
2229 4699 2426 4753 Contra
2454 4699 2552 4752 hos
2600 4699 2858 4767 propheta
2913 4698 3137 4751 Domino
3170 4698 3453 4765 conqueri-

1880 4803 1982 4857 tur,
2007 4792 2187 4846 dicens
2214 4808 2230 4846 :
2264 4767 2511 4844 Attrivisti
2543 4806 2645 4855 eos,
2674 4798 2719 4844 et
2749 4797 3018 4842 renuerunt
3043 4788 3272 4857 accipere
3296 4787 3455 4842 disci-

1878 4884 2072 4953 plinam
2117 4881 2253 4951 (Jer.
2283 4898 2336 4947 v,
2386 4883 2464 4949 3).
2519 4880 2650 4935 llinc
2694 4887 2776 4935 est
2810 4877 2949 4948 quod
2982 4876 3243 4934 Dominus
3275 4878 3407 4934 dicit
3440 4895 3455 4933 :

1879 4974 2124 5045 Interfeci
2146 4987 2191 5027 et
2210 4974 2410 5045 perdidi
2433 4974 2677 5042 populum
2704 4972 2878 5036 istum,
2910 4978 2957 5022 et
2989 4980 3155 5024 tamen
3182 4988 3214 5025 a
3238 4972 3329 5025 viis
3354 4973 3457 5025 suis

1880 5085 1980 5123 non
2008 5076 2125 5122 sunt
2154 5068 2338 5122 reversi
2363 5064 2513 5137 (lsai.
2546 5082 2621 5131 ιι,
2655 5064 2764 5134 ib).
2801 5063 2936 5119 Hinc
2955 5080 3167 5120 rursum
3190 5067 3267 5121 ait
3297 5083 3311 5119 :
3348 5065 3455 5119 Po-

1879 5163 2031 5233 pulus
2058 5177 2158 5215 non
2185 5169 2256 5214 est
2286 5174 2515 5212 reversus
2536 5157 2603 5210 ad
2627 5156 2983 5227 percutientem
3010 5174 3063 5211 se
3104 5156 3235 5227 (Jer.
3266 5174 3353 5225 xv,
3381 5156 3458 5229 6).

1884 5254 2015 5311 Hinc
2046 5269 2175 5313 voce
2231 5251 2611 5322 ﬂagellantium
2664 5251 2921 5321 propheta
2980 5254 3343 5322 conqueritur,
3380 5254 3459 5308 di-

1881 5363 2010 5411 cens
2044 5365 2058 5401 :
2088 5346 2394 5421 ﬁuravimus
2420 5341 2735 5413 Babylonem
2772 5354 2818 5400 et
2863 5361 2966 5401 non
2990 5355 3061 5402 est
3089 5355 3270 5402 sanata
3322 5342 3459 5416 (lor.

1884 5456 1954 5505 LI,
1987 5440 2063 5509 9).
2112 5437 2346 5507 Babylon
2376 5436 2574 5506 quippe
2596 5446 2835 5503 curatur,
2886 5452 2983 5492 nec
3022 5445 3199 5491 tamen
3230 5436 3295 5492 ad
3321 5435 3459 5511 sani-

1886 5540 2048 5586 tatem
2082 5529 2376 5593 reducitur,
2404 5529 2615 5599 quando
2645 5546 2797 5584 mens
2826 5529 2877 5584 in
2908 5545 3071 5600 prava
3102 5530 3312 5585 actione
3334 5543 3459 5589 con-

1888 5628 2025 5690 i'usa,
2050 5624 2214 5680 verba
2239 5624 2615 5694 'eorreptiouis
2642 5622 2809 5687 audit,
2851 5622 3063 5692 ﬂagella
3110 5606 3459 5689 correptionis

1896 5717 2141 5790 percipit,
2166 5725 2221 5773 et
2242 5725 2418 5773 tamen
2443 5717 2515 5772 ad
2532 5725 2676 5773 recta
2698 5716 2883 5771 salutis
2914 5715 3102 5769 itinera
3130 5706 3306 5771 redire
3333 5728 3456 5770 con-

1896 5837 2029 5908 quod
2049 5837 2311 5908 vocatione
2336 5850 2450 5893 sua.
2509 5833 2847 5908 Signiﬁcatur
2875 5831 3166 5908 Christum,
3222 5840 3283 5887 ut
3307 5833 3456 5887 docet

1909 5903 2165 5975 Joannes,
2199 5907 2514 5963 advocatum
2557 5907 2695 5973 apud
2721 5910 2924 5973 patrem
2954 5919 3047 5957 uos
3077 5903 3291 5958 habere.
