4036 6346
573 388 624 439 ιι
1779 366 2021 430 SANCTI
2062 361 2389 421 esseom:
2426 364 2638 421 suam
3764 384 3828 437 7,

571 497 778 555 temnit.
828 498 963 555 Hinc
992 499 1203 568 captivo
1233 495 1527 554 ισηειίιίεο
1557 491 1778 564 populo,
1815 503 1915 543 nec
1967 495 2146 540 tamen
2173 480 2228 540 Δ
2257 477 2733 547 repreliensoribus
2788 495 2893 536 non
2930 482 3197 539 videntur.
3253 484 3407 544 Unde
3455 504 3831 564 nonnunquam

571 591 636 645 ³ι,
656 590 935 660 ίηίφιίιειο
960 603 1221 645 converso
1247 586 1509 642 Dominus
1555 582 1867 651 exprobrat,
1917 577 2103 634 dicens
2130 589 2143 625 :
2253 583 2402 625 mens
2434 572 2484 624 in
2512 572 2816 641 superbiam
2846 576 3140 643 extollitur,
3171 588 3225 634 et
3257 594 3391 649 quos
3430 582 3710 653 loquentes
3740 603 3832 644 au-

572 682 732 737 Versa
762 692 833 737 est
872 680 997 735 mihi
1034 682 1214 736 domus
1246 678 1415 735 Israel
1440 679 1493 732 in
1530 677 1784 739 scariam;
1838 688 2010 728 omnes
2064 668 2149 723 isti
2251 660 2363 727 dit.
2396 663 2547 732 quasi
2598 664 2841 721 infirmos
2894 667 3141 737 despicit.
3191 672 3431 744 Cumque
3481 692 3540 731 os
3592 684 3833 751 corporis

569 791 656 841 ιη,
713 788 762 828 ε,
793 744 1110 841 summa",
1161 781 1209 828 ει
1261 772 1474 842 ferrum,
1526 777 1572 823 ει
1600 766 1859 839 plumbum
1904 765 1960 819 in
1983 762 2149 816 medio
2251 753 2470 822 claudit,
2505 764 2758 825 quantum
2802 772 2861 813 se
2891 759 3035 814 vitiis
3082 763 3441 831 superbiendo
3470 768 3677 837 aperiat
3723 787 3827 829 non

497 921 509 937 λ
568 866 790 935 fornacis
814 863 1031 932 (Ezech.
1066 880 1197 929 nn,
1228 864 1343 931 18).
1394 861 1469 917 Ac
1507 861 1552 915 si
1579 870 1761 928 aperte
1787 858 1927 913 dicat
1958 874 1971 909 :
2017 855 2151 910 Pur-
2252 849 2509 916 agnoscit.
2544 848 2801 955 Linguam
2823 854 3515 957 etenimOpremit,mentem
3543 864 3752 931 elevat;
3783 877 3833 924 et

568 974 694 1030 gare
724 973 818 1014 eos
849 972 944 1029 per
985 958 1161 1027 ignem
1191 952 1550 1010 tribulationis
1582 950 1749 1017 volui,
1784 959 1840 1005 et
1868 955 2146 1019 argentum
2252 954 2374 994 cum
2411 955 2561 996 suam
2590 950 2881 1013 ηεειυίιίεῐη
2913 950 3134 1003 minime
3161 952 3489 1021 (τοιιεῖάθηῑν
3521 964 3671 1013 “mlo
3698 962 3835 1028 apud

572 1050 695 1106 illos
723 1049 809 1104 vel
838 1063 1029 1103 aurum
1063 1046 1180 1102 fieri
1203 1045 1443 1116 quaesivi,
1483 1043 1577 1099 sed
1608 1043 1660 1097 in
1689 1033 1909 1096 fornace
1938 1038 2065 1094 mihi
2096 1037 2151 1092 iu
2254 1050 2314 1091 se
2339 1049 2563 1093 cunctos
2592 1039 2834 1108 liberius,
2868 1053 3068 1111 quanto
3097 1055 3151 1101 et
3180 1048 3443 1104 secretius
3470 1063 3707 1108 accusat.
3733 1055 3837 1110 Ad-

569 1155 668 1207 :cs,
715 1150 990 1204 stannum,
1044 1147 1097 1193 et
1144 1137 1369 1203 ferrum,
1425 1143 1481 1191 et
1528 1134 1805 1205 plumbum
1835 1131 1975 1187 versi
2006 1137 2151 1195 sunt,
2254 1130 2504 1184 monendi
2536 1141 2661 1187 sunt
2691 1133 2851 1204 igitur
2902 1135 3061 1191 nimis
3114 1140 3279 1206 taciti,
3340 1152 3395 1196 ut
3432 1145 3572 1200 scire
3612 1147 3838 1205 sollicite

569 1228 690 1300 quia
712 1229 897 1284 nonad
921 1227 1195 1292 virtutem,
1237 1225 1424 1281 sedad
1457 1223 1583 1280 vitia
1635 1223 1798 1279 etiam
1851 1223 1905 1277 in
1933 1221 2153 1277 tribula-
2256 1219 2526 1287 studeant,
2580 1239 2685 1279 non
2743 1226 2918 1280 solum
2977 1231 3161 1297 quales
3208 1230 3337 1288 foris
3384 1236 3691 1303 ostendere,
3746 1241 3838 1294 sed

572 1321 1117 1391 tioneproruperunt.
1159 1318 1256 1374 Ais
1279 1318 1474 1389 quippe
1496 1316 1627 1371 dum
1676 1314 1995 1386 percutitur,
2046 1328 2156 1368 ain-
2254 1312 2415 1367 etiam
2470 1316 2654 1385 quales
2710 1333 2770 1375 se
2825 1320 3054 1377 debeant
3106 1327 3247 1380 intus
3292 1328 3569 1400 exhibere,
3619 1343 3679 1387 ut
3724 1336 3840 1402 plus

570 1413 714 1483 plius
757 1412 987 1467 metallis
1015 1412 1227 1467 ceteris
1272 1411 1504 1465 sonitum
1535 1409 1729 1465 reddit.
1781 1407 1882 1476 Qui
1904 1406 2064 1477 igitur
2099 1406 2153 1461 in
2256 1419 2321 1459 ex
2364 1407 2775 1476 cogitationibus
2817 1415 3085 1470 occultum
3118 1418 3375 1487 judicium
3427 1438 3586 1491 quam
3620 1439 3689 1480 ex
3722 1440 3837 1482 ser-

570 1502 923 1573 percussione
950 1503 1157 1572 positus
1194 1501 1429 1569 erumpit
1454 1499 1522 1554 ad
1569 1500 1805 1554 sonitum
1847 1512 2153 1553 murmura-
2259 1496 2509 1553 monibus
2582 1505 3052 1570 reprehensmnem
3127 1518 3369 1565 metuant
3446 1516 3835 1583 proximorum.

569 1594 752 1659 tionis,
779 1594 835 1648 in
864 1610 941 1649 ωε
970 1608 1159 1648 versus
1203 1600 1287 1648 est
1314 1592 1418 1663 53
1446 1593 1498 1645 in
1530 1590 1706 1646 medio
1728 1588 1978 1645 fornacis.
2004 1588 2158 1644 Stan-
2261 1589 2528 1661 Scriptum
2580 1608 2810 1665 namque
2838 1609 2919 1653 est
2950 1617 2962 1653 :
3016 1598 3124 1656 Fili
3169 1606 3261 1673 mi,
3317 1610 3523 1663 attende
3544 1612 3842 1680 sapientiam

568 1698 697 1740 num
726 1700 856 1740 vero
882 1699 1004 1739 cum
1022 1699 1087 1738 ex
1118 1692 1235 1738 arte
1257 1682 1620 1752 componitur,
1672 1682 1881 1753 argenti
1920 1680 2155 1751 speciem
2261 1700 2445 1751 meam,
2474 1697 2533 1748 et
2553 1692 2838 1757 prudentia:
2866 1710 2991 1749 mete
3018 1696 3214 1751 inclina
3243 1718 3418 1755 aurem
3451 1714 3611 1767 tuam,
3660 1718 3715 1760 ut
3751 1724 3842 1762 cu-

569 1776 848 1830 mentitur.
906 1776 1010 1841 Qui
1060 1790 1187 1844 ergo
1217 1775 1573 1830 simulationis
1601 1774 1729 1829 vitio
1761 1790 1866 1828 non
1909 1782 2058 1828 caret
2104 1774 2155 1827 in
2260 1776 2459 1830 stadias
2494 1781 3034 1855 cagitationesj(Prov.
3068 1805 3099 1841 v
3124 1832 3137 1853 ,
3176 1791 3249 1859 l).
3282 1790 3363 1846 Nil
3394 1794 3589 1863 quippe
3618 1798 3668 1851 in
3695 1800 3845 1855 nobis

572 1868 936 1933 tribulatione,
997 1876 1246 1923 staunum
1282 1869 1452 1924 factus
1480 1879 1562 1924 est
1593 1870 1645 1923 in
1692 1866 1932 1923 fornace.
1991 1868 2159 1923 Ferro
2187 1866 2238 1929 B
2262 1881 2344 1926 est
2372 1874 2534 1929 corde
2562 1875 2820 1946 fugacius,
2848 1882 2991 1949 quod
3023 1899 3051 1935 a
3084 1885 3236 1940 nobis
3268 1888 3429 1941 toties
3458 1894 3677 1957 recedit,
3709 1908 3847 1963 quo-

572 1968 752 2015 autem
798 1962 981 2025 utitur,
1026 1961 1117 2030 qui
1149 1961 1271 2015 vita:
1303 1962 1534 2032 proximi
1582 1961 1887 2017 insidiatur.
1935 1962 2158 2017 Ferrum
2266 1965 2365 2020 ties
2389 1982 2484 2035 per
2508 1984 2695 2036 pravas
2724 1974 3075 2042 cogitationes
3102 1979 3305 2033 deﬂuit.
3331 1982 3463 2038 llinc
3479 1988 3675 2040 etenim
3705 1961 3847 2043 Psal-

572 2053 752 2123 itaque
778 2053 829 2107 in
854 2053 1069 2108 fornace
1098 2062 1184 2108 est
1209 2053 1299 2123 qui
1328 2054 1555 2109 nocendi
1578 2054 1838 2109 malitiam
1858 2068 1963 2109 non
1995 2060 2160 2108 amit-
2264 2059 2420 2113 mista
2451 2069 2561 2115 ait:
2597 2061 2697 2117 Cor
2720 2082 2888 2119 meum
2918 2067 3189 2139 dereliquit
3236 2089 3314 2124 me
3342 2073 3462 2144 (Ps.
3496 2092 3657 2131 xxxix
3685 2119 3701 2144 ,
3738 2079 3849 2150 l3).

578 2146 641 2201 tit
670 2147 720 2199 in
745 2145 1116 2200 tribulatione.
1137 2146 1426 2200 Plumbum
1448 2160 1661 2216 quoque
1683 2146 1898 2201 caeteris
1930 2145 2162 2200 metallis
2267 2151 2401 2207 llinc
2426 2153 2491 2207 ad
2521 2158 2867 2226 semetipsum
2901 2161 3137 2230 rediens,
3162 2168 3273 2219 ait:
3308 2165 3510 2222 Invenit
3532 2187 3702 2225 servus
3727 2145 3847 2227 tuus

576 2248 658 2292 est
693 2237 928 2307 gravius.
978 2236 1035 2290 ln
1084 2238 1299 2292 fornace
1347 2251 1477 2308 ergo
1535 2236 1811 2306 plumbum
1868 2236 2159 2301 invenitur,
2266 2260 2354 2297 cor
2379 2262 2529 2301 suum
2560 2258 2614 2301 ut
2641 2260 2806 2305 oraret
2835 2251 2987 2323 te(ll
3022 2256 3145 2326 Reg.
3173 2272 3264 2323 vn,
3296 2257 3410 2324 27).
3446 2262 3576 2315 Cum
3603 2278 3733 2331 ergo
3760 2281 3852 2319 co-

576 2331 667 2401 qui
703 2332 782 2385 sic
811 2332 1018 2400 peccati
1065 2332 1147 2384 sui
1197 2331 1434 2401 pondere
1463 2330 1744 2401 premitur,
1792 2339 1850 2384 ut
1892 2328 2053 2385 etiam
2108 2330 2161 2385 in
2268 2335 2454 2404 gitatio
2485 2353 2580 2407 per
2625 2342 2924 2397 cusmdiam
2955 2343 3063 2416 54
3089 2348 3451 2417 restringitur,
3483 2366 3575 2406 cor
3602 2328 3745 2422 quod
3776 2354 3853 2409 fu-

577 2421 930 2477 tribulatione
950 2422 1155 2492 positus
1192 2421 1217 2460 δ
1266 2438 1297 2477 a
1325 2423 1554 2479 terrenis
1576 2423 1858 2478 desideriis
1888 2437 1996 2477 non
2020 2422 2166 2478 leve-
2266 2444 2392 2499 gere
2418 2436 2696 2488 consuevit
2719 2437 3005 2493 invenitur,

577 2520 681 2567 tur.
706 2513 843 2567 Hinc
874 2528 1087 2569 rursum
1128 2516 1387 2585 scriptum
1430 2522 1559 2570 est:
1610 2514 1778 2569 Multo
1806 2514 1979 2569 labare
2006 2515 2165 2568 suda-
2340 2522 2662 2595 Plerumque
2710 2537 2886 2582 autem
2920 2528 3075 2585 nimis
3120 2530 3264 2586 taciti
3312 2548 3435 2589 cum
3468 2537 3722 2590 nonnulla
3779 2538 3854 2592 in«

579 2612 684 2657 tum
706 2612 800 2672 est,
834 2614 880 2657 et
908 2621 1009 2658 non
1039 2607 1193 2659 exivit
1228 2617 1248 2644 ε
1284 2608 1346 2660 de
1381 2622 1441 2660 ea
1472 2608 1630 2660 nimia
1659 2607 1838 2679 rubigo
1867 2611 1981 2679 ejus
2005 2624 2166 2678 neque
2264 2614 2408 2683 justa
2439 2617 2709 2685 patiuntur
2734 2664 2747 2687 ,
2781 2636 2846 2675 eo
2895 2620 2946 2676 in
2981 2623 3239 2679 acriorem
3271 2625 3516 2681 dolorem
3570 2628 3855 2695 prodeunt,

579 2711 668 2765 per
689 2696 854 2765 ignem
880 2694 1096 2765 (Ezeclt.
1123 2713 1271 2762 xxiv,
1310 2697 1423 2768 12).
1457 2700 1635 2769 Ignem
1664 2700 1861 2771 quippe
1882 2700 2037 2756 nobis
2067 2701 2165 2755 tri-
2268 2720 2374 2776 quo
2403 2721 2467 2762 ea
2492 2724 2610 2778 qua:
2638 2710 2903 2767 sustinent
2951 2728 3055 2769 non
3086 2716 3396 2785 loquuntur.
3428 2694 3636 2775 Namsi
3679 2694 3858 2778 illatas

579 2784 869 2840 bulationis
902 2786 1175 2855 admovet,
1208 2785 1235 2824 ά
1292 2797 1349 2843 ιιι
1376 2789 1427 2843 in
1465 2790 1621 2845 nobis
1671 2791 1967 2860 rubiginem
2014 2791 2169 2845 vitio-
2270 2797 2543 2855 molestias
2592 2804 2876 2873 tranquille
2923 2806 3099 2875 lingua
3128 2784 3351 2877 diceret,
3396 2821 3421 2860 ε
3452 2827 3481 2865 a
3527 2815 3859 2871 conscientia

582 2897 697 2936 rum
730 2892 949 2951 purget;
998 2881 1091 2937 sed
1136 2897 1232 2936 nec
1266 2897 1360 2952 per
1406 2886 1580 2953 ignem
1630 2884 1927 2956 rubiginem
1969 2885 2169 2941 amitti-
2269 2888 2429 2945 dolor
2450 2905 2748 2949 emanaret.
2794 2894 3023 2953 Vulnera
3056 2900 3196 2954 enim
3223 2902 3403 2957 clausa
3450 2904 3567 2973 plus
3591 2909 3860 2962 cruciant.
3950 2881 3975 2957 η]

581 2986 724 3040 mus,
775 2972 990 3042 quando
1043 2982 1096 3028 et
1136 2973 1278 3028 inter
1317 2974 1520 3044 ﬂagella
1572 2976 1699 3030 vitio
1732 2992 1835 3031 non
1889 2990 2163 3032 caremus.
2271 2980 2404 3035 Nam
2447 2997 2568 3038 cum
2600 2987 2825 3053 putredo
2869 3004 2991 3059 quae
3039 2991 3268 3048 interius
3322 2972 3495 3052 fervet
3521 2998 3761 3067 eiicitur,
3795 2998 3861 3055 ad

585 3064 721 3119 iiinc
744 3064 1006 3134 PrOpheta
1038 3065 1227 3119 iterum
1249 3064 1418 3120 dicit:
1450 3065 1672 3120 Frustra
1702 3069 1943 3136 conﬂavit
1970 3070 2170 3138 con/la—
2272 3072 2500 3129 salutem
2528 3076 2684 3132 dolor
2717 3081 2973 3149 aperitur.
3006 3081 3157 3140 Scire
3198 3085 3362 3156 igitur
3386 3064 3603 3155 debent,
3628 3092 3719 3159 qui
3746 3064 3865 3159 plus

582 3168 694 3225 tor;
724 3160 933 3213 malitia:
957 3175 1133 3213 eorum
1160 3176 1261 3214 non
1293 3169 1412 3215 sunt
1440 3171 1754 3231 consumpta:
1778 3161 1913 3231 (Jer.
1946 3177 2015 3228 vi,
2050 3161 2168 3230 29).
2274 3179 2434 3233 quam
2456 3168 2675 3236 expedit
2701 3178 2898 3239 tacent,
2933 3189 3001 3229 ne
3026 3176 3168 3231 inter
3199 3178 3426 3235 molesta
3454 3196 3572 3250 qua:
3605 3183 3865 3251 tolerant,

651 3250 939 3307 Sciendum
967 3265 1093 3306 vero
1123 3261 1226 3318 est,
1255 3253 1395 3323 quod
1427 3268 1809 3323 nonnunquam
1855 3269 1977 3308 cum
2022 3253 2164 3308 inter
2189 3248 2239 3313 ϐ
2271 3257 2397 3312 dum
2421 3260 2657 3333 linguam
2690 3273 2892 3334 tenent,
2923 3269 3035 3324 vim
3054 3269 3256 3326 doloris
3281 3248 3624 3345 exaggerent.
3655 3248 3867 3333 Αάιιιοέ

584 3345 917 3417 ﬂagellorum
941 3344 1192 3400 duritiam
1227 3357 1507 3403 remanent
1533 3348 1846 3413 incorrecti,
1877 3347 2017 3403 dulci
2040 3354 2167 3402 sunt
2272 3349 2434 3404 nendi
2465 3363 2591 3408 sunt
2618 3356 2760 3411 enim
2789 3368 2845 3412 ut
2872 3359 2914 3413 si
2940 3360 3214 3428 proximos
3234 3362 3374 3419 sicut
3394 3344 3454 3421 Se
3473 3366 3730 3439 diligunt,
3762 3370 3870 3427 ini-

584 3436 946 3493 admonitione
975 3437 1263 3493 mulcendi.
1296 3439 1443 3505 Quos
1484 3440 1627 3495 enim
1657 3439 2019 3496 cruciamenta
2054 3454 2164 3494 non
2271 3441 2415 3497 nime
2440 3443 2547 3499 illis
2572 3456 2781 3503 taceant
2810 3450 2947 3505 unde
2968 3468 3062 3507 eos
3081 3452 3225 3523 juste
3245 3436 3669 3526 reprehendunt.
3695 3436 3871 3520 Vocis

584 3528 878 3598 corrigunt,
923 3544 1302 3600 nonnunquam
1334 3530 1402 3584 ab
1447 3530 1643 3602 iniquis
1681 3532 1983 3587 actionibus
2026 3530 2166 3586 lenia
2272 3536 2415 3591 enim
2469 3539 2822 3597 medicamine
2871 3552 3218 3616 utrorumque
3263 3549 3420 3605 saluti
3475 3556 3871 3625 concurritur,

582 3618 945 3675 blandimenta
985 3630 1366 3691 compescunt;
1399 3622 1523 3690 quia
1550 3631 1604 3676 et
1626 3622 1938 3692 plerumque
1969 3639 2162 3693 aegros,
2272 3624 2397 3679 dum
2454 3637 2510 3683 et
2540 3629 2605 3685 ab
2640 3631 2731 3686 illo
2759 3634 2847 3702 qui
2888 3634 3049 3689 infert
3076 3638 3214 3692 actio
3265 3656 3427 3708 prava
3474 3618 3872 3714 compescitur,

582 3728 716 3782 quos
746 3713 899 3768 fortis
932 3722 955 3749 ο
989 3712 1387 3783 pigmentorum
1421 3713 1565 3781 potio
1594 3729 1784 3769 curare
1818 3731 1922 3770 non
1980 3717 2164 3783 valuit,
2273 3727 2325 3773 et
2347 3718 2415 3773 ab
2442 3718 2543 3775 hoc
2570 3720 2657 3789 qui
2687 3723 2911 3777 sustinet
2954 3725 3151 3782 doloris
3199 3729 3375 3785 fervor
3405 3712 3625 3789 vulnere
3666 3712 3872 3804 aperto

583 3803 649 3858 ad
681 3804 905 3859 salutem
926 3804 1203 3873 pristinam
1233 3811 1419 3871 tepens
1449 3819 1584 3875 aqua
1614 3806 1923 3873 revocavit;
1949 3818 2005 3862 et
2035 3824 2169 3864 non-
2276 3820 2619 3880 temperatur.
2654 3813 2751 3879 Qui
2792 3814 2931 3869 enim
2967 3819 3326 3884 proximorum
3362 3825 3501 3880 mala
3534 3829 3866 3899 respiciunt,

583 3893 732 3949 nulla
758 3895 981 3950 vulnera
1011 3910 1128 3964 qua:
1151 3894 1327 3948 curari
1353 3894 1610 3950 incisione
1638 3909 1940 3967 nequeunt,
1962 3898 2168 3955 fomen-
2278 3910 2333 3956 et
2379 3914 2557 3958 tamen
2604 3899 2657 3957 in
2694 3903 2905 3961 silentio
2936 3907 3165 3977 linguam
3215 3925 3482 3982 premunt,
3518 3893 3670 3988 quasi
3697 3937 3877 3978 cons-

585 3986 653 4040 tis
675 3986 776 4041 olei
809 3995 1083 4042 sanantur.
1115 3985 1184 4040 Et
1211 3986 1379 4042 durus
1408 3985 1426 4024 ί
1460 3987 1683 4043 adamas
1712 3988 2028 4046 incisionem
2059 3992 2168 4047 fero
2276 3996 2445 4064 pectis
2477 3982 2781 4053 vulneribus
2822 4014 2974 4054 usum
3006 4002 3373 4062 medicaminis
3419 3982 3771 4081 subtrahunt,
3826 4024 3879 4072 et

588 4080 631 4133 ri
665 4080 885 4136 minime
915 4080 1137 4150 recipit,
1170 4080 1265 4136 sed
1297 4080 1403 4136 leni
1445 4080 1716 4138 hircorum
1747 4085 2007 4155 sanguine
2034 4085 2171 4141 mol-
2275 4102 2342 4143 eo
2372 4090 2561 4145 mortis
2609 4103 2858 4148 auctores
2887 4095 3040 4162 fiunt,
3090 4113 3196 4166 quo
3240 4100 3386 4155 virus
3426 4102 3567 4172 quod
3613 4080 3879 4173 poterant

587 4172 759 4231 lese“.
2276 4195 2469 4236 curare
2497 4181 2803 4239 noluerunt.
2858 4185 3057 4258 Lingua
3102 4189 3281 4259 itaque
3327 4192 3558 4249 discrete
3600 4172 3881 4256 freuanda

928 4268 1154 4326 CAPUT
1195 4269 1307 4325 XIV
1342 4269 1450 4342 [ΑΙ.
1482 4269 1849 4343 XXXVIII].
2276 4279 2382 4338 est,
2427 4288 2533 4327 non
2566 4274 2928 4334 insolabiliter
2977 4280 3282 4351 obliganda.
3332 4286 3600 4352 Scriptum
3631 4303 3884 4363 namque

769 4361 1034 4426 Quomodo
1072 4362 1387 4416 admonendi
1418 4363 1661 4418 taciturni
1691 4374 1737 4418 et
1768 4365 1984 4420 verbosi.
2277 4374 2389 4419 est:
2424 4365 2647 4436 Sapiens
2674 4370 2854 4424 tacebit
2899 4388 3056 4443 usque
3103 4376 3172 4428 ad
3202 4385 3396 4445 tempus
3430 4378 3618 4447 (Eccli.
3651 4396 3751 4449 xx,
3793 4361 3885 4455 :7),

661 4452 979 4523 (Admonitio
1013 4451 1311 4523 15.)Aliter
1340 4454 1800 4511 admonendisunt
1829 4457 1988 4511 nimis
2003 4457 2172 4525 taciti,
2279 4465 2337 4510 ut
2365 4459 2617 4514 nimirum
2648 4476 2769 4516 cum
2803 4474 3156 4533 opportunum
3196 4469 3523 4538 considerat,
3559 4451 3883 4544 postposita

586 4551 749 4614 atque
775 4541 931 4597 aliter
975 4541 1310 4613 multiloquio
1338 4554 1608 4601 vacantes.
1639 4545 1907 4601 lnsinuari
1940 4562 2171 4617 namque
2280 4563 2507 4605 censura
2538 4552 2759 4620 silentii,
2810 4556 3081 4625 loquendo
3111 4575 3229 4628 quae
3257 4541 3580 4632 congruunt,
3614 4541 3888 4625 in'usum

587 4638 750 4693 nimis
781 4636 955 4693 tacitis
982 4635 1162 4704 debet,
1192 4637 1313 4707 quia
1357 4637 1484 4693 dum
1530 4639 1774 4709 quaedam
1803 4640 1927 4695 vitia
1959 4641 2171 4697 incaute
2200 4645 2254 4706 D
2278 4658 2338 4698 se
2363 4644 2611 4700 utilitatis
2642 4647 2936 4717 impendat.
2970 4650 3034 4703 Et
3062 4666 3273 4705 rursum
3291 4652 3545 4721 scriptum
3561 4664 3646 4709 est
3670 4674 3681 4709 :
3709 4656 3886 4712 Τεηιτ

589 4729 817 4800 fugiunt,
851 4728 1061 4785 occulte
1086 4728 1443 4785 deterioribus
1472 4730 1835 4801 implicantur.
1862 4731 1993 4787 Nam
2026 4748 2168 4803 saepe
2280 4753 2373 4807 pus
2417 4740 2639 4801 tacendi,
2690 4749 2737 4793 et
2764 4750 2960 4809 tempus
3007 4741 3245 4811 loquendi
3291 4742 3490 4808 (Eccte.
3521 4761 3602 4813 ιιι,
3638 4748 3715 4818 7).
3754 4748 3889 4807 Dis-

588 4821 825 4892 linguam
845 4823 969 4892 quia
995 4822 1399 4878 immoderatius
1424 4823 1655 4889 frenant,
1685 4825 1737 4880 in
1768 4826 1929 4881 corde
1959 4827 2169 4897 gravius
2281 4838 2425 4883 crete
2466 4831 2666 4899 quippe
2692 4831 3116 4887 vicissitudinum
3148 4836 3419 4901 pensanda
3446 4849 3571 4893 sunt
3603 4850 3891 4910 tempora,

588 4914 978 4984 multiloquium
1019 4917 1288 4982 tolerant;
1336 4926 1392 4971 ut
1420 4932 1486 4973 eo
1541 4918 1663 4988 plus
1711 4918 2066 4990 cogitationes
2116 4924 2169 4975 in
2282 4936 2350 4975 ne
2378 4931 2467 4976 aut
2496 4938 2616 4976 cum
2658 4924 2905 4995 restringi
2959 4928 3132 4998 lingua
3162 4930 3341 4999 debet,
3392 4949 3483 5001 per
3514 4936 3671 4991 verba
3704 4936 3893 4997 inuti-

590 5015 773 5061 mente
804 5004 1068 5077 ferveant,
1096 5022 1203 5079 quo
1230 5007 1347 5064 illas
1373 5009 1607 5065 violenta
1630 5010 1868 5065 custodia
1895 5010 2170 5068 indiscreti
2196 5050 2203 5057 ι
2284 5014 2404 5070 liter
2428 5016 2663 5083 deﬂuat;
2694 5028 2779 5072 aut
2812 5035 2931 5074 cum
2964 5021 3104 5091 loqui
3148 5024 3345 5078 utiliter
3376 5037 3569 5094 potest,
3611 5035 3897 5103 semetip-

592 5095 791 5152 silentii
835 5106 1103 5168 angustat.
1135 5099 1266 5166 Quae
1313 5101 1632 5171 plerumque
1674 5110 1824 5156 tanto
1874 5102 2029 5159 latius
2074 5102 2178 5160 dif-
2285 5124 2398 5165 sam
2431 5110 2580 5181 pigre
2612 5112 2919 5183 restringat.
2949 5115 3101 5183 Quod
3147 5118 3281 5173 bene
3310 5120 3591 5177 Psalmista
3622 5095 3896 5183 οοιιςίιίρ·

589 5189 783 5256 ﬂuunt,
807 5200 1005 5261 quanto
1029 5206 1089 5247 se
1114 5206 1235 5248 esse
1263 5195 1504 5250 securius
1530 5195 1817 5266 aestimant,
1840 5197 1962 5267 quia
1994 5198 2179 5271 foris.a
2287 5218 2432 5270 rans,
2480 5204 2649 5261 dicit:
2682 5204 2848 5276 Pone,
2902 5208 3136 5279 Domine,
3184 5215 3471 5269 custodiam
3512 5218 3591 5272 ori
3630 5235 3771 5288 meo,
3845 5231 3897 5275 et

662 5305 820 5391 “‘Hic
862 5304 1318 5391 et_infransemp_er
1346 5308 1562 5378 legitur,
1590 5319 1851 5384 stagnum,
1890 5314 1944 5369 in
1992 5314 2172 5385 Trec.,
2283 5321 2679 5391 pigmentorum.

590 5375 1347 5471 ΟοξϋὸζὲιιιιᾶΖεξρ-ςιιιξιέῌ
1755 5453 1791 5471 η
1835 5375 1847 5382 ⁷
1929 5464 1940 5471 Δ
2079 5467 2089 5471 Δ
2157 5375 2171 5385 ’
2282 5375 2596 5471 Trec.,
2626 5392 2731 5471 duo
2756 5394 3213 5471 prioresGemet.
3247 5410 3299 5456 et
3324 5406 3897 5471 vettlst.,adamans;

656 5445 686 5547 ξ)
700 5444 1371 5547 Εειιιςιῖἡεέἰξιιυῇ
1405 5467 1529 5508 cum
1563 5455 1721 5511 tertio
1752 5453 1991 5522 Carnot.,
2024 5467 2175 5515 wter-
2282 5462 2438 5547 ibid.,
2472 5444 3218 5547 ι)ιο’τεεὶῥὶἷξᾛιιῖᾶίῖιξῖέί

588 5517 667 5572 nis
697 5519 965 5616 dﬁsiierijs
994 5517 1365 5616 ηοιιὲειρυαῖιιιινξΙ
1535 5596 1546 5607 .
1975 5517 1986 5522 ’
2281 5517 2695 5616 optimo-sensu.
2714 5517 2834 5616 ’δεμ
2869 5538 3088 5595 adamas
3118 5557 3185 5597 ne
3216 5543 3492 5599 minimam
3524 5517 3744 5616 quidem
3782 5517 3904 5604 fer:

664 5600 685 5675 ξ
713 5588 881 5675 garb,
904 5590 968 5675 de
992 5606 1071 5675 eo.
1098 5591 1304 5675 Laud...
1332 5591 1410 5675 de‘
1414 5596 1631 5649 camino.
1801 5671 1842 5675 __
2281 5588 2333 5659 ri.
2355 5606 2668 5658 incisionem
2687 5588 2917 5675 ipatit'ur.

660 5658 688 5696 ἀ
713 5656 1104 5750 Trec.,Corb.,
1140 5661 1337 5729 Laud.,
1372 5662 1581 5721 Getnet.
1605 5678 1659 5723 et
1684 5671 1775 5726 alii
1800 5671 2010 5742 Norm.,
2038 5676 2170 5728 utin
2282 5656 2323 5659 Π
2356 5656 3109 5750 sCurb.,'_”Laud;,"i3'elvac.,
3145 5686 3411 5742 secundus
3452 5688 3690 5750 Carnot..
3728 5707 3905 5748 mens

589 5742 1085 5819 nos..’.‘._.bpu_rget.lﬂ
1124 5816 1163 5819 Α
1517 5816 1525 5819 _
2278 5764 2309 5800 a
2339 5746 2666 5800 conscientiae
2716 5742 2893 5804 dolore
2920 5742 3366 5813 alicna'maneret.
3411 5760 3555 5815 Belv.
3606 5742 3909 5819 tarneu‘et

663 5810 686 5837 ο
720 5799 1700 5901 citing.L‘primu‘s,.purgpmentorum,
1730 5827 1887 5901 quem
1918 5832 2172 5901 seqruere-
2274 5819 2543 5871 secundus
2575 5818 2791 5900 (Sarnot.
2824 5821 3043 5901 habent,
3068 5839 3320 5901 manaret,
3365 5799 3482 5901 pro“
3500 5840 3755 5899 maneret,
3798 5799 3907 5891 er:

592 5882 710 5925 mur
730 5872 828 5926 nisi
855 5869 1014 5927 Trec.
1041 5881 1093 5928 et
1120 5869 1295 5931 caeteri
1325 5869 1465 5933 Mss:
1486 5893 1584 5935 nos
1607 5869 1860 5952 cogeieut
1887 5869 2163 5955 praeferre,
2275 5869 2397 5943 rore
2430 5869 2794 5947 amanuensis.
2823 5869 3464 5965 séiiii'ﬁnid'r"r'r'é2éiu'3§i
