  <div class='ocr_page' id='page_1' title='image "/cluster/home/n/w/nwhite01/storage/ocr_20150623/77/hvd.32044015469398/042.png"; bbox 0 0 4036 6346; ppageno 0'>
   <div class='ocr_carea' id='block_1_1' title="bbox 243 377 3500 438">
    <p class='ocr_par' dir='ltr' id='par_1_1' title="bbox 243 377 3500 438">
     <span class='ocr_line' id='line_1_1' title="bbox 243 377 3500 438; baseline 0.001 -2"><span class='ocrx_word' id='word_1_1' title='bbox 243 380 313 437; x_wconf 79' lang='lat'><strong>73</strong></span> <span class='ocrx_word' id='word_1_2' title='bbox 1075 379 1376 436; x_wconf 62' lang='lat' dir='ltr'><strong>REGULE</strong></span> <span class='ocrx_word' id='word_1_3' title='bbox 1417 377 1849 436; x_wconf 78' lang='lat' dir='ltr'><strong>PASTURALIS</strong></span> <span class='ocrx_word' id='word_1_4' title='bbox 1891 377 2114 434; x_wconf 77' lang='lat' dir='ltr'><strong>LIBER.</strong></span> <span class='ocrx_word' id='word_1_5' title='bbox 2157 407 2224 418; x_wconf 90' lang='lat'><strong>——</strong></span> <span class='ocrx_word' id='word_1_6' title='bbox 2265 377 2440 435; x_wconf 82' lang='lat' dir='ltr'><strong>PARS</strong></span> <span class='ocrx_word' id='word_1_7' title='bbox 2478 379 2755 434; x_wconf 69' lang='lat' dir='ltr'><strong>TERTIA.</strong></span> <span class='ocrx_word' id='word_1_8' title='bbox 3435 383 3500 438; x_wconf 75' lang='grc' dir='ltr'><strong>τι</strong></span> 
     </span>
    </p>
   </div>
   <div class='ocr_carea' id='block_1_2' title="bbox 244 478 3502 564">
    <p class='ocr_par' dir='ltr' id='par_1_2' title="bbox 244 478 3502 564">
     <span class='ocr_line' id='line_1_2' title="bbox 244 478 3502 564; baseline 0.001 -18"><span class='ocrx_word' id='word_1_9' title='bbox 244 509 273 546; x_wconf 75' lang='grc' dir='ltr'><em>τ</em></span> <span class='ocrx_word' id='word_1_10' title='bbox 302 493 427 544; x_wconf 85' lang='lat' dir='ltr'><strong>tium</strong></span> <span class='ocrx_word' id='word_1_11' title='bbox 480 490 871 545; x_wconf 68' lang='lat' dir='ltr'><strong>circumstantia.-</strong></span> <span class='ocrx_word' id='word_1_12' title='bbox 917 489 1066 544; x_wconf 86' lang='lat' dir='ltr'><strong>labiis</strong></span> <span class='ocrx_word' id='word_1_13' title='bbox 1098 493 1219 543; x_wconf 86' lang='lat' dir='ltr'><strong>meis</strong></span> <span class='ocrx_word' id='word_1_14' title='bbox 1254 491 1368 561; x_wconf 85' lang='lat' dir='ltr'><strong>(Ps.</strong></span> <span class='ocrx_word' id='word_1_15' title='bbox 1419 508 1547 559; x_wconf 82' lang='lat' dir='ltr'><strong>ch,</strong></span> <span class='ocrx_word' id='word_1_16' title='bbox 1572 492 1650 563; x_wconf 80' lang='grc'>5).</span> <span class='ocrx_word' id='word_1_17' title='bbox 1705 492 1818 546; x_wconf 86' lang='lat' dir='ltr'><strong>Non</strong></span> <span class='ocrx_word' id='word_1_18' title='bbox 1847 494 1894 554; x_wconf 77' lang='grc' dir='ltr'><strong>Α</strong></span> <span class='ocrx_word' id='word_1_19' title='bbox 1923 490 2152 547; x_wconf 84' lang='lat' dir='ltr'><strong>Jacobus</strong></span> <span class='ocrx_word' id='word_1_20' title='bbox 2197 491 2310 546; x_wconf 89' lang='lat' dir='ltr'><strong>ait:</strong></span> <span class='ocrx_word' id='word_1_21' title='bbox 2346 492 2406 548; x_wconf 87' lang='lat' dir='ltr'><strong>Si</strong></span> <span class='ocrx_word' id='word_1_22' title='bbox 2429 494 2540 561; x_wconf 76' lang='lat' dir='ltr'><strong>qu.‘s</strong></span> <span class='ocrx_word' id='word_1_23' title='bbox 2571 478 2712 564; x_wconf 81' lang='lat' dir='ltr'><strong>putat</strong></span> <span class='ocrx_word' id='word_1_24' title='bbox 2741 509 2793 547; x_wconf 85' lang='lat' dir='ltr'><strong>se</strong></span> <span class='ocrx_word' id='word_1_25' title='bbox 2828 496 3116 563; x_wconf 80' lang='lat' dir='ltr'><strong>religiosum</strong></span> <span class='ocrx_word' id='word_1_26' title='bbox 3161 512 3266 548; x_wconf 82' lang='lat' dir='ltr'><strong>csse</strong></span> <span class='ocrx_word' id='word_1_27' title='bbox 3298 513 3395 550; x_wconf 87' lang='lat' dir='ltr'><strong>non</strong></span> <span class='ocrx_word' id='word_1_28' title='bbox 3423 515 3502 551; x_wconf 79' lang='lat' dir='ltr'><strong>ra-</strong></span> 
     </span>
    </p>
   </div>
   <div class='ocr_carea' id='block_1_3' title="bbox 243 582 1820 654">
    <p class='ocr_par' dir='ltr' id='par_1_3' title="bbox 243 582 1820 654">
     <span class='ocr_line' id='line_1_3' title="bbox 243 582 1820 654; baseline 0 -16"><span class='ocrx_word' id='word_1_29' title='bbox 243 585 382 638; x_wconf 88' lang='lat' dir='ltr'><strong>enim</strong></span> <span class='ocrx_word' id='word_1_30' title='bbox 413 582 539 651; x_wconf 90' lang='lat' dir='ltr'><strong>poni</strong></span> <span class='ocrx_word' id='word_1_31' title='bbox 584 583 663 636; x_wconf 90' lang='lat' dir='ltr'><strong>ori</strong></span> <span class='ocrx_word' id='word_1_32' title='bbox 697 597 795 636; x_wconf 90' lang='lat' dir='ltr'><strong>suo</strong></span> <span class='ocrx_word' id='word_1_33' title='bbox 825 586 1104 652; x_wconf 83' lang='lat' dir='ltr'><strong>parietem,</strong></span> <span class='ocrx_word' id='word_1_34' title='bbox 1131 584 1224 638; x_wconf 85' lang='lat' dir='ltr'><strong>sed</strong></span> <span class='ocrx_word' id='word_1_35' title='bbox 1272 584 1465 638; x_wconf 87' lang='lat' dir='ltr'><strong>ostium</strong></span> <span class='ocrx_word' id='word_1_36' title='bbox 1498 585 1649 654; x_wconf 85' lang='lat' dir='ltr'><strong>petit,</strong></span> <span class='ocrx_word' id='word_1_37' title='bbox 1681 585 1820 654; x_wconf 92' lang='lat' dir='ltr'><strong>quod</strong></span> 
     </span>
    </p>
   </div>
   <div class='ocr_carea' id='block_1_4' title="bbox 241 673 1822 743">
    <p class='ocr_par' dir='ltr' id='par_1_4' title="bbox 241 673 1822 743">
     <span class='ocr_line' id='line_1_4' title="bbox 241 673 1822 743; baseline 0.002 -17"><span class='ocrx_word' id='word_1_38' title='bbox 241 674 490 728; x_wconf 80' lang='lat' dir='ltr'><strong>videlicet</strong></span> <span class='ocrx_word' id='word_1_39' title='bbox 531 675 768 743; x_wconf 88' lang='lat' dir='ltr'><strong>aperitur</strong></span> <span class='ocrx_word' id='word_1_40' title='bbox 797 684 849 728; x_wconf 89' lang='lat' dir='ltr'><strong>et</strong></span> <span class='ocrx_word' id='word_1_41' title='bbox 874 673 1156 729; x_wconf 92' lang='lat' dir='ltr'><strong>clauditur.</strong></span> <span class='ocrx_word' id='word_1_42' title='bbox 1208 675 1356 730; x_wconf 80' lang='lat' dir='ltr'><strong>Unde</strong></span> <span class='ocrx_word' id='word_1_43' title='bbox 1383 681 1436 728; x_wconf 82' lang='lat' dir='ltr'><strong>e&#39;t</strong></span> <span class='ocrx_word' id='word_1_44' title='bbox 1484 677 1636 730; x_wconf 88' lang='lat' dir='ltr'><strong>nobis</strong></span> <span class='ocrx_word' id='word_1_45' title='bbox 1668 687 1822 731; x_wconf 78' lang='lat' dir='ltr'><strong>caute</strong></span> 
     </span>
    </p>
   </div>
   <div class='ocr_carea' id='block_1_5' title="bbox 238 766 1821 838">
    <p class='ocr_par' dir='ltr' id='par_1_5' title="bbox 238 766 1821 838">
     <span class='ocr_line' id='line_1_5' title="bbox 238 766 1821 838; baseline 0.002 -18"><span class='ocrx_word' id='word_1_46' title='bbox 238 766 552 821; x_wconf 86' lang='lat' dir='ltr'><strong>discendum</strong></span> <span class='ocrx_word' id='word_1_47' title='bbox 581 774 686 826; x_wconf 86' lang='lat' dir='ltr'><strong>est.</strong></span> <span class='ocrx_word' id='word_1_48' title='bbox 742 778 1002 821; x_wconf 86' lang='lat' dir='ltr'><strong>ouatenus</strong></span> <span class='ocrx_word' id='word_1_49' title='bbox 1051 782 1112 821; x_wconf 87' lang='lat' dir='ltr'><strong>os</strong></span> <span class='ocrx_word' id='word_1_50' title='bbox 1163 767 1450 822; x_wconf 91' lang='lat' dir='ltr'><strong>discretum</strong></span> <span class='ocrx_word' id='word_1_51' title='bbox 1479 777 1532 821; x_wconf 89' lang='lat' dir='ltr'><strong>et.</strong></span> <span class='ocrx_word' id='word_1_52' title='bbox 1587 783 1821 838; x_wconf 87' lang='lat' dir='ltr'><strong>congruo</strong></span> 
     </span>
    </p>
   </div>
   <div class='ocr_carea' id='block_1_6' title="bbox 238 859 1821 930">
    <p class='ocr_par' dir='ltr' id='par_1_6' title="bbox 238 859 1821 930">
     <span class='ocr_line' id='line_1_6' title="bbox 238 859 1821 930; baseline 0.001 -16"><span class='ocrx_word' id='word_1_53' title='bbox 238 871 479 930; x_wconf 87' lang='lat' dir='ltr'><strong>tempore</strong></span> <span class='ocrx_word' id='word_1_54' title='bbox 509 875 607 913; x_wconf 89' lang='lat' dir='ltr'><strong>vox</strong></span> <span class='ocrx_word' id='word_1_55' title='bbox 627 859 850 929; x_wconf 84' lang='lat' dir='ltr'><strong>aperiat,</strong></span> <span class='ocrx_word' id='word_1_56' title='bbox 893 869 948 914; x_wconf 89' lang='lat' dir='ltr'><strong>et</strong></span> <span class='ocrx_word' id='word_1_57' title='bbox 972 874 1182 914; x_wconf 88' lang='lat' dir='ltr'><strong>rursum</strong></span> <span class='ocrx_word' id='word_1_58' title='bbox 1211 874 1445 929; x_wconf 85' lang='lat' dir='ltr'><strong>congruo</strong></span> <span class='ocrx_word' id='word_1_59' title='bbox 1480 861 1821 916; x_wconf 74' lang='lat' dir='ltr'><strong>taciturnitas</strong></span> 
     </span>
    </p>
   </div>
   <div class='ocr_carea' id='block_1_7' title="bbox 240 951 476 1007">
    <p class='ocr_par' dir='ltr' id='par_1_7' title="bbox 240 951 476 1007">
     <span class='ocr_line' id='line_1_7' title="bbox 240 951 476 1007; baseline -0.004 -1"><span class='ocrx_word' id='word_1_60' title='bbox 240 951 476 1007; x_wconf 75' lang='lat' dir='ltr'><strong>claudat.</strong></span> 
     </span>
    </p>
   </div>
   <div class='ocr_carea' id='block_1_8' title="bbox 308 1046 1816 1116">
    <p class='ocr_par' dir='ltr' id='par_1_8' title="bbox 308 1046 1816 1116">
     <span class='ocr_line' id='line_1_8' title="bbox 308 1046 1816 1116; baseline 0.001 -16"><span class='ocrx_word' id='word_1_61' title='bbox 308 1050 377 1100; x_wconf 76' lang='lat' dir='ltr'><strong>At</strong></span> <span class='ocrx_word' id='word_1_62' title='bbox 408 1056 590 1100; x_wconf 89' lang='lat' dir='ltr'><strong>contra</strong></span> <span class='ocrx_word' id='word_1_63' title='bbox 639 1046 960 1102; x_wconf 89' lang='lat' dir='ltr'><strong>admonendi</strong></span> <span class='ocrx_word' id='word_1_64' title='bbox 1011 1057 1134 1102; x_wconf 90' lang='lat' dir='ltr'><strong>sunt</strong></span> <span class='ocrx_word' id='word_1_65' title='bbox 1163 1048 1496 1116; x_wconf 89' lang='lat' dir='ltr'><strong>multiloquio</strong></span> <span class='ocrx_word' id='word_1_66' title='bbox 1544 1059 1816 1114; x_wconf 86' lang='lat' dir='ltr'><strong>vacantes,</strong></span> 
     </span>
    </p>
   </div>
   <div class='ocr_carea' id='block_1_9' title="bbox 237 1138 1819 1208">
    <p class='ocr_par' dir='ltr' id='par_1_9' title="bbox 237 1138 1819 1208">
     <span class='ocr_line' id='line_1_9' title="bbox 237 1138 1819 1208; baseline 0.003 -17"><span class='ocrx_word' id='word_1_67' title='bbox 237 1147 293 1191; x_wconf 92' lang='lat' dir='ltr'><strong>ut</strong></span> <span class='ocrx_word' id='word_1_68' title='bbox 320 1138 604 1206; x_wconf 69' lang='lat' dir='ltr'><strong>vigilanter</strong></span> <span class='ocrx_word' id='word_1_69' title='bbox 629 1139 889 1208; x_wconf 81' lang='lat' dir='ltr'><strong>aspiciant</strong></span> <span class='ocrx_word' id='word_1_70' title='bbox 909 1152 938 1192; x_wconf 90' lang='lat' dir='ltr'><strong>a</strong></span> <span class='ocrx_word' id='word_1_71' title='bbox 968 1151 1166 1208; x_wconf 86' lang='lat' dir='ltr'><strong>quanto</strong></span> <span class='ocrx_word' id='word_1_72' title='bbox 1191 1139 1523 1194; x_wconf 83' lang='lat' dir='ltr'><strong>rectitudinis</strong></span> <span class='ocrx_word' id='word_1_73' title='bbox 1557 1151 1696 1195; x_wconf 90' lang='lat' dir='ltr'><strong>statu</strong></span> <span class='ocrx_word' id='word_1_74' title='bbox 1725 1142 1819 1195; x_wconf 91' lang='lat' dir='ltr'><strong>de-</strong></span> 
     </span>
    </p>
   </div>
   <div class='ocr_carea' id='block_1_10' title="bbox 238 1233 1821 1304">
    <p class='ocr_par' dir='ltr' id='par_1_10' title="bbox 238 1233 1821 1304">
     <span class='ocr_line' id='line_1_10' title="bbox 238 1233 1821 1304; baseline 0.003 -19"><span class='ocrx_word' id='word_1_75' title='bbox 238 1242 486 1300; x_wconf 83' lang='lat' dir='ltr'><strong>pereunt,</strong></span> <span class='ocrx_word' id='word_1_76' title='bbox 517 1233 642 1286; x_wconf 90' lang='lat' dir='ltr'><strong>dum</strong></span> <span class='ocrx_word' id='word_1_77' title='bbox 673 1249 766 1302; x_wconf 89' lang='lat' dir='ltr'><strong>per</strong></span> <span class='ocrx_word' id='word_1_78' title='bbox 812 1233 1123 1304; x_wconf 88' lang='lat' dir='ltr'><strong>multiplicia</strong></span> <span class='ocrx_word' id='word_1_79' title='bbox 1160 1235 1318 1288; x_wconf 89' lang='lat' dir='ltr'><strong>verba</strong></span> <span class='ocrx_word' id='word_1_80' title='bbox 1353 1235 1679 1290; x_wconf 89' lang='lat' dir='ltr'><strong>dilabuntur.</strong></span> <span class='ocrx_word' id='word_1_81' title='bbox 1714 1235 1821 1290; x_wconf 84' lang='lat' dir='ltr'><strong>llu-</strong></span> 
     </span>
    </p>
   </div>
   <div class='ocr_carea' id='block_1_11' title="bbox 237 1325 1819 1394">
    <p class='ocr_par' dir='ltr' id='par_1_11' title="bbox 237 1325 1819 1394">
     <span class='ocr_line' id='line_1_11' title="bbox 237 1325 1819 1394; baseline 0.001 -18"><span class='ocrx_word' id='word_1_82' title='bbox 237 1340 392 1377; x_wconf 86' lang='lat' dir='ltr'><strong>mana</strong></span> <span class='ocrx_word' id='word_1_83' title='bbox 425 1325 622 1378; x_wconf 89' lang='lat' dir='ltr'><strong>etenim</strong></span> <span class='ocrx_word' id='word_1_84' title='bbox 654 1339 806 1378; x_wconf 88' lang='lat' dir='ltr'><strong>mens</strong></span> <span class='ocrx_word' id='word_1_85' title='bbox 834 1339 986 1394; x_wconf 77' lang='lat' dir='ltr'><strong>aqua:</strong></span> <span class='ocrx_word' id='word_1_86' title='bbox 1014 1339 1163 1380; x_wconf 83' lang='lat' dir='ltr'><strong>more</strong></span> <span class='ocrx_word' id='word_1_87' title='bbox 1194 1335 1218 1362; x_wconf 76' lang='grc' dir='ltr'>ἰ</span> <span class='ocrx_word' id='word_1_88' title='bbox 1250 1325 1599 1380; x_wconf 84' lang='lat' dir='ltr'><strong>circumclusa</strong></span> <span class='ocrx_word' id='word_1_89' title='bbox 1631 1325 1696 1379; x_wconf 90' lang='lat' dir='ltr'><strong>ad</strong></span> <span class='ocrx_word' id='word_1_90' title='bbox 1728 1341 1819 1378; x_wconf 88' lang='lat' dir='ltr'><strong>su-</strong></span> 
     </span>
    </p>
   </div>
   <div class='ocr_carea' id='block_1_12' title="bbox 236 1416 1816 1486">
    <p class='ocr_par' dir='ltr' id='par_1_12' title="bbox 236 1416 1816 1486">
     <span class='ocr_line' id='line_1_12' title="bbox 236 1416 1816 1486; baseline 0.001 -17"><span class='ocrx_word' id='word_1_91' title='bbox 236 1417 451 1483; x_wconf 84' lang='lat' dir='ltr'><strong>periora</strong></span> <span class='ocrx_word' id='word_1_92' title='bbox 481 1416 766 1482; x_wconf 74' lang='lat' dir='ltr'><strong>colligitur,</strong></span> <span class='ocrx_word' id='word_1_93' title='bbox 797 1417 918 1484; x_wconf 88' lang='lat' dir='ltr'><strong>quia</strong></span> <span class='ocrx_word' id='word_1_94' title='bbox 951 1417 1076 1469; x_wconf 92' lang='lat' dir='ltr'><strong>illud</strong></span> <span class='ocrx_word' id='word_1_95' title='bbox 1109 1416 1297 1486; x_wconf 81' lang='lat' dir='ltr'><strong>repetit</strong></span> <span class='ocrx_word' id='word_1_96' title='bbox 1329 1417 1473 1472; x_wconf 90' lang='lat' dir='ltr'><strong>unde</strong></span> <span class='ocrx_word' id='word_1_97' title='bbox 1503 1418 1816 1480; x_wconf 85' lang='lat' dir='ltr'><strong>descendit;</strong></span> 
     </span>
    </p>
   </div>
   <div class='ocr_carea' id='block_1_13' title="bbox 237 1507 1822 1578">
    <p class='ocr_par' dir='ltr' id='par_1_13' title="bbox 237 1507 1822 1578">
     <span class='ocr_line' id='line_1_13' title="bbox 237 1507 1822 1578; baseline 0.001 -17"><span class='ocrx_word' id='word_1_98' title='bbox 237 1517 294 1561; x_wconf 85' lang='lat' dir='ltr'><strong>ct</strong></span> <span class='ocrx_word' id='word_1_99' title='bbox 324 1507 555 1561; x_wconf 82' lang='lat' dir='ltr'><strong>relaxata</strong></span> <span class='ocrx_word' id='word_1_100' title='bbox 579 1507 810 1577; x_wconf 88' lang='lat' dir='ltr'><strong>deperit,</strong></span> <span class='ocrx_word' id='word_1_101' title='bbox 840 1508 959 1576; x_wconf 84' lang='lat' dir='ltr'><strong>quia</strong></span> <span class='ocrx_word' id='word_1_102' title='bbox 978 1523 1039 1562; x_wconf 91' lang='lat' dir='ltr'><strong>se</strong></span> <span class='ocrx_word' id='word_1_103' title='bbox 1067 1523 1160 1577; x_wconf 79' lang='lat' dir='ltr'><strong>per</strong></span> <span class='ocrx_word' id='word_1_104' title='bbox 1187 1508 1364 1562; x_wconf 88' lang='lat' dir='ltr'><strong>infima</strong></span> <span class='ocrx_word' id='word_1_105' title='bbox 1391 1509 1649 1563; x_wconf 83' lang='lat' dir='ltr'><strong>inutiliter</strong></span> <span class='ocrx_word' id='word_1_106' title='bbox 1669 1524 1822 1578; x_wconf 86' lang='lat' dir='ltr'><strong>spar-</strong></span> 
     </span>
    </p>
   </div>
   <div class='ocr_carea' id='block_1_14' title="bbox 238 1598 1820 1679">
    <p class='ocr_par' dir='ltr' id='par_1_14' title="bbox 238 1598 1820 1679">
     <span class='ocr_line' id='line_1_14' title="bbox 238 1598 1820 1679; baseline 0.004 -31"><span class='ocrx_word' id='word_1_107' title='bbox 238 1599 339 1668; x_wconf 88' lang='lat' dir='ltr'><strong>git.</strong></span> <span class='ocrx_word' id='word_1_108' title='bbox 375 1598 504 1665; x_wconf 83' lang='lat' dir='ltr'><strong>Quot</strong></span> <span class='ocrx_word' id='word_1_109' title='bbox 531 1600 676 1654; x_wconf 91' lang='lat' dir='ltr'><strong>enim</strong></span> <span class='ocrx_word' id='word_1_110' title='bbox 707 1599 1051 1669; x_wconf 80' lang='lat' dir='ltr'><strong>supervacuis</strong></span> <span class='ocrx_word' id='word_1_111' title='bbox 1079 1601 1258 1655; x_wconf 82' lang='lat' dir='ltr'><strong>verbis</strong></span> <span class='ocrx_word' id='word_1_112' title='bbox 1285 1617 1314 1654; x_wconf 92' lang='lat' dir='ltr'><strong>a</strong></span> <span class='ocrx_word' id='word_1_113' title='bbox 1344 1601 1540 1679; x_wconf 84' lang='lat' dir='ltr'><strong>silentii</strong></span> <span class='ocrx_word' id='word_1_114' title='bbox 1571 1603 1652 1656; x_wconf 79' lang='lat' dir='ltr'><strong>sai</strong></span> <span class='ocrx_word' id='word_1_115' title='bbox 1694 1616 1820 1656; x_wconf 85' lang='lat' dir='ltr'><strong>cen-</strong></span> 
     </span>
    </p>
   </div>
   <div class='ocr_carea' id='block_1_15' title="bbox 233 1690 1821 1760">
    <p class='ocr_par' dir='ltr' id='par_1_15' title="bbox 233 1690 1821 1760">
     <span class='ocr_line' id='line_1_15' title="bbox 233 1690 1821 1760; baseline 0.005 -18"><span class='ocrx_word' id='word_1_116' title='bbox 233 1703 363 1742; x_wconf 89' lang='lat' dir='ltr'><strong>sura</strong></span> <span class='ocrx_word' id='word_1_117' title='bbox 395 1690 699 1758; x_wconf 85' lang='lat' dir='ltr'><strong>dissipatur,</strong></span> <span class='ocrx_word' id='word_1_118' title='bbox 736 1693 884 1760; x_wconf 89' lang='lat' dir='ltr'><strong>quasi</strong></span> <span class='ocrx_word' id='word_1_119' title='bbox 918 1702 996 1745; x_wconf 92' lang='lat' dir='ltr'><strong>tot</strong></span> <span class='ocrx_word' id='word_1_120' title='bbox 1025 1691 1153 1746; x_wconf 76' lang='lat' dir='ltr'><strong>rivis</strong></span> <span class='ocrx_word' id='word_1_121' title='bbox 1185 1699 1334 1746; x_wconf 85' lang='lat' dir='ltr'><strong>extra</strong></span> <span class='ocrx_word' id='word_1_122' title='bbox 1363 1709 1422 1747; x_wconf 90' lang='lat' dir='ltr'><strong>se</strong></span> <span class='ocrx_word' id='word_1_123' title='bbox 1448 1693 1676 1748; x_wconf 88' lang='lat' dir='ltr'><strong>ducitur.</strong></span> <span class='ocrx_word' id='word_1_124' title='bbox 1721 1694 1821 1750; x_wconf 90' lang='lat' dir='ltr'><strong>Un-</strong></span> 
     </span>
    </p>
   </div>
   <div class='ocr_carea' id='block_1_16' title="bbox 235 1780 1814 1854">
    <p class='ocr_par' dir='ltr' id='par_1_16' title="bbox 235 1780 1814 1854">
     <span class='ocr_line' id='line_1_16' title="bbox 235 1780 1814 1854; baseline 0.004 -21"><span class='ocrx_word' id='word_1_125' title='bbox 235 1780 304 1834; x_wconf 88' lang='lat' dir='ltr'><strong>de</strong></span> <span class='ocrx_word' id='word_1_126' title='bbox 333 1792 382 1833; x_wconf 87' lang='lat' dir='ltr'><strong>et</strong></span> <span class='ocrx_word' id='word_1_127' title='bbox 411 1782 588 1836; x_wconf 88' lang='lat' dir='ltr'><strong>redire</strong></span> <span class='ocrx_word' id='word_1_128' title='bbox 619 1783 841 1837; x_wconf 90' lang='lat' dir='ltr'><strong>interius</strong></span> <span class='ocrx_word' id='word_1_129' title='bbox 866 1784 930 1836; x_wconf 88' lang='lat' dir='ltr'><strong>ad</strong></span> <span class='ocrx_word' id='word_1_130' title='bbox 959 1784 1040 1838; x_wconf 92' lang='lat' dir='ltr'><strong>sui</strong></span> <span class='ocrx_word' id='word_1_131' title='bbox 1072 1786 1432 1854; x_wconf 90' lang='lat' dir='ltr'><strong>cognitionem</strong></span> <span class='ocrx_word' id='word_1_132' title='bbox 1465 1801 1567 1839; x_wconf 86' lang='lat' dir='ltr'><strong>non</strong></span> <span class='ocrx_word' id='word_1_133' title='bbox 1596 1787 1814 1847; x_wconf 86' lang='lat' dir='ltr'><strong>sufficit,</strong></span> 
     </span>
    </p>
   </div>
   <div class='ocr_carea' id='block_1_17' title="bbox 234 1868 1896 1944">
    <p class='ocr_par' dir='ltr' id='par_1_17' title="bbox 234 1868 1896 1944">
     <span class='ocr_line' id='line_1_17' title="bbox 234 1868 1896 1944; baseline 0.005 -19"><span class='ocrx_word' id='word_1_134' title='bbox 234 1878 353 1943; x_wconf 87' lang='lat' dir='ltr'><strong>quia</strong></span> <span class='ocrx_word' id='word_1_135' title='bbox 389 1868 900 1944; x_wconf 64' lang='lat' dir='ltr'><strong>per&#39;multiloquium</strong></span> <span class='ocrx_word' id='word_1_136' title='bbox 951 1891 1153 1944; x_wconf 80' lang='lat' dir='ltr'><strong>Sparsa,</strong></span> <span class='ocrx_word' id='word_1_137' title='bbox 1207 1893 1236 1930; x_wconf 90' lang='lat' dir='ltr'><strong>a</strong></span> <span class='ocrx_word' id='word_1_138' title='bbox 1263 1886 1474 1932; x_wconf 84' lang='lat' dir='ltr'><strong>secreto</strong></span> <span class='ocrx_word' id='word_1_139' title='bbox 1525 1893 1584 1933; x_wconf 89' lang='lat' dir='ltr'><strong>se</strong></span> <span class='ocrx_word' id='word_1_140' title='bbox 1614 1879 1815 1932; x_wconf 61' lang='lat' dir='ltr'><strong>intimae</strong></span> <span class='ocrx_word' id='word_1_141' title='bbox 1851 1882 1896 1940; x_wconf 81' lang='grc' dir='ltr'>Β</span> 
     </span>
    </p>
   </div>
   <div class='ocr_carea' id='block_1_18' title="bbox 235 1965 1819 2026">
    <p class='ocr_par' dir='ltr' id='par_1_18' title="bbox 235 1965 1819 2026">
     <span class='ocr_line' id='line_1_18' title="bbox 235 1965 1819 2026; baseline 0.004 -7"><span class='ocrx_word' id='word_1_142' title='bbox 235 1965 686 2021; x_wconf 77' lang='lat' dir='ltr'><strong>Considerationis</strong></span> <span class='ocrx_word' id='word_1_143' title='bbox 728 1968 984 2022; x_wconf 83' lang='lat' dir='ltr'><strong>excludit.</strong></span> <span class='ocrx_word' id='word_1_144' title='bbox 1037 1968 1223 2024; x_wconf 88' lang='lat' dir='ltr'><strong>Totam</strong></span> <span class='ocrx_word' id='word_1_145' title='bbox 1257 1985 1382 2026; x_wconf 90' lang='lat' dir='ltr'><strong>vero</strong></span> <span class='ocrx_word' id='word_1_146' title='bbox 1413 1983 1471 2024; x_wconf 90' lang='lat' dir='ltr'><strong>se</strong></span> <span class='ocrx_word' id='word_1_147' title='bbox 1518 1971 1819 2026; x_wconf 88' lang='lat' dir='ltr'><strong>insidiantis</strong></span> 
     </span>
    </p>
   </div>
   <div class='ocr_carea' id='block_1_19' title="bbox 237 2055 1822 2128">
    <p class='ocr_par' dir='ltr' id='par_1_19' title="bbox 237 2055 1822 2128">
     <span class='ocr_line' id='line_1_19' title="bbox 237 2055 1822 2128; baseline 0.007 -20"><span class='ocrx_word' id='word_1_148' title='bbox 237 2055 404 2110; x_wconf 78' lang='lat' dir='ltr'><strong>hostis</strong></span> <span class='ocrx_word' id='word_1_149' title='bbox 435 2058 748 2114; x_wconf 85' lang='lat' dir='ltr'><strong>vulneribus</strong></span> <span class='ocrx_word' id='word_1_150' title='bbox 777 2059 997 2128; x_wconf 80' lang='lat' dir='ltr'><strong>detegit,</strong></span> <span class='ocrx_word' id='word_1_151' title='bbox 1031 2063 1152 2128; x_wconf 90' lang='lat' dir='ltr'><strong>quia</strong></span> <span class='ocrx_word' id='word_1_152' title='bbox 1189 2063 1332 2116; x_wconf 88' lang='lat' dir='ltr'><strong>nulla</strong></span> <span class='ocrx_word' id='word_1_153' title='bbox 1379 2063 1671 2118; x_wconf 88' lang='lat' dir='ltr'><strong>munitione</strong></span> <span class='ocrx_word' id='word_1_154' title='bbox 1700 2079 1822 2118; x_wconf 88' lang='lat' dir='ltr'><strong>cus-</strong></span> 
     </span>
    </p>
   </div>
   <div class='ocr_carea' id='block_1_20' title="bbox 236 2151 1820 2221">
    <p class='ocr_par' dir='ltr' id='par_1_20' title="bbox 236 2151 1820 2221">
     <span class='ocr_line' id='line_1_20' title="bbox 236 2151 1820 2221; baseline 0.005 -17"><span class='ocrx_word' id='word_1_155' title='bbox 236 2151 389 2205; x_wconf 75' lang='lat' dir='ltr'><strong>todia:</strong></span> <span class='ocrx_word' id='word_1_156' title='bbox 432 2153 821 2206; x_wconf 89' lang='lat' dir='ltr'><strong>circumcludit.</strong></span> <span class='ocrx_word' id='word_1_157' title='bbox 873 2153 1024 2207; x_wconf 75' lang='lat' dir='ltr'><strong>Unde</strong></span> <span class='ocrx_word' id='word_1_158' title='bbox 1064 2155 1318 2221; x_wconf 87' lang='lat' dir='ltr'><strong>scriptum</strong></span> <span class='ocrx_word' id='word_1_159' title='bbox 1361 2163 1480 2208; x_wconf 89' lang='lat' dir='ltr'><strong>est:</strong></span> <span class='ocrx_word' id='word_1_160' title='bbox 1514 2156 1660 2210; x_wconf 85' lang='lat' dir='ltr'><strong>Sicut</strong></span> <span class='ocrx_word' id='word_1_161' title='bbox 1701 2158 1820 2212; x_wconf 90' lang='lat' dir='ltr'><strong>urbs</strong></span> 
     </span>
    </p>
   </div>
   <div class='ocr_carea' id='block_1_21' title="bbox 235 2247 1824 2320">
    <p class='ocr_par' dir='ltr' id='par_1_21' title="bbox 235 2247 1824 2320">
     <span class='ocr_line' id='line_1_21' title="bbox 235 2247 1824 2320; baseline 0.004 -23"><span class='ocrx_word' id='word_1_162' title='bbox 235 2255 412 2312; x_wconf 84' lang='lat' dir='ltr'><strong>patens</strong></span> <span class='ocrx_word' id='word_1_163' title='bbox 441 2254 489 2298; x_wconf 84' lang='lat' dir='ltr'><strong>et</strong></span> <span class='ocrx_word' id='word_1_164' title='bbox 519 2247 706 2314; x_wconf 81' lang='lat' dir='ltr'><strong>absque</strong></span> <span class='ocrx_word' id='word_1_165' title='bbox 735 2262 993 2300; x_wconf 81' lang='lat' dir='ltr'><strong>murorum</strong></span> <span class='ocrx_word' id='word_1_166' title='bbox 1021 2250 1239 2310; x_wconf 86' lang='lat' dir='ltr'><strong>ambitu,</strong></span> <span class='ocrx_word' id='word_1_167' title='bbox 1270 2249 1344 2300; x_wconf 86' lang='lat' dir='ltr'><strong>ita</strong></span> <span class='ocrx_word' id='word_1_168' title='bbox 1372 2249 1446 2302; x_wconf 90' lang='lat' dir='ltr'><strong>vir</strong></span> <span class='ocrx_word' id='word_1_169' title='bbox 1473 2249 1562 2318; x_wconf 86' lang='lat' dir='ltr'><strong>qui</strong></span> <span class='ocrx_word' id='word_1_170' title='bbox 1601 2266 1700 2303; x_wconf 89' lang='lat' dir='ltr'><strong>non</strong></span> <span class='ocrx_word' id='word_1_171' title='bbox 1730 2268 1824 2320; x_wconf 83' lang='lat' dir='ltr'><strong>po-</strong></span> 
     </span>
    </p>
   </div>
   <div class='ocr_carea' id='block_1_22' title="bbox 234 2341 1817 2412">
    <p class='ocr_par' dir='ltr' id='par_1_22' title="bbox 234 2341 1817 2412">
     <span class='ocr_line' id='line_1_22' title="bbox 234 2341 1817 2412; baseline 0.002 -20"><span class='ocrx_word' id='word_1_172' title='bbox 234 2349 326 2394; x_wconf 85' lang='lat' dir='ltr'><strong>test</strong></span> <span class='ocrx_word' id='word_1_173' title='bbox 369 2341 422 2393; x_wconf 89' lang='lat' dir='ltr'><strong>in</strong></span> <span class='ocrx_word' id='word_1_174' title='bbox 455 2342 706 2408; x_wconf 85' lang='lat' dir='ltr'><strong>loquendo</strong></span> <span class='ocrx_word' id='word_1_175' title='bbox 737 2343 966 2395; x_wconf 81' lang='lat' dir='ltr'><strong>cohibere</strong></span> <span class='ocrx_word' id='word_1_176' title='bbox 1015 2341 1251 2412; x_wconf 84' lang='lat' dir='ltr'><strong>spiritum</strong></span> <span class='ocrx_word' id='word_1_177' title='bbox 1275 2358 1426 2395; x_wconf 83' lang='lat' dir='ltr'><strong>suum</strong></span> <span class='ocrx_word' id='word_1_178' title='bbox 1453 2341 1633 2412; x_wconf 82' lang='lat' dir='ltr'><strong>(Prov.</strong></span> <span class='ocrx_word' id='word_1_179' title='bbox 1692 2358 1817 2409; x_wconf 90' lang='lat' dir='ltr'><strong>xxv,</strong></span> 
     </span>
    </p>
   </div>
   <div class='ocr_carea' id='block_1_23' title="bbox 233 2431 1821 2501">
    <p class='ocr_par' dir='ltr' id='par_1_23' title="bbox 233 2431 1821 2501">
     <span class='ocr_line' id='line_1_23' title="bbox 233 2431 1821 2501; baseline 0.001 -15"><span class='ocrx_word' id='word_1_180' title='bbox 233 2433 349 2499; x_wconf 50' lang='lat'><strong>2“).</strong></span> <span class='ocrx_word' id='word_1_181' title='bbox 382 2432 513 2499; x_wconf 83' lang='lat' dir='ltr'><strong>Quia</strong></span> <span class='ocrx_word' id='word_1_182' title='bbox 545 2431 686 2486; x_wconf 88' lang='lat' dir='ltr'><strong>enim</strong></span> <span class='ocrx_word' id='word_1_183' title='bbox 716 2448 923 2486; x_wconf 89' lang='lat' dir='ltr'><strong>murum</strong></span> <span class='ocrx_word' id='word_1_184' title='bbox 954 2431 1148 2486; x_wconf 84' lang='lat' dir='ltr'><strong>silentii</strong></span> <span class='ocrx_word' id='word_1_185' title='bbox 1195 2447 1300 2486; x_wconf 90' lang='lat' dir='ltr'><strong>non</strong></span> <span class='ocrx_word' id='word_1_186' title='bbox 1329 2431 1510 2498; x_wconf 86' lang='lat' dir='ltr'><strong>habet,</strong></span> <span class='ocrx_word' id='word_1_187' title='bbox 1545 2441 1691 2501; x_wconf 87' lang='lat' dir='ltr'><strong>patet</strong></span> <span class='ocrx_word' id='word_1_188' title='bbox 1721 2434 1821 2488; x_wconf 82' lang='lat' dir='ltr'><strong>ini-</strong></span> 
     </span>
    </p>
   </div>
   <div class='ocr_carea' id='block_1_24' title="bbox 232 2524 1822 2593">
    <p class='ocr_par' dir='ltr' id='par_1_24' title="bbox 232 2524 1822 2593">
     <span class='ocr_line' id='line_1_24' title="bbox 232 2524 1822 2593; baseline 0.003 -16"><span class='ocrx_word' id='word_1_189' title='bbox 232 2524 354 2578; x_wconf 90' lang='lat' dir='ltr'><strong>miei</strong></span> <span class='ocrx_word' id='word_1_190' title='bbox 385 2525 578 2593; x_wconf 74' lang='lat' dir='ltr'><strong>iaculis</strong></span> <span class='ocrx_word' id='word_1_191' title='bbox 607 2524 796 2578; x_wconf 83' lang='lat' dir='ltr'><strong>civitas</strong></span> <span class='ocrx_word' id='word_1_192' title='bbox 842 2524 1072 2587; x_wconf 88' lang='lat' dir='ltr'><strong>mentis;</strong></span> <span class='ocrx_word' id='word_1_193' title='bbox 1103 2533 1156 2578; x_wconf 90' lang='lat' dir='ltr'><strong>et</strong></span> <span class='ocrx_word' id='word_1_194' title='bbox 1183 2539 1304 2579; x_wconf 92' lang='lat' dir='ltr'><strong>cum</strong></span> <span class='ocrx_word' id='word_1_195' title='bbox 1335 2539 1392 2578; x_wconf 89' lang='lat' dir='ltr'><strong>se</strong></span> <span class='ocrx_word' id='word_1_196' title='bbox 1418 2539 1512 2593; x_wconf 92' lang='lat' dir='ltr'><strong>per</strong></span> <span class='ocrx_word' id='word_1_197' title='bbox 1539 2526 1698 2580; x_wconf 85' lang='lat' dir='ltr'><strong>verba</strong></span> <span class='ocrx_word' id='word_1_198' title='bbox 1729 2540 1822 2581; x_wconf 83' lang='lat' dir='ltr'><strong>ex-</strong></span> 
     </span>
    </p>
   </div>
   <div class='ocr_carea' id='block_1_25' title="bbox 233 2615 1820 2686">
    <p class='ocr_par' dir='ltr' id='par_1_25' title="bbox 233 2615 1820 2686">
     <span class='ocr_line' id='line_1_25' title="bbox 233 2615 1820 2686; baseline 0.003 -17"><span class='ocrx_word' id='word_1_199' title='bbox 233 2623 313 2669; x_wconf 88' lang='lat' dir='ltr'><strong>tra</strong></span> <span class='ocrx_word' id='word_1_200' title='bbox 345 2617 687 2683; x_wconf 86' lang='lat' dir='ltr'><strong>semetipsam</strong></span> <span class='ocrx_word' id='word_1_201' title='bbox 718 2615 881 2686; x_wconf 84' lang='lat' dir='ltr'><strong>ejicit,</strong></span> <span class='ocrx_word' id='word_1_202' title='bbox 915 2626 1151 2686; x_wconf 90' lang='lat' dir='ltr'><strong>apertam</strong></span> <span class='ocrx_word' id='word_1_203' title='bbox 1197 2633 1256 2671; x_wconf 85' lang='lat' dir='ltr'><strong>se</strong></span> <span class='ocrx_word' id='word_1_204' title='bbox 1301 2619 1611 2674; x_wconf 82' lang='lat' dir='ltr'><strong>adversario</strong></span> <span class='ocrx_word' id='word_1_205' title='bbox 1638 2631 1820 2675; x_wconf 81' lang='lat' dir='ltr'><strong>osten-</strong></span> 
     </span>
    </p>
   </div>
   <div class='ocr_carea' id='block_1_26' title="bbox 235 2705 1820 2781">
    <p class='ocr_par' dir='ltr' id='par_1_26' title="bbox 235 2705 1820 2781">
     <span class='ocr_line' id='line_1_26' title="bbox 235 2705 1820 2781; baseline 0.004 -23"><span class='ocrx_word' id='word_1_206' title='bbox 235 2705 328 2759; x_wconf 85' lang='lat' dir='ltr'><strong>dit.</strong></span> <span class='ocrx_word' id='word_1_207' title='bbox 359 2706 527 2774; x_wconf 84' lang='lat' dir='ltr'><strong>Quam</strong></span> <span class='ocrx_word' id='word_1_208' title='bbox 567 2716 712 2760; x_wconf 89' lang='lat' dir='ltr'><strong>tanto</strong></span> <span class='ocrx_word' id='word_1_209' title='bbox 745 2707 835 2761; x_wconf 90' lang='lat' dir='ltr'><strong>ille</strong></span> <span class='ocrx_word' id='word_1_210' title='bbox 887 2709 1003 2762; x_wconf 89' lang='lat' dir='ltr'><strong>sine</strong></span> <span class='ocrx_word' id='word_1_211' title='bbox 1057 2708 1238 2764; x_wconf 89' lang='lat' dir='ltr'><strong>labore</strong></span> <span class='ocrx_word' id='word_1_212' title='bbox 1268 2720 1501 2778; x_wconf 86' lang='lat' dir='ltr'><strong>superat,</strong></span> <span class='ocrx_word' id='word_1_213' title='bbox 1537 2721 1737 2781; x_wconf 85' lang='lat' dir='ltr'><strong>quanto</strong></span> <span class='ocrx_word' id='word_1_214' title='bbox 1765 2719 1820 2765; x_wconf 88' lang='lat' dir='ltr'><strong>et</strong></span> 
     </span>
    </p>
   </div>
   <div class='ocr_carea' id='block_1_27' title="bbox 228 2801 1814 2873">
    <p class='ocr_par' dir='ltr' id='par_1_27' title="bbox 228 2801 1814 2873">
     <span class='ocr_line' id='line_1_27' title="bbox 228 2801 1814 2873; baseline 0.004 -20"><span class='ocrx_word' id='word_1_215' title='bbox 228 2801 348 2869; x_wconf 88' lang='lat' dir='ltr'><strong>ipsa</strong></span> <span class='ocrx_word' id='word_1_216' title='bbox 387 2817 506 2869; x_wconf 72' lang='lat' dir='ltr'><strong>qua:</strong></span> <span class='ocrx_word' id='word_1_217' title='bbox 553 2801 801 2867; x_wconf 71' lang='lat' dir='ltr'><strong>vincitur,</strong></span> <span class='ocrx_word' id='word_1_218' title='bbox 833 2810 1017 2856; x_wconf 88' lang='lat' dir='ltr'><strong>contra</strong></span> <span class='ocrx_word' id='word_1_219' title='bbox 1063 2804 1402 2870; x_wconf 88' lang='lat' dir='ltr'><strong>semetipsam</strong></span> <span class='ocrx_word' id='word_1_220' title='bbox 1434 2819 1526 2873; x_wconf 91' lang='lat' dir='ltr'><strong>per</strong></span> <span class='ocrx_word' id='word_1_221' title='bbox 1576 2804 1814 2860; x_wconf 82' lang='lat' dir='ltr'><strong>multilo-</strong></span> 
     </span>
    </p>
   </div>
   <div class='ocr_carea' id='block_1_28' title="bbox 228 2892 666 2964">
    <p class='ocr_par' dir='ltr' id='par_1_28' title="bbox 228 2892 666 2964">
     <span class='ocr_line' id='line_1_28' title="bbox 228 2892 666 2964; baseline 0.014 -23"><span class='ocrx_word' id='word_1_222' title='bbox 228 2892 418 2962; x_wconf 82' lang='lat' dir='ltr'><strong>quium</strong></span> <span class='ocrx_word' id='word_1_223' title='bbox 447 2905 666 2964; x_wconf 78' lang='lat' dir='ltr'><strong>pugnat.</strong></span> 
     </span>
    </p>
   </div>
   <div class='ocr_carea' id='block_1_29' title="bbox 305 2987 1822 3060">
    <p class='ocr_par' dir='ltr' id='par_1_29' title="bbox 305 2987 1822 3060">
     <span class='ocr_line' id='line_1_29' title="bbox 305 2987 1822 3060; baseline 0.001 -20"><span class='ocrx_word' id='word_1_224' title='bbox 305 2987 626 3056; x_wconf 84' lang='lat' dir='ltr'><strong>Plerumque</strong></span> <span class='ocrx_word' id='word_1_225' title='bbox 656 2996 831 3042; x_wconf 86' lang='lat' dir='ltr'><strong>autem</strong></span> <span class='ocrx_word' id='word_1_226' title='bbox 863 2989 989 3057; x_wconf 88' lang='lat' dir='ltr'><strong>quia</strong></span> <span class='ocrx_word' id='word_1_227' title='bbox 1021 3002 1114 3057; x_wconf 87' lang='lat' dir='ltr'><strong>per</strong></span> <span class='ocrx_word' id='word_1_228' title='bbox 1168 2989 1424 3056; x_wconf 86' lang='lat' dir='ltr'><strong>quosdam</strong></span> <span class='ocrx_word' id='word_1_229' title='bbox 1456 2988 1650 3060; x_wconf 89' lang='lat' dir='ltr'><strong>gradus</strong></span> <span class='ocrx_word' id='word_1_230' title='bbox 1679 2987 1822 3042; x_wconf 85' lang='lat' dir='ltr'><strong>desi-</strong></span> 
     </span>
    </p>
   </div>
   <div class='ocr_carea' id='block_1_30' title="bbox 229 3079 1818 3153">
    <p class='ocr_par' dir='ltr' id='par_1_30' title="bbox 229 3079 1818 3153">
     <span class='ocr_line' id='line_1_30' title="bbox 229 3079 1818 3153; baseline 0.002 -21"><span class='ocrx_word' id='word_1_231' title='bbox 229 3079 386 3132; x_wconf 83' lang='lat' dir='ltr'><strong>diosa</strong></span> <span class='ocrx_word' id='word_1_232' title='bbox 438 3093 592 3133; x_wconf 70' lang='lat' dir='ltr'><strong>utens</strong></span> <span class='ocrx_word' id='word_1_233' title='bbox 629 3080 680 3133; x_wconf 91' lang='lat' dir='ltr'><strong>in</strong></span> <span class='ocrx_word' id='word_1_234' title='bbox 737 3081 944 3148; x_wconf 86' lang='lat' dir='ltr'><strong>lapsum</strong></span> <span class='ocrx_word' id='word_1_235' title='bbox 987 3094 1142 3135; x_wconf 86' lang='lat' dir='ltr'><strong>casus</strong></span> <span class='ocrx_word' id='word_1_236' title='bbox 1191 3079 1505 3149; x_wconf 88' lang='lat' dir='ltr'><strong>impellitur,</strong></span> <span class='ocrx_word' id='word_1_237' title='bbox 1539 3081 1661 3135; x_wconf 90' lang='lat' dir='ltr'><strong>dum</strong></span> <span class='ocrx_word' id='word_1_238' title='bbox 1712 3081 1818 3153; x_wconf 84' lang='lat'><strong>55</strong></span> 
     </span>
    </p>
   </div>
   <div class='ocr_carea' id='block_1_31' title="bbox 227 3171 1816 3242">
    <p class='ocr_par' dir='ltr' id='par_1_31' title="bbox 227 3171 1816 3242">
     <span class='ocr_line' id='line_1_31' title="bbox 227 3171 1816 3242; baseline -0.002 -14"><span class='ocrx_word' id='word_1_239' title='bbox 227 3173 408 3228; x_wconf 84' lang='lat' dir='ltr'><strong>otiosa</strong></span> <span class='ocrx_word' id='word_1_240' title='bbox 445 3185 632 3226; x_wconf 88' lang='lat' dir='ltr'><strong>cavere</strong></span> <span class='ocrx_word' id='word_1_241' title='bbox 675 3172 837 3226; x_wconf 76' lang='lat' dir='ltr'><strong>verba</strong></span> <span class='ocrx_word' id='word_1_242' title='bbox 887 3172 1242 3242; x_wconf 76' lang='lat' dir='ltr'><strong>negligimus,</strong></span> <span class='ocrx_word' id='word_1_243' title='bbox 1273 3171 1338 3226; x_wconf 92' lang='lat' dir='ltr'><strong>ad</strong></span> <span class='ocrx_word' id='word_1_244' title='bbox 1380 3173 1534 3226; x_wconf 84' lang='lat' dir='ltr'><strong>noxia</strong></span> <span class='ocrx_word' id='word_1_245' title='bbox 1569 3176 1816 3241; x_wconf 82' lang='lat' dir='ltr'><strong>perveni-</strong></span> 
     </span>
    </p>
   </div>
   <div class='ocr_carea' id='block_1_32' title="bbox 1927 583 3503 661">
    <p class='ocr_par' dir='ltr' id='par_1_32' title="bbox 1927 583 3503 661">
     <span class='ocr_line' id='line_1_32' title="bbox 1927 583 3503 661; baseline 0.003 -26"><span class='ocrx_word' id='word_1_246' title='bbox 1927 583 2134 652; x_wconf 77' lang='lat' dir='ltr'><strong>frertans</strong></span> <span class='ocrx_word' id='word_1_247' title='bbox 2155 584 2388 653; x_wconf 86' lang='lat' dir='ltr'><strong>linguam</strong></span> <span class='ocrx_word' id='word_1_248' title='bbox 2413 601 2558 638; x_wconf 85' lang='lat' dir='ltr'><strong>suam</strong></span> <span class='ocrx_word' id='word_1_249' title='bbox 2587 629 2599 652; x_wconf 85' lang='lat'><strong>,</strong></span> <span class='ocrx_word' id='word_1_250' title='bbox 2633 587 2720 637; x_wconf 82' lang='lat' dir='ltr'><strong>sed</strong></span> <span class='ocrx_word' id='word_1_251' title='bbox 2745 585 2990 638; x_wconf 72' lang='lat' dir='ltr'><strong>srducens</strong></span> <span class='ocrx_word' id='word_1_252' title='bbox 3027 603 3112 638; x_wconf 88' lang='lat' dir='ltr'><strong>cor</strong></span> <span class='ocrx_word' id='word_1_253' title='bbox 3150 603 3318 650; x_wconf 82' lang='lat' dir='ltr'><strong>suum,</strong></span> <span class='ocrx_word' id='word_1_254' title='bbox 3350 587 3503 661; x_wconf 80' lang='lat' dir='ltr'><strong>lmjus</strong></span> 
     </span>
    </p>
   </div>
   <div class='ocr_carea' id='block_1_33' title="bbox 1923 674 3504 748">
    <p class='ocr_par' dir='ltr' id='par_1_33' title="bbox 1923 674 3504 748">
     <span class='ocr_line' id='line_1_33' title="bbox 1923 674 3504 748; baseline 0.003 -20"><span class='ocrx_word' id='word_1_255' title='bbox 1923 690 2055 728; x_wconf 87' lang='lat' dir='ltr'><strong>vana</strong></span> <span class='ocrx_word' id='word_1_256' title='bbox 2081 686 2154 729; x_wconf 87' lang='lat' dir='ltr'><strong>est</strong></span> <span class='ocrx_word' id='word_1_257' title='bbox 2175 675 2358 745; x_wconf 81' lang='lat' dir='ltr'><strong>religio</strong></span> <span class='ocrx_word' id='word_1_258' title='bbox 2379 674 2519 746; x_wconf 79' lang='lat' dir='ltr'><strong>(Jac.</strong></span> <span class='ocrx_word' id='word_1_259' title='bbox 2555 694 2594 742; x_wconf 83' lang='grc' dir='ltr'><strong>ι,</strong></span> <span class='ocrx_word' id='word_1_260' title='bbox 2619 678 2732 748; x_wconf 65' lang='grc'>26).</span> <span class='ocrx_word' id='word_1_261' title='bbox 2755 678 2885 732; x_wconf 89' lang='lat' dir='ltr'><strong>Hinc</strong></span> <span class='ocrx_word' id='word_1_262' title='bbox 2914 692 3122 732; x_wconf 88' lang='lat' dir='ltr'><strong>rursum</strong></span> <span class='ocrx_word' id='word_1_263' title='bbox 3154 681 3259 732; x_wconf 86' lang='lat' dir='ltr'><strong>ait:</strong></span> <span class='ocrx_word' id='word_1_264' title='bbox 3287 681 3367 734; x_wconf 74' lang='lat' dir='ltr'><strong>Sit</strong></span> <span class='ocrx_word' id='word_1_265' title='bbox 3396 697 3504 733; x_wconf 53' lang='lat' dir='ltr'><strong>om.</strong></span> 
     </span>
    </p>
   </div>
   <div class='ocr_carea' id='block_1_34' title="bbox 1923 768 3504 836">
    <p class='ocr_par' dir='ltr' id='par_1_34' title="bbox 1923 768 3504 836">
     <span class='ocr_line' id='line_1_34' title="bbox 1923 768 3504 836; baseline 0.003 -14"><span class='ocrx_word' id='word_1_266' title='bbox 1923 768 2000 822; x_wconf 85' lang='lat' dir='ltr'><strong>nis</strong></span> <span class='ocrx_word' id='word_1_267' title='bbox 2033 768 2182 822; x_wconf 81' lang='lat' dir='ltr'><strong>homo</strong></span> <span class='ocrx_word' id='word_1_268' title='bbox 2220 769 2364 822; x_wconf 72' lang='lat' dir='ltr'><strong>velox</strong></span> <span class='ocrx_word' id='word_1_269' title='bbox 2400 771 2466 822; x_wconf 86' lang='lat' dir='ltr'><strong>ad</strong></span> <span class='ocrx_word' id='word_1_270' title='bbox 2499 771 2850 836; x_wconf 85' lang='lat' dir='ltr'><strong>audiendum,</strong></span> <span class='ocrx_word' id='word_1_271' title='bbox 2891 771 3070 824; x_wconf 83' lang='lat' dir='ltr'><strong>tardus</strong></span> <span class='ocrx_word' id='word_1_272' title='bbox 3115 779 3281 824; x_wconf 82' lang='lat' dir='ltr'><strong>autent</strong></span> <span class='ocrx_word' id='word_1_273' title='bbox 3319 773 3386 825; x_wconf 85' lang='lat' dir='ltr'><strong>ad</strong></span> <span class='ocrx_word' id='word_1_274' title='bbox 3425 774 3504 826; x_wconf 88' lang='lat' dir='ltr'><strong>lo-</strong></span> 
     </span>
    </p>
   </div>
   <div class='ocr_carea' id='block_1_35' title="bbox 1922 859 3499 932">
    <p class='ocr_par' dir='ltr' id='par_1_35' title="bbox 1922 859 3499 932">
     <span class='ocr_line' id='line_1_35' title="bbox 1922 859 3499 932; baseline 0.003 -20"><span class='ocrx_word' id='word_1_275' title='bbox 1922 861 2178 930; x_wconf 86' lang='lat' dir='ltr'><strong>quendum</strong></span> <span class='ocrx_word' id='word_1_276' title='bbox 2215 859 2402 932; x_wconf 84' lang='lat' dir='ltr'><strong>(lbid.,</strong></span> <span class='ocrx_word' id='word_1_277' title='bbox 2438 861 2550 931; x_wconf 78' lang='lat' dir='ltr'><strong>l9).</strong></span> <span class='ocrx_word' id='word_1_278' title='bbox 2586 861 2718 916; x_wconf 86' lang='lat' dir='ltr'><strong>Hinc</strong></span> <span class='ocrx_word' id='word_1_279' title='bbox 2742 865 2952 930; x_wconf 84' lang='lat' dir='ltr'><strong>iterum,</strong></span> <span class='ocrx_word' id='word_1_280' title='bbox 2988 863 3180 932; x_wconf 65' lang='lat' dir='ltr'><strong>linguae</strong></span> <span class='ocrx_word' id='word_1_281' title='bbox 3231 864 3334 917; x_wconf 86' lang='lat' dir='ltr'><strong>vim</strong></span> <span class='ocrx_word' id='word_1_282' title='bbox 3366 864 3499 919; x_wconf 88' lang='lat' dir='ltr'><strong>deli-</strong></span> 
     </span>
    </p>
   </div>
   <div class='ocr_carea' id='block_1_36' title="bbox 1923 953 3502 1025">
    <p class='ocr_par' dir='ltr' id='par_1_36' title="bbox 1923 953 3502 1025">
     <span class='ocr_line' id='line_1_36' title="bbox 1923 953 3502 1025; baseline 0.003 -20"><span class='ocrx_word' id='word_1_283' title='bbox 1923 954 2124 1017; x_wconf 90' lang='lat' dir='ltr'><strong>niens.,</strong></span> <span class='ocrx_word' id='word_1_284' title='bbox 2173 953 2450 1024; x_wconf 87' lang='lat' dir='ltr'><strong>adjungit:</strong></span> <span class='ocrx_word' id='word_1_285' title='bbox 2509 953 2803 1022; x_wconf 86' lang='lat' dir='ltr'><strong>lnquietum</strong></span> <span class='ocrx_word' id='word_1_286' title='bbox 2849 955 3060 1018; x_wconf 86' lang='lat' dir='ltr'><strong>malunt,</strong></span> <span class='ocrx_word' id='word_1_287' title='bbox 3108 955 3258 1025; x_wconf 82' lang='lat' dir='ltr'><strong>plena</strong></span> <span class='ocrx_word' id='word_1_288' title='bbox 3313 971 3502 1010; x_wconf 84' lang='lat' dir='ltr'><strong>veneno</strong></span> 
     </span>
    </p>
   </div>
   <div class='ocr_carea' id='block_1_37' title="bbox 1921 1043 3501 1116">
    <p class='ocr_par' dir='ltr' id='par_1_37' title="bbox 1921 1043 3501 1116">
     <span class='ocr_line' id='line_1_37' title="bbox 1921 1043 3501 1116; baseline 0.004 -20"><span class='ocrx_word' id='word_1_289' title='bbox 1921 1044 2189 1114; x_wconf 78' lang='lat' dir='ltr'><strong>mortifero</strong></span> <span class='ocrx_word' id='word_1_290' title='bbox 2216 1043 2358 1116; x_wconf 82' lang='lat' dir='ltr'><strong>(Jac.</strong></span> <span class='ocrx_word' id='word_1_291' title='bbox 2392 1062 2469 1114; x_wconf 78' lang='lat' dir='ltr'><strong>tri,</strong></span> <span class='ocrx_word' id='word_1_292' title='bbox 2498 1045 2574 1116; x_wconf 91' lang='lat'><strong>8).</strong></span> <span class='ocrx_word' id='word_1_293' title='bbox 2607 1045 2736 1100; x_wconf 86' lang='lat' dir='ltr'><strong>Hinc</strong></span> <span class='ocrx_word' id='word_1_294' title='bbox 2772 1062 2863 1114; x_wconf 86' lang='lat' dir='ltr'><strong>per</strong></span> <span class='ocrx_word' id='word_1_295' title='bbox 2891 1047 3229 1116; x_wconf 86' lang='lat' dir='ltr'><strong>semetipsaut</strong></span> <span class='ocrx_word' id='word_1_296' title='bbox 3258 1064 3354 1104; x_wconf 86' lang='lat' dir='ltr'><strong>nos</strong></span> <span class='ocrx_word' id='word_1_297' title='bbox 3401 1050 3501 1103; x_wconf 78' lang='lat' dir='ltr'><strong>Vc-</strong></span> 
     </span>
    </p>
   </div>
   <div class='ocr_carea' id='block_1_38' title="bbox 1922 1133 3503 1205">
    <p class='ocr_par' dir='ltr' id='par_1_38' title="bbox 1922 1133 3503 1205">
     <span class='ocr_line' id='line_1_38' title="bbox 1922 1133 3503 1205; baseline 0.003 -18"><span class='ocrx_word' id='word_1_298' title='bbox 1922 1133 2053 1188; x_wconf 89' lang='lat' dir='ltr'><strong>ritas</strong></span> <span class='ocrx_word' id='word_1_299' title='bbox 2093 1134 2342 1189; x_wconf 87' lang='lat' dir='ltr'><strong>admonet</strong></span> <span class='ocrx_word' id='word_1_300' title='bbox 2366 1175 2381 1198; x_wconf 95' lang='lat'><strong>,</strong></span> <span class='ocrx_word' id='word_1_301' title='bbox 2431 1136 2644 1189; x_wconf 89' lang='lat' dir='ltr'><strong>dicens:</strong></span> <span class='ocrx_word' id='word_1_302' title='bbox 2682 1135 2846 1189; x_wconf 90' lang='lat' dir='ltr'><strong>Omne</strong></span> <span class='ocrx_word' id='word_1_303' title='bbox 2873 1139 3076 1190; x_wconf 81' lang='lat' dir='ltr'><strong>verbum</strong></span> <span class='ocrx_word' id='word_1_304' title='bbox 3121 1140 3338 1192; x_wconf 85' lang='lat' dir='ltr'><strong>otiosum</strong></span> <span class='ocrx_word' id='word_1_305' title='bbox 3368 1141 3503 1205; x_wconf 77' lang='lat' dir='ltr'><strong>quod</strong></span> 
     </span>
    </p>
   </div>
   <div class='ocr_carea' id='block_1_39' title="bbox 1921 1225 3501 1294">
    <p class='ocr_par' dir='ltr' id='par_1_39' title="bbox 1921 1225 3501 1294">
     <span class='ocr_line' id='line_1_39' title="bbox 1921 1225 3501 1294; baseline 0.004 -16"><span class='ocrx_word' id='word_1_306' title='bbox 1921 1225 2073 1278; x_wconf 86' lang='lat' dir='ltr'><strong>locuti</strong></span> <span class='ocrx_word' id='word_1_307' title='bbox 2104 1225 2291 1294; x_wconf 81' lang='lat' dir='ltr'><strong>fuerint</strong></span> <span class='ocrx_word' id='word_1_308' title='bbox 2323 1225 2550 1280; x_wconf 80' lang='lat' dir='ltr'><strong>homines</strong></span> <span class='ocrx_word' id='word_1_309' title='bbox 2570 1266 2586 1292; x_wconf 96' lang='lat'><strong>,</strong></span> <span class='ocrx_word' id='word_1_310' title='bbox 2620 1227 2830 1281; x_wconf 81' lang='lat' dir='ltr'><strong>reddent</strong></span> <span class='ocrx_word' id='word_1_311' title='bbox 2859 1232 2924 1282; x_wconf 85' lang='lat' dir='ltr'><strong>de</strong></span> <span class='ocrx_word' id='word_1_312' title='bbox 2952 1245 3012 1283; x_wconf 89' lang='lat' dir='ltr'><strong>eo</strong></span> <span class='ocrx_word' id='word_1_313' title='bbox 3044 1232 3294 1285; x_wconf 87' lang='lat' dir='ltr'><strong>rationem</strong></span> <span class='ocrx_word' id='word_1_314' title='bbox 3324 1233 3375 1284; x_wconf 88' lang='lat' dir='ltr'><strong>in</strong></span> <span class='ocrx_word' id='word_1_315' title='bbox 3419 1233 3501 1284; x_wconf 86' lang='lat' dir='ltr'><strong>die</strong></span> 
     </span>
    </p>
   </div>
   <div class='ocr_carea' id='block_1_40' title="bbox 1911 1319 3499 1393">
    <p class='ocr_par' dir='ltr' id='par_1_40' title="bbox 1911 1319 3499 1393">
     <span class='ocr_line' id='line_1_40' title="bbox 1911 1319 3499 1393; baseline 0.004 -22"><span class='ocrx_word' id='word_1_316' title='bbox 1911 1319 2105 1388; x_wconf 87' lang='lat' dir='ltr'><strong>judicii</strong></span> <span class='ocrx_word' id='word_1_317' title='bbox 2131 1319 2345 1388; x_wconf 78' lang='lat' dir='ltr'><strong>(Matth.</strong></span> <span class='ocrx_word' id='word_1_318' title='bbox 2378 1335 2473 1385; x_wconf 85' lang='lat' dir='ltr'><strong>xu,</strong></span> <span class='ocrx_word' id='word_1_319' title='bbox 2497 1321 2608 1387; x_wconf 76' lang='lat'><strong>36).</strong></span> <span class='ocrx_word' id='word_1_320' title='bbox 2641 1321 2879 1376; x_wconf 86' lang='lat' dir='ltr'><strong>Otiosum</strong></span> <span class='ocrx_word' id='word_1_321' title='bbox 2925 1324 3120 1393; x_wconf 90' lang='lat' dir='ltr'><strong>quippe</strong></span> <span class='ocrx_word' id='word_1_322' title='bbox 3147 1325 3366 1378; x_wconf 83' lang='lat' dir='ltr'><strong>verbum</strong></span> <span class='ocrx_word' id='word_1_323' title='bbox 3395 1333 3499 1389; x_wconf 85' lang='lat' dir='ltr'><strong>est,</strong></span> 
     </span>
    </p>
   </div>
   <div class='ocr_carea' id='block_1_41' title="bbox 1921 1411 3504 1481">
    <p class='ocr_par' dir='ltr' id='par_1_41' title="bbox 1921 1411 3504 1481">
     <span class='ocr_line' id='line_1_41' title="bbox 1921 1411 3504 1481; baseline 0.004 -17"><span class='ocrx_word' id='word_1_324' title='bbox 1921 1411 2062 1479; x_wconf 89' lang='lat' dir='ltr'><strong>quod</strong></span> <span class='ocrx_word' id='word_1_325' title='bbox 2103 1421 2194 1466; x_wconf 90' lang='lat' dir='ltr'><strong>aut</strong></span> <span class='ocrx_word' id='word_1_326' title='bbox 2233 1415 2440 1467; x_wconf 81' lang='lat' dir='ltr'><strong>ratione</strong></span> <span class='ocrx_word' id='word_1_327' title='bbox 2474 1412 2634 1481; x_wconf 64' lang='lat' dir='ltr'><strong>justas</strong></span> <span class='ocrx_word' id='word_1_328' title='bbox 2670 1415 3004 1470; x_wconf 84' lang='lat' dir='ltr'><strong>necessitatis</strong></span> <span class='ocrx_word' id='word_1_329' title='bbox 3027 1457 3040 1479; x_wconf 92' lang='lat'><strong>,</strong></span> <span class='ocrx_word' id='word_1_330' title='bbox 3075 1425 3164 1469; x_wconf 86' lang='lat' dir='ltr'><strong>aut</strong></span> <span class='ocrx_word' id='word_1_331' title='bbox 3209 1417 3504 1472; x_wconf 88' lang='lat' dir='ltr'><strong>intentione</strong></span> 
     </span>
    </p>
   </div>
   <div class='ocr_carea' id='block_1_42' title="bbox 1925 1503 3503 1576">
    <p class='ocr_par' dir='ltr' id='par_1_42' title="bbox 1925 1503 3503 1576">
     <span class='ocr_line' id='line_1_42' title="bbox 1925 1503 3503 1576; baseline 0.005 -20"><span class='ocrx_word' id='word_1_332' title='bbox 1925 1503 2026 1573; x_wconf 70' lang='lat' dir='ltr'><strong>pia:</strong></span> <span class='ocrx_word' id='word_1_333' title='bbox 2053 1504 2294 1558; x_wconf 85' lang='lat' dir='ltr'><strong>utilitatis</strong></span> <span class='ocrx_word' id='word_1_334' title='bbox 2339 1515 2505 1560; x_wconf 89' lang='lat' dir='ltr'><strong>caret.</strong></span> <span class='ocrx_word' id='word_1_335' title='bbox 2538 1506 2593 1561; x_wconf 91' lang='lat' dir='ltr'><strong>Si</strong></span> <span class='ocrx_word' id='word_1_336' title='bbox 2624 1522 2749 1576; x_wconf 83' lang='lat' dir='ltr'><strong>ergo</strong></span> <span class='ocrx_word' id='word_1_337' title='bbox 2776 1507 2844 1562; x_wconf 91' lang='lat' dir='ltr'><strong>de</strong></span> <span class='ocrx_word' id='word_1_338' title='bbox 2887 1508 3060 1564; x_wconf 88' lang='lat' dir='ltr'><strong>otioso</strong></span> <span class='ocrx_word' id='word_1_339' title='bbox 3091 1523 3340 1564; x_wconf 84' lang='lat' dir='ltr'><strong>sermone</strong></span> <span class='ocrx_word' id='word_1_340' title='bbox 3367 1511 3503 1565; x_wconf 89' lang='lat' dir='ltr'><strong>ratio</strong></span> 
     </span>
    </p>
   </div>
   <div class='ocr_carea' id='block_1_43' title="bbox 1921 1596 3500 1670">
    <p class='ocr_par' dir='ltr' id='par_1_43' title="bbox 1921 1596 3500 1670">
     <span class='ocr_line' id='line_1_43' title="bbox 1921 1596 3500 1670; baseline 0.001 -18"><span class='ocrx_word' id='word_1_341' title='bbox 1921 1596 2180 1666; x_wconf 83' lang='lat' dir='ltr'><strong>exigitur,</strong></span> <span class='ocrx_word' id='word_1_342' title='bbox 2207 1613 2494 1665; x_wconf 89' lang='lat' dir='ltr'><strong>pensemus</strong></span> <span class='ocrx_word' id='word_1_343' title='bbox 2523 1614 2640 1668; x_wconf 79' lang='lat' dir='ltr'><strong>quae</strong></span> <span class='ocrx_word' id='word_1_344' title='bbox 2672 1614 2825 1665; x_wconf 63' lang='lat' dir='ltr'><strong>paena</strong></span> <span class='ocrx_word' id='word_1_345' title='bbox 2850 1602 3238 1670; x_wconf 88' lang='lat' dir='ltr'><strong>multiloquium</strong></span> <span class='ocrx_word' id='word_1_346' title='bbox 3269 1614 3500 1669; x_wconf 83' lang='lat' dir='ltr'><strong>maneat,</strong></span> 
     </span>
    </p>
   </div>
   <div class='ocr_carea' id='block_1_44' title="bbox 1923 1688 3108 1759">
    <p class='ocr_par' dir='ltr' id='par_1_44' title="bbox 1923 1688 3108 1759">
     <span class='ocr_line' id='line_1_44' title="bbox 1923 1688 3108 1759; baseline 0.004 -17"><span class='ocrx_word' id='word_1_347' title='bbox 1923 1688 1974 1742; x_wconf 90' lang='lat' dir='ltr'><strong>in</strong></span> <span class='ocrx_word' id='word_1_348' title='bbox 2001 1703 2106 1756; x_wconf 93' lang='lat' dir='ltr'><strong>quo</strong></span> <span class='ocrx_word' id='word_1_349' title='bbox 2136 1693 2294 1742; x_wconf 84' lang='lat' dir='ltr'><strong>etiam</strong></span> <span class='ocrx_word' id='word_1_350' title='bbox 2329 1704 2423 1756; x_wconf 91' lang='lat' dir='ltr'><strong>per</strong></span> <span class='ocrx_word' id='word_1_351' title='bbox 2456 1691 2612 1743; x_wconf 89' lang='lat' dir='ltr'><strong>noxia</strong></span> <span class='ocrx_word' id='word_1_352' title='bbox 2643 1691 2804 1744; x_wconf 88' lang='lat' dir='ltr'><strong>verba</strong></span> <span class='ocrx_word' id='word_1_353' title='bbox 2839 1701 3108 1759; x_wconf 88' lang='lat' dir='ltr'><strong>peccatur.</strong></span> 
     </span>
    </p>
   </div>
   <div class='ocr_carea' id='block_1_45' title="bbox 2296 1776 3126 1854">
    <p class='ocr_par' dir='ltr' id='par_1_45' title="bbox 2296 1776 3126 1854">
     <span class='ocr_line' id='line_1_45' title="bbox 2296 1776 3126 1854; baseline 0.007 -24"><span class='ocrx_word' id='word_1_354' title='bbox 2296 1776 2524 1834; x_wconf 81' lang='lat' dir='ltr'><strong>CAPUT</strong></span> <span class='ocrx_word' id='word_1_355' title='bbox 2569 1777 2660 1832; x_wconf 80' lang='lat' dir='ltr'><strong>XV</strong></span> <span class='ocrx_word' id='word_1_356' title='bbox 2695 1778 2802 1851; x_wconf 79' lang='grc' dir='ltr'><strong>[ΑΙ.</strong></span> <span class='ocrx_word' id='word_1_357' title='bbox 2833 1778 3126 1854; x_wconf 71' lang='lat' dir='ltr'><strong>XXXIX].</strong></span> 
     </span>
    </p>
   </div>
   <div class='ocr_carea' id='block_1_46' title="bbox 2129 1868 3308 1943">
    <p class='ocr_par' dir='ltr' id='par_1_46' title="bbox 2129 1868 3308 1943">
     <span class='ocr_line' id='line_1_46' title="bbox 2129 1868 3308 1943; baseline 0.008 -24"><span class='ocrx_word' id='word_1_358' title='bbox 2129 1868 2398 1933; x_wconf 86' lang='lat' dir='ltr'><strong>Quomodo</strong></span> <span class='ocrx_word' id='word_1_359' title='bbox 2428 1869 2738 1923; x_wconf 84' lang='lat' dir='ltr'><strong>admonendi</strong></span> <span class='ocrx_word' id='word_1_360' title='bbox 2769 1872 2904 1941; x_wconf 85' lang='lat' dir='ltr'><strong>pigri</strong></span> <span class='ocrx_word' id='word_1_361' title='bbox 2930 1882 2975 1925; x_wconf 91' lang='lat' dir='ltr'><strong>et</strong></span> <span class='ocrx_word' id='word_1_362' title='bbox 3005 1873 3308 1943; x_wconf 83' lang='lat' dir='ltr'><strong>prtvcipites.</strong></span> 
     </span>
    </p>
   </div>
   <div class='ocr_carea' id='block_1_47' title="bbox 1998 1960 3502 2036">
    <p class='ocr_par' dir='ltr' id='par_1_47' title="bbox 1998 1960 3502 2036">
     <span class='ocr_line' id='line_1_47' title="bbox 1998 1960 3502 2036; baseline 0.005 -23"><span class='ocrx_word' id='word_1_363' title='bbox 1998 1961 2318 2028; x_wconf 80' lang='lat' dir='ltr'><strong>(Admonitio</strong></span> <span class='ocrx_word' id='word_1_364' title='bbox 2365 1960 2478 2029; x_wconf 75' lang='grc'>16.)</span> <span class='ocrx_word' id='word_1_365' title='bbox 2512 1962 2682 2016; x_wconf 78' lang='lat' dir='ltr'><strong>Aliter</strong></span> <span class='ocrx_word' id='word_1_366' title='bbox 2708 1963 3028 2018; x_wconf 87' lang='lat' dir='ltr'><strong>admonendi</strong></span> <span class='ocrx_word' id='word_1_367' title='bbox 3059 1976 3184 2018; x_wconf 85' lang='lat' dir='ltr'><strong>sunt</strong></span> <span class='ocrx_word' id='word_1_368' title='bbox 3229 1967 3380 2036; x_wconf 83' lang='lat' dir='ltr'><strong>pigri,</strong></span> <span class='ocrx_word' id='word_1_369' title='bbox 3421 1975 3502 2021; x_wconf 83' lang='lat' dir='ltr'><strong>at-</strong></span> 
     </span>
    </p>
   </div>
   <div class='ocr_carea' id='block_1_48' title="bbox 1923 2052 3503 2125">
    <p class='ocr_par' dir='ltr' id='par_1_48' title="bbox 1923 2052 3503 2125">
     <span class='ocr_line' id='line_1_48' title="bbox 1923 2052 3503 2125; baseline 0.004 -19"><span class='ocrx_word' id='word_1_370' title='bbox 1923 2067 2026 2123; x_wconf 91' lang='lat' dir='ltr'><strong>que</strong></span> <span class='ocrx_word' id='word_1_371' title='bbox 2051 2052 2208 2106; x_wconf 80' lang='lat' dir='ltr'><strong>aliter</strong></span> <span class='ocrx_word' id='word_1_372' title='bbox 2236 2052 2556 2121; x_wconf 85' lang='lat' dir='ltr'><strong>praecipites.</strong></span> <span class='ocrx_word' id='word_1_373' title='bbox 2593 2053 2668 2106; x_wconf 88' lang='lat' dir='ltr'><strong>liii</strong></span> <span class='ocrx_word' id='word_1_374' title='bbox 2704 2068 2934 2123; x_wconf 88' lang='lat' dir='ltr'><strong>namque</strong></span> <span class='ocrx_word' id='word_1_375' title='bbox 2963 2056 3216 2110; x_wconf 83' lang='lat' dir='ltr'><strong>suadendi</strong></span> <span class='ocrx_word' id='word_1_376' title='bbox 3260 2067 3402 2125; x_wconf 89' lang='lat' dir='ltr'><strong>sunt,</strong></span> <span class='ocrx_word' id='word_1_377' title='bbox 3436 2076 3503 2113; x_wconf 91' lang='lat' dir='ltr'><strong>ne</strong></span> 
     </span>
    </p>
   </div>
   <div class='ocr_carea' id='block_1_49' title="bbox 1921 2143 3502 2214">
    <p class='ocr_par' dir='ltr' id='par_1_49' title="bbox 1921 2143 3502 2214">
     <span class='ocr_line' id='line_1_49' title="bbox 1921 2143 3502 2214; baseline 0.003 -17"><span class='ocrx_word' id='word_1_378' title='bbox 1921 2143 2126 2210; x_wconf 80' lang='lat' dir='ltr'><strong>agenda</strong></span> <span class='ocrx_word' id='word_1_379' title='bbox 2155 2143 2314 2214; x_wconf 84' lang='lat' dir='ltr'><strong>bona,</strong></span> <span class='ocrx_word' id='word_1_380' title='bbox 2341 2143 2464 2197; x_wconf 92' lang='lat' dir='ltr'><strong>dum</strong></span> <span class='ocrx_word' id='word_1_381' title='bbox 2491 2143 2784 2212; x_wconf 74' lang='lat' dir='ltr'><strong>differunt,</strong></span> <span class='ocrx_word' id='word_1_382' title='bbox 2813 2145 3100 2213; x_wconf 85' lang='lat' dir='ltr'><strong>amittant;</strong></span> <span class='ocrx_word' id='word_1_383' title='bbox 3137 2149 3221 2202; x_wconf 89' lang='lat' dir='ltr'><strong>isti</strong></span> <span class='ocrx_word' id='word_1_384' title='bbox 3249 2165 3378 2203; x_wconf 89' lang='lat' dir='ltr'><strong>vero</strong></span> <span class='ocrx_word' id='word_1_385' title='bbox 3407 2151 3502 2203; x_wconf 88' lang='lat' dir='ltr'><strong>ad-</strong></span> 
     </span>
    </p>
   </div>
   <div class='ocr_carea' id='block_1_50' title="bbox 1922 2236 3505 2308">
    <p class='ocr_par' dir='ltr' id='par_1_50' title="bbox 1922 2236 3505 2308">
     <span class='ocr_line' id='line_1_50' title="bbox 1922 2236 3505 2308; baseline 0.004 -18"><span class='ocrx_word' id='word_1_386' title='bbox 1922 2237 2176 2291; x_wconf 88' lang='lat' dir='ltr'><strong>monendi</strong></span> <span class='ocrx_word' id='word_1_387' title='bbox 2205 2245 2348 2302; x_wconf 88' lang='lat' dir='ltr'><strong>sunt,</strong></span> <span class='ocrx_word' id='word_1_388' title='bbox 2381 2251 2446 2290; x_wconf 91' lang='lat' dir='ltr'><strong>ne</strong></span> <span class='ocrx_word' id='word_1_389' title='bbox 2473 2236 2597 2291; x_wconf 92' lang='lat' dir='ltr'><strong>dum</strong></span> <span class='ocrx_word' id='word_1_390' title='bbox 2629 2238 2888 2293; x_wconf 82' lang='lat' dir='ltr'><strong>bonorum</strong></span> <span class='ocrx_word' id='word_1_391' title='bbox 2920 2248 3128 2308; x_wconf 88' lang='lat' dir='ltr'><strong>tempus</strong></span> <span class='ocrx_word' id='word_1_392' title='bbox 3159 2241 3370 2297; x_wconf 75' lang='lat' dir='ltr'><strong>il.CalllC</strong></span> <span class='ocrx_word' id='word_1_393' title='bbox 3403 2243 3505 2298; x_wconf 85' lang='lat' dir='ltr'><strong>les-</strong></span> 
     </span>
    </p>
   </div>
   <div class='ocr_carea' id='block_1_51' title="bbox 1925 2329 3506 2406">
    <p class='ocr_par' dir='ltr' id='par_1_51' title="bbox 1925 2329 3506 2406">
     <span class='ocr_line' id='line_1_51' title="bbox 1925 2329 3506 2406; baseline 0.005 -24"><span class='ocrx_word' id='word_1_394' title='bbox 1925 2329 2145 2383; x_wconf 87' lang='lat' dir='ltr'><strong>tinando</strong></span> <span class='ocrx_word' id='word_1_395' title='bbox 2173 2329 2526 2397; x_wconf 66' lang='lat' dir='ltr'><strong>prtcveniunt,</strong></span> <span class='ocrx_word' id='word_1_396' title='bbox 2560 2344 2744 2385; x_wconf 92' lang='lat' dir='ltr'><strong>eorum</strong></span> <span class='ocrx_word' id='word_1_397' title='bbox 2778 2333 2966 2386; x_wconf 84' lang='lat' dir='ltr'><strong>merita</strong></span> <span class='ocrx_word' id='word_1_398' title='bbox 3000 2334 3302 2389; x_wconf 88' lang='lat' dir='ltr'><strong>immutent.</strong></span> <span class='ocrx_word' id='word_1_399' title='bbox 3337 2335 3506 2406; x_wconf 86' lang='lat' dir='ltr'><strong>Pigris</strong></span> 
     </span>
    </p>
   </div>
   <div class='ocr_carea' id='block_1_52' title="bbox 1923 2422 3506 2497">
    <p class='ocr_par' dir='ltr' id='par_1_52' title="bbox 1923 2422 3506 2497">
     <span class='ocr_line' id='line_1_52' title="bbox 1923 2422 3506 2497; baseline 0.003 -20"><span class='ocrx_word' id='word_1_400' title='bbox 1923 2425 2103 2492; x_wconf 89' lang='lat' dir='ltr'><strong>itaque</strong></span> <span class='ocrx_word' id='word_1_401' title='bbox 2153 2422 2504 2479; x_wconf 91' lang='lat' dir='ltr'><strong>intimandum</strong></span> <span class='ocrx_word' id='word_1_402' title='bbox 2549 2433 2634 2481; x_wconf 86' lang='lat' dir='ltr'><strong>est</strong></span> <span class='ocrx_word' id='word_1_403' title='bbox 2677 2425 2818 2495; x_wconf 90' lang='lat' dir='ltr'><strong>quod</strong></span> <span class='ocrx_word' id='word_1_404' title='bbox 2867 2441 3012 2496; x_wconf 66' lang='lat' dir='ltr'><strong>saepe</strong></span> <span class='ocrx_word' id='word_1_405' title='bbox 3039 2427 3165 2481; x_wconf 90' lang='lat' dir='ltr'><strong>dum</strong></span> <span class='ocrx_word' id='word_1_406' title='bbox 3209 2441 3506 2497; x_wconf 87' lang='lat' dir='ltr'><strong>opportune</strong></span> 
     </span>
    </p>
   </div>
   <div class='ocr_carea' id='block_1_53' title="bbox 1931 2517 3508 2589">
    <p class='ocr_par' dir='ltr' id='par_1_53' title="bbox 1931 2517 3508 2589">
     <span class='ocr_line' id='line_1_53' title="bbox 1931 2517 3508 2589; baseline 0.004 -20"><span class='ocrx_word' id='word_1_407' title='bbox 1931 2530 2091 2584; x_wconf 85' lang='lat' dir='ltr'><strong>agere</strong></span> <span class='ocrx_word' id='word_1_408' title='bbox 2119 2530 2237 2586; x_wconf 64' lang='lat' dir='ltr'><strong>quae</strong></span> <span class='ocrx_word' id='word_1_409' title='bbox 2282 2531 2561 2584; x_wconf 76' lang='lat' dir='ltr'><strong>possumus</strong></span> <span class='ocrx_word' id='word_1_410' title='bbox 2609 2517 2881 2585; x_wconf 91' lang='lat' dir='ltr'><strong>nolumus,</strong></span> <span class='ocrx_word' id='word_1_411' title='bbox 2933 2521 3088 2588; x_wconf 90' lang='lat' dir='ltr'><strong>paulo</strong></span> <span class='ocrx_word' id='word_1_412' title='bbox 3123 2529 3242 2589; x_wconf 89' lang='lat' dir='ltr'><strong>post</strong></span> <span class='ocrx_word' id='word_1_413' title='bbox 3267 2537 3386 2575; x_wconf 87' lang='lat' dir='ltr'><strong>cttm</strong></span> <span class='ocrx_word' id='word_1_414' title='bbox 3421 2537 3508 2575; x_wconf 82' lang='lat' dir='ltr'><strong>vo-</strong></span> 
     </span>
    </p>
   </div>
   <div class='ocr_carea' id='block_1_54' title="bbox 1927 2608 3508 2681">
    <p class='ocr_par' dir='ltr' id='par_1_54' title="bbox 1927 2608 3508 2681">
     <span class='ocr_line' id='line_1_54' title="bbox 1927 2608 3508 2681; baseline 0.005 -20"><span class='ocrx_word' id='word_1_415' title='bbox 1927 2608 2106 2662; x_wconf 87' lang='lat' dir='ltr'><strong>lumus</strong></span> <span class='ocrx_word' id='word_1_416' title='bbox 2135 2622 2240 2662; x_wconf 90' lang='lat' dir='ltr'><strong>non</strong></span> <span class='ocrx_word' id='word_1_417' title='bbox 2271 2609 2527 2665; x_wconf 89' lang='lat' dir='ltr'><strong>valemus.</strong></span> <span class='ocrx_word' id='word_1_418' title='bbox 2559 2608 2677 2680; x_wconf 84' lang='lat' dir='ltr'><strong>Ipsa</strong></span> <span class='ocrx_word' id='word_1_419' title='bbox 2706 2611 2900 2681; x_wconf 85' lang='lat' dir='ltr'><strong>quippe</strong></span> <span class='ocrx_word' id='word_1_420' title='bbox 2931 2613 3126 2667; x_wconf 90' lang='lat' dir='ltr'><strong>mentis</strong></span> <span class='ocrx_word' id='word_1_421' title='bbox 3155 2613 3358 2668; x_wconf 86' lang='lat' dir='ltr'><strong>desidia</strong></span> <span class='ocrx_word' id='word_1_422' title='bbox 3385 2614 3508 2670; x_wconf 90' lang='lat' dir='ltr'><strong>dum</strong></span> 
     </span>
    </p>
   </div>
   <div class='ocr_carea' id='block_1_55' title="bbox 1925 2699 3507 2770">
    <p class='ocr_par' dir='ltr' id='par_1_55' title="bbox 1925 2699 3507 2770">
     <span class='ocr_line' id='line_1_55' title="bbox 1925 2699 3507 2770; baseline 0.004 -16"><span class='ocrx_word' id='word_1_423' title='bbox 1925 2713 2164 2770; x_wconf 85' lang='lat' dir='ltr'><strong>congruo</strong></span> <span class='ocrx_word' id='word_1_424' title='bbox 2193 2699 2407 2756; x_wconf 81' lang='lat' dir='ltr'><strong>fervore</strong></span> <span class='ocrx_word' id='word_1_425' title='bbox 2440 2715 2544 2756; x_wconf 91' lang='lat' dir='ltr'><strong>non</strong></span> <span class='ocrx_word' id='word_1_426' title='bbox 2577 2703 2905 2767; x_wconf 89' lang='lat' dir='ltr'><strong>accenditur,</strong></span> <span class='ocrx_word' id='word_1_427' title='bbox 2947 2718 2978 2758; x_wconf 86' lang='lat' dir='ltr'><strong>a</strong></span> <span class='ocrx_word' id='word_1_428' title='bbox 3011 2703 3274 2760; x_wconf 90' lang='lat' dir='ltr'><strong>bonorum</strong></span> <span class='ocrx_word' id='word_1_429' title='bbox 3303 2706 3507 2761; x_wconf 85' lang='lat' dir='ltr'><strong>deside-</strong></span> 
     </span>
    </p>
   </div>
   <div class='ocr_carea' id='block_1_56' title="bbox 1923 2790 3500 2867">
    <p class='ocr_par' dir='ltr' id='par_1_56' title="bbox 1923 2790 3500 2867">
     <span class='ocr_line' id='line_1_56' title="bbox 1923 2790 3500 2867; baseline 0.006 -22"><span class='ocrx_word' id='word_1_430' title='bbox 1923 2790 2007 2846; x_wconf 84' lang='lat' dir='ltr'><strong>rio</strong></span> <span class='ocrx_word' id='word_1_431' title='bbox 2039 2790 2295 2856; x_wconf 83' lang='lat' dir='ltr'><strong>funditus,</strong></span> <span class='ocrx_word' id='word_1_432' title='bbox 2325 2792 2732 2849; x_wconf 90' lang='lat' dir='ltr'><strong>convalescente</strong></span> <span class='ocrx_word' id='word_1_433' title='bbox 2761 2793 2940 2849; x_wconf 91' lang='lat' dir='ltr'><strong>furtim</strong></span> <span class='ocrx_word' id='word_1_434' title='bbox 2970 2805 3184 2867; x_wconf 86' lang='lat' dir='ltr'><strong>torpore</strong></span> <span class='ocrx_word' id='word_1_435' title='bbox 3217 2808 3500 2859; x_wconf 74' lang='lat' dir='ltr'><strong>tnartatur.</strong></span> 
     </span>
    </p>
   </div>
   <div class='ocr_carea' id='block_1_57' title="bbox 1927 2885 3504 2962">
    <p class='ocr_par' dir='ltr' id='par_1_57' title="bbox 1927 2885 3504 2962">
     <span class='ocr_line' id='line_1_57' title="bbox 1927 2885 3504 2962; baseline 0.006 -24"><span class='ocrx_word' id='word_1_436' title='bbox 1927 2885 2079 2939; x_wconf 86' lang='lat' dir='ltr'><strong>Unde</strong></span> <span class='ocrx_word' id='word_1_437' title='bbox 2103 2895 2284 2962; x_wconf 87' lang='lat' dir='ltr'><strong>aperte</strong></span> <span class='ocrx_word' id='word_1_438' title='bbox 2310 2900 2402 2950; x_wconf 88' lang='lat' dir='ltr'><strong>per</strong></span> <span class='ocrx_word' id='word_1_439' title='bbox 2432 2885 2773 2942; x_wconf 88' lang='lat' dir='ltr'><strong>Salomonem</strong></span> <span class='ocrx_word' id='word_1_440' title='bbox 2798 2889 2993 2944; x_wconf 76' lang='lat' dir='ltr'><strong>dicitur</strong></span> <span class='ocrx_word' id='word_1_441' title='bbox 3020 2891 3036 2944; x_wconf 84' lang='lat'><strong>:&#39;</strong></span> <span class='ocrx_word' id='word_1_442' title='bbox 3065 2889 3291 2961; x_wconf 88' lang='lat' dir='ltr'><strong>Pigredo</strong></span> <span class='ocrx_word' id='word_1_443' title='bbox 3317 2893 3504 2947; x_wconf 83' lang='lat' dir='ltr'><strong>immit-</strong></span> 
     </span>
    </p>
   </div>
   <div class='ocr_carea' id='block_1_58' title="bbox 1923 2975 3506 3051">
    <p class='ocr_par' dir='ltr' id='par_1_58' title="bbox 1923 2975 3506 3051">
     <span class='ocr_line' id='line_1_58' title="bbox 1923 2975 3506 3051; baseline 0.004 -19"><span class='ocrx_word' id='word_1_444' title='bbox 1923 2978 1985 3032; x_wconf 86' lang='lat' dir='ltr'><strong>tit</strong></span> <span class='ocrx_word' id='word_1_445' title='bbox 2014 2994 2248 3048; x_wconf 82' lang='lat' dir='ltr'><strong>soporem</strong></span> <span class='ocrx_word' id='word_1_446' title='bbox 2293 2975 2474 3049; x_wconf 85' lang='lat' dir='ltr'><strong>(Prov.</strong></span> <span class='ocrx_word' id='word_1_447' title='bbox 2525 2994 2637 3046; x_wconf 79' lang='lat' dir='ltr'><strong>xix,</strong></span> <span class='ocrx_word' id='word_1_448' title='bbox 2672 2980 2784 3051; x_wconf 72' lang='grc'>15).</span> <span class='ocrx_word' id='word_1_449' title='bbox 2835 2981 2990 3050; x_wconf 84' lang='lat' dir='ltr'><strong>Piger</strong></span> <span class='ocrx_word' id='word_1_450' title='bbox 3028 2982 3171 3038; x_wconf 91' lang='lat' dir='ltr'><strong>enim</strong></span> <span class='ocrx_word' id='word_1_451' title='bbox 3205 2993 3348 3038; x_wconf 89' lang='lat' dir='ltr'><strong>recte</strong></span> <span class='ocrx_word' id='word_1_452' title='bbox 3388 2999 3506 3040; x_wconf 61' lang='lat' dir='ltr'><strong>seu.</strong></span> 
     </span>
    </p>
   </div>
   <div class='ocr_carea' id='block_1_59' title="bbox 1931 3069 3512 3146">
    <p class='ocr_par' dir='ltr' id='par_1_59' title="bbox 1931 3069 3512 3146">
     <span class='ocr_line' id='line_1_59' title="bbox 1931 3069 3512 3146; baseline 0.008 -22"><span class='ocrx_word' id='word_1_453' title='bbox 1931 3069 2114 3126; x_wconf 89' lang='lat' dir='ltr'><strong>tiendo</strong></span> <span class='ocrx_word' id='word_1_454' title='bbox 2143 3069 2297 3138; x_wconf 89' lang='lat' dir='ltr'><strong>quasi</strong></span> <span class='ocrx_word' id='word_1_455' title='bbox 2325 3071 2534 3141; x_wconf 88' lang='lat' dir='ltr'><strong>vigilat,</strong></span> <span class='ocrx_word' id='word_1_456' title='bbox 2557 3075 2800 3142; x_wconf 91' lang='lat' dir='ltr'><strong>quamvis</strong></span> <span class='ocrx_word' id='word_1_457' title='bbox 2828 3075 2899 3129; x_wconf 92' lang='lat' dir='ltr'><strong>nil</strong></span> <span class='ocrx_word' id='word_1_458' title='bbox 2922 3077 3197 3144; x_wconf 84' lang='lat' dir='ltr'><strong>operando</strong></span> <span class='ocrx_word' id='word_1_459' title='bbox 3223 3088 3512 3146; x_wconf 85' lang='lat' dir='ltr'><strong>torpeseat.</strong></span> 
     </span>
    </p>
   </div>
   <div class='ocr_carea' id='block_1_60' title="bbox 1925 3163 3506 3244">
    <p class='ocr_par' dir='ltr' id='par_1_60' title="bbox 1925 3163 3506 3244">
     <span class='ocr_line' id='line_1_60' title="bbox 1925 3163 3506 3244; baseline 0.007 -28"><span class='ocrx_word' id='word_1_460' title='bbox 1925 3163 2019 3218; x_wconf 89' lang='lat' dir='ltr'><strong>sed</strong></span> <span class='ocrx_word' id='word_1_461' title='bbox 2036 3163 2254 3233; x_wconf 89' lang='lat' dir='ltr'><strong>pigredo</strong></span> <span class='ocrx_word' id='word_1_462' title='bbox 2279 3178 2525 3234; x_wconf 90' lang='lat' dir='ltr'><strong>soporem</strong></span> <span class='ocrx_word' id='word_1_463' title='bbox 2551 3164 2838 3222; x_wconf 86' lang='lat' dir='ltr'><strong>immittere</strong></span> <span class='ocrx_word' id='word_1_464' title='bbox 2858 3169 3072 3236; x_wconf 88' lang='lat' dir='ltr'><strong>dicitur,</strong></span> <span class='ocrx_word' id='word_1_465' title='bbox 3095 3173 3214 3240; x_wconf 88' lang='lat' dir='ltr'><strong>quia</strong></span> <span class='ocrx_word' id='word_1_466' title='bbox 3239 3174 3506 3244; x_wconf 80' lang='lat' dir='ltr'><strong>paulisper</strong></span> 
     </span>
    </p>
   </div>
   <div class='ocr_carea' id='block_1_61' title="bbox 225 3259 3506 3335">
    <p class='ocr_par' dir='ltr' id='par_1_61' title="bbox 225 3259 3506 3335">
     <span class='ocr_line' id='line_1_61' title="bbox 225 3259 3506 3335; baseline 0 -17"><span class='ocrx_word' id='word_1_467' title='bbox 225 3279 392 3327; x_wconf 89' lang='lat' dir='ltr'><strong>mus;</strong></span> <span class='ocrx_word' id='word_1_468' title='bbox 436 3273 490 3317; x_wconf 93' lang='lat' dir='ltr'><strong>ut</strong></span> <span class='ocrx_word' id='word_1_469' title='bbox 523 3265 665 3332; x_wconf 84' lang='lat' dir='ltr'><strong>prius</strong></span> <span class='ocrx_word' id='word_1_470' title='bbox 694 3265 836 3334; x_wconf 91' lang='lat' dir='ltr'><strong>loqui</strong></span> <span class='ocrx_word' id='word_1_471' title='bbox 859 3264 1031 3318; x_wconf 90' lang='lat' dir='ltr'><strong>aliena</strong></span> <span class='ocrx_word' id='word_1_472' title='bbox 1061 3264 1239 3329; x_wconf 90' lang='lat' dir='ltr'><strong>libeat,</strong></span> <span class='ocrx_word' id='word_1_473' title='bbox 1275 3265 1612 3333; x_wconf 91' lang='lat' dir='ltr'><strong>postmodum</strong></span> <span class='ocrx_word' id='word_1_474' title='bbox 1645 3264 1822 3318; x_wconf 84' lang='lat' dir='ltr'><strong>detra-</strong></span> <span class='ocrx_word' id='word_1_475' title='bbox 1849 3259 1897 3324; x_wconf 86' lang='lat' dir='ltr'><strong><em>C</em></strong></span> <span class='ocrx_word' id='word_1_476' title='bbox 1928 3263 2092 3318; x_wconf 89' lang='lat' dir='ltr'><strong>etiam</strong></span> <span class='ocrx_word' id='word_1_477' title='bbox 2139 3261 2165 3301; x_wconf 72' lang='grc' dir='ltr'><em>ά</em></span> <span class='ocrx_word' id='word_1_478' title='bbox 2195 3277 2342 3322; x_wconf 90' lang='lat' dir='ltr'><strong>recte</strong></span> <span class='ocrx_word' id='word_1_479' title='bbox 2384 3267 2646 3323; x_wconf 86' lang='lat' dir='ltr'><strong>sentiendi</strong></span> <span class='ocrx_word' id='word_1_480' title='bbox 2691 3268 2956 3335; x_wconf 85' lang='lat' dir='ltr'><strong>vigilantia</strong></span> <span class='ocrx_word' id='word_1_481' title='bbox 2997 3268 3275 3331; x_wconf 89' lang='lat' dir='ltr'><strong>amittitur,</strong></span> <span class='ocrx_word' id='word_1_482' title='bbox 3309 3267 3432 3319; x_wconf 90' lang='lat' dir='ltr'><strong>dum</strong></span> <span class='ocrx_word' id='word_1_483' title='bbox 3480 3282 3506 3318; x_wconf 87' lang='lat' dir='ltr'><strong>a</strong></span> 
     </span>
    </p>
   </div>
   <div class='ocr_carea' id='block_1_62' title="bbox 228 3353 1816 3424">
    <p class='ocr_par' dir='ltr' id='par_1_62' title="bbox 228 3353 1816 3424">
     <span class='ocr_line' id='line_1_62' title="bbox 228 3353 1816 3424; baseline -0.001 -14"><span class='ocrx_word' id='word_1_484' title='bbox 228 3355 502 3410; x_wconf 81' lang='lat' dir='ltr'><strong>ctiontbus</strong></span> <span class='ocrx_word' id='word_1_485' title='bbox 527 3369 712 3410; x_wconf 91' lang='lat' dir='ltr'><strong>eorum</strong></span> <span class='ocrx_word' id='word_1_486' title='bbox 745 3353 949 3408; x_wconf 76' lang='lat' dir='ltr'><strong>vitamb</strong></span> <span class='ocrx_word' id='word_1_487' title='bbox 978 3355 1044 3409; x_wconf 90' lang='lat' dir='ltr'><strong>de</strong></span> <span class='ocrx_word' id='word_1_488' title='bbox 1069 3355 1260 3424; x_wconf 88' lang='lat' dir='ltr'><strong>quibus</strong></span> <span class='ocrx_word' id='word_1_489' title='bbox 1287 3355 1519 3423; x_wconf 89' lang='lat' dir='ltr'><strong>loquitur</strong></span> <span class='ocrx_word' id='word_1_490' title='bbox 1533 3355 1772 3408; x_wconf 88' lang='lat' dir='ltr'><strong>mordeat</strong></span> <span class='ocrx_word' id='word_1_491' title='bbox 1799 3393 1816 3419; x_wconf 89' lang='lat'><strong>,</strong></span> 
     </span>
    </p>
   </div>
   <div class='ocr_carea' id='block_1_63' title="bbox 226 3447 1817 3519">
    <p class='ocr_par' dir='ltr' id='par_1_63' title="bbox 226 3447 1817 3519">
     <span class='ocr_line' id='line_1_63' title="bbox 226 3447 1817 3519; baseline 0.001 -17"><span class='ocrx_word' id='word_1_492' title='bbox 226 3447 302 3502; x_wconf 84' lang='lat' dir='ltr'><strong>ad</strong></span> <span class='ocrx_word' id='word_1_493' title='bbox 326 3460 624 3504; x_wconf 80' lang='lat' dir='ltr'><strong>extremum</strong></span> <span class='ocrx_word' id='word_1_494' title='bbox 657 3463 784 3503; x_wconf 91' lang='lat' dir='ltr'><strong>vero</strong></span> <span class='ocrx_word' id='word_1_495' title='bbox 806 3463 972 3519; x_wconf 89' lang='lat' dir='ltr'><strong>usque</strong></span> <span class='ocrx_word' id='word_1_496' title='bbox 993 3448 1057 3502; x_wconf 88' lang='lat' dir='ltr'><strong>ad</strong></span> <span class='ocrx_word' id='word_1_497' title='bbox 1090 3457 1304 3518; x_wconf 89' lang='lat' dir='ltr'><strong>apertas</strong></span> <span class='ocrx_word' id='word_1_498' title='bbox 1330 3449 1507 3518; x_wconf 85' lang='lat' dir='ltr'><strong>lingua</strong></span> <span class='ocrx_word' id='word_1_499' title='bbox 1535 3459 1817 3503; x_wconf 85' lang='lat' dir='ltr'><strong>contume-</strong></span> 
     </span>
    </p>
   </div>
   <div class='ocr_carea' id='block_1_64' title="bbox 226 3539 1812 3610">
    <p class='ocr_par' dir='ltr' id='par_1_64' title="bbox 226 3539 1812 3610">
     <span class='ocr_line' id='line_1_64' title="bbox 226 3539 1812 3610; baseline 0.001 -16"><span class='ocrx_word' id='word_1_500' title='bbox 226 3539 334 3594; x_wconf 83' lang='lat' dir='ltr'><strong>lias</strong></span> <span class='ocrx_word' id='word_1_501' title='bbox 354 3548 619 3610; x_wconf 87' lang='lat' dir='ltr'><strong>erumpat.</strong></span> <span class='ocrx_word' id='word_1_502' title='bbox 639 3539 773 3594; x_wconf 86' lang='lat' dir='ltr'><strong>Hinc</strong></span> <span class='ocrx_word' id='word_1_503' title='bbox 791 3542 1122 3595; x_wconf 89' lang='lat' dir='ltr'><strong>seminantttr</strong></span> <span class='ocrx_word' id='word_1_504' title='bbox 1144 3541 1366 3606; x_wconf 86' lang='lat' dir='ltr'><strong>stimuli,</strong></span> <span class='ocrx_word' id='word_1_505' title='bbox 1394 3543 1637 3596; x_wconf 88' lang='lat' dir='ltr'><strong>oriuntur</strong></span> <span class='ocrx_word' id='word_1_506' title='bbox 1660 3543 1812 3605; x_wconf 69' lang='grc' dir='ltr'><strong>ήκω,</strong></span> 
     </span>
    </p>
   </div>
   <div class='ocr_carea' id='block_1_65' title="bbox 232 3633 1816 3702">
    <p class='ocr_par' dir='ltr' id='par_1_65' title="bbox 232 3633 1816 3702">
     <span class='ocr_line' id='line_1_65' title="bbox 232 3633 1816 3702; baseline 0.001 -16"><span class='ocrx_word' id='word_1_507' title='bbox 232 3634 598 3687; x_wconf 83' lang='lat' dir='ltr'><strong>accenduntur</strong></span> <span class='ocrx_word' id='word_1_508' title='bbox 647 3635 786 3686; x_wconf 80' lang='lat' dir='ltr'><strong>faces</strong></span> <span class='ocrx_word' id='word_1_509' title='bbox 826 3633 1066 3686; x_wconf 88' lang='lat' dir='ltr'><strong>odiorum</strong></span> <span class='ocrx_word' id='word_1_510' title='bbox 1094 3674 1108 3697; x_wconf 96' lang='lat'><strong>,</strong></span> <span class='ocrx_word' id='word_1_511' title='bbox 1162 3647 1260 3701; x_wconf 86' lang='lat' dir='ltr'><strong>pax</strong></span> <span class='ocrx_word' id='word_1_512' title='bbox 1293 3633 1645 3702; x_wconf 67' lang='lat' dir='ltr'><strong>exstinguitur</strong></span> <span class='ocrx_word' id='word_1_513' title='bbox 1687 3647 1816 3688; x_wconf 89' lang='lat' dir='ltr'><strong>cor-</strong></span> 
     </span>
    </p>
   </div>
   <div class='ocr_carea' id='block_1_66' title="bbox 234 3724 1819 3793">
    <p class='ocr_par' dir='ltr' id='par_1_66' title="bbox 234 3724 1819 3793">
     <span class='ocr_line' id='line_1_66' title="bbox 234 3724 1819 3793; baseline 0 -14"><span class='ocrx_word' id='word_1_514' title='bbox 234 3726 402 3779; x_wconf 85' lang='lat' dir='ltr'><strong>dium.</strong></span> <span class='ocrx_word' id='word_1_515' title='bbox 443 3725 600 3779; x_wconf 88' lang='lat' dir='ltr'><strong>Unde</strong></span> <span class='ocrx_word' id='word_1_516' title='bbox 623 3724 759 3778; x_wconf 91' lang='lat' dir='ltr'><strong>bene</strong></span> <span class='ocrx_word' id='word_1_517' title='bbox 785 3740 873 3793; x_wconf 89' lang='lat' dir='ltr'><strong>per</strong></span> <span class='ocrx_word' id='word_1_518' title='bbox 895 3725 1234 3779; x_wconf 86' lang='lat' dir='ltr'><strong>Salomonem</strong></span> <span class='ocrx_word' id='word_1_519' title='bbox 1259 3724 1453 3778; x_wconf 90' lang='lat' dir='ltr'><strong>dicitur</strong></span> <span class='ocrx_word' id='word_1_520' title='bbox 1478 3741 1491 3778; x_wconf 91' lang='lat'><strong>:</strong></span> <span class='ocrx_word' id='word_1_521' title='bbox 1520 3724 1621 3792; x_wconf 83' lang='lat' dir='ltr'><strong>Qui</strong></span> <span class='ocrx_word' id='word_1_522' title='bbox 1643 3727 1819 3779; x_wconf 89' lang='lat' dir='ltr'><strong>dimit-</strong></span> 
     </span>
    </p>
   </div>
   <div class='ocr_carea' id='block_1_67' title="bbox 231 3814 1816 3887">
    <p class='ocr_par' dir='ltr' id='par_1_67' title="bbox 231 3814 1816 3887">
     <span class='ocr_line' id='line_1_67' title="bbox 231 3814 1816 3887; baseline 0 -17"><span class='ocrx_word' id='word_1_523' title='bbox 231 3820 291 3870; x_wconf 88' lang='lat' dir='ltr'><strong>tit</strong></span> <span class='ocrx_word' id='word_1_524' title='bbox 346 3833 556 3885; x_wconf 86' lang='lat' dir='ltr'><strong>aquam,</strong></span> <span class='ocrx_word' id='word_1_525' title='bbox 618 3825 771 3883; x_wconf 86' lang='lat' dir='ltr'><strong>caput</strong></span> <span class='ocrx_word' id='word_1_526' title='bbox 821 3828 892 3870; x_wconf 84' lang='lat' dir='ltr'><strong>est</strong></span> <span class='ocrx_word' id='word_1_527' title='bbox 935 3817 1228 3886; x_wconf 85' lang='lat' dir='ltr'><strong>jurgiorum</strong></span> <span class='ocrx_word' id='word_1_528' title='bbox 1278 3814 1458 3886; x_wconf 84' lang='lat' dir='ltr'><strong>(Prov.</strong></span> <span class='ocrx_word' id='word_1_529' title='bbox 1515 3831 1646 3876; x_wconf 81' lang='lat' dir='ltr'><strong>xvu,</strong></span> <span class='ocrx_word' id='word_1_530' title='bbox 1707 3815 1816 3887; x_wconf 70' lang='grc' dir='ltr'>Η).</span> 
     </span>
    </p>
   </div>
   <div class='ocr_carea' id='block_1_68' title="bbox 231 3907 1822 3978">
    <p class='ocr_par' dir='ltr' id='par_1_68' title="bbox 231 3907 1822 3978">
     <span class='ocr_line' id='line_1_68' title="bbox 231 3907 1822 3978; baseline -0.001 -16"><span class='ocrx_word' id='word_1_531' title='bbox 231 3912 442 3977; x_wconf 78' lang='lat' dir='ltr'><strong>Aquam</strong></span> <span class='ocrx_word' id='word_1_532' title='bbox 476 3909 672 3978; x_wconf 85' lang='lat' dir='ltr'><strong>quippe</strong></span> <span class='ocrx_word' id='word_1_533' title='bbox 702 3907 966 3961; x_wconf 85' lang='lat' dir='ltr'><strong>dimittere</strong></span> <span class='ocrx_word' id='word_1_534' title='bbox 997 3919 1077 3962; x_wconf 86' lang='lat' dir='ltr'><strong>est</strong></span> <span class='ocrx_word' id='word_1_535' title='bbox 1129 3907 1358 3977; x_wconf 81' lang='lat' dir='ltr'><strong>linguam</strong></span> <span class='ocrx_word' id='word_1_536' title='bbox 1393 3907 1443 3960; x_wconf 91' lang='lat' dir='ltr'><strong>in</strong></span> <span class='ocrx_word' id='word_1_537' title='bbox 1478 3907 1676 3961; x_wconf 86' lang='lat' dir='ltr'><strong>fluxum</strong></span> <span class='ocrx_word' id='word_1_538' title='bbox 1711 3908 1822 3962; x_wconf 83' lang='lat' dir='ltr'><strong>elo-</strong></span> 
     </span>
    </p>
   </div>
   <div class='ocr_carea' id='block_1_69' title="bbox 229 4001 1817 4072">
    <p class='ocr_par' dir='ltr' id='par_1_69' title="bbox 229 4001 1817 4072">
     <span class='ocr_line' id='line_1_69' title="bbox 229 4001 1817 4072; baseline 0.003 -21"><span class='ocrx_word' id='word_1_539' title='bbox 229 4002 345 4072; x_wconf 79' lang='lat' dir='ltr'><strong>quii</strong></span> <span class='ocrx_word' id='word_1_540' title='bbox 379 4002 636 4055; x_wconf 68' lang='lat' dir='ltr'><strong>relaxare.</strong></span> <span class='ocrx_word' id='word_1_541' title='bbox 685 4003 802 4067; x_wconf 85' lang='lat' dir='ltr'><strong>Quo</strong></span> <span class='ocrx_word' id='word_1_542' title='bbox 831 4012 1014 4055; x_wconf 88' lang='lat' dir='ltr'><strong>contra</strong></span> <span class='ocrx_word' id='word_1_543' title='bbox 1063 4002 1112 4055; x_wconf 91' lang='lat' dir='ltr'><strong>in</strong></span> <span class='ocrx_word' id='word_1_544' title='bbox 1147 4003 1282 4055; x_wconf 88' lang='lat' dir='ltr'><strong>bona</strong></span> <span class='ocrx_word' id='word_1_545' title='bbox 1329 4001 1488 4055; x_wconf 85' lang='lat' dir='ltr'><strong>etiam</strong></span> <span class='ocrx_word' id='word_1_546' title='bbox 1539 4011 1688 4070; x_wconf 89' lang='lat' dir='ltr'><strong>parte</strong></span> <span class='ocrx_word' id='word_1_547' title='bbox 1722 4002 1817 4056; x_wconf 87' lang='lat' dir='ltr'><strong>ite-</strong></span> 
     </span>
    </p>
   </div>
   <div class='ocr_carea' id='block_1_70' title="bbox 232 4093 1818 4165">
    <p class='ocr_par' dir='ltr' id='par_1_70' title="bbox 232 4093 1818 4165">
     <span class='ocr_line' id='line_1_70' title="bbox 232 4093 1818 4165; baseline -0.001 -17"><span class='ocrx_word' id='word_1_548' title='bbox 232 4109 354 4148; x_wconf 88' lang='lat' dir='ltr'><strong>rum</strong></span> <span class='ocrx_word' id='word_1_549' title='bbox 384 4093 573 4147; x_wconf 83' lang='lat' dir='ltr'><strong>dicitur</strong></span> <span class='ocrx_word' id='word_1_550' title='bbox 599 4111 612 4146; x_wconf 90' lang='lat'><strong>:</strong></span> <span class='ocrx_word' id='word_1_551' title='bbox 647 4096 791 4161; x_wconf 81' lang='lat' dir='ltr'><strong>Aqua</strong></span> <span class='ocrx_word' id='word_1_552' title='bbox 836 4094 1118 4165; x_wconf 72' lang='lat' dir='ltr'><strong>profunda,</strong></span> <span class='ocrx_word' id='word_1_553' title='bbox 1146 4094 1293 4147; x_wconf 83' lang='lat' dir='ltr'><strong>verba</strong></span> <span class='ocrx_word' id='word_1_554' title='bbox 1313 4110 1375 4148; x_wconf 75' lang='lat' dir='ltr'><strong>ea:</strong></span> <span class='ocrx_word' id='word_1_555' title='bbox 1402 4110 1489 4147; x_wconf 90' lang='lat' dir='ltr'><strong>ore</strong></span> <span class='ocrx_word' id='word_1_556' title='bbox 1514 4095 1606 4147; x_wconf 87' lang='lat' dir='ltr'><strong>viri</strong></span> <span class='ocrx_word' id='word_1_557' title='bbox 1631 4093 1818 4165; x_wconf 85' lang='lat' dir='ltr'><strong>(lbid.,</strong></span> 
     </span>
    </p>
   </div>
   <div class='ocr_carea' id='block_1_71' title="bbox 229 4184 1823 4255">
    <p class='ocr_par' dir='ltr' id='par_1_71' title="bbox 229 4184 1823 4255">
     <span class='ocr_line' id='line_1_71' title="bbox 229 4184 1823 4255; baseline -0.003 -15"><span class='ocrx_word' id='word_1_558' title='bbox 229 4201 386 4248; x_wconf 80' lang='lat' dir='ltr'><strong>xvut,</strong></span> <span class='ocrx_word' id='word_1_559' title='bbox 421 4184 499 4254; x_wconf 63' lang='grc'>4).</span> <span class='ocrx_word' id='word_1_560' title='bbox 525 4187 620 4251; x_wconf 77' lang='lat' dir='ltr'><strong>Qui</strong></span> <span class='ocrx_word' id='word_1_561' title='bbox 652 4201 780 4255; x_wconf 88' lang='lat' dir='ltr'><strong>ergo</strong></span> <span class='ocrx_word' id='word_1_562' title='bbox 804 4185 1023 4239; x_wconf 88' lang='lat' dir='ltr'><strong>dimittit</strong></span> <span class='ocrx_word' id='word_1_563' title='bbox 1062 4201 1252 4255; x_wconf 88' lang='lat' dir='ltr'><strong>aquam</strong></span> <span class='ocrx_word' id='word_1_564' title='bbox 1278 4227 1294 4252; x_wconf 95' lang='lat'><strong>,</strong></span> <span class='ocrx_word' id='word_1_565' title='bbox 1328 4195 1484 4254; x_wconf 88' lang='lat' dir='ltr'><strong>caput</strong></span> <span class='ocrx_word' id='word_1_566' title='bbox 1513 4197 1588 4238; x_wconf 88' lang='lat' dir='ltr'><strong>cst</strong></span> <span class='ocrx_word' id='word_1_567' title='bbox 1619 4185 1823 4254; x_wconf 70' lang='lat' dir='ltr'><strong>jurgio-</strong></span> 
     </span>
    </p>
   </div>
   <div class='ocr_carea' id='block_1_72' title="bbox 230 4277 1818 4350">
    <p class='ocr_par' dir='ltr' id='par_1_72' title="bbox 230 4277 1818 4350">
     <span class='ocr_line' id='line_1_72' title="bbox 230 4277 1818 4350; baseline -0.003 -16"><span class='ocrx_word' id='word_1_568' title='bbox 230 4294 375 4343; x_wconf 88' lang='lat' dir='ltr'><strong>rum,</strong></span> <span class='ocrx_word' id='word_1_569' title='bbox 419 4280 540 4347; x_wconf 91' lang='lat' dir='ltr'><strong>quia</strong></span> <span class='ocrx_word' id='word_1_570' title='bbox 571 4281 660 4350; x_wconf 86' lang='lat' dir='ltr'><strong>qui</strong></span> <span class='ocrx_word' id='word_1_571' title='bbox 718 4281 946 4345; x_wconf 72' lang='lat' dir='ltr'><strong>linguam</strong></span> <span class='ocrx_word' id='word_1_572' title='bbox 1007 4293 1110 4332; x_wconf 82' lang='lat' dir='ltr'><strong>non</strong></span> <span class='ocrx_word' id='word_1_573' title='bbox 1144 4279 1377 4332; x_wconf 88' lang='lat' dir='ltr'><strong>refrenat</strong></span> <span class='ocrx_word' id='word_1_574' title='bbox 1405 4320 1419 4339; x_wconf 89' lang='lat'><strong>.</strong></span> <span class='ocrx_word' id='word_1_575' title='bbox 1476 4277 1818 4333; x_wconf 85' lang='lat' dir='ltr'><strong>concordiam</strong></span> 
     </span>
    </p>
   </div>
   <div class='ocr_carea' id='block_1_73' title="bbox 231 4369 1820 4441">
    <p class='ocr_par' dir='ltr' id='par_1_73' title="bbox 231 4369 1820 4441">
     <span class='ocr_line' id='line_1_73' title="bbox 231 4369 1820 4441; baseline -0.003 -16"><span class='ocrx_word' id='word_1_576' title='bbox 231 4373 475 4441; x_wconf 87' lang='lat' dir='ltr'><strong>dissipat.</strong></span> <span class='ocrx_word' id='word_1_577' title='bbox 515 4371 665 4426; x_wconf 86' lang='lat' dir='ltr'><strong>Unde</strong></span> <span class='ocrx_word' id='word_1_578' title='bbox 695 4386 724 4424; x_wconf 93' lang='lat' dir='ltr'><strong>e</strong></span> <span class='ocrx_word' id='word_1_579' title='bbox 768 4371 978 4424; x_wconf 85' lang='lat' dir='ltr'><strong>diverso</strong></span> <span class='ocrx_word' id='word_1_580' title='bbox 1023 4371 1278 4436; x_wconf 83' lang='lat' dir='ltr'><strong>scriptum</strong></span> <span class='ocrx_word' id='word_1_581' title='bbox 1310 4377 1428 4424; x_wconf 85' lang='lat' dir='ltr'><strong>est:</strong></span> <span class='ocrx_word' id='word_1_582' title='bbox 1466 4369 1568 4434; x_wconf 86' lang='lat' dir='ltr'><strong>Qui</strong></span> <span class='ocrx_word' id='word_1_583' title='bbox 1606 4369 1820 4437; x_wconf 86' lang='lat' dir='ltr'><strong>imponit</strong></span> 
     </span>
    </p>
   </div>
   <div class='ocr_carea' id='block_1_74' title="bbox 233 4461 1818 4534">
    <p class='ocr_par' dir='ltr' id='par_1_74' title="bbox 233 4461 1818 4534">
     <span class='ocr_line' id='line_1_74' title="bbox 233 4461 1818 4534; baseline -0.004 -14"><span class='ocrx_word' id='word_1_584' title='bbox 233 4465 387 4520; x_wconf 78' lang='lat' dir='ltr'><strong>stulto</strong></span> <span class='ocrx_word' id='word_1_585' title='bbox 415 4465 670 4520; x_wconf 86' lang='lat' dir='ltr'><strong>silentium</strong></span> <span class='ocrx_word' id='word_1_586' title='bbox 696 4506 713 4531; x_wconf 92' lang='lat'><strong>,</strong></span> <span class='ocrx_word' id='word_1_587' title='bbox 744 4465 849 4518; x_wconf 85' lang='lat' dir='ltr'><strong>iras</strong></span> <span class='ocrx_word' id='word_1_588' title='bbox 888 4465 1088 4534; x_wconf 85' lang='lat' dir='ltr'><strong>mitigat</strong></span> <span class='ocrx_word' id='word_1_589' title='bbox 1121 4461 1310 4534; x_wconf 81' lang='lat' dir='ltr'><strong>(lbid.,</strong></span> <span class='ocrx_word' id='word_1_590' title='bbox 1345 4477 1492 4515; x_wconf 79' lang='lat' dir='ltr'><strong>xxvr.</strong></span> <span class='ocrx_word' id='word_1_591' title='bbox 1531 4463 1639 4531; x_wconf 78' lang='grc'>10).</span> <span class='ocrx_word' id='word_1_592' title='bbox 1668 4462 1818 4528; x_wconf 86' lang='lat' dir='ltr'><strong>Quod</strong></span> 
     </span>
    </p>
   </div>
   <div class='ocr_carea' id='block_1_75' title="bbox 234 4552 1817 4626">
    <p class='ocr_par' dir='ltr' id='par_1_75' title="bbox 234 4552 1817 4626">
     <span class='ocr_line' id='line_1_75' title="bbox 234 4552 1817 4626; baseline -0.006 -13"><span class='ocrx_word' id='word_1_593' title='bbox 234 4568 411 4613; x_wconf 88' lang='lat' dir='ltr'><strong>autem</strong></span> <span class='ocrx_word' id='word_1_594' title='bbox 461 4559 792 4626; x_wconf 78' lang='lat' dir='ltr'><strong>multiloquio</strong></span> <span class='ocrx_word' id='word_1_595' title='bbox 819 4557 1039 4625; x_wconf 78' lang='lat' dir='ltr'><strong>quiSque</strong></span> <span class='ocrx_word' id='word_1_596' title='bbox 1070 4556 1330 4618; x_wconf 84' lang='lat' dir='ltr'><strong>serviens,</strong></span> <span class='ocrx_word' id='word_1_597' title='bbox 1369 4565 1388 4589; x_wconf 79' lang='grc' dir='ltr'><em>ε</em></span> <span class='ocrx_word' id='word_1_598' title='bbox 1446 4552 1817 4608; x_wconf 86' lang='lat' dir='ltr'><strong>rectitudinem</strong></span> 
     </span>
    </p>
   </div>
   <div class='ocr_carea' id='block_1_76' title="bbox 1928 3354 3506 3425">
    <p class='ocr_par' dir='ltr' id='par_1_76' title="bbox 1928 3354 3506 3425">
     <span class='ocr_line' id='line_1_76' title="bbox 1928 3354 3506 3425; baseline -0.001 -17"><span class='ocrx_word' id='word_1_599' title='bbox 1928 3354 2069 3409; x_wconf 82' lang='lat' dir='ltr'><strong>bene</strong></span> <span class='ocrx_word' id='word_1_600' title='bbox 2099 3356 2356 3422; x_wconf 89' lang='lat' dir='ltr'><strong>operaudi</strong></span> <span class='ocrx_word' id='word_1_601' title='bbox 2407 3359 2584 3411; x_wconf 91' lang='lat' dir='ltr'><strong>studio</strong></span> <span class='ocrx_word' id='word_1_602' title='bbox 2613 3368 2873 3412; x_wconf 88' lang='lat' dir='ltr'><strong>cessatur.</strong></span> <span class='ocrx_word' id='word_1_603' title='bbox 2913 3357 3010 3412; x_wconf 91' lang='lat' dir='ltr'><strong>Ubi</strong></span> <span class='ocrx_word' id='word_1_604' title='bbox 3059 3367 3200 3411; x_wconf 86' lang='lat' dir='ltr'><strong>recte</strong></span> <span class='ocrx_word' id='word_1_605' title='bbox 3239 3356 3506 3425; x_wconf 80' lang='lat' dir='ltr'><strong>subjungi-</strong></span> 
     </span>
    </p>
   </div>
   <div class='ocr_carea' id='block_1_77' title="bbox 1923 3447 3504 3522">
    <p class='ocr_par' dir='ltr' id='par_1_77' title="bbox 1923 3447 3504 3522">
     <span class='ocr_line' id='line_1_77' title="bbox 1923 3447 3504 3522; baseline 0.003 -21"><span class='ocrx_word' id='word_1_606' title='bbox 1923 3455 2008 3501; x_wconf 80' lang='lat' dir='ltr'><strong>tur</strong></span> <span class='ocrx_word' id='word_1_607' title='bbox 2033 3464 2047 3504; x_wconf 91' lang='lat'><strong>:</strong></span> <span class='ocrx_word' id='word_1_608' title='bbox 2085 3447 2150 3500; x_wconf 85' lang='lat' dir='ltr'><strong>Et</strong></span> <span class='ocrx_word' id='word_1_609' title='bbox 2180 3449 2352 3501; x_wconf 88' lang='lat' dir='ltr'><strong>anima</strong></span> <span class='ocrx_word' id='word_1_610' title='bbox 2381 3451 2631 3502; x_wconf 85' lang='lat' dir='ltr'><strong>dissoluta</strong></span> <span class='ocrx_word' id='word_1_611' title='bbox 2661 3452 2844 3504; x_wconf 69' lang='lat' dir='ltr'><strong>esuriat</strong></span> <span class='ocrx_word' id='word_1_612' title='bbox 2893 3449 3103 3522; x_wconf 80' lang='lat' dir='ltr'><strong>(lbid.).</strong></span> <span class='ocrx_word' id='word_1_613' title='bbox 3137 3449 3268 3504; x_wconf 83' lang='lat' dir='ltr'><strong>Nam</strong></span> <span class='ocrx_word' id='word_1_614' title='bbox 3297 3451 3416 3519; x_wconf 85' lang='lat' dir='ltr'><strong>quia</strong></span> <span class='ocrx_word' id='word_1_615' title='bbox 3447 3467 3504 3505; x_wconf 77' lang='lat' dir='ltr'><strong>se</strong></span> 
     </span>
    </p>
   </div>
   <div class='ocr_carea' id='block_1_78' title="bbox 1923 3537 3506 3612">
    <p class='ocr_par' dir='ltr' id='par_1_78' title="bbox 1923 3537 3506 3612">
     <span class='ocr_line' id='line_1_78' title="bbox 1923 3537 3506 3612; baseline 0.004 -22"><span class='ocrx_word' id='word_1_616' title='bbox 1923 3537 1990 3591; x_wconf 88' lang='lat' dir='ltr'><strong>ad</strong></span> <span class='ocrx_word' id='word_1_617' title='bbox 2033 3539 2308 3607; x_wconf 89' lang='lat' dir='ltr'><strong>superiora</strong></span> <span class='ocrx_word' id='word_1_618' title='bbox 2341 3539 2652 3609; x_wconf 85' lang='lat' dir='ltr'><strong>stringendo</strong></span> <span class='ocrx_word' id='word_1_619' title='bbox 2703 3557 2807 3594; x_wconf 91' lang='lat' dir='ltr'><strong>nou</strong></span> <span class='ocrx_word' id='word_1_620' title='bbox 2859 3540 3060 3612; x_wconf 82' lang='lat' dir='ltr'><strong>dirigit,</strong></span> <span class='ocrx_word' id='word_1_621' title='bbox 3108 3543 3407 3612; x_wconf 87' lang='lat' dir='ltr'><strong>neglectam</strong></span> <span class='ocrx_word' id='word_1_622' title='bbox 3447 3558 3506 3597; x_wconf 83' lang='lat' dir='ltr'><strong>se</strong></span> 
     </span>
    </p>
   </div>
   <div class='ocr_carea' id='block_1_79' title="bbox 1924 3628 3506 3702">
    <p class='ocr_par' dir='ltr' id='par_1_79' title="bbox 1924 3628 3506 3702">
     <span class='ocr_line' id='line_1_79' title="bbox 1924 3628 3506 3702; baseline 0.002 -18"><span class='ocrx_word' id='word_1_623' title='bbox 1924 3628 2150 3684; x_wconf 86' lang='lat' dir='ltr'><strong>inferius</strong></span> <span class='ocrx_word' id='word_1_624' title='bbox 2197 3646 2291 3698; x_wconf 89' lang='lat' dir='ltr'><strong>per</strong></span> <span class='ocrx_word' id='word_1_625' title='bbox 2329 3631 2591 3686; x_wconf 84' lang='lat' dir='ltr'><strong>desideria</strong></span> <span class='ocrx_word' id='word_1_626' title='bbox 2624 3632 2920 3702; x_wconf 88' lang='lat' dir='ltr'><strong>expandit;</strong></span> <span class='ocrx_word' id='word_1_627' title='bbox 2951 3642 3006 3687; x_wconf 88' lang='lat' dir='ltr'><strong>et</strong></span> <span class='ocrx_word' id='word_1_628' title='bbox 3053 3633 3176 3688; x_wconf 88' lang='lat' dir='ltr'><strong>dum</strong></span> <span class='ocrx_word' id='word_1_629' title='bbox 3211 3635 3506 3688; x_wconf 83' lang='lat' dir='ltr'><strong>studiorum</strong></span> 
     </span>
    </p>
   </div>
   <div class='ocr_carea' id='block_1_80' title="bbox 1925 3723 3508 3795">
    <p class='ocr_par' dir='ltr' id='par_1_80' title="bbox 1925 3723 3508 3795">
     <span class='ocr_line' id='line_1_80' title="bbox 1925 3723 3508 3795; baseline 0.002 -18"><span class='ocrx_word' id='word_1_630' title='bbox 1925 3723 2236 3778; x_wconf 86' lang='lat' dir='ltr'><strong>sublimium</strong></span> <span class='ocrx_word' id='word_1_631' title='bbox 2273 3724 2451 3793; x_wconf 74' lang='lat' dir='ltr'><strong>vigore</strong></span> <span class='ocrx_word' id='word_1_632' title='bbox 2483 3740 2588 3778; x_wconf 88' lang='lat' dir='ltr'><strong>non</strong></span> <span class='ocrx_word' id='word_1_633' title='bbox 2618 3725 3022 3793; x_wconf 86' lang='lat' dir='ltr'><strong>constringitur,</strong></span> <span class='ocrx_word' id='word_1_634' title='bbox 3053 3726 3361 3795; x_wconf 85' lang='lat' dir='ltr'><strong>cupiditatis</strong></span> <span class='ocrx_word' id='word_1_635' title='bbox 3389 3727 3508 3780; x_wconf 90' lang='lat' dir='ltr'><strong>inli-</strong></span> 
     </span>
    </p>
   </div>
   <div class='ocr_carea' id='block_1_81' title="bbox 1925 3816 3510 3892">
    <p class='ocr_par' dir='ltr' id='par_1_81' title="bbox 1925 3816 3510 3892">
     <span class='ocr_line' id='line_1_81' title="bbox 1925 3816 3510 3892; baseline 0.003 -25"><span class='ocrx_word' id='word_1_636' title='bbox 1925 3830 2027 3868; x_wconf 83' lang='lat' dir='ltr'><strong>tme</strong></span> <span class='ocrx_word' id='word_1_637' title='bbox 2058 3823 2082 3852; x_wconf 72' lang='grc' dir='ltr'><strong>ε</strong></span> <span class='ocrx_word' id='word_1_638' title='bbox 2113 3816 2251 3870; x_wconf 80' lang='lat' dir='ltr'><strong>fame</strong></span> <span class='ocrx_word' id='word_1_639' title='bbox 2279 3819 2546 3870; x_wconf 87' lang='lat' dir='ltr'><strong>sauciatur</strong></span> <span class='ocrx_word' id='word_1_640' title='bbox 2572 3834 2586 3882; x_wconf 91' lang='lat'><strong>;</strong></span> <span class='ocrx_word' id='word_1_641' title='bbox 2619 3826 2675 3871; x_wconf 90' lang='lat' dir='ltr'><strong>ut</strong></span> <span class='ocrx_word' id='word_1_642' title='bbox 2713 3832 2818 3886; x_wconf 90' lang='lat' dir='ltr'><strong>quo</strong></span> <span class='ocrx_word' id='word_1_643' title='bbox 2848 3832 2904 3872; x_wconf 89' lang='lat' dir='ltr'><strong>se</strong></span> <span class='ocrx_word' id='word_1_644' title='bbox 2933 3833 3028 3888; x_wconf 87' lang='lat' dir='ltr'><strong>per</strong></span> <span class='ocrx_word' id='word_1_645' title='bbox 3052 3819 3383 3887; x_wconf 72' lang='lat' dir='ltr'><strong>disciplinam</strong></span> <span class='ocrx_word' id='word_1_646' title='bbox 3408 3819 3510 3892; x_wconf 57' lang='grc' dir='ltr'><strong>δεῖ</strong></span> 
     </span>
    </p>
   </div>
   <div class='ocr_carea' id='block_1_82' title="bbox 1926 3906 3512 3979">
    <p class='ocr_par' dir='ltr' id='par_1_82' title="bbox 1926 3906 3512 3979">
     <span class='ocr_line' id='line_1_82' title="bbox 1926 3906 3512 3979; baseline 0.003 -21"><span class='ocrx_word' id='word_1_647' title='bbox 1926 3906 2097 3975; x_wconf 83' lang='lat' dir='ltr'><strong>ligare</strong></span> <span class='ocrx_word' id='word_1_648' title='bbox 2127 3907 2444 3972; x_wconf 81' lang='lat' dir='ltr'><strong>dissimulat,</strong></span> <span class='ocrx_word' id='word_1_649' title='bbox 2472 3924 2536 3962; x_wconf 88' lang='lat' dir='ltr'><strong>eo</strong></span> <span class='ocrx_word' id='word_1_650' title='bbox 2577 3925 2636 3963; x_wconf 91' lang='lat' dir='ltr'><strong>se</strong></span> <span class='ocrx_word' id='word_1_651' title='bbox 2659 3912 2900 3962; x_wconf 86' lang='lat' dir='ltr'><strong>esuriens</strong></span> <span class='ocrx_word' id='word_1_652' title='bbox 2930 3926 3022 3976; x_wconf 82' lang='lat' dir='ltr'><strong>per</strong></span> <span class='ocrx_word' id='word_1_653' title='bbox 3055 3912 3383 3979; x_wconf 87' lang='lat' dir='ltr'><strong>voluptatum</strong></span> <span class='ocrx_word' id='word_1_654' title='bbox 3413 3913 3512 3965; x_wconf 86' lang='lat' dir='ltr'><strong>de-</strong></span> 
     </span>
    </p>
   </div>
   <div class='ocr_carea' id='block_1_83' title="bbox 1925 3997 3511 4067">
    <p class='ocr_par' dir='ltr' id='par_1_83' title="bbox 1925 3997 3511 4067">
     <span class='ocr_line' id='line_1_83' title="bbox 1925 3997 3511 4067; baseline 0.005 -17"><span class='ocrx_word' id='word_1_655' title='bbox 1925 3997 2118 4051; x_wconf 87' lang='lat' dir='ltr'><strong>sideria</strong></span> <span class='ocrx_word' id='word_1_656' title='bbox 2171 4009 2407 4067; x_wconf 82' lang='lat' dir='ltr'><strong>spargat.</strong></span> <span class='ocrx_word' id='word_1_657' title='bbox 2459 4001 2592 4054; x_wconf 91' lang='lat' dir='ltr'><strong>llinc</strong></span> <span class='ocrx_word' id='word_1_658' title='bbox 2645 4002 2712 4054; x_wconf 93' lang='lat' dir='ltr'><strong>ab</strong></span> <span class='ocrx_word' id='word_1_659' title='bbox 2760 4002 2947 4056; x_wconf 89' lang='lat' dir='ltr'><strong>eodem</strong></span> <span class='ocrx_word' id='word_1_660' title='bbox 3002 4020 3186 4057; x_wconf 85' lang='lat' dir='ltr'><strong>rursus</strong></span> <span class='ocrx_word' id='word_1_661' title='bbox 3229 4005 3511 4058; x_wconf 79' lang='lat' dir='ltr'><strong>Salomone</strong></span> 
     </span>
    </p>
   </div>
   <div class='ocr_carea' id='block_1_84' title="bbox 1926 4089 3511 4164">
    <p class='ocr_par' dir='ltr' id='par_1_84' title="bbox 1926 4089 3511 4164">
     <span class='ocr_line' id='line_1_84' title="bbox 1926 4089 3511 4164; baseline 0.002 -19"><span class='ocrx_word' id='word_1_662' title='bbox 1926 4091 2210 4145; x_wconf 85' lang='lat' dir='ltr'><strong>scribitur:</strong></span> <span class='ocrx_word' id='word_1_663' title='bbox 2251 4089 2317 4144; x_wconf 86' lang='lat' dir='ltr'><strong>In</strong></span> <span class='ocrx_word' id='word_1_664' title='bbox 2349 4093 2615 4162; x_wconf 69' lang='lat' dir='ltr'><strong>desideriis</strong></span> <span class='ocrx_word' id='word_1_665' title='bbox 2660 4104 2732 4147; x_wconf 77' lang='lat' dir='ltr'><strong>est</strong></span> <span class='ocrx_word' id='word_1_666' title='bbox 2763 4096 2926 4147; x_wconf 83' lang='lat' dir='ltr'><strong>omnis</strong></span> <span class='ocrx_word' id='word_1_667' title='bbox 2956 4096 3149 4148; x_wconf 83' lang='lat' dir='ltr'><strong>otiosus</strong></span> <span class='ocrx_word' id='word_1_668' title='bbox 3189 4095 3374 4164; x_wconf 83' lang='lat' dir='ltr'><strong>(Prov.</strong></span> <span class='ocrx_word' id='word_1_669' title='bbox 3405 4113 3511 4158; x_wconf 78' lang='lat' dir='ltr'><strong>xxi,</strong></span> 
     </span>
    </p>
   </div>
   <div class='ocr_carea' id='block_1_85' title="bbox 1924 4182 3510 4254">
    <p class='ocr_par' dir='ltr' id='par_1_85' title="bbox 1924 4182 3510 4254">
     <span class='ocr_line' id='line_1_85' title="bbox 1924 4182 3510 4254; baseline 0.002 -18"><span class='ocrx_word' id='word_1_670' title='bbox 1924 4182 2040 4252; x_wconf 74' lang='lat'><strong>26).</strong></span> <span class='ocrx_word' id='word_1_671' title='bbox 2077 4184 2212 4238; x_wconf 86' lang='lat' dir='ltr'><strong>llinc</strong></span> <span class='ocrx_word' id='word_1_672' title='bbox 2243 4185 2351 4254; x_wconf 89' lang='lat' dir='ltr'><strong>ipsa</strong></span> <span class='ocrx_word' id='word_1_673' title='bbox 2387 4184 2624 4239; x_wconf 86' lang='lat' dir='ltr'><strong>Veritate</strong></span> <span class='ocrx_word' id='word_1_674' title='bbox 2669 4188 2990 4253; x_wconf 62' lang='lat' dir='ltr'><strong>praedicante</strong></span> <span class='ocrx_word' id='word_1_675' title='bbox 3033 4187 3246 4253; x_wconf 78' lang='lat' dir='ltr'><strong>(Matth.</strong></span> <span class='ocrx_word' id='word_1_676' title='bbox 3294 4204 3388 4252; x_wconf 83' lang='lat' dir='ltr'><strong>xu,</strong></span> <span class='ocrx_word' id='word_1_677' title='bbox 3421 4187 3510 4254; x_wconf 76' lang='grc'><strong>44,</strong></span> 
     </span>
    </p>
   </div>
   <div class='ocr_carea' id='block_1_86' title="bbox 1926 4273 3514 4347">
    <p class='ocr_par' dir='ltr' id='par_1_86' title="bbox 1926 4273 3514 4347">
     <span class='ocr_line' id='line_1_86' title="bbox 1926 4273 3514 4347; baseline 0.008 -21"><span class='ocrx_word' id='word_1_678' title='bbox 1926 4273 2017 4342; x_wconf 68' lang='grc'><strong>45)</strong></span> <span class='ocrx_word' id='word_1_679' title='bbox 2045 4315 2064 4342; x_wconf 87' lang='grc'><em>,</em></span> <span class='ocrx_word' id='word_1_680' title='bbox 2111 4291 2214 4329; x_wconf 90' lang='lat' dir='ltr'><strong>uno</strong></span> <span class='ocrx_word' id='word_1_681' title='bbox 2263 4277 2474 4345; x_wconf 92' lang='lat' dir='ltr'><strong>quidem</strong></span> <span class='ocrx_word' id='word_1_682' title='bbox 2506 4289 2732 4332; x_wconf 85' lang='lat' dir='ltr'><strong>exeunte</strong></span> <span class='ocrx_word' id='word_1_683' title='bbox 2771 4280 2960 4347; x_wconf 86' lang='lat' dir='ltr'><strong>spiritu</strong></span> <span class='ocrx_word' id='word_1_684' title='bbox 2992 4281 3183 4334; x_wconf 87' lang='lat' dir='ltr'><strong>munda</strong></span> <span class='ocrx_word' id='word_1_685' title='bbox 3215 4281 3406 4335; x_wconf 89' lang='lat' dir='ltr'><strong>domus</strong></span> <span class='ocrx_word' id='word_1_686' title='bbox 3436 4283 3514 4337; x_wconf 85' lang='lat' dir='ltr'><strong>di-</strong></span> 
     </span>
    </p>
   </div>
   <div class='ocr_carea' id='block_1_87' title="bbox 1925 4371 3510 4445">
    <p class='ocr_par' dir='ltr' id='par_1_87' title="bbox 1925 4371 3510 4445">
     <span class='ocr_line' id='line_1_87' title="bbox 1925 4371 3510 4445; baseline 0 -20"><span class='ocrx_word' id='word_1_687' title='bbox 1925 4372 2084 4437; x_wconf 90' lang='lat' dir='ltr'><strong>citur,</strong></span> <span class='ocrx_word' id='word_1_688' title='bbox 2115 4371 2211 4425; x_wconf 88' lang='lat' dir='ltr'><strong>sed</strong></span> <span class='ocrx_word' id='word_1_689' title='bbox 2243 4371 2587 4441; x_wconf 87' lang='lat' dir='ltr'><strong>multiplicius</strong></span> <span class='ocrx_word' id='word_1_690' title='bbox 2636 4373 2893 4428; x_wconf 88' lang='lat' dir='ltr'><strong>redeunte</strong></span> <span class='ocrx_word' id='word_1_691' title='bbox 2927 4373 3051 4427; x_wconf 84' lang='lat' dir='ltr'><strong>dum</strong></span> <span class='ocrx_word' id='word_1_692' title='bbox 3098 4384 3252 4428; x_wconf 85' lang='lat' dir='ltr'><strong>vacat</strong></span> <span class='ocrx_word' id='word_1_693' title='bbox 3283 4391 3510 4445; x_wconf 82' lang='lat' dir='ltr'><strong>occupa-</strong></span> 
     </span>
    </p>
   </div>
   <div class='ocr_carea' id='block_1_88' title="bbox 1929 4464 3508 4536">
    <p class='ocr_par' dir='ltr' id='par_1_88' title="bbox 1929 4464 3508 4536">
     <span class='ocr_line' id='line_1_88' title="bbox 1929 4464 3508 4536; baseline 0.002 -19"><span class='ocrx_word' id='word_1_694' title='bbox 1929 4472 2032 4518; x_wconf 78' lang='lat' dir='ltr'><strong>tur.</strong></span> <span class='ocrx_word' id='word_1_695' title='bbox 2068 4464 2386 4532; x_wconf 83' lang='lat' dir='ltr'><strong>Plerumque</strong></span> <span class='ocrx_word' id='word_1_696' title='bbox 2435 4466 2586 4534; x_wconf 77' lang='lat' dir='ltr'><strong>piger</strong></span> <span class='ocrx_word' id='word_1_697' title='bbox 2629 4466 2752 4518; x_wconf 77' lang='lat' dir='ltr'><strong>duzn</strong></span> <span class='ocrx_word' id='word_1_698' title='bbox 2795 4467 3092 4521; x_wconf 88' lang='lat' dir='ltr'><strong>necessaria</strong></span> <span class='ocrx_word' id='word_1_699' title='bbox 3143 4482 3302 4536; x_wconf 82' lang='lat' dir='ltr'><strong>agere</strong></span> <span class='ocrx_word' id='word_1_700' title='bbox 3347 4467 3508 4535; x_wconf 78' lang='lat' dir='ltr'><strong>negli~</strong></span> 
     </span>
    </p>
   </div>
   <div class='ocr_carea' id='block_1_89' title="bbox 1925 4555 3510 4626">
    <p class='ocr_par' dir='ltr' id='par_1_89' title="bbox 1925 4555 3510 4626">
     <span class='ocr_line' id='line_1_89' title="bbox 1925 4555 3510 4626; baseline 0 -19"><span class='ocrx_word' id='word_1_701' title='bbox 1925 4558 2035 4625; x_wconf 89' lang='lat' dir='ltr'><strong>git,</strong></span> <span class='ocrx_word' id='word_1_702' title='bbox 2088 4556 2332 4626; x_wconf 62' lang='lat' dir='ltr'><strong>quaedam</strong></span> <span class='ocrx_word' id='word_1_703' title='bbox 2383 4555 2484 4610; x_wconf 71' lang='lat' dir='ltr'><strong>sibi</strong></span> <span class='ocrx_word' id='word_1_704' title='bbox 2531 4556 2770 4611; x_wconf 78' lang='lat' dir='ltr'><strong>difﬁcilia</strong></span> <span class='ocrx_word' id='word_1_705' title='bbox 2820 4559 3060 4626; x_wconf 87' lang='lat' dir='ltr'><strong>opponit,</strong></span> <span class='ocrx_word' id='word_1_706' title='bbox 3092 4558 3344 4626; x_wconf 59' lang='lat' dir='ltr'><strong>lquaidam</strong></span> <span class='ocrx_word' id='word_1_707' title='bbox 3385 4573 3510 4610; x_wconf 85' lang='lat' dir='ltr'><strong>vero</strong></span> 
     </span>
    </p>
   </div>
   <div class='ocr_carea' id='block_1_90' title="bbox 233 4637 3511 4719">
    <p class='ocr_par' dir='ltr' id='par_1_90' title="bbox 233 4637 3511 4719">
     <span class='ocr_line' id='line_1_90' title="bbox 233 4637 3511 4719; baseline -0.002 -12"><span class='ocrx_word' id='word_1_708' title='bbox 233 4649 452 4719; x_wconf 78' lang='lat' dir='ltr'><strong>iustitia:</strong></span> <span class='ocrx_word' id='word_1_709' title='bbox 485 4657 673 4702; x_wconf 86' lang='lat' dir='ltr'><strong>tenere</strong></span> <span class='ocrx_word' id='word_1_710' title='bbox 701 4661 1029 4715; x_wconf 79' lang='lat' dir='ltr'><strong>nequaquam</strong></span> <span class='ocrx_word' id='word_1_711' title='bbox 1060 4645 1248 4714; x_wconf 86' lang='lat' dir='ltr'><strong>possit,</strong></span> <span class='ocrx_word' id='word_1_712' title='bbox 1277 4653 1500 4698; x_wconf 79' lang='lat' dir='ltr'><strong>testatur</strong></span> <span class='ocrx_word' id='word_1_713' title='bbox 1533 4642 1816 4712; x_wconf 83' lang='lat' dir='ltr'><strong>Propheta,</strong></span> <span class='ocrx_word' id='word_1_714' title='bbox 1851 4637 1904 4697; x_wconf 90' lang='lat' dir='ltr'><strong>D</strong></span> <span class='ocrx_word' id='word_1_715' title='bbox 1930 4649 2140 4702; x_wconf 76' lang='lat' dir='ltr'><strong>incaute</strong></span> <span class='ocrx_word' id='word_1_716' title='bbox 2192 4647 2476 4712; x_wconf 80' lang='lat' dir='ltr'><strong>formidat;</strong></span> <span class='ocrx_word' id='word_1_717' title='bbox 2512 4657 2566 4703; x_wconf 91' lang='lat' dir='ltr'><strong>et</strong></span> <span class='ocrx_word' id='word_1_718' title='bbox 2605 4650 2729 4703; x_wconf 88' lang='lat' dir='ltr'><strong>dum</strong></span> <span class='ocrx_word' id='word_1_719' title='bbox 2778 4649 2926 4718; x_wconf 85' lang='lat' dir='ltr'><strong>quasi</strong></span> <span class='ocrx_word' id='word_1_720' title='bbox 2958 4649 3159 4703; x_wconf 82' lang='lat' dir='ltr'><strong>invenit</strong></span> <span class='ocrx_word' id='word_1_721' title='bbox 3203 4647 3338 4715; x_wconf 84' lang='lat' dir='ltr'><strong>quod</strong></span> <span class='ocrx_word' id='word_1_722' title='bbox 3369 4648 3511 4701; x_wconf 89' lang='lat' dir='ltr'><strong>velut</strong></span> 
     </span>
    </p>
   </div>
   <div class='ocr_carea' id='block_1_91' title="bbox 234 4737 1814 4808">
    <p class='ocr_par' dir='ltr' id='par_1_91' title="bbox 234 4737 1814 4808">
     <span class='ocr_line' id='line_1_91' title="bbox 234 4737 1814 4808; baseline -0.002 -18"><span class='ocrx_word' id='word_1_723' title='bbox 234 4743 324 4808; x_wconf 88' lang='lat' dir='ltr'><strong>qui</strong></span> <span class='ocrx_word' id='word_1_724' title='bbox 368 4741 470 4793; x_wconf 86' lang='lat' dir='ltr'><strong>ait:</strong></span> <span class='ocrx_word' id='word_1_725' title='bbox 535 4741 620 4793; x_wconf 77' lang='lat' dir='ltr'><strong>i&#39;ir</strong></span> <span class='ocrx_word' id='word_1_726' title='bbox 670 4740 932 4808; x_wconf 83' lang='lat' dir='ltr'><strong>linguosus</strong></span> <span class='ocrx_word' id='word_1_727' title='bbox 989 4753 1090 4791; x_wconf 86' lang='lat' dir='ltr'><strong>non</strong></span> <span class='ocrx_word' id='word_1_728' title='bbox 1129 4737 1377 4806; x_wconf 85' lang='lat' dir='ltr'><strong>dirigetur</strong></span> <span class='ocrx_word' id='word_1_729' title='bbox 1424 4751 1578 4804; x_wconf 70' lang='lat' dir='ltr'><strong>super</strong></span> <span class='ocrx_word' id='word_1_730' title='bbox 1626 4745 1814 4788; x_wconf 85' lang='lat' dir='ltr'><strong>terram</strong></span> 
     </span>
    </p>
   </div>
   <div class='ocr_carea' id='block_1_92' title="bbox 235 4827 1814 4902">
    <p class='ocr_par' dir='ltr' id='par_1_92' title="bbox 235 4827 1814 4902">
     <span class='ocr_line' id='line_1_92' title="bbox 235 4827 1814 4902; baseline -0.001 -19"><span class='ocrx_word' id='word_1_731' title='bbox 235 4831 352 4902; x_wconf 85' lang='lat' dir='ltr'><strong>(Ps.</strong></span> <span class='ocrx_word' id='word_1_732' title='bbox 373 4848 590 4899; x_wconf 73' lang='lat' dir='ltr'><strong>cxxxtx,</strong></span> <span class='ocrx_word' id='word_1_733' title='bbox 620 4831 730 4901; x_wconf 65' lang='grc' dir='ltr'>Η).</span> <span class='ocrx_word' id='word_1_734' title='bbox 763 4830 894 4885; x_wconf 73' lang='grc' dir='ltr'><strong>ιΙιηο</strong></span> <span class='ocrx_word' id='word_1_735' title='bbox 920 4845 1130 4900; x_wconf 87' lang='lat' dir='ltr'><strong>quoque</strong></span> <span class='ocrx_word' id='word_1_736' title='bbox 1152 4830 1402 4884; x_wconf 87' lang='lat' dir='ltr'><strong>Salomon</strong></span> <span class='ocrx_word' id='word_1_737' title='bbox 1434 4827 1624 4882; x_wconf 89' lang='lat' dir='ltr'><strong>iterum</strong></span> <span class='ocrx_word' id='word_1_738' title='bbox 1652 4827 1814 4881; x_wconf 89' lang='lat' dir='ltr'><strong>dicit:</strong></span> 
     </span>
    </p>
   </div>
   <div class='ocr_carea' id='block_1_93' title="bbox 233 4917 1815 4991">
    <p class='ocr_par' dir='ltr' id='par_1_93' title="bbox 233 4917 1815 4991">
     <span class='ocr_line' id='line_1_93' title="bbox 233 4917 1815 4991; baseline -0.004 -15"><span class='ocrx_word' id='word_1_739' title='bbox 233 4921 300 4978; x_wconf 83' lang='lat' dir='ltr'><strong>In</strong></span> <span class='ocrx_word' id='word_1_740' title='bbox 346 4923 669 4991; x_wconf 84' lang='lat' dir='ltr'><strong>multiloquio</strong></span> <span class='ocrx_word' id='word_1_741' title='bbox 727 4939 824 4974; x_wconf 88' lang='lat' dir='ltr'><strong>non</strong></span> <span class='ocrx_word' id='word_1_742' title='bbox 875 4922 1032 4974; x_wconf 85' lang='lat' dir='ltr'><strong>deerit</strong></span> <span class='ocrx_word' id='word_1_743' title='bbox 1075 4930 1332 4989; x_wconf 86' lang='lat' dir='ltr'><strong>peccatum</strong></span> <span class='ocrx_word' id='word_1_744' title='bbox 1363 4917 1546 4989; x_wconf 84' lang='lat' dir='ltr'><strong>(Prov.</strong></span> <span class='ocrx_word' id='word_1_745' title='bbox 1596 4935 1648 4984; x_wconf 72' lang='grc' dir='ltr'><strong>κ,</strong></span> <span class='ocrx_word' id='word_1_746' title='bbox 1708 4919 1815 4986; x_wconf 76' lang='grc'>19).</span> 
     </span>
    </p>
   </div>
   <div class='ocr_carea' id='block_1_94' title="bbox 234 5009 1814 5084">
    <p class='ocr_par' dir='ltr' id='par_1_94' title="bbox 234 5009 1814 5084">
     <span class='ocr_line' id='line_1_94' title="bbox 234 5009 1814 5084; baseline -0.004 -13"><span class='ocrx_word' id='word_1_747' title='bbox 234 5018 365 5072; x_wconf 87' lang='lat' dir='ltr'><strong>lline</strong></span> <span class='ocrx_word' id='word_1_748' title='bbox 397 5017 561 5071; x_wconf 77' lang='lat' dir='ltr'><strong>lsaias</strong></span> <span class='ocrx_word' id='word_1_749' title='bbox 590 5015 700 5068; x_wconf 81' lang='lat' dir='ltr'><strong>ait:</strong></span> <span class='ocrx_word' id='word_1_750' title='bbox 733 5013 915 5068; x_wconf 87' lang='lat' dir='ltr'><strong>Cultus</strong></span> <span class='ocrx_word' id='word_1_751' title='bbox 937 5013 1155 5084; x_wconf 79' lang='lat' dir='ltr'><strong>jnstitiw</strong></span> <span class='ocrx_word' id='word_1_752' title='bbox 1199 5011 1453 5066; x_wconf 76' lang='lat' dir='ltr'><strong>silentium</strong></span> <span class='ocrx_word' id='word_1_753' title='bbox 1495 5009 1600 5080; x_wconf 87' lang='lat' dir='ltr'><strong>(Is.</strong></span> <span class='ocrx_word' id='word_1_754' title='bbox 1643 5027 1814 5074; x_wconf 78' lang='lat' dir='ltr'><strong>xxxii,</strong></span> 
     </span>
    </p>
   </div>
   <div class='ocr_carea' id='block_1_95' title="bbox 233 5105 1819 5179">
    <p class='ocr_par' dir='ltr' id='par_1_95' title="bbox 233 5105 1819 5179">
     <span class='ocr_line' id='line_1_95' title="bbox 233 5105 1819 5179; baseline -0.004 -13"><span class='ocrx_word' id='word_1_755' title='bbox 233 5112 344 5179; x_wconf 77' lang='lat' dir='ltr'><strong>li),</strong></span> <span class='ocrx_word' id='word_1_756' title='bbox 380 5109 627 5163; x_wconf 71' lang='lat' dir='ltr'><strong>VitlrltCEI</strong></span> <span class='ocrx_word' id='word_1_757' title='bbox 660 5109 899 5162; x_wconf 82' lang='lat' dir='ltr'><strong>indicans</strong></span> <span class='ocrx_word' id='word_1_758' title='bbox 929 5108 1049 5176; x_wconf 89' lang='lat' dir='ltr'><strong>quia</strong></span> <span class='ocrx_word' id='word_1_759' title='bbox 1093 5107 1287 5160; x_wconf 90' lang='lat' dir='ltr'><strong>mentis</strong></span> <span class='ocrx_word' id='word_1_760' title='bbox 1312 5105 1518 5173; x_wconf 85' lang='lat' dir='ltr'><strong>justitia</strong></span> <span class='ocrx_word' id='word_1_761' title='bbox 1548 5106 1819 5161; x_wconf 86' lang='lat' dir='ltr'><strong>desolatur</strong></span> 
     </span>
    </p>
   </div>
   <div class='ocr_carea' id='block_1_96' title="bbox 229 5198 1818 5266">
    <p class='ocr_par' dir='ltr' id='par_1_96' title="bbox 229 5198 1818 5266">
     <span class='ocr_line' id='line_1_96' title="bbox 229 5198 1818 5266; baseline -0.002 -12"><span class='ocrx_word' id='word_1_762' title='bbox 229 5202 445 5266; x_wconf 85' lang='lat' dir='ltr'><strong>quando</strong></span> <span class='ocrx_word' id='word_1_763' title='bbox 470 5202 538 5254; x_wconf 90' lang='lat' dir='ltr'><strong>ab</strong></span> <span class='ocrx_word' id='word_1_764' title='bbox 570 5201 917 5252; x_wconf 86' lang='lat' dir='ltr'><strong>immoderata</strong></span> <span class='ocrx_word' id='word_1_765' title='bbox 951 5198 1219 5251; x_wconf 87' lang='lat' dir='ltr'><strong>locutione</strong></span> <span class='ocrx_word' id='word_1_766' title='bbox 1263 5212 1366 5251; x_wconf 90' lang='lat' dir='ltr'><strong>n0n</strong></span> <span class='ocrx_word' id='word_1_767' title='bbox 1402 5198 1656 5252; x_wconf 79' lang='lat' dir='ltr'><strong>parcitur.</strong></span> <span class='ocrx_word' id='word_1_768' title='bbox 1686 5198 1818 5252; x_wconf 90' lang='lat' dir='ltr'><strong>llinc</strong></span> 
     </span>
    </p>
   </div>
   <div class='ocr_carea' id='block_1_97' title="bbox 309 5313 1814 5386">
    <p class='ocr_par' dir='ltr' id='par_1_97' title="bbox 309 5313 1814 5386">
     <span class='ocr_line' id='line_1_97' title="bbox 309 5313 1814 5386; baseline -0.002 -16"><span class='ocrx_word' id='word_1_769' title='bbox 309 5328 333 5354; x_wconf 72' lang='grc'>⁸</span> <span class='ocrx_word' id='word_1_770' title='bbox 367 5317 420 5370; x_wconf 92' lang='lat' dir='ltr'><strong>lu</strong></span> <span class='ocrx_word' id='word_1_771' title='bbox 449 5317 631 5384; x_wconf 81' lang='lat' dir='ltr'><strong>Angl.,</strong></span> <span class='ocrx_word' id='word_1_772' title='bbox 663 5331 806 5386; x_wconf 78' lang='lat' dir='ltr'><strong>aqua:</strong></span> <span class='ocrx_word' id='word_1_773' title='bbox 829 5331 968 5369; x_wconf 82' lang='lat' dir='ltr'><strong>more</strong></span> <span class='ocrx_word' id='word_1_774' title='bbox 997 5315 1365 5368; x_wconf 72' lang='lat' dir='ltr'><strong>circumclusa’.</strong></span> <span class='ocrx_word' id='word_1_775' title='bbox 1397 5313 1552 5386; x_wconf 79' lang='lat' dir='ltr'><strong>Stant</strong></span> <span class='ocrx_word' id='word_1_776' title='bbox 1577 5328 1674 5383; x_wconf 90' lang='lat' dir='ltr'><strong>pro</strong></span> <span class='ocrx_word' id='word_1_777' title='bbox 1699 5329 1814 5368; x_wconf 80' lang='lat' dir='ltr'><strong>nos-</strong></span> 
     </span>
    </p>
   </div>
   <div class='ocr_carea' id='block_1_98' title="bbox 239 5385 1804 5455">
    <p class='ocr_par' dir='ltr' id='par_1_98' title="bbox 239 5385 1804 5455">
     <span class='ocr_line' id='line_1_98' title="bbox 239 5385 1804 5455; baseline -0.001 -15"><span class='ocrx_word' id='word_1_778' title='bbox 239 5397 316 5441; x_wconf 79' lang='lat' dir='ltr'><strong>tra</strong></span> <span class='ocrx_word' id='word_1_779' title='bbox 347 5389 574 5442; x_wconf 74' lang='lat' dir='ltr'><strong>lectione</strong></span> <span class='ocrx_word' id='word_1_780' title='bbox 616 5385 795 5453; x_wconf 73' lang='lat' dir='ltr'><strong>Tree.,</strong></span> <span class='ocrx_word' id='word_1_781' title='bbox 834 5389 1006 5451; x_wconf 80' lang='lat' dir='ltr'><strong>Belv.,</strong></span> <span class='ocrx_word' id='word_1_782' title='bbox 1056 5395 1162 5439; x_wconf 90' lang='lat' dir='ltr'><strong>tres</strong></span> <span class='ocrx_word' id='word_1_783' title='bbox 1202 5387 1445 5451; x_wconf 82' lang='lat' dir='ltr'><strong>Carnot.,</strong></span> <span class='ocrx_word' id='word_1_784' title='bbox 1485 5385 1804 5455; x_wconf 69' lang='lat' dir='ltr'><strong>liothomag.</strong></span> 
     </span>
    </p>
   </div>
   <div class='ocr_carea' id='block_1_99' title="bbox 232 5459 366 5515">
    <p class='ocr_par' dir='ltr' id='par_1_99' title="bbox 232 5459 366 5515">
     <span class='ocr_line' id='line_1_99' title="bbox 232 5459 366 5515; baseline -0.022 0"><span class='ocrx_word' id='word_1_785' title='bbox 232 5459 366 5515; x_wconf 77' lang='lat' dir='ltr'><strong>Lvr.</strong></span> 
     </span>
    </p>
   </div>
   <div class='ocr_carea' id='block_1_100' title="bbox 285 5475 1143 5600">
    <p class='ocr_par' dir='ltr' id='par_1_100' title="bbox 285 5475 1143 5600">
     <span class='ocr_line' id='line_1_100' title="bbox 285 5475 1143 5600; baseline 0.001 -18"><span class='ocrx_word' id='word_1_786' title='bbox 285 5475 553 5594; x_wconf 56' lang='lat' dir='ltr'><strong>y;.Lftlltl.,</strong></span> <span class='ocrx_word' id='word_1_787' title='bbox 577 5532 639 5585; x_wconf 84' lang='lat' dir='ltr'><strong>de</strong></span> <span class='ocrx_word' id='word_1_788' title='bbox 665 5529 846 5600; x_wconf 84' lang='lat' dir='ltr'><strong>quibus</strong></span> <span class='ocrx_word' id='word_1_789' title='bbox 872 5530 1143 5598; x_wconf 65' lang='lat' dir='ltr'><strong>loquimur.</strong></span> 
     </span>
    </p>
   </div>
   <div class='ocr_carea' id='block_1_101' title="bbox 309 5597 1817 5667">
    <p class='ocr_par' dir='ltr' id='par_1_101' title="bbox 309 5597 1817 5667">
     <span class='ocr_line' id='line_1_101' title="bbox 309 5597 1817 5667; baseline -0.006 -11"><span class='ocrx_word' id='word_1_790' title='bbox 309 5614 330 5640; x_wconf 76' lang='grc' dir='ltr'><em>ε</em></span> <span class='ocrx_word' id='word_1_791' title='bbox 369 5604 513 5656; x_wconf 83' lang='lat' dir='ltr'><strong>Belv.</strong></span> <span class='ocrx_word' id='word_1_792' title='bbox 548 5615 599 5657; x_wconf 84' lang='lat' dir='ltr'><strong>et</strong></span> <span class='ocrx_word' id='word_1_793' title='bbox 628 5597 733 5655; x_wconf 82' lang='lat' dir='ltr'><strong>duo</strong></span> <span class='ocrx_word' id='word_1_794' title='bbox 767 5603 966 5667; x_wconf 77' lang='lat' dir='ltr'><strong>priores</strong></span> <span class='ocrx_word' id='word_1_795' title='bbox 993 5601 1212 5654; x_wconf 84' lang='lat' dir='ltr'><strong>Caruot.</strong></span> <span class='ocrx_word' id='word_1_796' title='bbox 1245 5642 1258 5664; x_wconf 93' lang='lat'><strong>,</strong></span> <span class='ocrx_word' id='word_1_797' title='bbox 1291 5601 1513 5653; x_wconf 83' lang='lat' dir='ltr'><strong>serviens</strong></span> <span class='ocrx_word' id='word_1_798' title='bbox 1537 5638 1552 5660; x_wconf 92' lang='lat'><strong>,</strong></span> <span class='ocrx_word' id='word_1_799' title='bbox 1589 5597 1817 5667; x_wconf 88' lang='lat' dir='ltr'><strong>linguam</strong></span> 
     </span>
    </p>
   </div>
   <div class='ocr_carea' id='block_1_102' title="bbox 231 5671 1713 5747">
    <p class='ocr_par' dir='ltr' id='par_1_102' title="bbox 231 5671 1713 5747">
     <span class='ocr_line' id='line_1_102' title="bbox 231 5671 1713 5747; baseline -0.004 -21"><span class='ocrx_word' id='word_1_800' title='bbox 231 5675 442 5744; x_wconf 72' lang='lat' dir='ltr'><strong>frenare</strong></span> <span class='ocrx_word' id='word_1_801' title='bbox 470 5675 746 5747; x_wconf 68' lang='lat' dir='ltr'><strong>nequiverit</strong></span> <span class='ocrx_word' id='word_1_802' title='bbox 779 5671 1058 5747; x_wconf 45' lang='lat' dir='ltr'><strong>accidebat</strong></span> <span class='ocrx_word' id='word_1_803' title='bbox 1089 5671 1460 5747; x_wconf 69' lang='lat' dir='ltr'><strong>rectitudinem,</strong></span> <span class='ocrx_word' id='word_1_804' title='bbox 1492 5678 1629 5747; x_wconf 44' lang='lat' dir='ltr'><strong>etc.&#39;</strong></span> <span class='ocrx_word' id='word_1_805' title='bbox 1702 5735 1713 5747; x_wconf 41' lang='lat'><em>.</em></span> 
     </span>
    </p>
   </div>
   <div class='ocr_carea' id='block_1_103' title="bbox 305 5737 1820 5806">
    <p class='ocr_par' dir='ltr' id='par_1_103' title="bbox 305 5737 1820 5806">
     <span class='ocr_line' id='line_1_103' title="bbox 305 5737 1820 5806; baseline -0.007 -7"><span class='ocrx_word' id='word_1_806' title='bbox 305 5746 331 5782; x_wconf 74' lang='grc' dir='ltr'><em>ά</em></span> <span class='ocrx_word' id='word_1_807' title='bbox 375 5747 430 5798; x_wconf 89' lang='lat' dir='ltr'><strong>In</strong></span> <span class='ocrx_word' id='word_1_808' title='bbox 476 5737 649 5806; x_wconf 44' lang='lat' dir='ltr'><strong>Bt_-&#39;lv.,</strong></span> <span class='ocrx_word' id='word_1_809' title='bbox 699 5743 885 5806; x_wconf 79' lang='lat' dir='ltr'><strong>Corb.,</strong></span> <span class='ocrx_word' id='word_1_810' title='bbox 933 5741 1138 5794; x_wconf 80' lang='lat' dir='ltr'><strong>’I&#39;ltend.</strong></span> <span class='ocrx_word' id='word_1_811' title='bbox 1190 5751 1246 5794; x_wconf 91' lang='lat' dir='ltr'><strong>et</strong></span> <span class='ocrx_word' id='word_1_812' title='bbox 1296 5743 1498 5796; x_wconf 77' lang='lat' dir='ltr'><strong>duobus</strong></span> <span class='ocrx_word' id='word_1_813' title='bbox 1553 5737 1820 5806; x_wconf 89' lang='lat' dir='ltr'><strong>prioribus</strong></span> 
     </span>
    </p>
   </div>
   <div class='ocr_carea' id='block_1_104' title="bbox 230 5811 1815 5882">
    <p class='ocr_par' dir='ltr' id='par_1_104' title="bbox 230 5811 1815 5882">
     <span class='ocr_line' id='line_1_104' title="bbox 230 5811 1815 5882; baseline -0.006 -11"><span class='ocrx_word' id='word_1_814' title='bbox 230 5817 475 5882; x_wconf 63' lang='lat' dir='ltr'><strong>Carum,</strong></span> <span class='ocrx_word' id='word_1_815' title='bbox 517 5824 653 5868; x_wconf 86' lang='lat' dir='ltr'><strong>recte</strong></span> <span class='ocrx_word' id='word_1_816' title='bbox 701 5811 981 5866; x_wconf 85' lang='lat' dir='ltr'><strong>sentiendo.</strong></span> <span class='ocrx_word' id='word_1_817' title='bbox 1015 5812 1144 5878; x_wconf 69' lang='lat' dir='ltr'><strong>Qua:</strong></span> <span class='ocrx_word' id='word_1_818' title='bbox 1197 5813 1353 5866; x_wconf 84' lang='lat' dir='ltr'><strong>lectio</strong></span> <span class='ocrx_word' id='word_1_819' title='bbox 1382 5825 1412 5864; x_wconf 87' lang='lat' dir='ltr'><strong>a</strong></span> <span class='ocrx_word' id='word_1_820' title='bbox 1463 5818 1610 5882; x_wconf 82' lang='lat' dir='ltr'><strong>recto</strong></span> <span class='ocrx_word' id='word_1_821' title='bbox 1654 5822 1815 5882; x_wconf 75' lang='lat' dir='ltr'><strong>sensu</strong></span> 
     </span>
    </p>
   </div>
   <div class='ocr_carea' id='block_1_105' title="bbox 230 5879 1818 5950">
    <p class='ocr_par' dir='ltr' id='par_1_105' title="bbox 230 5879 1818 5950">
     <span class='ocr_line' id='line_1_105' title="bbox 230 5879 1818 5950; baseline -0.009 -6"><span class='ocrx_word' id='word_1_822' title='bbox 230 5904 336 5944; x_wconf 58' lang='lat' dir='ltr'><strong>non</strong></span> <span class='ocrx_word' id='word_1_823' title='bbox 393 5879 696 5944; x_wconf 80' lang='lat' dir='ltr'><strong>abhorret.</strong></span> <span class='ocrx_word' id='word_1_824' title='bbox 757 5885 912 5934; x_wconf 86' lang='lat' dir='ltr'><strong>modo</strong></span> <span class='ocrx_word' id='word_1_825' title='bbox 963 5883 1037 5936; x_wconf 74' lang='lat' dir='ltr'><strong>sic</strong></span> <span class='ocrx_word' id='word_1_826' title='bbox 1097 5883 1332 5948; x_wconf 73' lang='lat' dir='ltr'><strong>legatur:</strong></span> <span class='ocrx_word' id='word_1_827' title='bbox 1389 5880 1508 5950; x_wconf 78' lang='lat' dir='ltr'><strong>quia</strong></span> <span class='ocrx_word' id='word_1_828' title='bbox 1560 5879 1818 5949; x_wconf 76' lang='lat' dir='ltr'><strong>paulisper</strong></span> 
     </span>
    </p>
   </div>
   <div class='ocr_carea' id='block_1_106' title="bbox 524 5976 1149 6040">
    <p class='ocr_par' dir='ltr' id='par_1_106' title="bbox 524 5976 1149 6040">
     <span class='ocr_line' id='line_1_106' title="bbox 524 5976 1149 6040; baseline -0.005 -2"><span class='ocrx_word' id='word_1_829' title='bbox 524 5983 789 6040; x_wconf 75' lang='lat' dir='ltr'><strong>l‘aTuOL.</strong></span> <span class='ocrx_word' id='word_1_830' title='bbox 829 5976 1149 6035; x_wconf 65' lang='lat' dir='ltr'><strong>LXXV”.</strong></span> 
     </span>
    </p>
   </div>
   <div class='ocr_carea' id='block_1_107' title="bbox 1921 4739 3508 4813">
    <p class='ocr_par' dir='ltr' id='par_1_107' title="bbox 1921 4739 3508 4813">
     <span class='ocr_line' id='line_1_107' title="bbox 1921 4739 3508 4813; baseline -0.002 -18"><span class='ocrx_word' id='word_1_831' title='bbox 1921 4741 2065 4812; x_wconf 75' lang='lat' dir='ltr'><strong>justo</strong></span> <span class='ocrx_word' id='word_1_832' title='bbox 2093 4751 2328 4803; x_wconf 88' lang='lat' dir='ltr'><strong>metuat,</strong></span> <span class='ocrx_word' id='word_1_833' title='bbox 2363 4743 2596 4797; x_wconf 76' lang='lat' dir='ltr'><strong>ostendit</strong></span> <span class='ocrx_word' id='word_1_834' title='bbox 2623 4743 2848 4813; x_wconf 79' lang='lat' dir='ltr'><strong>qttod&quot;in</strong></span> <span class='ocrx_word' id='word_1_835' title='bbox 2882 4741 2989 4796; x_wconf 90' lang='lat' dir='ltr'><strong>otio</strong></span> <span class='ocrx_word' id='word_1_836' title='bbox 3017 4742 3166 4808; x_wconf 88' lang='lat' dir='ltr'><strong>quasi</strong></span> <span class='ocrx_word' id='word_1_837' title='bbox 3197 4755 3303 4793; x_wconf 89' lang='lat' dir='ltr'><strong>non</strong></span> <span class='ocrx_word' id='word_1_838' title='bbox 3341 4739 3508 4806; x_wconf 81' lang='lat' dir='ltr'><strong>iuju</strong></span> 
     </span>
    </p>
   </div>
   <div class='ocr_carea' id='block_1_108' title="bbox 1928 4832 3506 4903">
    <p class='ocr_par' dir='ltr' id='par_1_108' title="bbox 1928 4832 3506 4903">
     <span class='ocr_line' id='line_1_108' title="bbox 1928 4832 3506 4903; baseline -0.003 -17"><span class='ocrx_word' id='word_1_839' title='bbox 1928 4842 1980 4888; x_wconf 92' lang='lat' dir='ltr'><strong>te</strong></span> <span class='ocrx_word' id='word_1_840' title='bbox 2007 4843 2290 4894; x_wconf 61' lang='lat' dir='ltr'><strong>torzrescat.</strong></span> <span class='ocrx_word' id='word_1_841' title='bbox 2323 4835 2418 4888; x_wconf 75' lang='lat' dir='ltr'><strong>Cui</strong></span> <span class='ocrx_word' id='word_1_842' title='bbox 2448 4844 2593 4889; x_wconf 83' lang='lat' dir='ltr'><strong>recte</strong></span> <span class='ocrx_word' id='word_1_843' title='bbox 2617 4851 2710 4903; x_wconf 78' lang='lat' dir='ltr'><strong>per</strong></span> <span class='ocrx_word' id='word_1_844' title='bbox 2740 4835 3079 4888; x_wconf 76' lang='lat' dir='ltr'><strong>Salomonem</strong></span> <span class='ocrx_word' id='word_1_845' title='bbox 3104 4832 3297 4886; x_wconf 85' lang='lat' dir='ltr'><strong>dicitur</strong></span> <span class='ocrx_word' id='word_1_846' title='bbox 3323 4852 3335 4887; x_wconf 87' lang='lat'><strong>:</strong></span> <span class='ocrx_word' id='word_1_847' title='bbox 3371 4832 3506 4886; x_wconf 70' lang='lat' dir='ltr'><strong>Pro-</strong></span> 
     </span>
    </p>
   </div>
   <div class='ocr_carea' id='block_1_109' title="bbox 1927 4923 3503 4997">
    <p class='ocr_par' dir='ltr' id='par_1_109' title="bbox 1927 4923 3503 4997">
     <span class='ocr_line' id='line_1_109' title="bbox 1927 4923 3503 4997; baseline 0 -17"><span class='ocrx_word' id='word_1_848' title='bbox 1927 4936 2003 4980; x_wconf 82' lang='lat' dir='ltr'><strong>ter</strong></span> <span class='ocrx_word' id='word_1_849' title='bbox 2043 4926 2208 4996; x_wconf 74' lang='lat' dir='ltr'><strong>[ligus</strong></span> <span class='ocrx_word' id='word_1_850' title='bbox 2238 4927 2378 4997; x_wconf 84' lang='lat' dir='ltr'><strong>piger</strong></span> <span class='ocrx_word' id='word_1_851' title='bbox 2405 4944 2553 4980; x_wconf 72' lang='lat' dir='ltr'><strong>arare</strong></span> <span class='ocrx_word' id='word_1_852' title='bbox 2588 4926 2750 4979; x_wconf 88' lang='lat' dir='ltr'><strong>noluit</strong></span> <span class='ocrx_word' id='word_1_853' title='bbox 2779 4941 2796 4988; x_wconf 88' lang='lat'><strong>;</strong></span> <span class='ocrx_word' id='word_1_854' title='bbox 2823 4923 3127 4977; x_wconf 66' lang='lat' dir='ltr'><strong>mendicabit</strong></span> <span class='ocrx_word' id='word_1_855' title='bbox 3150 4940 3270 4995; x_wconf 88' lang='lat' dir='ltr'><strong>ergo</strong></span> <span class='ocrx_word' id='word_1_856' title='bbox 3311 4937 3503 4992; x_wconf 74' lang='lat' dir='ltr'><strong>(estate,</strong></span> 
     </span>
    </p>
   </div>
   <div class='ocr_carea' id='block_1_110' title="bbox 1929 5015 3507 5088">
    <p class='ocr_par' dir='ltr' id='par_1_110' title="bbox 1929 5015 3507 5088">
     <span class='ocr_line' id='line_1_110' title="bbox 1929 5015 3507 5088; baseline 0.001 -17"><span class='ocrx_word' id='word_1_857' title='bbox 1929 5027 1975 5071; x_wconf 86' lang='lat' dir='ltr'><strong>et</strong></span> <span class='ocrx_word' id='word_1_858' title='bbox 2002 5035 2105 5071; x_wconf 87' lang='lat' dir='ltr'><strong>non</strong></span> <span class='ocrx_word' id='word_1_859' title='bbox 2132 5019 2332 5072; x_wconf 84' lang='lat' dir='ltr'><strong>dabitur</strong></span> <span class='ocrx_word' id='word_1_860' title='bbox 2354 5022 2398 5072; x_wconf 85' lang='lat' dir='ltr'><strong>ei</strong></span> <span class='ocrx_word' id='word_1_861' title='bbox 2427 5017 2607 5088; x_wconf 85' lang='lat' dir='ltr'><strong>(Prov.</strong></span> <span class='ocrx_word' id='word_1_862' title='bbox 2640 5033 2726 5078; x_wconf 85' lang='lat' dir='ltr'><strong>xx,</strong></span> <span class='ocrx_word' id='word_1_863' title='bbox 2761 5015 2838 5083; x_wconf 66' lang='lat' dir='ltr'><strong>li).</strong></span> <span class='ocrx_word' id='word_1_864' title='bbox 2874 5015 3096 5085; x_wconf 82' lang='lat' dir='ltr'><strong>Propter</strong></span> <span class='ocrx_word' id='word_1_865' title='bbox 3125 5016 3288 5087; x_wconf 78' lang='lat' dir='ltr'><strong>frigus</strong></span> <span class='ocrx_word' id='word_1_866' title='bbox 3315 5020 3507 5088; x_wconf 83' lang='lat' dir='ltr'><strong>quippe</strong></span> 
     </span>
    </p>
   </div>
   <div class='ocr_carea' id='block_1_111' title="bbox 1932 5107 3502 5180">
    <p class='ocr_par' dir='ltr' id='par_1_111' title="bbox 1932 5107 3502 5180">
     <span class='ocr_line' id='line_1_111' title="bbox 1932 5107 3502 5180; baseline 0.003 -16"><span class='ocrx_word' id='word_1_867' title='bbox 1932 5111 2081 5178; x_wconf 80' lang='lat' dir='ltr'><strong>piger</strong></span> <span class='ocrx_word' id='word_1_868' title='bbox 2125 5127 2227 5164; x_wconf 91' lang='lat' dir='ltr'><strong>non</strong></span> <span class='ocrx_word' id='word_1_869' title='bbox 2260 5121 2394 5178; x_wconf 86' lang='lat' dir='ltr'><strong>arat,</strong></span> <span class='ocrx_word' id='word_1_870' title='bbox 2432 5109 2449 5148; x_wconf 73' lang='grc' dir='ltr'><strong>ί</strong></span> <span class='ocrx_word' id='word_1_871' title='bbox 2485 5111 2609 5162; x_wconf 85' lang='lat' dir='ltr'><strong>dum</strong></span> <span class='ocrx_word' id='word_1_872' title='bbox 2642 5107 2859 5162; x_wconf 68' lang='lat' dir='ltr'><strong>desidia:</strong></span> <span class='ocrx_word' id='word_1_873' title='bbox 2901 5119 3117 5180; x_wconf 88' lang='lat' dir='ltr'><strong>torpore</strong></span> <span class='ocrx_word' id='word_1_874' title='bbox 3161 5113 3502 5169; x_wconf 76' lang='lat' dir='ltr'><strong>constrictus.</strong></span> 
     </span>
    </p>
   </div>
   <div class='ocr_carea' id='block_1_112' title="bbox 1924 5202 3504 5276">
    <p class='ocr_par' dir='ltr' id='par_1_112' title="bbox 1924 5202 3504 5276">
     <span class='ocr_line' id='line_1_112' title="bbox 1924 5202 3504 5276; baseline 0.002 -21"><span class='ocrx_word' id='word_1_875' title='bbox 1924 5217 2081 5272; x_wconf 83' lang='lat' dir='ltr'><strong>agere</strong></span> <span class='ocrx_word' id='word_1_876' title='bbox 2108 5220 2226 5274; x_wconf 77' lang='lat' dir='ltr'><strong>qua:</strong></span> <span class='ocrx_word' id='word_1_877' title='bbox 2255 5204 2409 5258; x_wconf 87' lang='lat' dir='ltr'><strong>debet</strong></span> <span class='ocrx_word' id='word_1_878' title='bbox 2447 5205 2585 5255; x_wconf 83' lang='lat' dir='ltr'><strong>bona</strong></span> <span class='ocrx_word' id='word_1_879' title='bbox 2611 5202 2930 5258; x_wconf 87' lang='lat' dir='ltr'><strong>dissimulat.</strong></span> <span class='ocrx_word' id='word_1_880' title='bbox 2964 5203 3187 5276; x_wconf 88' lang='lat' dir='ltr'><strong>Propter</strong></span> <span class='ocrx_word' id='word_1_881' title='bbox 3228 5204 3392 5274; x_wconf 77' lang='lat' dir='ltr'><strong>frigus</strong></span> <span class='ocrx_word' id='word_1_882' title='bbox 3426 5205 3504 5272; x_wconf 89' lang='lat' dir='ltr'><strong>pi-</strong></span> 
     </span>
    </p>
   </div>
   <div class='ocr_carea' id='block_1_113' title="bbox 1921 5314 3507 5384">
    <p class='ocr_par' dir='ltr' id='par_1_113' title="bbox 1921 5314 3507 5384">
     <span class='ocr_line' id='line_1_113' title="bbox 1921 5314 3507 5384; baseline 0.001 -16"><span class='ocrx_word' id='word_1_883' title='bbox 1921 5318 2073 5368; x_wconf 85' lang='lat' dir='ltr'><strong>etiant</strong></span> <span class='ocrx_word' id='word_1_884' title='bbox 2104 5325 2237 5370; x_wconf 84' lang='lat' dir='ltr'><strong>recte</strong></span> <span class='ocrx_word' id='word_1_885' title='bbox 2267 5315 2530 5368; x_wconf 84' lang='lat' dir='ltr'><strong>sentiendo</strong></span> <span class='ocrx_word' id='word_1_886' title='bbox 2563 5314 2827 5384; x_wconf 79' lang='lat' dir='ltr'><strong>vigilantia</strong></span> <span class='ocrx_word' id='word_1_887' title='bbox 2872 5317 3143 5370; x_wconf 85' lang='lat' dir='ltr'><strong>amittitur.</strong></span> <span class='ocrx_word' id='word_1_888' title='bbox 3163 5315 3375 5369; x_wconf 83' lang='lat' dir='ltr'><strong>Sc-licet</strong></span> <span class='ocrx_word' id='word_1_889' title='bbox 3403 5332 3507 5371; x_wconf 88' lang='lat' dir='ltr'><strong>non</strong></span> 
     </span>
    </p>
   </div>
   <div class='ocr_carea' id='block_1_114' title="bbox 1921 5386 3497 5455">
    <p class='ocr_par' dir='ltr' id='par_1_114' title="bbox 1921 5386 3497 5455">
     <span class='ocr_line' id='line_1_114' title="bbox 1921 5386 3497 5455; baseline 0.001 -18"><span class='ocrx_word' id='word_1_890' title='bbox 1921 5386 2118 5440; x_wconf 87' lang='lat' dir='ltr'><strong>suflieit</strong></span> <span class='ocrx_word' id='word_1_891' title='bbox 2145 5395 2286 5440; x_wconf 75' lang='lat' dir='ltr'><strong>recte</strong></span> <span class='ocrx_word' id='word_1_892' title='bbox 2313 5389 2533 5447; x_wconf 86' lang='lat' dir='ltr'><strong>sentire,</strong></span> <span class='ocrx_word' id='word_1_893' title='bbox 2563 5389 2660 5440; x_wconf 89' lang='lat' dir='ltr'><strong>nisi</strong></span> <span class='ocrx_word' id='word_1_894' title='bbox 2696 5387 2893 5441; x_wconf 90' lang='lat' dir='ltr'><strong>bonum</strong></span> <span class='ocrx_word' id='word_1_895' title='bbox 2922 5403 3223 5455; x_wconf 78' lang='lat' dir='ltr'><strong>Operemur,</strong></span> <span class='ocrx_word' id='word_1_896' title='bbox 3265 5403 3368 5454; x_wconf 85' lang='lat' dir='ltr'><strong>quo</strong></span> <span class='ocrx_word' id='word_1_897' title='bbox 3401 5402 3497 5439; x_wconf 84' lang='lat' dir='ltr'><strong>ne—</strong></span> 
     </span>
    </p>
   </div>
   <div class='ocr_carea' id='block_1_115' title="bbox 1922 5457 3505 5527">
    <p class='ocr_par' dir='ltr' id='par_1_115' title="bbox 1922 5457 3505 5527">
     <span class='ocr_line' id='line_1_115' title="bbox 1922 5457 3505 5527; baseline 0.001 -19"><span class='ocrx_word' id='word_1_898' title='bbox 1922 5457 2096 5520; x_wconf 84' lang='lat' dir='ltr'><strong>glecto</strong></span> <span class='ocrx_word' id='word_1_899' title='bbox 2143 5458 2402 5511; x_wconf 87' lang='lat' dir='ltr'><strong>amittitur</strong></span> <span class='ocrx_word' id='word_1_900' title='bbox 2449 5459 2745 5526; x_wconf 84' lang='lat' dir='ltr'><strong>vigilantia.</strong></span> <span class='ocrx_word' id='word_1_901' title='bbox 2793 5461 2905 5514; x_wconf 88' lang='lat' dir='ltr'><strong>Alia</strong></span> <span class='ocrx_word' id='word_1_902' title='bbox 2937 5460 3093 5513; x_wconf 88' lang='lat' dir='ltr'><strong>lectio</strong></span> <span class='ocrx_word' id='word_1_903' title='bbox 3133 5472 3288 5527; x_wconf 67' lang='lat' dir='ltr'><strong>quam</strong></span> <span class='ocrx_word' id='word_1_904' title='bbox 3321 5457 3505 5525; x_wconf 89' lang='lat' dir='ltr'><strong>sequi-</strong></span> 
     </span>
    </p>
   </div>
   <div class='ocr_carea' id='block_1_116' title="bbox 1926 5528 2784 5594">
    <p class='ocr_par' dir='ltr' id='par_1_116' title="bbox 1926 5528 2784 5594">
     <span class='ocr_line' id='line_1_116' title="bbox 1926 5528 2784 5594; baseline 0.006 -16"><span class='ocrx_word' id='word_1_905' title='bbox 1926 5543 2068 5590; x_wconf 86' lang='lat' dir='ltr'><strong>mur,</strong></span> <span class='ocrx_word' id='word_1_906' title='bbox 2104 5539 2183 5581; x_wconf 84' lang='lat' dir='ltr'><strong>est</strong></span> <span class='ocrx_word' id='word_1_907' title='bbox 2207 5528 2388 5594; x_wconf 87' lang='lat' dir='ltr'><strong>&#39;l‘rec.,</strong></span> <span class='ocrx_word' id='word_1_908' title='bbox 2422 5529 2652 5593; x_wconf 51' lang='lat' dir='ltr'><strong>Cernet”</strong></span> <span class='ocrx_word' id='word_1_909' title='bbox 2678 5540 2784 5583; x_wconf 89' lang='lat' dir='ltr'><strong>etc.</strong></span> 
     </span>
    </p>
   </div>
   <div class='ocr_carea' id='block_1_117' title="bbox 2003 5598 3507 5669">
    <p class='ocr_par' dir='ltr' id='par_1_117' title="bbox 2003 5598 3507 5669">
     <span class='ocr_line' id='line_1_117' title="bbox 2003 5598 3507 5669; baseline -0.002 -17"><span class='ocrx_word' id='word_1_910' title='bbox 2003 5607 2026 5633; x_wconf 79' lang='grc' dir='ltr'>ε</span> <span class='ocrx_word' id='word_1_911' title='bbox 2057 5599 2222 5652; x_wconf 81' lang='lat' dir='ltr'><strong>Laud.</strong></span> <span class='ocrx_word' id='word_1_912' title='bbox 2257 5607 2310 5653; x_wconf 86' lang='lat' dir='ltr'><strong>et</strong></span> <span class='ocrx_word' id='word_1_913' title='bbox 2351 5602 2552 5669; x_wconf 87' lang='lat' dir='ltr'><strong>primus</strong></span> <span class='ocrx_word' id='word_1_914' title='bbox 2581 5601 2824 5661; x_wconf 80' lang='lat' dir='ltr'><strong>Carnot.,</strong></span> <span class='ocrx_word' id='word_1_915' title='bbox 2859 5617 2978 5664; x_wconf 77' lang='lat' dir='ltr'><strong>cup.</strong></span> <span class='ocrx_word' id='word_1_916' title='bbox 3024 5600 3242 5666; x_wconf 74' lang='lat' dir='ltr'><strong>inﬁrma!</strong></span> <span class='ocrx_word' id='word_1_917' title='bbox 3279 5598 3507 5650; x_wconf 64' lang='lat' dir='ltr'><strong>animine</strong></span> 
     </span>
    </p>
   </div>
   <div class='ocr_carea' id='block_1_118' title="bbox 1924 5670 3504 5732">
    <p class='ocr_par' dir='ltr' id='par_1_118' title="bbox 1924 5670 3504 5732">
     <span class='ocr_line' id='line_1_118' title="bbox 1924 5670 3504 5732; baseline -0.004 -8"><span class='ocrx_word' id='word_1_918' title='bbox 1924 5685 2068 5724; x_wconf 69' lang='lat' dir='ltr'><strong>sane.</strong></span> <span class='ocrx_word' id='word_1_919' title='bbox 2107 5670 2253 5722; x_wconf 73' lang='lat' dir='ltr'><strong>Ilclv.</strong></span> <span class='ocrx_word' id='word_1_920' title='bbox 2284 5679 2337 5723; x_wconf 89' lang='lat' dir='ltr'><strong>et</strong></span> <span class='ocrx_word' id='word_1_921' title='bbox 2359 5673 2624 5725; x_wconf 89' lang='lat' dir='ltr'><strong>secundus</strong></span> <span class='ocrx_word' id='word_1_922' title='bbox 2645 5672 2806 5725; x_wconf 61' lang='grc' dir='ltr'><strong>(ἐτη-η.</strong></span> <span class='ocrx_word' id='word_1_923' title='bbox 2843 5671 3034 5722; x_wconf 84' lang='lat' dir='ltr'><strong>habent</strong></span> <span class='ocrx_word' id='word_1_924' title='bbox 3066 5672 3222 5722; x_wconf 53' lang='lat' dir='ltr'><strong>etiam</strong></span> <span class='ocrx_word' id='word_1_925' title='bbox 3250 5670 3504 5732; x_wconf 74' lang='lat' dir='ltr'><strong>acumine,</strong></span> 
     </span>
    </p>
   </div>
   <div class='ocr_carea' id='block_1_119' title="bbox 1926 5740 3500 5811">
    <p class='ocr_par' dir='ltr' id='par_1_119' title="bbox 1926 5740 3500 5811">
     <span class='ocr_line' id='line_1_119' title="bbox 1926 5740 3500 5811; baseline 0.001 -19"><span class='ocrx_word' id='word_1_926' title='bbox 1926 5740 2120 5811; x_wconf 81' lang='lat' dir='ltr'><strong>additis</strong></span> <span class='ocrx_word' id='word_1_927' title='bbox 2147 5752 2264 5811; x_wconf 85' lang='lat' dir='ltr'><strong>post</strong></span> <span class='ocrx_word' id='word_1_928' title='bbox 2304 5745 2590 5809; x_wconf 77' lang='lat' dir='ltr'><strong>sauciatur,</strong></span> <span class='ocrx_word' id='word_1_929' title='bbox 2628 5743 2714 5811; x_wconf 82' lang='lat' dir='ltr'><strong>bis</strong></span> <span class='ocrx_word' id='word_1_930' title='bbox 2741 5743 2940 5804; x_wconf 81' lang='lat' dir='ltr'><strong>verbis,</strong></span> <span class='ocrx_word' id='word_1_931' title='bbox 2971 5743 3045 5793; x_wconf 83' lang='lat' dir='ltr'><strong>vel</strong></span> <span class='ocrx_word' id='word_1_932' title='bbox 3089 5741 3245 5808; x_wconf 78' lang='lat' dir='ltr'><strong>fames</strong></span> <span class='ocrx_word' id='word_1_933' title='bbox 3273 5749 3500 5810; x_wconf 68' lang='lat' dir='ltr'><strong>(urgetur.</strong></span> 
     </span>
    </p>
   </div>
   <div class='ocr_carea' id='block_1_120' title="bbox 2002 5809 3186 5880">
    <p class='ocr_par' dir='ltr' id='par_1_120' title="bbox 2002 5809 3186 5880">
     <span class='ocr_line' id='line_1_120' title="bbox 2002 5809 3186 5880; baseline -0.002 -15"><span class='ocrx_word' id='word_1_934' title='bbox 2002 5809 2020 5848; x_wconf 73' lang='grc' dir='ltr'><em>τ</em></span> <span class='ocrx_word' id='word_1_935' title='bbox 2052 5809 2234 5866; x_wconf 81' lang='lat' dir='ltr'><strong>Norm.</strong></span> <span class='ocrx_word' id='word_1_936' title='bbox 2260 5823 2310 5867; x_wconf 82' lang='lat' dir='ltr'><strong>et</strong></span> <span class='ocrx_word' id='word_1_937' title='bbox 2334 5814 2573 5878; x_wconf 84' lang='lat' dir='ltr'><strong>Caruot.,</strong></span> <span class='ocrx_word' id='word_1_938' title='bbox 2601 5809 2725 5866; x_wconf 85' lang='lat' dir='ltr'><strong>dum</strong></span> <span class='ocrx_word' id='word_1_939' title='bbox 2752 5811 2949 5865; x_wconf 80' lang='lat' dir='ltr'><strong>desidia</strong></span> <span class='ocrx_word' id='word_1_940' title='bbox 2978 5821 3023 5864; x_wconf 88' lang='lat' dir='ltr'><strong>et</strong></span> <span class='ocrx_word' id='word_1_941' title='bbox 3056 5822 3186 5880; x_wconf 68' lang='grc' dir='ltr'><strong>ιρι-ρ.</strong></span> 
     </span>
    </p>
   </div>
   <div class='ocr_carea' id='block_1_121' title="bbox 3068 5969 3104 6025">
    <p class='ocr_par' dir='ltr' id='par_1_121' title="bbox 3068 5969 3104 6025">
     <span class='ocr_line' id='line_1_121' title="bbox 3068 5969 3104 6025; baseline 0 0"><span class='ocrx_word' id='word_1_942' title='bbox 3068 5969 3104 6025; x_wconf 85' lang='grc'>3</span> 
     </span>
    </p>
   </div>
  </div>
