4036 6346
498 341 568 398 75
1704 343 1945 400 SANCTI
1985 343 2311 403 GREGORII
2350 347 2557 405 MAGNI
3256 416 3257 421 η
3694 351 3761 403 76

497 470 593 527 ger
622 469 727 508 non
775 463 910 514 arat.
952 453 1077 508 dum
1112 467 1271 523 parva
1317 467 1382 510 ex
1425 454 1649 511 adverso
1678 455 1820 511 mala
1850 457 2075 524 metuit,
2107 461 2161 522 Α
2188 460 2315 529 ipsis
2360 460 2629 528 patiuntur
2671 456 2811 513 irati.
2849 456 3243 530 Nunnunquam
3293 474 3421 517 vero
3449 500 3465 527 ,
3506 464 3648 533 quod
3678 473 3761 518 est

500 554 782 619 etoperari
823 550 1053 602 maxima
1080 551 1454 617 prretermittit.
1483 550 1626 606 Bene
1650 560 1825 605 autem
1854 551 2074 609 dicitur:

502 642 817 697 Meudicabit
857 651 1055 709 azstate,
1097 650 1143 696 et
1172 659 1274 697 non
1304 643 1507 698 dabitur
1532 645 1598 698 ei.
1632 644 1730 709 Qui
1761 644 1903 699 enim
1936 659 2078 700 nunc

499 735 552 789 in
587 736 737 791 bonis
766 735 1019 805 operibus
1057 750 1161 791 non
1207 737 1450 805 exsudat,
1491 751 1611 791 cum
1642 737 1720 792 sol
1739 738 1925 806 judicii
1972 738 2078 793 fer-

499 828 707 882 ventior
737 829 1064 897 apparuerit,
1109 829 1235 899 quia
1271 828 1459 884 frustra
1483 831 1631 901 regni
1660 829 1861 885 aditum
1896 838 2081 899 postu-

495 920 590 987 lat,
636 922 709 975 nil
758 921 1028 993 accipiens
1073 933 1260 979 testate
1290 924 1575 981 mendicat.
1631 927 1774 987 Bene
1817 927 1940 981 huic
1985 941 2081 995 per

494 1014 744 1069 eumdem
788 1015 1130 1073 Salomonem
1182 1032 1389 1073 rursum
1439 1018 1667 1073 dicitur:
1720 1019 1819 1085 Qui
1849 1020 2081 1074 observat

495 1124 714 1175 ventum,
750 1126 851 1165 non
906 1115 1161 1176 seminat;
1186 1119 1233 1165 et
1283 1116 1374 1182 qui
1400 1113 1683 1166 considerat
1715 1115 1893 1178 nubes,
1946 1129 2079 1167 nun-

494 1218 648 1271 quam
675 1204 817 1258 metit
847 1202 1043 1276 (Eccle.
1089 1220 1163 1271 χι,
1207 1203 1286 1275 Δ).
1336 1205 1474 1271 Quid
1523 1208 1665 1261 enim
1712 1222 1807 1277 per
1836 1216 2076 1277 ventum,

493 1299 595 1354 nisi
646 1299 995 1370 malignorum
1024 1300 1307 1369 spirituum
1337 1302 1559 1356 tentatio
1602 1302 1920 1369 exprimitur
1962 1301 2078 1355 ?Et

493 1393 619 1463 quid
643 1408 740 1464 per
767 1393 935 1447 nubes
962 1408 1081 1463 quae
1123 1402 1412 1449 moventur
1431 1410 1460 1449 a
1490 1404 1671 1460 vento,
1698 1395 1797 1448 nisi
1831 1403 1855 1431 τι
1887 1393 2077 1449 adver-

496 1487 680 1540 sitates
724 1499 1011 1555 pravorum
1060 1485 1337 1541 hominum
1378 1487 1766 1557 designantur?
1811 1486 1855 1540 A
1903 1486 2077 1541 ventis

494 1575 745 1631 videlicet
777 1576 1126 1643 impelluntur
1157 1579 1350 1645 nubes,
1381 1579 1502 1648 quia
1534 1578 1931 1633 immundorum
1964 1577 2078 1648 spi-

491 1669 686 1723 rituum
732 1668 913 1724 alﬂatu
952 1672 1105 1739 pravi
1150 1671 1450 1726 excitantur
1498 1670 1765 1726 homines.
1799 1669 1900 1738 Qui
1948 1685 2077 1741 ergo

492 1760 742 1815 observat
787 1770 1029 1827 ventum,
1084 1778 1188 1817 non
1239 1763 1507 1829 seminat;
1539 1772 1595 1819 et
1639 1764 1728 1833 qui
1775 1764 2079 1819 considerat

491 1854 679 1918 nubes,
734 1870 1004 1925 nunquam
1061 1856 1245 1920 metit;
1278 1856 1399 1926 quia
1439 1857 1678 1926 quisquis
1727 1858 2073 1913 tentationem
2107 1887 2154 1947 Β

493 1946 846 2013 malignorum
878 1947 1163 2015 spirituum
1184 1989 1199 2013 ,
1231 1949 1473 2017 quisquis
1503 1949 1929 2017 persecutionem
1962 1964 2073 2019 pra-

494 2055 683 2094 vorum
708 2053 983 2095 nominum
1013 2043 1231 2107 metuit,
1256 2057 1430 2112 neque
1455 2057 1595 2097 nunc
1616 2056 1779 2112 grana
1803 2041 1927 2098 boni
1949 2058 2077 2113 ope-

494 2132 569 2188 ris
618 2135 887 2200 seminat,
920 2150 1093 2204 neque
1127 2145 1253 2192 tunc
1281 2137 1588 2207 manipulos
1613 2146 1811 2192 sancta
1841 2137 2075 2193 retribu-

492 2224 653 2280 tionis
683 2236 851 2281 secat.

562 2322 631 2376 At
657 2323 1181 2393 contra,prmcipites
1199 2324 1323 2379 dum
1346 2324 1606 2381 bonorum
1636 2334 1845 2383 actuum
1872 2342 2077 2397 prteve-

492 2414 644 2470 niunt
672 2424 903 2486 tempus,
935 2418 1180 2471 meritum
1212 2427 1543 2489 pervertunt,
1576 2429 1630 2475 et
1654 2435 1796 2490 saepe
1837 2418 1891 2475 in
1923 2420 2077 2475 malis

492 2518 767 2574 corruunt,
796 2510 923 2565 dum
956 2510 1096 2565 bona
1122 2511 1339 2566 minime
1367 2512 1696 2569 discernunt.
1730 2511 1831 2580 Qui
1874 2527 2076 2581 nequa-

492 2617 651 2672 quam
677 2619 796 2673 quae
837 2605 1046 2673 quando
1076 2615 1234 2673 agant
1282 2606 1589 2677 inspiciunt,
1621 2607 1716 2662 sed
1762 2607 2081 2677 plerumque

493 2703 609 2749 acta
639 2695 759 2765 quia
790 2696 861 2749 ita
904 2712 1010 2752 non
1040 2696 1338 2752 debuerunt
1374 2713 1531 2767 agere
1560 2708 1908 2769 cognoscunt.
1943 2699 2076 2767 Qui-

494 2786 590 2840 bus
631 2788 732 2841 sub
778 2787 1034 2860 auditoris
1079 2792 1259 2857 specie
1301 2801 1445 2846 recte
1481 2791 1621 2860 apud
1654 2790 1681 2829 δ
1725 2791 2074 2846 Salomonem

492 2878 715 2932 dicitur:
752 2876 879 2943 Fili,
912 2881 1017 2933 sine
1047 2882 1261 2935 consitio
1288 2883 1418 2936 nihil
1440 2884 1621 2953 facias,
1655 2895 1702 2938 et
1736 2892 1849 2953 post
1879 2884 2079 2954 factum

494 2982 593 3022 non
626 2969 887 3038 pmnitebis
916 2969 1106 3041 (Eccli.
1141 2987 1311 3039 xxx",
1356 2972 1474 3043 24).
1517 2974 1583 3029 Et
1613 2990 1863 3029 rursum:
1897 2973 2081 3028 Patbe—

494 3060 594 3115 brae
621 3070 719 3115 tua:
746 3062 1021 3132 precedant
1049 3079 1249 3134 gressus
1280 3074 1393 3119 tuos
1417 3065 1595 3137 (Prov.
1629 3083 1677 3120 tv
1698 3108 1713 3133 ,
1741 3067 1855 3133 25).
1889 3066 2079 3137 Palpe-

492 3153 604 3211 bras
648 3157 845 3225 quippe
883 3170 1099 3225 gressus
1147 3158 1478 3225 praecedunt,
1536 3174 1655 3212 cum
1712 3157 2080 3226 operationem

491 3256 729 3303 nostram
769 3248 993 3303 consilia
1023 3256 1170 3303 recta
1200 3250 1553 3319 praeveniunt.
1599 3249 1702 3317 Qui
1732 3249 1874 3304 enim
1906 3248 2076 3318 negli-

493 3343 568 3411 git
598 3341 990 3397 considerando
1042 3342 1337 3411 praevidere
1367 3343 1507 3414 quod
1540 3343 1682 3407 iacit,
1716 3356 1933 3412 gressus
1963 3350 2080 3397 ten-

494 3432 590 3499 dit,
621 3436 803 3488 oculos
832 3434 1049 3500 claudit,
1082 3434 1350 3504 pergendo
1380 3435 1481 3490 iter
1501 3435 1736 3499 coniicit,
1768 3434 1863 3489 sed
1893 3434 2084 3504 praevi-

494 3527 669 3583 dendo
694 3528 1011 3597 sibimetipsi
1035 3545 1139 3584 non
1169 3531 1457 3597 antecedit,
1479 3541 1639 3601 atque
1686 3530 1895 3586 idcirco
1923 3532 2083 3589 citius

495 3621 715 3687 corruit,
758 3622 881 3692 quia
911 3638 1015 3691 quo
1047 3624 1236 3692 pedem
1271 3624 1447 3693 operis
1479 3639 1680 3694 ponere
1720 3624 1938 3691 debeat,
1986 3638 2082 3696 per

494 3713 803 3783 palpebram
826 3715 1034 3771 consilii
1059 3732 1165 3771 non
1196 3716 1444 3772 attendit.

937 3848 1161 3907 CAPUT
1203 3850 1321 3906 xvr
1350 3848 1458 3923 [Αι.
1489 3849 1634 3921 XL].

640 3963 911 4031 Quomodo
950 3964 1260 4019 admonendi
1301 3965 1553 4019 mansueti
1590 3972 1637 4020 et
1674 3964 1937 4019 iracundi.

566 4078 887 4151 (Admonitio
919 4077 1034 4149 i7.)
1081 4078 1253 4133 Aliter
1283 4078 1609 4134 admonendi
1640 4089 1763 4134 sunt
1792 4080 2078 4144 mansueti,

501 4180 662 4243 atque
708 4172 863 4226 aliter
893 4170 1155 4225 iracundi.
1203 4170 1594 4241 Nunnunquam
1642 4171 1784 4227 enim
1818 4172 2083 4227 mansueti

500 4282 620 4321 cum
647 4273 902 4335 praesunt,
934 4264 1247 4321 vicinum‘et
1276 4266 1427 4337 quasi
1454 4266 1604 4337 juxta
1636 4266 1866 4337 positum
1899 4277 2082 4338 torpo-

497 4375 607 4416 rem
642 4359 866 4415 desidiae
910 4360 1207 4429 patiuntur.
1240 4360 1305 4414 Et
1335 4361 1649 4431 plerumque
1681 4360 1844 4415 nimia
1878 4362 2083 4417 resolu-

496 4455 642 4508 tione
688 4453 946 4517 lenitatis,
977 4452 1114 4506 ultra
1146 4466 1302 4522 quam
1334 4467 1554 4507 necesse
1584 4461 1666 4507 est
1709 4453 1943 4523 vigorem
1974 4454 2082 4507 dis-

498 4546 761 4603 trictionis
814 4545 1114 4600 emolliunt.
1162 4548 1233 4599 At
1275 4552 1459 4600 contra
1490 4545 1728 4600 iracumli
1773 4560 1895 4601 cum
1942 4544 2082 4614 regi-

496 4641 699 4695 minum
734 4639 848 4693 loca
884 4638 1224 4709 percipiunt,
1255 4653 1361 4708 quo
1389 4638 1696 4708 impellente
1721 4638 1801 4693 ira
1830 4640 1883 4693 in
1925 4653 2083 4694 men-

499 4733 565 4786 tis
590 4730 879 4786 vaesaniam
921 4730 1026 4802 57
1053 4728 1426 4795 devolvuntur,
1461 4745 1525 4785 co
1556 4730 1715 4785 etiam
1745 4730 2080 4786 subditorum

499 4823 660 4876 vitam
722 4822 977 4889 dissipata
1032 4819 1227 4890 quietis
1283 4820 1665 4891 tranquillitate
1722 4822 2079 4877 confundunt.

499 4917 643 4984 Quos
681 4930 801 4970 cum
858 4916 1008 4970 furor
1053 4915 1160 4987 agit
1212 4917 1263 4970 in
1314 4930 1574 4988 praeceps,
1633 4917 1881 4988 ignorant
1919 4917 2073 4987 quid-

499 5007 625 5079 quid
676 5007 796 5061 irati
864 5007 1108 5073 faciunt,
1168 5009 1411 5080 ignorant
1469 5008 1727 5080 quidquid
1789 5024 1819 5064 a
1875 5018 2082 5065 semet-

576 5134 601 5161 ι
634 5124 747 5196 Hoc
775 5130 877 5187 est,
910 5119 1299 5196 adversantium
1332 5140 1613 5191 pravorum
1640 5126 1891 5196 impetus,
1916 5133 1969 5179 et
1991 5140 2081 5195 np-

500 5195 878 5267 pugnatioues.
911 5191 986 5267 De
1016 5208 1176 5250 sensu
1203 5196 1348 5250 vocis
1382 5197 1537 5267 hujus
1564 5191 2076 5267 apud'Gregorium.

500 5269 623 5321 vidc
649 5268 686 5321 l.
716 5280 750 5318 tt
775 5264 956 5321 Moral.
985 5280 1042 5321 n.
1071 5267 1162 5321 51.

572 5337 599 5376 b
634 5337 730 5392 Hic
763 5348 979 5391 sanctus
1010 5338 1205 5394 Doctor
1243 5340 1436 5395 librum
1480 5340 1843 5395 Ecclesiastici
1883 5340 2084 5395 diserte

504 5409 777 5466 Salomoni
807 5409 1010 5472 tribuit,
1039 5411 1191 5475 cuius
1222 5423 1494 5466 auctorem
1528 5428 1668 5481 saepe
1696 5414 1817 5467 alilii
1851 5414 2083 5480 appellat

503 5490 728 5545 ιθηιιιιην
761 5482 1031 5550 quemdam
1060 5483 1354 5547 sapientem.
1376 5482 1510 5538 Vide
1534 5484 1569 5536 ι.
1603 5500 1669 5537 vn
1688 5485 1874 5548 Moral,
1901 5499 1953 5536 ιι.
1978 5481 2083 5547 4-3;

502 5553 541 5606 Ι.
591 5568 681 5615 xx,
713 5568 768 5605 η.
794 5553 969 5617 51H.
1001 5568 1166 5617 xxvu,
1198 5555 1368 5616 n.55;
1405 5556 1439 5606 l.
1474 5568 1643 5607 xxxut
1675 5597 1690 5620 ,
1721 5574 1774 5609 ιι.
1804 5552 2080 5619 25.1mm,

504 5627 556 5677 in
604 5622 967 5680 admonitione
1012 5624 1101 5687 22,
1134 5625 1411 5689 Salomon,
1449 5625 1598 5692 juxta
1646 5628 1900 5694 quosdam
1952 5625 2082 5679 Mss.

501 5696 719 5765 optima:
750 5693 892 5759 fidei,
925 5697 1296 5764 pronuntiatur
1321 5695 1551 5763 scriptor
1581 5693 1736 5763 hujus
1770 5696 1907 5752 sacri
1940 5695 2084 5751 libri.

505 5764 738 5821 COusule
764 5764 958 5820 ibidem
981 5775 1161 5823 notam
1192 5783 1243 5819 a.

578 5846 603 5876 ⁸
644 5837 921 5909 Secundus
958 5838 1158 5909 parin,
1207 5837 1386 5909 Cum,
1442 5838 1685 5907 Longip...
1740 5838 2080 5909 Rothornag.,

509 5907 635 5979 Lyr.
658 5916 711 5963 et
734 5908 919 5961 tertius
945 5906 1150 5961 Gcmvt.
1175 5927 1185 5960 :
1215 5907 1307 5961 Isti
1330 5911 1467 5977 quod
1489 5909 1672 5963 habent
1693 5906 2082 5978 amplectantur.

2108 3298 2155 3363 C

2114 4692 2163 4751 D

2180 553 2411 623 gravius,
2458 552 2552 606 ira:
2595 565 2705 606 suae
2751 550 3028 606 stimulum
3067 550 3285 621 iustitiae
3324 552 3496 609 zelum
3545 564 3757 624 putant.

2184 643 2250 698 Et
2279 659 2401 699 cum
2429 644 2615 698 vitium
2658 643 2827 699 virtus
2856 644 3117 711 creditur,
3158 645 3274 701 sine
3303 655 3448 703 metu
3491 647 3643 715 culpa
3672 663 3765 702 cu-

2182 736 2432 792 mulatur.
2490 735 2646 805 Saepe
2675 742 2804 805 ergo
2829 735 3094 791 mansueti
3142 735 3513 794 dissolutionis
3557 746 3766 808 torpes-

2182 842 2311 887 cunt
2343 830 2539 896 tmdio;
2574 844 2719 898 saepe
2762 828 3004 886 iracundi
3033 828 3371 885 rectitudinis
3408 828 3661 887 falluntur
3688 846 3766 886 ze-
3822 894 3827 899 κ

2183 924 2253 979 lo.
2285 924 2499 978 Illorum
2533 922 2713 993 itaque
2735 922 2921 977 virtuti
2948 922 3136 978 vitium
3163 924 3391 979 latenter
3420 924 3761 994 adjungitur;

2186 1016 2268 1073 bis
2292 1025 2472 1072 autem
2502 1031 2657 1072 suum
2686 1016 2873 1073 vitium
2903 1017 3056 1088 quasi
3087 1017 3259 1073 virtus
3291 1017 3501 1075 fervens
3530 1018 3761 1073 videtur.

2185 1113 2523 1171 Admonendi
2548 1122 2677 1168 sunt
2702 1120 2862 1182 igitur
2892 1112 2968 1167 illi
2998 1120 3057 1168 ut
3085 1110 3290 1182 fugiant
3325 1112 3467 1183 quod
3493 1110 3645 1181 juxta
3686 1112 3764 1180 ip-

2190 1221 2279 1263 sos
2299 1216 2402 1285 est,
2434 1207 2522 1263 isti
2566 1206 2709 1277 quod
2758 1207 2811 1262 in
2834 1205 2964 1275 ipsis
3014 1213 3098 1263 est
3142 1205 3459 1271 attendant;
3490 1204 3568 1261 illi
3618 1203 3764 1274 quod

2192 1313 2298 1353 non
2331 1297 2529 1353 habent
2570 1297 2899 1362 discernant,
2932 1307 2955 1337 ο
2986 1296 3073 1353 isti
3100 1295 3242 1367 quod
3281 1296 3498 1352 habent.
3544 1296 3764 1365 Ample-

2189 1398 2406 1453 ctantur
2449 1389 2713 1445 mansueti
2740 1387 3175 1454 sollicitudinem,
3224 1389 3483 1445 damnent
3532 1388 3768 1449 iracundi

2182 1481 2662 1552 perturbationem.
2703 1481 3039 1538 Admonendi
3068 1489 3191 1538 sunt
3232 1481 3538 1550 mansueti,
3571 1493 3629 1537 ut
3671 1483 3765 1537 ha-

2190 1574 2318 1630 bere
2360 1574 2519 1630 etiam
2568 1574 2962 1631 aemulationem
2988 1574 3211 1645 iustitia:
3247 1574 3539 1641 studeant;
3573 1574 3759 1629 admo-

2186 1668 2343 1723 nendi
2372 1676 2499 1725 sunt
2528 1667 2793 1735 iracundi,
2840 1676 2899 1724 ut
2936 1668 3259 1725 aemulationi
3285 1683 3445 1739 quam
3473 1683 3535 1723 se
3564 1668 3769 1724 habere

2182 1760 2534 1828 existimant,
2616 1760 3081 1817 mansuetudinem
3155 1761 3495 1832 subiungant.
3567 1760 3771 1815 Idcirco

2184 1868 2413 1924 namque
2443 1852 2671 1924 Spiritus
2708 1862 2927 1908 sanctus
2951 1852 3007 1908 in
3032 1852 3280 1910 columba
3310 1852 3464 1907 nobis
3506 1861 3591 1908 est
3615 1862 3670 1908 et
3708 1853 3764 1907 in

2184 1947 2305 2015 igne
2331 1952 2685 2013 monstratus,
2716 1944 2841 2015 quia
2868 1944 3115 2001 videlicet
3160 1958 3350 2001 omnes
3378 1958 3516 2014 quos
3562 1942 3771 2012 implet,

2184 2048 2239 2093 et
2266 2037 2529 2093 columbae
2559 2036 2902 2107 simplicitate
2927 2044 3236 2093 mansuetos
3258 2077 3275 2105 ,
3319 2043 3376 2093 et
3404 2037 3527 2106 igne
3556 2035 3652 2092 zeli
3683 2051 3772 2092 ara

2184 2132 2374 2188 dentes
2393 2130 2636 2187 exhibet.

2257 2222 2600 2293 Nequaquam
2646 2236 2776 2293 ergo
2819 2231 3005 2277 sancto
3048 2220 3250 2291 Spiritu
3297 2220 3484 2291 plenus
3521 2228 3633 2287 est,
3667 2220 3762 2291 qui

2191 2322 2284 2370 aut
2315 2315 2365 2368 in
2398 2312 2778 2384 tranquillitate
2821 2312 3243 2369 mansuetudinis
3288 2311 3554 2369 fervorem
3600 2326 3769 2368 semu-

2187 2404 2401 2460 latiouis
2445 2404 2672 2471 deserit,
2704 2412 2796 2460 aut
2838 2420 3047 2461 rursum
3077 2405 3130 2459 in
3174 2403 3531 2461 aemulationis
3569 2405 3765 2463 ardore

2184 2496 2439 2551 virtutem
2484 2495 2909 2552 mansuetudinis
2947 2494 3163 2551 amittit.
3206 2496 3359 2563 Quod
3403 2495 3627 2551 fortasse
3658 2510 3773 2553 me-

2184 2586 2288 2643 lius
2334 2589 2689 2654 ostendimus,
2735 2588 2781 2643 si
2830 2589 2881 2644 in
2925 2589 3159 2645 medium
3206 2588 3357 2644 Pauli
3402 2590 3771 2657 magisterium

2186 2679 2541 2749 proferamus,
2561 2680 2651 2750 qui
2672 2680 2880 2736 duobus
2900 2680 3177 2751 discipulis
3198 2689 3252 2736 et
3275 2696 3378 2737 non
3400 2680 3610 2737 diversa
3641 2682 3773 2736 cha-

2190 2773 2349 2828 ritate
2375 2771 2865 2842 praeditis,diversa
2885 2782 3061 2829 tamen
3089 2772 3351 2843 adjutoria
3381 2773 3777 2843 praedicationis

2187 2865 2466 2934 impendit.
2491 2864 2827 2920 Timotheum
2848 2881 3076 2935 namque
3106 2866 3418 2931 admonens,
3448 2866 3520 2922 ait
3542 2881 3558 2922 :
3580 2867 3776 2936 Argue,

2185 2960 2420 3027 obsecra,
2446 2960 2650 3031 increpa
2678 2959 2731 3013 in
2758 2960 2894 3013 omni
2914 2959 3160 3028 patientia
3181 2969 3227 3014 et
3264 2959 3496 3014 doctrina
3528 2957 3613 3021 (II
3636 2959 3776 3014 Tim.

2184 3066 2258 3117 tv,
2281 3050 2361 3122 2).
2386 3051 2561 3106 Titum
2592 3066 2801 3122 quoque
2850 3051 3101 3107 admonet
3145 3051 3327 3107 dicens
3354 3068 3367 3107 :
3393 3050 3520 3106 Ha’c
3548 3049 3778 3121 loquere,

2186 3153 2234 3199 et
2260 3145 2549 3209 etc/tortore,
2583 3154 2629 3200 et
2658 3162 2817 3217 argue
2844 3164 2959 3201 cum
2986 3148 3125 3201 omni
3168 3147 3381 3217 imperio
3412 3144 3542 3217 (Tit.
3567 3161 3633 3211 tt,
3662 3144 3777 3213 lii).

2184 3238 2321 3307 Quid
2350 3238 2598 3309 estquod
2620 3239 2917 3295 doctrinam
2939 3256 3089 3295 suam
3132 3249 3275 3294 tanta
3318 3248 3435 3294 arte
3474 3240 3774 3309 dispensat,

2184 3328 2211 3367 ἀ
2246 3338 2303 3385 ut
2329 3331 2381 3384 in
2420 3330 2718 3387 exhibenda
2746 3331 2868 3399 hac,
2894 3332 3043 3387 alteri
3084 3330 3395 3401 imperium,
3427 3340 3586 3399 atque
3615 3330 3775 3385 alteri

2189 3425 2496 3495 patientiam
2525 3435 2821 3497 proponat,
2852 3427 2952 3480 nisi
2980 3426 3123 3495 quod
3152 3425 3527 3481 mansuetioris
3549 3423 3778 3492 spiritus

2188 3516 2396 3584 Titum,
2426 3525 2481 3572 et
2509 3517 2666 3587 paulo
2696 3517 3037 3573 ferventioris
3067 3517 3197 3573 vidit
3233 3532 3357 3573 esse
3398 3515 3736 3572 Timotheum
3756 3517 3784 3572 τ

2186 3611 2337 3666 Ilum
2372 3626 2464 3681 per
2494 3612 2848 3667 aemulationis
2879 3611 3113 3676 studium
3144 3611 3469 3678 inﬂammat,
3503 3611 3645 3665 hunc
3677 3626 3780 3680 per

2189 3702 2463 3757 lenitatem
2496 3703 2770 3771 patientia:
2799 3712 3083 3769 temperat.
3114 3702 3195 3758 llli
3222 3705 3362 3773 quod
3392 3704 3541 3759 deest
3566 3702 3776 3772 jungit,

2189 3794 2311 3850 huic
2337 3796 2477 3866 quod
2518 3810 2678 3865 super
2706 3805 2791 3853 est
2819 3796 3106 3852 subtrahit.
3144 3797 3299 3853 lllum
3340 3797 3560 3852 stimulo
3589 3795 3785 3866 impel-

2188 3888 2298 3943 lere
2326 3889 2533 3949 nititur,
2566 3889 2708 3944 hunc
2738 3889 2886 3944 freno
2936 3888 3263 3943 moderatur.
3306 3888 3531 3957 Magnus
3576 3888 3784 3957 quippe

2186 3994 2450 4054 suscepta:
2480 3984 2732 4041 Ecclesiae
2757 3985 2996 4050 colonus,
3023 3983 3156 4038 atios
3178 3983 3420 4053 palmites
3447 3992 3507 4036 ut
3530 3993 3787 4036 crescere

2186 4076 2420 4131 debeant
2446 4077 2609 4147 rigat;
2642 4076 2778 4131 alios
2809 4092 2929 4131 cum
2962 4076 3080 4145 plus
3115 4074 3262 4145 justo
3294 4087 3539 4129 crescere
3568 4068 3787 4139 conspi-

2188 4169 2262 4223 cit
2291 4178 2529 4236 resecat,
2557 4184 2624 4225 ne
2648 4179 2738 4225 aut
2764 4185 2871 4225 non
2896 4169 3186 4225 crescendo
3209 4183 3314 4223 non
3349 4168 3518 4222 ierant
3548 4166 3786 4232 fructus,

2187 4272 2309 4327 aut,
2346 4263 2697 4317 immoderate
2742 4262 3055 4327 crescendo,
3086 4276 3220 4330 quos
3263 4259 3583 4330 protulerint
3624 4256 3785 4313 amit-

2188 4361 2322 4410 tant.
2358 4354 2461 4410 Sed
2504 4355 2659 4426 longe
2708 4355 2809 4408 alia
2862 4364 2943 4409 est
2990 4356 3064 4408 ira
3113 4369 3233 4423 quae
3280 4353 3379 4406 sub
3423 4349 3789 4405 aemulationis

2190 4447 2367 4515 specie
2401 4446 2657 4517 subripit,
2693 4447 2794 4501 alia
2823 4463 2941 4517 quae
2973 4447 3237 4501 turbatum
3271 4460 3364 4500 cor
3391 4452 3445 4499 et
3470 4442 3585 4497 sine
3625 4440 3792 4509 justi-

2190 4541 2278 4595 tiae
2312 4550 2571 4609 praetextu
2601 4540 2897 4597 confundit.
2935 4540 3023 4593 Illa
3052 4538 3194 4593 enim
3227 4539 3280 4593 in
3313 4538 3412 4592 hoc
3440 4535 3581 4605 quod
3614 4533 3785 4587 debet

2191 4635 2491 4690 inordinate
2519 4634 2843 4701 extenditur,
2878 4634 2991 4688 haec
3018 4641 3195 4687 autem
3229 4646 3441 4700 semper
3471 4631 3521 4683 in
3553 4629 3635 4683 his
3659 4642 3791 4697 quin

2190 4746 2294 4785 non
2319 4731 2473 4787 debet
2504 4731 2879 4786 inﬂammatur.
2910 4729 3193 4785 Sciendum
3222 4728 3421 4799 quippe
3444 4734 3528 4781 est
3558 4726 3679 4794 quia
3715 4723 3775 4778 in

2192 4825 2295 4879 hoc
2322 4826 2389 4879 ab
2429 4825 2830 4895 impatientibus
2854 4823 3092 4879 iracundi
3125 4822 3405 4882 differunt,
3436 4819 3576 4888 quod
3609 4816 3684 4872 illi
3713 4816 3793 4872 ab

2190 4916 2312 4969 aliis
2344 4916 2487 4971 illata
2518 4930 2623 4970 non
2656 4916 2914 4981 tolerant,
2949 4914 3032 4969 isti
3064 4921 3241 4969 autem
3273 4922 3433 4969 etiam
3478 4926 3597 4981 quae
3645 4908 3794 4962 tole-

2192 5014 2381 5064 rentur
2412 5009 2721 5076 important.
2751 5007 2882 5060 Nam
2912 5006 3150 5061 iracundi
3181 5020 3323 5075 saepe
3355 5004 3517 5059 etiam
3550 5012 3574 5040 ο
3608 5015 3665 5055 se
3696 4999 3796 5055 de-

2192 5123 2449 5179 Mansueti
2494 5141 2583 5193 per
2628 5124 3025 5178 sollicitudinem
3072 5131 3329 5193 torporem
3370 5121 3644 5180 damnent,
3679 5118 3792 5193 ira-

2189 5195 2344 5249 cundi
2374 5189 2823 5265 perturbationem.
2860 5196 2932 5248 Ita
2962 5196 3119 5268 etiam
3155 5189 3376 5268 primus
3404 5194 3646 5268 parum”
3680 5189 3746 5268 ad
3767 5218 3791 5228 -

2186 5269 2331 5335 jeCIo
2374 5262 2458 5330 ut,
2491 5277 2611 5321 ante
2656 5276 2932 5334 torporem.
2987 5266 3037 5319 In
3087 5262 3279 5327 Laud.,
3329 5262 3474 5335 Belv.
3520 5268 3575 5313 et
3621 5262 3795 5335 lerlitt

2192 5332 2412 5393 tiarnot.
2444 5357 2456 5394 :
2492 5338 2585 5391 Illi
2614 5332 2750 5405 quid
2786 5335 2967 5389 habent
3013 5337 3332 5395 discernunt,
3363 5332 3448 5385 isti
3475 5332 3629 5405 quod
3680 5345 3795 5381 non

2194 5409 2379 5461 habent
2410 5403 2809 5474 amplectantur.
2838 5407 3093 5460 Mansueti
3113 5403 3618 5478 per_soiticit_ttdineut
3645 5408 3791 5478 tarn.

2195 5481 2459 5533 damnent.
2496 5469 2607 5533 Duo
2639 5482 2840 5547 priores
2879 5469 3128 5532 Gemetf:
3168 5475 3424 5531 Mansueti
3452 5489 3547 5547 pro
3590 5469 3787 5547 solliei-

2196 5552 2369 5607 tndine
2400 5561 2534 5622 torp.
2568 5539 2832 5603 damnent.
2878 5552 3128 5618 Sequitur
3175 5563 3293 5602 cum
3341 5539 3588 5601 omnibus
3633 5539 3781 5594 Edtt.

2196 5622 2540 5679 Trecensem.

2268 5696 2291 5729 α
2326 5695 2469 5750 Bclv.
2500 5702 2552 5749 et
2579 5693 2842 5747 secundus
2870 5692 3054 5754 Carm,
3084 5699 3137 5743 ut
3168 5689 3237 5745 ad
3267 5689 3551 5761 exhibenda
3581 5684 3759 5761 horti.”

2270 5775 2291 5801 ε
2328 5766 2519 5833 Laud.,
2552 5764 2892 5835 dedignantes
2922 5763 3080 5831 inter].
3104 5762 3315 5817 Tertius
3344 5759 3584 5821 Curuot.,
3619 5754 3795 5806 deci-

2199 5847 2377 5891 nuntes
2408 5847 2458 5890 ut
2494 5834 2827 5906 dedignantes
2854 5834 3012 5903 inseq.
