4036 6346
537 494 603 549 79
1732 497 1972 552 SANIZTI
2015 497 2341 554 GIIEGORII
2383 497 2587 554 MAGNI
3734 492 3797 552 8)

533 609 711 665 utilius
743 608 1083 677 corripimus,
1113 609 1157 663 si
1188 623 1370 664 eorum
1401 612 1826 677 correptionibus
1867 614 2106 682 qundam
2142 618 2187 676 Α
2215 613 2356 681 quod
2389 615 2538 666 Valle
2569 627 2626 667 se
2659 610 3014 678 dcspicientcs
3061 608 3363 679 negligant,
3397 622 3448 663 et
3499 609 3620 663 ideo
3669 611 3798 666 levi-

533 701 747 754 laudum
797 699 1029 755 fomenta
1059 701 1398 757 misceamus.
1431 703 1707 757 lnl‘erenda
1753 719 1976 772 namque
2006 705 2112 760 illis

533 802 653 846 stitit
680 801 770 846 aut
793 792 897 845 alia
929 792 1064 845 bona
1107 809 1226 861 qua:
1267 795 1318 848 in
1352 794 1478 863 ipsis
1521 805 1675 859 sunt,
1709 805 1798 848 aut
1828 795 2110 850 dicendum

533 895 677 940 certe
704 900 819 954 quas
849 893 1094 955 poterant
1119 900 1238 941 esse
1261 887 1304 940 si
1336 903 1438 940 non
1472 897 1629 953 sunt;
1663 896 1716 943 et
1749 897 1870 943 tunc
1899 887 2110 943 demum

436 1037 456 1056 ο
533 979 822 1034 resecando
851 989 977 1034 sunt
998 981 1136 1033 mala
1157 995 1272 1049 quae
1303 981 1455 1035 nobis
1481 981 1761 1051 displicent
1781 1025 1795 1048 ,
1821 997 1939 1036 cum
1964 982 2112 1051 prius

531 1069 596 1124 ad
647 1068 970 1125 audiendum
1019 1085 1201 1124 eorum
1254 1070 1566 1138 placabilem
1619 1083 1848 1127 mentem
1892 1071 2113 1126 iecerint

531 1162 808 1230 praemissa
831 1161 966 1216 bona
994 1177 1108 1230 qua»
1139 1161 1364 1229 placent.
1393 1161 1524 1217 Nam
1547 1175 1600 1219 et
1626 1179 1790 1234 equos
1822 1163 2114 1216 indomitos

531 1253 723 1308 blanda
754 1253 898 1323 prius
943 1269 1097 1306 manu
1149 1254 1430 1325 tangimus,
1462 1266 1516 1309 ut
1564 1272 1652 1308 eos
1703 1256 1855 1310 nobis
1903 1254 2111 1324 plenius

529 1346 865 1416 postmodum
909 1345 1067 1400 etiam
1102 1362 1194 1415 per
1224 1348 1426 1418 ﬂagella
1467 1350 1795 1420 subigamus.
1834 1351 1898 1403 Et
1926 1363 2109 1402 amaro

529 1439 924 1508 pigmentorum
969 1440 1156 1506 poculo
1200 1440 1373 1494 mellis
1418 1441 1641 1495 dulcedo
1687 1441 2005 1509 adjungitur,
2043 1454 2108 1492 ne

527 1549 591 1587 ea
635 1546 753 1600 quae
796 1530 951 1585 saluti
995 1532 1265 1600 profutura
1309 1543 1419 1599 est,
1453 1534 1502 1586 in
1554 1533 1669 1600 ipso
1713 1541 1868 1602 gustu
1917 1545 2104 1598 aspera

527 1624 824 1679 amaritudo
864 1625 1154 1688 sentiatur;
1185 1625 1310 1679 dum
1342 1641 1468 1679 vero
1501 1634 1683 1695 gustus
1735 1639 1828 1694 per
1869 1623 2108 1677 dulcedi-

525 1730 644 1770 nem
675 1713 891 1779 l‘allitur,
922 1723 949 1751 ι
981 1715 1168 1768 humor
1203 1715 1508 1769 mortiferus
1560 1730 1653 1782 per
1695 1713 2104 1769 amaritudinem

523 1814 801 1862 vacuatur.
851 1805 964 1874 Ipsa
1019 1821 1145 1876 ergo
1201 1806 1252 1859 in
1301 1806 1455 1860 elatis
1507 1805 1821 1860 invectionis
1864 1805 2105 1870 exordia,

523 1896 785 1964 permixta
815 1905 940 1949 sunt
970 1896 1122 1950 laude
1169 1896 1532 1966 temperanda,
1571 1906 1627 1950 ut
1665 1897 1790 1950 dum
1821 1897 2110 1952 admittunt

2219 714 2324 758 tate
2353 705 2734 772 cogitationum
2767 719 2794 754 a
2829 718 2924 755 suo
2951 703 3154 771 judicio
3193 718 3286 771 per
3333 713 3628 772 temporum
3679 721 3794 760 mo-

2217 806 2393 852 menta
2424 798 2726 851 ﬂectuntur.
2763 796 2871 849 Illis
2899 795 3182 850 dicendum
3209 805 3290 848 est
3319 797 3441 865 quia
3473 797 3576 852 nisi
3608 799 3797 852 melio-

2220 905 2302 945 res
2339 905 2397 944 se
2444 888 2656 944 caeteris
2701 888 3064 953 aestimarent,
3107 902 3438 956 nequaquam
3487 900 3797 944 cunctorum

2215 983 2432 1038 consilia
2464 996 2574 1036 sum
2611 980 2986 1037 deliberationi
3027 989 3438 1050 postponerent;
3469 980 3583 1034 istis
3620 981 3796 1036 dicen-

2215 1076 2339 1131 dum
2363 1086 2442 1132 est
2465 1078 2588 1144 quia
2615 1075 2662 1129 si
2690 1074 2790 1129 hoc
2815 1073 2954 1144 quod
2984 1082 3128 1136 sunt,
3154 1083 3420 1142 utcunque
3441 1073 3795 1137 attenderem,

2219 1183 2552 1238 nequaquam
2585 1182 2678 1221 eos
2717 1182 2812 1238 per
2839 1176 2913 1219 tot
2947 1175 2969 1204 ε
3003 1167 3276 1222 varietatis
3318 1167 3480 1220 latera
3527 1166 3798 1220 mutabili-

2217 1259 2338 1312 tatis
2382 1274 2506 1312 aura
2543 1266 2802 1312 versaret.
2835 1257 2938 1310 Illis
2971 1271 3064 1322 per
3095 1256 3312 1310 Paulum
3359 1256 3586 1310 dicitur:
3621 1256 3794 1312 Nolite

2213 1349 2487 1417 prudentes
2531 1364 2638 1401 esse
2681 1348 2823 1414 apud
2871 1348 3199 1413 nosmetipsos
3247 1346 3422 1416 (Rom.
3450 1364 3552 1412 sit,
3589 1349 3705 1419 16);
3748 1361 3801 1405 at

2214 1451 2400 1494 Contra
2433 1440 2517 1493 isti
2549 1438 2768 1492 audiunt
2797 1455 2812 1491 ι
2849 1437 2971 1492 Νοη
3002 1439 3422 1500 circumferamur
3467 1440 3606 1492 omni
3651 1455 3797 1494 t'en'o

2214 1534 2460 1588 doctrinm
2496 1531 2710 1602 (Ep/tes.
2741 1547 2813 1597 tv,
2843 1531 2954 1603 Η).
2988 1531 3060 1586 De
3092 1533 3194 1587 illis
3224 1547 3317 1601 per
3347 1533 3670 1588 Salomonen
3719 1534 3800 1588 di-

2211 1628 2352 1682 citur
2380 1646 2392 1681 :
2427 1627 2701 1682 Comedent
2730 1631 2926 1697 fructus
2954 1627 3046 1679 vita
3076 1643 3199 1692 sum,
3227 1628 3429 1697 suisque
3455 1629 3682 1680 consiliis
3709 1646 3794 1682 sa-

2214 1722 2518 1776 turabuntur
2551 1718 2730 1790 (Prov.
2755 1735 2802 1785 I,
2826 1719 2948 1788 51);
2990 1721 3056 1774 de
3085 1719 3199 1774 istis
3220 1729 3397 1772 autem
3427 1718 3493 1774 ab
3522 1735 3586 1774 eo
3611 1735 3793 1774 rursus

2212 1812 2500 1867 scribitur:
2532 1812 2632 1867 Cor
2663 1814 2936 1866 stultorum
2967 1811 3214 1865 dissimile
3240 1811 3336 1865 erit
3381 1809 3571 1880 (Ibid.,
3602 1826 3692 1877 xv,
3719 1810 3797 1880 7).

2213 1903 2318 1958 Cor
2346 1905 2539 1975 quippe
2565 1905 2860 1976 sapientum
2892 1903 3204 1972 sibimetipsi
3237 1918 3449 1972 semper
3476 1912 3558 1958 est
3587 1905 3797 1968 simile;

523 1988 734 2043 favores
764 2003 898 2058 quos
947 1987 1206 2060 diligunt,
1236 1989 1394 2042 etiam
1440 1989 1804 2057 correptiones
1847 1989 2107 2058 recipiant

2230 2001 2332 2070 [uia
2356 2001 2478 2051 dum
2505 2000 2663 2052 rectis
2687 1996 3119 2067 persuasionibus
3141 1996 3461 2066 acquiescit,
3485 2007 3798 2052 constanter

523 2097 654 2150 quos
684 2080 932 2136 oderunt.

597 2173 912 2242 Plerumque
941 2183 1122 2228 autem
1172 2173 1492 2244 persuadere
1523 2174 1674 2229 elatis
1717 2175 1864 2230 utilia
1915 2175 2102 2231 melius

523 2278 822 2335 possumus,
846 2269 888 2322 si
916 2268 1207 2338 proiectum
1233 2283 1418 2323 eorum
1443 2268 1594 2324 nobis
1622 2270 1796 2340 potius
1811 2269 1922 2341 60
1943 2284 2106 2338 quam

525 2359 626 2422 illis
673 2357 1006 2427 proiu'turum
1050 2360 1313 2426 dicamus,
1341 2359 1383 2414 si
1414 2376 1599 2416 eorum
1626 2360 1652 2399 ι)
1685 2361 2106 2416 meliorationem

525 2451 676 2506 nobis
705 2455 870 2522 magis
909 2467 1064 2520 quam
1111 2451 1213 2506 sibi
1263 2455 1496 2522 lmpendi
1551 2454 1898 2523 postulemus.
1929 2451 2106 2507 Facile

526 2546 663 2598 enim
707 2543 773 2597 ad
805 2543 1001 2598 bonum
1045 2544 1205 2599 elatio
1247 2545 1496 2611 ﬂectitur,
1529 2549 1572 2602 si
1616 2557 1668 2601 et
1715 2546 1832 2601 aliis
1874 2546 1990 2615 ejus
2029 2549 2108 2601 in-

526 2635 680 2689 llexio
704 2633 956 2705 prodesse
977 2635 1244 2690 credatur.
1271 2637 1418 2692 Unde
1442 2638 1674 2712 Moyses,
1695 2642 1782 2709 qui
1807 2648 2027 2708 regente
2047 2653 2107 2694 se

527 2728 656 2788 lico,
683 2727 877 2781 deserti
910 2727 1007 2782 iter
1039 2743 1191 2784 aerea
1223 2731 1468 2786 columna
1495 2732 1630 2787 duce
1664 2735 1914 2802 pergebat
1937 2743 1959 2772 ο
1985 2749 2104 2788 cum

529 2817 709 2873 Ilobab
750 2829 1034 2890 cognatum
1075 2836 1228 2876 suum
1276 2839 1304 2877 a
1347 2825 1657 2893 gentilitatis
1701 2827 2110 2881 conversatione

531 2912 685 2967 vellet.
725 2912 978 2979 educere,
1010 2921 1063 2968 et
1091 2916 1475 2988 omnip‘itentis
1518 2917 1611 2971 Dei
1655 2917 1891 2972 dominio
1920 2917 2108 2987 subju-

532 3022 650 3078 gare
679 3027 690 3062 :
729 3008 1115 3080 Proﬁciscimur
1137 3014 1203 3065 ad
1236 3013 1402 3067 locum
1433 3029 1582 3083 quem
1616 3012 1866 3067 Dominus
1897 3015 2110 3067 daturus

531 3110 596 3155 est
627 3101 800 3167 nobis;
832 3106 943 3159 veni
973 3106 1264 3171 nobiscum,
1298 3115 1349 3159 ut
1389 3107 1510 3160 bene
1548 3107 1798 3176 faciamus
1839 3106 1958 3174 tibi,
1990 3107 2113 3176 quia

532 3193 774 3248 Dominus
804 3196 933 3248 bona
965 3198 1198 3264 promisit
1229 3197 1438 3253 lsraeli.
1475 3196 1570 3252 Cui
1602 3215 1719 3252 eum
1766 3198 2111 3266 respondisset

531 3287 653 3342 ille:
686 3285 803 3342 Non
836 3291 1019 3344 vadaut
1047 3301 1243 3358 tecum,
1274 3291 1363 3346 sed
1393 3301 1614 3347 revertar
1645 3293 1698 3346 in
1731 3303 1922 3346 terram
1952 3310 2112 3348 meam

533 3379 576 3431 in
603 3396 702 3447 qua
730 3389 878 3435 natus
898 3399 1046 3447 sum;
1079 3383 1216 3436 illico
1238 3383 1475 3453 adjnnxit
1495 3398 1515 3438 :
1539 3381 1665 3438 Noli
1687 3400 1778 3437 nos
1801 3386 2113 3452 relinquere;

534 3481 583 3523 tu
612 3471 746 3524 enim
777 3473 910 3525 nosti
942 3473 992 3526 in
1023 3475 1202 3543 quibus
1231 3475 1356 3527 locis
1387 3491 1476 3542 per
1519 3475 1772 3529 desertum
1816 3485 1986 3530 castra
2025 3493 2118 3548 po—

535 3578 651 3615 nere
699 3563 992 3629 debeamus,
1024 3576 1069 3618 et
1115 3567 1212 3619 eris
1262 3567 1441 3619 ductor
1489 3577 1657 3621 noster
1705 3567 1904 3639 (Num.
1931 3585 1996 3636 x,
2023 3567 2113 3636 29,

535 3650 688 3722 νειμ).
715 3652 897 3724 Neque
938 3655 1081 3710 enim
1113 3657 1278 3726 Moysi
1313 3666 1542 3713 mentem
1577 3660 1872 3730 ignorantia
1917 3660 2122 3716 itineris

538 3745 878 3814 angustabat,
912 3763 1067 3818 quem
1115 3758 1170 3803 et
1199 3747 1223 3784 d
1251 3749 1314 3802 ad
1355 3751 1647 3820 prophetia:
1695 3752 1971 3806 scientiam
2023 3768 2122 3808 co-

538 3837 702 3905 gnitio
727 3837 1026 3894 Divinitatis
1048 3840 1404 3912 expauderat,
1430 3858 1586 3912 quem
1611 3844 1853 3898 columna
1880 3844 2119 3899 exterius

539 3929 790 3998 prteibat,
820 3947 976 4000 quem
1008 3931 1072 3986 de
1098 3935 1305 3989 cunctis
1349 3935 1570 3990 interius
1612 3951 1708 4006 per
1751 3937 2120 3992 conversatio-

542 4034 662 4074 nem
690 4036 808 4077 cum
841 4021 950 4077 Deo
974 4023 1211 4078 sedulam
1246 4025 1442 4081 locutio
1484 4026 1759 4082 familiaris
1804 4027 2122 4083 instruebat.

543 4115 648 4171 Sed
683 4116 928 4174 videlicet
955 4120 1038 4175 vir
1079 4121 1332 4191 providus
1359 4121 1500 4177 elato
1532 4123 1759 4177 auditori
1789 4123 2126 4192 colloquens,

544 4205 788 4261 solatium
829 4210 1013 4278 petivit
1041 4223 1096 4264 ut
1139 4213 1320 4278 daret;
1363 4212 1550 4268 ducem
1593 4215 1897 4284 requirebat
1941 4215 1989 4268 in
2023 4215 2129 4283 via,

545 4306 603 4351 ut
631 4297 736 4352 dux
768 4299 819 4355 ei
847 4301 957 4356 lieri
989 4303 1248 4374 potuisset
1281 4304 1344 4357 ad
1376 4304 1558 4359 vitam.
1587 4304 1704 4375 Egit
1732 4303 1910 4376 itaque
1939 4315 1999 4360 ut
2037 4322 2130 4360 su-

546 4391 744 4460 perbus
785 4394 998 4450 auditor
1030 4397 1145 4450 voci
1197 4397 1260 4450 ad
1305 4397 1526 4451 meliora
1574 4397 1814 4452 suadenti
1851 4413 1916 4451 eo
1967 4399 2133 4467 magis

547 4484 702 4539 ﬁeret
722 4485 966 4552 devotus,
995 4504 1100 4558 quo
1131 4497 1402 4558 putaretur
1432 4489 1791 4554 necessarius;
1821 4497 1874 4544 et
1904 4491 2042 4544 unde
2073 4505 2132 4544 se

547 4575 948 4633 exhortatorem
978 4593 1131 4634 suum
1167 4580 1468 4649 praecedere
1493 4582 1769 4646 crederet,
1803 4581 1926 4637 inde
1953 4597 2010 4637 se
2033 4583 2131 4637 sub

548 4670 726 4726 verbis
755 4672 1087 4728 exliortantis
1124 4673 1420 4728 inclinaret.

941 4786 1167 4844 CAPUT
1207 4785 1368 4840 XXIII
1404 4785 1506 4859 [ΑΙ.
1541 4785 1747 4860 XLII].

656 4877 923 4942 Quomodo
954 4881 1262 4934 admonendi
1293 4882 1576 4951 pertinaces
1599 4891 1646 4935 et
1677 4882 2043 4937 inconstantes.

641 4974 954 5045 (Admonitio
985 4975 1096 5047 19.)
1123 4974 1290 5030 Aliter
1319 4974 1637 5030 admonendi
1669 4983 1793 5029 sunt
1818 4977 2136 5045 pertinaces,

559 5083 722 5145 atque
770 5068 923 5122 aliter
965 5065 1348 5121 inconstantes.
1383 5067 1490 5119 Illis
1536 5066 1819 5120 dicendum
1868 5076 1949 5120 cst
1993 5066 2137 5134 quod

557 5170 680 5241 plus
717 5164 785 5218 de
830 5175 890 5216 se
931 5173 1088 5229 quam
1135 5167 1258 5212 sunt
1301 5160 1566 5223 sentiunt,
1601 5169 1655 5213 et
1704 5159 1901 5214 idcirco
1953 5159 2143 5215 alienis

562 5255 804 5318 consiliis
833 5267 940 5308 non
969 5252 1339 5322 acquiescant;
1372 5253 1486 5306 istis
1512 5268 1639 5308 vero
1682 5252 2031 5307 intimandum
2063 5261 2146 5308 est

638 5437 662 5465 ο
694 5425 861 5482 Laud.
891 5432 944 5476 et
971 5420 1231 5478 secundus
1265 5420 1491 5488 Gemet.,
1524 5425 1710 5478 humor
1755 5422 2009 5485 mortifer.
2058 5421 2146 5477 Sic

558 5513 778 5574 quoque
821 5496 1009 5566 legitur
1060 5495 1112 5548 iu
1167 5492 1374 5548 Getnet.
1426 5497 1627 5563 primo,
1676 5493 1770 5548 sed
1825 5507 1852 5545 a
1910 5492 2146 5548 secunda

559 5585 750 5628 .lllallll.

641 5642 666 5678 δ
700 5637 887 5704 Land.,
913 5638 1158 5709 L0ngip.,
1189 5636 1303 5690 Val.
1331 5635 1436 5700 CL,
1460 5637 1564 5692 duo
1595 5633 1800 5706 priores
1827 5633 2061 5698 Gemet.,
2094 5641 2149 5689 et

559 5713 754 5771 tertius
781 5711 1021 5766 Carnot..
1053 5709 1470 5762 moderationem.

642 5795 667 5824 ε
702 5779 1001 5849 Al.,letro.
1048 5781 1179 5836 Cod.
1211 5781 1370 5834 Corb.
1420 5779 1575 5833 liabet
1624 5785 1903 5846 utramque
1953 5776 2144 5833 lectio-

574 5871 716 5913 nem.

644 5925 667 5963 ἀ
712 5924 901 5986 Laud.,
949 5921 1221 5984 Ilotbom.,
1268 5919 1418 5989 Lyr.,
1447 5922 1513 5974 ad
1556 5921 1835 5990 prophetat.
1871 5919 1925 5974 In
1967 5919 2152 5982 Trec.,

569 5997 736 6069 garb.
774 6005 825 6050 et
866 5993 1128 6062 plerisque
1177 5991 1384 6058 legitur,
1419 6009 1600 6060 quam,
1633 6005 1710 6048 sc.
1758 5999 2027 6056 mentem,
2060 6005 2158 6059 pro

2213 2107 2273 2146 se
2306 2089 2356 2144 in
2409 2091 2546 2144 bono
2592 2103 2759 2158 Opere
2787 2076 2987 2156 dirigit.
3017 2085 3119 2140 Cor
3149 2104 3276 2142 vero
3315 2089 3595 2142 stultorum
3640 2087 3805 2141 dissi.

2212 2183 2337 2236 mile
2365 2191 2445 2236 est
2465 2224 2478 2245 ,
2509 2181 2628 2250 quia
2658 2180 2784 2234 dum
2817 2179 3167 2234 mutabilitate
3206 2194 3264 2234 se
3294 2180 3497 2234 varium
3543 2177 3801 2245 exhibet,

2213 2288 2479 2344 nunquam
2531 2272 2580 2326 id
2621 2271 2760 2342 quod
2817 2273 2983 2325 luerat
3029 2280 3229 2324 manet.
3277 2272 3340 2324 Et
3388 2273 3509 2338 quia
3548 2270 3795 2338 quaedam

2213 2365 2340 2418 vitia
2372 2364 2507 2418 sicut
2550 2378 2617 2417 ex
2666 2362 2968 2431 semetipsis
3015 2360 3238 2432 gignunt
3283 2361 3404 2426 alia,
3450 2359 3522 2415 ita
3564 2377 3629 2416 ex
3680 2359 3803 2415 aliis

2212 2458 2476 2520 oriuntur,
2524 2457 2799 2511 sciendum
2848 2471 3190 2525 summopere
3239 2463 3322 2510 est
3365 2455 3506 2524 quod
3559 2465 3683 2510 tunc
3730 2469 3800 2510 ea

2211 2547 2547 2617 corripiendo
2576 2547 2763 2602 melius
2796 2549 3074 2615 tergiunts,
3105 2562 3224 2601 cum
3257 2545 3323 2598 ab
3373 2544 3490 2615 ipsi»
3539 2554 3805 2599 amaritu-

2212 2640 2351 2696 dinis
2378 2655 2489 2695 sua:
2521 2639 2665 2695 fonte
2718 2641 3002 2694 siccamus.
3036 2637 3335 2693 Pertinacia
3386 2639 3581 2706 quippe
3609 2653 3673 2691 ex
3707 2650 3802 2691 su-

2214 2733 2416 2804 perbia,
2449 2732 2796 2788 inconstantia
2832 2747 2959 2787 vero
2987 2747 3049 2786 ex
3082 2731 3299 2786 levitate
3325 2738 3631 2801 generatur.

2285 2829 2619 2885 Admonendi
2671 2829 2829 2899 igitur
2872 2836 2999 2884 sunt
3039 2828 3355 2897 pertinaces,
3399 2835 3458 2881 ut
3503 2829 3802 2883 elatione-tn

2213 2935 2323 2976 sua:
2372 2921 2708 2991 cogitationis
2756 2930 3078 2990 agnoscant,
3119 2928 3173 2975 et
3216 2920 3534 2990 semetipsos
3587 2922 3806 2976 vincere

2188 3015 2490 3079 'smdeant;
2522 3031 2584 3068 ne
2631 3013 2755 3067 dum
2806 3015 2966 3069 rectis
3006 3014 3230 3068 aliorum
3275 3013 3618 3080 suasionibus
3673 3013 3810 3068 loris

2213 3107 2449 3175 superari
2481 3105 2808 3174 despiciunt,
2843 3107 2986 3159 intus
3015 3121 3042 3157 a
3073 3104 3317 3175 superbia
3347 3104 3454 3176 61
3482 3104 3680 3174 captivi
3718 3115 3809 3158 tc-

2215 3205 2460 3253 neantur.
2488 3198 2826 3252 Admonendi
2858 3206 3015 3265 sunt,
3047 3205 3105 3251 ut
3133 3196 3357 3251 solerter
3381 3198 3641 3266 aspiciant
3675 3197 3802 3267 quia

2215 3290 2381 3346 Filius
2410 3289 2660 3355 buminis,
2691 3291 2773 3344 cui
2807 3305 2908 3344 una
2954 3305 3167 3358 semper
3195 3304 3315 3344 cum
3365 3288 3523 3343 Patre
3557 3288 3815 3343 voluntas

2223 3394 2335 3450 est,
2367 3394 2424 3440 ut
2449 3389 2747 3456 exemplum
2778 3389 2930 3442 nobis
2963 3387 3265 3457 frangenda:
3291 3395 3486 3441 nostra:
3516 3385 3813 3440 voluntatis

2225 3485 2489 3552 prtcbeat,
2533 3482 2702 3536 dicit:
2737 3480 2857 3535 Non
2899 3497 3073 3550 quivre
3117 3480 3431 3537 uoluntatem
3475 3496 3673 3546 meam,
3718 3479 3816 3534 sed

2227 3574 2538 3627 voluntatem
2562 3577 2673 3645 ejus
2699 3575 2788 3645 qui
2817 3574 2951 3628 misit
2981 3590 3059 3629 me
3087 3572 3262 3628 Patris
3292 3572 3468 3644 (Joan.
3490 3589 3541 3638 v,
3567 3572 3681 3642 30).
3711 3571 3818 3639 Qui

2227 3675 2284 3720 ut
2316 3665 2471 3737 hujus
2518 3667 2691 3721 adhuc
2733 3665 2944 3721 virtutis
2972 3667 3194 3734 gratiam
3225 3666 3663 3730 commendaret,
3695 3679 3821 3720 ser-

2236 3771 2484 3816 Vaturum
2511 3776 2570 3818 se
2601 3759 2697 3814 lioc
2721 3761 2771 3815 in
2799 3770 3039 3816 extremo
3061 3760 3258 3829 judicio
3284 3759 3568 3829 praemisit,
3592 3757 3821 3813 dicens:

2233 3855 2341 3927 Ego
2363 3872 2394 3908 a
2426 3871 2502 3908 me
2541 3856 2650 3924 ipso
2680 3870 2781 3908 non
2809 3870 3013 3923 possunt
3041 3855 3206 3924 facere
3229 3853 3536 3922 quidquam,
3565 3851 3655 3904 sed
3686 3850 3828 3903 sicut

2231 3951 2409 4018 audio,
2433 3949 2615 4020 judico
2644 3946 2855 4020 (Ibat).
2885 3947 2996 4014 Qua
3041 3949 3214 4014 itaque
3247 3941 3267 3982 τ
3299 3941 3627 3998 conscientia
3660 3940 3828 3995 dedi-

2231 4051 2427 4110 gnatur
2465 4041 2628 4093 homo
2675 4039 2862 4091 alicam
2898 4035 3152 4090 voluntati
3195 4032 3558 4103 acquiescere,
3604 4031 3830 4101 quando

2235 4132 2325 4188 Dei
2353 4141 2407 4188 et
2435 4131 2665 4186 hominis
2691 4131 2878 4197 Filius,
2903 4145 3022 4185 cum
3055 4129 3260 4182 virtutis
3281 4143 3389 4181 sum
3419 4128 3640 4196 gloriam
3677 4127 3832 4181 venit

2235 4224 2536 4286 ostendere.
2565 4232 2787 4280 testatur
2808 4239 2866 4278 se
2895 4239 2998 4277 non
3024 4239 3053 4278 a
3088 4223 3372 4292 semetipso
3396 4221 3675 4292 judicare?

2307 4323 2374 4376 At
2395 4329 2580 4376 contra
2600 4315 2921 4372 admonendi
2946 4325 3064 4369 sunt
3089 4315 3468 4377 inconstantes,
3495 4322 3552 4368 ut
3589 4321 3835 4365 mentem

2235 4414 2496 4486 gravitate
2528 4411 2806 4465 roborent.
2839 4407 2987 4461 Tunc
3010 4405 3152 4459 enim
3185 4403 3454 4475 genimina
3490 4403 3540 4454 in
3566 4417 3624 4455 se
3654 4411 3840 4456 muta-

2241 4509 2461 4564 liilitatis
2476 4517 2500 4554 ι
2514 4504 2830 4567 arefaciunt,
2845 4517 2964 4556 cum
2982 4516 3009 4554 a
3027 4499 3191 4554 corde
3209 4500 3353 4568 prius
3381 4496 3614 4551 radicem
3636 4495 3747 4549 levi
3760 4509 3840 4547 ta-

2243 4603 2310 4656 tis
2336 4600 2645 4662 abscidunt,
2678 4595 2799 4666 quia
2829 4605 2882 4650 et
2909 4605 3034 4649 tunc
3065 4592 3262 4647 fabrica
3312 4591 3525 4644 robusta
3558 4603 3658 4640 con
3678 4588 3842 4641 .trui-

2244 4702 2350 4761 tur,
2385 4709 2503 4749 cum
2537 4693 2685 4762 prius
2733 4691 2881 4744 locus
2921 4687 3142 4752 solidus,
3192 4686 3242 4738 in
3274 4700 3379 4754 quo
3421 4683 3843 4738 fundamentum

2165 4820 2214 4878 υ
2247 4791 2367 4860 poni
2401 4788 2609 4854 debeat,
2640 4785 2824 4855 provid
2846 4792 2966 4837 :tur.
2999 4781 3108 4835 Nisi
3140 4795 3266 4847 ergo
3289 4787 3412 4831 ante
3447 4777 3643 4830 mentis
3687 4775 3843 4829 levi-

2248 4892 2330 4938 tas
2357 4893 2634 4945 caveatur,
2664 4875 3043 4948 cogitationum
3075 4867 3430 4926 inconstantia
3464 4867 3685 4920 minime
3720 4865 3850 4921 vin-

2250 4975 2408 5029 citur.
2445 4977 2483 5026 A
2516 4972 2707 5042 quibus
2735 4985 2793 5024 se
2824 4968 3058 5021 alienum
3105 4963 3300 5018 I'aulus
3331 4962 3490 5014 fuisse
3521 4957 3811 5030 perhibuit.
3833 5001 3849 5024 ,

2250 5083 2370 5123 cum
2400 5067 2530 5122 dicit
2559 5081 2572 5120 :
2607 5062 2853 5133 Nunquid
2900 5060 3100 5114 levitate
3129 5073 3251 5111 usus
3294 5055 3444 5108 sum?
3475 5062 3562 5105 (uit
3607 5067 3730 5120 qua:
3762 5069 3856 5104 co-

2252 5159 2379 5230 gito.
2410 5157 2690 5212 secundum
2719 5172 2922 5210 carnem
2949 5153 3133 5222 coqito,
3172 5157 3226 5203 ut
3257 5150 3320 5204 sit
3351 5149 3490 5216 apud
3530 5163 3628 5204 me,
3675 5155 3758 5199 est
3808 5155 3857 5199 et

2254 5268 2353 5306 non
2385 5251 2436 5320 (1
2471 5251 2586 5305 Cor.
2615 5266 2663 5319 ι,
2698 5249 2826 5320 li)?
2879 5252 2953 5303 Ac
2983 5249 3026 5301 si
3056 5253 3240 5316 aperte
3271 5241 3453 5296 dicat:
3480 5238 3693 5292 Idcirco
3733 5253 3859 5292 mu-

2326 5436 2396 5472 Ἴθι

2251 5436 2524 5545 quentEdit.
2557 5488 2844 5558 ploratque,
2870 5482 3128 5558 varietatis
3155 5478 3330 5558 littora
3349 5518 3362 5538 ,
3391 5474 3585 5557 quibus
3608 5486 3677 5526 ex
3721 5471 3865 5528 Mss.

2252 5552 2580 5628 ignoramus.
2607 5552 2767 5616 Paulo
2796 5567 2913 5626 post
2943 5556 3164 5613 habent,
3202 5552 3400 5628 fructus
3426 5552 3584 5599 vinea:
3611 5560 3732 5628 sua:
3747 5561 3872 5628 ἰνιο

2251 5616 2556 5689 ὺῖλιέξιιυὶπ.
2588 5616 3046 5696 textus-ejusque
3091 5616 3383 5696 versiones,
3425 5631 3657 5672 necnon
3714 5616 3860 5671 Mss.

2251 5707 2418 5761 sancti
2452 5701 2687 5773 Gregorii
2717 5692 2913 5773 cogunt
2944 5699 3141 5763 legere.
3167 5692 3260 5744 vite
3283 5706 3407 5745 sure.

2332 5777 2348 5814 ί
2385 5771 2582 5840 I.aud.,
2599 5771 2906 5828 constantia.
2953 5837 2980 5840 _
3508 5831 3520 5840 .

2332 5859 2356 5897 α
2385 5824 2577 5910 laud:
2602 5824 2896 5901 verti—tertius
2941 5837 3179 5905 Gemet.,
3206 5842 3460 5891 arescunt.
3495 5828 3597 5884 Alii
3629 5824 3872 5896 Nomm,

2261 5921 2502 5989 are/iuni.
