4036 6346
306 341 367 398 81
1098 339 1398 396 REGULi-E
1441 338 1865 399 PASTORALIS
1909 337 2134 393 LIBER.
2176 367 2244 378 —-
2283 334 2457 393 PARS
2497 335 2805 394 TERTIA.‘
3504 326 3579 387 82

309 456 581 514 tabilitatis
612 471 742 510 aura
777 472 879 513 non
918 472 1136 514 moveor
1156 498 1171 526 ,
1203 459 1327 529 quia
1359 458 1593 514 levitatis
1619 458 1748 513 vitio
1780 473 1885 514 non
1912 456 1969 517 Δ
1993 457 2047 509 in
2073 458 2261 510 honore
2275 455 2445 526 aliqua
2460 455 2527 507 ad
2546 454 2868 508 saturitatem
2890 451 3061 507 carnis
3090 451 3313 522 (Coloss.
3355 464 3423 517 ιι,
3456 449 3573 511 25).

307 551 611 608 succumbo.

701 641 926 697 CAPUT
959 640 1078 696 XIX
1111 641 1219 715 [ΑΙ.
1248 638 1493 711 XLIII].

305 756 575 821 Quomodo
647 756 956 810 admonendi
1018 755 1105 823 qui
1167 755 1624 820 intemperantius,
1691 764 1738 809 et
1806 759 1893 826 qui

797 828 1001 895 parcius
1024 826 1136 881 cibo
1161 836 1388 880 utuntur.

370 920 698 988 (Admonitio
726 918 842 989 20.)
873 919 1047 974 Aliter
1068 919 1391 974 admonendi
1408 920 1679 989 suntgulae
1699 919 1889 983 dediti,

300 1025 462 1083 atque
491 1016 649 1069 aliter
679 1016 1032 1070 abstinentes.
1060 1015 1185 1069 Illos
1206 1016 1347 1070 enim
1374 1014 1718 1084 superﬂuitas
1744 1014 1891 1069 locu-

301 1107 488 1173 tionis,
520 1108 709 1162 levitas
739 1108 939 1178 operis,
977 1116 1138 1177 atque
1166 1106 1374 1161 luxuria
1400 1124 1414 1173 ;
1466 1108 1596 1162 istos
1627 1122 1758 1162 vero
1789 1121 1891 1162 sa:-

301 1214 366 1269 pe
388 1199 759 1268 impatientia,
787 1213 931 1267 scepe
953 1213 1082 1253 vero
1103 1197 1373 1266 superbiae
1398 1199 1553 1268 culpa
1576 1199 1882 1269 comitatur.

298 1293 410 1348 Nisi
441 1293 587 1347 enim
616 1292 755 1359 gula:
780 1289 987 1345 deditos
1018 1291 1370 1345 immoderata
1394 1288 1690 1360 loquacitas
1718 1305 1881 1360 rape-

304 1396 413 1452 ret,
446 1386 596 1440 dives
626 1385 718 1440 ille
747 1384 835 1455 qui
880 1385 1125 1453 epulatus
1154 1384 1404 1453 quotidie'
1423 1383 1619 1439 dicitur
1647 1384 1888 1453 splendi-

304 1477 370 1531 de
414 1477 470 1530 in
524 1476 700 1544 lingua
753 1474 966 1546 gravius
1022 1490 1127 1528 non
1174 1474 1422 1536 arderet,
1476 1471 1888 1528 dicens:Pater

308 1567 586 1632 Abraham,
619 1568 856 1620 miserere
889 1565 1018 1632 mei,
1041 1574 1087 1619 et
1117 1569 1257 1619 mitte
1289 1564 1563 1630 Lazarum,
1591 1573 1643 1618 ut
1667 1564 1887 1635 intingat

302 1672 580 1715 extremum
609 1660 755 1730 digiti
786 1660 866 1713 sui
894 1660 946 1713 in
985 1675 1203 1730 aquam,
1251 1668 1303 1713 ut
1347 1660 1609 1729 refrigeret
1655 1660 1884 1730 linguam

301 1771 484 1820 meam,
507 1754 629 1824 quia
658 1754 858 1807 crucior
893 1754 947 1807 in
992 1754 1089 1807 hac
1134 1756 1341 1821 ﬂamma
1390 1752 1549 1823 (Luc.
1588 1770 1694 1819 xu,
1749 1754 1817 1809 24
1838 1754 1877 1824 ).

1998 549 2109 618 Qua
2136 550 2188 603 in
2221 565 2278 604 re
2325 548 2615 604 notandum
2660 556 2744 603 est
2812 548 3038 616 quodin
3082 546 3441 614 distiutatione
3479 560 3579 600 sua

1998 643 2318 711 praedicator
2335 642 2582 713 egregius
2604 640 2975 712 superstitioni
3001 639 3320 695 humilitatis
3343 639 3579 708 speciem

1989 734 2182 805 jungit,
2237 735 2359 803 quia
2387 733 2515 787 dum
2552 732 2670 802 plus
2701 746 2860 799 quam
2891 744 3114 786 necesse
3141 737 3224 784 est
3272 744 3367 798 per
3392 727 3581 784 'absti-

1996 829 2230 882 nentiam
2254 842 2380 881 caro
2434 827 2701 892 atteritur,
2753 824 3027 881 humilitas
3077 825 3206 879 loris
3252 824 3577 886 ostenditur.

1993 920 2085 976 sed
2112 921 2179 975 de
2209 919 2307 974 hac
2338 920 2451 988 ipsa
2484 920 2776 973 humilitate
2801 920 3037 989 graviter
3063 917 3288 974 interius
3331 915 3579 983 superbi-

1993 1023 2098 1068 tur.
2158 1013 2223 1068 Et
2253 1012 2357 1068 nisi
2405 1014 2692 1082 aliquando
2736 1028 2886 1067 mens
2916 1028 2980 1067 ex
3017 1012 3355 1068 abstinentia:
3385 1010 3580 1065 virtute

1995 1114 2341 1169 tumesceret,
2367 1119 2701 1175 nequaquam
2738 1103 2873 1158 hanc
2905 1105 3052 1159 velut
3083 1104 3223 1160 inter
3250 1116 3441 1173 magna
3468 1116 3580 1155 me-

1991 1201 2092 1257 rita
2118 1200 2418 1255 Pbarisazus
2440 1215 2697 1270 arrogans
2718 1199 2960 1253 studiose
2989 1204 3319 1258 numeraret,
3348 1195 3533 1249 dicens
3563 1213 3577 1248 :

1989 1292 2181 1366 Jejuno
2207 1294 2281 1347 bis
2316 1294 2370 1347 in
2394 1294 2601 1346 sabbato
2646 1291 2803 1361 (Luc.
2840 1305 3000 1358 xvm,
3057 1288 3183 1360 1'2).
3233 1284 3575 1343 Adtnonendi

1994 1403 2122 1456 ergo
2150 1395 2275 1441 sunt
2304 1386 2443 1456 gula:
2464 1384 2653 1453 dediti,
2689 1400 2753 1439 ne
2784 1384 2921 1439 ineo
2952 1382 3094 1453 quod
3143 1396 3387 1438 escarum
3420 1378 3574 1434 dele-

1990 1478 2205 1533 ctationi
2232 1478 2506 1542 incubant,
2532 1478 2757 1532 luxuria:
2775 1490 2833 1531 se
2856 1489 3117 1529 mucrone
3143 1472 3489 1540 transﬁgant;
3521 1476 3577 1523 et

1989 1583 2185 1644 quanta
2210 1572 2309 1627 sibi
2357 1587 2450 1641 per
2481 1586 2630 1626 esum
2676 1569 3003 1641 loquacitas,
3041 1575 3237 1639 quanta
3269 1565 3465 1620 mentis
3496 1562 3576 1618 le-

1994 1670 2130 1721 vitas
2178 1665 2483 1729 iusidietur,
2531 1665 2834 1734 aspiciant,
2886 1678 2953 1717 ne
2981 1662 3107 1717 dum
3140 1659 3310 1716 ventri
3340 1657 3574 1712 molliter

1986 1760 2253 1823 serviunt,
2305 1757 2557 1813 vitiormn
2608 1757 2811 1827 laqueis
2849 1754 3140 1811 crudeliter
3181 1751 3571 1821 astringantur.

296 1848 504 1913 Quibus
558 1840 797 1916 profecto
848 1845 1026 1900 verbis
1081 1846 1380 1901 ostenditur
1443 1847 1565 1915 quia
1612 1846 1877 1915 epulando
1906 1865 1953 1925 Β
1990 1850 2162 1905 Tanto
2203 1850 2345 1904 enim
2392 1849 2601 1918 longius
2652 1863 2681 1901 a
2728 1846 2964 1902 secundo
3013 1851 3235 1914 parente
3274 1840 3569 1905 receditur,

296 1938 539 2008 quotidie
560 1938 801 1994 crebrius
832 1937 885 1991 in
917 1937 1092 2007 lingua
1126 1947 1463 2006 peccaverat,
1498 1938 1586 2009 qui
1620 1947 1760 1993 totus
1789 1952 1878 1993 ar-

296 2029 430 2085 dens
446 2027 754 2097 relrigerari
770 2044 829 2083 se
849 2030 1116 2098 praecipue
1136 2030 1187 2083 in
1211 2030 1386 2099 lingua
1402 2032 1727 2101 requirebat.
1752 2031 1881 2085 Itur-

296 2136 412 2176 sum
434 2122 559 2189 quia
584 2122 720 2189 gulis
742 2122 950 2176 deditos
964 2122 1149 2177 levitas
1165 2123 1600 2192 protinusnperis
1612 2124 1875 2191 sequitur,

295 2214 585 2270 auctoritas
606 2230 755 2268 sacra
781 2223 1024 2279 testatur,
1049 2217 1232 2270 dicens
1259 2234 1270 2269 :
1299 2218 1442 2271 Sedit
1473 2220 1693 2287 populus
1723 2234 1875 2270 man-

298 2309 490 2361 ducare
507 2317 552 2360 et
570 2307 757 2372 bibere,
777 2320 825 2362 et
846 2322 1176 2363 surrexerunt
1190 2310 1365 2363 ludere
1386 2310 1578 2379 (Exod.
1604 2327 1774 2380 χχχιι,
1795 2308 1873 2379 6).

294 2400 439 2468 Quos
472 2401 789 2471 plerumque
839 2402 1077 2457 edacitas
1126 2418 1298 2472 usque
1329 2404 1393 2457 ad
1444 2405 1708 2459 luxuriam
1759 2421 1878 2474 per-

294 2492 482 2557 traltit,
516 2494 641 2563 quia
670 2494 798 2549 dum
841 2495 1089 2551 satietate
1118 2506 1306 2551 venter
1333 2499 1659 2564 extenditur,
1705 2499 1875 2553 aculei

294 2587 527 2643 libidinis
558 2590 880 2645 excitantur.
912 2590 1143 2646 Undeet
1172 2592 1307 2646 hosti
1334 2593 1526 2647 callido
1546 2634 1562 2658 ,
1596 2594 1685 2663 qui
1720 2594 1876 2662 primi

294 2680 527 2734 hominis
555 2698 771 2736 sellslllll
804 2682 856 2737 in
880 2685 1315 2753 concupiscentia
1344 2686 1486 2753 pomi
1518 2688 1753 2753 aperuit,
1781 2688 1876 2742 sed

293 2770 343 2825 in
369 2772 572 2840 peccati
604 2773 796 2842 laqueo
828 2775 1061 2840 strinxit,
1115 2776 1291 2831 divina
1338 2792 1467 2831 voce
1522 2778 1878 2833 dicitur:Pe—

292 2879 428 2920 ctare
459 2878 508 2920 et
536 2880 704 2922 ventre
727 2887 869 2939 repes
902 2868 1055 2940 (Gen.
1087 2886 1169 2936 ιιι,
1205 2872 1320 2941 14),
1346 2889 1409 2927 ac
1433 2873 1478 2927 si
1508 2874 1554 2927 ei
1583 2882 1766 2943 aperte
1797 2875 1877 2929 di-

290 2970 507 3015 ceretur
530 2978 545 3015 :
569 2962 980 3032 Cogitationeet
1024 2965 1259 3034 ingluvie
1288 2980 1449 3031 super
1492 2968 1721 3021 humana
1752 2984 1875 3022 cor-

290 3050 355 3104 da
385 3051 769 3109 dominaberis.
805 3058 937 3122 Qu'a
970 3058 1104 3125 gula:
1132 3059 1339 3113 deditos
1364 3060 1575 3114 luxuria
1602 3062 1871 3132 sequitur,

288 3143 549 3211 prepheta
585 3153 821 3212 testatur,
870 3148 957 3217 qui
1010 3149 1137 3203 dum
1187 3160 1367 3218 aperta
1402 3162 1619 3217 narrat,
1668 3155 1872 3209 occulta

1984 1950 2186 2013 quanto
2218 1957 2311 2009 per
2362 1939 2776 1996 immoderatum
2809 1953 2959 1993 usum
3004 1937 3131 1993 dum
3174 1949 3364 1991 manus
3406 1934 3471 1987 ad
3496 1934 3571 1988 ei-

1987 2036 2113 2090 bum
2163 2034 2419 2098 tenditur,
2477 2030 2712 2101 pareutis
2771 2028 2929 2099 primi
2979 2027 3161 2097 lapsus
3215 2026 3455 2080 iteratur.
3501 2026 3572 2077 At

1983 2137 2167 2183 contra
2197 2126 2523 2181 admonendi
2548 2133 2674 2179 sunt
2705 2121 3063 2187 abstinentes,
3090 2127 3150 2173 ut
3170 2116 3400 2173 sollicite
3429 2129 3569 2170 sem-

1984 2237 2078 2287 per
2106 2221 2367 2289 aspiciaut
2387 2261 2400 2284 ,
2434 2234 2499 2273 ne
2524 2234 2644 2273 cum
2673 2216 2812 2286 gula:
2842 2215 3028 2269 vitium
3063 2212 3270 2283 fugiunt
3291 2250 3306 2276 ,
3360 2208 3571 2264 acriora

1983 2314 2067 2367 his
2099 2314 2225 2367 vitia
2275 2310 2429 2383 quasi
2457 2326 2520 2366 ex
2551 2312 2747 2365 virtute
2776 2318 3138 2380 generentur;
3175 2320 3243 2360 ne
3289 2303 3416 2359 dum
3448 2316 3570 2356 ear-

1985 2422 2106 2460 nem
2130 2412 2423 2470 macerant,
2456 2403 2523 2458 ad
2555 2401 2946 2471 impatientiam
2993 2396 3216 2468 Spiritus
3243 2403 3525 2463 erumpant
3552 2411 3565 2446 :

1983 2511 2036 2555 et
2061 2501 2202 2554 nulla
2231 2500 2340 2569 jam
2374 2486 2542 2553 virtus
2567 2496 2800 2567 sitquod
2828 2510 2957 2551 caro
2989 2491 3243 2557 vincitur,
3276 2489 3320 2545 si
3347 2490 3569 2559 spiritus

1983 2594 2050 2647 ab
2082 2594 2157 2648 ira
2204 2602 2513 2662 superatur.
2570 2589 2873 2661 Aliquando
2899 2596 3078 2644 autem
3109 2587 3236 2641 dum
3268 2598 3419 2640 mens
3448 2584 3570 2639 abs-

1986 2686 2264 2741 tinentium
2296 2687 2363 2740 ab
2391 2685 2467 2739 ira
2516 2698 2576 2739 se
2603 2682 2883 2753 deprimit,
2917 2681 3055 2737 hanc
3084 2678 3239 2750 quasi
3289 2676 3570 2747 peregrina

1984 2782 2207 2838 veniens
2238 2780 2423 2835 laetitia
2468 2778 2767 2853 corrumpit
2789 2819 2803 2843 ,
2835 2786 2888 2832 et
2915 2792 2981 2831 eo
3001 2774 3342 2830 abstinentia:
3366 2771 3569 2827 bonum

1983 2873 2227 2944 deperit.
2261 2888 2369 2944 quo
2411 2888 2531 2928 sese
2566 2888 2596 2927 a
2642 2872 2972 2943 spiritalibus
3022 2869 3167 2923 vitiis
3213 2866 3433 2939 minime
3470 2880 3567 2920 cu-

1984 2968 2167 3023 stodit.
2194 2965 2349 3020 Unde
2376 2976 2521 3020 recte
2559 2980 2653 3035 per
2678 2964 2989 3035 prophetam
3026 2961 3221 3029 dicitur
3247 2976 3261 3013 :
3288 2956 3356 3012 In
3392 2957 3570 3011 diebus

1975 3062 2300 3133 jejuniorum
2348 3071 2631 3114 vestrorum
2687 3061 3015 3114 inveniuntur
3063 3059 3349 3113 voluntates
3392 3064 3571 3109 vestrae

1986 3151 2139 3221 (lsui.
2166 3168 2312 3217 Lvttt,
2332 3150 2385 3215 5,
2414 3167 2516 3205 sec.
2545 3150 2739 3221 LXX).
2768 3152 2834 3205 Et
2859 3152 3015 3221 paulo
3036 3161 3153 3220 post
3174 3167 3187 3205 :
3208 3148 3275 3202 In
3294 3148 3569 3224 judiciaet

290 3235 597 3301 denuntiat,
644 3238 829 3293 dicens
856 3257 868 3293 :
899 3239 1147 3311 Princeps
1200 3258 1438 3296 cocorum
1467 3244 1719 3298 destruxit
1762 3264 1875 3299 mu-
1904 3264 1951 3327 ρ
1984 3248 2124 3301 rixas
2140 3248 2411 3319 jejunatis,
2443 3256 2491 3302 et
2517 3247 2781 3315 percutitis
2813 3246 2999 3316 pugnis
3030 3244 3219 3315 (lbid.)
3255 3251 3281 3279 ι
3308 3240 3567 3297 Voluntas

290 3345 371 3381 ros
401 3326 691 3383 Jerusalem
721 3333 856 3397 (Jer.
904 3348 1064 3387 χχχιχ
1088 3375 1100 3397 ,
1125 3335 1191 3400 9;
1223 3334 1303 3387 IV
1334 3333 1460 3406 Reg.
1493 3353 1618 3404 xxv,
1646 3338 1742 3402 lO,
1770 3356 1870 3395 sec.

293 3417 487 3488 LXX).
522 3421 774 3488 Princeps
818 3438 1045 3491 namque
1076 3440 1328 3478 cocorum
1374 3437 1562 3480 venter
1591 3438 1673 3481 est
1705 3428 1873 3499 (Dist.

294 3511 381 3575 Η,
415 3512 605 3581 initio),
637 3516 720 3567 cui
756 3532 942 3584 inagna
965 3530 1090 3569 cura
1120 3515 1434 3587 obsequium
1462 3534 1490 3571 a
1514 3520 1656 3573 cocis
1679 3520 1881 3588 impen-

258 3604 458 3691 .ditur,
518 3614 574 3658 ut
628 3607 741 3675 ipse
790 3609 1176 3665 delectabiliter
1229 3610 1359 3664 cibis
1401 3611 1709 3681 impleatur.
1743 3614 1879 3669 Muri

301 3706 471 3750 autem
502 3697 802 3754 Jerusalem
828 3705 1049 3756 virtutes
1071 3712 1197 3756 sunt
1222 3701 1438 3769 animae,
1461 3703 1528 3757 ad
1549 3704 1880 3762 desiderium

296 3802 541 3856 superna:
562 3792 707 3857 pacis
731 3794 978 3848 elevatae.
1008 3796 1270 3851 (locorum
1301 3798 1463 3867 igitur
1485 3800 1739 3869 princeps
1767 3816 1880 3856 mu-

295 3895 387 3933 ros
416 3880 708 3937 Jerusalem
739 3883 920 3952 dejicit
943 3904 956 3951 ;
982 3888 1105 3955 quia
1136 3886 1261 3941 dum
1297 3898 1485 3943 venter
1513 3889 1750 3958 ingluvie
1781 3906 1878 3945 ex-

296 3974 552 4035 tenditur,
587 3976 811 4031 virtutes
842 3978 1037 4034 anima:
1069 3995 1164 4049 per
1194 3982 1465 4035 luxuriam
1491 3981 1870 4039 destruuntur.

366 4068 478 4138 62
506 4069 619 4134 Quo
646 4082 832 4125 contra
863 4073 963 4127 nisi
994 4085 1199 4129 mentes
1226 4077 1608 4131 abstinentiam
1644 4077 1881 4145 plerum-

294 4177 401 4228 que
431 4164 759 4230 impatientia
802 4182 831 4219 a
862 4168 982 4221 sinu
1016 4170 1417 4238 tranquillitatis
1444 4182 1741 4237 excuteret,
1790 4188 1882 4227 ne-

292 4270 560 4326 quaquam
591 4258 776 4313 Petrus
804 4275 925 4314 eum
957 4262 1158 4316 diceret
1184 4280 1198 4316 :
1228 4261 1522 4317 Ministrate
1566 4266 1618 4317 in
1663 4266 1765 4332 ﬁde
1806 4282 1885 4320 ve-

291 4359 404 4400 stra
432 4349 667 4404 virtutem
687 4393 702 4416 ,
749 4354 801 4405 in
832 4355 1014 4406 virtute
1051 4363 1222 4408 autem
1243 4356 1535 4423 scientiam,
1570 4357 1623 4410 in
1669 4357 1882 4411 scientia

296 4452 467 4496 autem
498 4444 860 4499 abstinentiam
883 4445 967 4519 (ΙΙ
1006 4445 1151 4502 Petr.
1178 4464 1213 4513 ι,
1246 4447 1337 4518 Si);
1373 4452 1615 4519 protinus
1657 4449 1883 4520 vigilan-

298 4546 380 4589 ter
408 4536 743 4604 adiungeret,
773 4540 956 4594 diceus
981 4556 995 4592 :
1029 4538 1096 4592 In
1137 4542 1449 4594 abstinentia
1477 4552 1646 4595 autent
1678 4542 1879 4611 patien-

1982 3339 2178 3408 quippe
2204 3340 2269 3391 ad
2300 3338 2540 3392 laetitiam
2574 3339 2827 3406 pertinet,
2864 3351 3068 3406 pugnus
3098 3336 3163 3388 ad
3196 3336 3351 3389 iram.
3389 3333 3569 3388 Incas-

1982 3445 2099 3484 sum
2124 3446 2253 3501 crgo
2286 3445 2377 3498 per
2405 3429 2786 3483 abstinentiam
2811 3443 3009 3495 corpus
3039 3426 3319 3491 atteritur,
3348 3425 3393 3478 si
3424 3424 3570 3479 inor-

1982 3520 2179 3575 diuatis
2205 3520 2429 3575 dimissa
2463 3520 2697 3575 motibus
2722 3534 2875 3574 mens
2902 3517 3045 3574 vitiis
3084 3518 3402 3586 dissipatur.
3432 3516 3570 3569 Rur-

1983 3629 2210 3681 sumque
2257 3613 2578 3668 admonendi
2612 3622 2760 3678 sunt,
2793 3621 2852 3666 ut
2881 3611 3263 3666 abstinentiam
3314 3623 3464 3664 suam
3516 3618 3571 3663 et

1984 3726 2199 3780 semper
2247 3712 2362 3764 sine
2417 3709 2787 3765 imminutione
2850 3707 3155 3762 custodiant
3206 3712 3262 3760 et
3294 3719 3564 3773 nunquam

1986 3806 2124 3858 hanc
2147 3803 2287 3873 apud
2310 3803 2576 3858 occultum
2598 3801 2833 3871 judicent
2857 3800 3073 3856 eximite
3097 3797 3303 3853 virtutis
3325 3797 3568 3859 credant,

1985 3913 2055 3952 ne
2086 3897 2130 3951 si
2160 3896 2390 3951 fortasse
2422 3893 2597 3964 magni
2625 3909 2747 3949 esse
2778 3894 2954 3948 meriti
2983 3892 3237 3955 creditur,
3264 3906 3358 3946 cor
3386 3890 3437 3944 itt
3462 3888 3571 3943 cla-

1988 3991 2185 4045 tionem
2220 3989 2548 4043 sublevetur.
2583 3987 2719 4041 ilinc
2750 4001 2980 4055 namque
3012 4000 3108 4053 per
3140 3983 3459 4053 prophetam
3488 3980 3573 4032 di-

1987 4083 2128 4137 citur
2157 4100 2171 4137 :
2205 4080 2459 4150 Nunquid
2511 4081 2610 4133 tale
2652 4088 2725 4132 est
2768 4079 3031 4149 jejunium
3083 4076 3219 4146 quod
3250 4074 3417 4145 elegi?
3466 4071 3574 4128 Sed

1988 4178 2169 4244 [range
2193 4174 2437 4229 esurienti
2458 4189 2641 4241 panem
2671 4181 2842 4235 tnuut,
2880 4180 2927 4224 et
2965 4186 3147 4241 egenos
3181 4183 3435 4239 rugasque
3478 4167 3566 4220 in-

1987 4269 2085 4321 duc
2112 4268 2165 4321 in
2193 4267 2399 4320 domum
2430 4275 2570 4319 tuam
2600 4263 2789 4335 (lbid.,
2816 4262 2892 4333 5).

2058 4360 2170 4426 Qua
2243 4361 2293 4414 in
2347 4375 2405 4413 re
2457 4356 2785 4426 pensandum
2854 4364 2937 4411 est
3003 4354 3171 4409 virtus
3236 4350 3574 4407 abstinentia:

1988 4470 2149 4525 quant
2180 4467 2343 4522 parva
2368 4452 2675 4519 reSpicitur,
2707 4466 2825 4518 quae
2860 4448 3074 4504 nonnisi
3118 4462 3184 4500 ex
3214 4444 3334 4500 aliis
3367 4442 3574 4497 virtuti-

1944 4612 1947 4615 γ
1991 4550 2089 4603 bus
2119 4546 2547 4623 couttttendatur.
2581 4545 2718 4599 Hinc
2758 4543 2871 4599 Joel
2914 4543 2982 4597 ait
3012 4560 3025 4595 :
3059 4541 3393 4604 Sanctiﬁcate
3427 4536 3574 4606 jeju-

298 4631 438 4680 tiam.
480 4628 677 4683 Deesse
700 4631 901 4701 quippe
942 4629 1334 4686 abstinentibus
1387 4633 1697 4701 patientiam
1748 4649 1881 4701 pra:-

1990 4643 2151 4697 niutn.
2206 4640 2473 4709 Jejuuium
2530 4639 2728 4707 quippe
2776 4636 3150 4695 sanctiﬁcare,
3180 4641 3263 4685 est
3305 4629 3577 4697 adjunctis

298 4724 453 4789 vidit,
485 4740 603 4791 qua:
636 4725 717 4778 eis
748 4735 804 4779 ut
831 4726 1043 4781 adesset
1075 4726 1374 4781 admonuit.
1404 4726 1635 4780 Rursum
1665 4727 1764 4780 nisi
1791 4742 1880 4782 co-

295 4816 588 4886 gitationes
616 4818 997 4872 abstinentiam
1044 4834 1423 4889 nonnunquam
1475 4819 1740 4887 superbia:
1770 4820 1885 4875 cul-

297 4925 360 4977 pa
409 4909 780 4978 trattsligerel,
830 4911 1022 4966 Paulus
1074 4913 1297 4968 minime
1343 4913 1737 4980 dixisset:Qui
1784 4932 1885 4969 non

295 5004 601 5070 manducat,
647 5005 1041 5060 manducantem
1084 5024 1184 5060 non
1199 5008 1401 5080 judicet
1432 5006 1623 5078 (liom.
1660 5024 1764 5063 xw.
1794 5008 1883 5079 5).

295 5095 399 5163 Qui
432 5112 646 5151 rursum
680 5097 745 5152 ad
777 5099 913 5152 alios
967 5100 1212 5169 loquens,
1259 5101 1386 5154 dum
1432 5100 1499 5156 de
1548 5100 1887 5157 abstinentiae

296 5188 498 5244 virtute
521 5190 865 5259 gloriantium
890 5202 1153 5263 praecepta
1179 5193 1581 5263 perStringeret,
1608 5194 1884 5263 adiunxit:

300 5284 435 5347 Quae
460 5292 581 5335 sunt
607 5286 858 5338 rationem
878 5288 1084 5355 quidem
1106 5286 1341 5340 habentia
1358 5289 1625 5353 sapientia:
1643 5290 1699 5343 in
1721 5305 1889 5359 super—

294 5373 501 5427 stitione
518 5384 565 5429 et
577 5377 892 5444 humilitate,
917 5388 1079 5433 etnon
1102 5381 1171 5433 ad
1190 5382 1509 5447 parcendum
1527 5384 1755 5454 corpori,
1780 5398 1889 5436 non

377 5567 401 5595 ⁸
434 5557 616 5622 Trec.,
653 5557 868 5613 Carnot.
915 5562 1117 5629 primus
1143 5572 1197 5617 et
1226 5561 1373 5617 Belv.
1397 5604 1410 5624 ,
1443 5579 1471 5617 a
1500 5564 1667 5631 prima
1698 5577 1887 5623 manu.

292 5630 559 5703 voluptas.
609 5632 944 5687 lletinuitnus
994 5632 1262 5693 voluntas.
1310 5635 1450 5703 quod
1503 5630 1769 5688 referatur
1823 5632 1889 5685 ad

301 5706 485 5756 locum
521 5702 699 5765 Isaiae,
733 5704 781 5754 in
812 5718 916 5770 quo
961 5706 1151 5772 legitur
1177 5708 1458 5759 voluntates
1484 5714 1677 5758 vestrm.
1709 5705 1889 5769 Quan-

338 5788 465 5828 uam
517 5774 567 5826 in
601 5774 854 5828 'l'recensi
900 5775 1169 5841 legamus,
1202 5778 1500 5842 voluptates.
1534 5781 1601 5829 At
1645 5776 1696 5827 in
1727 5776 1888 5829 liebr.

321 5849 456 5901 ‘onte
498 5852 553 5900 et
585 5846 636 5898 in
684 5846 1031 5901 translatione
1080 5849 1413 5915 ερῃιιιςιεὶιιιςι
1455 5849 1650 5915 luterp.
1697 5863 1759 5901 ex
1791 5862 1894 5915 qua

1992 4734 2109 4788 aliis
2126 4734 2283 4788 bonis
2305 4733 2520 4803 dignam
2543 4731 2654 4787 Deo
2674 4730 3048 4786 abstinentiam
3070 4725 3247 4779 carnis
3267 4722 3574 4778 ostendere.

1996 4826 2331 4882 Admonendi
2363 4836 2483 4880 sunt
2511 4824 2866 4885 abstinentes,
2901 4828 2958 4873 ut
3005 4816 3254 4870 noverint
3296 4817 3416 4882 quia
3452 4823 3578 4867 tunc

1997 4922 2291 4987 placentem
2339 4916 2450 4971 Deo
2492 4914 2865 4969 abstinentiam
2914 4909 3174 4972 oll‘erunt,
3225 4909 3332 4977 63
3363 4922 3481 4960 cum
3515 4920 3579 4960 ea

1995 5027 2114 5081 qua:
2143 5009 2247 5066 sibi
2278 5009 2345 5063 de
2392 5008 2661 5061 alimentis
2689 5003 3046 5066 subtrahunt,
3078 4999 3436 5069 indigentibus
3469 4998 3579 5049 lar-

1997 5103 2233 5172 giuntur.
2268 5101 2506 5154 Solerter
2534 5110 2765 5163 namque
2794 5095 3118 5149 audiendum
3149 5102 3264 5156 est,
3296 5089 3437 5160 quod
3484 5102 3581 5157 per

1994 5193 2306 5263 prophetam
2350 5188 2606 5245 Dominus
2635 5189 2939 5259 redarguit,
2972 5190 3157 5246 dicens
3185 5208 3197 5244 :
3225 5190 3351 5246 Cum
3374 5191 3582 5260 jejuna-

1994 5288 2181 5341 naretis
2210 5296 2255 5338 et
2279 5282 2586 5353 plangeretis
2614 5282 2667 5337 in
2690 5284 2869 5354 quinto
2891 5295 2938 5337 et
2966 5285 3022 5336 in
3048 5285 3260 5355 septimo
3290 5300 3461 5337 mense
3490 5299 3582 5353 per

1996 5379 2086 5432 hos
2132 5378 2452 5446 septuaginta
2480 5393 2678 5445 annos,
2730 5379 2962 5449 nunquid
3000 5378 3261 5447 jejunium
3304 5377 3583 5448 jejunustis

1999 5562 2349 5617 dte-sumuntur
2395 5564 2603 5618 laudata
2644 5562 2837 5622 verba.
2892 5562 3082 5630 legitur
3122 5562 3354 5614 voluntas
3383 5574 3471 5614 aut
3505 5576 3584 5613 ro-

1999 5636 2237 5687 luntutes.
2292 5634 2345 5687 In
2384 5630 2721 5689 versionibus
2767 5632 2982 5704 Syriaca
3018 5641 3071 5685 et
3121 5633 3343 5704 Arabica
3386 5632 3583 5704 habes,

2001 5706 2364 5779 cupiditatibus
2413 5707 2719 5779 indulgetis,
2753 5702 3059 5779 cupiditates
3087 5703 3339 5779 quiet-itis.
3385 5702 3582 5779 Verum

2005 5776 2084 5829 hic
2109 5792 2161 5829 c:
2175 5777 2414 5847 piditates
2438 5795 2540 5831 non
2564 5775 2788 5847 possunt
2810 5777 3115 5843 signiﬁcare
3141 5776 3456 5834 voluntates;
3486 5775 3582 5833 sed

1996 5854 2266 5919 propriam
2294 5851 2642 5905 voluntatem.
