4036 6346
556 353 626 409 35
1741 351 1982 408 ssnon
2022 353 2346 412 cuneatur
2385 358 2592 416 MAGNI
3759 375 3822 431 ss

556 467 722 520 mihi?
769 464 835 519 Et
884 473 996 519 cum
1049 472 1072 498 (ι
1098 464 1392 518 comedistis
1429 474 1475 518 et
1506 465 1718 533 bibistis,
1755 470 1987 537 nunquid
2036 487 2140 525 non
2163 473 2218 532 Α
2241 472 2564 528 subsistunt.
2597 476 2930 535 Admoncndi
2964 494 3088 537 sunt
3118 485 3275 555 igitur
3303 504 3390 558 qm
3408 504 3520 560 1am
3550 505 3669 561 qum
3702 509 3814 564 pos.

554 559 920 628 robismetipsis
999 558 1306 621 comedistis,
1385 569 1431 612 et
1499 558 1873 621 vebismetipsis
1944 561 2136 617 bibistis

2244 563 2424 619 sident
2452 568 2870 627 misericorditer
2895 575 3165 645 tribuunt,
3201 592 3256 632 ιιι
3287 596 3315 634 a
3340 585 3548 638 caelesti
3594 563 3817 645 Domino

558 653 752 723 (Zach.
799 669 900 718 vn,
945 654 979 710 5
1013 651 1198 725 ,εφη
1248 651 1365 709 Non
1407 654 1684 723 enimDeo,
1716 659 1811 713 sed
1843 659 1942 714 sibi
1993 660 2141 729 quis-
2240 654 2641 724 dispensatores
2673 675 2732 716 se
2781 663 2985 732 positos
3041 667 3399 727 subsidiorum
3443 681 3814 746 temporalium

554 760 658 814 que
678 745 917 815 jejunat,
950 748 995 800 sl
1023 759 1087 800 ea
1140 760 1260 816 qua:
1307 745 1484 800 ventri
1512 747 1579 801 ad
1604 756 1814 818 tempus
1843 749 2134 816 subtrahit,

2239 760 2563 819 agnoscant;
2595 761 2648 806 et
2690 762 2839 809 tanto
2870 758 3144 814 humiliter
3181 765 3455 832 praebeant
3482 813 3495 834 ,
3541 783 3741 839 quanto
3767 787 3816 832 et

554 853 661 892 non
729 837 913 906 egenis
967 836 1183 906 tribuit,
1237 836 1332 893 sed
1372 837 1546 895 ventri
1600 841 1940 910 postmodum
2006 841 2139 898 oti‘e-
2239 839 2414 894 aliena
2443 855 2565 897 esse
2602 844 2903 916 intelligunt
2935 861 3056 919 quae
3087 854 3415 923 dispensant.
3467 836 3710 932 Cumque
3765 869 3810 922 in

554 928 722 986 renda
743 928 997 986 custodit.

625 1025 810 1095 Itaque
831 1038 906 1080 ne
948 1031 1038 1081 aut
1061 1024 1183 1082 illos
1221 1026 1489 1095 appetitus
1519 1026 1658 1097 gulae
1684 1041 1713 1081 a
1745 1027 1938 1084 mentis
1985 1037 2129 1084 statu

555 1119 793 1190 dejiciat,
827 1129 919 1175 aut
947 1121 1078 1176 istos
1124 1120 1324 1176 afﬂicta
1353 1136 1480 1176 caro
1509 1137 1576 1176 ex
1609 1122 1840 1177 elatione
1873 1123 2133 1192 supplan-

557 1223 656 1280 tet,
687 1213 906 1269 audiant
924 1214 1004 1269 illi
1029 1228 1092 1269 ex
1124 1227 1218 1268 ore
1247 1213 1500 1269 Veritatis
1526 1231 1541 1268 :
1566 1214 1826 1269 Attendite
1852 1221 2021 1269 autem
2049 1229 2134 1268 vo-

556 1305 651 1372 bis,
675 1321 738 1359 ns
765 1305 894 1376 forte
919 1313 1192 1376 graventur
1212 1305 1369 1359 corda
1391 1315 1559 1360 vestra
1584 1306 1640 1359 in
1667 1307 1879 1376 crapula
1905 1315 1951 1360 et
1976 1306 2131 1360 ebrie-

555 1407 677 1465 tate,
710 1405 759 1453 et
787 1400 928 1452 euris
961 1398 1116 1470 hujus
1145 1398 1326 1453 mundi
1353 1397 1508 1469 (Luc.
1545 1413 1658 1464 ut,
1685 1399 1799 1468 5-1).
1850 1398 1949 1454 Ubi
1984 1399 2128 1454 utilis

555 1505 768 1562 quoque
799 1499 959 1560 pavor
1004 1491 1311 1562 adjungltur
1337 1509 1350 1544 :
1375 1490 1444 1546 Et
1489 1492 1808 1561 superveniat
1852 1493 1906 1544 in
1936 1507 2022 1544 vos
2052 1507 2130 1543 re-

551 1585 762 1655 pentina
791 1583 904 1638 dies
937 1583 1053 1639 illa.
1086 1582 1358 1654 Tanquam
1389 1585 1600 1653 laqueus
1631 1585 1762 1637 enim
1810 1583 2130 1652 superveniet

549 1675 602 1729 in
627 1683 819 1741 omnes,
844 1676 933 1745 qui
949 1677 1123 1729 sedent
1140 1691 1294 1743 super
1315 1676 1501 1745 faciem
1521 1676 1684 1729 omnis
1710 1685 1855 1730 terrae
1883 1674 2128 1750 (Ibidem,

547 1763 659 1835 55).
691 1765 926 1820 Audiant
949 1765 1039 1821 isti
1066 1783 1080 1820 :
1107 1764 1229 1820 Non
1275 1766 1411 1834 quod
1439 1765 1600 1820 intrat
1630 1767 1685 1820 in
1732 1783 1808 1831 es,
1840 1749 2130 1835 coiiiquinat

2243 929 2460 987 illorum
2503 933 2802 994 ministerio
2851 943 3044 1011 quibus
3095 959 3310 1019 accepta
3364 929 3660 1021 largiuntur
3707 961 3811 1031 6!.

2236 1028 2563 1083 constitutos
2593 1046 2653 1086 se
2694 1047 2818 1089 esse
2845 1039 3208 1107 considerant,
3263 1059 3599 1114 nequaquam
3631 1028 3811 1108 eorum

2236 1128 2444 1174 mentes
2471 1128 2652 1178 tumor
2697 1128 2963 1196 sublevet,
2994 1131 3086 1186 sed
3119 1134 3280 1188 timor
3327 1149 3549 1204 premat.
3588 1142 3738 1199 Unde
3765 1158 3813 1203 et

2236 1223 2460 1266 necesse
2504 1223 2588 1269 est
2635 1228 2691 1272 ut
2741 1220 2970 1277 sollicite
3014 1229 3346 1295 perpendant
3373 1227 3488 1287 dne
3531 1241 3811 1295 eorumis‘sa

2233 1301 2450 1372 indigne
2477 1307 2823 1378 distribuant;
2875 1331 2941 1372 ue
2982 1320 3223 1386 quantum
3269 1325 3461 1391 quibus
3514 1331 3694 1395 nulla,
3748 1349 3808 1389 ne

2237 1398 2380 1450 nulla
2409 1396 2602 1467 quibus
2630 1405 2906 1473 quaedam;
2953 1424 3020 1464 ne
3053 1413 3220 1467 multa
3271 1417 3466 1484 quibus
3512 1433 3678 1488 pauca
3701 1467 3714 1489 ,
3751 1433 3811 1482 tie

2235 1499 2402 1553 pauca
2427 1490 2696 1582 pra-beant
2724 1496 2918 1564 quibus
2941 1500 3254 1568 impendere
3285 1507 3449 1562 multa
3479 1509 3806 1582 debuerunt;

2235 1589 2304 1630 ne
2333 1579 2760 1648 praecipitatione
2797 1586 2896 1642 hoc
2925 1591 3067 1659 quod
3110 1593 3350 1650 tribuunt
3374 1597 3635 1656 inutiliter
3664 1579 3810 1674 spur;

2235 1676 2394 1736 gant;
2426 1684 2494 1724 ne
2525 1673 2773 1729 tarditate
2805 1687 3045 1744 petentes
3091 1686 3248 1740 noxio
3277 1689 3547 1758 crucient;
3579 1705 3645 1748 ne
3672 1673 3810 1751 reei-

2239 1759 2441 1825 piettda:
2491 1761 2578 1816 hie
2617 1768 2799 1832 gratia:
2851 1769 3076 1827 intentio
3123 1778 3406 1846 subrepat;
3458 1797 3528 1836 ne
3573 1783 3800 1842 dationis

548 1856 822 1924 hominem,
849 1858 938 1912 sed
975 1861 1110 1929 quod
1137 1860 1364 1929 procedit
1392 1875 1455 1912 ex
1483 1874 1590 1924 are,-
1621 1859 1915 1927 soinquinat
1959 1858 2124 1911 homi-

2241 1847 2415 1942 lumen
2474 1853 2646 1908 laudis
2705 1859 3020 1916 transitoria:
3065 1867 3318 1934 appetitio
3362 1872 3693 1942 exstinguat;
3741 1891 3804 1932 ne

549 1964 663 2003 nem
682 1949 1000 2019 (ﬂdtthV,
1037 1949 1150 2018 11).
1177 1949 1409 2005 Audiam
1428 1951 1502 2005 illi
1529 1969 1540 2002 :
1569 1950 1705 2004 Esca
1740 1952 1916 2016 ventri,
1947 1961 1996 2006 et
2026 1967 2134 2005 ven-

551 2052 627 2096 ter
647 2043 810 2107 escis;
833 2041 974 2096 Deus
1003 2049 1175 2096 autem
1199 2051 1247 2096 et
1269 2042 1404 2097 hunc
1423 2042 1450 2081 δ
1479 2054 1527 2097 et
1551 2045 1644 2097 has
1675 2044 1896 2098 destruet
1927 2043 1976 2115 (Ι
2009 2045 2127 2099 Cor.

548 2141 622 2200 νι,
649 2133 761 2204 15).
785 2125 850 2187 Et
867 2145 1080 2188 rursum
1107 2145 1118 2189 :
1149 2133 1271 2190 Non
1293 2136 1346 2190 in
1376 2136 1878 2190 commessationibus
1901 2146 1945 2190 et
1969 2137 2130 2190 ebrie-

547 2225 733 2280 tatibus
765 2226 956 2298 (Rom.
989 2241 1119 2295 xm,
1154 2229 1279 2299 15).
1331 2230 1399 2284 Et
1435 2245 1646 2285 rursum
1677 2244 1688 2287 :
1717 2230 1852 2283 Esca
1894 2246 1984 2283 nos
2028 2247 2129 2284 non

547 2319 865 2373 commendat
892 2317 1005 2374 Dee
1034 2321 1082 2389 (Ι
1115 2319 1356 2388 ϐσνΛιιιι,
1386 2321 1466 2391 8).
1491 2320 1724 2376 Audiant
1745 2321 1855 2386 isti,
1879 2323 1998 2390 quia
2028 2336 2130 2375 om-

550 2409 637 2462 nia
666 2411 860 2464 mund
900 2411 1140 2474 mundis;
1169 2413 1508 2482 coinquinatis
1547 2421 1719 2466 autem
1745 2422 1791 2467 et
1831 2412 2127 2479 inﬁdelibus

547 2501 681 2555 nihil
719 2511 796 2556 est
823 2504 1067 2557 mundum
1097 2502 1222 2576 [Tit.
1251 2519 1288 2571 ι,
1325 2504 1439 2574 15).
1489 2504 1722 2561 Audiant
1751 2504 1829 2559 illi
1859 2523 1873 2558 :
1901 2503 2128 2570 Quorum

547 2592 675 2646 slsus
701 2602 871 2647 venter
895 2602 989 2661 est,
1022 2605 1068 2649 et
1093 2595 1256 2665 gloria
1280 2597 1334 2649 in
1371 2597 1670 2668 confusione
1699 2598 1932 2668 ipsorum
1974 2595 2130 2670 (Phi-

546 2686 636 2756 lip.
666 2696 754 2753 ιιι,
800 2686 912 2758 19).
945 2687 1177 2742 Audiant
1206 2687 1290 2742 isti
1324 2705 1338 2743 :
1373 2687 1643 2743 Discedent
1694 2691 1903 2760 quidam
1946 2707 1979 2745 a
2024 2692 2128 2760 fide

546 2779 596 2849 (ι
631 2779 770 2834 Tim.
793 2794 876 2848 tv,
907 2781 971 2846 1,
1003 2779 1082 2851 5).
1117 2780 1184 2836 Et
1214 2781 1371 2850 paulo
1419 2790 1580 2850 post:
1610 2780 1999 2837 Probibentium
2029 2801 2122 2838 nu-

547 2873 680 2942 bere,
709 2873 960 2928 abstinere
984 2891 1017 2927 a
1045 2873 1190 2941 cibis,
1222 2890 1348 2943 quos
1375 2872 1513 2929 Deus
1535 2875 1720 2928 creavit
1754 2876 1824 2928 ad
1851 2876 2126 2947 percipien-

547 2967 668 3020 dum
697 2981 812 3022 cum
843 2969 1127 3040 gratiarum
1156 2967 1356 3022 actions
1383 2967 1620 3036 fidelibus
1644 2977 1690 3023 et
1718 2968 1796 3022 Itis
1821 2969 1911 3039 qui
1938 2985 2128 3041 cogno-

546 3070 722 3116 verunt
750 3063 1031 3117 ueritatem.
1061 3060 1294 3116 Audiant
1316 3061 1390 3116 illi
1415 3077 1428 3115 :
1453 3059 1654 3116 Bonum
1682 3073 1755 3116 est
1783 3079 1886 3118 non
1909 3064 2122 3118 mandu-

544 3171 660 3209 care
688 3156 914 3222 carnem,
945 3171 1110 3226 neque
1139 3155 1302 3210 bibere
1329 3156 1501 3209 vinum
1535 3175 1547 3210 :
1574 3173 1732 3227 neque
1759 3158 1812 3211 in
1840 3173 1938 3223 quo
1963 3162 2123 3223 frater

2237 1940 2471 1995 oblatum
2523 1959 2714 2000 munus
2770 1950 3053 2018 conjuncta
3101 1955 3315 2013 tristitia
3345 1940 3620 2029 obsideat;
3656 1980 3725 2020 e
3759 1967 3808 2023 in

2235 2029 2376 2086 bene
2402 2033 2586 2089 oblato
2625 2052 2845 2095 munere
2875 2042 3085 2099 animus
3118 2046 3235 2114 plus
3281 2064 3439 2118 quam
3470 2051 3627 2108 decet
3681 2056 3808 2111 bits-

2235 2132 2433 2192 rescat,
2468 2139 2534 2179 ne
2561 2125 2662 2181 sibi
2685 2129 2999 2200 quidquam,
3025 2150 3146 2189 eum
3173 2146 3340 2193 totum
3375 2151 3521 2198 recte
3550 2143 3808 2212 implere-

2234 2212 2360 2280 rint,
2396 2215 2650 2284 tribuant,
2679 2230 2732 2274 et
2761 2223 2921 2278 simul
2969 2228 3146 2282 omnia
3192 2240 3471 2299 postquam
3505 2238 3808 2304 peregerint

2233 2308 2477 2377 perdant.
2509 2311 2586 2367 Ne
2615 2315 2760 2368 enim
2791 2317 2889 2372 sibi
2924 2319 3165 2375 virtutem
3195 2337 3306 2378 sua:
3350 2323 3686 2382 liberalitatis
3716 2329 3806 2386 de-

2236 2412 2456 2470 putent,
2488 2405 2705 2460 audiant
2735 2409 2873 2475 quod
2903 2410 3158 2479 scriptum
3191 2423 3310 2468 est:
3338 2413 3397 2470 Si
3431 2417 3544 2486 quis
3590 2421 3806 2474 admini-

2231 2504 2380 2560 ιιι-αι,
2398 2504 2638 2566 tanquam
2652 2515 2714 2552 ea:
2729 2501 2914 2555 virtute
2927 2519 3080 2572 quant
3095 2506 3416 2561 administrat
3435 2508 3569 2564 Deus
3599 2513 3616 2577 (
3626 2509 3646 2562 Ι
3665 2509 3804 2568 Petr.

2232 2602 2305 2653 tv,
2359 2587 2471 2659 11).
2515 2588 2670 2645 Nein
2727 2591 3019 2648 benefactis
3071 2597 3468 2655 immoderatius
3517 2603 3804 2672 gaudeant,

2230 2677 2448 2734 audiant
2473 2681 2616 2750 quod
2642 2684 2900 2753 scriptum
2930 2697 3014 2741 est
3040 2705 3052 2741 :
3081 2687 3205 2742 Cum
3247 2693 3465 2762 feceritis
3499 2699 3669 2751 omnia
3697 2715 3803 2766 qua:

2231 2783 2483 2840 pi'wcepta
2525 2787 2642 2829 sunt
2687 2777 2856 2845 vobis,
2909 2781 3062 2835 dicite
3093 2798 3112 2836 .°
3142 2785 3286 2839 Servi
3345 2787 3553 2844 inutiles
3600 2807 3802 2862 sumus,

2229 2865 2366 2932 quod
2393 2865 2658 2920 debuimus
2680 2873 2886 2937 facere,
2921 2873 3176 2940 ﬁlccimus
3209 2874 3368 2944 (Luc.
3391 2895 3492 2932 xm
3517 2920 3531 2944 ,
3580 2881 3700 2949 10).
3735 2883 3802 2937 Ne

2229 2956 2529 3026 largitatem
2554 2961 2769 3015 tristitia
2793 2976 3119 3032 corrumpat,
3150 2969 3368 3023 audiant
3389 2971 3527 3040 quod
3551 2975 3802 3043 scriptum

2229 3060 2311 3102 est
2337 3066 2348 3100 :
2379 3047 2620 3104 Hilarem
2658 3053 2793 3105 enim
2822 3056 3050 3109 dolerem
3081 3056 3248 3130 diligit
3284 3061 3419 3114 Deus
3447 3061 3530 3131 (II
3564 3063 3682 3118 Cor.
3717 3082 3764 3120 Ix
3785 3106 3798 3131 ,

2230 3142 2308 3211 7;.
2343 3143 2417 3199 Ne
2439 3160 2503 3200 ex
2526 3145 2765 3214 impenso
2792 3164 3014 3204 niuiiere
3038 3153 3398 3208 transitoriam
3429 3158 3636 3212 laudem
3661 3176 3801 3228 (μηνι-

544 3261 660 3303 ,ωη
688 3250 1068 3304 scandalum“,
1087 3249 1264 3322 (nam.
1293 3265 1403 3320 ιη,
1435 3250 1552 3321 Ἡ),
1585 3250 1818 3307 Audiam
1847 3252 1934 3307 is“
1962 3270 1974 3305 ε
2006 3251 2121 3306 Μο,
2151 3243 2200 3308 c
2232 3244 2367 3302 rant,
2396 3235 2613 3292 audiant
2642 3238 2783 3308 quod
2812 3241 3066 3310 scriptum
3092 3253 3174 3299 est
3206 3263 3218 3296 :
3246 3245 3455 3301 Nescial
3483 3250 3688 3304 sinistra
3721 3264 3801 3305 tua

544 3344 655 3396 dico
683 3344 802 3397 vino
856 3351 994 3398 utere
1021 3354 1230 3414 propter
1257 3343 1581 3398 stomachum
1610 3353 1654 3398 et
1687 3344 1977 3414 frequentes
2011 3355 2122 3397 tuas

545 3438 862 3505 infirmitates
885 3438 902 3507 (
925 3436 954 3491 I
977 3437 1114 3494 Tim.
1146 3455 1178 3493 v
1199 3484 1212 3507 ,
1238 3439 1358 3510 25).
1385 3440 1658 3507 Quatenus
1687 3450 1740 3494 et
1789 3439 1864 3494 illi
1914 3438 2123 3494 discant

547 3527 698 3584 cibos
727 3531 907 3584 carnis
940 3539 962 3570 ε
987 3531 1288 3586 inordinate
1314 3547 1422 3586 non
1449 3541 1734 3602 appetere,-
1766 3537 1820 3587 et
1849 3531 1936 3586 isti
1968 3547 2121 3587 crea-

547 3637 717 3677 turam
750 3623 843 3679 Det
874 3633 1032 3693 quam
1083 3639 1188 3679 non
1219 3635 1508 3695 appetunt,
1560 3639 1670 3680 non
1708 3625 1942 3682 audeant
1988 3640 2121 3681 con-

546 3716 816 3770 detnnare.

975 3808 1201 3865 parur
1228 3807 1321 3865 xx
1345 3807 1698 3882 μήκωνι

549 3919 819 3986 Quomodo
867 3920 1175 3978 admonendi
1245 3924 1334 3993 qui
1384 3933 1479 3976 sua
1543 3921 1890 3989 distribuunt,
1939 3932 1986 3979 et
2034 3925 2121 3995 qui
2175 3945 2182 3950 ·

1113 3996 1318 4066 rapiunt
1346 3995 1541 4048 aliena.

614 4086 1068 4158 (Admonitioﬁt)
1117 4087 1287 4143 Aliter
1331 4088 1655 4143 admonendi
1705 4095 1831 4144 sunt
1877 4091 1964 4159 qui
2007 4090 2118 4161 jam

549 4181 1094 4267 susomisericorditer
1133 4181 1404 4247 tribuunt,
1434 4192 1596 4252 atque
1622 4181 1779 4236 aliter
1823 4183 1911 4252 qui
1943 4184 2118 4239 adhuc

539 4286 593 4330 et
619 4275 790 4330 aliena
806 4289 993 4344 rapere
1010 4273 1363 4330 contendunt.
1386 4273 1725 4329 Admoneudi
1747 4290 1975 4344 namque
1995 4285 2120 4331 sunt

541 4371 629 4441 qui
647 4371 758 4442 jam
777 4384 868 4425 sua
884 4368 1301 4425 misericorditer
1319 4369 1576 4436 tribuunt,
1604 4383 1675 4424 ne
1693 4368 2016 4438 cogitatione
2031 4381 2083 4425 tu
2099 4401 2116 4411 -

538 4465 681 4520 mida
695 4480 854 4535 super
874 4477 965 4520 eos
987 4478 1047 4520 se
1059 4465 1253 4534 quibus
1267 4473 1478 4519 terrena
1495 4463 1814 4535 largiuntur,
1829 4465 2114 4531 extollant;

537 4574 602 4614 ne
633 4559 833 4614 idcirco
862 4569 922 4614 se
945 4558 1197 4614 metiares
1221 4558 1488 4613 aestiment
1514 4597 1530 4626 ,
1559 4561 1684 4630 quia
1709 4561 1971 4617 contineri
2018 4576 2114 4631 per

2229 3329 2348 3398 quid
2373 3329 2527 3399 faciat
2555 3331 2761 3384 dextera
2787 3342 2874 3386 tua
2907 3333 3120 3403 (Matth.
3155 3351 3225 3401 vr,
3256 3339 3340 3407 5);
3378 3340 3429 3394 Id
3459 3351 3561 3409 est,
3594 3343 3694 3412 pia:
3725 3344 3800 3398 di-

2229 3421 2555 3490 Spensationi
2583 3441 2916 3497 nequaquam
2948 3446 3008 3485 se
3048 3432 3213 3500 gluia
3245 3437 3366 3488 vita:
3398 3439 3677 3504 praesentis
3709 3439 3800 3493 ad—

2229 3519 2477 3583 misceat,
2528 3519 2621 3572 sed
2683 3536 2816 3588 opus
2861 3523 3192 3579 rectitudinis
3239 3524 3255 3562 ί
3293 3530 3548 3596 appetitio
3590 3532 3799 3599 ignoret

2227 3606 2446 3664 favoris.
2477 3611 2552 3665 Ne
2584 3611 2836 3680 impensae
2853 3616 3036 3682 gratia:
3059 3617 3477 3676 vicissitudinem
3503 3624 3800 3692 requirant,

2227 3701 2449 3756 audiunt
2475 3705 2615 3773 quod
2642 3706 2902 3774 scriptum
2931 3719 3014 3764 est
3041 3727 3052 3762 :
3081 3710 3207 3764 Cum
3252 3714 3379 3782 fucis
3410 3717 3683 3784 prandium
3713 3727 3800 3771 aut

2224 3811 2448 3863 (setiam,
2483 3799 2587 3851 noli
2615 3813 2794 3852 vocare
2831 3806 3023 3855 amicos
3053 3811 3194 3867 tuos,
3237 3821 3396 3875 neque
3437 3811 3622 3876 fratres
3665 3822 3798 3876 tuos,

2224 3903 2382 3956 neque
2411 3901 2672 3960 cognatos,
2703 3907 2864 3961 neque
2889 3894 3078 3947 vicinus
3107 3894 3314 3960 divites,
3360 3912 3421 3949 ne
3447 3898 3576 3966 forte
3605 3911 3652 3952 et
3699 3901 3800 3972 ipsi

2225 3991 2271 4036 te
2300 3983 2583 4048 reinvitent,
2617 3993 2663 4037 et
2695 3984 2786 4053 fiat
2815 3985 2904 4038 tibi
2933 3987 3194 4039 retributio
3220 4005 3232 4040 :
3256 3988 3344 4041 sed
3369 4004 3483 4043 cum
3513 3993 3639 4061 fucis
3679 4010 3801 4048 con-

2222 4078 2425 4146 vivium,
2446 4094 2566 4134 voca
2583 4097 2850 4151 pauperes,
2881 4082 3090 4148 debiles,
3127 4083 3337 4139 claudos
3350 4101 3532 4150 cwcos;
3565 4098 3610 4140 et
3627 4089 3799 4143 beatus

2226 4173 2344 4237 etis,
2367 4174 2607 4241 quianon
2622 4174 2806 4228 habent
2831 4185 2856 4223 ε
2876 4179 3012 4228 unde
3026 4178 3406 4232 re:ribueretibi
3425 4178 3572 4249 (Luc.
3600 4196 3713 4245 XIV,
3740 4181 3799 4235 l2

2221 4280 2323 4335 seq.
2349 4273 2452 4320 etc.
2476 4263 2492 4332 )
2514 4265 2718 4333 Nequa:
2734 4266 3015 4335 praebenda
3038 4278 3161 4321 sunt
3183 4269 3361 4336 citius,
3386 4286 3506 4324 sero
3522 4270 3794 4338 praebean-

2223 4366 2327 4422 tur,
2343 4357 2562 4412 audiant
2581 4360 2718 4426 quod
2732 4360 2988 4428 scriptum
3006 4370 3115 4414 est:
3133 4360 3540 4419 Nedicasamico
3559 4375 3640 4416 tuo
3663 4383 3678 4419 :
3704 4364 3796 4417 l'n.

2222 4449 2286 4503 ds
2311 4457 2359 4502 et
2389 4459 2665 4518 revertere,
2711 4461 2757 4505 et
2786 4467 2898 4505 cras
2929 4452 3060 4506 dabo
3092 4453 3216 4521 tibi,
3272 4470 3384 4506 cum
3418 4457 3587 4509 statim
3635 4457 3797 4524 possis

2220 4539 2343 4594 dare
2369 4539 2547 4610 (Prov.
2586 4557 2665 4608 ιιι,
2705 4541 2819 4611 28).
2852 4543 2928 4599 Ne
2969 4545 3070 4599 sub
3111 4546 3330 4601 obtentu
3377 4546 3400 4583 ιι
3427 4548 3684 4617 largitatis
3736 4565 3795 4602 ea

534 4667 594 4706 se
645 4657 868 4706 caeteros
911 4650 1116 4706 vident.
1166 4649 1296 4704 Nam
1350 4659 1578 4706 terrena:
1623 4652 1814 4708 domus
1863 4653 2116 4711 dominus

2229 4648 2340 4703 qua:
2372 4633 2644 4702 possident
2673 4635 2930 4690 inutiliter
2956 4647 3227 4707 spargant,
3255 4639 3472 4692 audiant
3500 4642 3642 4710 quod
3665 4643 3793 4696 scri-

533 4743 850 4798 famulorum
879 4743 1096 4798 ordines
1125 4743 1528 4814 ministeriaque
1554 4744 1900 4814 dispertiens,
1931 4747 2028 4803 hos
2059 4756 2115 4802 ut

534 4845 752 4906 regant,
785 4839 904 4893 illos
931 4853 1062 4894 vero
1102 4841 1288 4893 statuit
1319 4850 1371 4894 ιιι
1404 4839 1472 4894 ab
1511 4839 1628 4895 aliis
1669 4851 1941 4911 regantur.
1978 4842 2112 4898 Istos

533 4928 681 5000 jubet
712 4936 769 4982 ut
805 4930 1104 4985 necessaria
1151 4932 1366 4987 caeteris
1397 4933 1696 5001 praebeant,
1725 4933 1845 4991 illos
1875 4945 1931 4990 ut
1960 4951 2114 4993 acce-

533 5030 624 5091 pta
655 5020 722 5075 ab
750 5021 868 5076 aliis
898 5033 1130 5078 sumant.
1163 5025 1229 5080 Et
1259 5034 1439 5081 tamen
1478 5026 1793 5098 plerumque
1833 5030 2111 5086 attendunt

533 5111 622 5181 qni
653 5121 861 5181 regunt,
892 5123 946 5167 et
970 5113 1024 5168 in
1054 5116 1450 5182 patrisfamilias
1478 5119 1649 5188 gratia
1678 5132 1992 5189 permanent
2018 5124 2109 5194 qui

533 5212 810 5270 reguntur.
865 5201 1005 5258 Iram
1048 5215 1324 5264 merentur
1376 5210 1466 5280 qui
1513 5211 1910 5281 dispensatores
1949 5227 2106 5284 sunt,

531 5295 649 5352 sine
679 5294 976 5352 offensione
1002 5296 1290 5367 perdurant
1309 5303 1403 5370 qui
1422 5317 1487 5357 es
1511 5303 1687 5360 aliens
1709 5304 2111 5374 dispensatione

558 5443 618 5513 ,ιι
645 5433 845 5513 Laud”
877 5432 1092 5490 Val.Cl.
1124 5435 1312 5513 Corb.,
1344 5437 1576 5503 Getnet..
1608 5446 1874 5500 comeditis
1902 5458 1948 5501 et
1973 5447 2106 5501 bibi-

530 5506 612 5558 tis.
645 5506 825 5572 Trec.,
859 5521 973 5559 cum
996 5510 1190 5562 comedi
1215 5509 1258 5563 is
1288 5522 1336 5564 et
1362 5529 1479 5566 cum
1505 5515 1692 5568 bibitis.

599 5577 625 5614 ι)
657 5578 823 5651 Laud.
852 5577 1004 5651 Tree.
1040 5587 1092 5633 et
1116 5579 1222 5636 duo
1246 5584 1450 5650 priores
1480 5584 1721 5651 Gemet.,
1751 5597 1798 5640 et
1825 5588 1954 5643 bwc.

602 5657 625 5686 ο
650 5649 854 5704 Gemet.
889 5658 942 5702 et
972 5648 1167 5715 Laud.,
1200 5648 1551 5711 immoderate.

599 5715 628 5756 ⁸
652 5718 814 5775 Corb.
849 5720 932 5774 hic
958 5730 1013 5776 et
1043 5721 1297 5794 deinceps
1327 5726 1481 5796 longe
1508 5730 1648 5784 serie
1677 5728 1833 5785 habet
1860 5746 1973 5800 nec,
2006 5749 2103 5803 pro

525 5805 608 5846 ns.

605 5870 629 5899 ⁸
656 5863 796 5922 Aud.
833 5865 1051 5933 primus,
1083 5882 1184 5920 non
1211 5867 1450 5938 fecimus.

2224 4737 2373 4797 ptum
2401 4736 2525 4784 est:
2556 4728 3056 4802 Sudeteleentesyna
3095 4733 3148 4785 in
3189 4749 3342 4786 manu
3389 4742 3498 4787 tua.
3551 4734 3629 4790 Ne
3675 4750 3796 4789 cum

2223 4820 2387 4875 multa
2420 4835 2640 4876 necesse
2668 4821 2808 4888 sint,
2846 4835 3013 4891 pauca
3047 4822 3362 4892 largiantur,
3394 4826 3614 4880 audiant
3644 4827 3788 4898 quod

2222 4913 2478 4980 scriptum
2508 4921 2628 4966 est:
2657 4912 2758 4980 Qui
2787 4929 2939 4982 parce
2974 4915 3223 4982 seminat,
3256 4933 3405 4987 parce
3438 4927 3484 4971 et
3508 4929 3654 4974 metet
3702 4917 3798 4990 (11

2222 5003 2341 5058 Cor.
2375 5019 2449 5070 Ix,
2475 5001 2554 5073 6).
2576 5003 2652 5059 Ne
2674 5019 2794 5057 eum
2819 5019 2982 5073 pauca
3004 5015 3244 5075 oportet,
3277 5009 3499 5075 plurima
3521 5013 3733 5080 prasiica
3763 5022 3798 5065 .t

2221 5107 2275 5153 et
2297 5099 2396 5166 ipsi
2421 5099 2757 5168 postmodum
2779 5099 3002 5157 minime
3030 5103 3261 5171 inepiam
3293 5104 3583 5160 tolerantes
3601 5107 3666 5161 ad
3697 5107 3797 5160 ini-

2217 5192 2525 5260 pationtiam
2581 5203 2900 5262 erumpant,
2933 5196 3150 5251 audiant
3177 5197 3315 5265 quod
3365 5199 3621 5267 scriptum
3667 5211 3791 5254 est;

2218 5283 2338 5340 Non
2369 5294 2422 5339 ut
2453 5286 2568 5340 aliis
2588 5289 2650 5341 sit
2678 5280 2934 5356 remissio,
2959 5289 3095 5345 vobis
3119 5300 3288 5344 autem
3313 5291 3594 5359 tribulatio,
3626 5295 3714 5347 sed
3735 5306 3799 5344 ea:

2292 5446 2310 5486 ί
2348 5448 2401 5502 ln
2435 5448 2578 5522 Edit.
2601 5491 2613 5511 .
2645 5451 3030 5521 appetitionem.
3062 5452 3314 5522 Cogitnur
3341 5456 3489 5520 sequi
3520 5453 3648 5510 Mss.
3684 5466 3795 5511 tur-

2217 5523 2358 5598 bam,
2385 5529 2438 5574 et
2459 5521 2669 5598 quidem
2689 5525 3033 5598 optimorum,
3060 5521 3161 5588 sc.,
3187 5523 3366 5590 Trcc.,
3395 5526 3582 5595 Laud.,
3604 5526 3792 5598 Corb.,

2219 5595 2440 5645 duorum
2473 5594 2705 5655 priorum
2733 5592 2950 5646 (larnot.

2288 5673 2312 5708 κ
2337 5663 2409 5717 Ita
2437 5661 2621 5726 Corb.,
2651 5662 2826 5726 'l‘rec.,
2860 5664 3028 5720 Laud.
3055 5707 3068 5730 ,
3101 5664 3309 5721 Gemet.
3361 5665 3646 5729 Consentit
3681 5677 3791 5727 vet.

2217 5735 2356 5790 Eilit.
2390 5732 2546 5788 1518.
2584 5734 2714 5790 Altae
2744 5733 2960 5801 habent,
2987 5739 3123 5789 unde
3151 5740 3446 5796 retribuam.

2287 5804 2314 5842 h
2344 5806 2508 5860 Laud.
2539 5816 2593 5862 et
2622 5806 2878 5873 nonnulli,
2912 5809 3133 5882 pietatis.
