4036 6346
261 359 330 417 85
1058 363 1363 420 REGULZE
1405 361 1830 422 PASTUHALIS
1869 357 2092 423 LIBER.
2137 399 2206 410 --
2247 363 2422 425 PARS
2462 368 2734 424 'fER'i‘l.-\.
3475 365 3546 427 86

265 475 571 547 mortalitate,
597 484 763 531 vestra
784 473 1101 532 abundantia
1121 478 1329 532 itlorum
1346 477 1570 551 inopiam
1592 483 1849 550 suppleat,
1877 479 1928 544 Α
1957 497 2062 553 quo
2092 497 2186 539 eos
2213 483 2413 554 obliget
2442 491 2594 539 reatu
2624 491 2714 538 res
2739 493 2908 553 rapta,
2942 485 2988 539 si
3019 483 3108 537 tali
3137 484 3346 553 subjieit
3369 459 3545 556 pretia

265 582 310 626 et
328 579 382 622 ut
401 569 613 623 illorum
632 570 952 626 abundantia
964 568 1338 642 oestrtcinOpitt’
1356 572 1420 626 sit
1443 574 1853 644 supplementum

261 661 422 732 (Ibid.
453 677 583 728 vm,
615 661 706 728 15,
741 661 852 733 14).
883 662 1013 719 Cum
1044 663 1189 718 enim
1216 664 1392 721 dantis
1420 679 1571 721 mens
1603 663 1745 720 t'erre
1767 663 1851 720 in-

258 756 437 826 epiam
483 757 691 821 nescit,
732 756 778 812 si
822 757 984 811 inulta
1022 757 1124 813 sibi
1174 746 1468 829 subtrahit,
1513 760 1850 815 occasionem

257 859 449 906 contra
491 853 558 906 se
584 847 932 921 imptltientite
979 847 1230 922 exquirit.
1261 835 1416 908 Prius
1447 863 1676 922 namqtte
1707 870 1852 921 pra:-

258 941 535 1012 parandu's
584 943 668 998 est
709 940 980 1013 patientia!
1023 941 1265 1011 animus,
1308 951 1362 998 et
1404 941 1526 999 tunc
1554 941 1643 998 aut
1683 943 1851 998 multa

254 1045 380 1092 sunt
411 1043 508 1092 aut.
532 1035 724 1092 cuncta
754 1033 1026 1108 laiﬁienda’
1049 1081 1062 1101 ,
1115 1053 1181 1093 ne
1209 1027 1337 1093 dum
1387 1037 1568 1093 minus
1615 1039 1850 1106 mquani-

253 1128 420 1182 mite'r
467 1126 652 1196 inopia
681 1125 893 1182 irruens
939 1123 1127 1193 fertur,
1179 1136 1232 1184 et
1274 1127 1566 1198 praemissa:
1595 1125 1852 1197 largitatis

251 1233 468 1276 merces
495 1229 700 1290 pereat,
730 1225 786 1276 et
813 1218 991 1276 adhuc
1017 1219 1248 1277 mentem
1275 1217 1515 1278 deterius
1541 1221 1852 1278 rituhnura-

252 1314 332 1369 tio
356 1313 698 1384 subsequens
724 1308 932 1384 perdat.
954 1309 1030 1370 Ne
1053 1311 1273 1370 omnino
1289 1309 1422 1370 nihil
1444 1313 1522 1371 eis
1545 1309 1845 1386 prmlteallt,

250 1407 452 1477 quibus
481 1405 730 1462 conferre
758 1406 954 1477 aliquid
982 1405 1202 1477 parvum
1224 1400 1446 1476 debent,
1469 1410 1683 1464 audiam
1707 1409 1850 1477 quod

252 1501 515 1569 scriptum
541 1506 659 1556 est:
691 1497 847 1555 Omni
897 1499 1086 1570 petenti
1107 1510 1154 1557 te
1181 1502 1340 1558 tribue
1389 1503 1409 1574 (
1436 1497 1563 1560 Luc.
1597 1503 1682 1570 vi,
1715 1503 1784 1559 '50
1805 1503 1849 1575 ).

257 1585 339 1653 Ne
368 1597 555 1653 saltem
583 1595 784 1667 aliqdid
815 1597 1106 1668 prrebeant,
1139 1587 1329 1669 quibus
1359 1599 1581 1674 omnino
1601 1599 1847 1656 conferre

254 1687 337 1745 nit
361 1687 584 1755 debent,
631 1687 852 1744 audiam
879 1688 1023 1759 quod
1053 1689 1309 1760 scriptum
1341 1699 1422 1746 est
1451 1709 1463 1744 :
1494 1689 1579 1744 Da
1605 1687 1759 1755 bono,
1803 1702 1849 1746 et

255 1791 358 1838 non
380 1784 633 1854 receperis
664 1794 983 1853 peccatorem
1008 1801 1027 1850 ;
1061 1784 1269 1855 benefac
1296 1783 1506 1853 humili,
1539 1791 1586 1839 et
1625 1797 1726 1840 non
1753 1785 1845 1840 de-

1960 581 2066 634 hon
2098 578 2313 635 tradita.
2359 579 2698 649 Perpendant
2722 579 2847 650 quid
2891 585 3160 635 mereatur
3189 578 3447 648 injustitia
3480 581 3548 635 il.

1958 670 2089 739 lata,
2117 671 2162 727 si
2193 677 2343 728 tanta
2389 674 2737 743 percussione
2784 673 2943 744 digna
2973 680 3057 728 est
3085 669 3252 743 pietas
3301 685 3408 728 non
3447 675 3543 729 im-

1960 777 2144 831 pensa.

2036 854 2166 909 Cum
2199 856 2370 911 aliena
2402 865 2591 926 rapere
2619 855 2938 922 'intendu’nt,
2971 855 3191 913 audiant
3226 857 3369 929 quod
3410 859 3546 915 siri-

1957 955 2105 1018 ptum
2134 959 2215 1004 est
2242 967 2254 1002 :
2286 948 2380 1004 Va:
2417 950 2464 1004 ei
2489 951 2577 1021 qui
2622 949 2938 1022 multiplicat
2980 967 3083 1006 non
3125 961 3220 1005 sua
3241 968 3260 1018 ;
3286 955 3544 1022 itsquequo

1957 1050 2200 1113 aggravat
2253 1051 2430 1097 contra
2473 1059 2526 1097 se
2576 1042 2789 1098 densant
2842 1043 3002 1103 totum
3054 1041 3280 1114 (llabac.
3335 1059 3395 1109 ιι,
3449 1043 3546 1115 (5)?

1958 1122 2138 1190 Avaro
2167 1136 2363 1207 quippe
2408 1141 2594 1190 contra
2645 1151 2704 1190 se
2746 1135 2970 1192 densum
3017 1136 3184 1191 lutum
3233 1133 3541 1206 aggi‘avare,

1956 1236 2040 1282 est
2082 1237 2296 1283 terrena
2347 1227 2491 1282 lucra
2547 1235 2666 1283 cum
2713 1227 2950 1299 pendere
2994 1228 3199 1298 peccati
3249 1227 3542 1284 cumulare.

1957 1319 2090 1376 Cum
2130 1322 2486 1391 multiplicare
2517 1323 2667 1395 large
2715 1321 3063 1378 habitationis
3092 1322 3260 1393 spatia
3297 1321 3539 1390 cupiunt,

1956 1413 2174 1468 audiam
2202 1414 2343 1484 quod
2397 1415 2653 1485 scriptum
2702 1424 2822 1470 est:
2859 1411 2952 1468 Vw
2977 1412 3063 1483 qui
3105 1411 3420 1484 conjungitis
3453 1411 3546 1466 do-

1955 1511 2092 1559 mum
2121 1507 2188 1559 ad
2229 1505 2457 1573 domum,
2502 1516 2548 1560 et
2577 1521 2761 1577 agrum
2791 1521 2916 1576 agro
2959 1505 3236 1576 copulatis,
3281 1519 3437 1574 usque
3477 1503 3544 1557 ad

1957 1601 2230 1654 terminum
2261 1599 2383 1656 loci.
2430 1593 2685 1670 Nunquid
2713 1597 3003 1654 habitabilis
3033 1599 3129 1653 soli
3158 1611 3245 1652 vos
3274 1597 3328 1651 in
3376 1591 3543 1651 medio

1953 1704 2100 1748 terrm
2120 1685 2278 1765 (Isai.
2303 1701 2354 1759 v,
2387 1693 2478 1766 8)?
2501 1696 2578 1750 Ae
2606 1694 2650 1748 si
2679 1697 2864 1764 aperte
2889 1689 3125 1760 diceretﬁ:
3145 1689 3426 1764 Quousque
3449 1703 3546 1745 vos

1953 1786 2261 1853 extenditis,
2298 1783 2324 1823 δ
2356 1785 2444 1856 qui
2476 1786 2675 1842 habere
2703 1786 2757 1841 in
2791 1785 3062 1841 coinmuui
3091 1781 3290 1839 mundo
3322 1788 3546 1838 consor-

249 1876 390 1930 deris
407 1875 567 1945 impio
597 1874 816 1947 (Ecccli.
840 1891 932 1941 xn,
958 1875 1038 1946 4).
1092 1875 1160 1931 Et
1188 1881 1403 1932 rursum
1433 1895 1446 1934 :
1479 1875 1678 1932 Panem
1703 1886 1847 1933 tuum
1876 1879 1927 1944 B
1956 1883 2036 1938 tes
2084 1881 2307 1937 minime
2340 1879 2599 1951 potestis?
2646 1880 2972 1951 Ceiijunctos
3009 1879 3222 1950 quidem
3276 1877 3542 1949 premitis,

254 1976 298 2022 et
323 1969 498 2022 vinum
526 1973 680 2040 super
701 1965 1017 2036 sepulturam
1032 1969 1165 2040 justi
1194 1972 1463 2038 constitue,
1498 1979 1546 2026 et
1570 1971 1675 2025 uoti
1703 1983 1767 2026 ex
1791 1988 1848 2027 eo

254 2063 571 2117 manducare
600 2071 649 2116 et
677 2061 843 2116 bibere
871 2078 985 2116 cum
1031 2065 1382 2132 peccatoribus
1410 2061 1430 2136 (
1451 2063 1578 2118 Tob.
1605 2080 1688 2131 tv,
1716 2065 1781 2121 i7
1804 2067 1845 2135 ).

322 2147 431 2225 65
462 2153 664 2209 Panem
687 2154 826 2210 enim
850 2169 1006 2211 suum
1030 2167 1082 2210 et
1106 2155 1285 2211 vinum
1314 2159 1684 2226 peccatoribus
1709 2174 1850 2228 prte-

255 2245 365 2312 bet,
397 2247 487 2317 qui
517 2246 716 2316 iniquis
739 2247 969 2302 subsidia
1003 2263 1098 2317 pro
1128 2263 1192 2304 eo
1217 2249 1360 2319 quod
1391 2247 1558 2321 iniqui
1591 2243 1714 2305 sunt
1744 2252 1845 2305 im-

255 2331 465 2410 pendit.
502 2338 653 2395 Unde
678 2349 732 2395 et
762 2341 1002 2395 nonnulli
1046 2341 1206 2411 hujus
1258 2344 1442 2398 mundi
1474 2344 1688 2411 divites,
1724 2357 1847 2400 cum

255 2437 397 2492 fame
425 2437 736 2493 crucientur
763 2435 958 2492 Christi
991 2453 1275 2508 pauperes,
1299 2437 1482 2494 etinsis
1509 2439 1845 2510 largitatibus

255 2527 501 2583 nutriunt
547 2529 856 2586 histriones.
887 2531 987 2599 Qui
1018 2545 1145 2586 vero
1171 2531 1427 2601 indigenti
1459 2533 1620 2587 etiam
1660 2549 1847 2602 pecca-

254 2622 359 2676 tori
393 2637 582 2692 panem
609 2633 786 2689 suum,
820 2635 927 2679 non
951 2624 1073 2694 quia
1107 2631 1381 2694 peccator,
1408 2625 1504 2682 sed
1532 2627 1654 2696 quia
1685 2627 1845 2682 homo

255 2723 360 2782 est,
400 2718 615 2784 tribuit;
665 2718 920 2774 nimirum
962 2735 1068 2775 non
1117 2727 1475 2792 peccatorem,
1521 2713 1618 2778 sed
1644 2725 1844 2792 justum

256 2825 545 2884 pauperem
578 2814 763 2883 nutrit,
795 2815 917 2886 quia
951 2816 1005 2872 in
1041 2817 1133 2873 illo
1162 2835 1268 2873 non
1300 2817 1532 2890 culpam,
1565 2819 1660 2877 sed
1694 2831 1846 2876 natu-

256 2919 373 2959 ram
401 2905 584 2975 diligit.

325 2995 660 3053 Admonendi
689 3006 814 3055 sunt
842 2997 1003 3055 etiam
1035 3003 1120 3071 qui
1146 3003 1256 3072 jam
1290 3019 1382 3059 sua
1412 3005 1841 3062 misericorditer

263 3083 586 3159 largiuntur,
637 3099 695 3145 ut
735 3090 962 3148 sollicite
994 3091 1264 3151 custOdire
1311 3097 1583 3164 studeant,
1618 3115 1685 3152 ne
1727 3115 1845 3153 cum

255 3182 550 3237 cemmissa
579 3185 792 3254 peccata
823 3185 1178 3259 eleemosynis
1218 3190 1506 3258 redimunt,
1547 3191 1719 3246 adhuc
1756 3207 1844 3246 rc-

1959 1974 2054 2031 sed
2086 1985 2273 2030 contra
2311 1984 2446 2044 quos
2473 1973 2698 2029 valeatis
2748 1979 2843 2027 vos
2873 1970 3189 2037 extendere,
3223 1977 3437 2039 semper
3465 1971 3546 2024 in-

1957 2067 2170 2123 venitis.
2202 2063 2333 2122 Cum
2354 2049 2610 2136 augendis
2636 2065 2876 2136 pecuniis
2901 2063 3126 2130 inhiant,
3154 2063 3373 2118 audiant
3402 2061 3546 2132 quo!

1952 2162 2215 2233 scriptum
2265 2162 2604 2217 estzAvarus
2641 2179 2741 2217 non
2790 2160 3032 2232 impletur
3079 2159 3336 2231 pecunia;
3369 2167 3418 2214 et
3473 2171 3540 2225 qu

1952 2265 2086 2310 amat
2117 2254 2339 2321 divitias,
2375 2272 2476 2308 non
2523 2255 2688 2323 capiet
2735 2257 2934 2324 fructus
2963 2269 3024 2307 ea:
3062 2253 3134 2308 eis
3158 2251 3353 2324 (Eccle.
3389 2267 3440 2317 ν,
3466 2251 3542 2319 9).

1951 2349 2180 2404 Fructus
2212 2349 2408 2420 quippe
2438 2364 2502 2403 ex
2539 2349 2641 2403 illis
2665 2341 2903 2418 caperet,
2935 2347 2981 2401 si
3007 2361 3097 2401 eas
3129 2347 3268 2402 bene
3290 2360 3545 2416 spargere

1951 2460 2058 2500 non
2093 2444 2322 2499 amando
2351 2443 2628 2498 voluisset.
2666 2443 2766 2510 Qui
2820 2457 2947 2497 vero
2978 2456 3069 2497 eas
3110 2441 3380 2510 diligendo
3409 2442 3544 2496 reti-

1951 2549 2064 2607 net,
2097 2539 2183 2594 hic
2213 2538 2394 2608 utique
2421 2538 2537 2593 sine
2577 2538 2749 2591 fructu
2782 2533 3303 2604 derelinqu’et.'Cum
3347 2533 3544 2604 repleri

1951 2633 2162 2687 cunctis
2213 2632 2372 2686 simul
2421 2643 2442 2669 ε
2480 2629 2671 2700 opibus
2725 2629 3086 2694 inardescunt,
3141 2625 3361 2682 audiant
3400 2627 3543 2698 quod

1952 2729 2211 2797 scriptum
2257 2735 2376 2782 est:
2408 2727 2510 2791 Qui
2539 2726 2748 2797 festinat
2796 2723 2978 2791 ditari,
3023 2737 3125 2776 non
3164 2722 3255 2775 erit
3300 2722 3543 2774 innocens

1953 2818 2135 2888 (Prov.
2154 2835 2349 2884 xxvm,
2369 2818 2459 2888 ‘20)
2486 2836 2498 2885 ;
2531 2818 2768 2886 proiecto
2791 2817 2932 2873 enim
2951 2815 3041 2886 qui
3070 2815 3268 2885 augere
3287 2828 3416 2883 opes
3433 2827 3544 2871 ant-

1955 2911 2052 2978 bit,
2089 2913 2259 2967 vitare
2289 2919 2564 2981 peccatum
2594 2908 2809 2980 negligil
2835 2925 2848 2974 ;
2879 2915 2934 2963 et
2953 2921 3107 2963 more
3127 2906 3304 2961 avium
3333 2913 3541 2974 captus,

1954 3022 2076 3061 cum
2109 3021 2286 3062 escam
2321 3015 2655 3060 terrenarum
2691 3017 2866 3057 rerum
2897 3000 3087 3055 avidus
3113 2997 3395 3067 conspicit,
3441 3011 3563 3079 quo,

1956 3099 2318 3166 stranguletur
2360 3095 2562 3165 peccati
2603 3095 2790 3163 laqueo
2822 3106 2925 3147 non
2976 3091 3236 3159 agnoscit.
3267 3089 3378 3159 66
3405 3086 3538 3142 Cum

1956 3190 2213 3260 quaelibet
2255 3187 2535 3259 praesentis
2585 3183 2767 3239 mundi
2799 3183 2943 3238 lucra
2996 3180 3326 3244 desiderant,
3378 3188 3431 3233 et
3477 3191 3542 3231 ea

255 3275 508 3330 dimenda
541 3275 902 3346 committant;
939 3296 1002 3335 ne
1029 3284 1268 3338 venalem
1295 3280 1386 3339 Dei
1412 3285 1672 3354 justitiam
1705 3287 1847 3341 :esti-
1956 3299 2073 3351 quze
2105 3281 2169 3336 de
2200 3280 2378 3334 futuro
2400 3279 2428 3315 ά
2459 3278 2650 3332 damna
2683 3275 2978 3345 patientur,
3010 3275 3275 3342 ignorant,
3323 3270 3544 3325 audiant

256 3376 423 3434 ment,
460 3368 506 3422 si
538 3369 658 3424 Cum
699 3382 884 3426 curant
915 3387 1010 3442 pro
1042 3375 1273 3442 peccatis
1311 3389 1558 3431 nummos
1587 3375 1844 3446 tribuere,

258 3455 588 3515 arbitrenthr
614 3476 674 3516 se
709 3469 866 3532 posse
894 3449 1058 3519 inulte
1089 3481 1334 3535 peccare.
1369 3465 1499 3522 Plus
1522 3477 1593 3523 est
1618 3486 1850 3539 namque

258 3552 428 3605 anima
447 3569 605 3623 quam
630 3561 766 3620 esc‘d,
792 3550 844 3634 et
859 3571 1045 3624 corpus
1067 3575 1219 3627 quam
1250 3561 1603 3615 vestimentum
1630 3561 1842 3631 (Matth.

263 3647 333 3706 tu,
363 3641 461 3708 25;
497 3639 634 3700 Luc.
666 3661 760 3714 xtl,
792 3646 907 3716 2'5).
937 3647 1036 3714 Qui
1069 3653 1195 3720 ergo
1233 3657 1410 3706 escam
1443 3663 1537 3706 aut
1567 3654 1846 3709 vestimen-

272 3735 375 3787 tum
407 3737 732 3806 pauperibus
760 3729 1001 3809 iargitur‘,
1037 3740 1132 3795 sed
1175 3731 1350 3797 tamen
1394 3743 1584 3798 annuae
1615 3745 1697 3798 vel
1728 3760 1848 3799 cor-

261 3827 401 3894 poris
440 3825 721 3897 iniquitate
768 3825 1042 3900 polluitur,
1096 3835 1238 3902 qnod
1291 3837 1465 3891 minus
1509 3845 1589 3892 est
1628 3839 1847 3905 justitite

258 3920 471 3988 obtulit,
515 3931 568 3977 et
597 3907 740 3993 quod
791 3925 963 3994 majus
1017 3927 1119 3997 est,
1163 3929 1366 4000 culpae;
1418 3947 1513 3985 sua
1545 3931 1688 3988 enim
1737 3933 1848 3990 Deo

256 4005 424 4080 dedit,
454 4025 507 4069 et
531 4031 586 4071 se
616 4009 850 4074 diabolo.

333 4095 403 4161 At
435 4115 617 4162 contra
651 4111 974 4167 admonendi
1003 4117 1124 4168 sunt
1155 4114 1243 4184 qui
1274 4115 1449 4171 adhuc
1478 4116 1531 4171 et
1557 4117 1728 4173 aliena
1763 4134 1848 4173 ra-

259 4215 389 4268 pere
415 4202 764 4268 Contendant,
799 4207 855 4258 u't
883 4205 1113 4261 sollicite
1138 4193 1358 4262 audiant
1387 4209 1514 4279 quid
1547 4215 1768 4266 veniens
1794 4212 1847 4266 in

250 4291 515 4362 judicium
577 4294 832 4353 Dou‘iinus
884 4282 1047 4353 dicat.
1098 4283 1187 4354 Ait
1233 4308 1497 4371 namque:
1532 4303 1752 4371 Esuriri,
1802 4315 1848 4359 et

255 4400 360 4438 non
401 4377 619 4442 dedistis
663 4387 788 4443 mihi
827 4389 1173 4458 manducare;
1202 4394 1362 4460 silivi,
1395 4406 1444 4448 et
1484 4413 1584 4450 nvn
1638 4398 1850 4454 dedistis

253 4475 386 4532 mihi
413 4467 618 4546 bibere;
664 4485 846 4552 hospes
886 4487 1047 4552 eram”,
1073 4491 1120 4538 cl
1149 4493 1248 4540 non
1297 4488 1569 4558 collegistis
1612 4507 1723 4556 me;
1756 4509 1850 4546 nu-

257 4569 377 4634 dus,
407 4579 454 4628 et
491 4579 593 4625 non
630 4576 901 4642 aperuistis
945 4579 1318 4646 me;in/irmus
1361 4590 1409 4634 et
1447 4582 1500 4634 ini
1547 4593 1768 4650 carcere,
1801 4594 1851 4639 et

1956 3371 2095 3442 quod
2128 3371 2384 3440 scriptum
2414 3378 2495 3424 est
2523 3386 2536 3421 :
2563 3365 2856 3421 [hereditas
2889 3363 2956 3416 ad
3003 3379 3152 3432 quam
3190 3363 3460 3432 festinatur
3487 3363 3543 3416 in

1956 3464 2227 3532 principio,
2282 3463 2336 3516 in
2385 3461 2658 3515 novissimo
2713 3457 3060 3513 benedictione
3115 3456 3304 3510 carebit
3358 3455 3540 3527 (Prov.

1957 3572 2052 3622 xx,
2084 3555 2200 3623 2|).
2240 3553 2323 3608 Ex
2353 3554 2453 3608 hac
2476 3554 2673 3623 quippe
2703 3552 2809 3606 vita
2855 3551 3064 3606 initium
3094 3548 3358 3618 ducimus,
3388 3559 3444 3605 ut
3473 3551 3542 3606 ad

1961 3647 2349 3703 benedictionis
2395 3657 2595 3701 sortem
2645 3650 2698 3701 in
2746 3645 3042 3700 novissimo
3085 3645 3365 3699 veniamus
3409 3646 3543 3713 :qui

1955 3742 2135 3810 itaque
2165 3741 2216 3794 in
2251 3738 2513 3807 principio
2545 3736 2853 3792 haereditari
2901 3736 3173 3802 festinant,
3205 3745 3410 3790 sortem
3436 3734 3541 3789 sibi

1957 3834 2009 3887 in
2069 3830 2824 3888 novissimoehenedictionis
2875 3838 3188 3899 amputant;
3239 3829 3362 3899 quia
3412 3827 3538 3883 dum

1957 3941 2054 3995 per
2080 3925 2318 3980 avaritia:
2348 3923 2640 3994 nequitiam
2689 3921 2774 3978 hic
2801 3921 3140 3992 multiplicari
3172 3929 3446 3992 appetunt,
3478 3920 3542 3976 il-

1957 4019 2027 4074 lie
2059 4019 2125 4074 ab
2154 4028 2358 4074 aeterno
2398 4017 2718 4085 patrimonio
2746 4015 3062 4071 exltmredes
3095 4016 3245 4071 tium.
3291 4015 3424 4070 Cum
3459 4015 3542 4071 vel

1955 4111 2190 4182 plurima
2233 4105 2497 4176 ambiunt,
2529 4109 2614 4164 vel
2658 4105 2900 4163 obtinere
2947 4115 3138 4162 cuncta
3171 4121 3291 4178 qua:
3339 4105 3541 4161 ambie-

1956 4204 2068 4259 rint
2096 4211 2340 4273 possunt,
2368 4201 2586 4256 audiant
2611 4200 2752 4272 quod
2778 4199 3036 4269 scriptum
3067 4207 3150 4254 est
3175 4215 3188 4252 :
3218 4197 3356 4264 Quid
3385 4199 3542 4263 prod-

1955 4307 2028 4350 est
2079 4295 2269 4349 homini
2328 4295 2372 4348 si
2410 4303 2568 4347 totum
2612 4287 2858 4345 mundum
2908 4293 3160 4359 lucretur,
3206 4293 3393 4346 anima:
3426 4307 3542 4347 vero

1955 4406 2064 4445 suae
2086 4390 2441 4444 detrimentum
2469 4387 2626 4457 faciat
2652 4386 2871 4456 (Matth.
2897 4402 3003 4455 xvr,
3031 4385 3124 4458 26)
3144 4387 3167 4441 ?
3189 4386 3266 4442 Ac
3291 4386 3336 4441 si
3358 4396 3542 4456 aperte

1960 4483 2166 4538 Veritas
2203 4483 2381 4537 dicat:
2411 4481 2546 4550 Quid
2580 4475 2820 4550 prodest
2862 4479 3066 4534 homini
3108 4480 3154 4535 si
3201 4489 3366 4534 totum
3397 4478 3541 4548 quod

1955 4585 2105 4633 extra
2135 4589 2193 4632 se
2222 4583 2306 4632 est
2329 4584 2636 4646 congregat,
2662 4573 2707 4629 si
2740 4574 2838 4629 hoc
2860 4574 3033 4644 ipsum
3062 4573 3234 4628 solum
3257 4570 3398 4640 quod
3425 4571 3542 4640 ipse

253 4678 356 4714 non
389 4662 631 4718 cisitnstis
661 4681 738 4718 me
767 4655 984 4735 (Matth.
1022 4683 1152 4736 xxv,
1184 4665 1275 4737 ὃὸ,
1307 4667 1422 4742 56).
1451 4673 1652 4737 Quibus
1682 4674 1840 4731 etiam
1876 4687 1922 4746 ι)
1956 4682 2056 4734 est.
2083 4671 2339 4726 damnat?
2368 4670 2692 4740 Plerumque
2722 4675 2897 4724 autem
2925 4668 3082 4723 citius
3111 4675 3384 4734 raptorum
3416 4681 3542 4722 ava-

252 4753 550 4823 prasntittit,
579 4755 764 4812 dicens
791 4755 1081 4814 :Discedite
1100 4778 1132 4814 a
1162 4779 1260 4830 me,
1291 4761 1571 4830 maledicti,
1602 4767 1653 4820 in
1679 4768 1846 4839 ignem

249 4857 524 4914 wternnm,
573 4850 662 4918 qui
715 4859 929 4919 paratus
987 4861 1060 4907 est
1119 4854 1328 4908 diabolo
1385 4863 1432 4911 et
1478 4857 1678 4929 angelis
1739 4864 1850 4933 ejus

251 4935 470 5008 (Matth.
508 4951 634 5007 xxv,
668 4933 783 5012 41).
819 4943 958 4999 Ecce
990 4957 1323 5016 nequaquam
1375 4948 1617 5016 audiunt,
1655 4961 1678 4988 α
1723 4952 1848 5022 quia

251 5032 471 5102 rapinas
502 5035 589 5090 vel
628 5035 885 5108 quaelibet
925 5040 1026 5094 alia
1071 5041 1304 5097 violenta
1345 5046 1752 5110 coiuu'iiserunt,
1796 5057 1852 5104 et

249 5131 432 5180 tamen
483 5128 701 5183 aeternis
731 5129 988 5202 gehennae
1015 5131 1227 5203 ignibus
1274 5135 1666 5204 mancipantur.
1714 5137 1848 5193 Hinc

249 5231 386 5287 ergo
434 5220 792 5291 colligendum
851 5231 932 5278 est
971 5231 1165 5293 quanta
1200 5226 1539 5284 damnatione
1583 5227 1846 5299 plectendi

247 5320 384 5366 sinit
412 5314 504 5383 qui
534 5313 748 5384 rapiunt
777 5315 970 5384 aliena,
1009 5316 1056 5371 si
1092 5325 1238 5374 tanta
1279 5321 1747 5379 animadversione“
1772 5323 1850 5380 ie-

247 5406 467 5465 riuntur
507 5410 598 5482 qui
652 5423 750 5468 sua
795 5411 1090 5468 indiscrete
1148 5415 1452 5472 tenuerunt.
1509 5417 1851 5485 Perpendant

297 5549 354 5632 ἠ
379 5543 566 5610 Corb..
599 5535 780 5618 Belin,
825 5557 880 5606 et.
916 5549 1024 5606 duo
1074 5547 1280 5621 priores
1331 5549 1572 5620 Carnot.,
1623 5554 1712 5625 qui
1752 5569 1843 5608 ra-

297 5633 431 5670 ιηιη.

247 5635 431 5687 putus.

322 5683 354 5726 δ
378 5683 559 5766 ’ξι-λῖς..
587 5697 696 5766 tres
717 5691 958 5766 Gemet.,
984 5691 1263 5759 Bothum,
1287 5693 1551 5759 Audoen.,
1584 5695 1736 5766 Lyr.,
1760 5696 1848 5760 qui

249 5774 359 5812 non
394 5759 579 5836 habere
602 5762 666 5836 in
703 5765 961 5836 communi
991 5766 1182 5819 mundo
1213 5766 1418 5819 minime.
1447 5759 1677 5836 potestis.
1713 5759 1847 5822 For-

251 5841 400 5908 tasse
429 5833 516 5886 hic
543 5833 769 5908 minime,
804 5851 910 5890 non
940 5835 1099 5892 habet
1126 5839 1231 5890 vim
1267 5833 1518 5908 negandi,
1556 5838 1650 5893 sed
1684 5839 1850 5908 signi-

251 5903 381 5981 ticat
409 5918 426 5960 :
459 5918 522 5958 ne
553 5904 818 5960 minimam
837 5908 1041 5979 quidem
1071 5908 1248 5964 mundi
1281 5903 1568 5980 poitionem
1602 5909 1719 5966 aliis
1736 5903 1849 5966 ita-

1955 4761 2077 4816 ritia
2108 4761 2411 4831 corrigitur,
2449 4761 2495 4816 si
2543 4761 2594 4815 in
2627 4759 2804 4816 verbis
2831 4757 3168 4813 admonentis
3207 4771 3366 4825 quam
3397 4757 3539 4828 fngi-

1956 4856 2062 4908 tiva
2093 4853 2162 4908 sit
2192 4868 2430 4922 praesens
2465 4853 2595 4919 vita,
2627 4855 2984 4906 monstretur:
3032 4849 3076 4902 si
3108 4862 3298 4904 eorum
3327 4841 3396 4905 ad
3426 4864 3538 4907 tne-

1953 4946 2098 5004 dium
2132 4948 2387 5003 memoria
2412 4946 2728 5012 deducatur,
2754 4944 2844 5013 qui
2874 4952 2928 4997 et
2954 4942 3112 4998 ditari
3134 4941 3186 4997 in
3216 4943 3318 5000 hoc
3339 4944 3542 5000 mundo

1955 5043 2044 5098 diu
2067 5041 2244 5098 conati
2291 5050 2432 5105 sunt,
2464 5050 2516 5096 et
2543 5048 2718 5093 tamen
2766 5039 2817 5092 in
2850 5037 3055 5108 adeptis
3080 5033 3278 5094 divitiis
3306 5038 3396 5094 diu
3426 5045 3540 5096 ma-

1957 5154 2087 5194 nere
2117 5136 2488 5208 nequiverunt,
2544 5133 2736 5203 quibus
2785 5132 2974 5189 festina
3023 5147 3166 5190 mors
3215 5142 3435 5205 repente
3485 5144 3541 5190 et

1957 5231 2116 5287 simul
2160 5232 2376 5285 abstulit
2419 5225 2673 5298 quidquid
2723 5241 2908 5283 eorum
2961 5228 3196 5299 nequitia
3240 5243 3337 5284 nec
3380 5229 3542 5284 simul

1959 5341 2058 5382 nec
2097 5331 2316 5394 repente
2354 5320 2732 5392 cenet-eguit;
2779 5321 2868 5391 qui
2898 5337 3007 5377 non
3049 5321 3220 5376 solum
3261 5320 3350 5376 hic
3391 5331 3543 5391 rapta

1958 5419 2315 5488 reliquerunt,
2346 5415 2440 5472 sed
2487 5429 2669 5471 secum
2700 5412 2765 5468 ad
2802 5412 3063 5484 judicium
3101 5428 3294 5469 causas
3342 5414 3543 5484 rapinae

1954 5552 2216 5607 bitandam
2247 5549 2544 5606 conceditis.
2574 5549 2710 5604 Vide
2729 5564 2912 5618 supra,
2942 5563 2992 5603 c.
3030 5549 3120 5614 15,
3155 5559 3280 5604 nota
3311 5566 3356 5603 ε.

2030 5636 2051 5662 ο
2078 5623 2134 5679 ln‘
2164 5633 2270 5679 vet.
2306 5624 2444 5679 Edit.
2477 5621 2615 5678 1518
2646 5628 2701 5678 et
2744 5621 3038 5686 Gussanv.,
3070 5620 3329 5690 operibus,
3354 5634 3542 5680 crasso

1955 5709 2287 5823 erlc'lmt’eitiose
2317 5767 2370 5823 in
2396 5763 2644 5830 Excusis,
2686 5765 2750 5820 de
2777 5766 2952 5834 futuro
2981 5763 3194 5818 damno.

2030 5850 2054 5878 ε
2081 5839 2369 5908 Gussanv.,
2401 5854 2507 5896 non
2539 5838 2733 5893 minOri
2763 5845 2967 5903 errare,
2999 5834 3361 5890 benedictione-
