4036 6346
529 354 599 410 87
1741 341 1979 401 SANCTI
2021 340 2111 395 GR

2229 339 2349 395 )Bil
2388 338 2603 397 MACNI
3736 356 3805 420 κε*

531 468 859 523 detulerunt.
892 467 1092 523 Horum
1126 466 1303 534 itaque
1331 463 1579 532 exempla
1610 462 1847 527 audiant,
1890 476 2024 529 quos
2055 459 2107 512 in
2139 459 2189 519 Α
2215 455 2306 511 sed
2340 457 2460 523 quia
2495 454 2846 510 immoderato
2874 470 2970 511 uso
3000 464 3167 512 totum
3198 473 3257 514 se
3281 458 3441 514 licitis
3470 460 3705 520 tradidit.

532 560 716 615 verbis
744 560 854 613 suis
897 557 1247 629 proculdubio
1286 568 1338 612 et
1370 556 1467 625 ipsi
1492 556 1879 617 condemnant;
1915 562 1972 607 ut
1998 567 2118 607 cum

531 662 651 723 post
682 651 844 708 verba
871 650 937 706 ad
968 666 1063 705 cor
1092 652 1337 718 redeunt,
1365 650 1563 705 imitari
1593 650 1780 704 saltem
1813 662 1945 718 quos
1971 648 2119 718 judi-

530 755 675 809 eant,
707 744 1046 801 erubescam.

935 834 1159 892 CAPUT
1202 834 1317 891 χχι
1362 834 1472 907 [AL
1516 833 1710 906 XLV].

529 934 803 1000 Quomodo
830 933 1137 986 admonendi
1169 934 1253 999 qui
1279 930 1449 984 aliena
1477 947 1578 982 non
1608 939 1877 998 appetunt,
1908 932 1994 984 sed
2021 946 2117 983 sua

564 1006 816 1069 retinent;
839 1018 887 1059 et
904 1005 990 1073 qui
1012 1020 1107 1057 sua
1136 1004 1428 1061 tribuentes.
1457 1003 1623 1055 aliena
1651 1012 1819 1055 tamen
1845 1004 2075 1069 rapiunt.

603 1098 925 1168 (Admouitio
953 1096 1068 1164 22.)
1110 1096 1281 1150 Aliter
1334 1094 1659 1148 admonendi
1713 1101 1835 1146 sunt
1879 1093 1970 1163 qui
2018 1107 2114 1148 uec

529 1189 706 1244 aliena
739 1196 1016 1258 appetunt,
1044 1202 1140 1240 nec
1172 1201 1265 1240 sua
1295 1186 1629 1255 largiuntur;
1662 1195 1819 1253 atque
1850 1186 2004 1240 atiter
2025 1185 2113 1252 qui

528 1290 585 1338 et
611 1296 675 1336 ea
705 1297 823 1352 qua:
852 1281 1046 1334 habent
1080 1278 1339 1343 tribuunt,
1388 1288 1443 1333 et
1486 1287 1661 1332 tamen
1712 1277 1885 1330 aliena
1928 1290 2116 1343 rapere

527 1393 635 1433 non
668 1377 951 1431 desistunt.
985 1373 1321 1431 Admoneudi
1352 1384 1476 1427 sunt
1505 1372 1596 1443 qui
1630 1386 1728 1426 nec
1758 1371 1927 1425 aliena
1959 1384 2117 1438 appe-

526 1485 664 1541 tunt,
700 1488 797 1529 nec
837 1489 929 1528 sua
962 1473 1281 1542 largiuntur,
1313 1480 1370 1525 ut
1412 1470 1582 1525 sciant
1614 1468 1846 1524 sollicite
1878 1466 2016 1535 quod
2049 1479 2112 1519 ea

524 1570 593 1626 de
619 1586 720 1641 qua
743 1569 941 1637 sumpti
969 1576 1113 1633 sunt,
1140 1567 1345 1620 cunctis
1366 1564 1672 1621 hominibus
1704 1571 1844 1616 terra
1871 1575 2115 1616 commu-

525 1664 609 1719 nis
637 1672 741 1726 est,
775 1671 830 1716 et
860 1662 1060 1716 idcirco
1100 1661 1353 1715 alimenta
1407 1672 1620 1728 quoque
1662 1654 1911 1709 omnibus
1960 1668 2110 1709 cout-

524 1758 763 1813 muniter
784 1755 1010 1825 profert.
1036 1754 1307 1808 Incassum
1329 1766 1460 1819 ergo
1484 1766 1541 1803 se
1560 1749 1872 1803 innocentes
1900 1754 2106 1814 putant,

2297 547 2632 603 Admonendi
2676 557 2803 602 sunt
2850 558 3086 616 tenaces,
3121 562 3176 604 ut
3224 554 3471 608 noverint
3498 557 3638 625 quod
3668 559 3802 616 hanc

2224 640 2448 708 primaut
2482 640 2731 710 injuriatn
2762 638 2964 696 faciunt
2998 642 3130 711 Deo,
3160 642 3282 713 quia
3304 646 3451 701 danti
3469 647 3569 702 sibi
3602 653 3800 722 omnia,

2221 737 2420 791 nullam
2466 736 2853 792 misericordia:
2908 737 3137 793 hostiam
3186 739 3434 795 reddunt.
3476 741 3613 797 Hinc
3665 747 3802 803 enittt

2222 827 2505 884 Psalmista
2557 829 2669 884 ait:
2696 827 2818 882 Non
2848 830 2988 884 dabit
3020 831 3129 885 Deo
3179 834 3597 901 propitiationem
3635 854 3799 904 suam,

2220 936 2313 974 nec
2346 923 2565 989 pretium
2586 922 2948 993 redemptionis
2970 924 3155 978 anima:
3183 942 3289 980 suc
3310 925 3485 998 (Psal.
3516 945 3699 995 sum,
3725 932 3799 1001 8).

2222 1011 2462 1066 Pretium
2492 1028 2721 1082 namque
2749 1014 3133 1083 redemptionis
3163 1016 3309 1084 dare,
3338 1029 3422 1073 est
3446 1034 3580 1089 Opus
3610 1022 3803 1077 bonum

2225 1120 2336 1173 pra:
2349 1106 2581 1161 venienti
2605 1121 2703 1160 nos
2722 1107 2908 1177 gratim
2940 1107 3182 1163 reddere.
3210 1108 3343 1163 llinc
3371 1108 3607 1167 Joannes
3629 1115 3807 1169 excla-

2220 1206 2332 1251 ntat
2386 1195 2753 1253 dicenszlam
2787 1200 2980 1253 securis
3019 1198 3087 1252 ad
3125 1200 3347 1254 radicem
3390 1203 3587 1256 arboris
3637 1208 3804 1272 posita

2222 1300 2320 1343 est.
2357 1289 2539 1343 Omnis
2568 1291 2719 1344 arbor
2761 1306 2876 1359 qua:
2907 1306 3007 1345 non
3032 1291 3154 1359 facit
3177 1291 3406 1361 fructum
3433 1294 3642 1364 bonum,
3674 1298 3802 1351 exci-

2218 1384 2387 1447 detur,
2420 1394 2467 1436 et
2505 1382 2559 1434 in
2602 1382 2771 1453 ignem
2801 1382 3026 1436 mittetur
3049 1381 3199 1451 (Luc.
3226 1398 3303 1450 ιιι,
3336 1384 3416 1453 9).
3450 1385 3551 1453 Qui
3581 1401 3711 1457 ergo
3750 1402 3808 1445 se

2220 1471 2486 1537 innoxios,
2528 1475 2651 1541 quia
2696 1472 2871 1526 aliena
2919 1488 3023 1528 non
3072 1476 3286 1544 rapiunt
3313 1475 3601 1544 asdmaut,
3645 1480 3807 1534 ictum

2218 1563 2425 1619 securis
2453 1564 2644 1619 vicinae
2691 1565 3041 1634 praevideant,
3082 1578 3135 1621 et
3175 1577 3445 1635 torporem
3494 1570 3807 1640 improvidae

2218 1659 2524 1714 securitatis
2551 1659 2821 1725 amittant,
2855 1674 2921 1715 ne
2948 1676 3068 1714 cum
3099 1658 3240 1715 ferre
3266 1660 3497 1716 fructum
3527 1663 3654 1718 boni
3681 1680 3808 1733 ope-

2222 1751 2297 1805 ris
2335 1750 2629 1821 negligunt,
2661 1766 2689 1803 a
2720 1750 2973 1819 praesenti
2998 1752 3103 1805 vita
3126 1750 3405 1807 funditusb
3437 1754 3589 1823 quasi
3620 1770 3650 1809 a
3682 1756 3808 1811 viri-

524 1851 613 1920 qui
645 1863 928 1904 commune
980 1845 1072 1901 Dei
1119 1858 1312 1899 munus
1351 1842 1450 1896 sibi
1502 1840 1765 1908 privatum
1800 1837 2105 1903 vindicant;
2144 1844 2192 1906 B
2218 1840 2384 1895 ditate
2415 1840 2610 1895 radicis
2636 1851 2975 1895 exsecentur.

524 1944 615 2015 qui
643 1958 763 1998 cum
793 1953 1011 2010 accepta
1044 1954 1147 1994 non
1184 1938 1442 1999 tribuunt,
1477 1935 1528 1989 itt
1581 1934 1946 2001 proximorum
1979 1944 2112 1985 nece

521 2049 855 2112 grassantur,
899 2034 1025 2104 quia
1070 2042 1146 2086 tot
1193 2044 1329 2098 pene
1384 2026 1620 2098 quotidie
1650 2026 1936 2095 perimunt,
1984 2028 2115 2091 quot

526 2132 873 2189 morientium
906 2140 1199 2197 pauperum
1230 2122 1369 2192 apud
1395 2137 1453 2176 se
1484 2119 1721 2175 subsidia
1748 2116 2111 2173 abscondunt.

525 2225 657 2280 Nam
686 2238 806 2278 cum
837 2220 1091 2289 quaelibet
1123 2215 1425 2271 necessaria
1450 2212 1808 2283 indigentibus
1839 2210 2115 2264 ministra-

525 2334 665 2384 ntus,
700 2332 791 2370 sua
825 2316 930 2370 illis
956 2312 1254 2375 reddimus,
1287 2324 1390 2364 non
1423 2318 1605 2361 nostra
1635 2306 1923 2375 largimur;
1951 2304 2111 2373 justi-

525 2413 613 2467 tiat
658 2411 893 2465 debitum
945 2407 1122 2476 potius
1179 2402 1462 2467 solvimus,
1520 2416 1677 2468 quam
1734 2396 2115 2451 misericordia:

525 2520 685 2572 opera
720 2502 1023 2570 implemus.
1058 2497 1209 2551 Unde
1234 2502 1289 2551 et
1323 2496 1435 2564 ipsa
1472 2491 1680 2547 Veritas
1705 2505 1825 2544 cum
1856 2488 1924 2543 de
1956 2486 2115 2541 mise-

527 2595 757 2653 ricordia
788 2603 943 2648 caute
992 2588 1296 2644 exhibenda
1338 2587 1669 2655 loqueretur,
1722 2580 2118 2635 aitzAttendite

528 2708 588 2742 ne
607 2689 869 2762 justitiam
891 2694 1107 2739 vestrum
1132 2682 1335 2754 faciatis
1367 2696 1540 2733 coram
1576 2677 1861 2731 hominibus
1894 2672 2115 2742 (Matth.

530 2797 605 2848 vr,
644 2778 719 2849 i).
752 2778 849 2833 Cui
879 2790 1090 2847 quoque
1120 2773 1399 2829 sententia:
1430 2772 1587 2826 etiam
1618 2768 1899 2823 Psalmista
1932 2764 2115 2820 conci-

533 2890 667 2931 nens
717 2873 876 2927 dicit:
912 2870 1161 2939 Dispersit
1201 2867 1344 2920 dedit
1392 2863 1723 2933 pauperibus,
1768 2861 1964 2929 iustitia
2009 2861 2119 2929 ejus

533 2978 700 3024 manet
727 2969 779 3021 in
830 2978 1073 3022 wternum
1106 2963 1285 3031 (Psal.
1320 2974 1393 3023 Ci,
1428 2956 1508 3027 9).
1542 2956 1675 3011 Cum
1718 2956 1861 3009 enim
1904 2952 2120 3023 largita-

536 3074 645 3117 tem
700 3064 995 3130 impensam
1053 3054 1372 3126 pauperibus
1421 3051 1785 3119 praemisisset,
1837 3063 1943 3101 non
1984 3047 2120 3099 hanc

535 3170 728 3211 vocare
771 3148 1217 3213 iniserictrdiatn,
1270 3145 1365 3200 sed
1413 3145 1670 3211 justitiam
1733 3140 1948 3205 maluit;
1997 3139 2119 3208 quia

2294 1939 2362 1991 At
2390 1947 2575 1991 contra
2618 1936 2943 1991 admonendi
2985 1946 3125 2003 sunt,
3152 1936 3241 2007 qui
3267 1946 3321 1992 et
3357 1953 3420 1993 ea
3450 1955 3570 2009 quat
3607 1940 3808 1998 habent

2222 2030 2483 2097 tribuunt,
2522 2043 2574 2084 et
2613 2030 2785 2084 aliena
2816 2046 3005 2100 rapere
3044 2046 3150 2085 non
3197 2030 3482 2098 desistunt,
3508 2044 3529 2071 ο
3563 2049 3630 2089 ne
3654 2036 3808 2093 valde

2222 2128 2457 2184 munifici
2489 2129 2658 2183 videri
2701 2140 2975 2199 appetant,
3005 2140 3059 2185 et
3088 2130 3155 2185 de
3197 2129 3323 2184 botti
3353 2131 3533 2200 specie
3570 2132 3807 2187 deterio-

2222 2238 2311 2276 res
2343 2221 2491 2275 fiant.
2541 2222 2605 2277 lli
2640 2223 2837 2277 etenim
2882 2224 3097 2292 propria
3149 2222 3438 2278 indiscrete
3466 2208 3801 2290 tribuentes,

2222 2330 2331 2369 tton
2377 2314 2550 2367 solum
2585 2323 2641 2366 ut
2670 2329 2833 2380 supra
2878 2312 2989 2383 jam
3040 2312 3302 2379 diximus,
3354 2313 3420 2367 ad
3463 2315 3808 2383 impatientia:

2220 2408 2696 2463 murmurationem
2746 2415 3043 2475 proruunt;
3100 2405 3195 2460 sed
3244 2414 3469 2473 cogente
3510 2421 3570 2462 se
3604 2407 3804 2477 inopia,

2224 2514 2393 2569 usque
2439 2500 2504 2551 ad
2536 2498 2811 2552 avaritiam
2864 2498 3241 2554 devolvuntur.
3282 2498 3419 2564 Quid
3456 2513 3585 2569 ergo
3621 2514 3807 2554 eorum

2223 2602 2403 2648 mente
2434 2590 2723 2658 infelicius,
2757 2592 2949 2660 quibus
2978 2591 3045 2646 de
3082 2591 3329 2663 largitate
3362 2593 3597 2646 nascitur
3625 2593 3807 2647 avari-

2226 2686 2319 2748 tia,
2346 2693 2398 2738 et
2430 2692 2769 2753 peccatorum
2801 2697 2956 2753 seges
2986 2683 3135 2753 quasi
3166 2698 3233 2737 ex
3257 2684 3453 2738 virtute
3478 2683 3809 2738 seminatur?

2224 2777 2380 2831 Prius
2407 2776 2609 2845 itaque.
2636 2775 2958 2831 admonendi
2991 2785 3113 2831 sunt
3142 2784 3200 2830 ut
3236 2786 3421 2832 tenere
3449 2792 3543 2831 sua
3575 2779 3811 2831 rationa-

2224 2870 2407 2923 biliter
2436 2869 2628 2935 sciant,
2658 2880 2711 2923 et
2741 2878 2866 2923 tunc
2891 2869 3105 2923 demum
3130 2877 3189 2923 ut
3211 2869 3385 2925 aliena
3415 2885 3519 2924 non
3550 2869 3807 2925 ambiant.

2226 2966 2282 3020 Si
2317 2964 2459 3019 enim
2493 2964 2640 3018 radix
2685 2965 2857 3033 culpa:
2899 2964 2953 3019 in
2984 2964 3095 3033 ipSa
3123 2963 3386 3018 effusione
3412 2978 3517 3018 non
3546 2965 3809 3030 exuritur,

2228 3072 2501 3126 nunquam
2534 3075 2625 3125 per
2653 3072 2833 3111 ramos
2867 3058 3167 3112 exuberans
3213 3054 3453 3109 avaritiae
3482 3056 3633 3125 spina
3660 3056 3689 3092 ά
3720 3059 3811 3112 sic-

2227 3158 2397 3202 catur.
2448 3148 2671 3203 Occasio
2724 3164 2852 3218 ergo
2907 3148 3151 3218 rapiendi
3181 3146 3534 3213 subtrahitur,
3587 3147 3631 3202 si
3681 3147 3814 3202 bene

535 3248 679 3318 quod
710 3265 738 3301 a
769 3243 1057 3327 communi
1088 3239 1315 3295 Domino
1346 3238 1615 3299 tribuitur.
1644 3236 1845 3304 juslllm
1879 3231 2118 3301 profecto
2146 3232 2193 3297 C
2234 3240 2382 3309 prius
2407 3239 2492 3310 jus
2526 3241 2830 3307 possidendi
2887 3240 3226 3310 disponatur.
3270 3238 3312 3292 Τ
3318 3254 3421 3292 unc
3452 3254 3584 3293 vero
3624 3239 3814 3293 admo-

534 3353 633 3403 cst,
667 3350 721 3394 ut
752 3340 1056 3408 quicitnquc
1080 3334 1365 3403 accipiunt,
1397 3346 1461 3385 eo
1488 3327 1843 3384 communiter
1881 3333 2118 3378 utantur.

539 3433 671 3486 llinc
711 3432 874 3484 etiam
930 3428 1185 3483 Salomon
1227 3426 1341 3479 ait:
1377 3424 1476 3489 Qut
1518 3424 1684 3492 iustus
1730 3427 1824 3486 est,
1854 3417 2040 3470 tribuet
2079 3425 2125 3469 et

536 3540 637 3576 non
668 3521 881 3575 cessabit
927 3520 1107 3589 (Prov.
1154 3533 1269 3582 xxi,
1299 3514 1418 3587 26).
1463 3511 1801 3568 Adtnonendi
1844 3518 2125 3579 suntquo-

538 3632 640 3685 que
669 3626 724 3669 ut
748 3614 977 3669 sollicite
1001 3592 1284 3666 attendaul
1307 3608 1448 3678 quod
1481 3609 1705 3663 ficulnea
1750 3623 1866 3675 qua:
1894 3606 2125 3659 fructum

538 3723 644 3761 non
676 3706 879 3771 habuit,
911 3714 1100 3760 contra
1132 3704 1269 3757 hanc
1291 3702 1565 3756 districtus
1594 3699 1823 3768 agricola
1856 3709 2123 3767 queritur,

538 3802 684 3868 quod
740 3800 901 3854 etiam
956 3808 1154 3852 terram
1198 3795 1499 3865 occupavit.
1530 3795 1633 3864 67
1666 3793 1886 3846 Terram
1931 3791 2127 3859 quippe

541 3892 771 3947 liculnea
802 3890 918 3945 sine
948 3889 1122 3944 fructu
1154 3898 1400 3955 occupat,
1432 3886 1648 3955 quando
1679 3898 1830 3938 tneus
1860 3884 2124 3936 tenaciutn

543 3986 643 4039 hoc
670 3984 810 4054 quod
836 3982 1091 4052 prodesse
1150 3980 1329 4034 multis
1361 3989 1591 4049 poterat,
1628 3979 1883 4033 inutiliter
1922 3988 2121 4032 servat.

540 4077 759 4131 Terram
794 4077 1015 4129 ficulnea
1053 4075 1169 4129 sine
1213 4074 1383 4127 fructu
1426 4081 1672 4138 occupat,
1703 4071 1913 4141 quando
1948 4072 2125 4125 locum

541 4184 701 4237 quem
728 4182 978 4223 exercere
1018 4169 1152 4222 alius
1177 4176 1201 4203 ίι
1235 4181 1332 4236 per
1354 4164 1522 4219 solem
1554 4166 1678 4218 boui
1723 4164 1901 4233 operis
1933 4166 2123 4232 valuit,

540 4261 732 4317 stultus
764 4278 857 4331 per
888 4261 1107 4315 desidia:
1140 4260 1381 4316 umbram
1417 4259 1631 4327 premit.

610 4356 873 4410 lliautem
923 4368 1298 4422 nonnunquam
1353 4352 1529 4407 dicere
1581 4352 1754 4406 solent
1796 4351 2125 4409 :Concessis

541 4452 760 4515 utimur,
792 4450 963 4503 aliena
999 4466 1101 4502 non
1133 4448 1442 4517 quaerimus,
1473 4459 1527 4501 et
1557 4447 1603 4500 si
1634 4448 1790 4518 digna
1821 4449 2128 4504 misericor-

538 4548 640 4599 dia:
675 4542 1027 4598 retributione
1070 4557 1175 4595 non
1205 4542 1432 4610 agimus,
1474 4541 1615 4594 nulla
1647 4550 1820 4595 tamen
1870 4556 2125 4610 perversa

2231 3333 2327 3388 ttiti
2376 3332 2615 3397 audiant,
2665 3332 2933 3401 quomodo
2980 3348 3101 3403 quae
3150 3330 3348 3386 habent
3397 3329 3815 3385 misericorditer

2234 3429 2489 3495 tribuant,
2513 3426 2727 3497 quando
2758 3427 3008 3482 nimirum
3030 3427 3333 3486 didicerunt
3352 3440 3411 3485 ut
3432 3431 3570 3486 bona
3600 3429 3814 3485 miseri-

2230 3519 2430 3573 cordiae
2460 3534 2555 3588 per
2582 3518 2915 3587 interiectam
2956 3521 3157 3588 rapinae
3205 3522 3495 3591 nequitiam
3547 3539 3651 3575 tton
3687 3537 3814 3575 cou-

2231 3611 2473 3666 fundant.
2510 3612 2783 3666 Violenter
2816 3614 2957 3666 enim
2985 3614 3275 3682 exquirunt
3301 3631 3419 3684 quae
3448 3614 3816 3669 misericordi-

2233 3715 2311 3759 ter
2332 3706 2647 3775 largiuntur.
2680 3705 2787 3761 Sed
2818 3705 2961 3760 aliud
2992 3716 3073 3760 est
3119 3720 3215 3775 pro
3248 3706 3478 3774 peccatis
3509 3705 3817 3760 misericor-

2236 3800 2379 3854 diam
2422 3800 2620 3864 facere,
2664 3799 2809 3854 aliud
2861 3814 2957 3870 pro
3002 3798 3369 3854 misericordia
3408 3798 3646 3854 facienda
3699 3814 3819 3868 pec-

2234 3908 2357 3946 care
2386 3910 2397 3944 :
2424 3892 2669 3962 quzejam
2713 3907 3051 3962 nequaquam
3100 3891 3465 3946 misericordia
3515 3890 3819 3960 nuncupari

2237 3993 2431 4055 potest,
2464 3985 2586 4055 quia
2618 3985 2684 4039 ad
2706 3985 2916 4041 dulcem
2947 3985 3179 4040 fructum
3215 3998 3318 4038 nou
3348 3980 3556 4051 prolicit
3580 3999 3703 4050 quae
3729 3997 3820 4053 per

2234 4076 2383 4130 virus
2430 4079 2697 4146 pestilera:
2750 4077 2947 4132 radicis
2996 4077 3301 4131 amarescit.
3368 4075 3502 4131 Hinc
3549 4086 3628 4129 est
3679 4076 3821 4130 enint

2234 4170 2374 4238 quod
2420 4170 2532 4238 ipsa
2564 4171 2723 4225 etiam
2753 4170 3018 4225 sacrificia
3069 4187 3164 4239 per
3194 4168 3510 4241 prophetam
3558 4169 3822 4223 Dominus

2240 4264 2513 4331 reprobat,
2545 4264 2732 4319 dicens
2758 4283 2770 4316 :
2808 4264 2919 4334 Ego
2944 4264 3198 4318 Dominus
3228 4264 3449 4333 diligens
3466 4263 3752 4334 judicium,
3778 4272 3822 4316 et

2235 4358 2354 4413 odio
2407 4357 2598 4411 habens
2650 4359 2890 4426 rapinam
2951 4358 3004 4411 in
3046 4358 3350 4411 holocausta
3397 4353 3551 4424 (Isai.
3597 4368 3705 4415 ut,
3740 4351 3821 4420 8).

2235 4452 2370 4508 lliuc
2408 4452 2599 4506 iterum
2645 4451 2821 4507 dixit:
2860 4450 3061 4505 Hostile
3108 4450 3382 4519 impiorum
3428 4447 3818 4509 abominabiles,

2231 4560 2347 4613 qua:
2376 4546 2487 4616 68
2528 4542 2827 4611 o/feruntur‘
2869 4559 2933 4595 ea:
2966 4544 3152 4597 scelere
3194 4539 3377 4611 (Prov.
3422 4555 3529 4605 χιι,
3570 4538 3682 4607 27).
3722 4536 3822 4603 Qui

541 4646 931 4704 perpetramus.
983 4633 1135 4702 Quod
1169 4633 1368 4688 idcirco
1406 4635 1663 4698 sentiunt,
1702 4635 1823 4703 quia
1872 4635 2125 4688 videlicet
2163 4631 2208 4689 D
2237 4652 2379 4701 saepe
2410 4650 2622 4704 quoque
2669 4644 2724 4689 et
2779 4634 3137 4703 indigentibus
3181 4632 3504 4687 subtrahunt
3549 4646 3670 4700 qua:
3714 4630 3823 4683 Deo

539 4746 719 4782 aurem
759 4728 938 4783 cordis
967 4742 997 4781 a
1046 4727 1227 4782 verbis
1274 4726 1585 4781 cmlcstibus
1634 4726 1907 4780 claudunt.
1944 4726 2128 4796 Neque

542 4824 683 4876 enim
711 4824 858 4876 dives
893 4821 944 4876 itt
992 4820 1306 4891 Evangelia,
1340 4819 1429 4887 qui
1463 4817 1781 4873 induebatur
1812 4832 2045 4885 purpura
2073 4826 2129 4871 et

544 4917 724 4985 bysso,
758 4917 848 4984 qui
878 4918 1197 4983 epulabatur
1235 4912 1473 4982 quotidie
1515 4910 1799 4980 splendide
1826 4909 1978 4981 (Luc.
2014 4926 2122 4973 xvi,

546 5009 634 5074 i9,
670 5007 825 5077 seq.),
869 5008 1042 5062 aliena
1083 5007 1346 5076 rapuisse,
1397 5002 1492 5058 sed
1538 5002 1867 5057 infructuose
1899 5003 2127 5069 propriis

544 5117 669 5156 usus
696 5102 860 5156 fuisse
902 5100 1233 5169 perhibetur,
1266 5111 1494 5167 eumque
1525 5106 1642 5165 post
1688 5095 1825 5147 hanc
1857 5095 2015 5148 vitam
2048 5094 2127 5147 ul-

545 5202 643 5253 trix
660 5198 901 5265 gelteuna
923 5196 1172 5262 suscepit,
1191 5209 1293 5248 non
1316 5194 1439 5259 quia
1461 5189 1659 5259 aliquid
1679 5188 1921 5243 illicitum
1941 5187 2125 5257 gessit,

612 5332 639 5360 ιι
670 5322 883 5373 Caruot.
940 5318 1164 5385 primus,
1214 5331 1305 5381 per
1350 5317 1572 5370 sobolem
1621 5314 1737 5367 bont
1783 5312 1989 5385 operis;
2031 5310 2119 5385 alii

542 5382 953 5452 contradicunt,
1005 5386 1323 5453 aliundeque
1377 5387 1656 5455 legendum
1713 5384 1872 5437 solem
1932 5382 2122 5451 probat

544 5468 735 5518 umbra:
764 5460 1054 5528 oppositio.

618 5538 640 5573 υ
666 5526 925 5596 Corrupto
954 5530 1137 5592 Guss.,
1186 5529 1331 5600 quasi
1361 5526 1814 5600 ariditate__radigis
1860 5526 2115 5600 exsiccet:—

547 5619 647 5661 την.
698 5594 934 5657 Lectioui
987 5594 1401 5655 nostra'l’avent
1430 5597 1535 5649 duo
1588 5596 1710 5649 Mss.
1742 5597 1802 5650 S.
1853 5594 2035 5650 Germ.
2066 5605 2121 5650 et

543 5678 742 5731 umeri.
797 5672 951 5732 Ratio
1010 5688 1218 5739 quoque
1259 5669 1608 5731 suffragatur;
1660 5682 1780 5718 nam
1826 5678 2119 5721 enecentur

544 5752 747 5812 optime
767 5751 994 5798 reiertur
1016 5744 1079 5797 ad
1108 5760 1167 5797 ea
1199 5756 1317 5811 quae
1340 5739 1647 5794 immediate
1670 5739 1944 5806 praemissa
1972 5750 2123 5796 sunt:

544 5820 707 5875 ictum,
726 5816 921 5875 securis
948 5816 1126 5881 uiciute
1150 5813 1485 5883 praeciderint.

617 5896 641 5925 '
670 5886 889 5948 Excusi,
927 5880 1235 5941 inconsultis
1266 5884 1413 5949 “25.,
1452 5899 1511 5935 ne
1541 5881 1662 5935 dum
1706 5880 1855 5935 ualde
1893 5880 2125 5947 muniﬁci

2236 4729 2554 4799 largiuntur.
2590 4726 2695 4782 Sed
2742 4737 2936 4796 quanta
2981 4741 3075 4781 eos
3118 4724 3583 4781 animadversione
3615 4731 3811 4778 renuat

2238 4832 2261 4859 ο
2302 4840 2396 4891 per
2422 4822 2707 4892 quemdam
2746 4823 3043 4889 sapientem
3079 4821 3335 4875 Dominus
3361 4818 3715 4881 demonstrat,
3743 4816 3823 4868 di-

2231 4929 2360 4969 cetis
2386 4932 2399 4968 :
2430 4915 2528 4981 Qui
2575 4914 2722 4982 o/fert
2760 4916 3070 4984 sacriﬁcium
3116 4916 3177 4967 de
3224 4914 3512 4966 substantia
3551 4910 3819 4981 pauperis,

2230 5006 2377 5076 quasi
2405 5006 2494 5076 qui
2519 5007 2743 5060 oictimat
2774 5007 2939 5073 ﬁlium
2987 5007 3040 5059 in
3082 5018 3350 5076 conspectu
3391 5004 3555 5073 patris
3584 5002 3663 5054 sui
3687 4999 3822 5071 (Ec-

2236 5098 2325 5151 cli.
2359 5113 2539 5153 xxxiv.
2571 5097 2687 5165 24).
2716 5096 2857 5165 Quid
2885 5114 3114 5168 namque
3144 5115 3262 5154 esse
3295 5094 3679 5151 intolerabilius
3732 5108 3827 5162 po-

2240 5198 2365 5257 test,
2396 5206 2553 5260 quam
2583 5207 2730 5247 mors
2768 5191 2859 5247 lilii
2902 5204 3024 5249 ante
3054 5192 3235 5247 oculos
3258 5188 3461 5255 patris?
3492 5190 3602 5247 lloc
3648 5189 3827 5259 itaque

2226 5312 2391 5366 videri
2419 5320 2686 5380 appetunt,
2710 5309 2773 5362 de
2800 5309 2933 5362 boni.

2300 5381 2327 5420 ά
2352 5380 2573 5437 Caruot.
2606 5380 2898 5443 secundus,
2933 5389 3151 5432 secatur.

2355 5454 2468 5505 Duo
2515 5452 2722 5520 priores
2759 5451 2991 5513 Gentet.,
3044 5465 3134 5519 per
3180 5447 3530 5503 Salomonem.
3566 5444 3622 5500 In
3654 5443 3823 5497 Trec.

2231 5525 2446 5591 legitur,
2502 5524 2776 5593 quemdam
2834 5524 3138 5593 sapientem.
3212 5520 3362 5593 Atin
3394 5532 3562 5584 marg.
3609 5523 3830 5593 notatur

2230 5584 2443 5651 eadem,
2472 5584 2654 5659 manu,
2690 5598 2822 5664 Aput
2872 5592 3225 5664 Salonianum,
3258 5590 3310 5644 id
3360 5597 3465 5647 est,
3511 5587 3658 5664 apud
3704 5584 3826 5664 Sal.

2230 5669 2361 5723 Nam
2413 5670 2463 5721 itt
2507 5677 2613 5721 vet.
2645 5657 2790 5719 Mss.
2841 5674 2859 5716 t
2903 5680 2995 5730 pro
3042 5663 3076 5713 ιι
3124 5662 3261 5716 solet
3310 5658 3573 5730 usurpari.
3610 5657 3827 5730 (Eadem

2238 5751 2363 5795 nota
2403 5741 2595 5810 legitur
2634 5736 2875 5810 infmia
2904 5726 3179 5810 haecad.
3242 5734 3293 5787 in
3344 5726 3577 5786 Admon.
3607 5726 3698 5792 3i,
3735 5726 3828 5781 ubi

2238 5805 2483 5868 laudatur
2506 5810 2642 5864 alius
2676 5805 3040 5862 Ecclesiastici
3072 5806 3236 5860 lucus.
