4036 6346
274 355 335 412 89
1051 350 1352 407 REGULE
1392 347 1813 408 PASTORALIS
1852 345 2074 402 LIBER.
2116 374 2185 387 —-
2223 344 2398 401 PARS
2434 344 2712 401 TERTIA.
3443 343 3515 395 90

271 469 585 527 sacriﬁcium
628 479 825 539 quanta
869 470 944 524 ira
992 469 1279 539 aSpiciatur
1331 468 1651 533 ostenditur,
1700 462 1840 535 quod
1866 462 2283 524 Acontenliones
2322 468 2442 514 sunt
2488 461 2540 514 in
2586 461 2738 515 corde
2764 468 2947 527 vestro,
3000 460 3156 513 nolite
3202 459 3433 529 gloriari,
3464 467 3516 513 et

270 564 430 631 orbati
462 564 634 631 patris
656 562 828 617 dolori
850 570 1211 627 comparatur.
1242 560 1309 614 Et
1332 570 1507 615 tamen
1530 559 1842 628 plerumque

266 664 454 728 quanta
515 655 775 719 tribuunt,
830 664 1088 724 pensant;
1130 662 1327 721 quanta
1383 661 1559 707 autem
1606 651 1837 719 rapiunt,

264 748 605 805 considerare
629 747 985 802 dissimulant.
1012 743 1172 810 Quasi
1202 744 1501 799 mercedem
1534 750 1836 806 numerant,

262 855 313 900 et
337 842 674 911 perpendere
702 839 884 907 culpas
927 846 1196 892 recusant.
1227 837 1456 892 Audiant
1493 836 1670 905 itaque
1696 833 1837 903 quod

261 936 513 1003 scripturn
557 939 678 987 est:
707 932 807 997 Qui
838 930 1088 983 mercedes
1126 928 1471 999 congregavit,
1504 926 1637 979 misit
1677 941 1761 979 eas
1786 926 1841 979 in

260 1026 519 1081 saceulam
566 1034 828 1090 pertusum
879 1021 1097 1092 (Aggwi.
1142 1020 1239 1089 v1).
1288 1020 1344 1073 In
1395 1019 1611 1072 sacculo
1642 1019 1838 1086 quippe

261 1128 480 1189 pertuso
546 1115 791 1181 videtur,
860 1112 1070 1183 quando
1144 1111 1364 1181 pecunia
1431 1111 1685 1175 mittitur;
1746 1108 1841 1164 sed

262 1209 477 1281 quando
534 1207 818 1271 amittitur,
877 1220 984 1260 non
1038 1204 1271 1259 videtur.
1324 1203 1423 1270 Qui
1484 1218 1610 1271 ergo
1645 1209 1841 1271 quanta

258 1303 563 1373 largiuntur
590 1298 876 1368 aspiciunt,
902 1298 996 1352 sed
1029 1307 1284 1365 quantum
1320 1297 1531 1365 rapiunt
1573 1309 1679 1348 non
1722 1308 1842 1361 per-

259 1399 523 1470 pendunt,
560 1397 611 1449 in
636 1404 853 1465 pertuso
887 1393 1100 1449 sacculo
1130 1392 1405 1446 mercedes
1448 1389 1687 1455 mittunt,
1720 1388 1840 1457 quia

263 1494 504 1564 proiecto
526 1490 621 1545 bas
647 1500 670 1526 ³
696 1490 749 1543 in
780 1503 926 1557 spem
970 1502 1080 1542 suae
1110 1486 1318 1540 ﬁducia:
1349 1485 1615 1539 intuentes
1648 1496 1843 1549 conge-

267 1594 415 1651 runt,
444 1581 535 1636 sed
568 1596 671 1635 non
696 1580 968 1634 intuentes
998 1578 1244 1647 perdunt.

612 1696 839 1751 CAPUT
881 1693 1067 1749 XXIII.
1112 1690 1220 1765 [Αι.
1254 1687 1483 1758 XLVI].

369 1790 638 1857 Quomodo
674 1786 979 1841 admonendi
1010 1794 1126 1839 sunt
1166 1780 1425 1835 discordes
1463 1788 1510 1834 et
1538 1791 1728 1851 pacati.

331 1900 655 1970 (Admonitio
686 1897 801 1967 25.)
842 1896 1009 1950 Aliter
1034 1890 1357 1947 admonendi
1389 1897 1515 1945 sunt
1543 1886 1835 1956 discordes,

257 2003 417 2063 atque
472 1991 627 2046 aliter
682 1988 877 2058 pacati.
925 1984 1210 2040 Discordes
1256 1996 1482 2051 namque
1520 1978 1840 2035 admonendi

256 2096 383 2142 sunt
404 2098 461 2139 nt
490 2084 790 2139 certissime
816 2083 987 2135 sciant
1029 2079 1151 2149 quia
1182 2076 1528 2148 quantislibet
1556 2076 1841 2131 virtutibus

259 2181 521 2247 polleant,
553 2177 823 2245 Spiritales
850 2173 964 2229 lieri
998 2172 1304 2227 nullatenus
1337 2180 1580 2241 possunt,
1622 2170 1667 2224 si
1698 2167 1840 2223 uniri

254 2289 355 2343 per
379 2273 719 2327 concordiam
749 2267 1002 2338 proximis
1026 2264 1317 2335 negligunt.
1344 2262 1613 2332 Scriptum
1641 2262 1841 2331 quippe

255 2372 338 2417 est
373 2380 383 2415 :
419 2360 645 2413 Fructus
686 2369 855 2411 autem
902 2355 1111 2425 spiritus
1161 2364 1235 2406 est
1281 2352 1523 2413 charitas,
1569 2351 1837 2421 gaudium,

255 2468 365 2520 pax
403 2448 549 2517 (Gal.
577 2465 627 2515 ν,
660 2446 776 2516 2‘2).
810 2445 906 2512 Qui
954 2459 1081 2514 ergo
1118 2456 1335 2496 servare
1368 2455 1551 2511 pacem
1600 2454 1705 2494 non
1744 2454 1842 2494 cu-

256 2553 367 2608 rat,
400 2543 537 2596 lerre
568 2540 799 2594 fructum
831 2537 1051 2603 spiritus
1081 2542 1310 2588 recusat.
1346 2531 1479 2586 llinc
1510 2531 1704 2585 Paulus
1730 2530 1837 2586 ait:

256 2637 388 2691 Cum
435 2636 651 2688 sitinter
682 2647 769 2684 vos
798 2630 937 2683 zelus
989 2638 1035 2680 et
1080 2626 1359 2688 contentio,
1401 2639 1569 2677 nonne
1605 2622 1842 2677 carnales

254 2730 383 2782 estis
414 2724 467 2795 (Ι
502 2724 619 2778 Cor.
654 2738 735 2790 ιιι,
770 2720 863 2788 5)?
888 2719 1018 2773 llinc
1050 2718 1243 2772 iterum
1274 2730 1489 2786 quoque
1536 2715 1666 2769 dicit
1695 2731 1707 2767 :
1735 2714 1840 2767 Pa-

253 2836 365 2873 cem
406 2816 674 2886 sequimini
714 2829 832 2868 cunt
879 2810 1136 2875 ontnibus,
1192 2818 1239 2861 et
1289 2808 1701 2871 sanctimoniam,
1732 2806 1843 2859 sine

252 2932 357 2983 qua
387 2927 534 2965 nemo
560 2908 740 2963 videbit
771 2905 935 2960 Deum
960 2903 1145 2978 (Hebr.
1186 2917 1279 2968 xu,
1310 2899 1425 2969 14).
1468 2899 1602 2954 Hinc
1630 2914 1841 2953 rursum

252 3009 560 3063 admonens
611 3003 684 3056 ait
713 3019 724 3054 :
753 2999 979 3055 Solliciti
1009 3011 1205 3050 servare
1251 2995 1499 3048 unitatem
1545 2993 1752 3062 spiritus
1789 2991 1842 3044 in

252 3097 471 3154 vinculo
524 3096 886 3164 pacis:unum
944 3105 1129 3159 corpus
1168 3096 1217 3141 et
1261 3102 1394 3140 unus
1432 3086 1665 3154 spiritus,
1709 3084 1841 3139 sicut

253 3193 431 3248 vocati
453 3190 571 3245 estis
593 3190 643 3242 in
669 3205 768 3241 una
790 3202 879 3255 spe
916 3183 1194 3238 vocationis
1222 3188 1403 3235 vestra:
1429 3179 1646 3252 (Ephes.
1679 3193 1752 3244 tv,
1782 3177 1835 3244 3,

1872 1839 1921 1901 Β

1945 556 2208 609 mendaces
2228 571 2337 610 esse
2354 558 2618 609 adversum
2638 553 2918 607 veritatem.
2947 550 3068 606 Non
3094 561 3169 605 est
3198 551 3295 604 ista
3314 551 3517 622 sapien-

1944 652 2014 703 tia
2042 652 2308 704 desursum
2336 649 2664 710 descendens,
2698 647 2787 700 sed
2825 655 3049 709 terrena,
3101 644 3360 709 animalis,
3403 645 3519 696 dia-

1943 744 2125 799 bolica.
2181 745 2307 811 Qua:
2359 751 2527 796 autem
2575 743 2841 795 desursum
2883 747 2955 793 est
3003 737 3250 802 sapientia
3298 738 3519 806 primunt

1942 835 2149 904 quidem
2189 834 2376 904 pudica
2417 841 2512 899 est,
2542 831 2725 883 deinde
2776 825 3164 900 paciﬁca(1ac.
3198 841 3275 889 ιιι,
3310 828 3397 893 Μ,
3430 825 3517 891 15,

1945 926 2058 995 17).
2092 925 2282 979 Punica
2314 924 2581 991 videlicet,
2634 922 2757 991 quia
2796 929 2944 974 caste
2989 918 3265 988 intelligit;
3302 917 3519 985 paciﬁca

1944 1027 2142 1082 autem,
2175 1014 2202 1051 ά
2228 1014 2350 1083 quia
2378 1029 2476 1083 per
2513 1012 2798 1068 elationem
2848 1026 2907 1065 se
2936 1009 3155 1064 minime
3182 1024 3211 1062 a
3242 1008 3521 1077 proximo-

1942 1124 2057 1164 rum
2085 1108 2341 1162 societate
2361 1105 2636 1177 disjungit.
2662 1102 3000 1159 Admoneudi
3028 1111 3152 1157 sunt
3172 1100 3517 1165 dissidentes,

1944 1212 2003 1257 ut
2032 1203 2281 1257 noverint
2307 1201 2448 1269 quod
2479 1200 2660 1255 tandiu
2688 1200 2894 1254 nullum
2938 1199 3062 1254 boni
3092 1198 3268 1266 aperis
3294 1197 3405 1251 Deo
3435 1210 3521 1249 sa-

1942 1298 2202 1351 criﬁcium
2250 1295 2549 1359 immolant,
2578 1294 2810 1363 quandiu
2859 1308 2889 1346 a
2937 1294 3299 1362 proximorum
3344 1289 3522 1343 chari-

1946 1398 2053 1443 tate
2082 1387 2409 1442 discordant.
2442 1387 2710 1455 Scriptum
2740 1400 2969 1453 namque
2999 1394 3080 1439 est
3104 1402 3116 1437 :
3145 1383 3207 1440 Si
3234 1384 3384 1452 offers
3407 1399 3521 1436 mu-

1943 1497 2039 1535 nus
2069 1490 2208 1534 tuum
2236 1481 2303 1534 ad
2329 1480 2514 1544 altare,
2541 1488 2587 1533 et
2610 1480 2681 1532 ibi
2705 1479 3001 1532 recordatus
3030 1478 3188 1547 fueris
3217 1478 3337 1547 quia
3365 1479 3523 1546 frater

1942 1583 2057 1628 tuus
2098 1572 2242 1626 habet
2291 1571 2487 1640 aliquid
2533 1571 2802 1623 adversum
2845 1580 2911 1636 te,
2963 1570 3190 1637 relinque
3230 1566 3300 1619 ibi
3336 1583 3523 1620 munus

1944 1675 2086 1720 tuum
2114 1674 2231 1718 ante
2257 1667 2441 1729 altare,
2477 1672 2523 1717 et
2560 1662 2684 1717 vade
2712 1664 2857 1731 prius
2880 1659 3200 1714 reconciliari
3229 1659 3378 1731 fratri
3407 1666 3520 1729 tuo,

1943 1772 1989 1814 et
2036 1769 2155 1814 tune
2199 1759 2400 1813 veniens
2448 1756 2628 1826 offeres
2672 1770 2859 1831 munus
2907 1770 3049 1808 tuum
3081 1751 3293 1825 (Matth.
3338 1767 3391 1817 ν,
3423 1750 3516 1819 28,

1944 1854 2061 1926 24).
2112 1854 2185 1908 Es
2248 1867 2354 1918 qua
2410 1851 2615 1906 scilicet
2667 1850 3024 1919 praeceptione
3066 1844 3397 1917 pensandum
3442 1852 3523 1900 est

1944 1961 2167 2018 quorum
2219 1945 2389 1999 ltostia
2432 1941 2731 2011 repellitur,
2776 1956 2933 2010 quam
2986 1936 3336 1994 intolerabilis
3363 1936 3522 2006 culpa

1945 2046 2289 2093 monstratur.
2325 2035 2456 2090 Nam
2487 2050 2606 2089 cum
2649 2033 2790 2088 mala
2845 2041 3033 2086 cuncta
3063 2031 3220 2085 bonis
3248 2029 3521 2099 sequenti-

1945 2130 2045 2185 bus
2075 2129 2365 2191 diluantur,
2413 2140 2698 2197 pensemus
2747 2133 2943 2194 quanta
2993 2123 3099 2178 sint
3141 2124 3277 2176 mala
3307 2122 3521 2176 discor-

1944 2221 2067 2286 diae,
2116 2236 2235 2290 quaa
2286 2218 2385 2273 nisi
2438 2219 2708 2275 exstincta
2763 2216 2998 2271 funditus
3053 2214 3272 2281 fuerint,
3320 2213 3519 2268 bonum

1943 2312 2196 2383 subsequi
2240 2326 2345 2365 non
2397 2310 2724 2379 permittunt.
2780 2306 3115 2362 Admonendi
3159 2315 3284 2361 sunt
3312 2304 3521 2361 discor-

1945 2406 2060 2472 des,
2101 2414 2160 2460 ut
2198 2404 2243 2459 si
2285 2419 2441 2458 aures
2470 2419 2502 2457 a
2532 2401 2792 2457 mandatis
2840 2401 3147 2456 crelestibus
3173 2408 3197 2437 ο
3227 2399 3523 2464 declinant,

1947 2498 2143 2554 mentis
2184 2496 2370 2550 oculos
2418 2495 2485 2549 ad
2532 2494 2921 2549 consideranda
2966 2508 3028 2547 ea
3075 2508 3195 2563 qua:
3224 2492 3278 2547 in
3323 2492 3523 2547 inlimis

1949 2597 2230 2645 versantur
2258 2587 2533 2656 aperiant;
2566 2585 2707 2654 quod
2738 2599 2881 2653 stepe
2910 2599 3036 2639 aves
3068 2584 3222 2639 unius
3251 2583 3523 2652 ejusdem-

1945 2696 2050 2750 que
2071 2680 2284 2749 generis
2313 2694 2435 2735 sese
2461 2676 2733 2732 socialiter
2756 2676 2982 2731 volando
3009 2691 3114 2731 non
3155 2675 3430 2740 deserunt,
3460 2684 3520 2730 et

1945 2777 2085 2847 quod
2131 2775 2389 2846 gregatim
2437 2772 2687 2829 animalia
2737 2771 2891 2827 bruta
2941 2778 3251 2839 pascuntur.
3302 2767 3435 2837 Quia
3471 2766 3523 2822 si

1944 2869 2170 2925 solerter
2224 2866 2545 2935 aspicimus,
2602 2861 2978 2918 concordaudo
3029 2862 3133 2916 sibi
3193 2858 3518 2915 irrationalis

1945 2970 2131 3017 natura
2160 2958 2378 3026 indicat,
2410 2966 2670 3028 quantum
2714 2956 2911 3010 malum
2958 2970 3051 3025 per
3077 2953 3402 3009 discordiam
3434 2965 3520 3006 ra-

1945 3054 2162 3111 tionalis
2192 3062 2382 3108 natura
2410 3050 2728 3116 committat,
2758 3050 2969 3119 quando
3016 3050 3129 3104 haec
3161 3047 3182 3086 ί
3214 3062 3245 3101 a
3296 3045 3521 3101 rationis

1946 3148 2244 3204 intentione
2271 3143 2521 3215 perdidit,
2554 3143 2697 3213 quod
2725 3141 2815 3197 illa
2841 3151 2987 3196 motu
3017 3140 3241 3194 naturali
3264 3137 3516 3193 custodit.

355 3243 641 3340 "Adimam
680 3243 1130 3351 ergo'vocationis
1169 3290 1318 3346 spem
1358 3243 1690 3343 nequaquam
1720 3287 1842 3342 per-
1869 3243 1916 3305 θ’
2021 3266 2090 3320 At
2118 3273 2302 3321 contra
2331 3258 2651 3316 admonendi
2694 3270 2816 3313 sunt
2862 3260 3063 3327 pacati,
3111 3272 3179 3312 ne
3221 3256 3346 3309 dum
3396 3257 3518 3326 plus

256 3380 507 3450 tingitur,
538 3376 583 3431 si
621 3391 725 3429 non
760 3373 828 3427 ad
869 3388 985 3426 eam
1033 3372 1178 3425 unita
1225 3383 1344 3422 cum
1375 3366 1634 3437 proximis
1664 3373 1845 3419 mente

260 3483 527 3528 curratur.
562 3470 628 3523 At
664 3483 809 3538 saepe
838 3465 1076 3520 nonnulli
1109 3478 1216 3534 quo
1245 3460 1492 3531 quasdam
1539 3458 1846 3529 specialiter

264 3566 406 3620 dona
436 3563 758 3633 percipiunt,
806 3574 871 3613 eo
905 3554 1265 3628 superbiendo
1296 3553 1496 3607 donum
1542 3548 1847 3604 concordia:

270 3655 412 3726 quod
444 3654 614 3724 majus
642 3663 745 3717 est,
777 3651 1025 3704 amittunt
1049 3666 1064 3713 ;
1097 3658 1151 3701 ut
1173 3646 1218 3700 si
1246 3645 1472 3699 fortasse
1500 3656 1715 3697 carnem
1737 3655 1850 3708 prae

272 3748 479 3802 ueteris
520 3746 661 3816 gula:
701 3742 1057 3798 refrenatione
1088 3740 1206 3807 quis
1246 3738 1484 3801 edomat,
1518 3732 1852 3790 concordare

269 3840 353 3893 eis
383 3852 515 3907 quos
543 3844 761 3905 superat
788 3830 1107 3887 abstinendo
1131 3836 1465 3885 contemnat.
1495 3825 1601 3881 Sed
1632 3827 1720 3895 qui
1751 3823 1850 3877 ab-

269 3929 578 3984 stinentiam
605 3945 634 3981 a
663 3924 947 3981 concordia
976 3932 1210 3992 separat,
1238 3918 1363 3990 quid
1389 3918 1674 3972 admoneat
1704 3915 1853 3971 Psal-

267 4023 438 4078 mista
468 4020 787 4090 perpendat;
817 4017 893 4072 ait
921 4015 1063 4071 enim
1091 4034 1102 4068 :
1131 4013 1361 4069 Laudate
1389 4028 1502 4067 eum
1532 4012 1585 4065 in
1612 4022 1854 4080 tympano

270 4122 319 4168 et
350 4112 513 4165 choro
543 4109 711 4182 (Psal.
744 4124 829 4172 CL,
862 4105 939 4177 4).
977 4107 1030 4161 In
1062 4116 1314 4177 tympano
1342 4118 1573 4172 namque
1620 4102 1759 4155 sicca
1802 4110 1858 4156 et

273 4217 531 4275 percussa
563 4202 715 4271 pellis
750 4207 988 4264 resonat,
1022 4200 1074 4253 in
1105 4198 1271 4252 choro
1314 4205 1492 4250 autem
1521 4192 1549 4232 δ
1581 4207 1739 4248 voces
1764 4208 1855 4247 so-

274 4301 471 4355 cietate
499 4294 848 4353 concordant.
901 4291 1149 4361 Quisquis
1180 4292 1359 4356 itaque
1407 4302 1600 4356 corpus
1644 4284 1855 4355 afﬂigit,

274 4390 374 4446 sed
398 4388 737 4444 concordiam
765 4386 984 4447 deserit,
1011 4385 1173 4439 Deum
1196 4381 1409 4453 quidem
1436 4380 1616 4434 laudat
1641 4378 1693 4432 in
1721 4389 1861 4448 tym-

276 4498 439 4554 pano,
488 4482 582 4538 sed
633 4497 739 4536 non
792 4480 969 4535 laudat
994 4479 1044 4533 in
1099 4478 1283 4532 choro.
1342 4475 1495 4544 Saepe
1542 4488 1671 4529 vero
1725 4473 1850 4526 dum

278 4574 540 4643 quosdam
575 4571 745 4641 major
786 4570 1004 4625 scientia
1037 4568 1217 4639 erigit,
1250 4582 1280 4621 a
1319 4578 1636 4620 cmterorutu
1683 4564 1855 4619 socie-

1949 3373 2107 3428 quam
2140 3370 2360 3411 necesse
2388 3364 2491 3417 est,
2523 3364 2708 3420 pacem
2738 3364 2897 3418 quam
2930 3348 3205 3418 possident
3230 3357 3433 3413 amant,
3457 3347 3524 3402 ad

1953 3459 2260 3519 perpetuam
2293 3444 2572 3515 pervenire
2598 3459 2703 3498 non
2734 3450 3006 3512 appetant.
3034 3440 3355 3509 Plerumque
3377 3440 3520 3495 enim

1950 3540 2161 3611 gravius
2215 3536 2568 3592 intentionem
2614 3535 2874 3590 mentium
2932 3548 3114 3588 rerum
3168 3532 3527 3602 tranquillitas

1954 3644 2119 3689 tentat
2145 3648 2158 3698 ;
2186 3641 2243 3685 ut
2268 3645 2373 3700 quo
2403 3642 2509 3683 non
2534 3636 2661 3684 sunt
2691 3626 2913 3679 molesta
2944 3639 3061 3695 quas
3093 3633 3295 3688 tenent,
3327 3640 3392 3677 eo
3418 3624 3519 3677 mi-

1954 3742 2054 3782 nus
2098 3722 2344 3778 amabilia
2399 3720 2527 3775 [iant
2574 3734 2691 3789 quze
2741 3723 2964 3782 vocant;
3006 3724 3061 3772 et
3106 3730 3212 3785 quo
3263 3713 3533 3769 delectant

1956 3817 2272 3891 praesentia,
2304 3832 2368 3872 eo
2396 3830 2501 3870 non
2531 3812 2870 3883 inquirantnr
2910 3819 3133 3865 interna.
3167 3806 3317 3864 Unde
3354 3816 3407 3861 et
3436 3820 3531 3875 per

1956 3914 2296 3982 semetipsam
2315 3910 2527 3966 Veritas
2558 3911 2807 3977 loquens,
2837 3920 2957 3960 cum
2991 3918 3258 3959 terrenam
3292 3916 3475 3971 pacem
3496 3915 3529 3956 a

1958 4021 2188 4077 superna
2219 4005 2590 4073 distingueret,
2614 4009 2780 4070 atque
2809 3999 2877 4053 ad
2914 4006 3193 4052 venturam
3237 3996 3532 4064 discipulos

1959 4117 2024 4158 ex
2054 4098 2301 4170 prasenti
2340 4102 2690 4164 provocaret,
2716 4092 2826 4144 ait:
2862 4087 3048 4142 Pacem
3091 4087 3319 4155 relinquo
3362 4084 3535 4151 vobis,

1960 4210 2137 4267 pacem
2164 4207 2329 4245 meam
2355 4190 2421 4242 do
2449 4187 2587 4240 vobis
2611 4183 2790 4255 (Joan.
2824 4197 2931 4247 xw,
2958 4181 3074 4246 27).
3101 4180 3362 4247 Relinque
3390 4177 3534 4231 scili-

1962 4297 2048 4343 cet
2092 4286 2479 4349 transitoziam,
2511 4282 2582 4337 do
2610 4294 2935 4335 mansuram.
2980 4276 3037 4331 Si
3075 4289 3203 4344 ergo
3254 4274 3305 4327 in
3351 4287 3414 4327 ea
3443 4286 3538 4326 cor

1964 4395 2083 4449 quae
2111 4378 2291 4433 relicta
2323 4385 2404 4431 est
2428 4376 2625 4444 ﬁgitur,
2656 4384 2925 4439 nunquam
2947 4366 3015 4422 ad
3046 4366 3191 4420 illam
3220 4379 3336 4433 qum.
3359 4362 3535 4416 danda

1966 4484 2068 4539 est,
2099 4470 2423 4544 pervenitur.
2454 4469 2560 4522 Pax
2586 4467 2746 4535 igitur
2775 4475 3009 4533 praesens
3040 4463 3109 4513 ita
3154 4455 3380 4513 tenenda
3417 4463 3502 4509 est
3524 4492 3540 4519 ,

1967 4578 2106 4625 etut
2145 4565 2287 4635 diligi
2316 4564 2509 4617 debeat
2537 4570 2590 4616 et
2628 4557 2933 4619 contemni;
2986 4568 3054 4608 ne
3100 4551 3145 4605 si
3191 4546 3542 4603 immoderate

281 4632 391 4721 tate
420 4632 703 4734 disjungii,
728 4672 781 4717 et
810 4662 960 4732 quasi
989 4676 1097 4729 quo
1120 4632 1263 4727 'plus
1298 4656 1535 4728 sapiunt,
1565 4672 1629 4709 eo
1663 4669 1704 4725 ,a
1731 4670 1861 4710 con-
1897 4632 1942 4692 θ
1972 4632 2522 4728 όὶιίείῑυτίώιίεθηιίε
2550 4653 2763 4706 animus
2806 4650 2858 4703 in
2900 4648 3051 4714 culpa
3096 4642 3356 4711 capiatur.
3393 4637 3542 4694 Unde

280 4758 483 4815 cordia:
530 4758 727 4811 virtute
772 4754 1121 4821 desipiscunt.
1156 4750 1216 4805 Hi
1266 4751 1443 4818 itaque
1492 4746 1711 4802 audiant
1737 4747 1866 4816 quid

280 4866 379 4921 per
407 4850 753 4917 semetipsam
790 4847 995 4901 Veritas
1038 4843 1180 4898 dicat
1213 4861 1225 4895 :
1263 4841 1460 4897 llabete
1488 4840 1566 4894 sal
1611 4841 1666 4893 in
1706 4838 1866 4903 vobis,

279 4953 328 4998 et
359 4959 540 5014 pacem
568 4940 746 4995 habete
770 4940 900 4993 inter
944 4954 1030 4991 vos
1074 4936 1269 5007 (Marc.
1300 4951 1375 5002 ιι,
1410 4932 1523 5004 49).
1557 4932 1648 4989 Sal
1673 4935 1868 5003 quippe

281 5040 404 5094 sine
435 5050 569 5107 pace
616 5050 722 5091 non
751 5032 960 5087 virtutis
1004 5040 1087 5087 est
1114 5030 1335 5094 donum,
1366 5029 1459 5084 sed
1505 5026 1868 5083 damnationis

283 5137 682 5202 argumentum.
715 5126 833 5193 Quo
867 5126 1005 5180 enim
1061 5124 1288 5193 quisque
1330 5121 1521 5176 melius
1554 5128 1713 5189 sapit,
1747 5131 1768 5159 ο
1804 5136 1868 5175 eo

284 5225 529 5281 deterius
558 5222 849 5293 delinquit;
896 5229 951 5274 et
981 5219 1183 5275 idcirco
1212 5216 1652 5271 iuexcusabiliter
1692 5231 1867 5269 nterc-

284 5316 435 5371 bitur
488 5318 828 5389 supplicium,
888 5312 1011 5380 quia
1057 5308 1345 5379 prudenter
1374 5308 1547 5378 695i
1592 5308 1868 5374 voluisset,

288 5410 468 5478 potuit
494 5412 661 5465 vitare
692 5417 991 5479 peccatum.
1025 5403 1231 5471 Quibus
1258 5413 1403 5455 recte
1425 5416 1633 5469 quoque
1665 5415 1758 5470 per
1778 5399 1871 5454 Ja-

288 5501 486 5558 eobum
530 5503 767 5557 dicitur:
802 5499 951 5567 Quod
996 5498 1040 5552 si
1082 5495 1246 5550 zelum
1280 5508 1514 5546 amarunt
1554 5492 1771 5557 habetis,
1823 5499 1875 5547 et

366 5622 398 5653 ⁸
426 5614 593 5667 Laud.
624 5625 675 5667 et
707 5617 908 5684 primus
952 5609 1115 5684 And,
1144 5610 1212 5684 Ain
1251 5608 1417 5673 specie
1444 5621 1549 5684 sua;
1574 5603 1800 5684 fiduciae:

370 5674 729 5739 I’Editoribus
766 5686 934 5749 magis
984 5674 1203 5751 placuit,
1254 5695 1397 5732 voces
1438 5676 1663 5735 societur,
1696 5674 1877 5729 invitis

289 5757 550 5816 omnibus
583 5756 712 5813 Mss.
748 5755 966 5810 nostris.

376 5836 401 5867 ο
423 5826 617 5892 Laud.,
652 5844 709 5881 eo
740 5825 1066 5882 concordiam
1108 5823 1339 5879 deserens
1363 5818 1582 5876 deterius
1606 5815 1877 5889 delinquit.

374 5896 409 5936 ‘
431 5898 615 5967 Corb.,
640 5902 761 5967 quia
788 5897 1106 5970 prclatione.

1972 4765 2026 4810 et
2053 4749 2372 4808 admonendi
2404 4755 2529 4802 sunt
2572 4743 2776 4813 pacati,
2827 4754 2894 4795 ne
2922 4738 3047 4792 dum
3074 4732 3231 4788 nimis
3256 4731 3544 4784 humanam

1974 4860 2156 4917 pacem
2183 4842 2526 4904 desiderant,
2572 4848 2762 4907 pravos
2791 4831 3063 4886 hominum
3115 4838 3293 4879 mores
3342 4837 3542 4907 nequa-

1972 4914 2144 5009 quam'
2184 4934 2537 5003 redarguant;
2585 4940 2639 4984 et
2686 4921 3073 4983 consentiendo
3127 4916 3424 4986 perversis,
3475 4914 3543 4969 ab

1972 5005 2205 5086 auctoris
2229 5025 2311 5081 sui
2338 5039 2399 5080 se
2427 5036 2554 5092 pace
2583 5018 2916 5085 disjnugant;
2942 5027 3010 5066 ne
3038 5011 3163 5065 dum
3204 5009 3432 5062 humana
3462 5005 3544 5058 lo-

1969 5138 2057 5179 ras
2097 5120 2270 5191 jurgia
2322 5121 2598 5178 metuunt,
2647 5106 2843 5163 interni
2898 5103 3117 5161 fmderis
3164 5108 3207 5149 δ’
3237 5097 3551 5155 discissione

1971 5188 2251 5269 feriantur.
2278 5206 2417 5274 Quid
2444 5214 2527 5260 est
2552 5203 2696 5257 enim
2733 5215 2833 5269 pas
2868 5195 3174 5253 transitoria
3196 5232 3210 5256 ,
3240 5192 3344 5247 nisi
3377 5188 3551 5259 quod-

1974 5307 2094 5358 dam
2126 5298 2404 5366 vestigium
2438 5293 2581 5364 pacis
2609 5289 2857 5346 :eterna‘?
2878 5288 3011 5355 Quid
3038 5301 3164 5355 ergo
3185 5298 3305 5338 esse
3325 5280 3548 5335 demen-

1974 5394 2080 5449 tius
2111 5402 2303 5463 potest,
2334 5374 2491 5459 quam
2522 5385 2746 5454 vestigia
2776 5384 2829 5438 in
2867 5381 3084 5451 pulvere
3128 5377 3395 5444 impressa
3421 5371 3551 5427 dili-

1976 5502 2134 5560 gere,
2166 5484 2259 5539 sed
2302 5484 2473 5553 ipsum
2505 5495 2533 5534 a
2564 5496 2668 5550 quo
2698 5478 2956 5548 impressa
3006 5480 3165 5537 sunt,
3203 5484 3308 5524 non
3339 5464 3557 5522 amare!

2058 5610 2082 5637 ε
2114 5597 2303 5661 (ἶοτιιη
2333 5612 2434 5650 non
2469 5594 2755 5648 declinant.

2061 5668 2080 5708 ι
2116 5653 2366 5723 ιλυυιιίρι
2394 5667 2507 5720 Val.
2534 5666 2637 5727 (IL,
2669 5679 2784 5716 eum
2814 5658 3049 5714 rationis.
3083 5655 3144 5709 Et
3167 5653 3378 5723 quidem
3400 5658 3558 5727 sensu

1984 5721 2211 5797 meliori.
2241 5721 2492 5806 Cogimur
2518 5721 2692 5791 tamen
2725 5735 2872 5803 sequi
2897 5733 3054 5785 Tt'ec.
3079 5736 3132 5782 et
3155 5721 3379 5780 caeteros
3399 5721 3558 5788 Cod.,

1990 5822 2100 5869 tum
2132 5828 2289 5865 manu
2316 5823 2585 5867 exaratos,
2612 5817 2721 5862 tum
2753 5817 2995 5857 exettsus.

2064 5893 2090 5931 ι
2113 5884 2269 5939 -ΒθΙν,
2300 5892 2351 5937 et
2382 5882 2488 5935 duo
2516 5877 2723 5943 priores
2743 5875 2926 5932 Carn.,
2959 5870 3291 5923 discussione.
