4036 6346
459 315 523 373 91
1673 306 1917 366 ὃΑΝϐἹῚ
1957 304 2081 363 GR!

2187 307 2285 364 lRll
2327 310 2540 367 MAGNI
3659 310 3725 366 ΘΞ

468 435 604 490 llinc
631 431 797 488 David
829 430 955 486 dum
997 437 1167 485 totum
1196 443 1256 484 se
1283 430 1349 483 ad
1381 428 1593 484 hedera
1626 428 1771 497 pacis
1812 427 2039 480 interna:
2075 427 2127 486 Α
2153 432 2331 480 tamen
2357 428 2411 480 in
2440 436 2614 481 vestra
2644 428 2733 496 qui
2760 428 3029 495 corripitis
3059 436 3241 482 mente
3282 434 3544 482 tenuatur.
3578 428 3728 483 Unde

461 525 852 594 constringeret
878 560 894 589 ,
934 531 1159 576 testatur
1189 520 1331 590 quod
1361 536 1482 575 cum
1517 518 1673 574 malis
1697 516 2043 572 concordiam

462 633 570 671 non
604 624 839 679 teneret,
888 612 1073 666 dicens
1104 630 1115 664 :
1152 611 1338 665 Nonne
1375 613 1463 681 qui
1506 620 1550 665 te
1592 609 1841 673 oderunt,
1870 607 2047 671 Deus,

462 710 669 763 oderam
696 707 836 769 illos,
868 714 913 758 et
941 720 1095 771 super
1122 703 1355 757 inimicos
1386 712 1502 757 tuos
1533 700 1847 755 tabescebatn
1867 702 1889 753 ?
1913 698 2046 753 Pcr-

465 804 591 874 fecto
623 802 741 855 odio
782 800 989 853 oderam
1020 798 1159 864 illos,
1183 798 1380 852 inimici
1423 798 1551 864 facti
1572 805 1689 850 sunt
1719 796 1841 849 mihi
1876 794 2047 865 (Paul.

464 910 723 961 cxxxvnt,
746 894 838 959 21,
865 894 978 961 9.2).
1009 894 1259 947 Inimicos
1290 892 1489 946 etenim
1523 890 1618 945 Dei
1658 891 1896 960 perfecto
1925 891 2049 945 odio

467 990 663 1052 odisse,
699 995 781 1042 est
809 996 862 1041 et
892 987 1032 1056 quod
1062 987 1183 1039 lacti
1215 993 1340 1039 sunt
1369 984 1622 1053 diligere,
1672 986 1781 1054 70
1824 996 1877 1039 ct
1908 985 2050 1053 quod

470 1081 678 1135 iaciunt
724 1080 1027 1149 increpare;
1063 1092 1239 1133 mores
1276 1090 1566 1147 parvorum
1619 1091 1896 1147 premere,
1929 1076 2055 1131 vitae

470 1174 747 1245 prodesse.

548 1265 884 1319 Pensandum
935 1277 1063 1332 ergo
1117 1270 1243 1329 est,
1296 1263 1514 1333 quando
1564 1263 1630 1317 ab
1683 1264 2057 1331 increpatione

471 1356 783 1423 quiescitur,
818 1365 1011 1425 quanta
1054 1356 1213 1425 culpa
1243 1371 1363 1410 cum
1407 1355 1657 1425 pessimis
1690 1371 1790 1423 pax
1821 1364 2055 1421 tenetur,

470 1448 515 1500 si
552 1447 808 1515 propheta
839 1454 1016 1499 tantus
1047 1446 1151 1499 hoc
1181 1446 1322 1500 velut
1353 1446 1405 1499 in
1437 1446 1668 1500 hostiam
1704 1446 1816 1500 Deo
1842 1446 2056 1512 obtulit,

471 1540 609 1608 quod
640 1549 823 1594 contra
851 1552 911 1594 se
942 1553 1039 1608 pro
1062 1538 1290 1593 Domino
1320 1552 1608 1605 pravorum
1633 1538 1940 1593 inimicitias
1964 1553 2061 1593 ex-

471 1630 811 1685 citavitJlinc
836 1630 1081 1699 estquod
1106 1631 1277 1685 tribus
1293 1630 1423 1686 Levi
1443 1631 1735 1699 assumptis
1750 1630 1943 1699 gladiis
1967 1646 2063 1700 per

471 1733 767 1778 castrorum
809 1723 986 1779 media
1047 1725 1350 1789 transiens,
1402 1724 1529 1793 quia
1579 1723 1835 1779 leriendis
1891 1725 2064 1779 noluit

472 1818 843 1888 peccatoribus
876 1832 1134 1885 parcere,
1170 1818 1280 1873 Deo
1310 1832 1504 1872 manus
1547 1817 1692 1871 dicta
1741 1827 1823 1871 est
1869 1830 2061 1871 eonse-
2092 1804 2143 1872 Ε

471 1926 653 1967 crasse
680 1909 903 1983 (Exuit,
939 1924 1085 1965 xuii
1112 1950 1127 1976 ,
1158 1912 1259 1978 2'7,
1294 1912 1453 1979 seq.).
1491 1910 1626 1963 Hinc
1670 1908 1901 1964 l’ltinees
1943 1923 2064 1977 pec-

473 2003 704 2058 cantium
730 2002 929 2058 civium
952 2002 1175 2074 gratiam
1206 2016 1493 2070 spernens,
1524 2010 1783 2056 coeuntes
1812 2016 1936 2056 cum
1960 2001 2067 2056 Ma-

474 2096 691 2151 dianitis
740 2096 1001 2166 perculit,
1057 2106 1112 2150 et
1164 2096 1302 2150 iram
1361 2095 1575 2149 Domini
1625 2095 1789 2149 iratus
1840 2094 2069 2163 placavit

476 2190 664 2263 (Nunt.
700 2208 827 2258 xxv,
852 2192 933 2259 9).
961 2192 1094 2245 lline
1117 2205 1210 2259 per
1238 2190 1586 2259 semetipsum
1613 2188 1823 2243 Veritas
1847 2197 1872 2224 θ
1897 2188 2027 2243 dicit
2051 2204 2066 2241 :

478 2284 653 2339 Nolite
675 2284 941 2352 arbitrari,
975 2285 1095 2352 quia
1124 2284 1346 2337 venerim
1374 2296 1550 2350 pacem
1568 2283 1767 2335 mittere
1782 2282 1834 2334 in
1858 2290 2071 2336 terrent.

480 2377 605 2433 Non
633 2380 744 2432 veni
776 2395 951 2445 pacem
974 2380 1203 2441 mittere,
1231 2378 1319 2431 sed
1340 2377 1577 2447 gladium
1603 2376 1820 2445 (Matth.
1859 2390 1921 2441 χ,
1954 2374 2069 2444 54).

482 2472 743 2528 Malorum
776 2486 1008 2541 namque
1045 2486 1167 2525 cum
1216 2470 1430 2524 incaute
1476 2468 1730 2522 amicitiis
1772 2466 2071 2536 iungimur,

481 2568 653 2638 culpis
679 2568 928 2639 ligantur.
966 2565 1120 2621 Unde
1149 2564 1424 2633 Josaphat,
1462 2563 1551 2632 qui
1603 2570 1678 2615 tot
1722 2560 1790 2615 de
1832 2570 2076 2615 anteacta

483 2664 591 2719 vita
638 2663 920 2733 praeconiis
970 2661 1249 2726 attollitur,
1298 2658 1368 2712 de
1410 2656 1596 2713 Achab
1636 2659 1781 2725 regis
1823 2656 2077 2711 amicitiis

496 2770 638 2827 pene
660 2755 925 2823 periturus
949 2749 1391 2822 increpaturﬁui
1420 2765 1449 2802 a
1472 2748 1699 2802 Domino
1722 2762 1816 2817 per
1847 2746 2075 2817 prophe-

493 2857 603 2903 tam
634 2845 831 2901 dicitur
862 2864 875 2900 :
909 2843 1083 2914 Impia
1108 2843 1302 2915 praebes
1324 2841 1599 2905 auxilium,
1633 2848 1679 2893 et
1720 2840 1801 2893 his
1840 2840 1928 2909 qui
1955 2837 2079 2892 ode-

486 2948 605 2993 runt
636 2937 933 3005 Dominum,
962 2938 1192 2990 amicitia
1210 2936 1447 3007 jungeris
1467 2949 1487 2998 ε
1506 2944 1554 2987 et
1583 2933 1775 2986 idcirco
1806 2935 1938 2985 iram
1961 2932 2079 3002 qai-

490 3033 604 3087 dem
634 3031 841 3087 Domini
872 3031 1169 3097 merebam,
1204 3030 1293 3083 sed
1322 3029 1453 3082 bona
1498 3040 1655 3097 operit
1698 3026 1905 3080 intenta
1952 3033 2073 3078 sunt

492 3130 547 3181 in
572 3136 639 3197 te,
664 3143 723 3182 eo
750 3125 887 3195 quod
917 3124 1187 3178 abstuleris
1219 3124 1363 3177 lacus
1398 3120 1463 3174 de
1483 3130 1617 3173 terra
1638 3117 1781 3171 Iuda
1824 3115 1910 3189 (ΙΙ
1943 3115 2075 3170 Par.

2152 518 2296 574 idem
2321 528 2529 574 rursum
2552 520 2838 590 discipulos
2866 522 3136 586 admonet,
3163 522 3343 575 dicens
3368 538 3379 574 :
3412 522 3472 576 Si
3495 522 3605 591 quis
3631 534 3729 577 non

2153 614 2317 665 obedit
2346 613 2492 666 verba
2523 622 2717 680 nostra,
2750 630 2841 682 per
2863 614 3133 683 epistolam
3163 616 3297 667 hunc
3329 622 3499 666 notate
3520 631 3537 667 :
3561 622 3606 668 et
3633 631 3733 669 non

2152 707 2575 761 commisceamini
2598 718 2712 759 cum
2741 706 2853 768 illo,
2890 715 2944 759 ut
2973 704 3424 777 ConfundatarUl
3447 705 3624 764 Thess.
3653 720 3733 773 Ill,

2160 796 2268 865 M).
2295 800 2470 868 Atque
2494 800 2637 854 illico
2667 798 2909 868 adjunxit
2935 817 2947 852 :
2985 800 3052 853 Et
3081 800 3236 853 nolite
3259 809 3311 852 ut
3338 800 3603 854 inimicum
3632 803 3735 853 crio

2154 893 2361 945 stimare
2390 893 2559 956 illum,
2582 894 2670 947 sed
2698 895 2940 961 corripite
2974 902 3029 946 ut
3057 896 3270 963 fratrem
3294 890 3483 961 (Ibid.,
3520 892 3630 962 lii).
3658 895 3733 947 Ac

2157 988 2201 1041 si
2250 988 2488 1041 diceret:
2517 988 2703 1041 Pacem
2759 1000 2878 1040 cum
2910 994 2975 1040 eo‘
3014 986 3334 1040 exteriorem
3381 985 3605 1050 solvite,
3643 985 3736 1039 sed

2157 1080 2463 1135 interiorem
2496 1082 2636 1135 circa
2684 1082 2835 1135 illum
2873 1078 3178 1134 medullitus
3201 1078 3502 1143 custodite;
3536 1089 3591 1133 ut
3628 1094 3742 1147 pec-

2158 1177 2329 1230 cantis
2357 1185 2589 1230 mentem
2622 1178 2700 1229 sic
2738 1180 2907 1229 vestra
2940 1173 3203 1228 discordia
3245 1172 3438 1237 feriat,
3477 1181 3739 1242 quatenus

2162 1281 2263 1337 pax
2292 1283 2321 1322 a
2350 1267 2596 1322 cordibus
2626 1268 2817 1321 vestris
2850 1279 2946 1318 nec
2975 1264 3235 1333 abnegata
3258 1264 3516 1317 discedat.

2518 1399 2743 1454 carur
2784 1396 2948 1452 xxm
2993 1398 3098 1471 [ιι.
3144 1396 3408 1469 XLVII].

2216 1521 2482 1589 Quomodo
2512 1518 2823 1572 admonendi
2848 1518 2937 1588 qui
2960 1517 3141 1588 jurqia
3162 1526 3359 1580 serunt,
3393 1526 3437 1569 et
3470 1516 3690 1583 paciﬁci.

2237 1638 2552 1709 (Admonitio
2582 1636 2701 1705 24.)
2726 1637 2893 1690 Aliter
2924 1634 3245 1689 admonendi
3276 1642 3399 1687 sunt
3421 1633 3746 1687 scminantcs

2162 1732 2357 1803 iurgia,
2388 1741 2548 1801 atque
2568 1731 2721 1785 aliter
2752 1728 2977 1799 paciﬁci.
3000 1727 3341 1783 Admouendi
3371 1741 3604 1795 namque
3626 1736 3747 1781 sunt

2168 1826 2257 1895 qui
2289 1828 2393 1897 71
2420 1824 2594 1894 iurgia
2621 1824 2908 1890 scmiuaut,
2929 1831 2984 1876 ut
3003 1822 3155 1890 cujus
3177 1822 3284 1875 sint
3306 1834 3566 1889 sequaces
3588 1835 3750 1889 agno-

2171 1928 2340 1976 scant.
2377 1919 2452 1973 De
2479 1928 2717 1987 apostata
2751 1916 2947 1984 quippe
2977 1916 3165 1984 angelo
3190 1915 3448 1982 scriptum
3481 1920 3599 1979 est,
3632 1928 3754 1967 cum

2170 2016 2322 2070 bonae
2345 2016 2502 2068 messi
2529 2011 2554 2050 δ
2586 2015 2782 2066 inserta
2817 2012 3004 2065 luisset
3044 2010 3250 2063 zizania
3278 2027 3289 2059 :
3318 2006 3570 2060 Inimicus
3602 2006 3753 2059 homo

2172 2106 2265 2160 hoc
2295 2107 2410 2175 fecit
2444 2104 2657 2176 (Matth.
2691 2120 2783 2158 xui
2807 2147 2819 2170 ,
2865 2102 2979 2170 9.8).
3015 2101 3089 2155 De
3134 2101 3284 2169 cujus
3315 2100 3473 2155 etiam
3509 2100 3754 2152 membro

2174 2216 2267 2270 per
2299 2200 2638 2253 Salomonent
2666 2197 2859 2251 dicitur
2886 2212 2898 2248 :
2932 2194 3103 2247 llatno
3132 2202 3389 2264 apostata,
3420 2194 3495 2246 vir
3520 2194 3723 2245 inutilis
3743 2231 3757 2255 ,

2174 2293 2407 2361 graditur
2432 2306 2517 2343 ore
2545 2304 2798 2359 perverso,
2830 2287 3007 2339 annuit
3038 2287 3219 2349 oculis,
3250 2286 3365 2337 terit
3396 2284 3555 2354 pede;
3592 2284 3754 2353 digito

2176 2388 2415 2457 loquitur,
2444 2402 2597 2453 pravo
2630 2385 2782 2437 corde
2814 2382 3131 2434 machinatur
3154 2380 3367 2442 malum,
3396 2388 3440 2431 et
3475 2378 3610 2430 omni
3636 2387 3760 2429 tein-

2179 2504 2299 2557 pore
2318 2486 2497 2556 jargia
2529 2483 2740 2537 seminat
2773 2480 2953 2547 (Prov.
2986 2494 3034 2531 \‘l
3055 2519 3070 2544 ,
3100 2476 3208 2543 l2).
3237 2476 3375 2530 Ecce
3410 2490 3565 2543 quem
3604 2473 3763 2527 senii-

2178 2589 2395 2634 nantem
2422 2578 2595 2647 iurgia
2628 2576 2803 2630 dicere
2831 2574 3027 2633 voluit,
3062 2572 3205 2639 prius
3236 2578 3536 2638 apustatam
3588 2570 3763 2625 nomi-

2180 2674 2358 2726 navit:
2382 2669 2502 2738 quia
2535 2670 2637 2723 nisi
2661 2683 2811 2722 more
2832 2663 3189 2735 superbientis
3213 2662 3388 2731 angeli
3418 2678 3445 2714 a
3469 2671 3763 2729 conspectu

2180 2761 2487 2815 Conditoris
2535 2758 2680 2828 prius
2733 2758 2873 2811 intus
2923 2755 3211 2809 aversione
3267 2751 3461 2805 tuentis
3516 2750 3759 2815 caderet,

2184 2854 2327 2909 foras
2376 2851 2715 2921 postmodum
2772 2864 2939 2918 usque
2988 2848 3054 2901 ad
3106 2846 3417 2902 seminantis
3447 2845 3618 2915 jurgia
3663 2860 3767 2899 non

2184 2948 2412 3002 veniret.
2444 2945 2544 3010 Qui
2595 2950 2742 2997 recte
2789 2940 3112 2996 describitur
3152 2940 3291 3009 quod
3340 2940 3524 2993 annuit
3561 2939 3769 3001 oculis,

2187 3042 2352 3110 digito
2386 3039 2639 3107 loquitur,
2676 3036 2795 3088 terit
2828 3034 2986 3101 pede.
3036 3033 3263 3087 Interior
3310 3048 3537 3100 namque
3566 3040 3653 3085 est
3683 3048 3749 3085 cu

2188 3135 2381 3197 studia,
2422 3144 2444 3171 ο
2475 3144 2595 3202 qua:
2626 3129 2867 3183 ordinata
2899 3137 3077 3183 servat
3106 3126 3343 3181 exterius
3380 3124 3641 3179 membra.
3672 3124 3771 3190 Qui

494 3237 602 3288 xix,
631 3220 849 3293 24).~Ab
879 3220 972 3274 illo
1003 3217 1147 3273 enim
1174 3218 1264 3287 qui
1293 3231 1502 3270 summe
1532 3223 1709 3270 rectus
1742 3223 1847 3280 est,
1873 3229 1937 3267 eo
1958 3213 2079 3281 ipso

2187 3241 2315 3296 ergo
2339 3232 2533 3279 statum
2563 3220 2760 3277 ruentis
2798 3218 3061 3289 perdidit,
3102 3218 3491 3286 subsmuenter
3535 3216 3677 3271 foras
3726 3217 3775 3271 in

491 3312 593 3384 iazn
625 3311 913 3383 discrepat,
944 3328 1049 3381 qua
1080 3324 1453 3380 perversurum
1476 3308 1730 3361 amicitiis
1764 3307 1868 3359 vita
1893 3315 2077 3360 nostra

496 3406 807 3461 concordat.
839 3404 1180 3461 Admonendi
1209 3412 1334 3460 sunt
1364 3401 1571 3472 pacati,
1606 3417 1675 3456 ne
1712 3400 1757 3455 si
1790 3399 1855 3454 ad
1899 3414 2082 3454 corre-

498 3500 695 3568 ptionis
724 3500 884 3553 verba
914 3498 1215 3567 prosiliant,
1246 3496 1596 3566 temporalem
1617 3494 1814 3566 ipacem
1840 3492 1942 3547 sibi
1966 3508 2087 3559 per-

499 3594 713 3647 turbare
744 3592 1047 3646 lurniident.
1084 3592 1420 3659 Rursumque
1448 3587 1777 3644 admonendi
1815 3595 1981 3655 sunt,
2019 3596 2079 3641 ut

496 3685 740 3741 eamdem
767 3700 948 3755 pacem
972 3684 1259 3740 dilectione
1282 3684 1487 3753 integra
1508 3681 1831 3737 intrinsecus
1850 3690 2089 3746 teneant,

503 3801 661 3855 quam
686 3800 779 3853 per
806 3784 1159 3837 invectiouein
1187 3780 1333 3837 vocis
1353 3781 1458 3836 sibi
1479 3780 1816 3835 extrinsecus
1849 3780 2089 3835 turbant.

503 3876 655 3946 Quod
678 3887 964 3945 utrumque
986 3876 1205 3945 provide
1236 3890 1296 3929 se
1327 3874 1495 3928 David
1523 3888 1775 3929 servasse
1802 3873 2053 3940 perhibet
2073 3914 2088 3939 ,

502 3986 625 4026 cum
655 3973 818 4026 dicit:
845 3971 975 4026 Cum
1002 3971 1079 4023 his
1112 3972 1198 4040 qui
1222 3972 1447 4024 oderunt
1486 3985 1691 4038 pacem,
1724 3986 1864 4022 cram
1910 3970 2095 4041 paci/i-

505 4078 610 4127 cus,
639 4078 753 4114 cum
777 4060 1015 4131 loquebar
1042 4061 1167 4125 illis,
1196 4059 1565 4132 impugnabant
1597 4075 1676 4112 nte
1713 4061 1876 4130 gratis
1917 4059 2092 4129 (Psal.

508 4173 627 4212 cm
652 4192 668 4221 ,
698 4160 771 4225 7).
800 4158 936 4212 Ecce
962 4165 1016 4211 et
1046 4158 1268 4226 loquens
1315 4156 1763 4227 impugnabatnr;
1816 4167 1873 4210 et
1916 4165 2094 4213 tamen

510 4250 870 4319 impugnatus,
902 4259 1019 4305 erat
1054 4249 1328 4319 paciﬁcus,
1350 4251 1473 4320 quia
1506 4266 1606 4307 nec
1628 4250 1962 4307 insanientes
1984 4266 2099 4307 ces-

513 4342 665 4395 sabat
722 4342 1152 4410 reprehendere,
1221 4357 1320 4397 nec
1375 4343 1737 4412 reprehensos
1790 4343 2095 4413 negligebat

513 4450 712 4490 amare.
744 4437 873 4491 llinc
894 4436 1051 4491 etiam
1088 4436 1279 4491 Paulus
1308 4437 1383 4490 ait
1410 4457 1424 4493 :
1458 4437 1518 4493 Si
1544 4439 1657 4506 ﬁeri
1676 4445 1858 4509 potest,
1880 4439 2017 4510 quod
2034 4456 2100 4495 ea;

513 4529 656 4583 vobis
699 4539 771 4583 est
797 4568 813 4594 ,
856 4546 969 4583 cum
1010 4530 1242 4583 erunibus
1294 4530 1583 4584 hominibus
1633 4546 1812 4600 pacem
1858 4531 2098 4587 habentes

2189 3318 2601 3377 inconstantiam
2628 3317 2880 3373 motionis
2909 3316 3044 3380 ﬂuit,
3081 3324 3243 3385 atque
3270 3315 3523 3370 exteriori
3549 3313 3775 3368 mobili-

2191 3424 2301 3470 tate
2348 3412 2546 3469 indicat
2572 3452 2588 3477 ,
2640 3409 2783 3481 Quod
2815 3410 2957 3464 nulla
3009 3410 3237 3465 interius
3279 3409 3462 3465 radice
3487 3408 3774 3463 subsistat.

2191 3508 2429 3565 Audiam
2451 3507 2752 3577 iurgiorum
2786 3504 3142 3559 seminatores
3186 3502 3329 3572 quod
3357 3502 3612 3570 scriptum
3655 3507 3779 3554 est:

2192 3602 2342 3658 Beati
2373 3601 2597 3671 paciﬁci,
2628 3600 2874 3671 quoniam
2904 3598 3002 3667 ﬁlii
3029 3595 3125 3650 Dei
3151 3595 3463 3649 vocabuntur
3488 3592 3707 3661 (Matth.
3728 3607 3781 3658 v,

2194 3693 2273 3763 9).
2306 3696 2479 3762 Atque
2499 3706 2534 3747 e
2559 3691 2775 3745 diverso
2801 3688 3081 3757 colligant,
3110 3687 3231 3756 quia
3262 3686 3308 3740 si
3332 3686 3425 3739 lilii
3461 3684 3553 3739 Dei
3580 3697 3783 3737 vocan-

2196 3796 2283 3840 tur
2312 3786 2400 3855 qni
2425 3794 2607 3853 pacem
2636 3785 2855 3847 iaciunt,
2885 3780 3242 3851 proculdubio
3268 3780 3483 3834 Satanas
3520 3784 3649 3831 sunt
3691 3775 3784 3831 lilii

2197 3882 2291 3951 qui
2320 3879 2682 3934 confundunt.
2729 3877 2931 3933 Omnes
2980 3886 3157 3931 autem
3206 3874 3295 3944 qui
3338 3888 3433 3941 per
3459 3871 3787 3926 discordiam

2200 3983 2517 4044 separantur
2542 3986 2571 4026 a
2602 3969 2871 4026 viriditate
2899 3968 3224 4030 dilectionis,
3259 3966 3508 4020 areiiunt.
3538 3964 3640 4031 Qui
3686 3961 3788 4018 etsi

2199 4066 2327 4122 boni
2377 4067 2557 4135 operis
2604 4064 2809 4119 fructus
2856 4064 2906 4116 in
2958 4062 3070 4117 suis
3119 4058 3422 4115 actionibus
3468 4057 3783 4126 proferunt,

2203 4159 2443 4229 profecto
2467 4158 2597 4213 nulli
2624 4167 2769 4224 sunt,
2798 4156 2923 4225 quia
2956 4168 3061 4207 non
3096 4152 3122 4189 ἀ
3156 4167 3223 4207 es
3268 4150 3472 4205 unitate
3509 4148 3789 4203 charitatis

2203 4258 2465 4313 oriuntur.
2502 4255 2635 4310 llinc
2665 4266 2798 4322 ergo
2829 4248 3163 4321 perpendant
3208 4245 3535 4301 seminantes
3570 4244 3749 4314 jurgia
3777 4282 3791 4306 ,

2202 4357 2359 4422 quam
2411 4349 2778 4418 multipliciter
2807 4352 3029 4415 peccant
3056 4360 3067 4395 :
3094 4342 3183 4413 qui
3232 4340 3359 4395 dum
3402 4352 3563 4395 unam
3595 4337 3792 4407 nequi-

2207 4448 2333 4502 tiam
2368 4451 2695 4515 perpetrant,
2729 4441 2797 4496 ab
2828 4438 3075 4494 humanis
3105 4434 3357 4492 cordibus
3382 4443 3599 4487 cunctas
3628 4429 3795 4485 simul

2206 4542 2429 4596 virtutes
2452 4537 2747 4594 eradicant.
2778 4535 2833 4590 ln
2868 4547 2975 4588 uno
3004 4531 3149 4588 enim
3180 4530 3323 4585 malo
3355 4529 3635 4583 innumera
3667 4537 3791 4593 per-

519 4621 698 4690 (ltom.
726 4638 826 4687 xn,
857 4621 964 4689 18).
996 4623 1312 4677 llortaturus
1340 4624 1483 4677 enim
1507 4623 1799 4692 discipulos
1824 4635 1880 4678 ut
1913 4639 2098 4692 pacem
2128 4600 2183 4662 Β
2209 4641 2371 4703 agunt
2391 4672 2405 4696 ,
2438 4632 2557 4701 quia
2591 4627 2905 4684 seminando
2935 4624 3257 4681 discordiam
3283 4665 3297 4689 ,
3330 4620 3646 4676 charitatem
3677 4632 3799 4685 quae

519 4728 640 4768 cum
673 4713 921 4770 omnibus
953 4716 1213 4771 baberent
1236 4759 1249 4781 ,
1289 4717 1576 4783 praemisit,
1628 4717 1852 4773 dicens:
1884 4718 1945 4774 Si
1991 4721 2104 4787 ﬁeri

522 4818 707 4876 potest,
743 4820 900 4879 atque
927 4810 1244 4880 subiunxit:
1280 4810 1429 4875 Quod
1468 4827 1530 4865 ea:
1574 4811 1715 4866 vobis
1752 4822 1846 4868 est.
1879 4813 2106 4871 Difﬁcile

522 4901 722 4969 quippe
745 4911 859 4954 erat
888 4911 943 4954 ut
971 4903 1015 4956 si
1058 4902 1198 4957 male
1228 4910 1347 4957 aeta
1378 4902 1744 4973 corriperent,
1772 4902 1979 4959 habere
2008 4920 2105 4973 pa-

523 5009 639 5047 cem
668 5009 785 5047 cum
819 4996 1066 5048 omnibus
1095 5008 1332 5064 possent.
1369 4997 1474 5051 Sed
1502 5013 1625 5051 cum
1653 4998 1966 5067 temporalis
1999 5012 2101 5068 pas

524 5088 576 5141 iu
610 5098 893 5154 pravorum
922 5088 1173 5144 cordibus
1198 5106 1263 5144 ex
1290 5100 1471 5145 nostra
1493 5090 1863 5159 increpatione
1881 5093 2108 5148 confun-

524 5180 693 5246 ditur,
722 5180 973 5234 inviolata
1003 5192 1223 5237 necesse
1253 5193 1338 5238 est
1374 5194 1425 5239 Ill
1471 5186 1523 5239 in
1564 5195 1751 5242 nostra
1794 5186 1959 5243 corde
1989 5200 2107 5244 ser-

528 5280 699 5326 vetur.
723 5271 889 5326 Recte
914 5272 1092 5341 itaque
1109 5274 1182 5327 ait
1208 5288 1221 5327 :
1254 5276 1403 5340 Quod
1425 5294 1485 5330 ea:
1504 5279 1642 5333 vobis
1662 5289 1757 5333 est.
1786 5280 1863 5335 Ac
1885 5280 1930 5335 si
1954 5280 2111 5335 nimi-

527 5378 645 5419 rum
674 5368 814 5421 dicat
844 5384 858 5423 :
891 5368 1021 5434 Quia
1052 5382 1151 5437 pax
1204 5384 1267 5423 ex
1305 5370 1529 5426 dirarum
1575 5376 1803 5442 partium
1846 5389 2112 5431 consensu

529 5462 790 5528 ςυυέίειίι,
817 5464 859 5518 si
885 5465 949 5520 ab
974 5465 1050 5519 eis
1072 5466 1161 5537 qui
1187 5467 1547 5537 corripiuntur
1569 5472 1874 5540 expellitur,
1902 5472 2107 5544 integra

607 5634 630 5660 ιι
668 5620 760 5677 llic
789 5622 1121 5695 restituimus
1152 5628 1357 5695 textum
1383 5620 1611 5695 Evang.,
1651 5639 1840 5694 magna
1875 5641 1937 5681 ex
1970 5636 2120 5695 parte

538 5695 782 5751 mutilum
816 5696 868 5751 in
912 5694 1104 5761 Editi's,
1149 5693 1375 5749 duorum
1425 5693 1633 5762 Gertn.,
1669 5693 1903 5764 Beiram,
1935 5693 2121 5766 Trec.,

537 5777 671 5835 etc.,
704 5783 827 5835 ope.

608 5834 638 5876 δ
667 5836 723 5893 Ιιι
744 5837 911 5897 Laud.
935 5847 990 5897 et
1013 5838 1168 5897 tertio
1189 5837 1424 5907 Gemet.,
1449 5840 1636 5897 inserta
1656 5841 1875 5907 fuissent
1896 5843 2116 5900 sisania.

2211 4724 2464 4779 nimirum
2490 4722 2745 4777 virtutitm
2793 4720 3032 4776 omnium
3066 4726 3238 4773 mater
3278 4723 3362 4772 est
3386 4758 3399 4779 ,
3431 4713 3799 4781 exstinguunt.

2210 4820 2343 4885 Quia
2366 4824 2544 4873 autem
2578 4810 2713 4869 nihil
2742 4812 3028 4883 pretiosius
3058 4819 3140 4866 est
3174 4809 3284 4864 Deo
3317 4809 3516 4862 virtute
3545 4804 3799 4859 dilectio-

2214 4914 2316 4981 nis,
2343 4911 2417 4967 nil
2450 4918 2535 4966 εει
2559 4906 2969 4965 desiderabilius
2998 4905 3210 4960 diabolo
3235 4900 3596 4958 exstinctione
3624 4896 3804 4951 chari-

2214 5005 2358 5061 tatis.
2412 5001 2665 5072 Quisquis
2713 5014 2842 5069 ergo
2886 4995 3202 5053 seminando
3238 4992 3415 5065 jurgia
3457 4988 3804 5045 dilectionem

2215 5098 2578 5168 proximorum
2612 5093 2865 5164 perimit,
2916 5091 3054 5147 hosti
3099 5090 3187 5144 Dei
3240 5086 3557 5142 familiarius
3596 5081 3807 5145 servit,

2215 5195 2336 5262 quia
2388 5205 2491 5261 qua
2541 5188 2629 5244 ille
2676 5187 2873 5241 amissa
2927 5185 3159 5248 cecidit,
3212 5182 3350 5237 hanc
3388 5182 3489 5235 iste
3514 5173 3811 5232 vulneratis

2219 5281 2468 5337 cordibus
2492 5281 2837 5345 subtrahens,
2871 5278 2951 5333 eis
2981 5276 3082 5332 iter
3116 5275 3445 5331 ascensionis
3476 5270 3731 5327 abscidit.

2289 5377 2359 5432 At
2388 5385 2572 5432 contra
2602 5374 2925 5430 admouendi
2955 5382 3078 5427 sunt
3107 5370 3333 5442 paciﬁci,
3360 5384 3428 5423 ne
3450 5376 3607 5422 tanta:
3635 5364 3814 5418 actio-

2224 5471 2308 5526 nis
2358 5471 2565 5541 pondus
2597 5468 2868 5538 levigent,
2920 5467 2965 5521 si
3010 5466 3148 5521 inter
3185 5477 3319 5535 quos
3367 5461 3587 5516 laudare
3622 5460 3813 5527 pacem

2230 5629 2285 5685 In
2314 5630 2473 5686 Trec.
2498 5640 2553 5687 et
2576 5629 2717 5694 aliis,
2748 5629 2951 5683 zizania
2982 5635 3270 5695 usurpatur
3302 5626 3351 5677 in
3383 5616 3660 5686 singulari.

2303 5712 2324 5741 α
2354 5701 2571 5759 Carnot.
2602 5702 2803 5770 primus
2835 5710 2887 5756 et
2914 5698 3151 5764 Theod.,
3178 5713 3294 5768 quis
3324 5703 3524 5750 crnuta.

2297 5771 2324 5812 ἀ
2354 5773 2551 5844 Laud.,
2588 5790 2651 5829 es;
2678 5775 2866 5829 virtute
2892 5770 3143 5827 caritatis,
