4036 6346
252 304 311 361 5'5
1021 302 1792 400 REGULJE‘PASTURAIJS
1833 300 2057 356 LIBER.
2102 328 2167 345 ι·-
2210 300 2389 359 PARS
2428 298 2701 357 TERTIA.

3433 300 3505 358 94

251 428 487 490 debeant,
520 427 792 498 ignorent.
820 424 949 480 Nam
976 424 1113 481 sicut
1137 426 1358 480 multum
1384 435 1541 480 nocet
1564 425 1609 478 si
1635 425 1812 478 unitas
1840 419 1891 480 Δ
1921 419 2208 476 salubriter
2222 420 2539 478 abscindere
2568 421 2803 477 sauciata
2822 420 3142 478 debuerunt.
3160 422 3497 481 Admonendi

250 519 379 577 desit
406 517 585 587 battis,
618 520 691 573 ita
720 519 870 572 valde
899 532 982 572 ess
1010 519 1225 573 noxium
1254 518 1296 572 si
1330 534 1435 573 non
1467 519 1605 572 desit
1635 517 1811 573 malis.

246 617 297 672 Si
322 631 445 685 ergo
475 628 851 684 perversurum
883 611 1115 681 nequitia
1154 614 1204 666 in
1239 627 1366 681 pace
1388 612 1656 681 jungitur,
1689 625 1814 680 pro-

246 709 376 763 fectu
406 722 592 763 eorum
620 707 775 761 malis
802 706 1009 761 actibus
1034 706 1199 761 robnr
1229 716 1488 774 augetur;
1532 706 1657 774 quia
1704 718 1813 773 quo

243 798 339 853 sibi
370 799 421 852 in
452 799 654 854 malitia
695 807 1022 868 congruunt,
1052 811 1118 853 eo
1152 813 1211 852 se
1238 797 1508 853 robustius
1554 796 1815 852 bonorum

243 890 618 946 afﬂictionibus
650 892 877 947 illidunt.
910 890 1042 945 Hinc
1073 906 1299 959 namque
1334 900 1419 946 est
1462 891 1603 961 quod
1632 899 1656 926 α
1682 906 1814 944 con-

243 993 318 1038 tra
344 984 579 1038 damnati
613 981 753 1036 illius
781 982 949 1046 vasis,
979 982 1228 1036 videlicet
1257 968 1573 1036 Antichristi
1618 981 1817 1050 praedi-

241 1078 468 1139 Colores,
496 1073 673 1128 divina
693 1074 834 1141 {voce
878 1072 1032 1129 beato
1056 1072 1155 1127 Job
1186 1068 1417 1129 dicitur:
1445 1058 1673 1128 Membra
1705 1088 1818 1127 car-

242 1170 386 1223 nium
427 1174 537 1240 ejus
583 1168 887 1222 cohwrentia
932 1168 1025 1221 sibi
1057 1164 1195 1239 (Job.
1233 1183 1348 1233 xu,
1392 1167 1503 1237 id).
1549 1167 1683 1221 Hinc
1717 1166 1819 1221 sub

239 1276 582 1328 squamarum
629 1259 812 1327 specie
836 1259 917 1329 ,de
944 1260 1062 1327 ejus
1106 1258 1422 1314 satellitibus
1464 1260 1812 1328 perhibetur:

244 1352 364 1407 Una
394 1355 479 1406 um’
507 1352 856 1422 conjungitur,
880 1361 927 1405 et
953 1367 1014 1405 ne
1041 1351 1354 1420 spiraculum
1394 1351 1597 1422 quidem
1631 1352 1819 1405 incedit

244 1461 331 1512 per
361 1463 441 1497 ras
475 1443 662 1511 (lbid.,
692 1443 747 1511 7)
793 1443 1056 1513 Sequaces
1097 1443 1291 1514 quippe
1337 1442 1480 1499 illius
1529 1460 1635 1512 quo
1679 1444 1818 1499 nulla

248 1541 389 1596 inter
418 1554 474 1593 se
501 1538 779 1593 discordias
806 1539 1125 1594 adversitate
1168 1540 1323 1595 divisi
1355 1549 1477 1595 sunt
1499 1582 1512 1605 ,
1543 1556 1607 1594 eo
1636 1541 1692 1595 in
1722 1541 1821 1594 bo-

246 1648 438 1683 mrnm
480 1632 686 1701 gravius
730 1647 861 1687 nece
889 1632 1269 1702 glomerantur.
1305 1634 1407 1697 Qui
1448 1648 1576 1699 ergo
1608 1634 1816 1700 iniquus

242 1736 374 1791 pace
401 1721 588 1784 sociat,
622 1720 879 1787 iniquitati
914 1724 1055 1776 vires
1084 1723 1455 1790 administrat,
1487 1724 1609 1793 quia
1650 1724 1820 1779 bonus

243 1816 478 1870 deterius
504 1815 838 1885 deprimunt,
870 1831 1003 1883 quos
1031 1826 1089 1871 et
1123 1818 1443 1873 unanimiter
1488 1832 1819 1887 persequun-

242 1915 342 1958 tur.
382 1905 531 1960 Unde
577 1907 894 1974 praedicator
938 1910 1183 1979 egregius
1232 1912 1378 1979 gravi
1424 1910 1818 1967 Pharisaeorum

241 1998 762 2070 Sulducaeorumque
808 2002 1179 2069 persecutione
1224 2004 1589 2073 deprehensus
1615 2046 1632 2072 ,
1676 2008 1822 2063 inter

239 2094 564 2161 semetipsos
592 2094 832 2173 dividere
863 2096 1087 2164 studuit,
1120 2112 1257 2167 quos
1283 2108 1467 2153 contra
1502 2114 1562 2154 se
1587 2101 1818 2170 graviter

241 2186 416 2238 unitos
446 2184 599 2250 vidit,
632 2202 753 2240 cum
780 2187 1042 2257 clamavit,
1075 2189 1300 2246 dicens:
1342 2187 1451 2243 Viri
1480 2190 1692 2259 fratres,
1720 2206 1816 2261 ego

240 2278 539 2335 Phariszus
567 2298 703 2350 sum,
729 2282 867 2349 ﬁlius
890 2282 1309 2350 Pharisaeorum,
1349 2285 1414 2338 de
1438 2301 1528 2353 spe
1563 2296 1608 2340 et
1649 2300 1817 2339 resur-

241 2373 461 2424 rectione
491 2384 803 2426 mortuorum
835 2390 925 2445 ego
937 2375 1149 2445 judicor
1175 2376 1313 2443 (Act.
1343 2391 1473 2430 unt
1494 2419 1506 2439 ,
1540 2375 1621 2445 6).
1654 2375 1818 2430 Dum-

241 2481 340 2532 que
370 2463 647 2519 Sadducazi
678 2480 827 2530 suem
862 2468 1414 2537 resurrectionemque
1442 2469 1548 2539 72
1581 2477 1821 2522 mortuo-

241 2573 357 2611 rum
409 2572 529 2613 esse
568 2556 929 2626 denegarem,
961 2574 1120 2627 quam
1175 2559 1432 2614 Pharisaei
1482 2557 1635 2628 juxta
1679 2561 1819 2613 sacri

243 2651 441 2719 eloquii
493 2660 755 2719 pracepta
786 2653 1101 2718 crederent,
1133 2653 1266 2707 facta
1315 2653 1367 2708 in
1420 2663 1818 2721 persecuturum

242 2742 595 2798 unanimitate
641 2744 901 2799 dissensio
942 2754 1063 2811 est,
1115 2753 1167 2799 et
1215 2744 1383 2800 divisa
1431 2746 1580 2800 turba
1622 2745 1820 2799 illesus

242 2834 440 2888 Ρειιιιυς
470 2836 656 2901 exivit,
682 2852 802 2906 quae
828 2838 965 2891 hunc
999 2839 1141 2893 unita
1174 2840 1320 2907 prius
1341 2838 1645 2893 immaniter
1670 2852 1820 2905 pres-

239 2931 327 2983 sit.
356 2928 690 2984 Admonendi
714 2930 890 2999 itaque
917 2940 1041 2985 sunt
1065 2932 1153 3002 qui
1180 2932 1433 2987 iacienda:
1458 2933 1605 3001 pacis
1631 2930 1823 2986 studiis

241 3031 601 3091 occupantur,
648 3032 701 3078 ut
748 3040 1027 3092 pravorum
1074 3026 1339 3081 mentibus
1383 3025 1532 3095 prius
1581 3037 1820 3079 amorem

239 3117 487 3171 debeant
516 3116 735 3171 interna:
762 3118 905 3185 pacis
935 3116 1248 3183 inlundere,
1278 3126 1543 3189 quatenus
1568 3116 1647 3171 eis
1674 3124 1821 3185 post-

1918 523 2076 579 sunt,
2124 523 2178 568 ut
2216 514 2549 583 perpendant
2592 528 2699 583 quo
2735 514 3011 583 Scriptura
3059 529 3211 569 sacra
3252 516 3303 570 in
3337 526 3494 572 nocte

1916 604 2040 658 vitae
2069 608 2348 673 praesentis
2375 608 2524 675 quasi
2550 606 2793 675 quaedam
2832 606 2989 661 nobis
3032 607 3248 663 lucerna
3295 608 3364 661 sit
3405 624 3499 677 po-

1917 695 2041 762 sita,
2074 696 2227 766 cujus
2251 698 2509 753 nimirum
2534 698 2694 754 verba
2718 698 2842 753 dum
2870 714 2973 753 non
3004 706 3151 754 recte
3174 699 3496 772 intelligunt,

1918 786 1987 842 de
2012 786 2211 843 lumine
2233 789 2632 847 tenebrescunt.
2647 788 2792 857 Quos
2814 789 3145 845 videiicetad
3169 790 3499 846 intellectum

1921 893 2142 948 pravum
2190 879 2420 937 intentio
2470 897 2721 948 perversa
2769 898 2874 937 non
2914 890 3162 950 raperet,
3203 881 3304 937 nisi
3357 882 3503 953 prius
3586 936 3589 939 .

1919 969 2164 1037 superbia
2194 970 2429 1027 inﬂaret.
2455 972 2588 1027 Dum
2620 972 2760 1027 enim
2788 986 2849 1029 se
2895 988 3003 1041 prae
3045 975 3257 1029 caeteris
3285 976 3502 1043 Sapien-

1923 1071 2001 1117 tes
2028 1065 2377 1131 arbitrantur,
2408 1066 2563 1136 sequi
2594 1067 2729 1121 aiios
2757 1066 2824 1120 ad
2866 1067 3056 1122 melius
3101 1067 3366 1123 intellecta
3399 1069 3496 1123 de-

1920 1157 2180 1226 spiciunt;
2212 1170 2373 1230 atque
2418 1168 2475 1215 ut
2517 1160 2657 1230 apud
2703 1161 2986 1229 imperium
3018 1160 3207 1229 vulgus
3258 1161 3495 1216 scientiae

1912 1247 2023 1307 'sibi
2068 1268 2260 1309 nomen
2303 1261 2684 1324 extorqueant,
2722 1253 2939 1308 student
2976 1267 3319 1322 summopere
3342 1262 3396 1307 et
3426 1253 3494 1307 ab

1923 1349 2041 1403 aliis
2068 1357 2215 1402 recte
2245 1346 2515 1401 intellecta
2546 1346 2841 1411 destruere,
2869 1355 2919 1400 et
2948 1361 3041 1401 sua
3066 1362 3318 1415 perversa
3343 1346 3498 1401 robo-

1923 1455 2065 1496 rare.
2098 1438 2249 1494 Unde
2288 1440 2426 1493 bene
2468 1454 2560 1505 per
2604 1438 2916 1507 prophetam
2957 1438 3181 1492 dicitur:
3219 1438 3503 1492 Sccuerunt

1922 1540 2237 1601 praegnantes
2284 1527 2489 1583 Galaad
2534 1529 2602 1584 ad
2648 1529 2969 1583 dilatandam
3021 1530 3294 1584 terminum
3356 1545 3501 1583 suum

1925 1622 2101 1693 (Amos
2126 1637 2165 1688 ι,
2194 1620 2307 1690 i5).
2336 1622 2535 1677 Galaad
2569 1638 2797 1691 namque
2834 1632 3060 1679 acervus
3099 1624 3387 1678 testimonii
3418 1626 3499 1678 in-

1928 1723 2274 1785 terpretatur.
2300 1714 2367 1768 Et
2395 1714 2519 1785 quia
2545 1725 2737 1771 cuncta
2766 1716 2926 1770 simul
2952 1718 3297 1786 congregatio
3321 1718 3505 1773 Eccle-

1925 1814 2019 1867 sia:
2043 1828 2136 1883 per
2156 1812 2550 1869 confessionem
2580 1815 2747 1869 servit
2778 1815 3084 1869 testimonio
3108 1814 3367 1881 veritatis,
3398 1830 3505 1869 non

1927 1906 2213 1976 incongrue
2244 1921 2339 1974 per
2371 1905 2573 1961 Galaad
2604 1907 2839 1962 Ecclesia
2879 1907 3218 1976 exprimitur,
3253 1922 3373 1976 qua:
3410 1921 3506 1964 ore

1923 2007 2240 2053 cunctorum
2276 1998 2535 2066 ﬁdelium;
2559 1999 2629 2054 de
2652 1998 2762 2055 Deo
2787 2010 3011 2069 quaequi:
3036 2014 3163 2054 vera
3193 2008 3313 2054 sunt
3346 2006 3507 2054 testa-

1927 2098 2030 2145 tur.
2056 2090 2402 2163 Praegnantes
2431 2101 2611 2146 autem
2641 2100 2898 2147 vocantur
2928 2093 3119 2147 anime
3138 2133 3152 2159 ,
3183 2092 3301 2162 qua:
3344 2092 3508 2147 intel-

1924 2181 2117 2238 lectum
2173 2184 2319 2239 verbi
2365 2199 2434 2239 ex
2483 2184 2663 2239 divino
2710 2200 2895 2240 amore
2945 2187 3283 2254 concipiunt,
3343 2185 3389 2238 si
3439 2184 3507 2239 ad

1923 2276 2217 2346 perlectum
2250 2278 2457 2347 tempus
2482 2279 2721 2344 veniant,
2749 2288 3065 2349 conceptam
3102 2278 3506 2349 intelligentiam

1920 2369 2099 2435 aperis
2142 2368 2448 2424 ostensione
2500 2370 2770 2438 pariturae.
2824 2371 3134 2425 Terminum
3176 2383 3305 2425 vero
3355 2384 3508 2427 suum

1922 2458 2171 2527 dilatare,
2199 2468 2283 2516 est
2307 2462 2573 2531 Opinionis
2602 2476 2719 2519 suae
2747 2476 2941 2519 nomen
2969 2465 3511 2537 extendere._Secue-

1923 2564 2048 2608 runt
2078 2569 2203 2623 ergo
2235 2564 2572 2626 praegnantes
2601 2556 2805 2612 Galaad
2835 2559 2898 2611 ad
2932 2557 3263 2611 dilatandam
3312 2567 3510 2612 termt-

1924 2659 2052 2700 num
2084 2659 2274 2711 suum;
2302 2649 2423 2715 quia
2453 2648 2706 2703 nimirum
2737 2648 2976 2705 haeretici
3021 2660 3232 2705 mentes
3272 2651 3509 2706 ﬁdelium

1924 2751 2041 2805 quae
2068 2736 2179 2806 jam
2210 2738 2414 2807 aliquid
2444 2740 2513 2796 de
2548 2742 2787 2822 veritatis
2840 2743 3118 2799 intellectu
3159 2748 3514 2815 conceperant

1926 2844 2175 2899 perversa
2228 2833 2612 2899 przedicatlone
2660 2836 2974 2904 perimunt,
3020 2847 3074 2891 et
3123 2837 3358 2892 scientias
3406 2837 3511 2893 sibi

1925 2937 2122 2979 nomen
2166 2926 2484 2983 extendunt.
2528 2928 2883 2985 ParVulorum
2924 2932 3085 2986 corda
3126 2930 3235 3001 jam
3266 2932 3335 2986 de
3366 2933 3515 2988 verbi

1927 3018 2276 3088 conceptione
2304 3018 2553 3089 gravida,
2586 3022 2694 3092 73
2719 3024 2919 3077 erroris
2949 3022 3126 3093 gladio
3157 3024 3428 3090 scindunt,
3461 3031 3516 3079 et

1928 3111 2077 3178 quasi
2106 3110 2363 3167 doctrinae
2391 3112 2492 3167 sibi
2516 3113 2823 3182 opinionem
2856 3114 3076 3170 facium.
3107 3115 3215 3169 Hos
3242 3129 3369 3184 ergo
3390 3128 3510 3169 cum

243 3209 475 3264 modum
512 3211 680 3263 νηιεω
704 3212 932 3265 exterior
962 3226 1058 3281 pa,
1089 3176 1370 3281 ρτοιιεεέθς
1398 3224 1453 3266 ιη
1473 3214 1599 3267 dum
1637 3228 1823 3268 eorum
1851 3176 1900 3238 θ
1932 3215 2189 3257 conamur
2210 3203 2472 3258 instruere
2498 3218 2566 3259 ne
2590 3218 2841 3272 perversa
2862 3205 3114 3273 sentiant,
3129 3206 3512 3260 admoneamus

246 3320 337 3359 cor
371 3303 423 3358 in
454 3288 603 3358 illius
623 3300 649 3341 δ
679 3304 978 3374 cognitione
1009 3306 1372 3374 suspenditur,
1406 3320 1737 3377 nequaquam
1760 3305 1824 3359 ad

248 3410 549 3468 nequitiam
579 3413 644 3454 ex
674 3400 830 3468 hujus
880 3402 1223 3471 perceptione
1270 3401 1545 3471 rapiatur;
1593 3400 1824 3469 dumque

254 3499 279 3529 ο
304 3504 595 3557 supernam
626 3491 922 3561 provident,
957 3504 1221 3548 terrenam
1246 3494 1390 3548 nullo
1412 3494 1568 3548 modo
1588 3492 1653 3547 ad
1674 3507 1829 3546 usum

254 3597 374 3637 sua:
418 3581 843 3639 deteriorationis
897 3585 1174 3645 inclinent.
1221 3586 1357 3641 Cum
1402 3599 1531 3639 vero
1590 3582 1829 3651 perversi

259 3676 454 3743 quique
486 3677 618 3731 tales
648 3688 793 3742 sunt,
818 3689 875 3733 ut
904 3695 1097 3735 nocere
1119 3680 1274 3736 bonis
1306 3686 1596 3749 nequeant,
1620 3677 1832 3733 etiamsi

262 3772 655 3837 concupiscant,
691 3772 828 3826 inter
867 3772 963 3826 bos
1003 3772 1250 3827 nimirum
1298 3772 1454 3827 debet
1489 3783 1697 3827 terrena
1734 3785 1834 3840 pax

258 3865 500 3918 wnstrui
528 3879 581 3919 et
609 3866 916 3937 priusquam
945 3868 1013 3922 ab
1038 3868 1117 3923 eis
1147 3870 1321 3924 valeat
1354 3884 1587 3937 superna
1635 3882 1835 3938 cogno-

259 3955 378 4019 sci;
407 3967 464 4009 ut
502 3957 550 4009 hi
580 3958 785 4014 scilicet
806 3975 937 4029 quos
967 3973 1151 4016 contra
1183 3962 1528 4018 dilectionem
1562 3962 1653 4016 Dei
1685 3962 1837 4016 mali-

261 4046 330 4100 tia
380 4063 492 4102 sua:
536 4049 822 4122 impietatis
864 4066 1186 4125 exasperat,
1245 4056 1435 4139 saltem
1481 4072 1546 4112 ex
1610 4055 1840 4126 proximi

260 4154 451 4195 amore
499 4154 898 4212 mansuescaut;
947 4156 1001 4202 et
1050 4148 1200 4218 quasi
1243 4164 1275 4205 e
1320 4150 1495 4205 vicino
1531 4151 1597 4204 ad
1648 4149 1840 4203 melius

262 4242 563 4303 transeant,
619 4246 673 4293 ut
716 4241 782 4295 ad
829 4241 975 4298 illam
1017 4256 1138 4314 quae
1181 4256 1211 4298 a
1252 4258 1312 4300 se
1342 4244 1497 4314 longe
1526 4252 1626 4311 est,
1660 4242 1840 4315 pacem

263 4326 575 4385 Conditoris
607 4334 915 4391 ascendant.

606 4468 829 4527 CAPUT
867 4472 1029 4528 XXIV
1072 4472 1176 4549 [ΑΙ.
1218 4472 1513 4548 XLVIII].

348 4581 616 4648 Quomodo
645 4587 952 4661 admonendi
990 4593 1141 4645 rudes
1171 4592 1223 4645 in
1254 4592 1490 4648 doctrina
1514 4609 1695 4661 sacra,
1728 4603 1775 4649 et

732 4660 887 4723 docti,
915 4664 1002 4717 sed
1031 4680 1131 4716 non
1157 4662 1395 4719 humiles.

348 4768 665 4835 (.idmortt'tt'o
691 4770 808 4841 €25.)
837 4780 862 4809 α
884 4775 1051 4829 Aliter
1078 4775 1395 4832 admonendi
1423 4786 1545 4833 sunt
1568 4778 1655 4848 qui
1680 4792 1850 4833 sacras

272 4858 405 4928 legis
436 4861 594 4915 verba
637 4879 740 4917 non
782 4875 923 4920 recte
968 4866 1300 4936 intelligunt;
1352 4878 1510 4938 atque
1557 4870 1711 4925 aliter
1760 4869 1851 4941 qui

270 4962 419 5005 recte
449 4953 662 5019 quidem
697 4956 1026 5026 intelligunt,
1060 4959 1152 5014 sed
1185 4960 1300 5015 haec
1329 4962 1603 5017 humiliter
1632 4979 1738 5017 non
1770 4965 1847 5017 lo-

270 5056 529 5112 quuntur.
557 5048 887 5103 Admonendi
914 5052 1055 5105 enim
1085 5052 1227 5106 enim
1256 5064 1378 5107 sunt
1405 5055 1489 5122 qui
1522 5070 1691 5110 sacra:
1718 5055 1851 5126 legis

273 5137 441 5191 verba
490 5153 594 5193 non
647 5149 789 5194 recte
839 5142 1170 5213 intelligunt,
1223 5154 1280 5199 ut
1323 5146 1688 5214 perpendam,
1732 5149 1852 5218 quia

271 5228 687 5285 saluberrimum
738 5231 845 5286 vini
878 5244 1059 5303 potmn
1100 5234 1151 5288 in
1198 5236 1385 5292 veneni
1441 5238 1543 5293 sibi
1607 5241 1851 5306 poculum

226 5377 238 5392 ο
276 5330 514 5389 vertunt,
547 5340 607 5378 ac
640 5341 732 5393 per
752 5325 1069 5382 medicinale
1090 5327 1288 5384 ferrum
1318 5332 1535 5387 vulnere
1563 5335 1773 5389 mortali
1797 5350 1855 5391 se

276 5412 502 5476 feriunt,
535 5416 658 5471 dum
691 5434 785 5488 per
814 5418 913 5473 hoc
945 5420 997 5474 in
1021 5435 1081 5476 se
1109 5436 1236 5477 sana
1266 5425 1559 5488 perimunt.
1591 5441 1685 5489 per
1712 5428 1851 5490 quod

356 5535 388 5611 ξι
413 5528 657 5611 ςίιοιςιρι
688 5532 773 5611 alii
802 5543 1027 5611 re_cenl.,
1048 5548 1237 5611 _coutre
1266 5541 1498 5595 damnati
1524 5543 1665 5596 illius
1693 5560 1814 5599 vasa
1837 5590 1850 5611 ,

275 5600 671 5657 reluctantibus
693 5604 816 5679 Mss.
839 5600 1021 5669 'l‘rec.,'
1037 5608 1312 5679 Genuam,
1340 5611 1574 5677 Beiram,
1598 5622 1726 5679 etc.,
1753 5600 1855 5671 imu

276 5675 986 5752 repugnantesanctissimo
1018 5678 1265 5746 doctore,
1294 5682 1385 5752 qui
1419 5675 1854 5743 solet—Antichri-

278 5754 429 5796 stum
467 5758 560 5827 vas
588 5746 795 5827 diaboli
836 5750 1126 5827 appellare.
1160 5746 1428 5827 Vide-lib.
1464 5768 1607 5808 χχιιι
1638 5756 1848 5827 Moral.,

284 5830 438 5882 pum.
470 5811 559 5869 2‘2.
584 5812 683 5871 Hic
711 5811 885 5875 autem
907 5811 1197 5881 editoribus
1224 5824 1394 5891 placet
1420 5836 1727 5891 peccatores
1749 5811 1858 5897 An,-

1935 3293 2080 3360 prius
2123 3307 2346 3349 necesse
2392 3304 2507 3361 est,
2546 3309 2615 3349 ne
2655 3296 2868 3351 inanem
2898 3297 3123 3366 gloriam
3161 3303 3425 3366 quaerant.
3457 3296 3516 3352 Si

1934 3384 2078 3437 enim
2123 3383 2275 3439 radix
2302 3385 2550 3441 elationis
2589 3385 2904 3453 absciditur,
2944 3386 3337 3456 Consequentur
3381 3387 3517 3442 rami

1937 3490 2113 3546 pravae
2142 3476 2451 3533 assertionis
2476 3478 2726 3536 arellunt.
2771 3479 3112 3535 Adnionendi
3156 3486 3286 3534 sunt
3321 3480 3516 3547 etiam,

1939 3583 2009 3625 ne
2039 3582 2257 3623 errores
2287 3569 2690 3641 discordiasque
2714 3571 3056 3641 generando,
3084 3572 3255 3642 legem
3286 3572 3380 3629 Dei
3401 3584 3518 3644 quas

1938 3665 2143 3721 idcirco
2168 3665 2290 3720 data
2316 3674 2397 3721 est
2426 3676 2482 3720 ut
2510 3666 2772 3721 sacriﬁcia
2804 3667 3016 3722 Satanas
3047 3662 3346 3737 prohibeat,
3371 3674 3517 3723 eain—

1937 3759 2059 3815 dem
2086 3760 2257 3829 ipsam
2290 3759 2344 3815 in
2373 3760 2587 3815 Satanae
2618 3761 2942 3816 sacriﬁcium
2968 3770 3204 3817 vertant.
3236 3762 3387 3818 Unde
3420 3776 3516 3832 per

1939 3854 2251 3923 prophetam
2280 3854 2536 3910 Dominus
2568 3856 2829 3924 queritur,
2865 3855 3091 3911 dicens:
3118 3854 3252 3910 Dedi
3295 3858 3369 3911 eis
3409 3858 3522 3927 fru-

1940 3956 2183 4012 mentum,
2213 3946 2388 4000 uinum
2411 3956 2458 4001 et
2484 3948 2671 4014 oleum,
2700 3946 2746 4002 ei
2776 3959 3048 4018 argentum
3073 3948 3413 4019 multiplicavi
3450 3950 3521 4005 eis

1940 4048 1987 4092 et
2014 4048 2222 4105 aurum,
2249 4055 2365 4109 qua:
2393 4040 2618 4109 fecerunt
2644 4040 2774 4096 Beat
2802 4040 3048 4112 (Omen,
3081 4040 3161 4111 8).
3179 4040 3523 4098 Frumentum

1943 4135 2137 4205 quippe
2166 4142 2199 4185 ο
2224 4133 2451 4189 Domino
2480 4135 2792 4203 accipimus,
2816 4136 3039 4206 quando
3070 4137 3125 4191 in
3148 4136 3308 4194 dictis
3334 4138 3526 4193 obscu-

1945 4226 2179 4280 rioribus
2209 4225 2471 4281 subducto
2500 4228 2731 4297 tegmine
2764 4228 2956 4284 litterae
2982 4244 3076 4299 per
3098 4229 3385 4284 medullam
3416 4231 3525 4300 spi—

1946 4319 2080 4373 ritus
2110 4318 2244 4389 legis
2284 4318 2492 4375 interna
2534 4324 2816 4376 sentimus.
2854 4322 3042 4377 Vinum
3082 4338 3236 4379 suum
3270 4323 3526 4379 Dominus

1948 4413 2100 4467 nobis
2126 4421 2341 4482 pra-stat
2364 4457 2378 4481 ,
2408 4427 2531 4468 cum
2558 4413 2848 4483 Scriptura:
2872 4430 2982 4470 sua:
3012 4416 3120 4470 alta
3149 4416 3528 4485 praedicatione

1949 4518 2047 4560 nos
2076 4504 2303 4559 debriat.
2337 4504 2523 4559 Oleum
2550 4516 2763 4576 quoque
2789 4521 2942 4563 suum
2978 4509 3131 4563 nobis
3158 4509 3376 4571 tribuit,
3405 4520 3525 4560 cum

1881 4574 1928 4635 ί)
1954 4597 2231 4666 praeceptis
2251 4574 2607 4667 apertioribus
2629 4574 2789 4654 vitam
2819 4608 3059 4654 nostram
3088 4600 3279 4654 blanda
3313 4600 3530 4654 lenitate

1955 4688 2208 4758 disponit.
2240 4692 2533 4759 Argentum
2564 4693 2877 4762 multiplicat
2905 4700 3024 4746 cum
3051 4693 3205 4746 nobis
3237 4693 3355 4745 luce
3384 4692 3529 4747 veri-

1960 4783 2081 4837 tatis
2128 4782 2283 4851 plena
2339 4782 2548 4852 eloquia
2595 4785 2978 4839 subministrat.
3015 4786 3156 4838 Auro
3184 4790 3397 4852 qtmqne
3438 4799 3533 4839 nos

1956 4879 2108 4944 ditat,
2141 4856 2353 4948 quando
2375 4891 2469 4933 eor
2498 4889 2737 4934 nostrum
2776 4879 3051 4932 intellectu
3083 4880 3273 4933 summi
3306 4878 3533 4949 fulgoris

1959 4973 2196 5029 irradiat.
2224 4973 2351 5041 Quae
2398 4982 2587 5028 cuncta
2640 4972 2874 5027 hrcretici
2926 4971 3049 5026 Baai
3100 4971 3366 5037 offerunt,
3413 4975 3533 5043 quia

1956 5063 2094 5132 apud
2125 5063 2426 5119 auditorum
2454 5074 2669 5116 suorum
2700 5062 2861 5116 corda
2889 5064 3140 5132 co‘rrbpte
3162 5064 3339 5119 emtiia
3365 5064 3534 5119 intel-

1956 5156 2169 5227 ligendo
2200 5162 2532 5225 pervertunt.
2559 5153 2623 5208 Et
2651 5153 2719 5209 de
2760 5154 3029 5210 frumento
3058 5156 3186 5222 Dei,
3219 5156 3344 5210 vino
3378 5167 3535 5225 atque

1958 5252 2098 5317 oleo,
2131 5256 2352 5317 argento
2402 5246 2598 5313 pariter
2650 5254 2704 5301 et
2752 5250 2902 5312 aurd,
2953 5248 3163 5303 Satanze
3209 5248 3528 5302 sacriﬁcium

1958 5340 2251 5402 immolant,
2277 5338 2397 5409 quia
2427 5338 2490 5392 ad
2520 5352 2757 5394 errorem
2780 5339 3064 5395 discordiae
3087 5340 3241 5396 verba
3260 5340 3419 5408 pacis
3448 5340 3535 5392 in-

1959 5431 2177 5487 clinant.
2214 5429 2364 5487 Unde
2391 5430 2714 5488 admonendi
2745 5443 2869 5489 sunt
2914 5444 2969 5489 ut
3012 5434 3373 5504 perpendam,
3406 5431 3530 5501 quia

1965 5544 2191 5617 tichristi
2219 5554 2343 5617 vasa
2377 5562 2703 5617 nuncupare.

2036 5616 2063 5655 ι)
2102 5618 2213 5687 Duo
2241 5616 2447 5673 Gemdt.
2482 5616 2708 5685 priores,
2740 5619 3066 5687 cogitatione.

2040 5700 2060 5725 ο
2094 5686 2253 5743 Cori).
2278 5696 2329 5743 ct
2360 5691 2543 5745 tertius
2570 5692 2744 5758 Germ,
2774 5686 3060 5760 superna...
3087 5686 3538 5759 terrenawptimo

1958 5774 2251 5831 supernam,
2278 5768 2380 5825 stu,
2416 5764 2622 5831 pacein.

2033 5830 2059 5868 ά
2084 5831 2249 5889 Laud.
2273 5844 2326 5890 et
2348 5830 2534 5895 εστι..
2558 5833 2719 5888 Aliter
2737 5830 2880 5897 actm,
2903 5834 3035 5888 enim
3057 5839 3190 5897 sunt,
