4036 6346
508 354 577 410 95
1708 341 1947 399 SANCTI
1988 339 2097 395 GN

2203 337 2314 393 »ΒΗ
2352 335 2561 394 MAGNI
3325 319 3335 328 ’
3701 332 3777 389 {.6

508 465 629 521 dum
654 476 900 535 perversa
920 468 1096 515 mente
1111 458 1177 513 de
1195 458 1473 528 prmceptis
1496 456 1639 526 pacis
1660 455 1978 510 discordiam
1999 452 2076 506 ia—
2104 456 2156 515 Α
2180 452 2392 522 jungas,
2413 468 2481 507 ne
2512 453 2563 507 in
2587 451 2751 507 divini
2774 450 2925 506 verbi
2950 448 3248 503 ministerio
3273 448 3451 501 hostes
3475 455 3593 501 tuos
3618 449 3681 500 ad
3718 462 3775 503 te

507 556 833 624 ciunt,‘justo
850 553 943 607 Dei
958 553 1201 607 examine
1226 553 1322 620 ipsi
1344 552 1411 606 de
1426 549 1599 605 verbis
1624 550 1743 604 vita:
1757 548 2079 602 moriuntur.

572 638 664 703 (At
690 654 875 700 contra
904 642 1221 697 admonendi
1250 651 1373 696 sunt
1393 642 1481 711 qui
1509 648 1655 695 recte
1681 640 1892 709 quidem
1918 638 2079 693 verba

513 739 649 809 legis
679 736 1007 804 intelligunt,
1038 737 1129 788 sed
1160 735 1275 788 hate
1301 732 1570 787 humiliter
1601 746 1705 786 non
1759 731 2077 799 loquuntur;

512 841 569 886 ut
599 832 653 886 in
678 828 875 883 divinis
898 826 1233 882 sermonibus
1274 826 1420 895 prius
1449 839 1607 894 quam
1642 824 1762 878 aliis
1791 837 1885 877 eos
1906 821 2085 893 profe-

514 930 656 986 rant,
695 920 1015 988 semetipsos
1045 918 1336 988 requirant,
1394 932 1461 970 ne
1490 916 1832 984 insequentes
1860 912 2084 968 aliorum

518 1013 676 1078 facta,
722 1026 781 1066 se
821 1010 1101 1073 deserant;
1148 1018 1201 1062 et
1248 1022 1371 1061 cum
1421 1014 1569 1062 recte
1606 1015 1796 1059 cuncta
1839 1004 1907 1059 de
1934 1018 2087 1059 sacra

520 1104 798 1171 Scriptura
829 1101 1087 1165 sentiunt,
1113 1098 1214 1152 hoc
1236 1098 1409 1152 solum
1440 1096 1582 1166 quod
1617 1111 1708 1165 per
1731 1095 1873 1149 illam
1903 1104 2089 1149 contra

518 1193 687 1250 elatus
737 1192 950 1255 dicitur,
996 1206 1101 1244 non
1147 1188 1447 1243 attendant.
1503 1188 1783 1256 Improbus
1808 1186 2005 1254 quippe
2035 1195 2088 1241 et

519 1284 797 1353 imperitus
827 1291 909 1336 est
934 1280 1195 1345 medicus,
1225 1280 1311 1348 qui
1343 1278 1576 1333 alienum
1619 1278 1820 1331 mederi
1864 1276 2088 1347 appetit,

513 1390 568 1433 et
596 1379 709 1446 ipse
740 1376 929 1430 vulnus
959 1374 1097 1444 quod
1126 1376 1323 1443 patitur
1348 1374 1539 1428 nescit.
1586 1374 1686 1441 Qui
1743 1373 1898 1441 igitur
1928 1372 2089 1427 verba

520 1472 611 1526 Dei
642 1470 913 1524 humiliter
962 1482 1064 1521 non
1115 1467 1423 1534 loquuntur,
1476 1466 1716 1533 profecto
1759 1463 2087 1518 admonendi

519 1575 659 1627 sunt,
689 1573 745 1617 ut
762 1578 884 1617 cum
908 1562 1256 1616 medicamina
1276 1561 1430 1629 aegris
1458 1569 1751 1629 apponunt,
1777 1560 1920 1625 prius
1944 1560 2085 1613 virus

517 1672 626 1711 sua:
656 1656 819 1725 pestis
849 1655 1155 1724 inspiciant,
1190 1661 1216 1690 ι
1261 1668 1330 1707 ne
1375 1652 1509 1705 alios
1552 1650 1816 1706 medendo
1844 1651 1942 1719 ipsi
1970 1665 2085 1703 mo-

518 1751 739 1803 riantur.
771 1746 1060 1801 Admoneri
1083 1745 1299 1808 debent,
1330 1742 1741 1797 utcnnsiderent
1772 1756 1838 1796 ne
1866 1740 1893 1780 δ
1916 1756 1946 1794 a
1968 1746 2081 1796 vir-

2186 545 2471 615 participes
2500 545 2781 600 admittas.
2815 546 2994 613 Aquas
3023 558 3151 610 ergo
3181 551 3235 595 et
3266 543 3315 594 in
3350 542 3537 610 plateis
3570 543 3777 597 dividi-

2186 652 2326 700 mus,
2372 646 2426 691 et
2469 646 2642 692 tamen
2670 636 2769 691 soli
2817 634 3170 702 possidemus,
3204 632 3420 701 quando
3444 642 3498 686 et
3518 636 3773 690 exterius

2185 729 2293 784 late
2324 730 2759 797 praedicationem
2791 726 3083 787 fundimus,
3111 736 3163 779 et
3187 735 3366 779 tamen
3398 740 3491 794 per
3516 740 3633 780 eam
3659 726 3770 780 ltu-

2187 836 2373 875 manas
2404 820 2586 875 laudes
2613 821 2826 888 assequi
2851 819 3068 873 minime
3098 817 3385 873 ambimus.

2566 933 2792 989 CAPUT
2833 932 2977 987 XXV
3021 931 3127 1005 [ΑΙ.
3162 930 3393 1004 XLIX].

2193 1047 2459 1112 Quomodo
2490 1048 2801 1100 admonendi
2829 1047 2914 1112 qui
2962 1047 3175 1115 ofﬁcium
3206 1046 3579 1109 prwdicationis
3600 1046 3763 1102 nimia

2264 1119 2556 1171 humilitate
2599 1119 2896 1181 detrectant,
2954 1128 2999 1169 et
3042 1118 3129 1183 qui
3164 1117 3411 1186 ργανεὶρὶιὶ
3451 1117 3782 1186 festinatione

2264 1198 2529 1257 occupant.

2266 1282 2585 1340 (Admonitio
2618 1281 2731 1349 26.)
2764 1280 2933 1334 Aliter
2972 1280 3292 1335 admonendi
3345 1291 3469 1334 sunt
3516 1281 3602 1347 qui
3649 1294 3778 1335 cum

2197 1372 2488 1441 praedicare
2518 1374 2677 1441 digne
2707 1372 2940 1435 valeant,
2972 1386 3077 1439 pra:
3126 1372 3292 1426 nimia
3342 1373 3635 1426 humilitate
3665 1373 3781 1426 lor-

2200 1465 2435 1530 midant;
2468 1474 2626 1531 atque
2656 1465 2811 1518 aliter
2832 1464 3159 1519 admonendi
3191 1472 3316 1519 sunt
3344 1480 3478 1533 quos
3509 1480 3538 1518 a
3582 1464 3780 1535 praedi-

2202 1559 2415 1611 catione
2450 1558 2785 1626 impertectio
2808 1558 2889 1611 vel
2912 1566 3043 1611 tetas
3076 1557 3338 1625 prohibet,
3362 1568 3417 1613 et
3443 1569 3615 1613 tamen
3638 1574 3781 1629 pra:-

2201 1648 2446 1716 cipitatio
2476 1648 2722 1715 impellit.
2758 1648 3091 1702 Adnionendi
3122 1662 3349 1717 namque
3375 1659 3497 1703 sunt
3518 1649 3609 1719 qui
3651 1665 3781 1703 eum

2195 1742 2493 1812 praedicare
2524 1744 2727 1795 utiliter
2757 1752 2999 1810 possunt,
3021 1743 3373 1797 immoderata
3393 1752 3565 1797 tamen
3600 1744 3779 1798 humi-

519 1848 628 1893 tute
659 1838 807 1902 dicti,
844 1836 1053 1891 dicendi
1080 1836 1337 1904 qualitate
1364 1835 1689 1898 discordem,
1734 1848 1801 1888 ne
1823 1833 2093 1903 loquemlo
2123 1828 2171 1889 Β
2198 1836 2345 1889 litate
2376 1835 2674 1903 refugiunt;
2708 1842 2766 1887 ut
2791 1849 2853 1888 ex
2916 1834 3110 1887 minori
3160 1833 3589 1888 consideratione
3629 1835 3780 1888 colli-

515 1932 684 1996 aliud,
713 1941 767 1987 et
796 1930 1127 1986 ostendendo
1156 1929 1297 1983 aliud
1322 1928 1631 1998 praedicent.
1651 1928 1887 1982 Audiant
1914 1930 2093 1997 itaque

517 2022 656 2090 quod
686 2022 940 2088 scriptum
965 2030 1049 2074 est
1083 2036 1095 2072 :
1129 2020 1190 2073 Si
1220 2021 1332 2087 quis
1380 2020 1625 2084 loquitur,
1669 2020 1815 2087 quasi
1841 2036 2094 2074 sermones

518 2112 616 2165 Dei
646 2110 697 2181 (1
734 2110 875 2164 Petr.
913 2127 983 2175 tv,
1018 2112 1128 2179 il).
1158 2111 1258 2177 Qui
1283 2128 1412 2181 ergo
1440 2112 1602 2165 verba
1643 2128 1761 2179 quae
1794 2113 2091 2182 proferunt,

516 2218 583 2256 ex
619 2201 849 2270 propriis
902 2217 1006 2255 non
1040 2201 1256 2269 habent,
1311 2217 1407 2256 cur
1437 2203 1588 2272 qttasi
1620 2200 1686 2255 de
1728 2204 1959 2272 propriis
2007 2212 2093 2257 tu-

520 2295 703 2349 ment?
735 2294 969 2348 Audiant
990 2295 1131 2362 quod
1162 2295 1419 2361 scriptum
1445 2305 1525 2349 est
1560 2311 1573 2347 :
1602 2293 1754 2347 Sicut
1783 2311 1844 2347 ea:
1872 2295 1980 2347 Deo
2006 2311 2095 2348 co-

520 2405 630 2442 ram
661 2388 768 2440 Deo
796 2388 849 2439 in
877 2385 1077 2439 Christo
1110 2386 1366 2457 loquimur
1399 2386 1480 2458 (ll
1515 2385 1634 2441 Cor.
1659 2402 1717 2452 ll,
1749 2387 1855 2455 l7).
1886 2388 1962 2440 Ex
1990 2388 2097 2443 Deo

519 2480 661 2534 enim
687 2492 867 2533 coram
900 2478 1006 2532 Deo
1032 2477 1292 2547 loquitur,
1337 2480 1425 2545 qui
1454 2477 1845 2547 prmdicationis
1874 2478 2095 2533 verbum

523 2583 577 2628 et
606 2572 725 2643 quia
752 2586 781 2625 a
811 2572 919 2625 Dcu
950 2572 1159 2640 accepit
1203 2570 1474 2640 intelligit,
1524 2581 1578 2625 et
1611 2574 1819 2639 placere
1851 2588 1945 2641 per
1967 2572 2096 2626 illud

526 2666 637 2721 Deo
666 2681 769 2720 non
801 2664 1105 2719 hominibus
1134 2664 1345 2734 quaerit.
1399 2665 1634 2719 Audiam
1663 2666 1803 2736 quod
1835 2666 2096 2735 scriptum

520 2771 600 2815 est
622 2775 635 2813 :
666 2758 988 2811 Abominatio
1008 2757 1215 2812 Domini
1243 2767 1314 2812 est
1338 2758 1501 2811 onmis
1524 2774 1769 2828 arroqans
1790 2757 1969 2825 (Prov.
1986 2773 2094 2825 xvr,

530 2850 645 2921 15).
669 2851 872 2916 —Quia
900 2850 1149 2905 videlicet
1176 2849 1301 2904 dum
1329 2850 1381 2903 in
1414 2850 1577 2903 verbo
1603 2849 1694 2903 Dei
1726 2850 1948 2914 gloriam
1980 2865 2099 2909 pro-

522 2952 691 3013 priam
715 2942 925 3012 quierit,
952 2943 1041 3013 jus
1092 2942 1270 2996 dantis
1301 2942 1529 3006 invadit;
1560 2958 1788 3009 eumque
1821 2942 1959 2995 laudi
1989 2956 2099 2997 suae

525 3048 848 3108 postponere
881 3052 1212 3107 nequaquam
1234 3036 1440 3101 metuit,
1461 3051 1489 3090 a
1511 3051 1618 3105 quo
1644 3037 1740 3088 hoc
1765 3037 1934 3101 ipsum
1956 3035 2095 3104 quod

523 3134 769 3189 laudatur
807 3138 1031 3203 accepit.
1069 3132 1301 3187 Audiant
1322 3131 1462 3200 quod
1512 3132 1849 3198 praedicatori
1884 3146 1977 3199 per
2002 3131 2096 3185 Sa-

522 3236 790 3282 lontOuem
821 3226 1061 3282 dicitur:
1095 3223 1219 3279 Bibe
1270 3240 1453 3292 aquam
1503 3225 1564 3275 de
1618 3224 1836 3275 cisterna
1891 3233 1999 3288 tua,
2052 3204 2171 3275 etC

523 3321 717 3388 ﬂuenta
741 3320 877 3390 putei
912 3319 1005 3372 tui.
1032 3317 1335 3371 Deriventur
1359 3319 1519 3387 fontes
1551 3316 1623 3369 tui
1649 3325 1813 3386 foras,
1846 3327 1891 3369 et
1924 3318 1975 3369 in
1997 3318 2103 3385 pla-

523 3416 615 3469 teis
645 3430 802 3483 aquas
833 3412 1022 3465 divide.
1044 3410 1246 3464 Habeto
1269 3426 1355 3464 eas
1377 3411 1538 3475 solus,
1566 3425 1655 3463 nec
1682 3410 1779 3461 sint
1808 3409 1960 3462 alieni
1981 3424 2101 3475 par-

524 3504 702 3573 ticipes
731 3504 801 3557 tui
830 3502 1013 3569 (Prov.
1060 3518 1115 3565 v,
1167 3500 1277 3572 i5).
1331 3506 1534 3567 Aquam
1567 3501 1759 3569 quippe
1785 3498 2100 3568 praedicator

524 3596 592 3651 de
640 3596 869 3650 cisterna
922 3610 1018 3649 sua
1072 3594 1221 3659 bibit,
1275 3608 1395 3648 cum
1449 3593 1511 3646 ad
1542 3607 1637 3646 cor
1678 3608 1832 3646 suum
1864 3592 2098 3660 rediens,

526 3689 674 3760 prius
702 3686 810 3759 74
837 3686 988 3741 audit
1015 3686 1128 3755 ipse
1160 3687 1298 3753 quod
1322 3685 1471 3739 dicit.
1508 3685 1647 3739 Bibit
1676 3687 1755 3739 sui
1787 3688 1981 3739 llucnta
2007 3702 2100 3753 pu-

524 3784 615 3849 tei,
641 3783 687 3836 si
713 3783 793 3836 sui
824 3782 1131 3848 irrigatione
1160 3780 1303 3832 verbi
1337 3777 1652 3830 infunditur.
1681 3777 1776 3831 Ubi
1801 3778 1938 3831 bene
1976 3776 2101 3829 sub-

524 3874 756 3947 iungitur
786 3890 798 3926 :
828 3871 1125 3925 Diriventur
1174 3870 1337 3940 fontes
1383 3869 1457 3920 tui
1514 3870 1673 3937 foras,
1721 3876 1770 3921 et
1823 3872 1874 3920 in
1923 3866 2103 3935 plateis

522 3985 682 4037 aquas
714 3964 884 4019 divide
913 3961 1101 4033 (Ibid.,
1136 3958 1250 4029 18).
1284 3959 1506 4014 Rectum
1536 3959 1732 4027 quippe
1762 3966 1841 4011 est
1892 3967 1948 4011 nt
1988 3973 2101 4024 ipse

524 4060 672 4127 prius
701 4057 867 4121 bibat,
891 4064 946 4109 et
968 4064 1092 4108 tunc
1122 4050 1465 4125 praedicando
1495 4050 1615 4103 aliis
1663 4048 1867 4103 inlluat.
1901 4048 2098 4102 Fontes

527 4162 756 4218 namque
786 4146 929 4201 ioras
954 4144 1223 4210 derivare,
1249 4151 1332 4199 est
1352 4143 1589 4196 exterius
1632 4141 1751 4194 aliis
1778 4144 1882 4193 vim
1915 4139 2103 4209 praedi-

525 4241 750 4295 cationis
773 4234 1074 4291 infundere.
1122 4236 1178 4291 In
1211 4237 1400 4305 plateis
1430 4244 1606 4289 autem
1653 4246 1817 4302 aquas
1845 4230 2102 4297 dividere,

528 4344 610 4391 est
637 4334 687 4389 in
720 4349 909 4403 magna
942 4332 1245 4387 auditorum
1281 4331 1633 4400 amplitudine
1677 4327 1825 4397 juxta
1856 4328 2105 4381 uniuscu-

525 4434 723 4502 jusque
742 4430 1051 4499 qualitatem
1077 4428 1255 4481 divina
1278 4427 1489 4495 eloquia
1518 4424 1853 4491 dispensare.
1899 4423 1962 4475 lit
1981 4428 2105 4491 quia

532 4524 846 4594 plerumque
875 4520 1047 4575 inanis
1072 4518 1254 4587 gloriae
1281 4518 1550 4587 appetitus
1578 4515 1816 4583 subrepit
1846 4513 1971 4569 dum
1993 4528 2106 4568 ser-

527 4633 615 4672 mo
665 4616 757 4670 Dei
804 4614 870 4667 ad
922 4614 1209 4667 multorum
1267 4611 1505 4663 notitiam
1565 4607 1764 4675 currit,
1826 4617 2101 4675 postquam
2133 4589 2295 4665 Diur
2342 4628 2353 4663 ;

524 4709 723 4762 dictum
755 4715 837 4760 est
869 4722 883 4758 :
912 4703 975 4757 In
1009 4703 1191 4773 plateis
1221 4718 1379 4771 aquas
1407 4700 1595 4764 divide,
1646 4712 1791 4754 recte
1819 4698 2100 4770 subjuugi-

522 4812 605 4853 tur
637 4820 649 4853 :
676 4798 878 4853 Habeto
905 4815 992 4852 eas
1039 4801 1202 4863 solus,
1254 4812 1343 4848 nec
1394 4797 1495 4849 sint
1541 4795 1702 4849 alieni
1731 4796 2003 4864 participes
2031 4794 2105 4846 tui

526 4890 736 4959 (Ibat).
780 4891 998 4945 Alienos
1029 4888 1225 4959 quippe
1275 4887 1534 4956 malignos
1582 4887 1802 4955 spiritus
1833 4895 2003 4950 vocat,
2035 4884 2103 4938 de

527 4984 723 5050 quibus
750 4997 843 5049 per
869 4982 1187 5049 Propheiam
1220 4980 1404 5034 tentati
1430 4979 1659 5033 hominis
1708 4993 1839 5032 voce
1864 4977 2060 5030 dicitur
2086 4992 2102 5030 :

524 5073 692 5129 Alieni
715 5071 1099 5125 insurrexerunt
1121 5074 1171 5125 in
1200 5081 1359 5139 nte,et
1376 5075 1531 5141 fortes
1551 5070 1857 5140 quwst'erunt
1880 5070 2105 5121 animam

526 5181 691 5219 meant
722 5163 839 5233 (Ps.
871 5177 985 5228 Llll,
1018 5161 1092 5233 5).
1126 5165 1210 5217 Ait
1233 5179 1397 5234 ergo:
1432 5167 1612 5232 Aquas
1640 5168 1693 5214 et
1721 5158 1772 5213 in
1808 5159 1998 5229 plateis
2023 5160 2103 5214 di-

527 5262 668 5327 vide,
696 5269 751 5313 et
780 5268 956 5312 tamen
982 5256 1127 5311 solus
1158 5256 1315 5311 habe.
1348 5258 1426 5312 Ac
1455 5257 1499 5310 si
1532 5254 1768 5324 apertius
1799 5254 1943 5309 dicat
1969 5270 1982 5307 :
2015 5254 2105 5307 Sic

528 5367 750 5409 necesse
779 5360 862 5406 est.
890 5359 948 5404 ut
974 5348 1334 5419 praedicatiuni
1373 5353 1607 5405 exterius
1655 5347 1883 5413 servias,
1916 5359 2105 5419 quate-

528 5461 628 5502 nus
670 5462 763 5514 per
786 5445 1076 5500 elationem
1110 5451 1161 5497 te
1192 5442 1479 5497 immundis
1526 5443 1804 5512 spiritibus
1835 5456 1940 5497 non
1976 5459 2107 5498 con-

604 5552 628 5578 ι
658 5539 816 5595 Trec.
848 5548 901 5593 et
929 5538 1018 5591 alii
1053 5536 1189 5609 Mss.
1212 5537 1529 5609 unanimiter
1558 5536 1628 5592 ita
1685 5537 1906 5606 habent,
1959 5540 2097 5609 quod

523 5623 848 5671 reCentiores
879 5616 1154 5663 mutarunt
1179 5607 1253 5669 iii,
1286 5606 1404 5660 aliis
1430 5610 1701 5663 medendo.

592 5684 621 5723 ι)
653 5684 847 5736 Eadem
883 5682 1144 5744 libertate,
1202 5676 1398 5746 spretis
1448 5678 1596 5744 Mss,
1628 5678 1790 5734 Gilot.
1813 5687 1867 5734 et
1896 5679 1986 5734 alii
2019 5696 2104 5735 re-

522 5767 667 5813 cent.
694 5754 908 5817 ba‘bent,
944 5769 975 5805 a
1005 5752 1187 5804 virtute
1214 5751 1436 5814 dicendi,
1478 5750 1675 5803 vivendi
1716 5751 1963 5820 qualitate
1989 5754 2101 5807 dis-

504 5830 751 5888 ’rvrdent,
782 5826 888 5889 vel,
919 5842 949 5880 a
979 5825 1162 5879 virtute
1188 5822 1331 5887 dicti,
1357 5822 1574 5889 vivendi,
1608 5830 1711 5875 etc.

2195 1936 2326 1996 gant
2372 1935 2626 1995 quantum
2682 1926 2734 1979 in
2767 1925 3058 1994 majoribus
3095 1925 3255 1981 rebus
3294 1925 3685 1995 derelinquant.
3718 1925 3781 1982 Si

2196 2022 2336 2073 enim
2368 2017 2728 2085 indigentibus
2758 2019 3013 2087 proximis
3043 2019 3144 2087 ipsi
3167 2033 3301 2089 quas
3328 2020 3587 2073 haberent
3614 2034 3782 2087 pecu-

2200 2110 2317 2162 nias
2347 2109 2763 2173 ahsconderent,
2801 2120 2821 2147 ε
2857 2109 3135 2179 adjutores
3184 2111 3531 2179 proculdubio
3563 2110 3782 2163 calami-

2200 2202 2321 2257 tatis
2338 2203 2691 2259 exstitissent.
2714 2206 2829 2269 Quo
2850 2217 2980 2273 ergo
3002 2212 3154 2257 reatu
3184 2204 3617 2273 constringantur
3640 2203 3781 2270 aspi-

2197 2296 2360 2356 ciant,
2389 2296 2477 2363 qui
2501 2296 2627 2350 dum
2658 2295 3001 2363 peccantibus
3038 2295 3287 2348 fratribus
3335 2295 3551 2348 verbum
3584 2294 3781 2364 przedi-

2199 2390 2429 2443 cationis
2475 2383 2812 2463 subtrahunt,
2864 2390 3217 2443 morientibus
3247 2389 3514 2444 mentibus
3546 2389 3666 2443 vita:
3689 2404 3781 2444 re-
3811 2364 3907 2439 4λᾷ

2199 2483 2371 2537 media
2420 2482 2780 2537 abscondunt.
2827 2482 2978 2537 Unde
3023 2492 3077 2537 et
3123 2483 3257 2538 bene
3296 2483 3508 2553 quidam
3559 2481 3776 2549 sapiens

2200 2572 2329 2627 dicit
2359 2591 2374 2629 :
2407 2573 2677 2643 Sapientia
2699 2574 2999 2628 abscondita
3028 2584 3071 2627 et
3093 2573 3360 2627 thesaurus
3388 2572 3414 2610 ἀ
3438 2574 3649 2643 invisus,
3672 2590 3782 2644 qua:

2202 2666 2401 2719 utilitas
2421 2667 2474 2718 in
2500 2667 2725 2732 utrisque
2757 2664 2945 2737 (Eccli.
2989 2682 3079 2731 xx,
3110 2664 3237 2736 52)?
3263 2667 3321 2722 Si
3368 2667 3593 2737 populos
3618 2668 3781 2723 fames

2201 2767 2478 2823 attereret,
2504 2767 2559 2812 et
2587 2758 2793 2813 occulta
2856 2758 3117 2812 frumenta
3171 2758 3267 2826 ipsi
3297 2766 3598 2819 servarent,
3632 2769 3654 2794 ε
3684 2774 3781 2812 au-

2181 2862 2382 2933 ‘ctores
2406 2851 2761 2920 proculdubio
2786 2852 2973 2905 mortis
2989 2852 3301 2905 existerent.
3328 2852 3439 2917 Qua
3467 2852 3645 2921 itaque
3667 2854 3781 2922 ple-

2203 2944 2383 2999 ctendi
2415 2956 2540 2999 sunt
2572 2960 2725 3013 pinna
2768 2947 3133 3009 considerent,
3168 2946 3255 3015 qui
3284 2960 3403 2999 Cum
3447 2944 3586 2999 fame
3635 2946 3781 3001 verbi

2204 3036 2397 3089 anima:
2430 3047 2670 3105 pereant,
2703 3037 2801 3104 ipsi
2828 3052 3017 3105 panem
3052 3048 3315 3106 percepta:
3346 3038 3530 3107 gratiae
3559 3054 3663 3093 non
3688 3039 3782 3091 mio

2206 3134 2456 3185 nistrant.
2488 3131 2636 3184 Unde
2658 3139 2713 3185 et
2746 3130 2882 3184 bene
2913 3146 3007 3199 per
3035 3132 3377 3187 Salomonem
3421 3133 3615 3187 dicitur
3643 3150 3656 3185 :
3684 3131 3781 3198 Qui

2204 3222 2471 3275 abscondit
2499 3226 2776 3290 (ramenta,
2813 3224 3145 3277 maledicetur
3166 3224 3220 3276 in
3258 3224 3462 3294 pupulis
3487 3222 3666 3293 (Prov.
3708 3241 3781 3285 XI.

2205 3317 2321 3387 96).
2352 3320 2641 3374 Frumenta
2675 3322 2870 3388 quippe
2900 3320 3251 3387 abscondere,
3287 3331 3368 3376 est
3395 3320 3783 3391 praedicationis

2174 3470 2175 3475 η
2209 3423 2412 3470 sancta:
2439 3415 2577 3484 apud
2611 3429 2673 3469 se
2703 3415 2863 3469 verba
2892 3415 3144 3469 retinere.
3177 3416 3230 3468 In
3262 3416 3475 3485 populis
3506 3425 3682 3469 autem
3707 3425 3783 3467 ta-

2208 3505 2273 3561 lis
2306 3507 2533 3575 quisque
2564 3507 2925 3571 maledicitur,
2956 3510 3078 3575 quia
3109 3509 3161 3560 in
3204 3508 3369 3561 solius
3415 3508 3564 3571 culpa
3593 3507 3783 3562 silentii

2208 3614 2304 3665 pro
2337 3599 2625 3652 multorum
2643 3614 2778 3668 quos
2805 3598 3073 3667 corrigere
3091 3600 3264 3669 potuit
3293 3614 3447 3669 poena
3483 3601 3781 3654 damnatur.

2207 3691 2265 3746 Si
2298 3684 2637 3746 medicinalis
2670 3692 2801 3747 artis
2833 3692 3053 3746 minime
3077 3694 3245 3760 ignari
3275 3694 3561 3749 secandum
3599 3693 3785 3747 vulnus

2205 3793 2507 3847 cernerent,
2529 3792 2585 3837 et
2604 3792 2780 3836 tamen
2813 3797 2997 3837 secare
3029 3795 3356 3845 recusarent,
3392 3786 3629 3851 proiecto
3655 3799 3781 3854 pec-

2208 3888 2387 3928 catum
2418 3877 2666 3929 fraterna:
2684 3875 2875 3930 mortis
2903 3892 2965 3929 ex
2984 3876 3102 3930 solo
3134 3886 3346 3944 torpore
3363 3877 3786 3930 committerent.

2206 3968 2414 4033 Qumta
2473 3984 2601 4036 ergo
2652 3966 2804 4035 culpa
2859 3967 3197 4021 involvantur
3237 3966 3518 4035 aspiciant,
3547 3966 3633 4036 qui
3664 3967 3789 4022 dum

2210 4067 2546 4127 cognoscunt
2585 4058 2805 4111 vulnera
2857 4059 3140 4123 mentium,
3175 4073 3365 4113 curare
3404 4074 3467 4113 ea
3521 4059 3788 4127 negligunt

2209 4152 2451 4205 sectione
2499 4152 2806 4205 verborum.
2863 4149 3013 4204 Unde
3043 4160 3098 4204 et
3151 4150 3287 4204 bene
3336 4166 3430 4220 per
3480 4151 3790 4219 prophetam

2208 4244 2314 4314 75
2338 4243 2533 4298 dicitur
2561 4259 2575 4296 :
2610 4241 2917 4296 Maledictus
2942 4242 3026 4311 qui
3057 4242 3288 4309 prohibet
3325 4242 3557 4311 gladium
3582 4258 3732 4293 suunt
3760 4258 3791 4294 a

2208 4335 2461 4403 sanguine
2493 4333 2627 4403 (Jer.
2654 4349 2839 4397 vatit,
2866 4337 2970 4400 l0).
2992 4332 3237 4387 Gladium
3258 4335 3452 4402 quippe
3481 4351 3507 4386 a
3539 4334 3793 4401 sanguine

2212 4426 2521 4495 prohibere,
2547 4435 2631 4481 est
2665 4425 3062 4494 praedicationis
3090 4426 3308 4478 verbum
3341 4443 3371 4478 a
3396 4426 3629 4479 carnalis
3671 4426 3793 4477 vim:

2219 4519 2595 4574 interiectione
2625 4518 2877 4571 retinere.
2918 4518 2989 4571 De
3018 4531 3124 4585 quo
3179 4532 3390 4570 rursum
3434 4518 3607 4585 gladio
3662 4519 3792 4569 ilici-

2404 4609 2469 4662 Ει
2510 4609 2713 4682 gladius
2764 4625 2901 4662 meus
2946 4607 2965 4646 ί
3012 4610 3341 4662 manducabit
3387 4626 3564 4662 carnes
3616 4608 3791 4677 (huc.

2213 4720 2378 4763 xxxii.
2415 4703 2531 4773 42).

2287 4800 2349 4854 Hi
2384 4801 2561 4871 itaque
2589 4814 2710 4854 cum
2761 4800 2901 4869 apud
2948 4815 3008 4855 se
3040 4814 3342 4855 sermonem
3400 4800 3795 4867 ptatlicalioms

2216 4894 2511 4957 occultant,
2563 4893 2772 4946 divinas
2827 4904 3011 4946 contra
3062 4908 3120 4946 se
3162 4890 3456 4945 sententias
3487 4891 3795 4943 terribiliter

2215 4985 2461 5049 audiant,
2492 4994 2756 5054 quatenus
2782 4985 2850 5040 ab
2877 5000 3062 5039 eorum
3087 4986 3339 5038 cordibus
3367 4984 3613 5037 timorem
3639 4983 3796 5038 timor

2212 5080 2471 5150 expellat.
2507 5082 2739 5134 Audiam
2769 5080 2910 5149 quod
2939 5081 3217 5156 -taleulum
3248 5079 3335 5148 qui
3358 5094 3581 5150 erogare
3604 5080 3793 5142 noluit,

2211 5190 2331 5228 cum
2364 5176 2629 5228 sententia
2662 5174 3016 5227 damnationis
3073 5174 3251 5228 amisit
3295 5171 3510 5244 (Matth.
3554 5174 3794 5239 καλά,

2210 5268 2367 5335 seq.).
2400 5266 2634 5320 Audiant
2656 5266 2794 5335 quod
2830 5265 3024 5319 Paulus
3048 5281 3113 5320 eo
3134 5281 3191 5319 se
3220 5280 3247 5317 a
3280 5269 3644 5333 proximorum
3667 5281 3791 5318 san.

2209 5358 2371 5423 guiue
2402 5356 2659 5411 mundum
2689 5356 2940 5421 credidit,
2991 5371 3100 5425 quo
3133 5356 3387 5410 ferlcndis
3419 5374 3600 5411 cnruni
3654 5358 3798 5411 vitiis

2211 5462 2315 5502 non
2359 5449 2615 5517 pepercit,
2667 5449 2901 5504 dicens:
2934 5447 3203 5503 Cattteslor
3245 5466 3332 5503 vos
3386 5451 3636 5504 hodierna
3686 5450 3791 5515 die,

2285 5553 2307 5580 ε
2337 5543 2600 5608 Laudun.,
2633 5556 2886 5598 auctores.

2278 5613 2306 5650 ά
2338 5614 2560 5670 Car-not.
2595 5615 2817 5683 primus,
2852 5626 2903 5670 et
2934 5618 3135 5685 primus
3165 5618 3327 5682 Aud.,
3359 5617 3709 5675 absconditus.

2284 5695 2307 5755 ς
2331 5686 2537 5741 Gemet.
2568 5697 2622 5742 et
2640 5687 2712 5755 pl.
2748 5686 2955 5753 Νο1·ιιι.,
2981 5697 3261 5742 exactores.

2286 5754 2305 5793 ί
2337 5757 2544 5814 Gcmet.
2578 5754 2697 5813 cunt
2730 5758 2903 5827 primo
2930 5758 3090 5823 Δηὼ,
3123 5760 3404 5813 devorabit.
