4036 6346
254 430 309 488 97
1039 423 1331 478 llliGlezE
1373 420 1795 478 l’AS'l‘UliALIS
1837 417 2066 476 LIBER.
2108 444 2181 458 --
2236 413 2413 472 PARS
2452 413 2724 470 TERTIA.
3452 410 3526 472 98

255 550 366 623 quia
396 548 621 600 mundus
644 560 759 598 sum
783 560 814 596 a
835 558 1082 614 sanguine
1113 540 1339 594 omnium
1368 554 1386 593 :
1416 555 1515 591 non
1544 538 1678 591 enim
1707 537 1837 590 sub-
1865 539 1911 601 Α
1941 534 2181 604 profecto
2211 547 2331 588 esse
2357 548 2415 589 se
2439 533 2530 588 Dei
2560 532 2811 602 denegat,
2840 531 2929 601 qtti
2959 532 3270 603 inquantum
3299 532 3521 601 sufficit,

254 642 437 713 terfugi
488 639 764 709 quominus
804 636 1164 688 annuntiarein
1210 649 1360 687 omne
1412 630 1681 687 comitium
1740 629 1836 683 Dei

252 738 382 791 vobis
413 737 557 803 (Act.
590 750 680 799 xx,
706 732 800 797 ‘26,
823 729 939 801 27).
976 728 1211 784 Audiam
1263 726 1398 798 quod
1443 740 1572 779 voce
1599 723 1835 793 angelica

255 831 490 886 Joannes
522 829 869 893 admonetur,
900 839 1019 878 cum
1051 824 1248 877 dicitur
1278 839 1292 874 :
1325 823 1424 887 Qui
1453 821 1617 883 audit,
1660 819 1837 871 dicat:

260 924 380 976 Veni
407 922 599 991 (Apoc.
636 935 770 983 χχιι,
802 918 915 987 i7).
945 917 1013 971 Ut
1036 917 1284 970 nimirum
1319 916 1400 967 cui
1453 927 1510 966 se
1541 926 1642 966 vox
1673 910 1837 964 inter-

248 1031 311 1070 na
334 1015 601 1077 insinuat,
638 1011 764 1065 illuc
786 1012 945 1065 etiam
980 1008 1263 1064 clamando
1293 1006 1430 1060 alios
1466 1020 1571 1074 quo
1602 1004 1718 1071 ipse
1750 1018 1837 1056 ra-

246 1110 385 1177 pitur
411 1105 625 1167 trahat;
652 1118 721 1156 ne
746 1102 960 1155 clausas
981 1099 1124 1154 fores
1143 1099 1303 1153 etiam
1334 1106 1554 1151 vocatus
1580 1095 1835 1159 inveniat,

246 1201 287 1253 si
313 1197 529 1252 vocanti
562 1209 762 1249 vacuus
787 1192 1203 1262 appropinquat.
1238 1190 1471 1245 Audiant
1499 1187 1643 1257 quod
1674 1186 1838 1240 Isaias

246 1292 367 1361 quia
396 1305 428 1343 a
476 1288 627 1344 verbi
671 1284 969 1340 ministerio
1022 1283 1207 1347 tacuit,
1253 1282 1553 1335 illustratus
1606 1290 1838 1346 superno

248 1385 474 1446 lumine,
504 1395 699 1451 magna
731 1393 860 1433 voce
886 1376 1214 1446 poenitentia:
1242 1389 1301 1428 se
1331 1374 1444 1443 ipse
1472 1369 1836 1440 reprehendit,

248 1481 479 1535 dicens:
518 1475 608 1529 Va:
638 1473 764 1527 mihi
809 1473 932 1543 quia
979 1471 1113 1523 tacui
1162 1468 1321 1540 (lsai.
1372 1484 1447 1532 vt,
1498 1464 1574 1533 5).
1611 1464 1842 1519 Audiant

253 1569 398 1640 quod
416 1584 511 1638 per
538 1564 885 1621 Salomonem
916 1562 969 1616 in
1004 1561 1155 1615 illum
1186 1556 1582 1628 pricdicationis
1613 1554 1836 1608 scientia

258 1660 603 1731 multiplicari
631 1656 983 1728 promittitur,
1017 1653 1105 1723 qui
1154 1653 1206 1706 in
1260 1650 1363 1705 hoc
1393 1648 1533 1719 quod
1564 1649 1670 1717 jam
1700 1646 1841 1700 obti-

250 1756 389 1817 nuit,
424 1751 659 1819 torporis
686 1748 818 1803 vitio
845 1763 951 1801 non
980 1752 1214 1800 tenetur.
1247 1742 1335 1796 Ait
1358 1756 1588 1807 namque
1618 1756 1631 1792 :
1658 1738 1844 1792 Anima

247 1861 359 1916 quae
390 1842 665 1905 benedicit,
688 1838 1135 1909 impinguabitur;
1163 1845 1209 1889 et
1232 1834 1319 1905 qui
1336 1832 1698 1902 inebriat,ipse
1717 1845 1843 1897 quo-

1943 628 2218 697 inerepare
2239 629 2399 683 vitam
2432 627 2726 682 carnalium
2753 636 2987 681 recusat.

2012 723 2082 776 At
2133 730 2321 776 contra
2364 720 2686 776 admonendi
2732 730 2855 774 sunt
2906 734 3040 787 quos
3070 733 3100 773 a
3132 719 3526 788 praedicationis

1943 815 2122 870 ofﬁcio
2148 816 2230 870 vel
2264 814 2617 883 imperfectio,
2661 814 2743 869 vel
2796 824 2926 869 tetas
2956 814 3227 884 prohibet,
3265 824 3319 868 et
3349 824 3525 869 tamen

1945 912 2301 982 praecipitatio
2355 912 2601 981 impellit,
2638 926 2704 966 ne
2733 911 2856 964 dum
2888 911 3018 964 tanti
3059 910 3161 965 sibi
3194 925 3329 966 onus
3359 910 3523 966 officii

1942 1004 2369 1072 praecipitatione
2396 1012 2666 1073 arrogant,
2696 1004 2834 1057 viam
2860 1004 2961 1058 sibi
2992 1002 3370 1072 subsequentis
3413 1019 3525 1057 me-

1945 1098 2246 1153 liorationis
2272 1097 2579 1163 abscidam;
2608 1106 2663 1153 et
2691 1113 2812 1152 cmn
2858 1099 3126 1166 arripiunt
3155 1097 3526 1167 intempestive

1947 1191 2091 1259 quod
2124 1206 2232 1246 non
2257 1192 2459 1257 valent,
2492 1190 2716 1258 perdant
2747 1190 2908 1245 etiam
2937 1190 3077 1258 quod
3109 1190 3332 1259 implere
3361 1204 3528 1259 quau-

1941 1282 2118 1353 doque
2147 1282 2464 1351 tempestive
2512 1281 2839 1352 potuissent;
2892 1290 3052 1351 atque
3077 1282 3376 1344 scientiam,
3404 1280 3527 1351 quia

1945 1378 2238 1444 incongrue
2290 1386 2554 1431 conantur
2608 1374 2926 1439 ostendere,
2977 1374 3121 1443 juste
3174 1375 3527 1428 ostendantur

1942 1472 2207 1527 amisisse.
2237 1469 2579 1526 Admonendi
2629 1479 2753 1525 sunt
2782 1476 2839 1523 ut
2861 1469 3207 1523 considerent
3231 1466 3369 1537 quod
3397 1466 3525 1536 pulli

1943 1565 2119 1618 avium
2169 1564 2212 1618 si
2244 1575 2369 1619 ante
2420 1578 2714 1633 pennartnn
2744 1562 3129 1632 perfectionem
3162 1562 3343 1616 volare
3364 1576 3527 1629 appe-

1946 1669 2082 1725 tant,
2114 1658 2257 1714 unde
2281 1660 2357 1713 ire
2390 1661 2441 1713 in
2471 1659 2575 1713 alta
2599 1658 2845 1727 cupiunt,
2878 1659 3001 1713 inde
3046 1660 3097 1712 in
3144 1658 3246 1712 ima
3276 1672 3525 1725 mergun-

1944 1762 2047 1807 tur.
2076 1752 2412 1807 Admonendi
2437 1761 2561 1807 sunt
2583 1762 2639 1807 ut
2669 1753 3010 1808 considerent
3038 1753 3201 1819 quod,
3233 1753 3518 1806 Strucmris

1948 1846 2253 1899 recentibus
2301 1856 2529 1899 necoum
2588 1844 2849 1909 solidatis,
2888 1852 2911 1881 υ
2942 1844 2984 1898 si
3022 1844 3283 1913 tignorum
3319 1842 3527 1912 pondus

246 1934 691 2002 queinebriabitur
714 1929 899 2001 (Prov.
924 1945 998 1995 xt,
1022 1928 1135 1996 9.5).
1155 1928 1253 1992 Qui
1288 1926 1430 1980 enim
1455 1926 1691 1979 exterius
1711 1938 1841 1992 prse-

1951 1938 2351 2009 snperponitur,
2385 1952 2488 1993 non
2514 1937 2898 2003 habitaculum,
2924 1936 3018 1991 sed
3049 1937 3197 1990 ruina
3218 1935 3521 1990 fabricatur.

246 2030 481 2084 dicando
510 2025 804 2091 benedicit,
845 2024 1115 2078 interioris
1163 2031 1434 2090 augmenti
1467 2019 1839 2087 pinguedinem

244 2123 475 2190 recipit;
507 2128 561 2173 et
597 2128 621 2155 ⁸
654 2118 779 2172 dum
831 2117 953 2169 vino
1001 2114 1193 2182 eloquii
1250 2112 1554 2166 auditorum
1605 2118 1839 2164 mentem

248 2214 502 2269 tlebriare
531 2226 640 2265 non
671 2209 888 2272 desinit,
920 2214 1047 2276 potu
1089 2205 1429 2273 multiplicati
1473 2201 1711 2257 muneris
1742 2200 1839 2254 dc-

243 2307 456 2361 briatus
499 2301 784 2359 excrescit.
838 2298 1073 2353 Audiant
1110 2294 1251 2366 quod
1291 2292 1453 2347 David
1503 2292 1603 2345 hoc
1634 2292 1742 2344 Deo
1788 2289 1839 2343 in

242 2416 472 2456 munere
516 2397 734 2462 obtulit,
781 2393 918 2464 quod
972 2389 1368 2462 praedicationis
1416 2388 1641 2458 gratiam
1678 2400 1837 2456 quam

245 2501 532 2561 acceperat
584 2505 693 2543 non
749 2485 1051 2549 abscondit,
1099 2484 1330 2537 dicens:
1367 2481 1497 2535 Ecce
1545 2479 1681 2533 labia
1729 2494 1842 2531 mea

246 2603 355 2640 non
384 2582 677 2653 prohibebo.
716 2579 951 2643 Domine,
981 2587 1035 2629 tu
1078 2576 1389 2645 cognovisti;
1408 2573 1668 2645 justitiam
1701 2580 1841 2623 tuam

242 2696 349 2734 non
378 2675 623 2730 abscondi
648 2678 700 2727 in
740 2672 892 2724 corde
921 2685 1054 2733 meo,
1084 2669 1348 2722 veritatem
1382 2677 1521 2719 tuam
1544 2674 1591 2718 et
1618 2665 1842 2718 salutare

243 2781 397 2824 tuum
429 2767 537 2821 dixi
568 2764 685 2837 (Ps.
722 2778 905 2826 χχχιχ,
940 2762 1026 2825 10,
1076 2758 1185 2828 il).
1220 2758 1455 2813 Audiant
1497 2755 1635 2825 quod
1660 2754 1839 2825 sponsi

239 2859 517 2928 colloquio
543 2857 607 2910 ad
637 2870 890 2925 Sponsam
915 2853 1149 2907 dicitur:
1187 2851 1315 2918 Qute
1342 2849 1546 2902 habitas
1578 2850 1628 2901 in
1658 2848 1838 2914 hortis,

237 2954 401 3009 amici
450 2951 776 3013 auscultant;
825 2950 909 3019 fac
960 2962 1041 2999 me
1083 2945 1266 2998 audire
1293 2960 1464 2998 vocem
1495 2953 1635 2996 tuam
1665 2942 1838 3012 (Cant.

238 3062 369 3116 ml,
404 3045 519 3116 15).
555 3044 791 3099 Ecclesia
832 3042 1029 3112 quippe
1058 3040 1110 3095 in
1143 3039 1314 3094 hortis
1344 3037 1571 3104 habitat,
1629 3053 1744 3106 quae
1772 3037 1839 3092 ad

236 3142 581 3198 viriditatem
633 3138 863 3193 intimam
896 3136 1104 3192 exculta
1136 3136 1397 3206 plantaria
1427 3136 1684 3188 virtutum
1718 3150 1837 3188 scr-

239 3246 362 3290 vat.
418 3235 585 3302 Cujus
634 3248 820 3287 vocem
874 3230 1078 3285 amicos
1120 3229 1439 3293 auscultare,
1495 3237 1575 3281 est
1634 3227 1838 3281 electos

1948 2032 2291 2088 Admouendi
2322 2039 2449 2086 sunt
2498 2039 2557 2083 ut
2582 2028 2924 2084 considerent
2953 2028 3094 2098 quod
3125 2039 3412 2096 conceptas
3442 2040 3527 2079 so-

1946 2125 2101 2181 boles
2154 2125 2369 2180 femina:
2400 2124 2443 2178 si
2477 2128 2786 2193 priusquam
2842 2122 3001 2193 plene
3030 2122 3327 2176 formentur
3356 2120 3529 2190 profe-

1946 2227 2092 2279 runt,
2127 2232 2462 2286 nequaquam
2486 2216 2698 2280 domos,
2730 2214 2821 2271 sed
2856 2215 3088 2271 tumulos
3118 2215 3343 2282 replent.
3398 2212 3528 2269 llinc

1947 2322 2028 2363 est
2058 2318 2201 2365 enim
2234 2309 2372 2378 quod
2402 2310 2515 2377 ipsa
2548 2308 2784 2373 Veritas,
2814 2324 2934 2377 quas
2966 2317 3187 2377 repente
3210 2320 3346 2375 quos
3368 2305 3527 2361 vellet

1948 2401 2203 2455 robor-are
2236 2401 2516 2469 potuisset,
2544 2410 2600 2454 ut
2627 2399 2937 2468 exemplum
2980 2399 3327 2467 sequentibus
3355 2396 3529 2463 daret,

1955 2508 2021 2546 ne
2078 2493 2375 2563 imperfecti
2433 2492 2728 2562 prtedicare
2781 2500 3190 2561 prmsumerent,
3248 2498 3529 2558 postquam

1950 2586 2107 2655 plene
2135 2584 2430 2652 discipulos
2458 2594 2480 2623 ε
2509 2584 2577 2638 de
2608 2585 2802 2638 virtute
2822 2582 3219 2653 praedicationis
3260 2580 3529 2643 instruxit,

1947 2677 2089 2731 illico
2120 2676 2394 2746 adjunxit:
2421 2676 2522 2730 Vos
2540 2686 2711 2730 autem
2734 2676 2900 2730 sedete
2921 2676 2973 2727 in
2989 2675 3191 2728 civitate
3205 2674 3532 2743 quoadusque

1944 2770 2233 2822 induamini
2261 2769 2447 2823 virtute
2476 2784 2540 2823 ex
2568 2768 2674 2822 alto
2702 2767 2857 2839 (Luc.
2886 2783 3033 2833 χχιιι,
3074 2767 3188 2837 49).
3217 2765 3272 2819 In
3314 2773 3531 2819 civitate

1955 2863 2152 2932 quippe
2179 2862 2547 2929 considcmus,
2575 2862 2619 2915 si
2652 2862 2787 2914 intra
2820 2861 3077 2915 mentium
3109 2869 3408 2912 nostrarum
3432 2870 3531 2911 nos

1945 2944 2174 3013 claustra
2206 2956 2647 3027 constringimus,
2677 2972 2744 3011 ne
2776 2956 3040 3025 loquendo
3069 2956 3305 3009 exterius
3335 2969 3525 3025 evage-

1945 3068 2099 3117 mur;
2131 3060 2190 3107 ut
2217 3067 2337 3108 cum
2371 3054 2565 3106 virtute
2607 3052 2784 3105 divina
2818 3051 3051 3119 perfecte
3081 3051 3370 3111 Indutmur,
3402 3056 3529 3102 tunc

1946 3147 2103 3216 quasi
2136 3163 2161 3199 a
2197 3146 2599 3211 nobismetitsis
2628 3146 2766 3199 foras
2820 3143 2976 3198 etiam
3026 3144 3160 3196 alios
3210 3143 3529 3196 instruentes

1945 3218 2255 3295 exeamus:
2284 3240 2422 3293 Hinc
2470 3254 2568 3309 per
2616 3238 2898 3306 quemdam
2958 3238 3252 3306 sapientem
3288 3234 3525 3288 dicitur:

248 3344 501 3401 quosque
557 3327 775 3381 verbum
836 3323 1224 3395 praedicationis
1272 3322 1413 3375 illius
1466 3319 1777 3374 desiderare
1820 3335 1836 3372 :

1951 3335 2256 3388 Adolescens
2283 3335 2488 3403 loquere
2518 3334 2569 3385 in
2601 3348 2754 3384 causa
2786 3340 2871 3383 tua
2902 3330 3015 3394 vix;
3068 3338 3113 3381 et
3141 3330 3184 3380 si
3210 3328 3284 3380 bis
3312 3328 3529 3381 interro-

242 3438 409 3495 quam
443 3421 695 3476 videlicet
721 3435 911 3474 vocem
943 3432 1173 3487 sponsus
1197 3415 1380 3469 audire
1400 3413 1688 3477 desiderat,
1714 3412 1836 3481 quia

244 3518 312 3571 ad
345 3515 784 3585 prmdicotionem
803 3512 917 3582 ejus
946 3530 1041 3583 per
1064 3514 1359 3567 electorum
1385 3523 1603 3562 suorum
1632 3507 1836 3559 animas

246 3611 477 3665 anhelat.
496 3608 733 3664 Audiant
756 3607 895 3677 quod
926 3606 1133 3677 Moyses
1162 3620 1280 3658 cum
1309 3604 1632 3657 irascentem
1667 3600 1834 3654 Deum

256 3704 455 3771 pot-ulc
482 3709 753 3764 cerneret,
785 3709 838 3754 et
882 3700 1079 3753 assumi
1138 3698 1202 3750 ad
1259 3693 1622 3750 ulciscendum
1662 3690 1840 3761 gladio

250 3796 499 3867 juberet;
531 3795 652 3850 illos
707 3810 736 3847 a
781 3804 933 3862 parte
974 3792 1064 3846 Dei
1089 3789 1421 3845 denuntiavit
1462 3787 1713 3845 existere,
1747 3785 1838 3854 qui

253 3887 683 3956 delinquentium
713 3886 920 3940 scelera
952 3886 1322 3938 incunctanter
1347 3882 1589 3946 ferirent,
1616 3878 1835 3932 dicens:

246 3979 309 4035 Si
343 3980 461 4046 quis
486 3978 686 4033 Domini
728 3988 823 4039 est,
849 3979 1101 4049 jungatur
1133 3976 1290 4041 mihi;
1323 3982 1477 4046 ponat
1509 3974 1584 4027 vir
1614 3973 1842 4045 gladium

247 4087 407 4141 super
427 4071 593 4139 femur
620 4088 769 4124 suum
794 4086 811 4124 :
844 4073 910 4124 ite
941 4080 986 4123 et
1015 4070 1175 4123 redite
1197 4072 1259 4121 de
1285 4078 1429 4137 porta
1452 4083 1608 4134 usque
1636 4066 1702 4118 ad
1724 4082 1845 4135 por-

248 4174 360 4216 tam
383 4179 473 4231 per
489 4164 709 4216 medium
736 4173 1040 4228 castrorum,
1067 4172 1113 4216 et
1143 4161 1341 4215 occidat
1368 4162 1715 4229 unusquisque
1737 4159 1846 4229 [ra-

249 4264 405 4317 trem,
442 4264 487 4307 et
517 4254 760 4320 amicum,
794 4264 840 4308 et
886 4256 1176 4323 proximum
1220 4269 1371 4306 suum
1424 4252 1619 4320 (Exod.
1675 4266 1844 4315 xxxtt,

253 4344 380 4416 27).
414 4345 659 4401 Gladium
685 4344 880 4416 quippe
907 4361 1068 4415 super
1094 4344 1270 4400 femur
1294 4360 1513 4414 ponere,
1543 4354 1622 4397 est
1656 4344 1847 4413 praedi-

253 4438 487 4493 cationis
552 4439 785 4491 studium
830 4438 1190 4507 voluptatibus
1240 4437 1416 4490 carnis
1447 4432 1748 4499 anteferre;
1794 4440 1850 4487 ut

262 4546 388 4587 cum
421 4540 604 4585 saneta
628 4532 748 4600 quis
778 4529 956 4585 studet
978 4530 1181 4595 dicere,
1213 4537 1367 4585 curet
1394 4542 1613 4582 necessx‘
1643 4536 1725 4579 est
1746 4526 1847 4580 illi-

260 4634 399 4687 citas
421 4631 795 4701 suggestiones
826 4631 1101 4687 edomare.
1138 4631 1212 4685 De
1242 4638 1393 4700 porta
1428 4644 1556 4683 vero
1586 4642 1754 4697 usque
1783 4627 1849 4681 ad

1948 3439 2098 3498 gatus
2129 3429 2313 3496 fueris,
2332 3427 2514 3479 habeat
2538 3426 2742 3478 initium
2762 3424 3024 3493 responsio
3041 3432 3125 3474 tua
3144 3419 3333 3493 (Eccli.
3360 3433 3527 3484 xxxtt,

1948 3520 2065 3589 10).
2102 3520 2239 3574 llinc
2269 3528 2350 3572 est
2376 3518 2515 3589 quod
2562 3517 2701 3572 idem
2754 3515 3075 3582 lledetnpter
3104 3523 3305 3579 noster,
3332 3527 3452 3567 cum
3475 3512 3529 3568 in

1950 3614 2100 3668 ctelis
2124 3616 2193 3666 sit
2223 3611 2488 3679 conditor,
2514 3620 2567 3666 et
2585 3610 2892 3665 ostensione
2917 3624 3026 3662 sua:
3050 3608 3300 3676 potentia:
3320 3620 3529 3674 semper

1950 3703 2139 3757 doctor
2170 3702 2499 3772 angelorum,
2534 3713 2657 3755 ante
2706 3700 2995 3754 tricennale
3028 3708 3235 3766 tempus
3289 3698 3338 3751 in
3390 3705 3529 3751 terra

1948 3803 2197 3864 magtster
2227 3794 2397 3849 noluit
2424 3794 2537 3848 fieri
2573 3793 2877 3856 hominum;
2914 3800 2969 3843 ut
3001 3789 3243 3843 videlicet
3288 3787 3531 3856 principi-

1948 3887 2071 3938 tatis
2100 3886 2204 3937 vim
2254 3882 2596 3939 saluberrimi
2663 3882 2866 3936 timoris
2906 3879 3229 3944 infunderet,
3264 3895 3384 3933 cum
3418 3879 3531 3947 ipse

1951 3979 2235 4047 etiam,qui
2266 3977 2373 4031 labi
2402 3992 2505 4031 non
2535 3985 2739 4046 posset,
2772 3975 3021 4045 perlecta:
3043 3974 3162 4029 vita:
3184 3975 3405 4044 gratiam
3426 3989 3529 4028 non

1951 4072 2053 4125 nisi
2089 4071 2323 4141 perlecta
2350 4080 2508 4125 :etate
2536 4070 2870 4140 praedicaret.
2906 4069 3170 4137 Scriptum
3194 4066 3388 4137 quippe
3411 4074 3490 4121 est
3517 4083 3529 4119 :

1948 4161 2077 4217 Cum
2122 4163 2289 4232 [actus
2346 4171 2473 4217 esset
2527 4177 2780 4215 annorum
2810 4160 3105 4225 duodecim,
3138 4160 3378 4213 remansit
3405 4175 3531 4230 puer

1949 4253 2099 4308 Jesus
2126 4255 2179 4307 in
2202 4251 2490 4307 Jerusalem
2519 4253 2668 4324 (Luc.
2706 4268 2763 4319 ιι,
2795 4252 2911 4318 42).
2948 4252 3024 4307 De
3044 4268 3149 4324 quo
3169 4268 3197 4306 a
3230 4252 3532 4322 parentibus

1951 4349 2230 4417 requisita,
2284 4350 2441 4418 paulo
2474 4361 2592 4420 post
2635 4350 2880 4406 subditur
2911 4367 2925 4404 :
2970 4350 3277 4405 Invenerunt
3306 4352 3450 4405 illum
3480 4352 3533 4404 in

1953 4441 2140 4511 templo
2172 4452 2423 4497 seaentem
2452 4445 2502 4495 in
2533 4443 2701 4496 medio
2747 4443 3033 4510 doctorum,
3080 4444 3365 4497 audientem
3416 4441 3532 4497 illos

1955 4540 2003 4585 et
2031 4533 2431 4607 interregantem
2461 4533 2655 4604 (Ibid.,
2678 4534 2796 4605 46).
2825 4535 3066 4606 Vigilanti
3090 4536 3263 4605 itaque
3289 4534 3533 4589 conside-

1956 4627 2170 4681 ratione
2218 4626 2547 4695 pensaudum
2597 4636 2699 4695 est,
2753 4628 2892 4698 quod
2928 4644 3046 4684 cum
3087 4630 3238 4682 Jesus
3268 4641 3528 4681 annorum

257 4743 470 4803 portam
504 4735 601 4796 ire,
630 4740 715 4789 est
745 4747 775 4786 a
800 4732 931 4787 vitio
964 4746 1133 4801 usque
1161 4731 1225 4786 ad
1258 4731 1467 4795 vitium,
1496 4745 1590 4800 per
1618 4729 1756 4799 quod
1780 4729 1844 4782 ad
1874 4730 1929 4793 ι)
1958 4722 2236 4776 duodecim
2290 4720 2483 4776 dicitur
2535 4722 2588 4776 in
2639 4721 2815 4776 medio
2860 4723 3135 4777 doctorum
3178 4719 3390 4788 sedens,
3423 4738 3528 4777 non

265 4843 508 4889 mentem
530 4848 676 4889 mors
703 4833 1021 4903 ingreditur,
1046 4832 1372 4901 increpando
1393 4831 1725 4887 discurrere.
1746 4829 1849 4886 Per

259 4935 501 4990 medium
528 4949 657 4990 vero
686 4944 981 4989 castrorum
1017 4935 1264 5003 transire,
1324 4942 1407 4989 est
1450 4942 1593 4988 tanta
1626 4932 1846 5002 {equali-

228 5045 369 5091 tate
397 5035 536 5091 intra
588 5034 882 5090 Ecclesiam
933 5035 1136 5101 vivere,
1182 5042 1240 5088 ut
1292 5033 1379 5103 qui
1418 5032 1844 5103 delinquentium

259 5140 454 5210 culpas
482 5139 777 5211 redarguit,
813 5140 862 5193 iu
888 5140 1083 5195 nullius
1113 5155 1173 5195 se
1198 5139 1391 5194 debeat
1421 5138 1657 5193 favorem
1687 5137 1850 5194 decli-

254 5257 415 5296 nare.
472 5241 622 5297 Unde
669 5250 726 5297 et
778 5250 924 5297 recte
972 5241 1307 5311 subjungitur
1339 5259 1352 5293 :
1389 5240 1603 5294 Occidat
1634 5243 1710 5295 vir
1740 5242 1850 5311 fra-

254 5357 421 5410 trem,
454 5352 500 5398 et
522 5346 767 5411 amicunt,
797 5354 842 5398 et
869 5345 1156 5415 proximum
1179 5360 1347 5398 suum.
1382 5344 1617 5399 Fratrem
1646 5344 1851 5399 scilicet

256 5458 315 5502 et
340 5448 571 5503 amicum
606 5458 662 5503 et
694 5449 992 5517 proximum
1018 5446 1293 5509 interficit,
1325 5447 1556 5515 quicum
1585 5444 1848 5515 punienda

254 5550 493 5615 invenit,
516 5548 585 5602 ab
615 5547 1003 5618 increpationis
1024 5548 1133 5619 76
1162 5547 1339 5617 gladio
1371 5563 1469 5603 nec
1497 5561 1575 5603 ets
1596 5562 1729 5617 quos
1754 5561 1851 5616 per

258 5652 646 5723 cognationem
674 5652 848 5723 diligit
879 5651 1067 5721 parcit.
1100 5651 1158 5706 Si
1206 5666 1333 5721 ergo
1386 5640 1475 5704 ille
1509 5649 1600 5703 Dei
1651 5649 1848 5703 dicitur

204 5794 219 5801 ο
256 5756 361 5827 qui
404 5755 468 5809 ad
523 5754 764 5810 ferienda
810 5756 936 5809 vitia
985 5754 1101 5809 zelo
1131 5753 1294 5808 divini
1325 5758 1523 5807 amoris
1564 5750 1825 5806 excitatur

334 5900 366 5928 ι
389 5890 547 5945 Corh.
582 5898 636 5944 et
655 5889 741 5944 alii
773 5905 801 5944 a
838 5889 996 5946 Guss.
1025 5890 1143 5955 visi,
1173 5888 1294 5941 dum
1323 5884 1493 5941 divino
1516 5884 1734 5955 eloquio.

332 5962 363 6001 δ
396 5960 579 6030 Corh.,
608 5963 650 6015 si
671 5962 941 6032 lignorum.

1954 4818 2179 4884 docens,
2211 4818 2304 4874 sed
2339 4818 2672 4890 interrogans
2704 4819 2993 4873 invenitur.
3019 4816 3134 4883 Quo
3158 4814 3401 4882 exemplo
3430 4814 3530 4869 sci«

1958 4912 2084 4967 licet
2109 4912 2413 4966 ostenditur
2464 4926 2530 4966 ne
2559 4912 2801 4965 infirmus
2844 4909 3038 4963 docere
3067 4905 3184 4976 quis
3232 4905 3440 4971 audeat,
3487 4905 3532 4959 si

1954 5005 2040 5062 ille
2074 5021 2203 5076 puer
2231 5006 2410 5060 doceri
2436 5002 2815 5072 interrogando
2843 4999 3029 5065 voluit,
3063 4998 3154 5070 qui
3201 5014 3293 5068 per
3340 4997 3533 5052 divini-

1962 5098 2083 5152 tatis
2110 5097 2400 5168 potentiam
2425 5095 2645 5149 verbum
2670 5091 2905 5147 scientia:
2932 5090 3063 5160 ipsis
3087 5094 3196 5146 suis
3226 5091 3535 5145 doctoribus

1968 5192 2306 5247 ministravit.
2331 5192 2463 5246 Cum
2493 5203 2623 5243 vero
2649 5202 2743 5257 per
2774 5186 2993 5241 Paulum
3025 5185 3285 5255 discipulo
3308 5186 3529 5240 dicitur.

1958 5284 2193 5353 Prtecipe
2220 5285 2326 5336 lure
2356 5291 2400 5335 et
2429 5282 2554 5334 doce
2580 5296 2598 5335 :
2630 5296 2777 5335 nemo
2816 5280 3207 5334 adolescentiam
3238 5288 3378 5331 tuam
3407 5293 3535 5330 con-

1960 5387 2148 5430 temnat
2173 5374 2225 5447 (Ι
2259 5374 2390 5429 Tim.
2420 5392 2490 5439 tv,
2525 5374 2648 5445 ii);
2680 5374 2954 5430 sciendum
2993 5374 3147 5429 nobis
3192 5384 3271 5427 est
3315 5371 3436 5442 quia
3483 5372 3533 5426 in

1963 5483 2119 5524 sacro
2139 5468 2352 5538 eloquio
2380 5466 2669 5534 aliquando
2698 5465 3059 5522 adolescentia
3102 5465 3350 5533 juventus
3380 5476 3534 5516 voca-

1962 5570 2068 5616 tur.
2101 5560 2251 5628 Quod
2282 5561 2440 5615 cittus
2465 5560 2785 5625 ostenditur,
2801 5559 2843 5613 si
2877 5555 3179 5613 Salomonis
3201 5556 3268 5610 ad
3301 5554 3531 5609 medium

1956 5655 2116 5709 verba
2148 5652 2506 5723 profanatur,
2539 5653 2626 5724 qui
2670 5654 2743 5705 ait
2774 5668 2787 5705 :
2818 5649 3017 5705 Laetare
3057 5648 3263 5719 juvenis
3308 5647 3361 5699 in
3406 5646 3533 5698 ado~

1958 5748 2193 5803 lescentia
2220 5757 2308 5802 tua
2335 5746 2533 5820 (Eccle.
2576 5762 2649 5811 χι,
2683 5744 2763 5814 9).
2810 5743 2867 5800 Si
2904 5742 3044 5799 enim
3099 5751 3323 5812 utraque
3368 5756 3532 5794 unum

2030 5894 2050 5923 ε
2086 5883 2278 5952 Laud,
2310 5884 2374 5941 de
2394 5884 2595 5938 virtutis
2616 5879 2995 5950 praedicatione.
