4036 6346
582 331 648 389 99
1789 332 2034 413 SANCTI
2075 328 2404 393 caecoau
2445 334 2657 395 MAGNI
3762 348 3844 405 l00

582 460 705 504 esse
726 460 831 502 non
865 446 1199 512 decerneret,
1232 461 1390 518 quem
1422 447 1674 505 monebat
1703 445 1756 506 in
1778 448 2160 516 adolescentia,
2186 450 2243 512 Δ
2268 467 2397 520 cvn,
2432 455 2511 526 7).
2542 454 2725 527 Neque
2754 457 2897 513 enim
2920 456 2995 512 ait
3024 471 3204 525 manu,
3229 458 3320 514 sed
3353 459 3600 527 dextera;
3633 470 3691 517 ut
3716 464 3846 523 vide-

579 537 833 610 juvenem
862 554 965 595 non
998 548 1230 595 vocaret.

962 653 1065 743 77
1095 649 1322 709 CAPUT
1364 651 1530 709 xxvr
1560 654 1669 728 [Αι.
1695 653 1779 730 ι].

581 740 853 819 Quomodo
902 740 1216 823 admonendi
1255 747 1450 823 quibus
1476 752 1743 823 omniaqea:
1763 750 2015 811 sententia
2040 765 2163 823 suc-

1029 820 1235 881 cedunt,
1263 819 1314 872 ‘et
1343 819 1526 889 quibus
1554 821 1716 875 nulla.

651 908 970 976 (Admonitio
998 908 1117 981 27.)
1164 908 1333 965 Aliter
1358 910 1680 968 admonendi
1705 920 1833 969 sunt
1860 914 1950 985 qui
1979 913 2032 969 in
2063 912 2164 968 hoc

578 1000 718 1070 quod
751 1000 1120 1071 temporaliter
1148 1010 1405 1073 appetunt
1433 1012 1847 1073 prosperantur;
1881 1014 2039 1075 atque
2066 1005 2165 1061 ali-

580 1101 663 1148 ter
704 1093 795 1163 qui
843 1107 908 1148 ea
938 1092 1152 1163 quidem
1199 1108 1318 1164 qua:
1360 1088 1545 1151 mundi
1588 1106 1715 1153 sunt
1750 1098 2161 1169 concupiscunt,

580 1184 672 1245 sed
704 1195 882 1242 tamen
913 1185 1254 1243 adversitatis
1280 1187 1468 1244 labore
1490 1184 1796 1260 fatigantur.
1829 1191 2157 1248 Admonendi

579 1292 808 1349 namque
837 1285 961 1333 sunt
987 1278 1077 1349 qui
1112 1276 1168 1332 in
1200 1278 1305 1333 hoc
1332 1280 1476 1349 quod
1504 1280 1873 1351 temporaliter
1902 1289 2165 1353 appetunt

577 1381 986 1442 prosperantur,
1035 1388 1103 1427 ne
1150 1387 1274 1428 cum
1323 1383 1515 1430 cuncta
1544 1376 1611 1429 ad
1644 1383 1823 1430 votum
1853 1383 2160 1444 suppetunt,

579 1463 793 1521 dantem
836 1478 1080 1533 quzrrere
1109 1465 1420 1536 negligant;
1453 1474 1478 1503 δ·
1510 1466 1605 1521 sed
1635 1466 1689 1520 in
1716 1466 1800 1521 his
1822 1480 1943 1537 quae
1969 1467 2166 1523 dantur

572 1554 805 1610 animum
823 1555 1008 1625 ligant;
1023 1570 1092 1612 ne
1109 1557 1590 1628 peregrinationem
1615 1573 1713 1629 pro
1731 1558 1898 1626 patria
1916 1558 2161 1628 diligant,

574 1662 642 1702 ne
674 1647 911 1703 subsidia
956 1648 1166 1705 itineris
1214 1649 1268 1704 in
1317 1650 1593 1706 obstacula
1643 1651 2005 1720 perventionis
2039 1666 2160 1708 ver-

573 1751 710 1810 tant,
756 1758 825 1798 ne
871 1752 1137 1799 nocturno
1166 1743 1308 1799 lunze
1337 1743 1540 1799 lumine
1560 1745 1837 1815 delectati,
1865 1747 2159 1802 claritatem

574 1832 710 1888 solis
754 1833 941 1890 videre
992 1832 1278 1904 refugiant.
1333 1834 1671 1892 Admonendi
1720 1837 1901 1908 itaque
1941 1847 2062 1893 sunt
2104 1846 2154 1893 ut

2265 1838 2713 1945 promissionibus

570 1942 795 1998 quaeque
824 1927 875 1982 in
904 1927 1007 1983 hoc
1037 1927 1238 1983 mundo
1266 1941 1694 2000 consequuntur,
1730 1932 2047 1988 calamitatis
2075 1947 2164 1987 so-

573 2020 720 2086 latia,
754 2035 862 2075 non
894 2031 1074 2075 autem
1115 2022 1336 2090 prande
1366 2023 1735 2080 retributionis
1765 2022 2023 2091 credant;
2065 2024 2160 2080 sed

568 2121 755 2168 contra
801 2112 1014 2169 favores
1056 2115 1242 2170 mundi
1284 2124 1518 2172 mentem
1549 2117 1777 2189 erigant,
1812 2132 1879 2173 ne
1906 2118 1957 2173 in
1988 2119 2066 2173 eis
2094 2134 2159 2173 es

572 2215 682 2262 tota
713 2207 895 2262 cordis
922 2207 1278 2266 delectatione
1307 2211 1675 2268 succumbant.
1720 2213 1974 2285 Quisquis
2016 2213 2158 2270 enim

566 2300 973 2370 prosperitatem
1022 2318 1125 2370 qua
1171 2304 1361 2373 utitur,
1420 2304 1560 2375 apud
1602 2304 1863 2375 judicium
1939 2307 2156 2373 cordis,

565 2383 810 2450 'mcliuris
862 2397 982 2451 vitae
1035 2412 1220 2453 amore
1270 2414 1373 2453 non
1427 2400 1701 2469 reprimit,
1747 2397 1987 2456 favorem
2034 2402 2159 2456 vitae

573 2489 900 2543 transeuntis
932 2489 984 2543 in
1018 2491 1206 2545 mortis
1261 2500 1534 2562 perpetuae
1582 2493 1923 2551 occasionem
1973 2495 2154 2549 vertit.

565 2577 698 2637 Hinc
728 2592 810 2638 est
833 2584 975 2638 enim
1006 2583 1148 2655 quod
1180 2584 1282 2639 sub
1314 2582 1665 2641 ldumteorum
1690 2590 1891 2663 specie,
1919 2586 2011 2657 qui
2039 2587 2157 2641 vin-

562 2676 761 2731 cendos
807 2674 835 2715 ¹²
867 2692 926 2733 se
976 2672 1317 2748 prosperitati
1370 2694 1481 2735 sum
1532 2681 1885 2751 reliquerunt,
1917 2680 1968 2735 in
1999 2681 2157 2749 huius

564 2770 746 2826 mundi
776 2770 1117 2825 successibus
1140 2770 1383 2827 laatantes
1407 2773 1751 2844 increpantur
1777 2790 1901 2830 cum
1928 2774 2151 2830 dicitur:

564 2861 828 2918 Dederunt
874 2874 1061 2918 terram
1101 2881 1265 2919 meam
1293 2864 1391 2919 sibi
1422 2867 1474 2919 in
1502 2868 1853 2922 hwreditatem
1883 2884 1999 2923 cum
2026 2885 2157 2942 gau-

563 2956 669 3021 dio,
690 2967 737 3011 et
768 2966 872 3011 toto
899 2959 1072 3025 corde,
1100 2968 1148 3012 at
1174 2975 1240 3013 ea:
1264 2959 1436 3013 animo
1461 2958 1685 3031 (Ezechi
1707 2975 1893 3027 xxxvr,
1924 2960 2000 3033 5).
2027 2962 2155 3029 Qui-

566 3049 664 3105 bu's
702 3050 879 3106 verbis
929 3049 1303 3120 perpenditur,
1352 3052 1493 3121 quod
1528 3068 1633 3107 non
1666 3056 1841 3108 solum
1870 3046 1992 3126 quia
2020 3070 2152 3126 gau-

564 3145 747 3223 deant,
796 3143 890 3199 sed
941 3145 1084 3215 quod
1117 3152 1225 3199 toto
1252 3145 1415 3200 corde
1440 3155 1494 3201 et
1527 3159 1596 3200 ex
1633 3144 1814 3202 animo
1862 3145 2148 3218 gaudeant,

2270 543 2395 601 licet
2438 561 2557 602 cum
2602 547 2880 604 dexteram
2916 549 3141 619 diceret,
3182 552 3306 623 quia
3341 561 3596 609 sternam
3627 555 3843 616 salutem

2270 648 2555 707 qmereret,
2611 640 2895 698 indicaret.
2957 641 3093 698 Hinc
3146 659 3361 701 rursum
3416 647 3676 717 scripturn
3731 660 3842 708 est:

2268 725 2489 783 Dextera
2512 747 2697 786 manus
2718 743 2829 790 tua.
2860 732 3098 801 Domine,
3123 738 3372 808 confregit
3396 738 3628 795 inimicos
3655 741 3842 813 (Exod.

2268 836 2355 887 xv,
2377 821 2433 890 6,
2464 840 2569 880 sec.
2612 824 2807 897 LXX).
2857 825 3050 885 Hostes
3097 830 3239 885 enim
3288 829 3383 887 Dei
3422 833 3525 890 etsi
3556 833 3609 889 in
3639 835 3844 894 sinistra

2266 914 2384 986 ejus
2411 916 2714 986 proﬁciunt,
2744 920 2965 976 dextera
2997 920 3315 995 franguntur
3382 927 3505 996 quia
3539 928 3844 1000 plerumque

2267 1024 2465 1079 pravos
2510 1019 2615 1067 vrta
2654 1028 2893 1083 praesens
2930 1016 3136 1086 elevat,
3196 1019 3290 1074 sed
3333 1020 3595 1078 adventus
3639 1035 3846 1083 asternte

2266 1100 2614 1161 beatitudinis
2638 1107 2878 1163 damnat.

2335 1197 2672 1257 Admonendi
2704 1211 2827 1257 sunt
2854 1200 2945 1274 qui
2990 1202 3044 1258 in
3075 1201 3178 1259 hoc
3210 1205 3410 1261 mundo
3437 1219 3840 1280 prosperantur,

2269 1298 2327 1346 ut
2373 1293 2608 1351 solerter
2655 1296 3002 1354 considerent
3028 1298 3149 1375 quia
3181 1302 3461 1369 praesentis
3485 1305 3610 1359 vitae
3635 1319 3845 1377 prospe-

2267 1385 2398 1440 ritas
2445 1386 2732 1459 aliquando
2780 1389 2982 1446 idcirco
3028 1390 3183 1447 datur
3227 1399 3285 1447 nt
3332 1394 3398 1449 ad
3441 1395 3717 1451 meliorem
3749 1398 3848 1477 78

2270 1481 2435 1536 vitam
2477 1491 2762 1551 provocet.
2803 1484 3089 1557 aliquando
3119 1501 3251 1543 vero
3279 1498 3335 1541 ut
3364 1490 3417 1543 in
3448 1499 3709 1546 internum
3746 1493 3847 1562 ple-

2268 1572 2389 1631 nius
2439 1574 2688 1632 damnet.
2744 1576 2880 1633 Hinc
2920 1586 3006 1634 est
3033 1581 3173 1635 enim
3205 1581 3346 1669 quod
3376 1581 3515 1651 plebi
3549 1583 3848 1642 Israeliticae

2267 1666 2522 1743 Chanaan
2556 1680 2698 1726 terra
2740 1673 3093 1755 promittitur,
3125 1685 3183 1730 ut
3211 1666 3533 1752 quandoque
3555 1678 3621 1733 ad
3652 1689 3848 1736 reterns

2265 1762 2527 1844 speranda
2572 1774 2916 1834 provocetur.
2947 1767 3131 1843 Neque
3161 1769 3305 1824 enim
3338 1758 3484 1825 rudis
3512 1771 3601 1828 ille
3632 1775 3848 1844 populus

2763 1857 2857 1914 Dei
2908 1860 2959 1915 in
3004 1861 3350 1935 longinquum
3395 1865 3677 1933 crederet,
3731 1883 3774 1920 ει
3820 1883 3846 1923 a

2268 1940 2597 2031 promissore
2624 1964 2723 2006 suo
2752 1967 2858 2007 non
2891 1953 3053 2009 etiam
3077 1969 3107 2008 e
3136 1940 3312 2011 vicino
3342 1958 3539 2027 aliquid
3582 1962 3847 2031 percepis-

2267 2049 2368 2095 set.
2417 2039 2486 2096 Ut
2515 2057 2645 2114 ergo
2671 2045 2734 2100 ad
2768 2056 3091 2103 aeternorum
3123 2047 3283 2103 ﬁdem
3313 2048 3513 2119 certius
3544 2052 3843 2123 rohoretur,

2266 2149 2602 2206 nequaquam
2644 2138 2985 2194 solummodo
3018 2156 3115 2210 spe
3144 2141 3208 2195 ad
3236 2157 3343 2209 res,
3379 2142 3471 2197 sed
3512 2144 3675 2199 rebus
3723 2160 3846 2217 quo-

2262 2242 2366 2299 que
2388 2226 2453 2319 ad
2487 2243 2637 2297 Spem
2672 2230 2922 2309 trahitur.
2969 2233 3122 2303 Quod
3153 2235 3354 2319 liquido
3375 2235 3657 2293 Psalmista
3689 2248 3846 2296 testa-

2264 2328 2382 2382 tur,
2415 2318 2636 2375 dicens:
2664 2318 2815 2375 Dedit
2867 2323 2939 2377 eis
2989 2325 3221 2399 regiones
3258 2327 3504 2399 gentium,
3559 2339 3608 2384 et
3654 2330 3845 2384 labores
3878 2399 3887 2404 _

2264 2412 2579 2481 populorum
2622 2417 3072 2491 possederuntwt
3121 2420 3414 2474 custodiant
3448 2421 3845 2495 justiﬁcationes

2260 2505 2393 2574 ejus,
2410 2516 2457 2558 et
2476 2505 2634 2579 legem
2654 2509 2767 2576 eius
2795 2511 3058 2581 requirant
3083 2509 3199 2581 (Ps.
3218 2500 3583 2585 crv,44).'Sed
3603 2530 3736 2571 cum
3752 2515 3847 2570 lar-

2258 2598 2493 2679 gientem
2552 2602 2718 2679 Deum
2771 2602 3003 2679 humana
3061 2619 3214 2679 mens
3266 2590 3621 2677 boni'operis
3665 2616 3689 2647 ⁸
3745 2622 3848 2664 res-

2260 2676 2524 2765 ponsione
2558 2676 2677 2751 non
2726 2678 2990 2785 sequitur.
3043 2678 3187 2757 unde
3234 2700 3434 2755 nutrita
3466 2676 3552 2771 pie
3580 2700 3844 2765 creditur.

2256 2788 2385 2865 inde
2424 2786 2621 2865 justins
2669 2786 2980 2861 damnatur.
3036 2790 3170 2847 llinc
3213 2794 3355 2848 enim
3389 2808 3485 2867 per
3512 2792 3843 2861 Psalmistam

2258 2896 2473 2957 rursum
2502 2882 2699 2957 dicitur
2724 2900 2737 2935 :
2767 2881 3012 2957 Dejecisti
3038 2900 3144 2949 eos,
3173 2884 3298 2940 dum
3341 2886 3686 2941 allevarentur
3729 2886 3842 2958 (Ps.

2257 2974 2568 3046 Lxxn,18).
2610 2974 2744 3042 Quia
2787 2975 3041 3032 videlicet
3086 2976 3304 3048 reprobi
3340 2992 3459 3033 cum
3490 2989 3636 3049 recta
3690 2992 3841 3049 opera

2254 3067 2454 3124 divinis
2495 3069 2811 3125 muneribus
2852 3084 2956 3135 non
2992 3069 3315 3141 rependunt,
3346 3085 3466 3137 cum
3499 3079 3643 3126 totos
3676 3056 3739 3127 se
3767 3070 3841 3124 hic

2255 3162 2534 3238 deserunt,
2584 3171 2640 3220 et
2685 3146 3518 3238 affluentibusprosperitatibus
3551 3167 3840 3235 dimittunt,

563 3237 799 3292 districm
826 3237 1243 3307 reprehensione
1270 3237 1549 3293 feriantur.
1583 3239 1717 3293 llinc
1747 3237 2002 3295 Salomon
2034 3240 2144 3295 ait:
2174 3230 2223 3296 C
2260 3234 2400 3313 ("me
2454 3230 2689 3316 maius
2728 3260 3043 3341 ριιοίῖοίυηι³
3072 3230 3219 3315 ’ίηάέ
3263 3260 3331 3315 ab
3378 3260 3581 3341 ξριῑηιίε
3629 3230 3842 3317 cadum;

564 3330 767 3385 Aversio
798 3328 1130 3408 parvulorum
1156 3330 1425 3400 interﬁciet
1460 3346 1568 3400 eos,
1599 3340 1646 3386 et
1678 3332 1992 3403 prosperitas
2021 3337 2154 3388 stul-

563 3433 728 3477 torum
758 3425 930 3493 perdet
960 3424 1078 3478 illos
1108 3424 1293 3492 (Prov.
1327 3440 1369 3491 1,
1398 3424 1523 3494 32).
1552 3426 1685 3481 Hinc
1734 3426 1928 3483 Paulus
1968 3430 2155 3486 admo-

563 3528 653 3571 uet
701 3517 923 3572 dicens:
952 3518 1051 3584 Qui
1079 3528 1269 3585 emunt,
1313 3529 1557 3589 tanquam
1592 3537 1691 3575 non
1722 3523 2059 3591 possidentes,
2100 3532 2149 3577 et

564 3612 648 3681 qui
690 3620 901 3666 utuntur
931 3614 1024 3664 hoc
1060 3613 1270 3678 mundo,
1303 3624 1548 3685 tanquam
1570 3631 1670 3669 non
1701 3625 1913 3670 utantur
1943 3616 1997 3688 (1
2030 3618 2149 3674 Cor.

562 3720 656 3769 vn,
685 3702 797 3776 5U).
839 3704 909 3760 Ut
942 3702 1190 3759 videlicet
1227 3704 1303 3758 sic
1335 3706 1487 3759 nobis
1516 3722 1635 3775 qua:
1665 3717 1975 3776 suppetunt,
2007 3718 2152 3763 exte-

560 3800 674 3855 rius
700 3800 958 3864 serviant,
981 3808 1243 3866 quatenus
1261 3812 1290 3851 a
1313 3812 1558 3868 superate
1592 3809 1614 3837 ο
1647 3799 2016 3855 delectationis
2042 3809 2156 3857 stu.

561 3894 650 3947 dio
679 3894 919 3947 animum
949 3908 1056 3946 non
1089 3892 1381 3956 inflectant,
1419 3906 1486 3945 ne
1509 3892 1706 3947 luctum
1744 3893 1897 3949 nobis
1930 3896 2154 3951 interna:

561 3983 1009 4057 peregrinationis
1057 3991 1359 4054 temperent
1407 3999 1578 4055 eaque
1625 3984 1680 4038 in
1730 3986 1924 4041 exsilio
1964 3990 2154 4056 positis

561 4064 861 4137 subsidium
886 4081 1147 4152 prrebenl;
1167 4087 1222 4134 et
1239 4078 1393 4150 quasi
1416 4079 1598 4161 felices
1625 4079 1677 4135 in
1706 4082 2025 4137 transitoriis
2054 4098 2152 4137 nos

562 4158 917 4255 gaudeamus,
965 4176 1054 4244 qui
1104 4172 1172 4228 ab
1218 4158 1612 4230 aeternisdnos
1661 4173 1877 4259 interim
1925 4179 2151 4233 miseros

560 4268 852 4335 cernimus.
892 4266 1024 4321 liinc
1072 4281 1303 4336 namque
1344 4279 1431 4339 est
1482 4269 1623 4347 quod
1675 4271 1968 4324 electorum
2022 4286 2152 4327 voce

560 4361 690 4417 dicit
723 4361 996 4416 Ecclesia:
1024 4359 1177 4415 Lteva
1224 4362 1337 4429 eius
1380 4361 1473 4433 sub
1494 4364 1661 4433 capite
1689 4379 1820 4431 meo,
1852 4372 1899 4420 et
1938 4364 2149 4418 dextera

560 4457 706 4531 illius
755 4456 1133 4531 amplexabitur
1178 4471 1259 4523 tne
1291 4454 1466 4526 (Cant.
1491 4472 1548 4522 ιι,
1581 4455 1658 4530 6).
1711 4457 1994 4513 Sinistram
2031 4460 2143 4527 Dei,

559 4534 969 4625 prosperitalem
986 4547 1229 4604 videlicet
1242 4550 1363 4602 vita:
1378 4550 1680 4625 praesentis,
1695 4550 1844 4621 quasi
1861 4552 2148 4623 subcapite

561 4628 757 4717 posuit,
787 4660 948 4717 quam
981 4642 1278 4701 intentione
1307 4622 1501 4697 summi
1529 4648 1728 4699 amoris
1753 4648 1963 4715 premit.
2010 4646 2147 4700 Dex-
2174 4617 2232 4683 Β

560 4751 672 4795 tera
720 4756 845 4796 vero
891 4737 988 4794 Dei
1028 4753 1145 4791 eam
1196 4734 1575 4805 amplectitur;
1629 4726 1759 4807 quia‘
1796 4739 1894 4794 suh
1941 4751 2144 4796 alterna

560 4832 675 4902 ejus
721 4832 1052 4909 beatitudine
1094 4818 1212 4884 tota
1274 4816 1567 4883 devotione
1618 4812 1945 4885 continetur.
2009 4831 2144 4886 Hinc

559 4906 767 4999 rursum
792 4941 886 4997 per
910 4925 1254 4980 Salomonem
1280 4921 1479 4977 dicitur
1501 4936 1515 4975 :
1549 4921 1840 4994 Longitudo
1862 4925 2061 4979 dierum
2092 4927 2145 4980 in

558 5020 767 5099 dextere
797 5020 928 5099 gjus,
951 5019 1005 5071 in
1031 5021 1238 5072 sinislra
1275 5033 1392 5072 vero
1432 5016 1574 5070 illius
1612 5016 1808 5072 divitia:
1851 5029 1899 5072 et
1951 5020 2137 5089 gloria.

560 5084 745 5189 (Prae;
778 5084 865 5176 ui,
902 5110 1010 5189 lli).
1045 5109 1253 5167 Divitiae
1291 5112 1469 5181 itaque
1497 5119 1552 5164 et
1579 5110 1747 5180 gloria
1777 5084 2006 5182 qualiter
2038 5115 2145 5171 sint

558 5184 801 5283 habentia
849 5204 1050 5285 docuit,
1102 5220 1221 5299 qum.
1268 5202 1437 5291 posita
1468 5207 1524 5262 in
1558 5204 1771 5262 sinistra
1801 5212 2138 5293 memoravit.

562 5288 694 5374 llinc
727 5297 1011 5373 Psalmista
1040 5288 1151 5349 ait':
1197 5288 1413 5350 Salvum
1438 5290 1517 5352 me
1545 5302 1629 5368 fac
1663 5292 1875 5355 dextera
1902 5288 1991 5356 tua
2022 5288 2141 5374 (Ps.

628 5470 652 5499 ιι
687 5459 1107 5539 Gemeticeuses,
1131 5460 1219 5539 sed
1241 5477 1272 5514 a
1293 5476 1392 5530 quo
1420 5462 1609 5539 dantur
1630 5465 1803 5520 animo
1822 5468 2006 5539 ﬁgant.
2036 5474 2142 5533 Alii

559 5532 769 5607 Nora},
792 5548 931 5607 cuni
947 5536 1105 5607 tertio
1127 5534 1377 5607 (Samon,
1402 5536 1445 5588 si
1472 5536 1528 5589 ir.
1548 5536 1629 5590 liis
1654 5554 1789 5607 quin,
1813 5532 1917 5597 etc;

556 5601 658 5731 ΜΞ
895 5604 1049 5694 gelv.
1083 5614 1137 5675 et
1160 5604 1270 5681 duo
1300 5605 1505 5683 priores
1533 5601 1781 5683 Certim-4
1806 5627 1860 5681 se
1882 5619 2141 5690 prosperi-

631 5756 654 5834 s.
690 5745 1095 5834 gelvnprimus.
1119 5757 1175 5804 et
1202 5748 1391 5807 tertius
1437 5750 1622 5821 Caru.,
1667 5753 1944 5827 Bothum,
1988 5760 2135 5834 Lyr.,

557 5815 678 5876 Val.
706 5817 813 5883 C-l.,
836 5817 1142 5876 dilectionis.

627 5883 659 5926 δ
688 5886 904 5959 Excusi,
934 5906 1025 5944 nos
1053 5893 1293 5949 interimi.
1327 5895 1686 5955 Adhmremus
1733 5899 1914 5965 'l‘rec.,
1966 5903 2138 5972 Belv.,

2259 3352 2395 3433 llinc
2443 3359 2526 3421 est
2567 3351 2708 3422 quod
2760 3354 2811 3407 in
2861 3352 3073 3408 inferno
3122 3353 3361 3408 cruciato
3405 3353 3557 3410 diviti
3605 3354 3839 3409 dicitur:

2258 3445 2513 3517 Recepisti
2538 3445 2673 3511 bona
2698 3446 2753 3499 in
2781 3445 2881 3500 vita
2908 3455 2996 3500 tua
3026 3445 3175 3516 (Luc.
3192 3445 3441 3514 “1,25).
3468 3445 3680 3503 Idcirco
3707 3446 3843 3503 enim

2256 3540 2394 3613 bona
2428 3540 2512 3615 hic
2540 3539 2744 3610 recepit
2769 3548 2825 3595 et
2856 3541 3047 3621 malus,
3080 3550 3137 3596 ut
3160 3540 3270 3596 illic
3300 3541 3507 3610 plenius
3535 3542 3680 3598 mala
3712 3541 3843 3599 reci-

2258 3642 2430 3705 peret,
2453 3633 2574 3707 quia
2605 3632 2694 3686 hic
2725 3630 2898 3687 fuerat
2924 3647 3024 3688 nec
3057 3648 3151 3703 per
3180 3632 3320 3687 bona
3347 3648 3668 3689 conversus.

2334 3725 2398 3779 At
2438 3734 2626 3780 contra
2669 3724 2995 3781 admonendi
3043 3735 3191 3791 sunt,
3237 3726 3325 3793 qui
3369 3740 3431 3780 ea
3472 3726 3691 3797 quidem
3736 3740 3845 3796 qua:

2259 3818 2441 3873 mundi
2487 3828 2611 3874 sunt
2657 3820 3075 3891 concupiscunt,
3135 3817 3228 3874 sed
3280 3830 3456 3874 tamen
3504 3819 3846 3875 adversitatis

2259 3910 2441 3967 labore
2473 3910 2789 3984 fatigantur,
2819 3920 2878 3967 ut
2903 3911 3130 3967 sollicita
3153 3912 3583 3967 consideratione
3615 3912 3845 3983 perpen-

2257 4006 2421 4071 dant,
2475 4007 2697 4061 Creator
2748 4004 2769 4044 τ
2829 4006 3225 4077 dispositorque
3283 4015 3596 4062 cunctorum
3651 4014 3845 4080 quanta

2258 4114 2420 4169 super
2444 4098 2560 4153 “eos
2604 4101 2772 4171 gratia
2819 4100 3020 4176 vigilat,
3072 4114 3205 4169 quos
3233 4099 3285 4155 in
3317 4114 3412 4155 sua
3440 4099 3709 4154 desideria
3744 4113 3845 4154 non

2258 4192 2483 4248 relaxat.
2531 4191 2695 4263 IEgro
2726 4192 2924 4267 quippe
2951 4209 3108 4262 quem
3139 4194 3379 4249 medicus
3409 4194 3685 4265 desperat,
3718 4207 3845 4249 con-

2258 4286 2403 4343 cedit
2430 4297 2489 4342 ut
2520 4298 2707 4342 cuncta
2741 4303 2858 4358 qua:
2904 4288 3235 4358 concupiscit
3284 4288 3530 4359 accipiat.
3575 4289 3711 4344 Nam
3762 4287 3846 4359 qui

2255 4381 2435 4435 sanari
2479 4395 2641 4452 posse
2689 4380 2947 4446 creditur,
2979 4396 3009 4437 a
3043 4381 3223 4436 multis
3267 4396 3386 4453 quae
3415 4381 3622 4467 appetit
3654 4380 3844 4452 prohi-

2254 4472 2533 4555 beturzet
2580 4472 2762 4553 pueris
2810 4487 3060 4533 nummos
3091 4472 3714 4547 subtrahimus,'quibus
3741 4483 3847 4529 tota

2263 4565 2424 4620 simul
2452 4564 2771 4661 patrimonia
2806 4565 3108 4620 haeredibus
3144 4581 3500 4622 reservamus.
3537 4566 3678 4623 Hinc
3719 4580 3846 4638 ergo

2256 4661 2323 4716 de
2354 4658 2459 4727 spe
2490 4668 2706 4714 aeterna:
2756 4658 3086 4714 hmrcditatis
3135 4659 3382 4729 gaudium
3435 4670 3670 4724 sumant,
3713 4673 3847 4729 quos

2252 4754 2552 4809 adversitas
2602 4754 2722 4808 vita:
2774 4752 3087 4823 temporalis
3132 4751 3413 4819 humiliat;
3450 4752 3575 4821 quia
3606 4754 3712 4808 nisi
3744 4752 3846 4806 sal-

2250 4846 2456 4902 vandos
2510 4847 2563 4901 in
2618 4836 2937 4918 perpetuum
3003 4854 3293 4911 cerneret,
3361 4845 3689 4901 erudiendos
3749 4844 3846 4900 sub

2250 4942 2551 5012 disciplinae
2577 4940 2839 5012 regimine
2863 4940 3043 4996 divina
3075 4940 3408 5009 dispensatio
3439 4957 3543 4996 non
3577 4942 3841 4996 frenaret.

2260 5024 2601 5090 Admonendi
2650 5036 2829 5106 itaque
2859 5043 2984 5088 sunt
3018 5034 3107 5104 qui
3137 5033 3188 5088 in
3219 5032 3302 5089 his
3326 5049 3442 5101 qua!
3472 5033 3845 5104 temporaliter

2257 5127 2675 5197 concupiscunt,
2718 5124 3054 5182 adversitatis
3089 5125 3271 5182 labore
3300 5127 3604 5198 fatigantur,
3640 5134 3706 5181 ut
3736 5125 3837 5180 soli

2252 5221 2404 5291 licite
2433 5221 2777 5277 considerent
2806 5220 2948 5290 quod
2980 5218 3293 5290 plerumque
3320 5220 3479 5279 etiam
3508 5220 3693 5288 justos
3724 5234 3845 5273 cum

2255 5317 2566 5387 temporalis
2606 5316 2841 5387 patentia
2884 5318 3138 5385 sustollit,
3178 5317 3328 5387 velut
3354 5317 3408 5383 ip
3446 5318 3635 5389 laqueo
3687 5321 3843 5390 culpa

2250 5482 2435 5547 Corb.,
2468 5481 2636 5539 Laud.
2667 5491 2720 5538 et
2746 5481 2955 5547 duobus
2987 5482 3256 5554 prioribus
3304 5483 3466 5541 Cara.
3501 5485 3722 5542 Tertius
3753 5491 3837 5543 ha-

2248 5554 2359 5621 bet,
2390 5572 2482 5609 nos
2504 5554 2738 5610 interius.
3584 5556 3679 5575 .....

2322 5634 2347 5680 9
2378 5627 2559 5701 Visum
2606 5636 2687 5683 est
2718 5626 3025 5701 Editoribus
3068 5641 3290 5695 ponere.
3338 5630 3700 5697 repensatione
3748 5648 3844 5701 pro

2252 5700 2598 5808 i'fsponsiorte,
2641 5694 2784 5770 quod
2834 5699 3026 5769 legitur
3076 5694 3130 5777 in
3172 5694 3421 5757 omnibus
3450 5703 3575 5757 Mss.
3609 5694 3842 5759 Ιιοξιῖἰς.

2375 5770 2540 5808 “alam
2585 5771 2657 5808 ΠΛ
2716 5774 2983 5808 nnrtlnrnnl
3032 5772 3309 5808 rlienn‘eitnn
3352 5772 3453 5808 Itin
3483 5774 3819 5808 l.qknns‘“£c

2273 5760 2342 5827 ’.θ
2375 5760 2541 5845 Iidem
2716 5760 2986 5824 mutarunt
3031 5768 3309 5841 dispasitor
3352 5772 3454 5845 (sic
3483 5774 3840 5831 lmbeht'llés.

2247 5844 2453 5921 omnes)
2483 5844 2555 5907 in,
2588 5843 2926 5914 dispensator.
