4036 6346
219 408 305 463 l0!
990 396 1296 456 REGULAE
1337 395 1767 454 PASTORALIS
1805 397 2029 455 LIBER.
2071 425 2141 438 --
2183 395 2359 454 PARS
2395 396 2672 453 TERTIA.

3349 395 3457 451 1θὲ

220 515 618 592 comprehendit.
664 513 798 568 Nam
840 513 978 568 sicut
1005 512 1060 566 in
1097 512 1264 581 priori
1292 508 1452 581 hujus
1480 508 1766 568 voluminis
1793 517 1845 577 Α
1871 511 2144 568 desiderio
2174 519 2471 581 exspectat.
2505 510 2621 566 Non
2652 508 2830 565 ﬂendo
2869 518 3047 565 autem
3080 506 3230 575 flere,
3261 519 3345 566 est
3371 511 3450 567 sic

217 623 351 683 parte
375 611 478 678 jam
507 605 738 660 diximus
781 605 822 673 (1
854 612 1016 674 parte,
1051 621 1099 658 c.
1125 603 1207 675 5),
1242 603 1407 659 David
1433 604 1542 658 Deo
1571 604 1773 659 amabi-

218 704 274 758 lis
301 701 483 755 rectior
525 697 620 752 fuit
658 696 713 750 in
758 695 1000 760 servitio,
1053 710 1212 766 quam
1264 711 1384 750 cum
1432 697 1674 766 pervenit
1704 697 1772 752 ad

216 806 413 864 regnum
449 788 503 859 (1
537 787 665 858 Reg.
699 802 845 853 xxiv,
885 787 999 858 18).
1049 787 1252 841 Servus
1300 801 1533 855 namque
1587 801 1771 843 amore

213 885 428 955 jtistitite,
481 880 874 951 deprehensum
931 879 1296 934 adversarium
1349 879 1510 935 ferire
1563 880 1769 947 timuit;

214 991 294 1032 rex
346 980 514 1028 autem
566 972 918 1041 persuasione
968 971 1194 1026 luxuria:
1243 971 1495 1025 devotum
1551 971 1771 1026 militem

212 1066 355 1123 etiam
381 1064 479 1121 sub
504 1063 685 1119 studio
732 1061 936 1118 fraudis
981 1063 1239 1118 exstinxit
1279 1061 1367 1131 (ΙΙ
1394 1061 1522 1132 Reg.
1549 1077 1624 1130 xi,
1657 1063 1768 1134 17).

213 1160 328 1226 Quis
354 1172 476 1227 ergo
517 1169 673 1225 opes,
703 1156 822 1226 quis
851 1163 1194 1225 potestatem,
1226 1157 1344 1224 quis
1369 1154 1592 1224 gloriam
1622 1170 1772 1225 quae-

214 1263 285 1309 rat
331 1251 558 1315 innoxie,
597 1249 643 1303 si
668 1258 722 1303 et
751 1249 828 1303 illi
861 1249 1182 1304 exstiterunt
1207 1247 1389 1312 noxia,
1420 1246 1646 1317 quibam
1677 1248 1774 1300 ha-

215 1345 314 1399 buit
358 1357 456 1396 non
508 1341 777 1410 quaesita?
821 1339 952 1407 Quis
999 1340 1142 1394 inter
1171 1341 1284 1395 haec
1313 1339 1430 1394 sine
1457 1341 1634 1410 magni
1665 1339 1776 1394 dis-

215 1433 428 1488 criminis
473 1431 661 1486 labore
699 1431 1014 1498 salvabitur,
1043 1431 1088 1486 si
1111 1430 1197 1487 ille
1230 1431 1281 1484 in
1310 1429 1395 1486 his
1421 1430 1576 1501 culpa
1605 1430 1775 1485 inter-

217 1523 446 1579 veniente
483 1521 730 1576 turbatus
773 1528 876 1584 est,
924 1521 1015 1589 qui
1064 1521 1129 1576 ad
1176 1521 1292 1585 haec
1343 1521 1514 1577 fuerat
1542 1522 1654 1577 Deo
1679 1521 1777 1576 eli-

218 1626 363 1688 gente
406 1614 764 1685 praeparatus?
814 1614 1157 1670 Admonendi
1194 1623 1317 1670 sunt
1349 1625 1407 1669 ut
1435 1615 1779 1670 considerent

217 1711 326 1780 quia
370 1708 614 1765 Salomon
649 1709 738 1779 qui
784 1716 907 1778 post
934 1715 1137 1762 tantam
1167 1707 1480 1777 sapientiam
1512 1722 1682 1776 usque
1708 1706 1775 1761 ad

217 1802 542 1859 idololatriam
615 1802 876 1857 cecidisse
940 1802 1299 1869 describitur,
1367 1803 1500 1856 nihil
1555 1801 1610 1856 in
1666 1806 1776 1857 hoc

1876 605 2145 661 exteriora
2167 604 2393 660 adversa
2421 605 2692 674 plangere,
2718 611 2775 658 ut
2798 613 2973 658 tamen
3005 602 3212 658 noverit
3236 610 3454 658 aeterna:

1877 697 1991 768 spei
2015 697 2387 752 consolatione
2411 696 2662 766 gaudere.
2684 695 2752 754 Et
2777 709 3015 762 rursum,
3043 711 3148 751 non
3173 695 3458 766 gaudendo

1879 793 2135 860 gaudere,
2185 801 2271 846 est
2317 790 2394 846 sic
2443 791 2512 845 de
2565 789 2760 845 inlimis
2808 790 3043 844 animum
3091 789 3359 860 attollere,
3401 799 3459 844 ut

1881 892 2063 937 tamen
2096 896 2364 953 nunquam
2397 881 2609 936 desinat
2633 895 2841 936 summa
2873 881 3185 936 formidare.
3217 881 3313 938 Ubi
3335 892 3458 951 apte

1877 989 2089 1046 quoque
2116 974 2272 1054 paulo
2301 981 2420 1042 post
2445 973 2654 1028 subdit:
2686 971 2926 1028 Praeterit
2952 974 3085 1027 enim
3105 975 3274 1045 ﬁgura
3302 973 3460 1046 hujus

1877 1065 2058 1119 mundi
2082 1063 2274 1134 (Ibid.,
2309 1062 2386 1135 ι).
2421 1065 2498 1118 Ac
2527 1063 2570 1117 si
2599 1072 2782 1134 aperte
2810 1063 3050 1119 diceret:
3081 1063 3273 1131 Nolite,
3321 1080 3452 1120 con-

1880 1164 2086 1211 stanter
2115 1155 2369 1210 mundum
2397 1154 2640 1223 diligere,
2665 1156 2878 1224 quando
2906 1168 2958 1212 et
2989 1157 3104 1227 ipse
3132 1173 3236 1212 non
3261 1166 3458 1229 potest,

1879 1265 2038 1320 quem
2091 1249 2331 1320 diligitis,
2374 1257 2538 1302 stare.
2573 1248 2841 1304 Incassum
2871 1263 2968 1305 cor
2996 1254 3148 1321 quasi
3181 1261 3460 1307 manentes

1881 1343 2064 1414 figitis,
2095 1345 2218 1397 dum
2255 1342 2389 1413 fugit
2420 1342 2533 1412 ipse
2560 1356 2716 1411 quem
2746 1343 2956 1398 amatis.

1952 1434 2289 1490 Admonendi
2343 1447 2467 1488 sunt
2510 1434 2788 1504 conjuges,
2843 1444 2901 1488 ut
2929 1449 2991 1490 ea
3032 1437 3084 1489 in
3122 1435 3312 1505 quibus
3358 1438 3458 1493 sibi

1880 1527 2166 1599 aliquando
2209 1527 2518 1596 displicent,
2568 1535 2622 1580 et
2660 1528 2920 1597 patientes
2950 1528 3176 1583 invicem
3210 1529 3458 1598 tolerent,

1880 1629 1934 1676 et
1961 1620 2308 1674 exhortantes
2354 1617 2580 1672 invicem
2637 1617 2868 1673 salvcnt.
2921 1619 3185 1690 Scriptum
3233 1637 3464 1690 namque

1882 1723 2004 1772 est:
2029 1712 2254 1768 Invicem
2292 1728 2449 1768 onera
2485 1720 2652 1767 vestra
2696 1723 2914 1785 portate,
2947 1724 2993 1767 et
3022 1716 3096 1768 sic
3118 1716 3463 1786 adimptebitis

1883 1805 2042 1876 legem
2067 1805 2257 1861 Christi
2286 1805 2485 1874 (fialat.
2519 1823 2593 1875 Iv,
2621 1806 2701 1876 2).
2743 1807 2850 1862 Lex
2884 1807 3080 1878 quippe
3106 1806 3304 1862 Christi
3335 1809 3463 1863 cha-

216 1895 391 1952 mnndo
413 1896 726 1966 priusquam
754 1895 990 1962 caderet,
1023 1895 1366 1950 adversitatis
1391 1895 1641 1951 habuisse
1661 1911 1777 1952 mea
1809 1915 1856 1974 Β
1884 1899 2014 1954 ritas
2071 1907 2183 1966 est;
2222 1909 2244 1938 ο
2273 1901 2395 1969 quia
2432 1913 2496 1954 ex
2533 1900 2624 1953 illo
2656 1901 2808 1954 nobis
2851 1910 2904 1955 et
2954 1901 3169 1972 largiter
3200 1915 3290 1954 sua
3325 1902 3462 1956 bona

215 1998 465 2056 moratur;
500 1990 606 2045 sed
644 2004 900 2046 concessa
931 1991 1191 2060 sapientia
1231 1989 1472 2044 funditus
1499 2003 1595 2044 cor
1623 1988 1780 2044 dese-

211 2086 318 2152 ruit,
349 2083 482 2155 quod
531 2084 695 2139 nulla
735 2083 822 2139 vel
850 2083 1071 2138 minima
1119 2082 1470 2138 tribulationis
1501 2082 1778 2153 disciplina

213 2176 468 2232 custodivit
497 2175 636 2248 (111
669 2175 799 2247 Reg.
825 2174 1000 2247 xt,4).

536 2270 656 2341 79
691 2268 917 2324 CAPUT
946 2266 1161 2323 XXVII.
1186 2267 1294 2341 [ΑΙ.
1325 2265 1424 2339 LI]

385 2363 662 2432 Quomodo
690 2363 998 2417 admonendi
1024 2361 1290 2433 conjugati
1313 2369 1361 2414 et
1383 2358 1600 2415 caelibes.

276 2455 589 2530 (Admonitio
633 2455 754 2527 28.)
809 2455 981 2510 Aliter
1021 2454 1344 2509 admonendi
1373 2462 1499 2510 sunt
1525 2453 1784 2524 conjugiis

217 2547 434 2620 obligati,
479 2557 649 2618 atque
700 2546 855 2602 aliter
883 2561 912 2600 a
940 2545 1173 2616 conjugii
1212 2545 1438 2600 nexibus
1466 2545 1638 2600 liberi.
1673 2545 1785 2600 Ad-

217 2641 444 2696 moneudi
499 2655 737 2712 namque
785 2649 910 2694 sunt
953 2639 1216 2709 conjugiis
1263 2637 1508 2709 obligati,
1554 2647 1612 2692 ut
1659 2652 1782 2694 cum

215 2732 422 2786 vicissim
454 2748 580 2803 qua-3
613 2740 740 2786 sunt
761 2730 977 2786 alierius
1021 2732 1282 2801 cogitant,
1319 2731 1398 2784 sic
1425 2745 1610 2786 eorum
1641 2732 1788 2802 quis-

213 2840 303 2892 que
332 2828 546 2896 placere
575 2826 787 2881 studeat
815 2826 1048 2896 conjugi,
1100 2835 1156 2879 ut
1191 2839 1297 2878 non
1344 2824 1625 2893 displiceat
1654 2825 1788 2880 Con-

211 2919 386 2988 ditori;
420 2935 447 2975 s
471 2937 500 2976 c
533 2935 597 2976 ea
619 2937 738 2992 qua:
770 2920 925 2988 hujus
953 2918 1135 2975 mundi
1166 2927 1290 2973 sunt
1317 2927 1496 2989 agant,
1526 2927 1584 2973 ut
1609 2929 1784 2974 tamen

213 3021 449 3080 appetere
496 3028 619 3080 quae
664 3013 756 3066 Dei
791 3021 915 3066 sunt
954 3027 1062 3067 non
1105 3012 1391 3076 emittant;
1421 3011 1500 3066 sic
1529 3011 1596 3065 de
1628 3011 1781 3066 bonis

211 3104 567 3184 praesentibus
595 3104 874 3174 gaudeant,
923 3113 983 3158 ut
1021 3113 1200 3158 tamen
1230 3105 1455 3160 sollicita
1487 3104 1786 3160 intentione

210 3194 334 3250 mala
363 3204 571 3250 aeterna
598 3197 972 3266 pertimescant
1000 3214 1014 3263 ;
1041 3198 1118 3252 sic
1141 3197 1208 3252 de
1230 3199 1381 3251 malis
1405 3199 1785 3268 temporalibus

1883 1992 2133 2060 contulit,
2158 2001 2214 2047 et
2234 1992 2604 2061 aequanimiter
2632 1993 2767 2045 mala
2799 2002 2978 2047 nostra
3012 1993 3261 2061 portavit.
3309 1993 3460 2047 Tunc

1880 2103 2009 2159 ergo
2031 2088 2200 2158 legem
2231 2085 2430 2142 Christi
2451 2087 2476 2124 ά
2509 2085 2766 2142 imitando
2787 2088 3139 2158 complemus,
3173 2087 3385 2157 quando
3413 2095 3465 2141 et

1883 2191 2065 2238 nostra
2095 2182 2232 2237 bona
2261 2181 2490 2251 benigne
2511 2179 2859 2248 conferimus,
2889 2191 2942 2236 et
2971 2191 3269 2236 nostrorum
3318 2181 3456 2235 mala

1886 2275 1969 2346 pie
2000 2275 2344 2330 sustinemus.
2379 2273 2718 2328 Admonendi
2757 2288 2967 2344 quoque
3017 2283 3160 2339 sunt,
3196 2282 3252 2326 ut
3279 2288 3464 2328 eorum

1884 2367 2109 2438 quisque
2161 2382 2267 2421 non
2321 2375 2426 2420 tam
2469 2382 2586 2436 quas
2615 2366 2682 2420 ab
2713 2366 2881 2420 altero
2912 2367 3125 2432 tolerat,
3157 2381 3314 2435 quam
3345 2381 3465 2434 qua:

1884 2461 1950 2513 ab
1980 2460 2096 2530 ipso
2123 2459 2421 2514 tolerantur
2467 2459 2726 2514 attendat.
2770 2458 2881 2528 80
2921 2457 2976 2512 Si
3025 2458 3165 2512 enim
3213 2472 3304 2510 sua
3347 2471 3465 2527 quas

1886 2559 2170 2620 portantur
2214 2548 2542 2613 considerat,
2585 2563 2644 2602 ea
2669 2562 2786 2617 qua:
2815 2549 2882 2602 ab
2898 2548 3075 2603 altero
3105 2550 3354 2614 sustinet,
3391 2547 3465 2602 le-

1887 2651 2001 2704 vius
2031 2659 2225 2718 portat.

1959 2743 2294 2799 Admonendi
2324 2752 2447 2797 sunt
2475 2742 2766 2811 coniuges,
2815 2751 2872 2794 ut
2922 2738 3273 2810 suscipiendae
3303 2740 3466 2810 prolis

1889 2849 1948 2891 se
1971 2837 2310 2890 meminerint
2340 2850 2494 2889 causa
2518 2836 2854 2903 conjunctos,
2885 2843 2937 2888 et
2961 2850 3080 2887 cum
3107 2833 3467 2896 immoderata;

1889 2929 2194 2984 admistioni
2245 2928 2578 3004 servientes,
2641 2927 3036 2995 propagationis
3082 2924 3362 2977 articulum
3413 2923 3467 2980 in

1889 3037 2043 3076 usum
2077 3019 2405 3075 transferunt
2437 3020 2742 3088 voluptatis,
2777 3018 3110 3089 perpendant
3157 3017 3299 3087 quod
3344 3016 3467 3072 licet

1889 3123 2040 3170 extra
2073 3130 2176 3167 non
2207 3123 2424 3182 exeant,
2479 3113 2530 3166 in
2576 3111 2692 3182 ipso
2741 3123 2914 3166 tamen
2957 3110 3205 3179 cenjngio
3234 3109 3467 3178 conjugii

1887 3211 2002 3279 jura
2032 3208 2396 3264 trascendunt.
2434 3206 2583 3260 Unde
2609 3219 2827 3258 necesse
2857 3213 2938 3257 est
2966 3212 3021 3255 nt
3053 3202 3256 3258 crebris
3287 3211 3309 3240 ο
3341 3215 3466 3254 exo-

211 3284 456 3355 lugeant,
511 3297 571 3342 ut
621 3297 796 3343 tamen
849 3290 1218 3344 consolatione
1267 3291 1471 3358 integra
1525 3305 1674 3356 spem
1732 3292 1782 3345 in

1894 3302 2189 3374 rationibus
2237 3301 2456 3355 doleant
2504 3297 2645 3368 quod
2688 3295 2959 3365 pulchram
2992 3295 3195 3363 copula:
3234 3293 3466 3362 speciem

213 3373 348 3434 bonis
391 3380 721 3450 perennibus
772 3382 970 3450 ﬁgant;
1023 3390 1287 3452 quatenus
1313 3381 1438 3436 dum
1471 3384 1522 3436 in
1554 3384 1781 3437 transitu

213 3481 526 3540 cognoscunt
581 3488 701 3530 esse
747 3473 891 3540 quod
943 3482 1125 3545 agunt,
1160 3482 1186 3512 ι
1215 3475 1266 3529 in
1317 3475 1594 3529 mansione
1641 3473 1784 3542 quod

216 3575 486 3634 appetunt;
547 3581 647 3620 nec
685 3566 822 3620 mala
869 3566 1052 3621 mundi
1083 3581 1174 3621 cor
1202 3566 1471 3635 frangant,
1502 3581 1621 3619 cum
1660 3580 1784 3635 spes

221 3665 458 3718 bonorum
510 3663 817 3718 cmlestium
860 3663 1114 3728 roborat;
1170 3677 1271 3718 nec
1319 3661 1458 3716 bona
1506 3661 1786 3730 praesentis

219 3754 330 3809 vita:
364 3755 651 3827 decipiant,
703 3771 824 3808 rum
874 3764 1124 3825 suspecta
1177 3753 1556 3822 subsequentis
1601 3753 1786 3822 judicii

216 3848 344 3901 mala
385 3848 727 3903 eontristant.
761 3848 941 3915 Itaque
971 3846 1178 3900 animus
1207 3843 1632 3900 Christianorum
1659 3859 1788 3899 con-

213 3939 385 4010 jugum
413 3949 468 3994 et
495 3940 745 3994 inﬁrmus
790 3949 846 3994 et
892 3937 1101 4004 fidelis,
1158 3937 1248 4008 qui
1295 3949 1348 3993 et
1394 3938 1549 4007 plene
1598 3924 1788 3992 cuncta

213 4034 522 4102 temporalia
554 4033 832 4103 despicere
863 4047 966 4087 non
1003 4032 1169 4097 valet,
1203 4039 1257 4085 et
1285 4039 1462 4085 tamen
1489 4028 1706 4084 aeternis
1731 4043 1790 4084 se

212 4126 528 4199 conjungere
557 4144 652 4197 per
689 4127 1012 4183 desiderium
1045 4125 1218 4190 valet;
1258 4123 1497 4195 quamvis
1524 4125 1574 4182 in
1605 4123 1790 4177 delec.

211 4221 402 4276 tatione
449 4221 634 4276 carnis
685 4221 900 4276 interim
943 4221 1140 4290 jaceat,
1193 4232 1442 4288 supernae
1477 4216 1592 4286 Spei
1649 4214 1789 4274 refe-

213 4314 376 4369 ctione
405 4314 764 4368 convalescat.
814 4314 879 4367 Et
923 4313 966 4366 si
1016 4312 1176 4366 habet
1215 4325 1333 4380 quas
1362 4310 1548 4364 mundi
1579 4317 1704 4362 sunt
1736 4308 1788 4362 in

213 4421 303 4461 usu
332 4408 561 4474 itineris,
595 4415 775 4479 sperat
816 4423 936 4478 quae
983 4407 1075 4461 Dei
1126 4416 1251 4460 sunt
1281 4406 1334 4460 in
1367 4405 1541 4459 fructu
1575 4418 1792 4472 perven-

213 4499 389 4565 tionis;
422 4516 524 4557 nec
552 4511 721 4555 totum
767 4515 826 4555 se
866 4500 934 4555 ad
979 4500 1082 4582 hoc
1106 4498 1248 4570 quod
1279 4497 1386 4568 agit
1417 4498 1680 4562 conferat,
1723 4510 1791 4550 ne

212 4593 273 4646 ah
303 4609 367 4648 eo
392 4595 538 4664 quod
589 4594 808 4649 robuste
852 4609 1072 4663 sperare
1112 4591 1294 4647 debuit
1347 4590 1584 4644 funditus
1613 4588 1789 4642 cadat.

1890 3393 2131 3448 admistis
2179 3391 2537 3460 voluptatibus
2579 3389 2802 3444 ﬂuitant.
2850 3388 2983 3440 lline
3010 3396 3090 3440 est
3133 3387 3272 3438 enim
3321 3387 3463 3455 quod

1887 3485 2092 3555 peritus
2123 3483 2401 3539 medicina:
2439 3482 2675 3538 cm’estis
2712 3481 3002 3549 Apostolus
3036 3495 3139 3532 non
3170 3487 3278 3532 tam
3307 3494 3468 3536 sanos

1891 3574 2144 3640 instituit,
2203 3590 2360 3645 quam
2413 3573 2635 3628 infirmis
2691 3571 3077 3625 medicamenta
3129 3570 3464 3635 monstravit,

1889 3667 2074 3722 dicens
2101 3685 2112 3719 :
2144 3666 2220 3719 De
2248 3666 2429 3735 quibus
2454 3663 2726 3735 scripsistis
2763 3661 2886 3715 mihi
2910 3678 2928 3715 :
2955 3661 3153 3716 Bonum
3181 3673 3254 3716 est
3278 3662 3469 3716 homini

1890 3760 2155 3835 mulierem
2192 3775 2296 3811 non
2337 3768 2577 3826 tangere;
2609 3765 2819 3826 propter
2867 3755 3259 3826 fornicationem
3303 3766 3468 3810 autent

1891 3854 2236 3924 unusquisque
2266 3869 2412 3905 suam
2443 3851 2622 3904 habeat
2654 3867 2883 3912 uxorem,
2907 3858 2952 3902 et
2979 3867 3293 3919 ttnttqna’que
3321 3866 3469 3904 suum

1890 3949 2053 4001 uirum
2099 3946 2280 4000 habeat
2309 3945 2358 4016 (Ι
2395 3945 2514 4000 Cor.
2549 3960 2644 4012 vn,
2683 3944 2730 4008 l,
2757 3959 2864 4013 seq.
2892 3941 3035 4012 ete.).
3069 3942 3168 4009 Qui
3198 3944 3338 3996 enim
3364 3943 3469 3997 for-

1892 4041 2178 4096 nicationis
2228 4047 2428 4094 metum
2476 4037 2757 4104 praemisit,
2793 4035 3033 4104 profecto
3069 4050 3173 4090 non
3210 4035 3470 4096 stantibus

1894 4140 2216 4202 praeceptum
2248 4129 2512 4193 contulit;
2559 4127 2652 4182 sed
2686 4142 2754 4181 ne
2785 4128 3010 4180 fortasse
3040 4125 3093 4180 in
3124 4134 3318 4180 terram
3353 4141 3470 4182 rue~

1893 4233 2033 4291 rent,
2081 4225 2278 4277 lectum
2323 4219 2635 4275 cadentibus
2663 4218 2916 4274 ostendit.
2947 4217 3092 4271 Unde
3122 4216 3295 4271 adhuc
3327 4215 3470 4270 infir-

1893 4314 2164 4370 mentibus
2185 4313 2419 4368 subdidit
2442 4330 2455 4368 :
2483 4310 2645 4365 Uxori
2667 4312 2744 4364 uir
2765 4310 2991 4364 debitum
3013 4310 3215 4374 reddat,
3245 4309 3470 4362 similiter

1893 4417 1939 4463 et
1971 4423 2102 4462 uxor
2126 4407 2233 4460 viro
2262 4403 2473 4474 (lbid.).
2505 4402 2710 4470 Quibus
2751 4402 2873 4457 dum
2905 4403 2957 4458 in
2988 4418 3173 4471 magna
3199 4402 3470 4454 honestae

1897 4499 2132 4568 conjugii
2177 4495 2375 4566 aliquid
2418 4495 2484 4549 de
2535 4493 2811 4562 voluptate
2851 4492 3158 4564 largiretur,
3187 4490 3469 4558 adjunxit:

1897 4590 2011 4645 Hoc
2038 4596 2207 4643 autem
2252 4588 2365 4642 dico
2403 4587 2686 4642 secundum
2727 4586 3124 4657 indulgentiam,
3164 4598 3264 4634 non
3293 4596 3470 4652 securi.

214 4686 355 4752 Quod
396 4691 533 4742 bene
585 4703 646 4743 ac
693 4689 926 4742 breviter
978 4685 1176 4740 Paulus
1223 4683 1503 4752 exprimit,
1560 4682 1784 4739 dicens:
1819 4665 1870 4726 Ῑ)
1899 4684 2024 4738 dum
2060 4682 2330 4754 imperium
2363 4680 2575 4753 (Ibid).
2613 4678 2777 4750 Culpa
2809 4681 3004 4748 quippe
3041 4693 3160 4732 esse
3207 4675 3465 4740 innuitur.

215 4779 306 4843 Qui
333 4781 519 4835 habent
553 4798 760 4847 uxores,
801 4791 1044 4851 tanquam
1072 4795 1170 4834 non
1201 4779 1440 4832 habentes
1467 4777 1606 4841 sint;
1634 4784 1681 4828 et
1703 4774 1788 4842 qui

211 4878 345 4945 ﬂent,
377 4889 622 4946 tanquam
651 4894 754 4931 non
800 4879 1012 4947 ﬂentes;
1065 4885 1112 4930 et
1141 4875 1228 4944 qui
1268 4872 1516 4944 gaudent,
1545 4877 1788 4939 tanquam

213 4989 305 5025 non
347 4972 628 5044 gaudentes
676 4971 729 5044 (1
756 4959 876 5026 Ger.
908 4983 1000 5039 vti,
1030 4969 1120 5036 29,
1147 4969 1262 5040 50).
1313 4967 1544 5023 Uxorem
1594 4966 1789 5035 quippe

210 5066 350 5132 quasi
400 5081 509 5120 non
556 5065 800 5119 habendo
849 5066 1028 5128 habet,
1062 5080 1153 5133 qui
1182 5063 1260 5118 sic
1287 5075 1382 5130 per
1412 5060 1557 5115 illam
1589 5059 1787 5114 carnali

208 5157 572 5212 consolatione
619 5158 804 5221 utitur,
859 5165 914 5209 ut
965 5165 1142 5210 tamen
1198 5167 1468 5222 nunquam
1510 5152 1576 5205 ad
1625 5165 1788 5220 prava

211 5263 366 5316 opera
399 5265 428 5302 a
454 5248 698 5303 melioris
744 5249 1056 5303 intentionis
1100 5244 1420 5301 rectitudine
1463 5243 1577 5314 ejus
1603 5257 1787 5298 amore

210 5342 477 5398 flectatur.
529 5341 768 5397 Uxorem
813 5343 963 5411 quasi
1014 5355 1120 5395 non
1168 5337 1415 5393 habendo
1464 5335 1653 5402 habet,
1701 5329 1791 5405 qui

214 5435 518 5504 transitoria
547 5449 668 5490 esse
693 5444 883 5490 cuncta
911 5432 1273 5510 conspiciens,
1305 5447 1487 5508 curam
1517 5431 1696 5486 carnis
1723 5443 1789 5485 ex

213 5530 530 5583 necessitate
567 5530 788 5595 tolerat,
815 5527 911 5583 sed
959 5535 1156 5582 aeterna
1201 5527 1394 5596 gaudia
1416 5524 1443 5564 δ
1476 5525 1695 5594 spiritus
1724 5535 1792 5576 ex

283 5703 306 5731 ι
341 5692 691 5748 Removimus
731 5694 860 5749 hinc
897 5694 1079 5758 sciant,
1133 5691 1199 5746 ab
1247 5689 1551 5746 Editoribus
1596 5687 1789 5742 frustra

213 5765 483 5824 additum,
510 5766 670 5831 ipsius
697 5767 855 5820 etiam
889 5781 1081 5819 sensus
1108 5764 1306 5818 damno

284 5835 311 5872 δ
342 5834 542 5899 Laud.,
559 5852 628 5891 ex
654 5837 904 5890 desiderio
926 5837 1154 5903 spiritus.

289 5915 308 5942 ε’
342 5905 440 5961 Sic
490 5909 814 5962 restituitnus
867 5910 928 5958 ad
966 5909 1090 5961 Mss.
1139 5905 1371 5962 omnium
1425 5904 1613 5966 tidem,
1666 5918 1784 5957 cum

1898 4777 2036 4850 quod
2062 4776 2322 4846 indulgeri
2354 4775 2700 4845 perhibetur;
2746 4773 2840 4827 sed
2882 4785 2998 4839 qua:
3031 4778 3173 4823 tanto
3200 4769 3356 4826 citius
3390 4785 3472 4825 rc-

1897 4871 2126 4934 laxetnr,
2177 4875 2378 4938 quanto
2415 4882 2518 4922 non
2558 4881 2653 4936 per
2680 4865 2816 4920 hanc
2843 4861 3088 4917 illicitum
3122 4863 3244 4931 quid
3277 4864 3470 4935 agitur,

1897 4965 1992 5020 sed
2017 4964 2122 5018 hoc
2143 4961 2283 5032 quod
2316 4971 2395 5014 est
2426 4960 2650 5023 licitum,
2677 4955 2777 5012 sub
2803 4954 3166 5012 moderamine
3193 4970 3299 5016 non
3333 4965 3472 5009 tene-

1903 5071 2008 5115 tur.
2041 5057 2193 5126 Quod
2226 5058 2364 5111 bene
2406 5053 2543 5108 Loth
2576 5053 2625 5104 in
2653 5047 2945 5116 semetipso
2974 5048 3246 5116 exprimit,
3275 5047 3362 5116 qui
3389 5062 3472 5100 ar-

1897 5152 2112 5207 dentem
2161 5147 2450 5204 Sodomam
2502 5141 2674 5210 fugit;
2727 5141 2822 5195 sed
2867 5148 3044 5196 tamen
3109 5139 3274 5208 Segor
3329 5141 3471 5192 inve-

1899 5245 2073 5308 niens,
2122 5251 2453 5309 nequaquam
2500 5248 2624 5294 mox
2655 5241 2906 5290 montana
2955 5234 3267 5288 conscendit
3325 5230 3472 5302 ,th.

1895 5350 2007 5397 xix,
2040 5331 2152 5400 50).
2208 5328 2499 5383 Ardentem
2553 5325 2748 5395 quippe
2803 5313 3094 5379 Sodomami
3142 5323 3352 5392 fugere,
3395 5331 3472 5375 est

1901 5425 2087 5480 illicita
2113 5421 2288 5476 carnis
2322 5417 2566 5472 incendia
2587 5418 2881 5473 declinare.
2911 5416 3148 5471 Altitudo
3177 5429 3299 5468 vero
3325 5427 3472 5466 mon~

1901 5518 2056 5583 tium,
2087 5523 2170 5571 est
2215 5510 2468 5567 munditia
2502 5510 2911 5567 continentium.
2946 5508 3037 5564 Vel
3066 5520 3209 5563 certe
3236 5505 3382 5577 quasi
3416 5505 3470 5560 in

1895 5684 2041 5754 prius
2069 5683 2126 5738 in
2156 5679 2322 5754 Edilis
2349 5679 2636 5754 legeretur,
2666 5678 2790 5754 quia
2809 5674 2897 5728 ille
2925 5672 3089 5742 nobis.

1967 5755 1993 5791 ἀ
2023 5755 2184 5809 Carn.
2215 5748 2434 5822 primus,
2453 5748 2785 5822 meditando.

1967 5826 1987 5848 ⁸
2010 5824 2085 5880 Ita
2116 5811 2296 5886 Tre'cq
2325 5811 2514 5884 Laud,
2546 5817 2752 5872 Geuiet.
2785 5823 2840 5870 et
2863 5813 2970 5870 abi.
3006 5814 3058 5867 In
3094 5811 3332 5879 Excnsis,
3357 5813 3468 5866 cre-

1897 5900 1996 5954 bris
2026 5894 2479 5956 exhortationibus,
2516 5897 2837 5958 repugnante
2868 5902 3046 5941 sensu.
