4036 6346
532 377 632 435 103

1742 374 1987 431 SANCTI
2028 373 2356 430 GREGORII
2396 376 2607 432 MAGNI

3711 377 3821 431 I01»

530 502 712 547 monte
755 498 878 546 sunt
913 490 1002 561 qui
1032 489 1193 545 etiam
1226 489 1426 544 carnali
1458 490 1663 559 copula:
1696 488 1977 551 inlucrent,
2011 490 2103 545 sed
2135 494 2186 553 Α
2212 492 2495 561 persuasit,
2526 504 2592 544 ne
2622 489 2979 545 sollicitudine
3028 498 3241 544 terrena
3289 487 3601 558 ligarentnr.
3643 490 3818 553 Quem

530 596 707 642 tamen
754 595 903 640 extra
956 583 1311 655 suscipienda:
1354 585 1516 651 prolis
1562 582 1932 637 atlmistiooem
1962 583 2114 637 debi-

529 688 671 742 tam,
725 678 867 729 nulla
919 676 1094 730 carnis
1143 676 1416 745 voluptate
1460 675 1755 728 solvuntur.
1792 682 1815 710 ⁸
1848 674 1904 728 In
1938 683 2117 727 monte

527 772 725 840 quippe
767 777 911 822 stare
952 778 1070 833 est,
1120 766 1220 821 nisi
1273 766 1501 821 fructum
1548 764 1925 835 propaginisin
1955 779 2117 819 carne

529 877 634 915 non
675 875 938 931 quaerere.
972 859 1027 914 In
1059 868 1242 914 monte
1283 867 1448 921 stare,
1500 867 1581 911 est
1627 858 1774 911 carni
1829 855 2117 909 carnaliter

531 968 637 1007 non
678 953 976 1007 adhaerere.
1023 951 1126 1006 Sed
1156 952 1276 1020 quia
1309 950 1458 1004 multi
1491 950 1725 1019 suntqui
1764 949 1965 1003 scelera
2000 948 2116 1017 qui-

532 1047 656 1100 dem
702 1045 882 1101 carnis
928 1045 1204 1109 deserunt,
1235 1059 1331 1098 nec
1376 1054 1550 1097 tamen
1584 1044 1635 1097 in
1670 1042 1917 1110 coniugio
1959 1041 2117 1111 positi

535 1152 665 1193 usus
707 1137 1044 1193 solummodo
1088 1136 1254 1191 debiti
1280 1137 1397 1204 jura
1430 1144 1771 1199 conservant,
1819 1135 1954 1187 exiit
2001 1135 2117 1202 qui-

531 1231 653 1287 dem
688 1232 818 1286 Loth
852 1232 1157 1296 Sodoniam,
1214 1230 1307 1285 sed
1356 1239 1531 1286 tamen
1582 1244 1701 1283 mox
1751 1229 1815 1283 ad
1868 1237 2115 1283 montana

534 1340 639 1378 non
686 1324 942 1394 pervenit,
988 1326 1109 1393 quia
1138 1325 1249 1395 jam
1283 1324 1600 1378 damnabilis
1624 1325 1727 1375 vita
1762 1321 2111 1389 relinquitur,

529 1417 621 1473 sed
636 1417 808 1470 adhuc
826 1415 1087 1470 celsitudo
1105 1416 1403 1485 eonjugalis
1425 1417 1775 1469 continentiae
1798 1412 1823 1451 ι)
1848 1414 2115 1469 subtiliter

533 1525 637 1563 non
679 1518 906 1563 tenetur.
965 1509 1059 1563 Est
1098 1523 1225 1561 vero
1270 1508 1323 1562 in
1368 1507 1543 1561 medio
1572 1506 1739 1579 Segor
1766 1507 1967 1570 civitas,
2000 1523 2117 1575 qua:

531 1599 826 1669 fugientem
877 1599 1051 1653 salvct
1098 1600 1387 1663 inlirmum,
1441 1599 1561 1667 quia
1595 1598 1841 1652 videlicet
1869 1613 1989 1652 cum
2017 1598 2118 1652 sibi

539 1707 634 1764 per
681 1689 1121 1747 incontinentiam
1177 1689 1470 1745 miscentur
1520 1689 1797 1761 conjuges,
1848 1699 1900 1743 et
1942 1690 2119 1757 lapsus

529 1786 793 1840 scelerum
844 1784 1068 1854 fugiunt,
1120 1794 1172 1837 et
1229 1793 1404 1838 tamen
1436 1782 1588 1836 venia
1620 1783 1914 1836 salvantur.
1955 1780 2119 1847 Quasi

2225 580 2388 651 igitur
2416 581 2657 637 caelibem
2707 596 2954 636 curarum
2985 582 3322 637 sazcularium
3371 581 3824 641 impedimentum

2223 675 2518 744 praepedit,
2554 686 2602 730 et
2636 676 2888 746 conjugio
2918 692 2974 731 se
3003 691 3335 745 nequaquam
3368 676 3625 738 subdidit,
3652 686 3707 730 et
3739 687 3825 731 ta-

2220 781 2341 821 men
2374 767 2602 837 conjugii
2635 784 2798 824 onera
2826 785 2932 824 non
2962 772 3150 825 evasit.
3188 768 3524 824 Admonendi
3559 778 3689 822 sunt
3711 786 3828 825 cae-

2221 861 2379 927 libes,
2414 879 2482 918 ne
2504 866 2621 920 sine
2648 864 3012 920 damnationis
3038 865 3240 935 judicio
3273 863 3484 919 misceri
3516 879 3575 918 se
3602 862 3828 920 feminis

2223 954 2529 1009 vacantibus
2580 964 2785 1025 putent.
2815 956 2947 1010 Cum
2999 958 3142 1011 enim
3206 957 3401 1011 Paulus
3448 956 3829 1013 fornicationis

2223 1048 2409 1103 vitium
2446 1057 2523 1103 tot
2550 1049 2864 1104 criminibus
2907 1050 3251 1105 exsecrandis
3283 1050 3541 1114 inseruit,
3572 1051 3723 1119 cujus
3750 1052 3831 1105 sit

2222 1151 2403 1195 reatus
2451 1141 2746 1207 indicavit,
2771 1142 2995 1196 dicens:
3026 1142 3203 1211 Neque
3250 1144 3586 1209 fornicatores
3612 1186 3625 1205 .
3660 1161 3832 1214 neque

2220 1232 2373 1286 idolis
2423 1234 2711 1299 servientes,
2744 1251 2906 1305 neque
2953 1236 3197 1298 adulteri,
3236 1253 3392 1304 neque
3425 1236 3627 1301 molles,
3657 1253 3826 1307 neque

2223 1329 2575 1383 masculorum
2597 1330 2966 1393 concubitores,
3003 1347 3165 1399 neque
3189 1333 3345 1401 [ιιι-(υς,
3367 1349 3523 1399 neque
3543 1332 3703 1395 arari,
3733 1348 3833 1384 ne-

2220 1440 2317 1492 que
2344 1423 2545 1485 ebriosi,
2580 1439 2737 1491 neque
2768 1424 3026 1489 maledici,
3060 1441 3218 1494 neque
3250 1442 3461 1490 rapaces
3486 1439 3697 1494 regnum
3723 1422 3830 1478 Dei

2223 1515 2547 1583 possidebunt
2581 1514 2634 1584 (,I
2660 1515 2780 1569 Cor.
2806 1531 2876 1580 vi,
2908 1516 2961 1580 9,
2998 1517 3107 1583 10).
3143 1516 3204 1568 Et
3239 1530 3447 1567 rursum
3478 1534 3490 1567 :
3518 1514 3830 1569 Fornicato-

2221 1625 2300 1661 res
2326 1620 2499 1661 autem
2538 1618 2585 1661 et
2615 1610 2872 1663 adulteros
2915 1610 3172 1679 judicabit
3205 1609 3339 1662 Deus
3370 1609 3556 1679 (IIebr.
3589 1627 3702 1673 xm,
3733 1610 3823 1680 1s).

2226 1700 2567 1756 Admonendi
2614 1703 2793 1769 itaque
2823 1713 2966 1763 sunt,
3001 1701 3128 1755 utsi
3163 1702 3516 1755 tentationum
3556 1704 3828 1771 procellas

2225 1807 2345 1846 cum
2373 1793 2689 1847 difﬁcultate
2716 1795 2903 1847 salutis
2938 1797 3185 1853 tolerant.
3219 1793 3450 1862 conjugii
3482 1806 3689 1860 portum
3721 1812 3827 1864 pe-

530 1894 749 1950 parvam
785 1878 979 1947 quippe
1006 1877 1275 1931 civitatem
1303 1876 1577 1930 inveniunt
1607 1876 1657 1929 in
1687 1889 1789 1946 qua
1816 1875 1883 1928 ab
1911 1874 2119 1943 ignibus

2231 1894 2361 1940 tant.
2393 1887 2661 1955 Scriptum
2686 1904 2917 1955 namque
2948 1897 3029 1942 est
3054 1905 3067 1941 :
3094 1887 3280 1941 Melius
3310 1899 3381 1941 est
3424 1888 3629 1955 nubere,
3658 1906 3826 1958 quam

531 1972 905 2037 defendamur,
941 1970 1064 2039 quia
1098 1967 1395 2039 conjugalis
1441 1968 1553 2022 haec
1599 1969 1705 2022 vita
1752 1984 1854 2023 non
1905 1967 2121 2037 quidem

532 2063 587 2118 in
612 2063 895 2116 virtutibus
923 2062 1057 2115 inira
1081 2071 1184 2124 est.
1212 2061 1303 2115 sed
1330 2072 1503 2115 tamen
1540 2075 1568 2114 a
1606 2061 1881 2129 suppliciis
1910 2074 2119 2116 secura.

536 2156 689 2211 Unde
737 2156 876 2210 idem
914 2154 1049 2208 Loth
1082 2154 1148 2207 ad
1182 2154 1427 2225 angelum
1468 2154 1634 2207 dicit:
1668 2152 1757 2205 Est
1811 2154 1986 2205 civitas
2040 2153 2121 2205 hic

529 2252 696 2319 iuxta,
726 2248 792 2300 nd
819 2264 970 2317 quam
1002 2264 1209 2317 possunt
1241 2251 1439 2317 fugere,
1474 2261 1665 2314 parva;
1710 2254 1757 2297 et
1800 2245 2033 2297 salrabor
2067 2245 2120 2298 in

528 2359 609 2397 ea.
653 2340 906 2410 Nunquid
937 2357 1038 2394 non
1084 2340 1285 2393 modica
1330 2349 1426 2401 est,
1479 2349 1526 2393 et
1566 2341 1695 2393 vivet
1733 2339 1904 2392 anima
1929 2355 2041 2393 mea
2067 2340 2121 2392 in

529 2450 591 2488 ea
623 2433 826 2506 (Cenes.
860 2449 970 2498 six,
1001 2431 1133 2501 20)?
1177 2432 1333 2486 Juxta
1364 2448 1491 2502 ergo
1514 2431 1728 2496 dicitur,
1760 2443 1813 2486 et
1844 2443 2021 2486 tamen
2052 2432 2118 2484 ad

538 2529 761 2583 salutem
792 2538 898 2581 tuta
934 2527 1265 2596 perhibetur,
1300 2527 1424 2595 quia
1454 2524 1751 2594 coniugalis
1796 2527 1901 2578 vita
1952 2541 2052 2580 nec
2086 2541 2113 2577 a

542 2624 743 2677 mundo
785 2623 941 2692 longe
976 2622 1145 2676 divisa
1176 2632 1278 2687 est,
1310 2637 1412 2679 nec
1441 2632 1615 2677 tamen
1640 2636 1668 2675 a
1694 2622 1887 2689 gaudio
1931 2621 2118 2675 salutis

538 2717 733 2771 aliena.
766 2717 869 2773 Sed
899 2726 1021 2770 tunc
1054 2715 1104 2769 iu
1135 2716 1233 2769 hac
1278 2716 1495 2770 actione
1539 2715 1700 2768 vitam
1738 2729 1889 2768 suam
1931 2713 2117 2782 conju-

528 2822 626 2880 ges
655 2808 807 2878 quasi
852 2808 904 2862 in
954 2823 1114 2875 parva
1162 2807 1379 2860 civitate
1422 2806 1747 2871 custodiunt,
1778 2804 1992 2875 quando
2023 2820 2118 2874 pro

533 2915 595 2956 se
640 2902 873 2954 assiduis
921 2899 1394 2969 deprecationibus
1442 2898 1802 2953 intercedunt.
1860 2896 2011 2952 Unde
2065 2908 2119 2952 et

529 3004 678 3050 recte
733 3009 826 3065 per
881 2994 1125 3061 angelum
1165 2994 1273 3063 ει
1306 2992 1382 3061 ςωι
1414 2991 1659 3046 eumdem
1704 2989 1838 3044 Loth
1884 2989 2110 3045 dicitur:

530 3085 664 3141 Ecce
690 3088 841 3141 etiam
867 3087 921 3139 in
942 3086 1034 3139 ltoc
1056 3086 1254 3154 suscepi
1277 3099 1447 3155 preces
1470 3091 1602 3148 tuas,
1626 3090 1682 3135 ut
1703 3097 1803 3135 non
1831 3083 2114 3136 subvertant

528 3180 706 3235 urbem
764 3196 857 3251 pro
898 3194 998 3247 qua
1039 3179 1238 3230 locutus
1284 3192 1333 3228 es
1384 3174 1545 3245 (Ibid.
1588 3174 1701 3245 Ἦ).
1738 3175 1835 3241 Qui
1868 3174 2115 3229 videlicet

2227 1980 2307 2033 uri
2338 1977 2391 2043 (I
2423 1980 2540 2033 Cor.
2569 1996 2663 2044 vn,
2697 1978 2773 2045 9).
2825 1981 2953 2033 Sine
2981 1981 3135 2048 culpa
3178 1982 3384 2035 scilicet
3414 1981 3478 2033 ad
3507 1980 3825 2051 conjugiigm

2227 2071 2479 2134 veniunt,
2513 2071 2557 2124 si
2589 2082 2763 2126 tamen
2816 2071 3046 2125 necdum
3100 2072 3319 2124 meliora
3354 2082 3633 2125 voverunt.
3682 2074 3821 2127 Nam

2224 2166 2465 2235 quisquis
2495 2169 2690 2220 bonum
2727 2168 2897 2233 majus
2926 2166 3107 2221 subire
3139 2168 3452 2235 proposuit,
3489 2168 3682 2220 bonum
3716 2167 3824 2219 mi-

2224 2274 2325 2313 nus
2354 2259 2491 2329 quod
2525 2260 2693 2327 licuit,
2724 2260 2965 2314 illicitum
3000 2259 3144 2313 fecit.
3176 2260 3444 2329 Scriptum
3476 2260 3668 2327 quippe
3694 2267 3817 2313 cst:

2225 2354 2392 2409 Nemo
2436 2356 2637 2409 mittens
2679 2371 2887 2408 manum
2930 2371 3075 2408 suam
3102 2354 3128 2391 ἀ
3159 2354 3226 2406 αιι
3256 2364 3525 2417 aratrum,
3557 2363 3603 2406 et
3650 2354 3823 2419 respio

2222 2450 2359 2503 ciens
2381 2459 2539 2515 retro,
2569 2458 2719 2517 aptus
2740 2458 2813 2501 est
2836 2464 2989 2516 regno
3020 2447 3260 2501 caelorum
3287 2446 3439 2516 (Luc.
3470 2464 3545 2509 ts,
3574 2447 3682 2515 62).
3710 2447 3821 2513 Qui

2223 2540 2381 2607 igitur
2430 2541 2632 2595 fortiori
2687 2541 2867 2593 studio
2914 2539 3258 2603 intenderat,
3291 2549 3435 2593 retro
3480 2540 3822 2593 convincitur

2222 2634 2489 2702 respicere
2520 2675 2533 2695 ,
2562 2630 2603 2686 s'i
2657 2633 2856 2685 relictis
2903 2632 3254 2700 amplioribus
3306 2631 3459 2686 bonis
3492 2632 3555 2686 ad
3590 2633 3815 2688 minima

2223 2735 2586 2795 rctorquetur.

2606 2815 2836 2871 C.\PUT
2878 2816 3089 2870 XXVIII
3272 2814 3426 2887 LII].

2224 2931 2489 2997 Quomodo
2520 2934 2831 2985 admonendi
2858 2944 3062 3001 peccata
3105 2933 3275 2986 carnis
3316 2943 3533 2999 experti,
3558 2942 3606 2985 et
3632 2949 3812 2987 eorum

2890 3014 3119 3073 expertes
3130 3010 3145 3055 .'

2291 3097 2607 3166 (Admonitio
2640 3094 2762 3165 29.)
2803 3096 2971 3151 Aliter
3021 3097 3343 3153 admouendi
3389 3109 3514 3155 sunt
3557 3108 3809 3168 peccato-

2220 3205 2337 3243 rum
2369 3190 2545 3244 carnis
2589 3190 2816 3251 conscii,
2849 3201 3011 3258 atque
3042 3190 3200 3244 aliter
3232 3192 3423 3261 ignari.
3475 3191 3812 3246 Admonendi

527 3290 648 3331 cum
694 3274 1002 3343 deprecatio
1052 3271 1290 3325 ltitiditur
1322 3270 1431 3323 Deo
1463 3283 1796 3337 nequaquam
1831 3268 1952 3321 talis
1987 3283 2114 3321 eon-
2143 3283 2189 3344 ς
2222 3297 2452 3350 namque
2492 3291 2619 3337 sum
2648 3290 2861 3348 peccata
2894 3282 3072 3337 carnis
3098 3285 3329 3352 exponi.
3362 3295 3418 3338 ,η
3446 3300 3593 3339 mare
3622 3286 3811 3340 sane,“

528 3368 657 3438 jugii
704 3368 809 3421 vita
841 3366 1151 3420 damnatur.
1202 3363 1277 3418 De
1324 3376 1426 3432 qua
1490 3361 1870 3429 deprecatione
1920 3360 2114 3415 Paulus

529 3474 741 3529 quoque
781 3458 1061 3521 admonet,
1107 3456 1330 3510 dicens:
1365 3452 1541 3507 Nolite
1591 3453 1836 3523 fraudare
1882 3452 2112 3518 invicem,

530 3552 629 3605 nisi
659 3554 789 3620 forte
814 3565 876 3602 ex
904 3564 1157 3602 consensu
1197 3548 1263 3600 ad
1306 3556 1522 3616 tempus,
1577 3554 1630 3598 ut
1668 3546 1851 3599 vacetis
1900 3545 2116 3599 orationi

532 3642 583 3715 (Ι
610 3641 732 3698 Cor.
764 3657 857 3706 vlt,
886 3642 966 3711 5).

600 3751 670 3803 At
693 3756 880 3802 contra
918 3745 1240 3800 admonendi
1272 3752 1395 3799 sunt
1424 3745 1511 3813 qui
1544 3744 1692 3815 ligati
1722 3744 1982 3813 coniugiis
2012 3758 2115 3796 non

529 3853 674 3906 sunt,
698 3850 755 3894 ut
785 3840 1065 3909 prtcceptis
1086 3837 1395 3894 caelestibus
1414 3852 1480 3892 eo
1500 3837 1699 3892 rectius
1729 3837 1988 3903 serviant,
2009 3852 2119 3907 quo

531 3950 625 3990 eos
653 3934 718 3988 ad
750 3948 907 3989 curas
946 3932 1128 3987 mundi
1162 3946 1496 4001 nequaquam
1542 3932 1729 4004 jugum
1758 3932 1964 4001 copula:
2004 3948 2121 3986 car-

532 4030 665 4084 nalis
697 4029 944 4094 inclinat;
973 4036 1032 4081 ut
1052 4042 1186 4098 quos
1212 4042 1350 4081 onus
1380 4026 1587 4081 licitum
1612 4025 1843 4095 conjugii
1869 4042 1972 4080 non
1994 4042 2117 4095 gra-

532 4129 642 4185 vat,
664 4135 993 4191 nequaquam
1026 4119 1234 4188 pondus
1262 4118 1507 4173 illicitum
1541 4129 1773 4173 terrena:
1805 4118 2123 4172 sollicitudi-

534 4215 621 4269 nis
664 4222 897 4283 premat;
929 4213 1022 4267 sed
1068 4221 1216 4266 tanto
1263 4226 1357 4267 eos
1401 4211 1706 4282 paratiores
1733 4211 1849 4265 dies
1880 4211 2118 4279 ultimus,

532 4314 735 4377 quanto
786 4315 838 4360 ct
889 4304 1247 4375 expeditiores
1293 4305 1566 4370 inveniat;
1627 4320 1691 4359 ne
1744 4322 1849 4373 quo
1900 4305 2121 4359 meliora

534 4413 696 4463 agere
747 4407 996 4452 vacantes
1044 4406 1285 4467 possunt,
1336 4398 1431 4452 sed
1485 4407 1664 4451 tamen
1715 4398 2026 4468 negliguut,
2060 4414 2124 4452 eo

535 4491 795 4561 supplicia
820 4490 1087 4546 deteriora
1116 4500 1443 4546 mereantur.
1470 4491 1705 4545 Andiant
1731 4492 1872 4561 quod
1902 4493 2126 4561 Aposto-

536 4585 621 4641 lus
661 4600 781 4641 cum
820 4584 1081 4654 quosdam
1116 4583 1181 4636 ad
1222 4584 1502 4638 caelibatus
1539 4585 1764 4653 gratiam
1814 4585 2123 4650 instrueret,

2221 3378 2337 3444 post
2368 3376 2698 3437 naufragium
2731 3383 3010 3441 metuant,
3044 3385 3097 3431 et
3127 3377 3442 3444 perditionis
3475 3392 3586 3431 sua:
3617 3377 3814 3430 discri-

2218 3467 2359 3522 mina
2394 3469 2475 3522 vel
2503 3470 2712 3539 cognita
2741 3470 3187 3537 perhorrescant;
3222 3486 3288 3524 ne
3317 3470 3407 3541 qui
3437 3470 3521 3541 pie
3548 3479 3666 3540 post
3692 3485 3815 3539 per-

2219 3569 2422 3629 petrata
2465 3562 2602 3614 mala
2649 3562 2850 3615 servati
2882 3570 3026 3626 sunt,
3060 3562 3180 3616 hrec
3230 3563 3473 3633 improbe
3524 3562 3816 3632 repetendo

2220 3655 2535 3709 moriantur.
2571 3653 2725 3709 Unde
2754 3657 2994 3724 peccanti
3025 3657 3220 3711 anima:
3250 3666 3304 3710 et
3330 3672 3595 3724 nunquam
3628 3672 3657 3709 a
3688 3671 3814 3725 pec-

2220 3757 2339 3803 cato
2363 3746 2628 3801 desinenti
2657 3746 2850 3801 dicitur
2878 3764 2893 3803 :
2916 3747 3083 3801 Frons
3111 3749 3337 3802 mulieris
3369 3749 3649 3802 meretricis
3676 3749 3815 3818 facta

2222 3850 2293 3894 est
2318 3840 2430 3905 tibi,
2462 3840 2671 3893 noluisti
2702 3842 2993 3895 erubescere
3018 3839 3230 3909 (Jerem.
3256 3857 3334 3908 ιιι,
3355 3841 3433 3911 5).
3467 3841 3808 3896 Admonendi

2224 3932 2405 4001 itaque
2452 3941 2577 3985 sunt
2618 3940 2675 3984 ut
2706 3932 2955 3996 studeant
2997 3942 3260 4003 quatenus
3288 3933 3333 3986 si
3361 3941 3581 4002 accepta
3614 3942 3818 3989 natura

2223 4025 2363 4080 bona
2394 4024 2599 4095 integra
2629 4039 2846 4079 servare
2878 4026 3188 4093 noluerunt,
3223 4026 3409 4081 saltent
3440 4027 3609 4081 scissa
3640 4042 3817 4081 resar-

2224 4119 2387 4173 ciant.
2418 4117 2619 4185 Quibus
2672 4117 2923 4171 nimirum
2974 4133 3196 4175 necesse
3237 4129 3319 4173 est
3370 4127 3430 4173 ut
3480 4118 3819 4188 perpendam

2222 4214 2332 4285 82
2376 4214 2427 4267 in
2460 4222 2566 4267 tam
2600 4227 2793 4283 magno
2836 4212 3069 4268 fidelium
3112 4228 3338 4268 numero
3383 4227 3542 4283 quam
3583 4212 3736 4266 multi
3765 4220 3821 4268 et

2226 4322 2284 4361 se
2316 4308 2545 4362 illibatos
2576 4307 2901 4373 custodiant,
2933 4318 2985 4363 et
3012 4308 3146 4363 alios
3170 4310 3237 4365 ab
3259 4324 3445 4363 errore
3471 4317 3815 4362 convertant.

2226 4399 2363 4465 Quid
2393 4414 2521 4469 ergo
2541 4399 2627 4454 isti
2656 4399 2851 4454 dicturi
2881 4410 3023 4463 sunt,
3045 4400 3089 4453 si
3110 4400 3227 4453 aliis
3250 4400 3300 4455 in
3328 4398 3629 4468 integritate
3661 4407 3809 4451 stan-

2230 4492 2392 4554 tibus,
2426 4490 2529 4559 ipsi
2564 4506 2661 4546 nec
2691 4499 2812 4560 post
2854 4491 3048 4545 damna
3081 4492 3422 4562 resipiscunt.
3457 4490 3594 4558 Quid
3623 4490 3820 4545 dicturi

2231 4593 2375 4650 sunt,
2409 4583 2452 4639 si
2481 4599 2601 4638 cum
2643 4583 2791 4638 multi
2836 4591 2891 4639 et
2924 4584 3056 4638 alios
3095 4598 3276 4639 secum
3322 4584 3570 4639 deferunt
3597 4583 3663 4637 ad
3695 4596 3819 4653 reg-

538 4692 646 4733 non
674 4677 979 4747 coniugium
1015 4676 1259 4746 sprevit,
1289 4676 1382 4729 sed
1425 4690 1585 4731 curas
1630 4666 1813 4731 mundi
1847 4686 2129 4731 nascentes
2160 4679 2210 4739 D
2236 4693 2381 4743 num,
2424 4676 2475 4729 hi
2506 4676 2845 4747 exspectanti
2894 4676 3121 4732 Domino
3168 4692 3267 4732 nec
3312 4676 3633 4746 semetipsos
3664 4677 3821 4728 redu~

541 4784 609 4824 ex
638 4770 886 4839 eonjugio
922 4769 1152 4839 repulit,
1186 4769 1374 4824 dicens
1408 4788 1418 4823 :
1448 4769 1564 4825 IIoc
1612 4772 1680 4824 ad
1730 4772 2000 4825 utilitatem
2044 4788 2128 4824 ve-

542 4871 702 4915 stram
730 4862 866 4926 dico,
899 4878 999 4915 non
1030 4871 1085 4913 ut
1112 4861 1351 4930 laqueum
1390 4863 1527 4915 vobis
1573 4863 1835 4931 injiciam;
1864 4863 1953 4917 sed
1987 4865 2056 4915 ad
2078 4862 2132 4915 id

546 4952 685 5021 quod
728 4953 995 5007 honestum
1039 4963 1147 5019 est,
1178 4964 1224 5008 et
1253 4958 1389 5026 quod
1421 4956 1711 5025 facultatem
1758 4958 1979 5023 prtebeat
2024 4954 2134 5008 sine

547 5046 911 5113 impedimento
944 5056 964 5084 ο
1014 5045 1232 5101 Domino
1282 5048 1593 5102 observiendi
1626 5049 1645 5119 (
1672 5046 1835 5114 Ibid.,
1868 5047 1937 5100 55
2056 5048 2129 5101 Ex

550 5140 811 5207 coniugiis
841 5138 1035 5207 quippe
1076 5148 1300 5195 terrena:
1330 5142 1717 5195 sollicitudines
1759 5140 2051 5209 prodeunt;
2082 5148 2136 5195 et

552 5232 753 5288 idcirco
785 5233 1037 5305 magister
1063 5236 1300 5304 gentium
1348 5236 1622 5293 auditores
1651 5251 1781 5292 suos
1815 5236 1880 5291 ad
1913 5237 2137 5292 meliora

628 5408 652 5435 ιι
690 5396 786 5454 Hic
812 5400 1023 5455 laborat
1052 5418 1239 5457 sensus
1269 5402 1321 5454 in
1358 5400 1528 5454 Editis
1547 5400 1633 5455 tibi
1658 5400 1875 5470 legitur,
1898 5399 1951 5452 in
1973 5408 2143 5453 monte

555 5472 740 5543 quippe
772 5483 906 5525 stare
933 5475 1057 5541 quid
1087 5485 1182 5536 est,
1209 5474 1306 5525 nisi
1345 5472 1564 5538 fructum
1591 5473 1891 5545 prapnginis
1914 5473 1965 5523 in
1991 5487 2141 5545 carne

556 5542 653 5595 non
714 5546 980 5610 qitmrere?
1029 5545 1179 5610 Quod
1236 5551 1435 5611 pugn-it
1476 5554 1660 5596 contra
1715 5542 1993 5613 supeniora
2030 5561 2043 5595 :
2074 5542 2139 5596 In

552 5622 727 5667 monte
747 5625 861 5667 sunt
891 5618 975 5685 qui
995 5619 1147 5669 etiam
1182 5615 1379 5667 carnali
1409 5616 1610 5683 capulo:
1639 5614 1911 5674 inluviem,
1947 5614 2035 5667 sed
2062 5625 2139 5667 ta-

554 5701 669 5737 men
713 5694 856 5738 extra
901 5688 1237 5752 suscipienda:
1274 5686 1434 5756 prolis
1484 5687 1837 5737 admistionem
1891 5686 2132 5748 debitam,

559 5758 705 5811 nulla
748 5758 917 5810 carnis
955 5760 1212 5822 rolupta'c
1260 5757 1549 5810 solvuntur.
1585 5757 1958 5825 Expressimns
1995 5774 2133 5820 pra--

557 5832 741 5881 Fl'lltlll
800 5830 920 5882 .llss.
973 5830 1154 5889 Trec..
1202 5828 1311 5889 ubi,
1356 5828 1453 5881 nisi
1502 5830 1721 5895 fructum
1761 5844 1862 5880 non
1909 5844 2135 5898 (μιαν-ενα

558 5899 699 5954 idem
730 5910 810 5954 c-t
836 5915 916 5963 ac,
953 5901 1151 5955 nonnisi
1179 5902 1397 5966 fructum
1429 5902 1720 5972 propaginis
1747 5902 1797 5953 in
1822 5916 1971 5953 carne
1999 5916 2111 5967 quo:

2238 4773 2399 4830 cunt?
2430 4771 2725 4827 Amonendi
2762 4780 2906 4841 sunt,
2938 4782 2993 4826 ut
3025 4773 3293 4843 pra-terita
3324 4772 3610 4826 commissa
3640 4770 3825 4823 consi-

2242 4865 2435 4918 derent
2463 4904 2477 4929 ,
2512 4872 2565 4915 et
2614 4862 2943 4919 imminentia
2985 4864 3241 4918 devitem.
3296 4863 3447 4918 Unde
3485 4861 3585 4916 sub
3626 4860 3827 4915 Iudaeae

2241 4957 2421 5027 specie
2477 4970 2570 5023 per
2629 4955 2941 5024 prophetam
3000 4956 3254 5011 Dominus
3304 4955 3571 5024 corruptis
3618 4954 3670 5007 in
3721 4952 3827 5006 hoc

2244 5048 2444 5104 mundo
2476 5050 2743 5103 mentibus
2772 5058 3065 5105 transaclas
3088 5050 3150 5102 ad
3179 5049 3490 5103 memoriam
3521 5046 3708 5114 culpas
3738 5061 3825 5101 re-

2245 5152 2423 5208 vocat,
2446 5152 2707 5212 quatenns
2736 5141 2898 5211 pollui
2922 5143 2982 5205 in
3016 5142 3204 5196 futuris
3234 5142 3574 5207 erubescant,
3606 5140 3827 5194 dicens:

2255 5233 2545 5289 Fornicata:
2568 5243 2683 5287 sunt
2716 5235 2770 5287 in
2794 5234 3043 5305 zEgypto,
3079 5237 3131 5287 in
3156 5235 3500 5289 adolescentia
3539 5250 3632 5289 sua
3658 5233 3831 5304 forni-

2245 5413 2375 5452 rere.

2313 5467 2337 5505 ι’
2376 5465 2543 5521 Laud.
2574 5466 2800 5535 primus,
2847 5466 2970 5520 and.
3017 5477 3069 5522 et
3120 5467 3379 5523 nonnulli.
3429 5466 3735 5522 sublimiter.
3776 5467 3836 5524 In

2243 5540 2399 5594 Trec.
2436 5546 2489 5591 et
2518 5540 2749 5599 caeteris,
2781 5540 3051 5592 subtiliter.

2313 5622 2333 5650 ο
2361 5610 2539 5671 Trec.,
2593 5610 2785 5676 Land.,
2826 5609 2938 5663 Val.
2970 5612 3051 5664 Cl.
3080 5620 3130 5665 et
3176 5619 3282 5663 tres
3330 5608 3561 5675 Gemet.,
3598 5612 3833 5667 Domino

2237 5682 2559 5735 observandi.
2611 5680 2797 5745 Corh.,
2833 5680 3107 5735 Dominum
3149 5682 3482 5747 observandi;
3513 5697 3565 5737 ct
3595 5685 3842 5739 secunda

2234 5769 2417 5819 manu,
2454 5751 2606 5805 Dom.
2641 5754 2961 5804 obsecrandi.

2305 5823 2331 5861 ά
2366 5824 2553 5888 Laud.,
2583 5822 2851 5877 Theudor.
2883 5837 2931 5878 et
2972 5824 3083 5880 Val.
3117 5824 3224 5892 CL,
3254 5842 3406 5898 super
3428 5832 3684 5882 aratrum.
