4036 6346
260 364 354 416 105

1071 368 1371 426 REGULiE
1414 371 1837 430 PASTORALIS
1876 372 2102 430 LIBER.
2143 404 2212 418 -—
2250 376 2427 434 PARS
2467 379 2733 437 TERTIA.

3402 394 3504 452 106

255 482 375 527 cette
418 482 567 537 sunt;
598 475 670 527 ibi
716 476 926 530 subacta
962 488 1081 532 sunt
1122 479 1279 534 ubera
1324 497 1517 547 earum,
1549 493 1597 537 et
1646 484 1826 552 [ractw
1854 487 1907 545 Α
1931 487 2054 553 quia
2082 501 2186 555 quo
2217 489 2383 559 magis
2425 490 2541 545 loco
2586 491 2906 561 prominenti
2949 496 3266 563 consistunt,
3293 516 3356 557 eo
3386 519 3505 559 cre-

252 576 360 621 sunt
386 583 623 623 mamma:
668 571 946 638 pubertatis
985 589 1157 626 earum
1207 573 1417 647 (Ezech.
1460 591 1618 640 χχιιι,
1651 574 1729 646 5).
1770 577 1824 630 lu

256 659 477 730 Egypto
515 661 712 730 quippe
764 666 927 719 ubera
976 664 1312 736 subiguntur,
1344 681 1468 721 eum
1501 667 1639 735 turpi
1674 667 1827 736 hujus

248 749 426 804 mundi
454 750 725 805 desiderio
756 753 996 809 humana:
1025 758 1221 811 ment-is
1248 758 1495 813 voluntas
1524 760 1824 814 substerni-

249 847 347 895 tur.
404 843 463 897 ln
512 843 750 914 IEgypto
811 848 1100 915 pubertatis
1169 864 1415 904 mammae
1467 852 1822 922 franguntur,

246 936 453 1006 quando
482 939 759 993 naturales
786 955 974 994 sensus
993 940 1166 995 adhuc
1198 943 1248 996 in
1278 943 1579 1012 semetipsis
1611 944 1819 1015 integri,

243 1026 497 1097 pulsantis
527 1029 978 1100 concupiscentiae
1007 1035 1353 1102 corruptione
1380 1034 1657 1090 vitiantur.

310 1124 649 1179 Admonendi
692 1138 817 1181 sunt
850 1138 1064 1201 peccata
1115 1130 1293 1183 carnis
1340 1132 1575 1200 experti,
1607 1139 1665 1185 ut
1694 1129 1823 1202 vigi-

242 1214 366 1272 lanti
414 1234 544 1273 cura
594 1223 927 1290 ennspieiant
976 1232 1095 1290 post
1135 1224 1328 1279 delicta
1372 1225 1524 1281 nobis
1552 1226 1617 1280 ad
1650 1242 1708 1281 se
1737 1244 1822 1282 rc-

243 1308 527 1364 deuntibus
558 1311 698 1366 Deus
726 1326 920 1379 quanta
962 1314 1328 1371 benevolentia
1360 1318 1533 1372 sinum
1566 1333 1675 1373 suae
1705 1321 1820 1388 pie-

242 1404 361 1455 tatis
382 1404 668 1471 expandat,
693 1420 812 1459 cmn
841 1421 933 1474 per
960 1408 1269 1475 proiihetam
1286 1408 1429 1463 dicat
1453 1426 1465 1463 :
1495 1409 1556 1465 Si
1574 1410 1820 1465 dimiserit

243 1496 314 1548 rir
345 1513 553 1551 umorem
581 1515 748 1563 suam,
774 1509 816 1551 et
845 1500 935 1553 illa
956 1502 1191 1554 recedens
1222 1502 1425 1557 duxerit
1448 1504 1609 1561 virum
1636 1504 1817 1568 alium,

244 1592 476 1658 nunquid
499 1600 772 1646 revertetur
791 1595 859 1645 ad
885 1610 996 1647 eam
1016 1594 1186 1648 ultra?
1218 1594 1467 1660 Nunquid
1492 1612 1594 1650 non
1622 1598 1823 1666 polluta

241 1691 289 1734 et
316 1686 660 1736 contaminata
695 1685 790 1737 erit
818 1686 998 1739 mulier
1032 1685 1166 1740 illa?
1192 1686 1269 1740 Tu
1293 1696 1466 1740 autem.
1486 1688 1740 1756 fornicata
1768 1704 1819 1741 es

239 1790 357 1828 cum
400 1774 711 1829 amatoribus
754 1776 949 1837 multis,
975 1787 1142 1831 tamen
1182 1787 1422 1833 revertere
1457 1780 1526 1832 ad
1556 1796 1666 1841 me,
1695 1780 1818 1833 dicit

1930 573 2197 634 brioribus
2222 582 2428 651 sagittis
2458 583 2782 639 insidiatoris
2816 586 3159 656 impetttntur.
3213 592 3309 659 Qui
3354 604 3499 653 tanto

1928 668 2198 726 ardentius
2239 674 2375 729 solet
2420 676 2573 747 erigi,
2602 686 2800 746 quanto
2829 680 3100 737 robustius
3144 698 3203 738 se
3241 688 3503 757 conspicit

1930 759 2094 824 vinci;
2115 770 2364 833 tantoque
2384 766 2769 823 intolerabilius
2786 770 3101 842 dedignatur
3127 775 3283 842 vinci,
3300 789 3502 848 quanto

1927 860 2110 907 contra
2159 869 2217 909 se
2264 856 2409 912 videt
2456 873 2552 928 per
2595 861 2798 933 integra
2846 864 3068 922 infirmae
3111 870 3285 925 carnis
3323 884 3495 930 castra

1925 944 2168 1012 pugnari.
2226 947 2557 1005 Admonendi
2610 963 2732 1007 sunt
2786 964 2843 1009 ιιι
2893 957 3225 1016 incessanter
3282 967 3498 1033 praemia

1927 1033 2235 1103 suscipiant,
2267 1046 2322 1092 et
2352 1039 2581 1096 libenter
2610 1045 2958 1111 proculdubio
2991 1053 3338 1109 tentationum
3368 1072 3499 1125 quas

1924 1126 2152 1183 tolerant
2182 1129 2391 1186 labores
2419 1132 2720 1190 calcabont.
2750 1136 2807 1191 Si
2831 1139 2971 1193 enim
3001 1143 3306 1199 attendatur
3327 1145 3500 1201 felici-

1922 1225 2002 1273 tas
2031 1234 2150 1289 qua:
2187 1222 2307 1277 sine
2338 1224 2558 1279 transitu
2589 1226 2894 1297 attingitur,
2929 1229 3044 1287 leve
3072 1232 3133 1287 fit
3160 1235 3301 1304 quod
3332 1246 3504 1291 trans-

1922 1311 2098 1365 eundo
2115 1312 2645 1373 laborattir.Attdiant
2665 1320 2804 1386 quod
2830 1336 2922 1390 per
2942 1323 3255 1392 prophetam
3271 1327 3465 1383 dicitur
3486 1382 3499 1394 ,

1922 1402 2053 1457 Haec
2080 1406 2203 1459 dicit
2226 1405 2477 1464 Dominus
2502 1413 2745 1467 eunuchis
2768 1428 2787 1467 :
2816 1414 2915 1481 Qui
2935 1421 3267 1475 custodierint
3296 1422 3503 1478 sabbata

1920 1510 2052 1559 mea,
2086 1506 2134 1550 et
2160 1498 2398 1570 elegerint
2428 1518 2543 1568 qua:
2559 1503 2715 1574 volui,
2746 1516 2791 1560 et
2813 1508 2980 1578 {Ledus
3012 1528 3177 1567 meum
3207 1518 3502 1576 tenuerint:

1920 1588 2050 1641 dabo
2071 1590 2143 1642 eis
2171 1592 2224 1644 in
2244 1593 2395 1648 domo
2419 1611 2531 1649 mea
2559 1608 2605 1651 et
2626 1600 2679 1652 in
2707 1602 2867 1656 muris
2897 1605 3019 1659 meis
3046 1607 3214 1661 locum
3242 1620 3291 1663 et
3318 1626 3501 1665 nomen

1919 1680 2097 1734 melius
2123 1698 2156 1735 a
2181 1683 2304 1752 ﬁliis
2343 1696 2390 1739 et
2442 1688 2644 1755 ﬁliabus
2692 1688 2836 1761 (lsa.
2881 1709 2985 1761 Lvt,
3018 1697 3073 1763 4,
3108 1696 3201 1767 5).
3253 1700 3496 1758 Eunuchi

1918 1773 2113 1841 quippe
2136 1784 2280 1839 sunt,
2304 1779 2394 1845 qui
2421 1784 2739 1850 compressis
2765 1786 2992 1842 motibus
3021 1792 3219 1858 carnis,
3250 1792 3495 1850 allectum

240 1866 493 1921 Dominus
522 1867 738 1937 (larem.
763 1884 839 1930 tn.
868 1868 943 1940 l).
972 1871 1109 1925 Ecce
1137 1870 1203 1926 de
1233 1869 1530 1926 fornicante
1554 1882 1607 1926 et
1635 1872 1819 1927 relicta
1850 1858 1899 1920 Β
1924 1864 1975 1918 in
2007 1880 2063 1920 se
2106 1869 2261 1936 PraVi
2310 1871 2486 1939 operis
2529 1870 2830 1932 abscidunt.
2872 1880 2989 1946 Quo
3030 1892 3207 1937 autem
3237 1887 3371 1954 apud
3404 1888 3501 1943 Pa-

239 1961 463 2015 mulitere
509 1971 880 2031 argumentum
926 1962 1159 2031 justitize
1192 1965 1528 2033 proponitur,
1562 1975 1615 2019 et
1645 1975 1819 2019 tamen

237 2053 392 2103 nobis
417 2061 537 2117 post
566 2053 768 2118 lapsum
794 2054 1134 2109 redeuntibus
1159 2070 1263 2109 non
1285 2056 1508 2124 justitia,
1534 2057 1625 2110 sed
1651 2057 1820 2125 pietas

237 2144 540 2197 exhibetur.
568 2144 633 2199 Ut
663 2146 784 2200 hinc
814 2145 996 2216 utique
1025 2146 1360 2216 colligamus,
1388 2148 1431 2202 si
1466 2148 1620 2202 nobis
1649 2147 1820 2203 delin-

237 2238 521 2303 quentibus
566 2245 709 2291 tanta
757 2240 954 2308 pietate
999 2240 1254 2307 parcitur,
1286 2256 1315 2293 a
1365 2241 1520 2294 nobis
1552 2255 1649 2297 nec
1701 2251 1822 2309 post

235 2328 489 2381 delictum
536 2330 878 2385 redeuntibus
906 2342 1099 2402 quanta
1150 2333 1493 2401 improbitate
1522 2344 1771 2402 peccatur
1803 2352 1817 2401 ;

234 2426 323 2470 aut
368 2432 488 2485 qua:
521 2418 589 2472 ab
625 2419 713 2472 illo
751 2421 849 2475 erit
888 2435 1049 2490 super
1085 2422 1358 2491 improbos
1386 2424 1562 2490 venia,
1593 2428 1681 2494 qui
1713 2440 1817 2481 non

234 2518 415 2560 cessat
464 2522 655 2562 vocare
687 2518 804 2577 post
847 2511 1074 2580 culpam.
1103 2513 1232 2580 Quae
1276 2515 1525 2569 nimirum
1556 2515 1694 2571 bene
1726 2533 1818 2585 per

232 2599 549 2666 prophetam
611 2610 735 2671 post
786 2602 1039 2659 delictum
1101 2607 1465 2662 misericordia
1524 2610 1817 2665 vocationis

231 2690 590 2757 exprimitur,
640 2706 759 2746 cum
810 2709 1002 2751 averso
1047 2698 1247 2754 homini
1294 2698 1614 2755 dicitur:Et
1669 2713 1816 2757 erunt

230 2778 373 2831 oculi
399 2781 469 2832 tui
493 2782 717 2838 videntes
747 2797 1103 2854 praceptorem
1133 2798 1273 2842 tuum
1296 2830 1310 2856 ,
1341 2801 1388 2845 et
1423 2808 1574 2847 aures
1600 2804 1701 2849 tute
1724 2812 1817 2850 au.

228 2870 378 2923 dient
423 2873 624 2926 verbum
665 2886 777 2944 post
824 2888 1016 2949 tergum
1060 2884 1309 2936 monentis
1340 2882 1493 2952 (Isai.
1528 2900 1631 2941 xxx
1657 2928 1672 2952 ,
1700 2889 1814 2959 20).

226 2962 539 3018 Humanum
572 2968 767 3037 quippe
796 2984 965 3038 genus
995 2971 1253 3029 Dominus
1287 2976 1338 3028 in
1370 2976 1555 3032 faciem
1584 2981 1813 3048 monuit,

226 3056 449 3124 quando
489 3058 541 3109 in
580 3060 821 3125 paradiso
852 3063 1066 3119 condito
1105 3064 1311 3122 homini
1351 3078 1508 3140 atque
1546 3071 1599 3125 in
1642 3072 1816 3131 libero

224 3149 465 3203 arbitrio
494 3153 675 3218 stanti,
708 3156 826 3223 quid
855 3156 1053 3224 facere,
1080 3161 1276 3230 quidve
1308 3179 1412 3218 non
1441 3165 1619 3222 facere
1647 3168 1810 3225 debe-

226 3248 327 3304 ret,
364 3240 578 3296 indixit.
609 3244 711 3299 Sed
734 3246 891 3302 homo
910 3249 961 3304 in
996 3250 1085 3305 Dei
1113 3251 1299 3309 faciem
1331 3265 1473 3326 terga
1495 3259 1661 3325 dedit,
1687 3276 1806 3316 cum

226 3331 553 3401 superbiens
590 3334 706 3405 ejus
729 3338 876 3409 jussa
907 3345 1249 3414 contempsit.
1285 3346 1390 3403 Nec
1421 3359 1596 3406 tamen
1627 3368 1815 3424 super-

227 3421 466 3478 bientem
497 3425 637 3481 Deus
660 3428 919 3499 deseruit,
944 3434 1031 3502 qui
1056 3434 1123 3488 ad
1148 3438 1506 3494 revocandum
1539 3421 1812 3501 hominem

230 3512 403 3582 legem
446 3515 610 3586 dedit,
648 3529 673 3557 ἰ
698 3524 1046 3581 exhortantes
1094 3528 1312 3599 angelos
1361 3532 1537 3591 misit.
1570 3536 1624 3589 in
1650 3549 1811 3592 carne

231 3615 431 3661 nostra:
460 3612 799 3668 mortalitatis
823 3615 937 3684 ipse
965 3619 1228 3688 apparuit.
1258 3620 1397 3692 Ergo
1441 3634 1559 3692 post
1607 3635 1810 3698 tergum

233 3705 384 3752 stans
409 3714 503 3755 nos
532 3703 825 3775 admonuit,
856 3710 943 3777 qui
976 3709 1042 3764 ad
1072 3715 1535 3782 recuperationem
1570 3732 1666 3774 nos
1691 3736 1812 3791 gra-

232 3789 317 3843 tlae
338 3790 499 3848 etiam
521 3807 857 3868 contemptus
882 3801 1117 3857 vocavit.
1133 3806 1283 3873 Quod
1308 3806 1469 3878 igitur
1488 3789 1811 3879 generaliter

226 3882 394 3936 simul
426 3888 591 3953 potuit
611 3887 716 3944 dici
744 3890 811 3947 de
837 3895 1038 3949 cunctis
1062 3934 1079 3961 ,
1110 3897 1208 3951 hoc
1235 3912 1456 3955 necesse
1486 3911 1568 3957 est
1598 3905 1808 3972 Specia-

226 3971 357 4029 liter
387 3979 570 4034 sentiri
599 3981 665 4037 de
691 3981 932 4054 singulis.
960 3986 1121 4052 Quasi
1148 3990 1290 4043 enim
1316 4004 1495 4045 coram
1527 3992 1636 4048 Deo
1669 3996 1808 4063 posi-

225 4074 309 4120 tus
363 4070 587 4139 quisque
641 4075 803 4129 verba
856 4078 1167 4133 monitionis
1211 4082 1326 4149 ejus
1387 4084 1645 4151 percipit,
1686 4100 1805 4140 cum

224 4157 535 4228 priusquam
584 4172 801 4232 peccata
848 4176 1138 4237 perpetret,
1170 4170 1459 4227 voluntatis
1508 4174 1625 4243 ejus
1656 4190 1808 4244 pra:-

222 4259 382 4318 cepta
408 4255 702 4320 cognoscit.
736 4254 922 4312 Adhuc
948 4259 1088 4312 enim
1116 4270 1241 4314 ante
1264 4260 1458 4317 faciem
1488 4262 1604 4333 ejus
1636 4274 1800 4333 stare,

221 4348 309 4392 cst
352 4340 580 4396 necdum
625 4359 743 4399 eum
790 4348 1061 4415 peccando
1102 4361 1465 4408 contemnere.
1496 4354 1627 4408 Cum
1675 4372 1807 4411 vero

219 4433 485 4490 derelicto
510 4436 649 4492 bono
679 4438 1018 4505 innocentiae,
1050 4443 1379 4513 iniquitatem
1410 4446 1614 4516 eligens
1637 4464 1804 4518 appe—

220 4526 303 4591 tit,
333 4527 447 4595 jam
491 4537 633 4599 terga
661 4530 713 4585 in
744 4534 864 4599 ejus
896 4532 1083 4589 faciem
1110 4535 1293 4592 mittit.
1341 4536 1448 4592 Sed
1474 4552 1602 4594 ecce
1628 4540 1803 4596 adhuc

1926 1964 2059 2011 trem
2085 1959 2203 2014 loco
2222 1961 2537 2027 habeantur,
2553 1967 2885 2036 ostenditur;
2918 1972 3038 2039 quia
3061 1973 3115 2027 in
3142 1975 3300 2030 domo
3328 1977 3499 2033 Patris

1923 2052 2174 2109 videlicet
2214 2064 2412 2111 aeterna
2445 2058 2719 2115 mansione
2768 2063 2926 2117 etiam
2970 2065 3090 2120 filiis
3122 2068 3496 2136 praeferuntur.

1921 2142 2155 2199 Audiam
2192 2148 2330 2217 quod
2361 2165 2453 2217 per
2477 2149 2734 2206 Joannem
2765 2154 2994 2209 dicitur:
3017 2155 3094 2209 Ili
3126 2167 3241 2211 sunt
3266 2162 3353 2229 qui
3384 2178 3497 2214 cum

1921 2235 2218 2290 mulieribus
2238 2254 2336 2291 non
2365 2250 2481 2293 sunt
2507 2243 2821 2312 coinquinati
2844 2259 2863 2297 :
2885 2247 3100 2317 virgines
3121 2250 3255 2302 enim
3283 2262 3420 2318 sunt,
3453 2261 3499 2305 et

1920 2338 2203 2395 sequuntur
2232 2332 2435 2400 Agnum
2481 2349 2781 2404 quocunque
2816 2337 2927 2389 ierit
2959 2338 3142 2410 (Apoc.
3178 2356 3285 2403 xw,
3317 2343 3397 2410 4).
3430 2344 3497 2397 Ει

1920 2419 2062 2486 quod
2110 2422 2373 2477 canticum
2418 2436 2651 2491 cantant,
2688 2428 2827 2495 quod
2870 2443 3028 2484 nemo
3075 2443 3251 2500 potest
3296 2434 3494 2502 dicere,

1920 2511 2024 2564 nisi
2053 2512 2142 2566 illa
2170 2523 2380 2569 centum
2405 2517 2748 2588 quadraginta
2783 2531 3010 2591 quatuor
3036 2526 3215 2579 millia.
3252 2527 3497 2599 Singula-

1919 2602 2051 2657 riter
2096 2606 2290 2677 quippe
2320 2610 2583 2663 canticum
2621 2614 2770 2680 Agno
2798 2623 3035 2679 cantare,
3070 2623 3154 2671 est
3196 2632 3316 2671 cum
3348 2634 3414 2673 eo
3442 2620 3496 2674 in

1920 2707 2234 2765 perpetuum
2279 2715 2387 2769 prae
2418 2701 2623 2755 cunctis
2654 2700 2902 2758 fidelibus
2945 2704 3104 2760 etiam
3149 2706 3217 2761 de
3253 2708 3494 2765 incorru-

1918 2786 2099 2857 ptione
2129 2789 2304 2845 carnis
2323 2791 2578 2861 gaudere.
2603 2792 2753 2859 Quod
2786 2804 2961 2851 tamen
2987 2797 3143 2853 electi
3159 2801 3339 2855 caeteri
3367 2816 3494 2855 can-

1918 2882 2080 2932 ticum
2121 2880 2306 2935 audire
2355 2893 2610 2952 possunt,
2640 2884 2759 2941 licet
2809 2888 2987 2943 dicere
3036 2901 3335 2960 nequeant,
3369 2897 3492 2964 quia

1917 2984 2016 3040 per
2056 2972 2370 3029 charitatem
2419 2977 2631 3045 quidem
2680 2979 2733 3033 in
2775 2979 2985 3036 illorum
3027 2986 3342 3042 celsitudine
3387 2987 3495 3046 laeti

1915 3072 2061 3131 sunt,
2091 3066 2332 3134 quamvis
2363 3067 2428 3121 ad
2460 3084 2644 3124 eorum
2668 3072 2883 3141 praemia
2910 3088 3017 3130 non
3048 3089 3347 3148 assurgant.
3380 3082 3493 3134 Au-

1920 3156 2067 3212 diant
2098 3169 2435 3227 peccatorum
2467 3164 2640 3218 carnis
2668 3166 2832 3234 ignari
2863 3168 3003 3238 quod
3033 3185 3126 3238 per
3151 3173 3490 3242 semetipsum

1842 3228 1890 3293 (ἶ
1917 3249 1985 3305 de
2017 3251 2115 3307 hac
2147 3254 2448 3323 integritate
2478 3228 2840 3313 Veritasvdicit
2871 3228 2895 3311 ε’
2916 3228 3045 3314 Non.
3076 3277 3249 3316 omnes
3286 3228 3493 3333 capiunt

1914 3342 2115 3396 verbum
2159 3343 2253 3397 hoc
2283 3344 2495 3414 (Matth.
2528 3361 2637 3412 χιι,
2665 3347 2774 3417 11).
2827 3351 2977 3417 Quod
3007 3366 3071 3406 eo
3096 3352 3325 3408 innotuit
3347 3371 3494 3410 sum-

1915 3447 2083 3498 mum,
2117 3449 2222 3503 quo
2257 3434 2538 3506 denegavit
2567 3438 2837 3508 omnium;
2869 3450 2923 3496 et
2951 3442 3075 3497 dum
3102 3444 3343 3515 prazdicit
3368 3448 3492 3519 quia

1914 3523 2128 3579 difficile
2178 3528 2419 3596 capitur,
2452 3529 2789 3586 audientibus
2833 3532 3007 3590 innuit
3036 3533 3064 3574 ι’
3108 3546 3321 3607 captum
3368 3554 3492 3596 cum

1913 3632 2016 3687 qua
2042 3620 2248 3674 cautela
2276 3628 2539 3677 teneatur.
2574 3611 2577 3614 ’

1986 3710 2320 3767 Admonendi
2350 3723 2475 3770 sunt
2506 3715 2683 3786 itaque
2707 3724 2928 3786 peccata
2955 3719 3133 3775 carnis
3165 3719 3491 3791 ignorantes,

1914 3814 1969 3860 ut
2016 3818 2070 3861 et
2115 3807 2463 3875 praeeminere
2512 3809 2870 3879 virginitatem
2918 3812 3167 3883 eonjugio
3196 3816 3405 3881 sciant,
3439 3827 3492 3873 et

1915 3908 2088 3954 tamen
2139 3916 2196 3954 se
2246 3916 2407 3970 super
2449 3903 2705 3973 conjuges
2760 3920 2864 3961 non
2914 3908 3196 3974 extollant,
3227 3917 3492 3979 quatenus

1909 3988 2035 4043 dum
2066 3999 2121 4044 et
2149 3991 2500 4061 virginitatem
2532 3994 2862 4063 praeferunt,
2896 4004 2951 4052 et
2976 4012 3034 4052 se
3064 4007 3415 4069 postponunt;
3439 4008 3491 4055 et

1912 4083 2039 4138 illud
2071 4099 2174 4138 non
2205 4085 2461 4140 deserant
2487 4086 2627 4156 quod
2660 4088 2850 4142 melius
2879 4103 2999 4144 esse
3029 4091 3320 4158 aestimant,
3351 4100 3405 4147 et
3430 4106 3490 4147 se

1910 4175 2212 4231 custodiant
2239 4188 2259 4215 ο
2285 4191 2392 4247 quo
2415 4192 2472 4233 se
2494 4179 2722 4234 inaniter
2746 4196 2850 4235 non
2870 4182 3123 4236 exaltant.
3147 4182 3487 4239 Admonendi

1907 4279 2033 4325 sunt
2058 4279 2116 4325 ut
2143 4270 2482 4327 considerent
2513 4272 2651 4342 quod
2685 4273 2997 4344 plerumque
3019 4277 3231 4331 actione
3258 4279 3480 4334 saacula-

1907 4367 2047 4420 rium
2070 4367 2179 4421 vita
2205 4366 2591 4422 continentium
2622 4367 2992 4437 confunditur,
3019 4386 3138 4425 eum
3170 4379 3222 4427 et
3244 4371 3323 4427 illi
3348 4374 3485 4429 ultra

1909 4456 2150 4513 habitum
2195 4469 2473 4514 assumunt
2499 4474 2683 4529 opera,
2714 4470 2769 4516 et
2796 4461 2882 4516 isti
2907 4461 3061 4532 juxta
3093 4463 3331 4519 ordinem
3361 4480 3486 4535 pro-

1910 4551 2084 4620 prium
2109 4567 2216 4606 non
2246 4553 2477 4608 excitant
2505 4554 2685 4608 corda.
2710 4552 2866 4609 Unde
2894 4555 3029 4611 bene
3048 4569 3146 4625 per
3173 4555 3483 4625 prophetam

216 4626 425 4689 etpost
473 4629 676 4692 tergum
709 4623 848 4678 Deus
897 4624 1228 4695 subsequens
1276 4638 1475 4696 monet,
1506 4631 1594 4699 qui
1639 4633 1829 4691 etiam.

1913 4642 2137 4698 dicitur:
2166 4642 2448 4713 Erubesce,
2484 4645 2678 4712 Sidon,
2710 4647 2782 4700 ait
2832 4662 2974 4700 mare
3014 4623 3186 4715 (lui.
3212 4623 3367 4712 sunt,
3398 4648 3481 4719 4).

218 4718 341 4777 post
371 4714 583 4777 culpam
610 4713 676 4768 ad
704 4730 761 4769 se
795 4715 967 4772 redire
995 4719 1296 4785 persuadet.
1346 4724 1610 4778 Aversum
1641 4739 1802 4779 revo-

215 4812 326 4869 cat,
355 4805 641 4860 eommissa
673 4822 779 4861 non
812 4809 1048 4877 respicit,
1072 4813 1359 4867 revertenti
1390 4815 1563 4870 sinum
1590 4818 1801 4885 pietatis

214 4896 495 4965 expandit.
555 4896 750 4954 Vocem
794 4915 919 4972 ergo
954 4911 1072 4971 post
1103 4913 1305 4974 tergum
1354 4909 1620 4964 monentis
1648 4910 1800 4965 audi-

214 5001 378 5050 mus,
412 4987 456 5040 si
506 4987 570 5041 ad
616 4988 925 5046 invitantem
977 5008 1071 5048 nos
1118 4995 1399 5052 Dominum
1448 4999 1635 5056 saltem
1683 5012 1802 5071 post

211 5089 434 5146 peccata
463 5081 796 5136 revertimur.
826 5084 1086 5141 Debemus
1114 5087 1272 5158 igitur
1299 5090 1548 5159 pietatem
1574 5096 1681 5166 83
1706 5112 1797 5151 vo-

206 5167 388 5223 cantis
430 5171 771 5238 erubescere,
802 5175 845 5229 si
885 5175 1145 5243 justitiam
1191 5180 1437 5238 nolumus
1466 5182 1796 5256 formidare;

208 5263 338 5332 quia
376 5272 523 5319 tanto
548 5266 777 5335 graviori
810 5267 1149 5337 improbitate
1190 5275 1569 5347 contemnitur,
1598 5291 1797 5350 quanto

203 5365 264 5410 et
292 5367 632 5427 contemptus
660 5360 835 5415 adhuc
862 5376 1055 5418 vocare
1086 5379 1189 5418 non
1214 5364 1550 5436 dedignatur.

279 5449 358 5504 At
385 5460 569 5504 contra
596 5451 916 5508 admonendi
945 5465 1070 5509 sunt
1096 5467 1310 5525 peccata
1340 5461 1515 5517 carnis
1547 5463 1791 5533 ignoran-

204 5548 312 5605 tes,
350 5547 411 5594 nt
440 5549 584 5596 tanto
611 5543 891 5599 sollicitius
921 5549 1248 5617 prtecipitem
1279 5551 1489 5606 ruinam
1537 5564 1795 5623 metuant,

202 5642 417 5701 quanto
441 5632 597 5687 altius
645 5644 807 5690 stant.
861 5638 1193 5694 Admonendi
1241 5653 1385 5711 sunt,
1417 5653 1475 5699 ιιι
1523 5647 1792 5718 noverint,

276 5784 302 5810 δ
339 5773 552 5829 Gemet.
584 5775 805 5843 primus,
836 5778 1153 5835 exhortatus.

272 5846 300 5881 υ
337 5844 523 5915 L‘ot‘b.,
547 5857 779 5914 emptum.

507 5938 775 6000 ΡΑτιιοι..
824 5940 1139 6004 LXXVII.

1906 4737 2069 4803 Quasi
2100 4737 2244 4793 enim
2289 4753 2384 4809 per
2416 4753 2597 4795 vocem
2627 4740 2790 4795 maris
2825 4739 2892 4794 ad
2920 4738 3290 4793 verecundiam
3321 4740 3481 4796 Sidon

1903 4831 2185 4887 adducitur
2207 4876 2222 4901 ,
2257 4833 2468 4901 quando
2499 4849 2593 4902 per
2630 4832 3077 4902 comparationem
3108 4833 3230 4886 vita:
3259 4834 3482 4887 smcula-

1902 4925 2040 4980 rium
2071 4934 2228 4996 atque
2250 4927 2303 4980 in
2328 4926 2429 4982 hoc
2456 4925 2652 4980 mundo
2680 4924 3069 4990 fluctuantium,
3097 4922 3214 4993 ejus
3241 4925 3331 4995 qui
3357 4942 3478 4981 mu-

1902 5017 2044 5072 nitus
2064 5028 2117 5072 et
2140 5018 2291 5088 quasi
2317 5018 2522 5073 stabilis
2563 5016 2819 5082 cernitur,
2840 5018 2945 5069 vita
2966 5019 3301 5084 reprobatur.
3326 5018 3481 5088 Stepe

1903 5108 2045 5163 enim
2076 5108 2320 5165 nonnulli
2347 5108 2414 5163 ad
2466 5108 2745 5161 Dominum
2782 5114 2901 5175 post
2944 5108 3121 5163 carnis
3152 5119 3366 5178 peccata
3393 5126 3481 5166 re-

1902 5201 2146 5264 deuntes,
2178 5208 2322 5253 tanto
2349 5214 2408 5253 se
2437 5195 2708 5251 ardentius
2752 5196 2806 5251 in
2853 5197 3009 5252 bonis
3048 5199 3295 5267 operibus
3327 5198 3481 5254 exhi-

1903 5290 2058 5357 bent,
2091 5298 2289 5360 quanto
2336 5287 2753 5343 damnabiliores
2794 5303 2852 5344 se
2879 5288 2946 5344 de
2974 5289 3130 5344 malis
3178 5289 3380 5345 vident.
3417 5290 3480 5343 Et

1900 5396 2045 5451 saepe
2073 5381 2286 5452 quidam
2320 5380 2373 5434 in
2404 5381 2580 5436 carnis
2626 5381 2930 5452 integritate
2959 5383 3326 5450 perdurantes,
3360 5397 3478 5435 cum

1902 5473 2077 5527 minus
2105 5486 2164 5525 se
2190 5471 2482 5540 respiciunt
2513 5473 2711 5528 habere
2740 5472 2883 5543 quod
2911 5473 3161 5535 deﬂeant,
3192 5473 3351 5543 plene
3380 5475 3479 5525 sibi

1902 5562 2149 5620 sufﬁcere
2179 5564 2301 5618 vita:
2328 5579 2439 5618 suae
2466 5564 2579 5635 84
2606 5564 2961 5619 innocentiam
2992 5571 3200 5634 putant,
3228 5574 3387 5634 atque
3410 5568 3476 5616 att

1900 5656 2163 5711 fervorem
2208 5653 2427 5723 spiritus
2458 5655 2617 5710 nullis
2645 5670 2704 5711 se
2743 5655 2953 5711 ardoris
2996 5655 3225 5710 stimulis
3268 5652 3479 5708 inflam-

1980 5802 1999 5830 ε
2030 5793 2243 5849 Carnot.
2279 5794 2500 5864 primus,
2531 5808 2657 5862 quos
2680 5792 2915 5848 inaniter.

2961 5949 2998 6009 [ι
