4036 6346
501 436 597 491 1οἹ

501 557 670 606 ruant.
712 547 780 603 Et
810 545 869 600 lit
896 542 1210 614 plerumque
1256 532 1367 590 Deo
1411 528 1611 601 gratior
1655 536 1839 581 amore
1881 518 2074 576 ardens

504 646 610 698 vita
643 648 762 711 post
788 638 1032 708 culpam,
1063 644 1221 703 quam
1254 622 1540 682 securitate
1567 629 1785 689 torpens
1823 615 2076 669 innocen-

502 736 594 791 tia.
627 708 778 789 Unde
805 740 859 787 et
883 742 1014 785 voce
1045 724 1241 798 iudicis
1269 719 1499 776 dicitur:
1527 713 1878 769 Remittuntur
1899 708 1945 763 ei
1968 720 2081 777 pec-

503 835 618 880 cata
666 821 849 891 multa,
890 819 1012 893 quia
1048 796 1229 871 dilexit
1274 815 1488 865 multant
1518 803 1671 880 (Luc.
1702 817 1798 872 vn,
1828 798 1941 869 47).
1976 796 2079 851 Et:

505 915 772 972 Gaudium
808 892 911 969 erit
932 912 988 967 in
1013 908 1139 965 caelo
1178 920 1329 978 super
1359 919 1461 957 uno
1501 906 1761 971 peccatore
1799 892 2082 969 pwnitente,

508 1008 669 1080 magis
707 1022 862 1078 quam
886 1019 1040 1074 super
1060 997 1339 1069 nonaginta
1361 1009 1539 1049 nouem
1559 988 1746 1061 justis,
1779 985 1957 1059 quibus
1987 995 2087 1035 non

513 1074 637 1171 3ptls
665 1074 739 1154 est
767 1095 1065 1168 paenitentia
1091 1090 1243 1165 (Luc.
1273 1103 1364 1153 xv,
1396 1085 1511 1155 ιο).
1533 1080 1684 1150 Quod
1711 1077 1869 1135 citius
1889 1090 1952 1130 ex
1975 1074 2090 1141 ipso

518 1209 621 1249 usu
662 1190 997 1261 colligimus,
1029 1188 1075 1242 si
1107 1191 1304 1240 nostra:
1340 1177 1533 1234 mentis
1556 1175 1751 1247 judicia
1784 1181 2087 1243 pensemus.

516 1286 644 1341 Plus
672 1297 903 1353 namque
934 1290 1129 1336 terram
1171 1272 1439 1345 diligimus
1464 1284 1580 1340 quae
1608 1271 1727 1337 post
1762 1263 1941 1353 Spinas
1970 1272 2096 1313 exa-

517 1386 631 1431 rata
653 1349 858 1431 fructus
884 1371 1078 1427 uberes
1104 1365 1373 1439 producit,
1398 1375 1553 1433 quam
1577 1370 1696 1428 quae
1723 1352 1895 1408 nullas
1916 1349 2097 1419 Spinas

519 1465 726 1532 habuit,
753 1462 847 1520 sed
888 1471 1065 1517 tamen
1107 1437 1330 1515 exculta
1377 1449 1613 1508 sterilem
1653 1449 1882 1514 segetem
1912 1437 2097 1509 gignit.

523 1555 859 1616 Admonendi
904 1562 1029 1610 sunt
1077 1560 1293 1625 peccata
1337 1545 1513 1601 carnis
1542 1541 1882 1612 ignorantes,
1916 1546 1981 1586 ne
2006 1544 2099 1583 su-

438 1674 449 1681 ’
521 1648 750 1722 perioris
771 1645 975 1703 ordinis
996 1640 1310 1701 celsitudine
1333 1652 1392 1693 se
1417 1632 1626 1690 ueteris
1650 1625 1953 1699 praeferant,
1978 1633 2099 1676 eum

519 1747 588 1804 ab
626 1742 970 1802 inferioribus
1008 1745 1201 1810 quanta
1233 1750 1291 1790 se
1320 1729 1511 1787 melius
1557 1730 1781 1797 agantur
1832 1722 2099 1788 ignorant.

523 2025 652 2096 ipsis
674 2000 855 2079 rerum
887 2014 1226 2088 imaginibus,
1254 2008 1459 2064 neseiat
1485 2000 1627 2073 quod
1660 2000 1711 2053 in
1745 2004 1932 2050 natura
1962 2006 2106 2061 gern-

525 2082 732 2175 marum
776 2082 1132 2166 carbunculus
1179 2098 1497 2173 praeferatur
1536 2084 1865 2163 hyacintho?
1897 2082 1999 2140 Sed
2032 2091 2110 2135 ta-

538 2223 651 2266 men
691 2202 905 2261 caerulei
950 2197 1147 2254 coloris
1198 2190 1519 2264 hyacinthus
1569 2182 1849 2254 pralertur
1894 2173 2110 2248 pallenti

528 2299 885 2359 carbunculo;
916 2293 1042 2366 quia
1072 2299 1127 2346 et
1152 2288 1231 2343 illi
1262 2284 1401 2356 quod
1432 2291 1635 2336 naturae
1664 2273 1795 2331 ordo
1826 2266 2111 2333 subtrahit,

527 2393 735 2464 species
781 2361 994 2445 decoris
1044 2380 1318 2453 adjungit;
1361 2386 1413 2431 et
1458 2373 1603 2427 hunc
1649 2383 1805 2439 quem
1856 2361 2113 2419 naturalis

531 2453 663 2538 ordo
692 2478 1001 2551 praetulerat
1024 2516 1041 2543 ,
1067 2470 1266 2529 coloris
1295 2467 1523 2538 qualitas
1551 2461 1734 2519 findat.
1771 2457 1861 2515 Sic
1904 2469 2032 2525 ergo
2061 2453 2114 2506 in

531 2578 766 2632 humano
785 2586 983 2644 genere
1010 2580 1064 2624 et
1093 2565 1309 2640 quidam
1343 2564 1395 2618 in
1428 2557 1635 2614 meliori
1666 2555 1854 2610 ordine
1883 2549 2115 2606 deterio-

529 2684 620 2726 res
664 2643 808 2733 sunt,
836 2675 891 2722 et
936 2661 1152 2734 quidam
1204 2659 1256 2713 in
1303 2650 1557 2711 deteriori
1607 2649 1877 2713 meliores,
1909 2643 2032 2713 quia
2061 2650 2119 2696 et

537 2764 627 2819 isti
661 2770 860 2817 sortem
888 2755 1115 2815 extremi
1146 2752 1359 2808 habitus
1404 2749 1539 2804 bene
1580 2742 1805 2801 vivendo
1840 2751 2117 2795 transcen-

533 2856 693 2920 dunt,
719 2862 773 2909 et
801 2851 878 2908 illi
908 2848 1203 2920 superioris
1252 2844 1353 2901 loci
1394 2842 1640 2898 meritum
1688 2835 1924 2893 moribus
1954 2833 1982 2873 ι)
2013 2847 2121 2890 non

537 2941 880 3011 exsequendo
911 2937 1236 2993 diminuunt.

930 3048 1159 3108 CAPUT
1202 3043 1376 3103 χχιχ
1404 3044 1510 3117 [AL
1543 3038 1729 3111 LIII].

537 3148 802 3217 Quomodo
841 3140 1277 3217 adusonendiqui
1324 3148 1527 3217 peccata
1573 3148 1785 3203 Operam
1833 3131 2004 3202 lugent
2028 3169 2044 3195 ,
2076 3135 2127 3184 et

967 3215 1054 3285 qui
1096 3206 1261 3267 solum
1308 3206 1697 3280 cogitationum.

613 3308 934 3385 (Admonitio
961 3305 1080 3377 30.)
1102 3306 1271 3361 Aliter
1296 3299 1615 3358 admonendi
1642 3304 1767 3352 sunt
1786 3295 1875 3366 qui
1910 3301 2125 3364 peccata
2156 3288 2201 3357 Ο

543 3384 826 3475 deplorant
852 3415 1095 3471 operum,
1125 3406 1284 3468 atque
1307 3395 1464 3450 aliter
1484 3391 1573 3462 qui
1593 3388 1991 3460 cogitationum.
2019 3384 2126 3440 Ad-

547 3495 799 3552 monendi
824 3494 1023 3565 quippe
1052 3500 1175 3546 sunt
1201 3488 1290 3557 qui
1322 3494 1537 3556 peccata
1567 3482 1845 3552 deplorant
1877 3494 2121 3548 operum,

548 3595 607 3641 ut
635 3592 1004 3642 consummata
1044 3581 1181 3635 mala
1231 3579 1464 3648 perfecta
1510 3574 1717 3629 diluant
1758 3574 2025 3637 lamenta,
2062 3584 2130 3625 ne

545 3675 665 3748 plus
711 3675 1079 3743 astringantur
1123 3672 1175 3725 in
1219 3669 1399 3724 debito
1448 3666 1731 3737 perpetrati
1782 3663 1988 3732 operis,
2022 3670 2043 3699 ο
2077 3667 2132 3716 et

552 3768 729 3824 minus
758 3766 965 3822 solvant
987 3764 1198 3820 ﬂetibus
1222 3760 1620 3818 satisfactionis.
1642 3756 1913 3827 Scriptum
1938 3755 2133 3825 quippe

548 3870 631 3916 est
658 3877 671 3913 :
696 3856 888 3914 Potum
928 3857 1067 3912 dedit
1100 3856 1241 3909 nobis
1267 3856 1320 3909 in
1352 3851 1592 3923 lacrymis
1621 3851 1677 3905 in
1700 3866 1934 3905 mensura
1960 3847 2130 3920 (Psal.

548 3966 733 4020 LXXIX,
766 3947 855 4023 6);
888 3958 944 4004 ut
992 3946 1239 4004 videlicet
1287 3946 1704 4016 uniuscujusque
1754 3958 1901 3998 mens
1933 3951 2134 3997 tantum

542 4040 855 4114 pernitendo
884 4039 1309 4111 compunetionis
1332 4055 1443 4093 sua:
1474 4036 1619 4092 bibat
1654 4036 1935 4107 lacrymas,
1967 4050 2134 4105 quan-

554 4144 666 4189 tum
692 4147 749 4189 se
774 4151 801 4187 a
827 4134 933 4189 Deo
960 4131 1420 4188 meminitaruisse
1445 4145 1534 4200 per
1565 4129 1773 4200 culpas.
1798 4125 2135 4183 Admonendi

552 4235 676 4280 sunt
706 4236 763 4280 ut
810 4224 1138 4281 incessanter
1178 4223 1413 4278 admissa
1463 4229 1584 4276 ante
1626 4221 1809 4276 oculos
1854 4219 2133 4287 reducant,

554 4325 715 4389 atque
744 4317 973 4373 vivendo
996 4326 1175 4387 agant,
1208 4326 1320 4371 uta
1351 4315 1593 4370 districto
1619 4311 1801 4383 judice
1833 4311 1998 4367 videri
2030 4324 2136 4366 non

553 4407 804 4465 debeant.
838 4407 990 4465 Unde
1024 4407 1189 4463 David
1213 4406 1241 4443 ἀ
1274 4423 1395 4463 eum
1443 4413 1684 4476 peteret,
1715 4404 1897 4459 dicens
1922 4420 1935 4455 :
1960 4400 2140 4457 Averte

556 4499 732 4558 oculos
758 4511 868 4557 tuos
897 4520 928 4555 a
956 4502 1176 4572 peccatis
1206 4501 1330 4557 meis
1362 4497 1532 4572 (Psal.
1568 4514 1621 4565 ι,
1650 4494 1763 4569 Η),
1800 4495 1954 4565 paulo
1980 4507 2137 4563 supe—

554 4595 664 4652 rius
710 4592 925 4651 intulit:
954 4592 1210 4649 Delictum
1254 4609 1418 4648 meum
1448 4601 1469 4629 °
1502 4605 1673 4645 coram
1705 4604 1783 4643 me
1828 4598 1901 4644 est
1945 4602 2142 4658 sempa'

1698 404 1939 469 SANCTI
1977 398 2306 460 GREGORII
2344 394 2553 454 MAGNI

2103 525 2155 588 Α
2176 527 2296 569 cum
2334 510 2533 567 ludicre
2568 504 2774 575 singula
2801 499 2999 557 delicta
3036 497 3393 566 pensarentur
3418 503 3436 542 :
3461 482 3759 541 Dirisiorsss

3654 371 3757 423 108

2183 618 2430 677 aquarum
2459 597 2669 653 deduxit
2701 593 2879 650 oculus
2908 604 3051 646 meus
3072 587 3287 661 (Three.
3316 578 3535 649 115148).
3554 575 3763 633 Divisas

2184 667 2378 770 quippe
2409 710 2472 749 ex
2502 691 2670 747 oculis
2714 700 2877 759 aquas
2911 681 3253 743 deducimus,
3284 672 3497 746 quando
3528 667 3767 741 peccatis

2186 763 2405 863 singulis
2435 785 2736 856 dispertitas
2760 782 3023 851 lacrymas
3048 775 3261 829 damus.
3286 767 3468 837 Neque
3492 763 3634 820 enim
3659 774 3766 816 uno

2188 852 2479 952 eodemque
2503 852 2744 946 tempore
2764 886 2913 942 atque
2937 881 3088 924 mens
3112 865 3183 921 de
3203 861 3453 919 omnibus
3473 856 3649 921 dolet;
3672 852 3766 908 sed

2192 979 2313 1033 dum
2333 989 2471 1030 nunc
2495 969 2671 1042 hujus,
2691 980 2830 1023 nunc
2846 964 2987 1021 illius
2998 961 3168 1029 culpa:
3191 954 3449 1013 memoria
3470 952 3646 1007 acrius
3661 958 3748 1003 tan

2190 1071 2350 1139 gitur,
2374 1064 2530 1120 simul
2546 1062 2612 1118 de
2634 1056 2949 1117 omnibusin
2964 1052 3185 1125 singulis
3199 1056 3467 1106 commota
3494 1052 3769 1116 purgatur.

2260 1159 2369 1232 85
2408 1153 2740 1213 Admoneudi
2790 1158 2934 1214 sunt,
2984 1156 3040 1201 ut
3076 1145 3145 1202 de
3196 1139 3565 1199 misericordia
3606 1151 3771 1207 quam

2197 1227 2482 1321 postulant,
2516 1251 2858 1317 praesumant,
2890 1255 2959 1295 ne
2996 1239 3049 1293 vi
3079 1234 3442 1293 immoderata
3471 1227 3779 1285 alﬂictionis
3822 1284 3829 1289 ,

2198 1344 2479 1397 intereant.
2512 1339 2693 1408 Neque
2721 1336 2867 1392 enim
2896 1334 2983 1404 pie
3026 1329 3277 1385 Dominus
3308 1332 3433 1380 ante
3465 1323 3781 1391 delinquen-

2201 1436 2329 1489 tium
2370 1431 2552 1487 oculos
2581 1429 2757 1483 ﬂenda
2782 1435 2996 1497 peccata
3028 1430 3345 1492 opponeret,
3376 1418 3422 1473 si
3449 1431 3543 1486 per
3582 1422 3784 1469 semet-

2202 1527 2371 1597 ipsum
2397 1539 2456 1577 ea
2482 1521 2721 1577 districts
2744 1518 2903 1573 ferire
2928 1515 3202 1571 voluisset.
3220 1512 3442 1567 Constat
3468 1506 3609 1563 enim
3638 1504 3784 1575 quod

2205 1594 2240 1670 εί
2278 1630 2375 1669 suo
2423 1614 2621 1683 judicio
2664 1609 2993 1667 abscondere
3050 1605 3237 1668 voluit,
3291 1614 3427 1669 quos
3481 1594 3790 1652 miserando

2206 1707 2538 1780 praeveniens
2591 1700 2939 1771 sibimetipsis
2988 1697 3200 1767 judices
3255 1694 3401 1749 fecit.
3452 1690 3590 1745 Hine
3644 1690 3793 1742 enim

2087 1836 2103 1846 ο
2207 1778 2459 1869 scriptum
2488 1804 2607 1851 est:
2642 1792 3020 1847 Prmeuiansus
3051 1786 3233 1857 faciens
3260 1781 3469 1837 Domini
3505 1781 3559 1834 in
3587 1778 3787 1848 confes-

2396 1887 2569 1961 (Psal.
2613 1899 2754 1949 serv,
2787 1881 2864 1952 ἓ).
2910 1880 3045 1935 Hinc
3087 1891 3180 1947 per
3212 1875 3439 1931 Paulum
3466 1870 3699 1927 dicitur:
3733 1867 3798 1924 Si

2588 1977 3026 2049 dijudicaremus,
3067 1986 3170 2024 non
3228 1970 3401 2036 utique
3439 1966 3799 2032 rudicaremur

2214 2076 2263 2147 (Ι
2311 2075 2434 2131 Cor.
2468 2089 2541 2138 si,
2569 2072 2680 2141 51).
2730 2070 3069 2136 Rursumque
3096 2061 3417 2121 admonendi
3463 2068 3605 2120 sunt,
3639 2065 3697 2113 ut
3724 2056 3803 2113 sic

2210 2170 2276 2224 dc
2308 2183 2403 2238 spe
2436 2168 2681 2222 ﬁduciam
2712 2164 2966 2227 habeant,
3007 2174 3077 2215 ne
3125 2169 3304 2211 tamen
3346 2154 3557 2209 incauta
3597 2147 3805 2205 securi-

2214 2270 2319 2317 tate
2348 2267 2669 2329 torpescant.
2701 2256 3020 2323 Plerumque
3039 2251 3184 2307 enim
3211 2248 3383 2303 hostis
3404 2243 3630 2301 callidus
3653 2256 3806 2297 men-

2215 2363 2320 2407 tem
2348 2365 2504 2422 quam
2534 2354 2752 2420 peccato
2782 2347 3111 2416 supplantat,
3138 2357 3260 2397 cum
3290 2340 3359 2397 de
3383 2339 3536 2394 ruina
3579 2350 3676 2391 sua
3722 2333 3805 2388 af-

2216 2443 2415 2497 ﬂictam
2453 2439 2471 2479 ί
2505 2439 2742 2509 respicit,
2770 2435 3072 2492 securitatis
3109 2430 3378 2503 pestiferae
3410 2427 3682 2484 blanditiis
3716 2439 3807 2479 se-

2218 2535 2381 2590 ducit.
2413 2532 2565 2599 Quod
2613 2533 2839 2599 ligurate
2876 2527 3213 2597 exprimitur,
3264 2537 3385 2578 cum
3427 2521 3622 2575 iactum
3657 2516 3811 2570 Dina)

2218 2634 2561 2681 memoratur.
2596 2622 2862 2689 Scriptum
2892 2620 3087 2688 quippe
3113 2625 3234 2672 est:
3294 2612 3517 2685 Egressa
3551 2618 3625 2664 est
3668 2607 3811 2661 Dina

2220 2730 2273 2773 ut
2290 2718 2479 2773 uideret
2506 2715 2743 2769 mulieres
2772 2712 2992 2783 regionis
3032 2712 3171 2763 illius
3209 2722 3229 2773 ;
3272 2722 3426 2777 quam
3454 2718 3574 2757 cum
3602 2701 3815 2754 vidisset

2223 2810 2429 2867 Sichent
2455 2809 2592 2877 ﬁlius
2614 2805 2808 2860 Hemor
2833 2802 3033 2867 Hermi,
3064 2802 3297 2872 princeps
3325 2807 3473 2853 terra:
3488 2795 3654 2859 illius,
3688 2792 3816 2844 ade-

2223 2904 2378 2958 mavit
2427 2916 2558 2965 am,
2592 2910 2639 2955 et
2668 2900 2865 2968 rapuit,
2895 2905 2941 2951 et
2971 2895 3210 2949 dormivit
3251 2907 3368 2944 cum
3410 2890 3523 2953 illa,
3572 2887 3619 2940 vi
3641 2886 3817 2953 oppri-

2225 3010 2363 3050 mens
2389 2994 2664 3065 uirginem;
2690 3001 2736 3046 et
2775 2988 3133 3060 conglutinata
3159 2994 3234 3040 est
3254 2986 3426 3039 animo
3451 2985 3563 3053 ejus
3591 2993 3709 3032 cum
3737 2994 3818 3040 ea,

2228 3090 2524 3158 tristemque
2577 3083 2841 3140 blanditiis
2893 3081 3121 3136 delinivit
3171 3078 3399 3151 (Grues.
3433 3087 3617 3137 autv,
3669 3069 3820 3135 1-5).

2234 3180 2363 3235 Dina
2395 3178 2590 3249 quippe
2620 3186 2677 3231 ut
2704 3175 2958 3231 mulieres
3010 3173 3187 3227 videat
3238 3180 3510 3225 extraneas
3559 3160 3821 3232 regionis,

2231 3270 2524 3342 egreditur,
2555 3268 2767 3339 quando
2793 3279 3125 3337 unaquaque
3155 3276 3307 3318 mens
3328 3275 3425 3317 sua
3454 3255 3625 3312 studia
3651 3254 3824 3323 negli-

2232 3379 2387 3435 gens,
2439 3363 2679 3417 actiones
2704 3358 2913 3416 alienas
2948 3371 3165 3423 curans,
3216 3365 3367 3410 extra
3395 3351 3633 3406 habitum
3660 3356 3826 3416 atque

2232 3466 2383 3512 extra
2412 3454 2656 3511 ondinem
2683 3454 2956 3523 proprium
2981 3462 3219 3522 vagatur.
3249 3450 3417 3515 Quam
3439 3443 3657 3501 Sicbem
3685 3442 3810 3511 prin

2236 3562 2366 3618 cepe
2408 3557 2567 3602 terrae
2596 3545 2875 3614 opprimit,
2906 3546 3030 3614 quia
3059 3541 3309 3596 videlicet
3337 3537 3610 3592 inventam
3642 3535 3697 3588 in
3733 3546 3830 3587 cu-

2235 3646 2311 3698 ris
2338 3641 2696 3697 exterioribus
2722 3637 2965 3693 diabolus
3011 3632 3329 3703 corrumpit.
3374 3629 3440 3684 Et
3472 3626 3832 3700 conglutinata

2236 3744 2309 3790 est
2329 3735 2501 3788 anima
2528 3736 2639 3804 ejus
2665 3746 2780 3785 cum
2809 3746 2868 3783 ea
2898 3727 3124 3799 (lbid.);
3183 3723 3302 3795 quia
3351 3723 3555 3777 unitam
3585 3719 3687 3774 sibi
3744 3732 3833 3787 per

2239 3825 2567 3896 iniquitatem
2597 3823 2830 3890 respicit.
2871 3821 2935 3874 Et
2961 3821 3081 3889 quia
3112 3830 3231 3873 cum
3264 3828 3411 3869 mens
3437 3826 3469 3866 a
3508 3812 3661 3880 culpa
3694 3807 3835 3863 resi-

2241 3920 2417 3988 piscit,
2451 3927 2476 3965 ε
2516 3916 2801 3983 addicitur,
2846 3922 3005 3983 atque
3053 3910 3337 3965 admissum
3387 3905 3516 3960 ﬂere
3561 3911 3835 3958 conatur:

2240 4018 2526 4080 corruptor
2550 4017 2725 4062 autem
2754 4020 2877 4076 spes
2906 4018 2968 4059 ac
2987 4003 3296 4058 securitates
3322 4010 3515 4052 vacuas
3546 4002 3673 4049 ante
3700 4007 3836 4048 ocu-

2241 4102 2322 4157 los
2364 4107 2593 4165 revocat,
2626 4108 2885 4169 quatenus
2922 4096 3205 4150 utilitatem
3250 4090 3477 4145 tristitia
3521 4087 3836 4149 subtrahat,

2242 4204 2389 4251 recte
2419 4194 2526 4250 illic
2555 4193 2859 4263 adjungitur
2892 4209 2904 4246 :
2949 4188 3262 4257 Tristemque
3309 4182 3569 4237 blanditiis
3598 4178 3841 4235 deﬁnivit

2242 4286 2295 4357 (1
2306 4287 2461 4357 bid.).
2496 4286 2652 4342 Modo
2673 4286 2815 4340 enim
2846 4282 3069 4337 aliorum
3104 4280 3234 4334 facta
3263 4276 3529 4347 graviora,
3560 4271 3730 4326 modo
3773 4268 3845 4327 nil

2246 4394 2370 4436 esse
2430 4380 2571 4449 quod
2644 4386 3003 4447 perpetratum
3060 4379 3165 4439 est,
3213 4369 3373 4425 modo
3435 4364 3847 4421 misericordem

2248 4477 2414 4533 Deum
2456 4475 2709 4543 loquitur,
2743 4471 2903 4527 modo
2948 4468 3123 4524 adhuc
3152 4476 3362 4535 tempus
3392 4463 3732 4529 subsequens
3778 4455 3849 4511 ad

2251 4567 2616 4639 pmnitentiam
2647 4564 2958 4635 pollicetur;
3020 4570 3078 4614 ut
3130 4558 3256 4611 dum
3306 4568 3400 4624 per
3453 4551 3567 4606 haec
3612 4551 3851 4617 decepta

556 4684 744 4757 (Ibid.,
779 4642 888 4758 5).⁷
1336 4642 1843 4740 *ῥέεθεζιᾷηίῃιθιιηιή
1866 4698 1934 4736 ηε
1964 4642 2137 4750 ιθεῇί.
2170 4680 2224 4747 ι)
2250 4676 2399 4719 mens
2429 4660 2658 4725 ducitur,
2685 4658 2753 4713 ab
2784 4655 3075 4712 intentione
3098 4646 3427 4723 prenitentiae
3453 4642 3850 4713 snspendatur;

558 4778 668 4831 eias
698 4779 934 4847 postulo,
958 4776 1079 4849 quia
1105 4777 1209 4833 hoc
1228 4777 1501 4846 respicere
1526 4775 1641 4845 ipse
1664 4788 1768 4828 non
1791 4786 1962 4828 cesso.
1988 4769 2141 4827 Unde

560 4876 614 4922 et
642 4881 733 4936 per
766 4870 1077 4940 prophetam
1104 4869 1361 4925 Dominus
1391 4868 1522 4923 dicit
1544 4886 1556 4921 :
1582 4863 1651 4921 Et
1676 4875 1997 4937 peccatorum
2030 4874 2143 4919 tua-

561 4973 678 5011 rum
707 4975 897 5014 memor
927 4977 1028 5016 non
1054 4977 1161 5026 ero,
1189 4968 1242 5015 tu
1264 4969 1433 5015 autem
1464 4974 1654 5013 memor
1682 4967 1785 5013 esto
1813 4952 1965 5029 (Isai.
1990 4969 2141 5023 xun,

568 5049 657 5119 25,
684 5048 779 5114 26,
806 5067 906 5105 sec.
936 5048 1132 5123 LXX).
1164 5052 1499 5109 Admonendi
1528 5058 1653 5107 sunt
1680 5060 1735 5104 ut
1766 5046 1970 5117 singula
1996 5059 2135 5118 quas-

564 5154 671 5210 que
695 5140 925 5197 admissa
959 5143 1337 5211 considerent,
1373 5156 1427 5199 et
1456 5141 1581 5196 dum
1610 5154 1704 5209 per
1728 5134 2145 5206 unumquodque

531 5297 535 5305 ‘
566 5231 768 5287 erroris
796 5234 876 5288 sui
926 5233 1346 5304 inquinationem
1377 5232 1611 5300 deﬂent,
1641 5230 1801 5285 simul
1831 5245 1889 5284 se
1919 5243 1981 5283 ac
2009 5236 2150 5284 totos

568 5324 818 5395 lacrymis
846 5326 1119 5383 mundeut.
1153 5326 1306 5384 Unde
1330 5327 1470 5384 bene
1492 5340 1590 5396 per
1616 5322 1899 5380 Jcremiam
1933 5322 2148 5389 dicitur,

642 5501 672 5561 fl
694 5492 871 5561 Idem,
901 5493 1081 5547 merita
1110 5491 1363 5545 cordium.

638 5560 671 5604 δ
698 5563 841 5620 Metu
858 5560 1027 5629 Cod.,
1059 5580 1160 5617 non
1185 5560 1455 5631 sequendo.

643 5644 669 5703 ξ
699 5632 890 5703 Laud.,
920 5636 963 5688 si
991 5635 1160 5689 minus
1189 5634 1320 5703 solo.

643 5700 669 5741 ά
699 5698 887 5770 Corb.,
916 5704 1159 5768 Carri0t.,
1194 5700 1363 5766 Belv.,
1395 5716 1509 5753 cum
1553 5698 1831 5771 pamiteret.
1865 5699 2153 5770 Sequimur

574 5790 694 5831 eum
720 5775 877 5829 editis
902 5775 1079 5840 Trec.,
1114 5775 1319 5836 Norm.,
1345 5780 1447 5827 etc.

650 5856 671 5883 ο
700 5846 880 5909 Corb.,
909 5855 1084 5897 contra
1114 5860 1210 5899 me.

652 5917 669 5955 τ
714 5918 865 5973 Bclv.
886 5957 902 5981 ,
933 5918 1089 5972 (ἐστι).
1120 5930 1169 5973 et
1195 5917 1398 5981 primus
1428 5914 1667 5978 Carnot.,
1692 5917 1900 5979 reperit.

2246 4762 2509 4826 quatenus
2535 4761 2658 4805 tunc
2684 4750 2819 4804 bona
2850 4746 2994 4802 nulla
3025 4743 3300 4813 percipiat,
3331 4751 3491 4807 quam
3522 4748 3663 4789 nunc
3693 4734 3846 4787 mata

2248 4848 2393 4904 nulla
2414 4843 2761 4901 contristant:
2790 4850 2845 4898 et
2868 4850 2993 4896 tunc
3019 4837 3229 4908 plenius
3253 4833 3512 4889 obruatur
3533 4826 3851 4899 suppliciis,

2251 4957 2370 5013 qua:
2402 4955 2542 4995 nunc
2568 4938 2726 4993 etiam
2759 4936 2789 4973 ιι
2819 4935 3016 5008 gaudet
3036 4933 3092 4987 in
3114 4929 3341 4987 delictis.

2327 5037 2399 5091 At
2425 5041 2610 5089 contra
2644 5028 2966 5086 admonendi
3021 5033 3148 5082 sunt
3173 5025 3267 5096 qui
3303 5026 3515 5092 peccata
3566 5014 3862 5084 cogitatio-

2259 5145 2384 5187 num
2409 5127 2632 5195 deﬂeut,
2659 5135 2720 5183 ut
2746 5124 2975 5181 sollicite
3003 5119 3343 5178 considerent
3370 5117 3508 5170 intra
3537 5111 3739 5166 mentis
3772 5122 3863 5163 ar-

2258 5239 2390 5280 cana
2418 5231 2595 5277 utrum
2625 5217 2983 5276 delectatione
3010 5206 3399 5273 tantummodo,
3431 5220 3500 5259 an
3525 5204 3687 5260 etiam
3723 5214 3867 5255 con-

2260 5332 2421 5375 sensu
2468 5313 2810 5384 deliquerint.
2863 5308 3182 5375 Plerumque
3223 5301 3365 5357 enim
3402 5297 3420 5337 ί
3455 5302 3690 5351 tentatur
3732 5306 3867 5358 cor,

2343 5491 2369 5529 ε
2413 5477 2646 5548 Vulgati,
2699 5488 2828 5529 mss.
2882 5472 3335 5548 contradicentes,
3391 5465 3466 5548 ad
3514 5480 3570 5519 se
3622 5464 3867 5548 ducitur.

2273 5535 2577 5608 Familiaris
2628 5535 2709 5602 est
2738 5551 2923 5600 nostro
2968 5541 3224 5611 Gregorio
3252 5554 3352 5611 vos
3406 5537 3524 5611 ista,
3573 5535 3871 5611 addicitur,

2493 5617 2726 5692 jam‘lib.
2758 5632 2811 5692 tt
2839 5615 3049 5680 Moral.,
3077 5604 3533 5692 diUIII;Ai5;'VldC
3566 5609 3730 5660 etiam
3772 5604 3873 5657 lib.

2272 5709 2344 5759 rx,
2376 5677 2522 5745 nnm'.
2560 5689 2649 5755 52,
2678 5695 2732 5741 et
2762 5688 2850 5740 lib.
2881 5702 3012 5751 xxii,
3034 5677 3185 5737 num.
3208 5677 3420 5759 22,25:

2344 5763 2371 5801 h
2415 5749 2646 5826 Bellum,
2674 5759 2841 5827 prima
2870 5749 3053 5819 manu,
3078 5754 3277 5827 gaudet_
3303 5749 3595 5827 in_delici.'s.

2354 5833 2370 5870 ί
2417 5832 2487 5885 lta
2525 5820 2647 5885 Mss'.
2661 5820 2688 5894 ,’
2705 5829 2806 5895 vel,
2841 5820 3098 5880 tentatuni
3127 5839 3231 5878 cor.
3262 5821 3317 5877 In
3350 5820 3636 5883 Gussanv.,
3663 5823 3878 5869 tentata

2274 5922 2379 5957 εον.
