4036 6346
301 421 405 480 109

1127 430 1429 490 necum
1473 434 1899 497 PASTOItALlS
1938 402 2162 508 LIBER.
2206 468 2274 479 -
2312 437 2488 508 rans
2527 440 2797 497 TERTIA.

3477 444 3581 504 110

301 558 349 618 et
381 561 448 602 ex
492 546 677 616 carnis
735 550 971 620 nequitia
1023 551 1340 620 delectatur,
1395 564 1450 612 et
1481 564 1656 613 tamen
1712 557 1884 628 eidem
1913 564 1966 634 Α
1990 565 2134 626 runt,
2168 572 2268 614 nec
2295 569 2468 619 tamen
2501 557 3138 632 plangunt..Admonendi
3165 562 3450 615 suntenim
3477 561 3568 631 qui

297 639 555 710 nequitia:
586 657 653 696 ex
680 644 888 701 ratione
915 644 1183 711 renititur,
1219 656 1276 700 ut
1305 647 1356 701 in
1381 660 1588 703 secreto
1614 649 1887 720 cogitatio-
1921 643 1924 646 ⁴

295 732 377 787 nis
407 742 464 788 et
487 736 772 803 contristet
801 737 941 806 quod
972 737 1118 803 libet,
1147 748 1201 795 et
1222 740 1384 796 libeat
1411 742 1550 813 quod
1581 744 1881 802 centristat.

293 824 690 900 Nonnunquam
725 846 849 889 vero
880 835 950 888 ita
999 849 1151 891 mens
1185 835 1402 910 bat-atro
1449 839 1760 908 tentationis
1801 840 1888 908 ab-

293 919 564 988 sorbetur,
596 932 655 977 ut
683 922 985 994 nullatenus
1034 927 1314 994 renitatur,
1366 929 1461 986 sed
1513 945 1581 985 ex
1622 930 1886 1004 delibero-

293 1013 440 1068 tione
468 1017 714 1086 sequitur
743 1017 868 1088 hoc,
901 1020 1152 1088 unde,“
1206 1020 1562 1082 delectatione
1609 1023 1879 1102 pulsatur;

292 1112 347 1166 et
373 1104 420 1159 si
449 1106 677 1180 facultas
705 1110 941 1177 exterior
967 1120 1240 1187 suppetat,
1261 1129 1439 1176 rerum
1465 1131 1585 1170 mox
1609 1115 1884 1174 effectibus

291 1197 550 1256 interiora
583 1211 704 1264 vota
732 1213 1086 1266 consummat.
1135 1206 1286 1273 Quod
1347 1207 1595 1278 videlicet
1645 1211 1691 1268 si
1738 1209 1881 1279 justa

203 1303 208 1306 '
292 1292 691 1352 animadversio
711 1295 939 1362 districti
969 1296 1167 1369 judicis
1195 1301 1434 1374 respicit,
1490 1319 1595 1360 non
1647 1311 1731 1364 est
1773 1305 1880 1374 jam

292 1386 636 1454 cogitationis
665 1389 841 1460 culpa,
870 1390 966 1454 sed
996 1391 1202 1462 operis;
1235 1394 1358 1466 quia
1386 1404 1483 1456 etsi
1508 1411 1687 1458 rerum
1721 1397 1883 1453 tardi-

293 1486 374 1532 tas
407 1479 552 1544 foras
599 1489 873 1549 peccatum
901 1482 1123 1551 distulit,
1169 1484 1314 1550 intus
1364 1485 1467 1550 hoc
1515 1488 1882 1550 consensionis

299 1584 464 1639 apere
493 1570 735 1628 voluntas
763 1572 1021 1644 implevit.

365 1660 424 1728 In
453 1664 623 1732 primo
645 1674 823 1736 autem
856 1675 1077 1736 parente
1109 1667 1391 1732 didicimus
1418 1673 1540 1742 quia
1571 1672 1739 1734 tribus
1767 1687 1880 1730 mo-

292 1751 377 1808 dis
401 1755 577 1820 omnis
606 1757 779 1828 culpae
805 1759 1096 1830 nequitiam
1122 1757 1507 1830 perpetranius,
1540 1765 1880 1838 suggestione

291 1846 522 1914 scilicet,
565 1848 921 1908 delectatione
955 1862 1009 1908 et
1045 1869 1325 1910 consensu.
1358 1856 1470 1928 86
1501 1856 1734 1912 Primum
1774 1856 1877 1912 ita-

288 1955 393 2012 que
421 1955 519 2014 per
545 1941 776 2014 hostem,
800 1946 1090 2016 secundum
1114 1963 1241 2004 vero
1267 1963 1363 2022 per
1389 1964 1627 2020 carnem,
1662 1953 1876 2018 tertium
1906 1954 1955 2039 β

289 2045 388 2099 per
418 2033 668 2101 spiritum
721 2046 1076 2106 perpetratur.
1128 2039 1412 2102 Insidiator
1459 2043 1600 2112 enim
1647 2052 1673 2081 ⁸
1719 2059 1880 2118 prava

288 2128 547 2196 suggerit,
591 2143 715 2183 caro
744 2145 802 2186 se
831 2131 1177 2200 delectationi
1223 2136 1461 2208 subiicit,
1495 2148 1654 2208 atque
1695 2138 1760 2193 ad
1787 2154 1883 2194 ex-

291 2227 526 2272 tremum
554 2221 772 2290 spiritus
814 2223 983 2278 victus
1012 2207 1364 2284 delectatione
1401 2207 1690 2284 consentit.
1730 2229 1882 2287 Unde

290 2306 316 2346 δ
345 2319 398 2364 et
427 2310 522 2366 ille
572 2326 797 2384 serpens
831 2330 991 2384 prava
1033 2320 1314 2398 suggessit,
1366 2320 1478 2375 Eva
1523 2332 1698 2378 autem
1729 2325 1881 2395 quasi

290 2415 415 2456 caro
444 2417 506 2456 se
533 2402 875 2460 delectationi
903 2408 1162 2479 subdidit,
1193 2411 1364 2466 Adam
1398 2429 1524 2468 vero
1548 2415 1694 2470 velut
1720 2416 1881 2486 Spiri-

291 2503 373 2564 tus
418 2498 768 2569 suggestione
811 2516 872 2556 ac
919 2501 1276 2572 delectatione
1307 2517 1593 2578 superatus
1622 2509 1877 2568 assensit.

290 2590 643 2662 Suggestione
686 2596 867 2664 itaque
917 2606 1192 2665 peccatum
1234 2602 1596 2672 agnoscimus,
1638 2602 1877 2658 delecta-

293 2683 437 2742 tione
467 2684 753 2756 .vincimur,
788 2701 1053 2754 consensu
1071 2692 1236 2759 etiam
1271 2693 1514 2764 ligantur.
1540 2694 1881 2762 Admonendi

290 2785 415 2832 sunt
446 2777 607 2849 igitur
633 2782 722 2850 qui
751 2780 1014 2855 nequitias
1035 2785 1377 2856 cogitationis
1397 2788 1615 2856 deﬂent,
1647 2800 1705 2850 ut
1727 2792 1880 2850 solli-

291 2866 391 2934 site
419 2870 762 2942 considerent
784 2872 837 2927 in
865 2887 966 2946 qua
997 2877 1200 2948 peccati
1242 2893 1489 2944 mensura
1536 2880 1869 2952 ceciderunt,

291 2968 551 3026 ιιιωιωιυε
571 2961 721 3033 tum
743 2965 914 3028 ruinae
943 2965 1162 3037 modum
1186 2983 1349 3040 Equum
1380 2971 1432 3028 in
1463 2974 1768 3043 semetipsis
1797 2975 1878 3046 in-

290 3059 495 3118 trorsus
523 3055 784 3127 sentiunt,
811 3057 970 3124 etiam
1019 3075 1269 3132 mensura
1317 3062 1715 3122 lamentationis
1766 3067 1879 3124 eri-

282 3152 502 3211 gantur,
535 3159 605 3216 ne
630 3145 678 3210 si
703 3149 925 3217 cogitata
955 3151 1096 3208 mala
1118 3153 1296 3223 atinas
1321 3159 1581 3226 cruciant,
1616 3174 1783 3230 usque
1809 3160 1876 3215 ad

275 3237 644 3304 perpetranda
668 3251 827 3308 Opera
856 3241 1174 3312 perducant.
1211 3244 1321 3308 Sed
1355 3245 1496 3306 inter
1517 3246 1634 3303 haec
1661 3248 1735 3303 ita
1765 3260 1873 3308 ter-

277 3329 609 3426 t'eudi‘sunt,
628 3343 698 3426 *ω
727 3343 903 3402 tamen
936 3337 1160 3393 minime
1180 3335 1517 3410 frangantur.
1547 3341 1704 3413 Saepe
1730 3344 1874 3400 enim
1899 3351 1951 3426 β

283 3421 592 3486 misericors
625 3423 766 3490 Deus
792 3439 858 3482 eo
886 3427 1046 3486 citius
1077 3437 1294 3498 peccata
1324 3430 1502 3496 cordis
1538 3431 1728 3496 abluit,
1766 3446 1872 3502 quo

283 3512 398 3568 liae
429 3515 582 3578 exire
604 3517 676 3585 ad
709 3533 872 3587 opera
912 3535 1020 3588 non
1064 3522 1364 3590 permittit;
1409 3530 1466 3578 et
1505 3525 1740 3594 cogitata
1780 3539 1876 3586 nec

283 3608 450 3675 qu-itia
494 3610 708 3679 quando
762 3612 919 3678 citius
975 3614 1219 3682 solvitur,
1271 3616 1396 3685 quia
1451 3617 1646 3674 eﬂ‘ectu
1694 3618 1874 3690 operis

287 3697 575 3760 districtius
604 3718 710 3759 non
751 3705 962 3775 ligatur.
1015 3703 1168 3762 Unde
1217 3717 1364 3762 recte.
1395 3723 1488 3777 per
1528 3708 1872 3767 Psalmistam

287 3789 524 3848 dicitur:
584 3793 728 3861 Dixi,
773 3798 1115 3866 pronuntiabo
1164 3800 1437 3856 adversum
1483 3817 1562 3854 me
1590 3802 1874 3872 iniustitia:

283 3901 418 3942 meas
449 3887 688 3956 Domino,
733 3899 779 3944 et
811 3901 865 3944 tu
914 3892 1157 3946 remisisti
1201 3893 1512 3961 impietatem
1560 3909 1730 3952 corats
1776 3913 1872 3952 met

275 3974 402 4044 (Ps.
438 3994 584 4043 xm,
611 3979 690 4049 5).
718 3981 816 4048 Qui
858 3983 1001 4038 enim
1029 3984 1356 4052 impietatem
1407 3986 1585 4044 cordis
1611 3989 1868 4055 subdidit,

276 4071 403 4141 quia
439 4075 815 4143 cogitationum
837 4077 1132 4148 injustitias
1161 4081 1508 4149 pronuntiare
1541 4083 1700 4138 vellet
1727 4083 1872 4140 indi-

275 4165 440 4218 cavit.
479 4165 719 4237 Dumque
745 4170 860 4224 ait:
920 4170 1065 4238 Dixi,
1115 4174 1478 4241 pronuntiabo,
1529 4184 1686 4245 atque
1727 4175 1872 4232 illico

273 4253 544 4324 adiunxit,
584 4256 651 4310 Et
679 4266 734 4314 tu
761 4261 1035 4326 remisisti;
1064 4278 1222 4331 quam
1255 4264 1326 4322 sit
1360 4281 1523 4337 super
1552 4269 1668 4322 haec
1699 4266 1872 4322 facilis

274 4346 434 4400 venia
463 4348 716 4406 ostendit.
758 4351 859 4417 Qui
901 4351 1026 4408 dum
1049 4368 1114 4410 .se
1143 4354 1316 4412 adhuc
1362 4367 1544 4426 petere
1589 4361 1869 4429 promittit,

269 4435 384 4492 huc
410 4447 432 4476 ο
465 4440 613 4508 quod
645 4452 825 4508 petere
845 4457 904 4498 se
926 4445 1287 4515 promittebat,
1325 4450 1872 4521 obtinuitmuatenus

269 4527 400 4596 quia
431 4543 601 4597 usque
625 4531 691 4594 ad
713 4547 848 4602 opus
862 4548 973 4600 non
999 4549 1212 4600 verterat
1249 4540 1428 4610 culpa,
1458 4557 1631 4612 usque
1660 4544 1726 4598 ad
1758 4561 1875 4599 cru-

267 4619 474 4680 ciatum
499 4635 604 4682 non
628 4625 925 4692 perveniret
943 4629 1280 4697 paenitentia,
1318 4633 1416 4688 sed
1465 4636 1692 4704 cogitata
1734 4635 1872 4690 afﬂi-

1991 653 2219 726 admissa
2252 653 2530 736 plangunt,
2564 667 2661 708 nec
2691 663 2866 708 tamen
2916 639 3191 720 deserunt,
3223 662 3280 708 ut
3320 654 3571 711 conside-

1989 760 2111 816 rare
2140 747 2366 803 sollicite
2385 741 2568 802 sciant
2601 747 2724 820 quia
2751 745 2930 802 ﬂendo
2951 747 3181 803 inaniter
3207 762 3266 803 se
3288 748 3570 813 mundant,

1988 837 2077 912 qui
2098 835 2324 892 vivendo
2351 851 2411 893 se
2439 837 2681 908 nequiter
2705 837 3002 908 inquinant,
3034 827 3380 894 cum'ldcirco
3405 851 3464 893 se
3494 839 3572 893 la-

1988 915 2186 1000 crymis
2216 929 2410 998 lavant,
2455 936 2514 984 ut
2569 930 2753 984 mundi
2797 928 2864 983 ad
2907 933 3094 984 sordes
3140 927 3378 984 redeant.
3437 928 3573 984 illnc

1988 1019 2128 1073 enim
2159 1020 2416 1092 scriptum
2440 1029 2523 1076 est
2554 1037 2566 1075 :
2599 1019 2752 1075 Canis
2776 1037 3005 1098 reversus
3029 1021 3097 1075 ad
3120 1036 3267 1074 suum
3301 1021 3569 1088 uomitum,

1985 1119 2033 1165 et
2055 1128 2142 1166 sus
2169 1112 2275 1166 tota
2298 1112 2353 1166 in
2379 1112 2644 1167 volutabra
2677 1110 2775 1167 luti
2803 1110 2986 1183 (Prov.
3017 1128 3161 1178 xxvi,
3202 1113 3297 1174 H;
3329 1110 3397 1166 ΙΙ
3423 1111 3572 1168 Petr.
3672 1181 3675 1184 _

1987 1218 2046 1268 ll,
2073 1201 2190 1274 2‘2).
2229 1205 2389 1260 Canis
2416 1206 2611 1275 quippe
2639 1219 2761 1260 cum
2790 1204 2976 1282 vomit,
3009 1205 3253 1275 profecto
3275 1205 3455 1260 cibum
3480 1204 3573 1274 qui

1986 1304 2169 1364 pectus
2196 1284 2556 1366 deprimebat,
2601 1296 2846 1367 proiicit;
2902 1295 2996 1352 sed
3034 1310 3155 1352 cum
3203 1297 3270 1352 ad
3314 1296 3572 1352 vomitum

1986 1387 2290 1458 revertitur,
2337 1388 2480 1444 unde
2528 1391 2790 1459 levigatus
2837 1389 3030 1456 fuerat,
3082 1405 3267 1446 rursus
3295 1397 3569 1447 oneratur.

1984 1477 2048 1532 Et
2071 1478 2162 1554 qui
2186 1479 2417 1547 admissa
2449 1482 2730 1553 plangunt,
2764 1482 3002 1552 profecto
3030 1485 3341 1555 nequitiam,
3375 1485 3441 1539 de
3467 1498 3570 1554 qna

1984 1572 2122 1628 male
2147 1572 2323 1628 satiati
2372 1573 2600 1640 fuerant,
2631 1584 2687 1631 et
2716 1591 2834 1646 quae
2863 1576 3058 1632 mentis
3088 1577 3275 1631 intima
3303 1577 3574 1646 deprime-

1982 1665 2094 1736 bat,
2127 1667 2430 1726 conlitendo
2465 1670 2771 1741 projiciunt,
2807 1686 2963 1741 quam
3012 1679 3133 1741 post
3175 1671 3568 1727 confessionem

1982 1758 2108 1814 dum
2142 1769 2410 1830 repetunt,
2442 1771 2737 1822 resumunt.
2775 1762 2878 1832 Sus
2917 1777 3049 1818 vero
3079 1764 3132 1817 in
3168 1761 3448 1820 volutabro
3472 1763 3569 1818 luti

1982 1867 2102 1907 cum
2127 1852 2353 1921 lavatur,
2379 1855 2648 1910 sordidior
2672 1854 2930 1910 redditur.
2955 1855 3020 1909 Et
3046 1857 3134 1925 qui
3156 1855 3389 1912 admissa
3423 1856 3571 1926 plan-

1980 1945 2076 2016 git,
2100 1946 2390 2001 nec'tamen
2408 1948 2629 2013 deserit,
2646 1963 2817 2019 paenae.
2839 1961 2860 1984 ε’
2876 1948 3136 2019 gravioris
3161 1950 3336 2018 culpae
3359 1965 3418 2006 se
3440 1950 3568 2005 sub-

1979 2039 2099 2110 jicit
2125 2039 2346 2110 (Eadem
2376 2042 2522 2107 dist.,
2556 2059 2601 2095 ε.
2631 2041 2718 2108 14,
2771 2041 2872 2109 Qui
2897 2041 3122 2096 admissa
3161 2041 3419 2120 plangit);
3451 2043 3571 2111 quia

1983 2140 2038 2186 et
2065 2133 2231 2204 ipsam
2259 2147 2416 2203 quam
2448 2133 2626 2189 ﬂendo
2662 2133 2837 2203 potuit
2866 2133 3157 2203 impetrare
3182 2133 3395 2189 veniam
3441 2148 3568 2187 con-

1989 2225 2200 2288 temnit,
2233 2237 2285 2279 et
2317 2226 2465 2294 quasi
2509 2226 2560 2280 in
2611 2235 2781 2280 lutosa
2827 2240 2960 2295 aqua
3005 2225 3352 2300 semetipsum
3385 2226 3570 2293 volvit,

1982 2313 2104 2384 quia
2134 2314 2260 2370 dum
2308 2315 2520 2371 ﬂetibus
2571 2316 2682 2372 suis
2732 2317 2854 2372 vita:
2900 2317 3216 2372 munditiam
3277 2317 3569 2381 subtrahit,

1982 2417 2106 2462 ante
2141 2410 2228 2465 Dei
2260 2411 2441 2465 oculos
2470 2411 2714 2466 sordidas
2744 2414 2883 2481 ipsas
2911 2414 3070 2467 etiam
3121 2413 3383 2484 lacrymas
3418 2414 3566 2470 facit.

1983 2497 2119 2554 Hinc
2145 2516 2355 2555 rursum
2395 2501 2653 2571 scriptum
2684 2511 2804 2557 est:
2842 2502 2924 2557 Ne
2958 2505 3109 2558 iteres
3137 2506 3341 2559 verbum
3367 2507 3420 2560 in
3450 2523 3570 2562 ora-

1984 2591 2121 2643 tione
2153 2600 2243 2645 tua
2273 2592 2458 2661 (Eccti.
2492 2608 2583 2661 vn,
2639 2593 2746 2663 15).
2802 2595 2910 2665 87
2965 2594 3197 2650 Verbum
3247 2612 3476 2668 namque
3522 2598 3571 2657 in

1983 2685 2228 2742 oratione
2275 2688 2492 2751 iterare,
2540 2697 2622 2741 est
2673 2697 2790 2754 post
2849 2687 3027 2742 ﬂetum
3067 2689 3401 2744 committere
3431 2689 3572 2758 quod

1983 2791 2194 2832 rursum
2242 2793 2462 2834 necesse
2510 2779 2578 2834 sit
2627 2779 2776 2836 ﬂere.
2812 2778 2943 2834 Hinc
2974 2794 3071 2850 per
3121 2779 3307 2835 Isaiam
3338 2780 3571 2836 dicitur:

1984 2868 2251 2926 Laoamini
2295 2871 2448 2945 (Isai.
2479 2887 2514 2938 ι,
2553 2872 2660 2943 16),
2708 2871 2886 2926 mundi
2914 2881 3071 2928 estote
3103 2873 3322 2943 (Eadem
3350 2875 3496 2941 dist.,
3521 2890 3570 2932 ο.

1985 2962 2074 3024 15,
2105 2961 2418 3033 Lat'amini).
2445 2963 2571 3018 Post
2605 2963 2877 3020 lavacrum
2908 2965 3049 3020 enim
3076 2965 3305 3020 mundus
3331 2979 3451 3020 esse
3480 2979 3571 3022 ne-

1981 3053 2152 3124 gligit,
2178 3055 2422 3126 quisquis
2453 3064 2577 3126 post
2603 3057 2868 3127 lacrymas
2909 3055 3026 3111 titan
3071 3056 3430 3112 innocentiam
3462 3070 3570 3112 non

1982 3145 2230 3199 custodit.
2262 3148 2329 3200 Et
2355 3146 2602 3202 lavantur
2623 3161 2750 3216 ergo
2771 3155 2825 3201 et
2856 3161 3187 3217 nequaquam
3213 3147 3395 3201 mundi
3423 3155 3568 3217 sunt,

1980 3238 2072 3307 qui
2097 3239 2384 3294 commissa
2413 3239 2546 3296 ﬂere
2570 3255 2675 3294 non
2704 3238 2982 3306 desinunt,
3036 3240 3128 3294 scd
3162 3255 3347 3294 rursus
3392 3240 3567 3297 ﬂenda

1979 3331 2340 3385 committunt.
2373 3331 2510 3385 Hinc
2540 3346 2634 3399 per
2686 3329 2967 3398 quemdam
2999 3330 3293 3397 sapientem
3325 3330 3520 3384 dicitur
3552 3347 3566 3385 :

1983 3419 2006 3459 τ
2036 3422 2136 3489 Qui
2164 3424 2456 3492 baptizatur
2475 3440 2506 3476 a
2532 3431 2754 3486 mortuo,
2775 3429 2822 3475 et
2844 3423 3028 3475 iterum
3053 3421 3212 3492 tangit
3236 3421 3406 3486 illum,
3438 3423 3564 3490 quid

1978 3503 2395 3589 pro/icitlavatio
2441 3519 2550 3590 ejus
2605 3513 2792 3585 (Ecclt'.
2849 3530 3028 3585 xxuv,
3085 3513 3211 3585 50)!
3261 3515 3565 3586 Baptizatur

1979 3609 2176 3680 quippe
2224 3624 2253 3663 a
2298 3620 2511 3664 mortuo
2560 3607 2783 3682 (Eadem
2833 3608 2977 3675 dist.,
3020 3624 3066 3662 c.
3105 3606 3189 3672 16,
3223 3606 3569 3677 Baptizatur),

1978 3702 2071 3773 qui
2091 3703 2379 3759 mundatur
2408 3703 2619 3758 ﬂetibus
2647 3719 2675 3756 a
2706 3712 2953 3772 peccato;
2997 3701 3092 3757 sed
3148 3713 3266 3770 post
3305 3703 3569 3771 baptisma

1979 3804 2245 3852 mortuum
2276 3795 2463 3866 tangit,
2497 3794 2586 3865 qui
2614 3794 2828 3863 culpam
2861 3802 2979 3864 post
3011 3794 3274 3865 lacrymas
3306 3795 3523 3863 repetit.

2054 3888 2393 3944 Admonendi
2442 3870 2698 3959 suntqui
2754 3886 2982 3941 admissa
3034 3886 3307 3956 plangunt,
3361 3899 3459 3940 nec
3495 3893 3569 3938 ta-

1979 3996 2104 4036 men
2130 3981 2406 4048 deserunt,
2447 3989 2503 4034 ut
2529 3989 2654 4035 ante
2699 3979 2926 4032 districti
2953 3977 3147 4046 judicis
3189 3978 3374 4033 oculos
3403 3978 3484 4032 eis
3512 3993 3570 4033 se

1979 4090 2098 4130 esse
2129 4075 2333 4129 similes
2360 4061 2674 4144 agnoscant,
2706 4073 2793 4142 qui
2820 4074 3094 4136 venientes
3126 4071 3191 4125 ad
3221 4071 3410 4126 faciem
3441 4085 3569 4141 quo-

1978 4167 2224 4222 rumdam
2280 4167 2580 4232 hominum,
2636 4179 2825 4235 magna
2882 4165 2959 4219 eis
3009 4163 3362 4220 submissione
3411 4163 3570 4238 blan-

1980 4262 2235 4327 diuntur;
2291 4261 2607 4316 recedentes
2655 4269 2856 4325 autem,
2908 4255 3219 4312 inimicitias
3273 4272 3334 4310 ac
3374 4257 3567 4313 damna

1980 4371 2098 4424 quae
2129 4355 2303 4410 valent
2333 4353 2588 4408 atrociter
2615 4351 2870 4408 inferunt.
2906 4350 3043 4419 Quid
3070 4360 3153 4406 est
3192 4353 3331 4406 enim
3357 4352 3568 4422 culpam

1979 4447 2128 4512 ﬂere,
2154 4447 2254 4502 nisi
2281 4447 2633 4503 humilitatem
2667 4447 2773 4500 Deo
2800 4459 2910 4501 sua:
2931 4445 3231 4512 devotionis
3252 4445 3565 4499 ostendere!

1979 4537 2046 4594 Et
2069 4537 2193 4608 quid
2224 4547 2305 4593 est
2328 4545 2449 4607 post
2475 4537 2655 4604 ﬂetum
2675 4551 2837 4612 prava
2861 4550 3042 4607 agere,
3086 4534 3189 4588 nisi
3221 4532 3479 4602 superbas
3508 4533 3562 4586 in

1979 4646 2101 4686 eum
2129 4645 2284 4700 quem
2317 4637 2618 4702 rogaverat,
2662 4627 2968 4683 inimicitias
3023 4623 3313 4681 exercere?
3362 4621 3564 4678 Jacobo

267 4711 382 4768 ctio
425 4721 663 4776 mentem
701 4725 966 4788 tergeret,
1001 4736 1161 4790 quam
1202 4724 1453 4780 nimirum
1497 4730 1868 4787 tantummodo
1895 4741 1952 4808 ι)
1982 4732 2274 4780 attestante
2307 4724 2395 4794 qui
2451 4725 2561 4779 ait:
2620 4723 2924 4792 Quicunque
2974 4717 3189 4773 voluerit
3230 4715 3425 4769 amicus
3459 4729 3564 4770 esse

267 4801 294 4844 ⁸
318 4807 562 4877 εούιαιι
591 4808 842 4880 inuentus
865 4812 1220 4884 inquinasset.

679 4924 905 4981 CAPUT
944 4927 1092 4984 xxx
1134 4930 1241 5002 [Αλ.
1284 4929 1414 4987 LIV
1420 4931 1460 5003 J.

263 5012 550 5096 Quomodo
915 5021 1004 5090 qui
1041 5038 1075 5074 α
1103 5024 1324 5090 peccatis
1356 5040 1470 5094 quae
1501 5027 1712 5096 deﬂent,
1764 5048 1866 5086 non

416 5086 702 5155 abstinent;
732 5099 777 5142 et
806 5091 895 5159 qui
925 5086 1038 5144 eum
1065 5086 1378 5163 abstineant,
1406 5114 1506 5152 non
1525 5086 1735 5170 deﬂeni.

340 5176 666 5249 (Mmitia
709 5176 830 5249 3t.)
856 5181 1029 5238 Aliter
1072 5184 1394 5244 admonendi
1451 5199 1574 5248 sunt
1630 5192 1718 5261 qui
1767 5195 1864 5248 ad-

256 5271 717 5345 niuaplanguat
767 5272 874 5344 (De
919 5292 1076 5345 μανι..
1129 5279 1254 5334 dist.
1283 5281 1340 5346 ὅ,
1375 5298 1422 5335 c.
1472 5284 1576 5348 Qui
1630 5285 1860 5340 admissa

251 5364 572 5438 pta-gat),
589 5375 883 5428 meamea
906 5367 1193 5437 deserunt;
1218 5383 1378 5442 atque
1405 5375 1561 5431 aliter
1587 5377 1676 5447 qui
1700 5378 1862 5434 dese-

331 5603 364 5667 f
407 5589 882 5667 garnot._primus,
907 5611 1021 5649 cum
1059 5610 1215 5666 prava
1243 5598 1484 5667 suggerit.

329 5665 365 5705 δ
411 5664 597 5731 Tree.,
627 5665 733 5721 duo
756 5666 963 5736 priores
977 5664 1234 5733 εει-πίοι..
1267 5664 1373 5721 duo
1404 5668 1612 5736 priores
1646 5666 1858 5723 Gemet.

251 5748 310 5794 et
340 5736 581 5808 Bellum,
613 5753 710 5808 per
735 5738 1143 5805 correctionem,
1176 5748 1222 5792 et
1250 5739 1359 5794 ittic
1381 5755 1608 5807 serpens.

333 5819 360 5848 ε
406 5807 757 5874 ιθυάηίναι.
790 5810 894 5873 CL,
945 5812 1133 5864 tertius
1166 5809 1373 5865 ϐιιωοε.
1425 5821 1476 5863 et
1510 5811 1696 5864 tertius
1727 5809 1861 5864 Car—

251 5891 405 5945 not.,
439 5877 538 5932 hoc
559 5879 699 5949 quod
727 5889 934 5949 peteret,
970 5881 1262 5956 paenitendo
1290 5881 1526 5942 obtinuit.

328 5948 361 5989 (ι
408 5951 529 6007 Duo
550 5952 763 6007 priores
793 5949 1022 6007 Getnet..
1065 5953 1279 6007 agitata.

459 5964 529 6007 tto
549 5965 763 6017 priores
793 5962 1022 6017 Uetnet.,
1065 5962 1279 6018 agitata.

1979 4820 2154 4876 seaculi
2180 4821 2354 4890 hujus,
2389 4818 2625 4872 inimicus
2669 4815 2764 4870 Dei
2817 4815 3138 4868 constituitur
3179 4810 3320 4880 (Jac.
3377 4824 3449 4876 tv,
3481 4809 3564 4879 4).

1980 4913 2315 4970 Admonendi
2374 4923 2499 4967 sunt
2548 4910 2639 4981 qui
2668 4908 2900 4964 admissa
2931 4905 3206 4974 plangunt,
3259 4917 3356 4958 nec
3386 4911 3564 4957 tamen

1975 5006 2248 5071 deserunt,
2281 5014 2339 5062 ut
2358 5005 2584 5060 sollicite
2621 4999 2964 5055 considerent
2994 4997 3114 5064 quia
3145 4996 3212 5049 ita
3246 4994 3566 5066 plerumque

1974 5100 2102 5157 mali
2159 5100 2420 5154 inutiliter
2470 5097 2900 5164 compunguntur
2970 5089 3034 5143 ad
3083 5087 3366 5160 justitiam,
3430 5087 3566 5141 sicut

1980 5196 2292 5266 plerumque
2344 5189 2469 5245 boni
2526 5182 2742 5241 innoxie
2795 5189 3068 5237 tentantur
3120 5179 3185 5234 ad
3214 5179 3447 5249 culpam.
3482 5177 3567 5232 Fit

1977 5290 2172 5359 quippe
2194 5289 2324 5342 mira
2351 5279 2687 5352 exigentibus
2710 5275 2910 5332 meritis
2943 5273 3309 5346 dispositionis
3329 5271 3557 5326 internae

1979 5395 2250 5446 mensura,
2275 5387 2331 5431 nt
2353 5384 2406 5432 et
2436 5374 2509 5429 illi
2539 5373 2664 5428 dum
2692 5371 2758 5427 de
2786 5366 3157 5437 bonoaliquid
3187 5373 3370 5438 agunt,
3415 5362 3560 5433 quod

2055 5607 2078 5637 ε
2099 5599 2305 5655 Bellov.
2334 5607 2388 5652 et
2416 5597 2685 5652 secundus
2706 5594 2896 5659 Carm,
2913 5600 3056 5650 tutuo
3082 5588 3306 5662 graviori
3335 5587 3554 5656 σηιρω..

1977 5680 2170 5741 quanto
2191 5681 2236 5724 et
2265 5671 2451 5739 ipsum.
2630 5738 2639 5741 Α
2793 5735 2808 5741 _
2879 5734 2923 5741 _
3120 5734 3132 5741 _
3334 5739 3340 5741 _
3390 5739 3396 5741 _
3515 5730 3525 5741 .

2057 5741 2075 5780 τ
2124 5742 2200 5796 Ad
2258 5734 2394 5795 hunc
2425 5741 2595 5795 locum
2627 5738 2679 5792 in
2711 5735 2832 5792 cod.
2879 5734 3133 5790 Treeensi
3183 5739 3469 5786 annotatur
3514 5734 3564 5784 in

1986 5815 2224 5883 margine
2257 5831 2268 5866 :
2302 5812 2452 5881 Apud
2489 5811 2844 5883 δαιοηλοηρηιἶ
2867 5803 3269 5883 ρᾳορηρτοδαι
3298 5804 3559 5858 Salomon

1981 5875 2429 5954 tuncvascriptum
2454 5883 2614 5937 fuisse
2645 5876 3003 5952 Ecclesiastici
3031 5875 3245 5931 librum.
