4036 6346
500 435 591 493 ιιι
1267 380 1303 419 ’γ
1706 427 2062 488 SANCTIGB

2169 432 2303 489 ORII
2344 431 2555 489 MAGNI

3655 434 3748 487 ΗΞ

498 558 679 605 tamen
710 560 816 601 non
851 543 1150 616 perficiunt,
1176 544 1403 613 superbe
1434 544 1571 599 inter
1601 545 1713 615 ipsa
1760 558 1880 612 quae
1903 544 2063 598 etiam
2095 548 2139 605 Α
2171 544 2449 599 humiliare
2476 541 2789 598 contemnit.
2833 540 2931 607 Qui
2958 554 3083 597 vero
3131 548 3345 611 peccata
3371 556 3478 612 1am
3524 540 3744 609 deserit,

496 642 805 711 plenissime
826 646 1131 710 perpetrant
1162 637 1299 692 mala
1327 638 1626 703 confidant;
1658 645 1712 691 et
1739 637 1823 692 isti
1846 637 1971 691 dum
2002 638 2071 693 de

496 735 637 789 malo
692 739 985 796 tentantur,
1038 729 1125 785 cui
1182 744 1511 801 nequaquam
1560 730 1920 796 consentiunt,
1964 744 2071 799 quo

495 841 592 895 per
615 824 983 881 infirmitatem
1012 824 1265 890 titubant,
1294 839 1360 879 eo
1382 839 1598 893 gressus
1620 824 1797 880 cordis
1827 824 1891 877 ad
1914 822 2071 894 justi-

494 920 621 975 tiam
649 934 739 989 per
768 918 1119 974 humilitatem
1146 920 1323 973 verius
1376 918 1560 987 ﬁgant.
1612 918 1824 973 Balaam
1854 916 2067 986 quippe,

492 1013 752 1081 iustorum
785 1011 1119 1067 tabernacula
1151 1011 1467 1080 respiciens,
1499 1010 1574 1065 ait
1602 1027 1614 1063 :
1667 1007 1920 1064 Moriatur
1953 1008 2069 1061 ani-

492 1118 580 1156 ma
606 1120 717 1156 mea
742 1110 906 1156 morte
927 1106 1208 1174 justorum,
1233 1112 1282 1155 et
1302 1102 1429 1171 ﬁant
1454 1103 1727 1156 novissima
1750 1117 1861 1155 mea
1886 1100 2070 1153 horum

492 1197 683 1250 similia
705 1194 893 1267 (Num.
935 1210 1083 1259 nm,
1143 1193 1256 1265 10).
1316 1194 1423 1251 Sed
1480 1210 1599 1250 cum
1649 1193 2071 1261 compunctionis

492 1300 701 1360 tempus
730 1290 1006 1357 abscessit,
1038 1298 1221 1345 contra
1252 1304 1435 1346 eorum
1466 1291 1651 1357 vitam,
1680 1289 1870 1360 quibus
1908 1302 1967 1342 se
1994 1288 2072 1341 si-

491 1384 670 1438 milem
702 1381 813 1437 fieri
866 1380 1025 1437 etiam
1080 1382 1358 1437 moriendo
1400 1390 1738 1453 poposcerat,
1786 1378 2067 1435 consilium

492 1472 743 1542 praebuit;
773 1482 826 1527 et
872 1487 994 1528 cum
1027 1475 1365 1530 occasionem
1394 1474 1462 1529 de
1508 1472 1731 1528 avaritia
1764 1472 1984 1541 reperit,
2018 1469 2073 1524 il-

491 1565 594 1617 lico
612 1562 811 1618 oblitus
832 1576 916 1620 est
963 1565 1219 1635 quidquid
1247 1566 1347 1621 sibi
1406 1565 1472 1621 de
1525 1566 1825 1620 innocentia
1868 1564 2070 1634 optavit

490 1653 676 1724 (Ibid.,
706 1670 852 1721 xxiv,
885 1655 997 1725 14).
1054 1656 1189 1711 llinc
1233 1671 1360 1712 vero
1416 1658 1601 1712 doctor
1647 1666 1700 1711 et
1755 1656 2070 1725 prredicator

486 1747 719 1814 gentium
744 1744 961 1811 Paulus,
999 1748 1072 1801 ait
1102 1763 1116 1802 :
1152 1746 1313 1801 Video
1339 1748 1496 1802 aliam
1536 1746 1699 1822 legem
1726 1750 1781 1803 in
1834 1748 2069 1803 membris

486 1840 630 1902 meis,
660 1849 1025 1909 repugnantem
1082 1842 1183 1914 legi
1222 1844 1404 1897 mentis
1441 1858 1588 1909 mete,
1631 1852 1678 1897 et
1707 1845 1962 1915 captiuum
1990 1859 2070 1897 me

2174 652 2271 692 nec
2300 645 2475 690 tamen
2504 635 2726 705 plangit,
2758 634 2865 703 jam
2910 633 3122 703 quidem
3158 635 3420 699 humiliztt,
3451 623 3546 690 sed
3570 646 3747 693 tamen

2172 741 2266 783 cor
2294 735 2575 782 conterere
2602 735 2830 781 recusat.
2866 724 2997 780 Hinc
3028 726 3222 781 Paulus
3250 728 3322 781 ait
3355 741 3369 781 :
3402 724 3467 779 Et
3496 726 3606 782 lttec
3638 728 3750 798 qui-

2173 820 2287 874 dem
2316 819 2519 889 fuistis;
2552 828 2574 857 °
2603 820 2692 873 sed
2742 817 2904 871 abluti
2958 819 3094 882 estis,
3143 819 3230 873 sed
3285 820 3587 887 sanctiﬁcati
3632 823 3749 875 estis

2173 909 2229 983 (Ι
2258 910 2379 966 Cor.
2410 927 2483 978 vt,
2520 912 2633 979 Η).
2683 909 2815 978 Quia
2861 912 3110 967 nimirum
3139 912 3255 967 illos
3284 913 3615 968 emendatior
3640 913 3746 967 vita

2173 1004 2492 1071 sanctificat,
2523 1019 2654 1074 quos
2698 1018 2792 1073 per
2839 1006 3204 1072 paenitentiam
3263 1005 3484 1061 abluens
3527 1006 3749 1063 afﬂictio

2173 1095 2392 1150 ﬂetuum
2425 1096 2663 1150 mundat.
2696 1094 2827 1150 Hinc
2857 1095 3046 1151 Petrus
3076 1112 3195 1152 cum
3227 1097 3487 1166 quosdam
3534 1100 3750 1154 territos

2174 1186 2434 1241 malorum
2476 1200 2696 1241 suorum
2725 1187 3153 1243 consideratione
3178 1189 3533 1259 conspiceret,
3565 1191 3751 1245 admo-

2174 1281 2307 1345 nuit,
2338 1279 2523 1336 dicens
2556 1297 2571 1334 :
2619 1280 2981 1338 Pwnitentiam
3010 1286 3168 1357 agite,
3197 1294 3245 1341 et
3287 1288 3565 1358 baptizatur
3592 1305 3752 1343 unus-

2172 1373 2376 1441 quisque
2405 1382 2621 1427 t'estrum
2655 1374 2790 1444 (Act.
2822 1391 2894 1445 ιι,
2912 1373 3026 1447 38).
3046 1376 3292 1433 Dicturus
3307 1380 3448 1434 enim
3464 1381 3746 1449 baptiuna,

2174 1463 2432 1535 praemisit
2472 1466 2803 1534 paenitentiae
2834 1468 3089 1539 lamenta,
3120 1483 3176 1527 ut
3204 1473 3349 1543 prius
3379 1488 3438 1528 se
3469 1490 3602 1544 aqua
3637 1491 3750 1531 sum

2171 1556 2475 1613 afflictionis
2506 1558 2866 1629 infunderent,
2922 1572 2977 1618 et
3028 1566 3367 1633 postmodum
3413 1581 3751 1624 sacramento

2172 1648 2504 1719 baptismatis
2532 1652 2788 1709 lavarent.
2808 1655 2921 1722 Qua
2955 1656 3113 1726 igitur
3141 1668 3317 1714 mente
3341 1660 3429 1729 qui
3456 1670 3752 1717 transactus

2172 1741 2355 1812 culpas
2380 1741 2511 1797 ﬂere
2540 1744 2835 1815 negligunt,
2868 1745 3052 1801 vivunt
3081 1748 3255 1803 securi
3281 1749 3348 1804 de
3376 1750 3548 1816 venia,
3578 1766 3751 1821 quan-

2171 1832 2239 1888 do
2262 1834 2376 1904 ipse
2403 1849 2645 1891 summus
2684 1838 2868 1892 Pastor
2898 1836 3154 1895 Ecclesiae
3180 1841 3304 1895 huic
3349 1843 3509 1897 etiam
3551 1842 3749 1899 Sacra-

485 1938 748 1993 ducentem
783 1938 839 1991 in
884 1938 993 2009 lege
1028 1939 1241 2011 peccati,
1273 1955 1386 2009 quae
1433 1949 1506 1993 est
1557 1939 1610 1993 in
1656 1938 1892 1993 membris
1945 1940 2062 1993 meis

2171 1935 2352 1981 mento
2375 1926 2672 1982 addendam
2700 1932 3062 1996 pmnttentiam
3086 1931 3334 2001 credidit,
3356 1932 3497 2003 quod
3522 1944 3742 2005 peccata

484 2029 661 2099 (Rom.
686 2045 779 2096 vu,
807 2030 922 2100 23).
945 2031 1045 2098 Qui
1094 2031 1334 2101 profecto
1390 2030 1590 2087 idcirco
1635 2039 1889 2097 tentatur,
1922 2042 1981 2087 ut
2013 2034 2065 2087 in

483 2118 623 2174 bono
653 2120 921 2176 robustius
940 2138 1011 2177 ex
1039 2123 1153 2193 ipsa
1198 2122 1521 2177 infirmitatis
1547 2137 1659 2177 sua:
1690 2131 1714 2159 η
1759 2123 2067 2193 cognitione

483 2210 761 2266 solidetur.
794 2212 933 2279 Quid
956 2222 1034 2267 est
1082 2227 1211 2283 ergo
1257 2214 1399 2284 quod
1453 2214 1544 2268 ille
1587 2214 1977 2284 compungitur,
2011 2223 2067 2269 et

482 2316 659 2359 tamen
684 2305 903 2374 iustitiae
931 2320 1035 2360 non
1067 2308 1488 2377 appropinquat;
1551 2309 1650 2364 iste
1699 2316 1955 2377 tentatur,
2009 2316 2065 2363 et

481 2407 654 2452 tamen
687 2412 809 2452 eum
839 2398 992 2469 culpa
1021 2414 1127 2454 non
1160 2400 1422 2470 inquinat,
1454 2401 1555 2455 nisi
1590 2401 1689 2455 hoc
1713 2402 1851 2471 quod
1878 2410 2063 2471 aperte

480 2490 799 2559 ostenditur,
831 2491 971 2562 quod
1002 2507 1100 2547 nec
1158 2494 1325 2548 malos
1379 2494 1514 2547 bona
1558 2494 1865 2562 imperfecta
1912 2494 2058 2563 adju-

480 2592 625 2649 vant,
655 2598 751 2638 nec
781 2583 949 2638 bonos
974 2584 1110 2638 mala
1142 2585 1562 2640 inconsummata
1595 2586 1987 2641 condemnant?

553 2680 623 2730 At
650 2685 832 2731 contra
863 2677 1184 2733 admonendi
1232 2688 1356 2733 sunt
1380 2679 1470 2748 qui
1502 2679 1735 2733 admissa
1779 2678 2055 2745 deserunt,

478 2783 577 2822 nec
598 2778 776 2824 tamen
808 2770 1093 2841 plangunt;
1141 2787 1207 2827 ne
1227 2769 1336 2840 jam
1366 2772 1633 2827 relaxatas
1658 2772 1923 2828 aestiment
1947 2772 2061 2826 cul-

478 2874 595 2931 pas,
628 2876 759 2930 quas
785 2862 884 2917 etsi
912 2862 1117 2933 agendo
1146 2877 1251 2918 non
1283 2863 1653 2933 multiplicant,
1684 2864 1844 2920 nullis
1880 2875 2059 2921 tamen

478 2955 690 3010 fletibus
722 2957 995 3012 mundant.
1045 2956 1229 3028 Neque
1280 2958 1420 3013 enim
1472 2962 1722 3028 scriptor,
1753 2964 1795 3014 si
1841 2974 1870 3013 a
1904 2960 2060 3015 .scri-

480 3044 662 3115 ptione
686 3048 993 3114 cessaverit,
1024 3050 1146 3119 quia
1176 3048 1280 3102 alia
1327 3065 1433 3104 non
1476 3048 1701 3118 addidit,
1754 3051 1916 3106 etiam
1967 3051 2057 3107 illa

480 3152 597 3205 qua:
626 3138 912 3209 scripserat
941 3140 1169 3207 delevit;
1199 3155 1295 3195 nec
1326 3141 1416 3211 qui
1441 3143 1793 3198 contumelias
1822 3144 2056 3215 irrogat,

479 3230 519 3284 si
549 3231 883 3289 solummodo
915 3235 1159 3302 tacuerit,
1199 3233 1477 3299 satisfecit,
1522 3250 1641 3291 cum
1683 3236 1923 3306 profecto
1955 3254 2055 3295 ne—

2172 2019 2537 2090 principaliter
2570 2023 2899 2093 exstinguit?

2551 2134 2779 2190 CAPUT
2832 2116 3154 2211 xxxriaa
3209 2138 3350 2209 LVL

2169 2246 2432 2325 Quomodo
2461 2248 2764 2325 admonendi
2792 2254 2878 2320 qui
2933 2252 3115 2307 illicita
3141 2271 3357 2325 quorum
3396 2264 3516 2311 sunt
3556 2260 3753 2314 conscii

2235 2316 2482 2385 laudant;
2511 2328 2557 2374 et
2599 2321 2687 2389 qui
2729 2316 3164 2388 condemnantesf
3191 2327 3395 2381 minime
3448 2337 3613 2384 tamen
3659 2347 3753 2384 ca-

2234 2399 2363 2443 vent.

2236 2479 2553 2551 (Admonitio
2580 2484 2695 2556 32.)
2738 2486 2908 2542 Aliter
2939 2489 3261 2545 admonendi
3290 2498 3413 2545 sunt
3441 2491 3530 2562 qui
3558 2492 3754 2550 illicita

2165 2584 2280 2639 quae
2306 2573 2503 2630 faciunt
2528 2576 2687 2631 etiam
2718 2577 2966 2647 laudant;
2999 2589 3159 2650 atque
3184 2583 3338 2637 aliter
3365 2586 3455 2653 qui
3489 2596 3755 2640 accusant

2162 2680 2349 2735 prava,
2379 2683 2476 2725 nec
2524 2679 2700 2728 tamen
2752 2672 3012 2730 devitant.
3064 2676 3392 2729 Admonetidi
3452 2686 3576 2732 sunt
3602 2679 3757 2733 enim

2161 2765 2253 2834 qui
2280 2765 2461 2820 illicita
2484 2783 2603 2837 quae
2631 2765 2832 2824 iaciunt
2857 2770 3017 2824 etiam
3050 2770 3289 2839 laudant,
3313 2781 3370 2826 ιιι
3397 2774 3758 2829 considerent

2161 2858 2301 2925 quod
2332 2858 2647 2929 plerumque
2701 2860 2820 2930 plus
2859 2877 2954 2917 ore
2981 2877 3138 2932 quam
3190 2878 3353 2932 opere
3405 2863 3751 2934 delinquant.

2161 2947 2335 3018 Opere
2383 2966 2608 3021 namque
2654 2967 2748 3022 per
2785 2956 3105 3024 semetipsos
3135 2956 3281 3011 solos
3334 2970 3493 3026 prava
3548 2972 3757 3026 perpe-

2165 3048 2341 3106 trant;
2373 3056 2468 3096 ore
2494 3050 2671 3114 autem
2714 3056 2810 3112 per
2834 3052 2911 3099 tot
2939 3058 3196 3113 personas
3236 3044 3566 3114 iniquitatem
3596 3046 3761 3100 exhi-

2162 3130 2307 3198 bent,
2329 3102 2472 3201 quot
2504 3102 2835 3189 audientium
2867 3102 3074 3205 mentes
3102 3136 3278 3207 iniqua
3333 3102 3612 3192 laudantes
3641 3139 3764 3193 do-

2162 3231 2305 3278 cent.
2338 3222 2671 3278 Admonendi
2717 3239 2845 3293 ergo
2888 3234 3033 3291 sunt,
3089 3235 3148 3281 ut
3194 3226 3239 3281 si
3289 3226 3561 3283 eradicare
3608 3231 3762 3284 mala

478 3328 627 3377 ecsse
656 3324 725 3378 sit
751 3332 809 3378 ιιι
828 3326 990 3380 verba
1042 3327 1333 3396 praemissa:
1381 3326 1643 3396 superbia:
1674 3329 1851 3383 verbis
1880 3329 2061 3399 subje-

2169 3313 2529 3380 dissimulant,
2579 3316 2768 3370 saltem
2798 3317 3065 3374 seminare
3109 3318 3506 3389 pertimescant.
3547 3319 3764 3376 Admo-

479 3419 574 3465 cta:
601 3411 916 3470 humilitatis
958 3415 1264 3487 impugnet;
1298 3433 1399 3473 nec
1422 3418 1635 3474 debitor
1664 3420 1938 3477 absolutus
1973 3430 2057 3477 est

479 3503 600 3572 quia
621 3503 723 3559 alia
752 3520 856 3560 non
882 3506 1216 3577 multiplicat,
1249 3509 1353 3563 nisi
1398 3518 1454 3566 et
1505 3510 1598 3565 illa
1646 3528 1767 3580 quae
1798 3512 2059 3582 llgaverat

394 3612 404 3619 ·
476 3593 669 3650 solvat.
700 3594 778 3650 lta
804 3605 859 3652 et
886 3611 1008 3653 cum
1058 3598 1168 3657 Deo
1190 3599 1572 3670 delinquimus,
1605 3617 1937 3673 nequaquam
1967 3618 2057 3659 sa-

476 3686 769 3743 tisfacimus
798 3689 842 3742 si
872 3688 940 3743 ab
990 3688 1267 3760 iniquitate
1306 3693 1418 3762 88
1453 3706 1746 3757 cessamus,
1808 3693 1912 3748 nisi
1960 3709 2055 3749 vo-

475 3775 713 3845 luptates
742 3792 956 3848 quoque
982 3793 1116 3849 quas
1135 3780 1482 3846 dileximus,e
1502 3784 1772 3838 contrario
1801 3784 2058 3854 appositis

480 3867 729 3925 lamentis
760 3869 1121 3940 insequamur.
1153 3869 1207 3926 Si
1236 3872 1377 3927 enim
1409 3873 1549 3928 nulla
1596 3887 1692 3929 nos
1722 3875 1776 3929 in
1822 3874 1920 3930 hac
1948 3876 2056 3931 vita

478 3972 703 4027 operum
725 3960 877 4031 culpa
909 3961 1245 4027 maculasset,
1294 3978 1627 4034 nequaquam
1668 3964 1821 4019 nobis
1853 3964 1939 4021 hic
1965 3966 2058 4021 ad.

476 4048 583 4107 huc
612 4050 923 4122 degentibus
947 4054 1058 4122 ipsa
1085 4053 1150 4108 ad
1176 4055 1514 4110 securitatem
1544 4056 1850 4111 innocentia
1873 4067 2056 4113 nostra

479 4139 772 4208 sufficeret,
802 4144 925 4212 quia
954 4143 1133 4198 illicita
1157 4147 1392 4199 animum
1416 4146 1578 4200 multa
1604 4146 1901 4216 pulsarent.
1935 4148 2051 4214 Qua

478 4246 607 4302 ergo
635 4242 815 4288 mente
844 4248 1061 4289 securus
1093 4242 1196 4302 est,
1230 4236 1318 4305 qui
1346 4234 1662 4307 perpetratis
1689 4239 2055 4310 iniquitatibus

476 4323 593 4393 ipse
614 4325 713 4381 sibi
741 4325 892 4381 testis
915 4335 998 4381 est
1022 4328 1145 4397 quia
1176 4332 1434 4385 innocens
1462 4346 1567 4385 non
1597 4332 1716 4386 est?

550 4416 731 4487 Neque
755 4417 896 4473 enim
927 4416 1069 4474 Deus
1098 4420 1295 4475 nostris
1324 4423 1648 4478 cruciatibus
1678 4425 1933 4493 pascitur,
1960 4425 2055 4481 sed

480 4508 797 4564 delictorum
817 4506 845 4546 ιι
874 4509 1092 4565 morbos
1123 4510 1529 4568 medicamentis
1566 4514 1846 4571 contrariis
1874 4516 2056 4571 mede-

478 4609 587 4665 tur,
611 4608 670 4654 ut
698 4599 787 4671 qui
814 4599 1178 4670 voluptatibus
1207 4602 1455 4659 delectati
1502 4604 1867 4674 discessimus,
1918 4606 2056 4662 fleti-

477 4695 573 4751 bus
598 4698 871 4753 amarieati
894 4699 1206 4764 redeamus;
1237 4708 1290 4754 et
1310 4702 1399 4770 qui
1428 4716 1524 4770 per
1552 4703 1735 4757 illicita
1766 4702 2055 4760 defluendo
2086 4719 2135 4779 ι)

480 4788 787 4855 cecidimus,
818 4791 977 4845 etiam
1020 4804 1048 4844 a
1077 4788 1236 4845 licitis
1281 4793 1634 4863 nosmetipsos
1682 4796 2054 4867 restringendo

480 4893 789 4948 surgamus;
817 4893 870 4937 et
888 4899 982 4938 cor
1005 4883 1145 4955 quod
1173 4884 1354 4939 insana
1385 4885 1562 4940 laetitia
1606 4886 1889 4954 infuderat,
1913 4888 2057 4944 salu-

479 4970 589 5024 bris
637 4971 845 5027 tristitia
874 4985 1093 5041 exurat;
1135 4984 1187 5031 et
1215 4977 1356 5049 quod
1387 4979 1759 5033 vulneraverat
1782 4980 1943 5035 elatio
1964 4995 2056 5035 su-

480 5062 698 5131 perbiat,
730 5072 878 5119 curet
897 5066 1122 5134 abjectio
1168 5067 1383 5124 humilis
1406 5069 1550 5124 vitae.
1597 5069 1729 5124 Hinc
1750 5071 1891 5125 enim
1923 5068 2055 5125 scri-

482 5164 625 5225 ptum
656 5167 735 5210 est
765 5174 777 5209 :
809 5156 933 5211 Dixi
962 5159 1168 5229 iniquis,
1199 5160 1374 5215 Nolite
1401 5162 1573 5232 inique
1602 5179 1789 5231 agere;
1816 5173 1861 5217 et
1890 5164 2055 5220 delin-

478 5250 762 5319 quentibus,
786 5250 958 5306 Nolite
985 5253 1209 5307 exaltare
1236 5271 1391 5308 cornu
1412 5255 1529 5324 (Ps.
1558 5269 1738 5323 uxrv,
1772 5255 1845 5328 5).
1875 5256 2053 5313 Cornu

483 5342 679 5411 quippe
710 5340 1083 5413 delinquentes
1110 5343 1371 5410 exaltant,
1425 5346 1470 5399 si
1522 5361 1852 5415 nequaquam
1900 5360 1959 5403 se
1987 5347 2054 5403 ad

482 5433 845 5502 paenitentiam
885 5450 948 5490 ex
980 5437 1282 5505 cognitione
1313 5436 2053 5507 suaeiniquitatishumiliant.

485 5525 619 5581 llinc
650 5540 862 5581 rursum
897 5524 1126 5581 dicitur:
1185 5524 1284 5580 Cor
1333 5528 1604 5581 contritum
1649 5537 1697 5583 et
1729 5530 2054 5586 humiliatum

482 5615 621 5671 Deus
642 5634 744 5672 non
770 5619 963 5688 spernit
993 5616 1110 5688 (Ps.
1136 5634 1186 5686 L,
1219 5619 1328 5692 19).
1371 5619 1622 5690 Quisquis
1667 5620 1807 5676 enim
1838 5631 2054 5691 peccata

484 5709 705 5779 plangit,
736 5725 834 5767 nec
862 5720 1038 5766 tamen
1067 5709 1288 5775 deserit,
1318 5724 1411 5767 cor
1430 5711 1644 5783 quidem
1675 5713 1924 5779 conterit,
1958 5711 2054 5769 sed

554 5856 580 5922 ξι
619 5846 832 5922 _Carnot.
872 5864 1093 5922 primus,
1123 5850 1442 5922 cogitatione.

551 5918 577 5957 ι’
618 5919 760 5977 ldetn
791 5920 948 5984 Cod.
976 5923 1185 5979 morbis.

2166 3406 2327 3461 nendi
2349 3415 2491 3467 sunt.
2518 3415 2575 3461 ut
2601 3407 2681 3463 eis
2710 3408 2935 3476 perditio
2958 3410 3159 3479 privata
3187 3410 3435 3465 sufficiat.
3478 3409 3763 3466 Rursum-

2162 3514 2267 3570 que
2287 3499 2607 3556 admonendi
2632 3510 2775 3566 sunt,
2801 3510 2859 3557 ut
2897 3501 2944 3558 si
2986 3504 3110 3559 mali
3165 3506 3285 3560 esse
3331 3519 3437 3559 non
3478 3512 3762 3573 metuunt,

2161 3593 2477 3648 erubescant
2504 3574 2695 3648 saltem
2726 3592 2892 3649 videri
2918 3595 3057 3665 quod
3087 3605 3231 3650 sunt.
3255 3595 3577 3666 Plerumque
3599 3598 3767 3652 enim

2161 3683 2314 3751 culpa
2344 3683 2470 3739 dum
2525 3684 2894 3750 absconditur,
2925 3686 3205 3758 etiagatur,
3255 3688 3376 3758 quia
3418 3687 3541 3741 dum
3595 3703 3771 3746 mens

2162 3774 2432 3829 erubescit
2454 3773 2620 3830 videri
2644 3775 2784 3845 quod
2819 3786 2997 3831 tamen
3023 3792 3143 3832 esse
3177 3792 3279 3833 non
3312 3777 3520 3844 metuit,
3546 3780 3770 3835 erube-

2163 3865 2267 3920 scit
2295 3867 2616 3937 quandoque
2655 3883 2775 3924 esse
2818 3869 2959 3939 quod
3016 3870 3146 3940 fugit
3189 3871 3375 3926 videri.
3429 3869 3563 3926 Cum
3617 3888 3774 3929 vero

2162 3970 2358 4026 pravus
2383 3956 2609 4027 quisque
2650 3959 2989 4028 impudenter
3019 3960 3323 4029 innotescit,
3359 3974 3464 4031 quo
3523 3961 3773 4018 liberius

2162 4064 2323 4105 omne
2367 4050 2574 4105 facinus
2626 4060 2915 4120 perpetrat,
2975 4038 3040 4106 ἑο
3088 4052 3249 4107 etiam
3300 4052 3501 4107 licitum
3560 4063 3771 4122 putat;

2159 4143 2271 4213 89
2295 4150 2347 4198 et
2375 4142 2516 4212 quod
2547 4143 2746 4198 licitum
2775 4143 3097 4212 suspicatur,
3147 4142 3201 4198 in
3251 4145 3350 4199 hoc
3396 4144 3778 4214 proculdubio

2164 4236 2509 4305 multiplicius
2538 4238 2815 4308 mergitur.
2844 4235 2996 4293 Unde
3026 4238 3281 4307 scriptum
3308 4247 3391 4293 est
3415 4254 3430 4291 :
3464 4236 3777 4293 Peccatum

2162 4341 2311 4381 suum
2352 4327 2480 4381 sicut
2513 4328 2738 4384 Sodoma
2765 4329 3192 4398 prtedicaverunt,
3242 4345 3331 4384 nec
3373 4328 3781 4385 absconderant

2161 4415 2315 4487 (lsai.
2348 4434 2429 4486 ut,
2478 4420 2553 4490 9).
2588 4420 2871 4476 Peccatum
2898 4421 3041 4476 enim
3063 4434 3217 4476 suum
3244 4420 3289 4475 si
3334 4420 3570 4476 Sodoma
3617 4423 3781 4480 abs-

2160 4509 2434 4577 conderet,
2461 4511 2635 4567 adhue
2656 4512 2756 4567 sub
2803 4513 2994 4569 timore
3042 4518 3316 4581 peccaret.
3364 4512 3469 4570 Sed
3499 4512 3783 4573 funditus

2162 4599 2308 4655 frena
2338 4603 2545 4657 timoris
2572 4605 2847 4672 amiserat,
2880 4618 3001 4675 qua:
3025 4604 3093 4659 ad
3129 4603 3338 4674 culpam
3364 4618 3463 4660 nec
3488 4606 3783 4665 tenebras

2160 4692 2479 4765 inquirebat.
2512 4696 2663 4753 Unde
2713 4708 2767 4753 et
2817 4712 3027 4753 rursum
3081 4698 3336 4767 scripturn
3383 4697 3785 4757 est:Clansor

2164 4789 2506 4845 Sodomorum
2534 4802 2581 4846 et
2612 4790 2914 4848 Gomorrlta:
2931 4794 3300 4866 multiplicatus
3322 4803 3394 4848 est
3418 4791 3578 4864 (Gen.
3616 4811 3786 4853 xvm

2161 4880 2277 4950 20).
2312 4881 2595 4939 Peccatum
2637 4885 2833 4956 quippe
2860 4899 2982 4941 cum
3010 4900 3163 4953 voce,
3203 4894 3285 4942 est
3313 4885 3469 4956 culpa
3501 4884 3555 4940 in
3581 4889 3789 4943 actio-

2160 4988 2259 5039 ne;
2296 4987 2574 5042 peccatum
2622 4991 2749 5033 vero
2777 4977 2937 5033 etiam
2989 4992 3112 5033 cum
3151 4978 3407 5046 clamore,
3456 4984 3540 5033 est
3590 4980 3789 5051 culpa

2160 5080 2279 5122 cum
2319 5068 2584 5125 libertate.

2231 5157 2302 5213 At
2328 5169 2511 5215 contra
2552 5161 2874 5218 admonendi
2903 5171 3028 5219 sunt
3054 5162 3142 5234 qui
3171 5169 3421 5219 accusant
3441 5176 3637 5231 prava,
3661 5180 3791 5222 nec

2163 5259 2336 5305 tamen
2364 5252 2621 5320 devitant,
2640 5265 2697 5308 ut
2723 5253 2942 5321 provide
2968 5254 3298 5325 perpendant
3322 5254 3447 5325 quid
3473 5254 3528 5308 in
3559 5252 3792 5311 distri-

2162 5350 2249 5396 cto
2278 5342 2371 5397 Dei
2400 5343 2598 5411 judicio
2625 5359 2720 5414 pro
2750 5358 2845 5399 sua
2872 5346 3216 5401 excusatione
3244 5344 3441 5400 dicturi
3471 5353 3631 5410 sunt,
3672 5344 3795 5418 qui

2163 5436 2231 5491 de
2259 5444 2408 5491 reatu
2424 5451 2642 5493 suorum
2665 5439 2946 5494 criminum
2967 5438 3126 5495 etiam
3153 5438 3456 5507 semetipsis
3477 5436 3662 5503 iudici
3675 5441 3801 5497 bus

2166 5542 2272 5583 non
2300 5537 2641 5586 excusantur.
2666 5529 2733 5584 Hi
2759 5530 2937 5601 itaque
2956 5529 3083 5601 quid
3112 5529 3257 5585 aliud
3284 5542 3441 5599 quam
3466 5542 3805 5597 praecones

2165 5629 2289 5676 sunt
2314 5620 2434 5677 sui?
2464 5620 2635 5677 Voces
2661 5630 2844 5677 contra
2866 5620 3049 5692 culpas
3080 5621 3376 5692 proferunt,
3406 5628 3461 5675 et
3485 5624 3804 5693 semetip-

2163 5727 2251 5768 sos
2272 5713 2522 5781 operibus
2536 5727 2658 5770 reos
2680 5715 2917 5769 trahunt.
2941 5712 3279 5769 Admonendi
3302 5719 3428 5769 sunt
3451 5719 3509 5767 ut
3535 5710 3809 5774 videant

2242 5863 2262 5888 ο
2302 5850 2577 5909 Omittitur
2602 5853 2654 5909 in
2682 5852 2867 5921 Guss.,
2890 5853 2980 5908 sed
2999 5852 3160 5908 abluti
3184 5852 3315 5909 estis.
