4036 6346
318 361 420 422 HS

1100 355 1403 415 BEGULE
1442 353 1872 412 PASTORALIS
1911 352 2136 409 LIBER.
2167 384 2237 397 —
2275 353 2451 409 PARS
2487 353 2740 411 TERTIA

3473 371 3576 428 114

317 482 437 554 quia
467 479 536 534 de
560 477 772 533 occulta
793 476 902 547 jam
926 473 1278 531 retributione
1304 471 1488 542 iudicii
1517 479 1619 537 est,
1644 467 1782 541 quod
1805 483 1896 524 eo-
1927 467 1980 528 Α
2003 467 2255 524 citudinis
2271 467 2546 524 dormiens
2566 470 2878 527 verberatur
2897 479 2952 528 et
2975 487 3078 529 non
3106 475 3269 544 dolet,
3293 479 3414 549 quia
3442 482 3578 538 sicut

316 591 428 632 rum
472 588 624 629 mens
657 571 851 626 malum
883 569 1024 640 quod
1076 574 1348 637 perpetrat
1378 563 1705 620 illuminatur
1734 569 1789 616 ut
1815 560 1896 615 vi-

312 670 451 734 deat,
487 668 582 723 sed
615 683 719 721 non
748 674 971 721 conatur
992 673 1050 717 ut
1072 661 1282 726 vincat;
1310 669 1366 715 ut
1387 676 1491 728 quo
1515 656 1705 714 melius
1725 655 1891 719 videt,

313 778 377 817 eo
407 761 646 817 deterius
686 766 864 826 pereat
885 798 899 822 ,
933 755 1052 826 quia
1086 765 1139 808 et
1171 751 1537 821 intelligentiae
1566 750 1744 804 lumen
1775 761 1896 816 per-

313 855 473 925 cipit,
501 864 556 910 et
599 849 823 906 actionis
854 863 1029 915 prava:
1059 845 1305 901 tenebras
1333 860 1436 897 non
1467 841 1736 910 relinquit.
1766 840 1896 894 Nam

311 964 432 1004 cum
460 953 736 1013 acceptam
785 941 851 995 ad
898 939 1222 1010 adjutorium
1278 934 1556 991 scientiam
1586 933 1896 1005 negligunt,

313 1043 454 1099 hanc
482 1047 675 1095 contra
699 1051 758 1093 se
786 1037 837 1091 in
869 1035 1229 1090 testimonium
1256 1040 1498 1092 vertunt;
1531 1037 1582 1084 et
1605 1027 1672 1084 de
1699 1027 1897 1081 lumine

310 1132 683 1204 intelligentiae
712 1137 904 1200 augent
931 1125 1211 1196 supplicia,
1243 1123 1382 1193 quod
1416 1120 1654 1191 profecto
1675 1133 1898 1187 accepe-

311 1237 433 1284 rant
457 1236 514 1281 ut
543 1233 763 1296 possent
789 1223 965 1278 delere
994 1230 1232 1291 peccata.
1264 1219 1499 1286 Quorum
1523 1215 1770 1270 nimirum
1804 1228 1897 1268 ne-

309 1320 479 1392 quitia
502 1333 627 1374 cum
660 1315 854 1371 malum
885 1315 991 1383 agit
1020 1312 1158 1383 quod
1179 1309 1454 1380 dijudicat,
1486 1315 1764 1361 venturum
1786 1305 1896 1376 jam

308 1414 567 1486 judicium
598 1411 687 1465 hic
719 1411 993 1486 degustat;
1028 1415 1084 1460 ut
1105 1421 1224 1460 cum
1250 1403 1466 1458 aeternis
1487 1401 1760 1471 suppliciis
1781 1414 1898 1454 ser-

313 1467 467 1560 vatur
495 1493 530 1542 ι’
553 1503 807 1566 obnoxia,
837 1467 942 1555 sud
961 1498 1047 1553 bic
1076 1497 1288 1552 interim
1319 1495 1562 1552 examine
1585 1509 1690 1548 non
1713 1497 1780 1547 sit
1803 1494 1897 1546 ab-

313 1599 519 1662 soluta;
554 1605 802 1661 tantoque
853 1592 961 1647 illic
989 1592 1235 1662 graviora
1291 1595 1552 1643 tormenta
1601 1584 1893 1655 percipiat,

311 1700 510 1759 quanto
537 1689 625 1743 hic
656 1687 852 1742 malum
880 1700 986 1740 non
1017 1683 1235 1750 deserit,
1270 1683 1430 1739 etiam
1457 1680 1598 1750 quod
1628 1680 1742 1749 ipsa
1767 1694 1896 1733 con-

305 1785 547 1840 demnat.
579 1781 716 1835 Hinc
746 1779 886 1834 enim
920 1777 1128 1832 Veritas
1157 1775 1285 1830 dicit
1321 1792 1335 1828 :
1369 1774 1557 1829 Servus
1590 1773 1679 1843 qui
1701 1787 1893 1844 δοθησ-

2001 558 2333 615 imminentia
2365 562 2500 614 mala
2551 576 2656 617 non
2688 566 2972 635 prospicit,
3005 568 3080 623 sic
3111 585 3208 625 nec
3238 587 3356 640 qua:
3389 590 3577 646 perpe-

2001 653 2222 707 tr‘averit
2243 653 2502 722 agnoscit.
2535 655 2788 712 Trahitur
2815 668 2866 713 et
2891 675 3221 729 nequaquam
3246 666 3431 731 sentit,
3454 671 3578 735 quia

2002 757 2095 811 per
2140 742 2416 799 illecebras
2471 746 2718 801 vitiorum
2753 748 2982 814 ducitur,
3022 766 3118 806 nec
3167 761 3346 809 tamen
3400 759 3462 810 ad
3494 759 3582 812 sui

2000 837 2293 892 custodiam
2324 841 2629 895 suscitatur.
2657 841 2786 908 Quae
2816 845 3026 910 quidem
3050 846 3305 916 evigilare
3334 858 3504 918 optat,
3525 862 3584 906 ut

2000 948 2210 988 rursum
2243 934 2364 987 vina
2399 935 2662 1004 reperiat,
2690 937 2812 1006 quia
2851 939 3095 1008 quamvis
3133 954 3322 995 somno
3353 945 3585 1012 torporis

2002 1040 2031 1078 a
2059 1027 2144 1080 sui
2192 1026 2430 1081 custodia
2481 1037 2770 1096 prematur,
2806 1031 3025 1099 vigilare
3078 1041 3254 1088 tamen
3284 1034 3349 1089 ad
3402 1038 3587 1096 saeculi

1999 1133 2158 1174 curas
2207 1120 2429 1188 nititur,
2461 1130 2518 1176 ut
2543 1136 2759 1192 semper
2795 1124 3153 1192 voluptatibus
3184 1126 3498 1196 debrietur;
3533 1140 3588 1186 et

2001 1226 2121 1265 cum
2153 1212 2216 1264 ad
2250 1212 2377 1266 illud
2408 1212 2641 1268 dormiat
2670 1217 2724 1269 in
2751 1231 2856 1285 quo
2883 1218 3114 1275 solerter
3140 1222 3364 1291 vigilare
3386 1225 3585 1280 debue~

1999 1313 2103 1369 rat,
2128 1303 2194 1358 ad
2222 1304 2363 1359 aliud
2424 1305 2642 1375 vigilare
2693 1309 2914 1378 appetit,
2946 1310 3013 1365 ad
3075 1313 3217 1380 quod
3249 1314 3586 1374 laudabiliter

2002 1395 2238 1450 dormire
2268 1397 2553 1465 potuisset.
2597 1397 2730 1455 llinc
2776 1404 3022 1470 superius
3053 1403 3312 1474 scriptum
3359 1418 3441 1464 est
3473 1426 3487 1463 :
3517 1406 3589 1465 Et

2001 1489 2099 1541 eris
2124 1489 2268 1560 quasi
2293 1489 2550 1544 dormiens
2572 1489 2623 1545 in
2656 1493 2821 1548 medio
2843 1496 2994 1560 mari,
3017 1505 3064 1549 et
3083 1499 3234 1568 quasi
3272 1502 3464 1571 sapitus
3487 1519 3588 1573 gu-

2001 1582 2240 1636 bernator
2265 1584 2455 1638 amisso
2481 1585 2622 1638 clavo
2653 1582 2844 1654 (Ibid.,
2868 1585 2983 1654 54).
3011 1587 3066 1643 in
3089 1591 3266 1645 medio
3285 1593 3426 1646 enim
3451 1596 3587 1650 mari

1999 1673 2228 1741 dormit,
2263 1675 2353 1744 qui
2407 1675 2461 1729 in
2506 1675 2661 1744 hujus
2694 1678 2877 1732 mundi
2913 1679 3294 1736 tentationibus
3345 1685 3587 1753 positus,

1999 1764 2283 1833 providere
2306 1775 2481 1821 motus
2507 1767 2823 1822 irruentium
2855 1769 3107 1825 vitiorum
3130 1774 3281 1840 quasi
3304 1773 3588 1830 imminen-

306 1881 379 1932 vit
421 1875 733 1930 voluntatem
782 1870 990 1925 Domini
1039 1870 1154 1935 sui,
1207 1879 1251 1922 et
1291 1885 1394 1934 non
1452 1840 1798 1937 praeparavit,
1847 1873 1894 1918 at
1921 1840 1974 1923 1B
2003 1865 2082 1911 les
2114 1856 2374 1912 undarum
2404 1858 2650 1913 cumulos
2680 1860 2919 1930 negligit.
2963 1860 3032 1916 Et
3074 1864 3225 1932 quasi
3253 1865 3461 1921 clavum
3490 1883 3587 1939 gu-

305 1987 411 2024 non
472 1972 590 2040 fecit
655 1967 930 2021 secundum
977 1964 1284 2018 voluntatem
1332 1964 1477 2034 ejus,
1541 1959 1567 1999 δ
1634 1958 1897 2028 vapulabit

304 2063 483 2116 multis
542 2058 715 2130 (Luc.
776 2073 894 2125 xu,
960 2056 1087 2126 47).
1159 2055 1292 2110 llinc
1361 2055 1679 2118 Psalmista,
1742 2052 1816 2106 ait
1878 2068 1892 2103 :

304 2153 633 2209 Descendunt
667 2154 720 2204 in
749 2152 1005 2221 infernum
1031 2151 1247 2204 viventes
1288 2147 1459 2221 (Psat.
1492 2163 1609 2214 uv,
1639 2145 1748 2216 16).
1776 2145 1898 2201 Vivi

305 2247 506 2316 quippe
535 2259 655 2314 qua:
684 2243 824 2297 circa
871 2241 991 2296 illos
1041 2251 1270 2310 aguntur
1313 2240 1489 2294 sciunt
1535 2248 1589 2294 et
1635 2239 1893 2302 sentiunt,

306 2339 504 2394 mortui
527 2347 704 2392 autem
743 2335 945 2390 sentire
983 2334 1057 2388 nil
1083 2340 1322 2402 possunt.
1347 2332 1542 2386 Μοτιυὶ
1571 2331 1712 2386 enim
1740 2333 1791 2385 in
1815 2332 1896 2385 in-

304 2431 520 2487 ternum
561 2428 979 2492 descenderent,
1008 2425 1052 2482 si
1100 2427 1238 2481 mala
1286 2426 1572 2482 nesciendo
1627 2434 1897 2496 perpetra-

304 2529 451 2577 rent.
480 2519 612 2575 Cum
660 2535 788 2574 vero
832 2519 1008 2573 sciunt
1051 2519 1210 2582 mala,
1245 2526 1300 2573 et
1349 2527 1523 2573 tamen
1574 2517 1796 2585 faciunt,
1830 2519 1896 2573 ad

304 2614 609 2684 iniquitatis
639 2611 910 2667 infernum
942 2612 1180 2667 viventes
1208 2612 1389 2667 miseri
1432 2622 1455 2650 ο
1497 2611 1897 2682 sentientesque

307 2706 664 2763 descendunt.

702 2796 926 2854 CAPUT
957 2795 1152 2852 XXXII
1187 2795 1294 2869 [ΑΙ.
1327 2793 1500 2866 LVI].

307 2913 584 2980 Quomodo
639 2912 945 2968 admonendi
974 2912 1061 2980 qui
1088 2910 1253 2964 subito
1282 2916 1422 2963 motu
1444 2950 1459 2976 ,
1487 2917 1532 2962 et
1555 2908 1641 2976 qui
1662 2908 1895 2962 consulto

986 2992 1214 3053 peccant.

387 3088 706 3156 (Admonitio
744 3085 855 3155 53.)
895 3084 1061 3138 Aliter
1084 3083 1404 3138 admonendi
1429 3083 1664 3151 suntqui
1697 3096 1894 3151 repen-

306 3184 422 3238 tina
456 3177 883 3247 concupiscentia
926 3183 1267 3243 superantur,
1297 3185 1453 3243 atque
1499 3174 1653 3228 aliter
1703 3174 1790 3242 qui
1841 3173 1895 3226 in

2004 1951 2255 2006 bernator
2283 1951 2502 2017 amittit,
2535 1951 2747 2022 quando
2776 1968 2948 2019 mens,
2976 1953 3043 2008 ad
3072 1957 3362 2025 regendam
3391 1974 3585 2014 navem

2000 2045 2280 2113 corporis,
2338 2044 2572 2099 studium
2648 2044 3022 2101 sollicitudinis
3100 2049 3292 2117 perdit.
3364 2051 3587 2107 Clavum

1999 2137 2196 2208 quippe
2243 2137 2298 2192 in
2325 2138 2460 2191 mari
2507 2137 2778 2204 amittere,
2810 2147 2893 2194 est
2921 2138 3272 2197 intentionem
3302 2144 3582 2213 providam

2000 2231 2140 2285 inter
2164 2229 2426 2298 procellas
2448 2229 2607 2300 hujus
2633 2231 2816 2286 saeculi
2845 2245 2952 2287 non
2983 2241 3186 2290 tenere.
3218 2234 3273 2291 Si
3303 2237 3445 2292 enim
3487 2253 3588 2309 gu-

2001 2323 2259 2378 bernator
2282 2323 2492 2378 clavum
2527 2323 2756 2378 sollicite
2785 2325 3021 2395 stringit,
3049 2328 3210 2382 modo
3241 2328 3292 2382 in
3340 2329 3588 2388 ﬂuctibus

2000 2430 2070 2471 ex
2099 2415 2323 2470 adverso
2355 2431 2543 2470 navem
2563 2415 2768 2486 dirigit,
2806 2414 2826 2454 ί
2862 2417 3021 2472 modo
3046 2429 3325 2475 ventorum
3355 2422 3588 2492 impetus

2000 2521 2096 2575 per
2125 2506 2397 2576 obliquum
2427 2505 2602 2561 ﬁndit.
2632 2506 2708 2560 lta
2733 2521 2856 2562 cum
2884 2524 3034 2565 mens
3067 2520 3091 2558 ε
3145 2511 3420 2581 vigilanter
3461 2516 3584 2569 ani-

2002 2615 2141 2655 mam
2168 2603 2322 2670 regit,
2347 2601 2515 2656 modo
2533 2601 2636 2656 alia
2661 2617 2918 2672 superans
2939 2597 3128 2676 calcat,
3154 2609 3311 2664 modo
3335 2609 3434 2664 alia
3458 2624 3585 2680 pro-

2007 2691 2190 2746 videns
2217 2690 2480 2758 declinat;
2515 2703 2572 2747 ut
2593 2701 2647 2750 et
2677 2697 2963 2763 praesentia
2993 2697 3287 2755 laborando
3315 2701 3582 2770 subjiciat,

2004 2794 2056 2840 et
2083 2793 2272 2838 contra
2304 2782 2480 2837 futura
2510 2788 2804 2841 certamina
2835 2790 3207 2859 prospiciendo
3228 2794 3589 2852 convalescat.

2002 2876 2137 2930 Hinc
2166 2890 2379 2930 rursum
2407 2875 2474 2930 de
2507 2876 2739 2932 fortibus
2761 2891 3011 2949 superna:
3034 2883 3219 2951 patriae
3244 2883 3590 2942 bellatoribus

2003 2969 2192 3025 dicitur
2226 2987 2238 3023 :
2274 2969 2694 3042 Uniuscujusque
2720 2974 2858 3030 ensis
2883 2990 3035 3037 super
3061 2980 3228 3048 femur
3265 2996 3435 3045 suum,
3466 2996 3589 3049 pro-

2001 3074 2117 3134 pter
2139 3065 2343 3118 timores
2367 3074 2639 3118 nocturnos
2663 3064 2836 3137 (Cant.
2870 3084 2947 3137 ιιι,
2975 3069 3054 3140 8).
3084 3071 3237 3126 Ensis
3261 3072 3401 3127 enini
3424 3087 3590 3141 super

2002 3160 2174 3217 femur
2207 3160 2439 3230 ponitur,
2459 3162 2673 3232 quando
2695 3164 2942 3219 acumine
2972 3175 3169 3220 sancta
3191 3167 3592 3236 praedicationis

304 3275 466 3344 culpa
495 3286 563 3328 ex
609 3270 832 3326 consilio
860 3269 1118 3338 ligantur.
1150 3265 1485 3320 Admonendi
1533 3263 1727 3334 quippe
1769 3271 1894 3318 sunt
1921 3248 1965 3309 C
2000 3269 2167 3323 prava
2215 3256 2484 3324 suggestio
2510 3254 2692 3309 carnis
2725 3256 3026 3311 edomatur.
3066 3259 3164 3312 Per
3203 3266 3412 3314 noctein
3461 3275 3592 3316 vero

307 3383 447 3438 quos
476 3365 752 3434 repentina
801 3360 1237 3429 concupiscentia
1267 3369 1502 3427 superat,
1541 3365 1600 3410 ut
1651 3356 1708 3409 in
1753 3355 1894 3410 bello

309 3460 594 3531 praesentis
617 3456 739 3511 vita:
768 3469 827 3508 se
871 3452 1107 3523 quotidie
1139 3450 1338 3518 positos
1369 3447 1676 3512 attendant,
1721 3455 1774 3501 et
1803 3461 1896 3501 cor

314 3551 451 3623 quod
483 3549 512 3588 ἀ
550 3549 848 3619 praevidere
879 3546 1098 3598 vulnera
1133 3556 1237 3597 non
1277 3548 1472 3610 potest,
1502 3548 1653 3594 scuto
1682 3538 1897 3593 solliciti

319 3645 520 3699 timoris
570 3649 779 3712 tegant;
836 3644 893 3691 ut
945 3634 1153 3689 occulta
1199 3631 1500 3687 insidiantis
1528 3629 1694 3684 hostis
1726 3630 1898 3698 iacula

318 3737 745 3807 perhorrescant,
776 3740 831 3785 et
863 3729 914 3783 in
943 3736 1049 3781 tam
1080 3724 1372 3794 caliginoso
1400 3721 1695 3776 certamine
1721 3722 1898 3775 inten-

320 3831 463 3884 tione
492 3827 742 3882 continua
772 3824 906 3875 intra
936 3818 1130 3874 mentis
1177 3825 1349 3871 castra
1393 3829 1450 3869 se
1480 3814 1740 3868 muniant.
1767 3813 1899 3868 Nam

315 3921 360 3975 si
408 3934 441 3973 a
489 3913 982 3985 circumspectionis
1034 3909 1392 3965 sollicitudine
1436 3922 1530 3962 cor
1558 3906 1899 3972 destituitur,

317 4018 623 4073 vulneribus
652 4014 908 4084 aperitur,
926 4010 1048 4080 quia
1072 4007 1242 4064 hostis
1265 4005 1488 4061 callidus
1516 4013 1661 4060 tanto
1683 4004 1902 4058 liberius

318 4121 504 4181 pectus
552 4109 796 4180 percutit,
825 4115 1024 4174 quanto
1074 4101 1271 4155 nudum
1320 4114 1350 4153 a
1398 4097 1746 4167 providentia:
1797 4097 1907 4168 90

319 4204 485 4258 lorica
530 4197 903 4269 deprehendit.
953 4192 1288 4248 Admonendi
1328 4199 1454 4247 sunt
1489 4191 1579 4259 qui
1627 4191 1904 4258 repentina

320 4292 758 4363 concupiscentia
806 4295 1147 4357 superantur,
1188 4293 1248 4339 ut
1273 4296 1463 4339 curare
1491 4280 1648 4335 nimis
1698 4291 1908 4335 terrena

321 4389 641 4442 desueseant
667 4402 680 4450 ;
706 4384 827 4454 quia
860 4383 1210 4436 intentionem
1244 4394 1397 4434 suam
1421 4379 1546 4432 dum
1571 4376 1729 4431 rebus
1759 4386 1906 4430 tran-

324 4477 522 4532 sitoriis
573 4475 974 4530 immoderatius
1026 4471 1336 4540 implicant,
1397 4470 1593 4540 quibus
1633 4469 1910 4538 culparum

323 4571 511 4641 jaculis
553 4569 930 4638 transﬁguntur
960 4566 1225 4634 ignorant.
1268 4562 1421 4618 Unde
1451 4572 1503 4616 et
1533 4576 1630 4629 per
1657 4560 1908 4615 Salomo-

2000 3346 2215 3400 caecitas
2247 3353 2446 3399 nostrai
2474 3345 2800 3399 inﬁrmitatis
2826 3347 3170 3415 exprimitur,
3188 3351 3312 3419 quia
3335 3351 3594 3422 quidquid

2000 3436 2343 3491 adversitatis
2374 3437 2424 3489 in
2463 3445 2621 3491 nocte
2651 3438 2899 3492 imminet
2931 3453 3036 3493 non
3068 3440 3297 3495 videtur.
3331 3441 3593 3500 Uniuscu‘

1999 3533 2197 3612 jusque
2225 3548 2352 3602 ergo
2379 3533 2524 3589 ensis
2552 3548 2713 3603 super
2761 3534 2934 3590 femur
2970 3549 3124 3590 suum
3158 3536 3370 3604 ponitur
3409 3533 3438 3573 δ
3471 3553 3594 3606 pro-

2005 3638 2122 3696 pter
2149 3639 2366 3684 nmores
2389 3637 2699 3697 nocturnos,
2727 3628 2852 3698 quia
2875 3628 3127 3685 videlicet
3146 3631 3316 3685 sancti
3344 3630 3440 3685 viri
3465 3631 3593 3687 dum

2005 3735 2067 3775 ea
2119 3735 2239 3789 qua:
2284 3735 2386 3773 non
2417 3719 2602 3774 vident
2631 3709 2904 3785 metuunt,
2938 3721 3005 3775 ad
3035 3722 3386 3777 intentionem
3416 3731 3594 3777 certa-

2005 3814 2164 3868 minis
2194 3813 2366 3882 parati
2396 3827 2608 3882 semper
2654 3813 2930 3867 assistunt.
2966 3813 3104 3868 Hine
3135 3829 3349 3868 rursum
3378 3826 3595 3878 Sponsae

2006 3907 2200 3962 dicitur
2227 3924 2242 3959 :
2274 3904 2450 3960 Nasus
2478 3914 2595 3960 tuus
2617 3907 2748 3959 sicut
2781 3908 2936 3960 turris
2991 3922 3105 3976 quae
3152 3917 3227 3961 est
3280 3908 3335 3960 in
3393 3906 3593 3961 Libano

2009 4001 2179 4072 (Cant.
2201 4016 2296 4067 vn,
2313 4001 2390 4070 4).
2407 3999 2539 4055 Rem
2563 4015 2792 4071 namque
2816 4016 2973 4069 quam
2997 4003 3166 4057 oculis
3181 4017 3284 4056 non
3303 4004 3597 4070 cernimus,

2011 4096 2323 4164 plerumque
2377 4095 2540 4151 odore
2570 4095 2948 4165 pravidemus.
2999 4096 3101 4150 Per
3149 4110 3338 4152 nasum
3386 4113 3600 4168 quoque

2011 4189 2206 4243 odores
2238 4187 2539 4256 fetoresque
2567 4188 2944 4244 discernimus.
2968 4189 3106 4254 Quid
3136 4204 3264 4258 ergo
3289 4205 3380 4259 per
3410 4206 3598 4246 nasum

2015 4283 2292 4349 Ecclesiae,
2313 4282 2417 4336 nisi
2444 4291 2753 4337 sanctorum
2783 4281 3009 4350 provida
3050 4283 3304 4338 discretio
3348 4284 3600 4355 designa-

2013 4376 2133 4430 tur?
2159 4376 2261 4443 Qui
2301 4376 2459 4430 etiam
2501 4377 2633 4431 turri
2675 4375 2865 4431 similis
2894 4391 3013 4445 quae
3043 4386 3126 4431 est
3154 4378 3206 4432 in
3232 4376 3438 4432 Libano
3467 4377 3601 4432 dici-

2017 4476 2119 4533 tur,
2152 4468 2273 4538 quia
2304 4466 2534 4522 discreta
2561 4481 2747 4522 eorum
2782 4467 3114 4537 providentia
3161 4471 3232 4521 ita
3270 4467 3325 4521 in
3367 4469 3474 4520 alto
3499 4469 3602 4524 sita

2015 4571 2120 4626 est,
2154 4570 2208 4614 ut
2238 4560 2588 4614 tentationum
2616 4560 2910 4614 certamina
2938 4569 2992 4614 et
3033 4559 3339 4629 priusquam
3382 4560 3602 4614 veniant

329 4622 451 4719 item
503 4679 604 4718 vox
666 4622 905 4731 percussi
957 4666 1012 4713 et
1055 4656 1372 4712 dormientis
1421 4653 1767 4723 exprimitur,
1819 4653 1910 4718 qui
1937 4622 1990 4681 Β
2024 4650 2222 4716 videat,
2249 4658 2302 4705 et
2325 4659 2508 4704 contra
2538 4665 2600 4704 ea
2629 4650 2756 4705 dum
2797 4651 3045 4705 venerint
3093 4649 3294 4702 munita
3321 4648 3601 4704 subsistat.

329 4759 402 4813 ait
432 4756 856 4810 :Verberaverunt
882 4769 983 4818 me,
1013 4751 1102 4806 sed
1123 4768 1223 4805 non
1249 4750 1391 4803 dolui
1416 4766 1435 4814 ;
1470 4758 1493 4785 ε
1527 4757 1790 4802 traxerunt
1815 4765 1914 4816 me,

332 4861 378 4903 et
405 4867 496 4921 ego
526 4866 626 4902 non
651 4848 801 4901 sensi.
840 4844 1056 4912 Quando
1080 4842 1346 4912 evigilabo,
1376 4851 1423 4896 et
1448 4856 1650 4893 rursum
1681 4842 1802 4892 vina
1829 4857 1915 4894 re-

330 4945 528 5013 periam
541 4940 724 4996 (Prov.
744 4953 930 5002 xxvm,
945 4935 1072 5007 55)?
1093 4937 1240 4991 Mens
1254 4935 1446 5005 quippe
1465 4950 1495 4988 a
1513 4948 1638 4989 cura
1654 4948 1762 4987 sua:
1777 4932 1918 4987 solli-

413 5092 440 5122 ι
467 5079 632 5136 Laud.
650 5117 666 5142 ,
695 5075 925 5130 innoxia.

415 5152 442 5191 δ
471 5139 703 5209 Gemet.,
737 5147 901 5216 plagis
921 5141 1184 5211 vapulabit
1213 5139 1410 5195 multis.

417 5234 442 5263 ε
463 5222 656 5285 Laud.,
678 5217 1005 5282 scientesque.

412 5290 441 5330 ά
475 5279 680 5347 ﬂa‘bent
699 5279 912 5356 antiqui
934 5285 1060 5340 Mss.
1085 5281 1266 5347 Trec.,
1293 5279 1517 5348 Bellov.,
1540 5279 1773 5346 Gemet.,
1799 5296 1916 5348 pro-

343 5365 534 5419 videre.

422 5443 447 5473 ο
484 5433 664 5493 Corb.,
693 5427 1054 5494 transﬁxorum
1077 5438 1173 5476 me.
1201 5420 1402 5494 indicia
1416 5427 1552 5494 sunt
1574 5419 1920 5494 correctionis

273 5555 278 5560 .
345 5505 499 5560 factae
528 5504 579 5557 in
605 5491 787 5564 Trec.,
820 5491 908 5552 ubi
932 5495 1136 5548 videtur
1160 5492 1296 5564 olim
1315 5493 1385 5545 ita
1414 5492 1626 5564 lectum.
1657 5491 1919 5564 Cancrum

346 5574 593 5630 lectionis
625 5562 781 5640 hujus
811 5565 1152 5640 (undamenta
1193 5563 1354 5640 nulla,
1384 5562 1531 5640 nulla
1567 5562 1793 5640 vestigia
1829 5576 1923 5640 (ξι-

345 5655 495 5699 stant
534 5653 625 5697 aut
655 5630 709 5695 iii
742 5637 902 5693 Hebr.
940 5645 1112 5696 textu,
1145 5640 1234 5686 aut
1262 5634 1314 5686 in
1347 5632 1506 5686 variis
1550 5631 1664 5700 ejus
1696 5630 1922 5685 transla-

345 5716 603 5771 tionibus.
635 5713 812 5780 Neque
835 5709 912 5762 sic
939 5705 1063 5780 legit
1080 5703 1527 5780 Gregorius,cum
1554 5709 1734 5769 postea
1761 5701 1917 5780 dicat,

348 5786 526 5843 locum
549 5785 690 5838 hunc
709 5771 1021 5850 explicando
1045 5793 1065 5850 :_
1077 5771 1323 5850 trahitur,
1343 5782 1730 5850 «nequaquam
1748 5771 1920 5850 sentit.

431 5837 667 5917 {animi
699 5837 939 5908 cuinam
975 5844 1150 5912 Ralm
1182 5837 1371 5910 undi,
1395 5837 1644 5912 bonum
1671 5839 1787 5897 Volo
1813 5837 1921 5908 (31η

2026 4749 2155 4814 Quae
2197 4748 2338 4802 enim
2368 4747 2543 4802 futura
2572 4746 2953 4816 praavidentur,
2983 4758 3100 4799 cum
3149 4742 3433 4812 praisentia
3482 4743 3600 4798 fue-

2026 4840 2157 4906 rint,
2195 4837 2211 4877 ί
2250 4839 2473 4894 minoris
2495 4839 2706 4894 virtutis
2733 4839 2865 4891 liunt
2885 4854 2901 4903 ;
2925 4840 3048 4906 quia
3075 4834 3201 4889 dum
3228 4846 3411 4890 contra
3439 4835 3607 4893 ictum

2026 4935 2249 5005 quisque
2287 4934 2520 5004 paratior
2547 4931 2808 4994 redditur,
2841 4929 3010 4983 hostis
3051 4926 3138 4998 qui
3162 4942 3223 4984 se
3271 4928 3607 4998 inopinatum

2026 5067 2068 5122 Τ
2073 5066 2257 5130 heod.,
2291 5067 2440 5119 modo
2466 5064 2630 5118 undas
2656 5077 2904 5132 superans
2934 5062 3120 5127 calcat,
3151 5062 3303 5116 modo
3353 5061 3457 5116 alia
3485 5077 3608 5133 pro.

2025 5139 2199 5192 videns
2229 5136 2470 5201 declinat,
2500 5134 2651 5186 modo
2682 5143 2944 5186 ventorum
2972 5134 3188 5197 impetus
3230 5149 3319 5202 per
3347 5133 3609 5202 obliquum

2026 5209 2198 5276 ﬁndit.
2241 5205 2347 5261 Ita.
2384 5205 2609 5260 Excusis
2638 5202 2997 5275 sultragantur
3036 5201 3354 5269 Trecensis,
3393 5201 3607 5260 Gentes.

2026 5288 2080 5332 et
2108 5280 2182 5332 al.
2703 5309 2728 5320 -

2100 5357 2124 5393 ις
2155 5347 2375 5402 Recent.
2411 5345 2507 5400 Ed.
2530 5383 2544 5408 ,
2573 5346 2883 5416 vigilantem.
2931 5344 3246 5414 Repugnaut
3271 5341 3395 5397 Mss.
3438 5342 3609 5402 Obest

2024 5431 2213 5472 sensus
2241 5432 2271 5471 a
2301 5428 2483 5471 sancto
2515 5417 2742 5470 Doctore
2775 5416 3098 5486 propositus.

2097 5486 2122 5524 ¹²
2164 5489 2216 5543 1η
2244 5486 2510 5557 plerisque
2539 5488 2659 5553 Ed.,
2694 5485 2900 5555 prapter
2929 5486 3234 5540 tentationes
3268 5485 3369 5537 sive
3397 5485 3605 5538 timores

2025 5556 2320 5613 nocturnos.
2356 5556 2632 5613 Glossema
2661 5567 2761 5612 est.

2102 5631 2118 5668 ί
2157 5630 2265 5683 Hoc
2285 5638 2385 5696 est,
2412 5630 2604 5683 minori
2630 5629 2678 5682 vi
2705 5627 2944 5696 pulsant;
2972 5627 3111 5695 quod
3144 5626 3370 5680 fortasse
3392 5642 3496 5678 non
3524 5628 3595 5678 in:

2027 5701 2326 5769 telligentes
2377 5701 2655 5764 Editores,
2712 5706 2984 5769 mutarunt
3033 5697 3231 5769 virtutis
3276 5698 3327 5751 iu
3377 5697 3579 5750 timoris

2031 5767 2518 5830 contradicentibus
2543 5777 2803 5840 quotquot
2833 5767 3058 5836 legimus
3088 5768 3209 5822 Mss;
