4036 6346
428 308 529 365 “5

1630 287 1875 347 SANCTI
1915 283 2245 342 GREGORII
2284 282 2498 341 MAGNI

3327 202 3375 223 ’Μ

3599 274 3701 331 H6

429 428 536 499 ει
566 422 810 490 credidit,
844 435 908 479 eo
932 420 1047 490 ipso
1074 430 1181 487 quo
1210 414 1464 482 praevisus
1526 421 1629 476 est,
1688 413 1999 463 enervatur.
2031 406 2082 467 Α
2108 404 2371 499 εξηίηιξιια
2404 402 2449 457 si
2479 398 2785 470 despiciunt
2810 396 3000 499 timere
3028 410 3149 453 cum
3170 402 3424 498 Opensant
3452 392 3701 499 adelient

505 522 572 576 At
599 525 785 577 contra
824 512 1145 571 admonendi
1178 518 1303 565 sunt
1347 510 1439 578 qui
1470 507 1524 562 in
1552 506 1707 573 culpa
1740 519 1805 557 ex
1836 500 2014 557 consi-

432 612 510 670 lio
555 612 805 682 ligantur,
836 617 1101 677 quatenus
1149 601 1369 672 provida
1416 598 1847 656 consideratione
1892 608 2014 662 per-

433 705 690 776 pendant,
712 700 835 772 quia
861 698 988 753 dum
1018 696 1155 750 mala
1174 709 1241 749 ex
1262 692 1461 761 judicio
1492 686 2019 753 lacimit,districtius

435 806 621 852 contra
666 809 724 850 se
762 790 1021 863 judicium
1073 784 1398 848 accendunt;
1446 792 1502 837 ut
1529 790 1678 836 tanto
1704 794 1796 835 eos
1838 778 2022 833 durior

437 886 700 943 sententia
732 884 918 947 feriat,
950 889 1150 952 quanto
1178 878 1297 934 illos
1329 877 1378 929 in
1406 875 1560 944 culpa
1583 874 1783 929 arctius
1813 870 2020 925 vincula

438 979 842 1037 deliberationis
869 976 1053 1048 ligant.
1084 972 1249 1028 Citius
1279 973 1509 1028 fortasse
1535 968 1729 1025 delicta
1763 966 2023 1035 paeniten-

439 1076 509 1131 do
532 1073 833 1138 abluerent,
854 1072 899 1126 si
928 1070 981 1124 in
999 1068 1082 1122 his
1101 1068 1209 1121 sola
1237 1064 1662 1136 praecipitatione
1682 1060 2022 1117 cecidissent.

442 1167 575 1223 Nam
616 1164 817 1219 tardius
858 1168 1134 1230 peccaturo
1180 1159 1405 1213 solvitur
1452 1156 1594 1227 quod
1639 1164 1695 1210 et
1731 1169 1824 1223 per
1846 1151 2023 1207 consi-

448 1260 576 1312 lium
606 1255 883 1312 solidatur.
911 1252 1023 1307 Nisi
1052 1252 1196 1307 enim
1262 1264 1416 1306 mens
1443 1248 1591 1304 omni
1640 1247 1799 1302 modo
1828 1254 2027 1300 aeterna

444 1350 767 1419 despiceret,
800 1346 852 1400 in
883 1344 1040 1413 culpa
1088 1357 1152 1398 ex
1198 1342 1402 1413 judicio
1431 1356 1537 1397 non
1568 1340 1787 1410 periret.
1839 1347 1866 1375 ἰ
1916 1336 2029 1391 Hoc

445 1455 573 1511 ergo
620 1436 1047 1509 praecipitationc
1094 1435 1257 1504 lapsis
1286 1450 1384 1503 per
1408 1433 1689 1489 consilium
1720 1430 2029 1501 ’pereuntes

444 1529 716 1596 diﬂ’erunt,
742 1527 882 1599 quod
904 1542 1027 1582 cum
1050 1526 1104 1580 hi
1130 1541 1164 1581 a
1196 1534 1337 1582 statu
1358 1525 1585 1595 justitiae
1608 1522 1884 1592 peccando
1904 1535 2032 1575 con-

446 1624 646 1691 cidunt,
678 1621 990 1693 plerumque
1002 1619 1166 1675 simul
1196 1627 1249 1675 et
1273 1618 1325 1673 in
1353 1618 1604 1691 laqueum
1630 1613 2029 1686 desperationis

447 1716 663 1772 cadunt.
693 1712 827 1768 Hinc
856 1719 939 1767 est
982 1710 1127 1781 quod
1149 1724 1248 1780 per
1280 1709 1599 1780 prophetam
1628 1709 1892 1762 Dominus
1923 1719 2031 1760 non

2120 494 2405 549 formidare
2433 508 2554 549 cum
2578 499 2883 547 numerant.
2917 489 3066 545 Altos
3094 488 3293 559 quippe
3333 486 3574 558 gurgites
3603 486 3703 541 flu-

2118 588 2345 653 minum,
2375 600 2556 655 parva:
2594 587 2691 641 sed
2732 586 3030 640 innumerae
3063 583 3275 654 replent
3305 590 3468 653 guttae
3502 580 3699 651 pluvia-

2120 700 2261 739 rum.
2295 683 2361 737 Et
2390 681 2492 736 hoc
2524 682 2637 753 agit
2690 681 2901 735 sentina
2930 679 3157 734 latenter
3185 690 3531 741 excresccns,
3564 674 3706 746 quod

2122 784 2365 847 patenter
2388 773 2622 843 procella
2641 772 2888 828 saeviens.
2914 772 2980 827 Et
3001 771 3203 825 minuta
3235 779 3361 824 sunt
3386 784 3503 838 quae
3530 782 3708 823 erum-

2126 882 2257 941 punt
2286 869 2543 925 membris
2571 885 2669 939 per
2694 869 2933 924 scabiem
2964 868 3210 937 vulnera,
3237 867 3332 923 sed
3358 881 3477 923 cum
3525 867 3707 922 multi-

2125 962 2255 1018 tudo
2300 976 2487 1017 eorum
2519 959 2986 1017 innumerabiliter
3015 967 3241 1027 occupat
3262 958 3373 1024 ,sic
3399 958 3561 1012 vitam
3590 972 3711 1012 cor-

2124 1055 2272 1126 poris
2300 1053 2437 1110 sicut
2466 1069 2628 1109 unum
2658 1067 2822 1124 grave
2848 1052 3105 1107 inflictum
3131 1053 3239 1124 92
3268 1052 3472 1123 pectori
3513 1050 3710 1105 vulnus

2127 1156 2305 1205 necat.
2337 1147 2467 1202 llinc
2489 1145 2736 1202 videlicet
2761 1145 3019 1215 scriptum
3039 1154 3123 1199 est
3149 1161 3162 1197 :

2205 1240 2307 1304 Qui
2356 1239 2557 1292 modica
2599 1238 2821 1307 spernit,
2858 1236 3105 1306 paulatim
3149 1236 3336 1290 decidit
3368 1234 3561 1306 (Eccli.
3589 1249 3715 1299 xu,

2138 1329 2210 1400 l).
2244 1330 2345 1397 Qui
2377 1330 2519 1385 enim
2549 1340 2765 1399 peccata
2798 1329 3019 1383 minima
3048 1328 3179 1383 flere
3206 1342 3269 1383 ac
3295 1327 3536 1383 devitarc
3552 1322 3721 1397 negli-

2132 1424 2230 1496 git,
2257 1438 2287 1477 a
2319 1431 2459 1477 statu
2484 1422 2705 1493 justitia:
2756 1437 2861 1477 non
2888 1422 3104 1492 quidem
3136 1431 3376 1491 repente,
3406 1420 3503 1477 sed
3549 1420 3718 1490 parti-

2137 1518 2235 1570 bus
2268 1524 2409 1569 totus
2429 1515 2592 1569 cadit.
2620 1512 2964 1569 Admonendi
2999 1513 3233 1583 suntqui
3257 1514 3310 1568 in
3345 1511 3579 1568 minimis
3618 1512 3724 1567 fre-

2137 1616 2361 1678 quenter
2385 1608 2685 1675 excedunt,
2717 1616 2775 1662 ut
2804 1605 3037 1662 sollicite
3066 1604 3412 1662 considerent
3437 1604 3559 1677 quia
3589 1620 3725 1660 non-

2142 1716 2411 1771 nunquam
2445 1701 2494 1753 in
2528 1714 2690 1770 parva
2741 1699 3011 1766 deterius,
3043 1714 3203 1768 quam
3254 1701 3308 1753 in
3352 1698 3542 1768 majori
3570 1698 3727 1769 culpa

448 1821 552 1863 tam
579 1805 1067 1878 praecipitationum
1095 1818 1281 1875 prava,
1312 1818 1472 1874 quam
1500 1803 1824 1861 delictorum
1854 1801 2033 1856 studia
2063 1789 2112 1850 B
2143 1802 2412 1865 peccatur.
2443 1792 2614 1861 Major
2645 1795 2791 1847 enim
2818 1806 2926 1861 quo
2953 1790 3109 1845 citius
3138 1792 3260 1859 quia
3283 1790 3355 1846 sit
3376 1792 3531 1862 culpa
3556 1804 3727 1859 agno-

449 1900 818 1973 reprehendit,
848 1899 1035 1956 dicens
1060 1916 1073 1951 :
1106 1896 1191 1952 Nc
1216 1898 1354 1966 forte
1380 1897 1677 1969 egrediatur
1705 1905 1763 1952 ut
1791 1896 1928 1967 ignis
1955 1896 2037 1948 in-

450 1997 680 2069 dignatio
706 2011 840 2062 mea,
866 2004 919 2050 et
948 1994 1309 2060 succedatur,
1328 2004 1376 2048 et
1404 2010 1506 2049 non
1524 1996 1591 2049 sit
1618 1995 1707 2063 qui
1726 1994 2035 2076 exstinguat,

448 2101 658 2161 propter
695 2088 947 2143 malitiam
980 2087 1276 2142 mdiorum
1308 2095 1592 2142 creant-um
1646 2084 1781 2156 (Jcr.
1825 2100 1878 2139 tv
1900 2124 1916 2150 ,
1956 2082 2035 2154 4).

456 2185 589 2239 Hinc
628 2185 822 2239 iterum
873 2184 1039 2238 iratus
1076 2182 1210 2238 dicit
1250 2200 1265 2235 :
1314 2180 1545 2236 Visitabo
1584 2194 1738 2248 utpar
1775 2194 1861 2233 vos
1884 2181 2041 2249 juxta

454 2279 681 2347 fructum
719 2274 1008 2330 studiorum
1044 2284 1327 2329 uestrorum
1362 2271 1529 2345 (Ibid.
1572 2286 1733 2338 ιιιιι,
1775 2269 1857 2340 9).
1908 2269 2041 2336 Quia

456 2384 587 2441 ergo
615 2368 848 2439 peccatis
876 2367 997 2423 aliis
1020 2365 1279 2423 diderunt
1316 2373 1537 2436 peccata
1566 2380 1685 2432 qua:
1732 2378 1826 2433 per
1866 2362 2045 2419 consi-

456 2464 587 2519 lium
627 2470 1171 2534 perpetrantur,non
1228 2471 1335 2516 tam
1384 2472 1552 2531 prave
1604 2461 1740 2515 facta
1790 2460 2044 2513 Dominus

458 2572 615 2627 quam
640 2557 814 2613 studia
835 2556 1116 2626 pravitatis
1144 2556 1470 2626 insequitur.
1500 2554 1555 2609 In
1583 2554 1739 2609 iactis
1771 2554 1914 2608 enim
1944 2566 2047 2607 sat-

458 2662 527 2719 pe
553 2647 886 2715 infirmitate,
907 2661 1053 2717 sape
1083 2646 1424 2716 negligentia,
1448 2648 1501 2701 in
1532 2645 1721 2700 studiis
1744 2658 1874 2699 vero
1894 2644 2047 2697 mali-

460 2741 598 2795 tiosa
626 2753 840 2810 semper
864 2738 1166 2794 intentione
1198 2747 1472 2806 peccatur.
1506 2739 1629 2804 Quo
1658 2744 1852 2791 contra
1900 2743 2047 2789 recte

462 2831 610 2888 beati
638 2831 736 2887 viri
772 2832 1120 2901 cxpressione
1142 2846 1241 2899 per
1274 2831 1597 2900 Prophetam
1628 2830 1826 2885 dicitur
1856 2848 1867 2881 :
1900 2828 1967 2881 Et
1992 2829 2049 2881 in

462 2921 705 2975 cathedra
743 2920 1044 2990 pestilentia:
1106 2936 1209 2973 non
1248 2919 1382 2973 sedit
1418 2918 1550 2985 (Ps.
1592 2934 1629 2985 t,
1675 2919 1753 2987 l).
1783 2918 2047 2974 Cathedra

462 3016 654 3085 quippe
676 3013 877 3085 judicis
905 3028 1027 3069 esse
1051 3014 1132 3068 vel
1164 3012 1505 3082 pmsidentis
1524 3013 1683 3070 solet.
1714 3012 1768 3067 ln
1793 3012 2050 3069 cathedra

464 3115 640 3161 autem
672 3105 993 3177 pestilentiae
1020 3104 1236 3171 sedere,
1268 3114 1439 3162 estex
1467 3106 1668 3175 judicio
1708 3121 1873 3175 prava
1902 3121 2049 3164 cem-

2138 1888 2329 1955 scitur,
2348 1902 2413 1942 eo
2435 1886 2595 1941 etiam
2622 1885 2852 1940 celerius
2868 1883 3223 1951 emendatur;
3250 1886 3425 1939 minor
3447 1896 3577 1939 vero
3598 1881 3726 1936 dum

2140 1982 2292 2053 quasi
2326 1982 2474 2035 nulla
2496 1981 2753 2049 creditur,
2773 1995 2840 2037 eo
2881 1981 3036 2050 pejus
3059 1994 3164 2049 quo
3192 1990 3247 2035 et
3276 1978 3518 2036 securius
3549 1979 3601 2036 in
3632 1994 3731 2035 usu

2142 2076 2423 2130 retinetur.
2469 2073 2619 2130 Unde
2647 2073 2706 2128 ﬁt
2738 2074 3053 2143 plerumque
3082 2080 3141 2127 ut
3172 2086 3324 2128 mens
3355 2083 3569 2128 assueta
3614 2087 3731 2128 ma-

2144 2166 2208 2221 lis
2234 2166 2439 2223 levibus
2472 2181 2573 2221 nec
2598 2167 2777 2236 gravia
2810 2165 3219 2234 perhorrescat,
3251 2173 3413 2236 atque
3440 2165 3507 2220 ad
3547 2180 3733 2235 quain—

2145 2262 2265 2314 dam
2288 2258 2660 2314 auctoritatem
2689 2256 2943 2328 nequitia:
2972 2272 3065 2327 per
3086 2258 3269 2328 culpas
3298 2259 3499 2313 nutrita
3537 2273 3733 2327 perve-

2146 2354 2290 2421 niat;
2317 2364 2370 2409 et
2401 2362 2545 2408 tanto
2572 2355 2626 2408 in
2654 2353 2947 2422 majoribus
2975 2363 3284 2411 contemnat
3322 2359 3732 2424 pertimescere,

2147 2456 2346 2518 quanto
2375 2447 2429 2501 in
2457 2446 2696 2501 minimis
2724 2444 2913 2501 didicit
2940 2462 3047 2501 non
3070 2448 3309 2505 timendo
3338 2438 3583 2518 peccare.

2220 2543 2287 2595 At
2316 2550 2503 2596 contra
2530 2539 2856 2597 admonendi
2896 2550 3022 2597 sunt
3045 2543 3134 2612 qui
3165 2558 3226 2598 se
3253 2558 3282 2596 a
3331 2558 3389 2612 ro
3404 2543 3509 2598 rvis
3553 2550 3733 2597 custo-

2149 2634 2338 2702 diunt,
2376 2637 2469 2691 sed
2509 2637 2797 2705 aliquando
2846 2638 2897 2691 in
2945 2639 3197 2707 gravibus
3244 2638 3653 2709 demerguntur,
3685 2647 3738 2695 ut

2148 2730 2377 2786 sollicite
2404 2732 2609 2800 seipsos
2635 2730 3066 2801 deprehendant,
3089 2733 3212 2803 quia
3256 2733 3382 2788 dum
3415 2748 3509 2788 cor
3550 2748 3738 2788 eorum

2152 2823 2217 2878 de
2247 2825 2526 2880 custoditis
2557 2825 2793 2879 minimis
2816 2826 3113 2893 extollitur,
3145 2826 3210 2880 ad
3248 2824 3598 2896 perpetranda
3625 2839 3740 2896 gra-

2155 2916 2295 2970 viora
2316 2917 2433 2987 ipso
2454 2918 2699 2972 elationis
2715 2932 2825 2971 sua:
2847 2917 3099 2973 barathro
3119 2929 3141 2956 ε
3167 2918 3493 2973 devorantur
3513 2935 3526 2983 ;
3550 2926 3601 2970 ct
3618 2920 3742 2973 dum

2153 3007 2283 3063 foris
2313 3010 2413 3063 sibi
2443 3025 2603 3079 parva
2635 3012 2965 3082 subjiciunt,
2995 3011 3088 3066 sed
3138 3025 3230 3080 per
3260 3012 3474 3066 inanem
3521 3010 3743 3081 gloriam

2158 3098 2301 3155 intus
2333 3101 2715 3168 intumescunt,
2748 3103 3003 3173 languore
3030 3102 3291 3172 superbiae
3324 3103 3645 3158 intrinsecus
3670 3102 3743 3156 vi-

464 3170 689 3253 mittere'
720 3216 732 3249 :
774 3196 830 3251 in
861 3196 1115 3251 cathedra
1171 3170 1495 3267 pestilentiae
1524 3170 1745 3266 sederet,
1778 3208 1859 3253 est
1887 3208 1945 3254 et
1985 3214 2053 3254 ex
2080 3170 2129 3236 θ
2158 3204 2300 3248 ctam
2333 3204 2566 3251 mentem
2606 3197 2766 3252 etiam
2798 3170 2941 3253 fo‘ras
2972 3213 3069 3267 per
3097 3170 3230 3253 mala
3276 3197 3476 3268 majora
3512 3210 3744 3267 proster-

468 3291 675 3344 ratione
704 3286 844 3342 mala
885 3286 1230 3353 discernere,
1260 3298 1311 3343 et
1354 3298 1531 3344 tamen
1560 3304 1626 3344 ex
1664 3289 2055 3345 deliberatione

468 3388 799 3449 perpetrare.
828 3378 993 3445 Quasi
1018 3379 1073 3434 in
1104 3380 1339 3449 perversi
1363 3381 1571 3437 consilii
1599 3382 1852 3438 cathedra
1881 3384 2057 3452 sedet,

470 3473 558 3542 qui
589 3480 733 3526 tanta
774 3471 1071 3540 iniquitatis
1097 3472 1329 3528 elatione
1358 3474 1634 3541 attollitur,
1668 3485 1724 3530 ut
1753 3476 2053 3545 adimplere

474 3566 673 3618 malum
696 3563 857 3618 etiam
889 3578 987 3632 per
1010 3565 1233 3620 consilia
1264 3575 1506 3621 conetur.
1538 3566 1607 3622 Et
1631 3569 1770 3623 sicut
1798 3571 2058 3624 assisten.

474 3657 619 3711 tibus
646 3654 820 3711 turbis
844 3656 1059 3726 prtelati
1113 3666 1237 3712 sunt
1280 3660 1369 3728 qui
1398 3659 1670 3716 cathedra:
1710 3661 1915 3715 honore
1962 3661 2060 3716 lul-

484 3746 733 3813 ciuntur,
770 3746 841 3799 ita
870 3746 1065 3801 delicta
1114 3761 1300 3803 eorum
1345 3750 1436 3817 qui
1485 3750 1901 3819 praecipitatione
1946 3768 2065 3807 cor-

477 3846 661 3905 ruunt,
691 3838 952 3907 exquisita
982 3852 1078 3908 per
1102 3839 1335 3894 studium
1386 3848 1606 3911 peccata
1661 3846 2061 3900 transcendunt.

478 3927 818 3984 Admonendi
850 3943 977 4000 ergo
1010 3937 1154 3995 sunt,
1187 3936 1245 3983 ut
1274 3929 1402 3985 hinc
1427 3931 1681 4001 colligant
1703 3935 1792 4003 qui
1818 3935 1872 3989 in
1908 3936 2064 4006 culpa

480 4021 644 4078 etiam
668 4036 726 4079 se
756 4037 853 4094 per
872 4024 1151 4079 consilium
1183 4023 1485 4095 ligant,qua
1511 4028 1829 4098 quandoque
1858 4031 2067 4088 ultione

486 4113 712 4170 feriendi
762 4125 921 4181 sunt,
958 4117 1046 4187 qui
1096 4132 1239 4172 nunc
1283 4133 1567 4188 pravorum
1618 4136 1724 4177 non
1772 4125 1940 4192 socii,
1970 4126 2066 4182 sed

483 4205 513 4245 ιι
542 4208 812 4277 principes
839 4206 991 4263 fiunt.

835 4321 1063 4379 CAPUT
1092 4321 1311 4379 xxxm
1340 4324 1457 4397 [Αι.
1489 4323 1711 4395 LVII].

488 4433 761 4501 Quomodo
799 4437 1109 4491 adnaonctdi
1134 4438 1223 4507 qui
1260 4439 1511 4505 minimis,
1550 4440 1640 4492 sed
1666 4441 1855 4494 crelm's
1886 4442 2065 4506 noxis,

562 4518 609 4560 et
630 4510 716 4577 qui
747 4509 986 4563 minimas
1006 4520 1237 4564 caventes
1256 4510 1494 4580 grauibus
1537 4511 1814 4578 aliquando
1858 4513 2067 4567 immer-

558 4588 763 4649 guntur.

560 4668 877 4739 (Admonitio
907 4668 995 4724 54.
1022 4670 1041 4741 )
1074 4670 1241 4727 Aliter
1281 4673 1605 4729 admonendi
1632 4684 1755 4730 sunt
1800 4678 1923 4747 qui,
1952 4677 2073 4733 licet

490 4759 730 4825 minima,
764 4762 956 4817 crebro
988 4771 1165 4819 tamen
1199 4765 1389 4820 illicita
1422 4766 1654 4834 faciunt;
1708 4777 1865 4837 atque
1920 4771 2073 4826 aliter

491 4849 581 4918 qui
607 4863 665 4905 se
697 4865 727 4904 a
756 4854 931 4921 parvis
958 4848 1290 4922 custodiunt,
1321 4858 1419 4913 sed
1440 4858 1726 4928 aliquando
1750 4861 1800 4914 in
1825 4861 2074 4932 gravibus

492 4939 893 5011 demerguntur.
927 4945 1267 5002 Admouendi
1294 4960 1419 5004 sunt
1447 4952 1536 5019 qui
1568 4954 1812 5021 quamvis
1836 4954 1887 5006 in
1915 4954 2068 5007 mini-

489 5033 628 5099 mis,
654 5033 750 5089 sed
778 5038 956 5091 tamen
984 5036 1299 5109 frequenter
1320 5042 1585 5099 excedunt
1604 5084 1621 5111 ,
1649 5046 1710 5098 ut
1734 5046 2070 5116 nequaquam

494 5125 837 5181 considerent
881 5127 1080 5199 qualia,
1117 5131 1209 5187 sed
1263 5145 1457 5205 quanta
1508 5138 1863 5193 committunt.
1916 5136 2075 5193 Facta

566 5283 592 5310 λ
620 5272 785 5338 Editi,
803 5272 912 5346 hac
953 5289 1071 5346 ergo
1094 5275 1498 5345 prazcipitatione
1530 5277 1660 5345 lapsi
1691 5291 1779 5343 per
1804 5275 2070 5331 consilium

495 5341 1047 5419 pereuntes-rimarum,
1073 5341 1123 5419 in
1147 5341 1340 5419 quib_us
1369 5360 1557 5419 sensus
1580 5341 1941 5419 desideratur.
1958 5349 2072 5419 Le-

493 5412 725 5541 gendum
759 5413 1009 5483 igitur,ut
1032 5412 1232 5493 habent
1254 5414 1436 5483 Trec.,
1476 5416 1661 5501 ϐοῶ..
1694 5414 1926 5501 Tlieod.,
1954 5418 2068 5474 Val.

542 5488 599 5541 Ι..
635 5485 824 5541 Laud..
865 5484 1088 5541 Norm..
1150 5494 1262 5541 etc.
1312 5478 1428 5541 Hoc
1454 5506 1592 5541 erae.
1626 5490 1679 5541 Id
1726 5497 1827 5541 est.
1876 5508 1928 5541 ιιι
1983 5492 2068 5541 hoc

542 5488 599 5551 1.,
635 5478 824 5549 ιθιιάῖ,
865 5478 1046 5540 Nurm.
1072 5528 1088 5553 ,
1150 5492 1262 5542 etc.
1312 5478 1431 5541 Hoc
1454 5506 1592 5557 ergo,
1626 5490 1679 5543 id
1726 5497 1827 5555 est,
1876 5478 1928 5543 in
1983 5492 2076 5546 hoc

497 5549 901 5631 prazcipitationc
941 5549 1122 5627 lapsis,
1155 5560 1204 5612 id
1250 5566 1332 5612 e~t
1356 5601 1371 5625 ,
1404 5559 1464 5613 ab
1497 5549 1679 5631 liis'qui
1710 5549 2077 5631 perfprwcipi~

496 5624 737 5684 tationem
759 5624 1017 5701 labuntur,
1042 5624 1447 5701 parcensilium,
1470 5646 1566 5687 seu
1605 5624 1669 5684 ea:
1694 5624 2073 5701 deliberatione,

497 5710 769 5771 pereuntes
786 5696 1064 5771 differunt.
1114 5696 1236 5755 Vel.
1270 5698 1397 5755 Mss.
1430 5702 1625 5757 habent
1671 5701 1826 5771 labris
1868 5716 1962 5771 pro
1993 5696 2070 5757 lu;

499 5766 623 5824 usis.
653 5770 707 5825 In
752 5768 958 5826 't'heod.
992 5771 1204 5839 legitur,
1235 5788 1267 5824 α
1310 5774 1672 5843 ρηεεὶῤαίοηε
1702 5766 1881 5841 lapsis:
1916 5773 2076 5842 Infra,

2166 3294 2318 3340 nunt.
2344 3286 2685 3343 Admonendi
2702 3303 2829 3358 ergo
2855 3297 2980 3343 sunt
3003 3288 3205 3358 quisca
3226 3290 3402 3359 parvis
3422 3290 3745 3357 custodiunt,

2160 3379 2252 3432 sed
2284 3378 2569 3448 aliquando
2598 3379 2653 3434 in
2694 3380 2941 3451 gravibus
2982 3380 3385 3451 demerguntur,
3436 3398 3501 3436 ne
3551 3380 3638 3435 ubi
3687 3396 3746 3435 se

2163 3480 2304 3526 stare
2333 3473 2666 3527 extrinsecus
2697 3474 2982 3542 aestimant,
3004 3473 3074 3528 ibi
3108 3474 3426 3529 intrinsecus
3456 3474 3663 3541 cadant,
3692 3483 3747 3529 et

2158 3566 2310 3634 juxta
2334 3563 2767 3633 districtijudicis
2792 3566 3199 3621 retributionem
3231 3567 3393 3621 elatio
3421 3568 3645 3623 minoris
3666 3568 3749 3636 ju-

2167 3659 2325 3713 stitiac
2354 3660 2437 3714 via
2464 3659 2554 3711 fiat
2580 3658 2648 3713 ad
2682 3658 2890 3715 foveam
2916 3660 3175 3729 gravioris
3224 3662 3418 3729 culpa).
3462 3660 3561 3727 Qui
3610 3662 3751 3715 enim

2168 3765 2302 3805 vane
2330 3750 2475 3817 elati,
2506 3751 2629 3805 boni
2663 3750 2865 3805 minimi
2900 3747 2927 3788 ά
2958 3752 3253 3808 custodiam
3287 3754 3396 3808 suis
3430 3753 3630 3806 viribus
3658 3754 3752 3805 tri-

2170 3842 2358 3909 buunt,
2378 3843 2523 3913 juste
2550 3842 2795 3899 derelicti
2829 3844 3001 3912 culpis
3033 3846 3322 3915 majoribus
3346 3845 3669 3909 obruuntur;
3702 3854 3753 3901 et

2169 3938 2409 3993 cadendo
2438 3938 2649 3992 discunt
2676 3952 2780 3993 non
2814 3938 2980 3995 fuisse
3006 3940 3279 4010 proprium
3303 3940 3438 4010 quod
3463 3948 3752 4007 steterunt,

2169 4043 2228 4085 ut
2266 4032 2404 4085 mala
2436 4030 2692 4085 immensa
2722 4046 2815 4086 cor
2843 4033 3159 4100 reprimant,
3192 4033 3333 4103 quod
3366 4033 3581 4088 minima
3615 4032 3755 4088 bona

2171 4124 2425 4180 exaltant.
2460 4124 2798 4180 Admonendi
2824 4131 2952 4179 sunt
2980 4135 3035 4177 ut
3061 4124 3403 4179 considerent
3431 4123 3571 4194 quod
3612 4132 3665 4177 ct
3706 4124 3758 4180 in

2172 4217 2341 4286 culpis
2387 4216 2720 4287 gravioribus
2769 4216 2878 4270 alto
2907 4226 3058 4271 reatu
3086 4231 3147 4271 se
3191 4215 3467 4285 obligant,
3497 4225 3549 4271 et
3583 4224 3759 4269 tanien

2174 4310 2482 4379 plerumque
2504 4310 2554 4363 in
2586 4309 2760 4375 parvis
2781 4322 2899 4376 quas
2920 4307 3485 4375 custodiunt,deterius
3514 4315 3759 4377 peccant,

2174 4403 2292 4469 quia
2325 4411 2377 4457 et
2404 4404 2455 4456 in
2487 4402 2592 4456 illis
2623 4400 2801 4470 iniqua
2831 4400 3051 4464 faciunt,
3083 4408 3135 4453 et
3177 4414 3271 4467 per
3301 4399 3397 4453 ista
3428 4415 3487 4453 se
3520 4399 3754 4454 immini-

2174 4494 2273 4550 bus
2297 4494 2438 4563 quod
2470 4492 2633 4561 iniqui
2660 4502 2781 4547 sunt
2814 4500 3017 4562 tegunt.
3065 4490 3217 4546 Unde
3248 4492 3308 4545 fit
3333 4500 3391 4545 ut
3413 4506 3533 4545 cum
3558 4490 3762 4561 majora

2098 4583 2153 4644 D
2180 4588 2318 4643 mala
2350 4596 2659 4658 perpetrant
2686 4602 2866 4641 coram
2902 4587 3035 4651 Deo,
3060 4594 3258 4654 apertae
3285 4594 3306 4621 θ
3342 4586 3632 4655 iniquitatis
3660 4586 3761 4652 sit;

2178 4689 2233 4735 et
2261 4695 2379 4735 cum
2413 4695 2576 4748 parva
2609 4681 2743 4734 bona
2773 4679 3081 4733 custodiunt
3113 4692 3294 4732 coram
3326 4676 3653 4744 hominibus,
3688 4678 3763 4731 sio

2179 4774 2389 4827 mutata:
2418 4772 2733 4827 sanctitatis.
2768 4770 2899 4826 Hinc
2922 4780 3003 4826 est
3030 4772 3175 4826 enim
3196 4769 3341 4839 quod
3369 4770 3655 4824 Pharisaeis
3684 4770 3763 4824 di-

2178 4865 2316 4919 citur
2350 4882 2361 4916 :
2395 4864 2670 4933 Liquantcs
2708 4863 2941 4930 culicem,
2980 4864 3233 4917 camelum
3278 4872 3451 4918 autem
3494 4861 3765 4934 glutientrs

2184 4956 2200 5024 (
2230 4956 2419 5010 Matth.
2453 4956 2582 5010 xxut
2604 4996 2620 5022 ,
2646 4956 2713 5009 24
2738 4956 2779 5024 ).
2810 4956 2887 5009 Ac
2916 4956 2961 5009 si
2988 4966 3170 5025 aperte
3196 4955 3466 5011 diceretur
3506 4972 3519 5011 :
3554 4955 3765 5009 Minima

2185 5048 2322 5101 mala
2370 5047 2705 5116 discernitis,
2742 5047 2946 5117 majora
2986 5046 3275 5102 devoratis.
3314 5042 3447 5103 ﬂinc
3492 5057 3575 5102 εει
3624 5048 3760 5118 quod

2190 5154 2399 5193 rursum
2427 5154 2519 5195 ore
2544 5138 2793 5195 Veritatis
2820 5141 3183 5209 increpantur,
3213 5156 3333 5196 cum
3360 5134 3586 5198 audiunt
3620 5161 3633 5195 :
3667 5139 3761 5195 De-

2178 5274 2396 5345 pecc‘atis
2434 5266 2553 5328 aliis
2602 5272 2843 5341 differunt
2894 5284 3119 5344 peccata.

2214 5346 2275 5428 ,ι’
2310 5346 2383 5400 lta
2416 5346 2608 5400 melius
2637 5345 2764 5401 Mss.
2796 5361 2952 5418 quam
2986 5346 3218 5411 Excusn,
3253 5346 3340 5401 ubi
3373 5348 3592 5417 legitur,
3626 5349 3762 5419 prin-

2180 5435 2317 5486 crpes
2341 5428 2476 5471 sunt.

2256 5501 2275 5525 ε
2313 5489 2495 5554 Trec.,
2528 5489 2613 5543 cui
2643 5491 2986 5547 consentiunt
3035 5482 3177 5543 Editi
3226 5488 3581 5555 recentiores,
3618 5488 3755 5543 devo-

2181 5572 2347 5621 ratur,
2382 5576 2486 5625 sc.,
2515 5576 2621 5614 cor.

2257 5624 2280 5667 δ
2314 5624 2577 5699 Corrupte
2599 5628 2650 5686 in
2675 5632 2864 5699 Guss.,
2892 5635 3177 5689 custodiam
3204 5649 3354 5687 suam
3384 5632 3593 5687 viribus.

2262 5703 2462 5776 {Tres
2492 5674 2708 5776 aculei.
2743 5674 2795 5758 ξι
2822 5674 2930 5761 duo
2959 5714 3159 5775 poster.
3186 5702 3597 5776 liaruot.,_iniq.
3648 5702 3759 5757 sint.

2184 5773 2399 5845 Legitur
2420 5774 2483 5828 sit
2513 5777 2564 5829 in
2596 5772 2751 5831 Trec.
2784 5776 2914 5832 etin
2947 5770 3019 5829 al.
3048 5812 3063 5841 ,
3087 5774 3290 5846 optimo
3339 5770 3568 5845 quidem
3587 5789 3761 5833 sensu.
