4036 6346
255 312 356 368 “7

1042 316 1347 376 REGULE
1390 318 1819 380 PASTORALIS
1858 318 2088 377 LIBER.
2130 352 2199 364 —
2238 322 2419 382 PARS
2457 322 2738 381 TERTIA.

3431 325 3535 383 lli!

255 429 451 484 timetis
485 430 768 499 mentitam,
793 438 839 485 et
859 432 1187 497 anethum,et
1209 434 1497 504 cyminum;
1529 444 1575 489 et
1600 435 1843 504 relinqui-
1872 436 1926 501 Α
1948 436 2079 490 sicut
2111 453 2199 491 vos
2227 438 2367 492 scitis
2408 454 2428 493 :
2474 437 2611 492 hunc
2640 438 2852 509 deﬁnito
2877 436 3089 492 consilio
3120 445 3167 491 et
3211 440 3533 509 praescicntia

254 522 319 576 tis
342 537 454 593 qua:
481 522 727 593 graviora
746 529 864 575 sunt
892 521 1036 593 legis,
1054 522 1329 593 judicium,
1352 532 1399 579 et
1415 525 1843 596 misericordiam,

254 624 296 671 et
347 614 529 685 ﬁdem.
590 616 774 686 Neque
824 610 966 671 enim
1016 614 1349 688 negligenter
1388 613 1713 674 audiendum
1760 630 1845 675 est

255 707 391 780 quod
425 723 549 764 cum
578 702 833 764 decimari
864 704 1083 764 minima
1111 706 1337 774 diceret,
1367 718 1607 767 extrema
1629 710 1845 782 quidem

256 800 319 857 de
342 798 580 857 oleribus
599 798 806 870 maluit,
820 798 914 857 sed
939 810 1117 858 tamen
1139 801 1276 858 bene
1296 801 1493 859 olentia
1515 818 1842 871 memorare;

256 898 312 949 ut
342 892 585 963 proiecto
612 888 922 951 ostenderet
949 894 1073 967 quia
1120 895 1461 953 simulatores
1505 912 1625 953 cum
1675 914 1836 970 parva

256 978 811 1053 custodiunt,odorem
830 996 857 1025 ι
884 987 951 1044 de
968 1002 1027 1044 se
1047 988 1334 1045 extendere
1355 997 1554 1045 sancta:
1576 989 1845 1060 opinionis

257 1086 531 1149 quaerunt;
562 1085 616 1134 et
640 1079 882 1150 quamvis
910 1078 1136 1150 implere
1154 1080 1381 1137 maxima
1408 1078 1837 1151 praetermittam,

256 1189 318 1232 ea
368 1181 545 1230 tamen
598 1166 818 1230 minima
862 1174 1187 1246 observant,
1218 1191 1335 1246 quae
1363 1175 1597 1233 humano
1641 1173 1845 1249 judicio

258 1266 418 1337 longe
449 1267 660 1338 lateque
688 1268 982 1325 redoleant.

610 1382 835 1441 canar
863 1383 1081 1445 χχιιι
1111 1382 1494 1460 [41.1.7111].

265 1483 532 1547 Quomodo
554 1482 865 1539 admonendi
886 1484 974 1553 qui
1002 1485 1144 1556 bona,
1166 1500 1258 1540 nec
1293 1485 1539 1542 inchoent
1579 1493 1625 1541 et
1648 1484 1737 1556 qui
1762 1485 1839 1541 in-

716 1556 899 1610 choata
937 1572 1039 1610 non
1092 1554 1377 1612 absolvunt.

333 1645 643 1715 (Admonitio
680 1644 799 1715 55.)
833 1647 1001 1704 Aliter
1042 1647 1367 1704 admonendi
1409 1656 1536 1705 sunt
1563 1649 1652 1719 qui
1702 1649 1839 1705 bona

256 1752 357 1792 nec
387 1737 668 1804 inchoant,
698 1739 807 1811 93
836 1748 995 1810 atque
1022 1740 1177 1796 aliter
1207 1740 1296 1811 qui
1343 1739 1593 1796 inchoata
1622 1741 1839 1798 minime

1952 528 2047 584 Dei
2077 529 2339 596 traditum,
2370 547 2460 600 per
2488 547 2669 585 manus
2698 530 2995 602 iniquorum
3020 527 3049 569 ⁸
3073 531 3344 602 aﬂigentes
3371 532 3533 587 inter-

1949 620 2163 690 emistis,
2187 640 2335 694 quem
2365 618 2503 679 Deus
2532 622 2797 680 suscitavit
2839 620 3022 678 solutis
3053 622 3319 678 doloribus
3342 624 3535 695 inferni

1950 714 2085 788 (Act.
2122 731 2182 783 ιι,
2211 713 2451 786 22-24);
2480 723 2539 771 ut
2565 716 2819 773 videlicet
2847 715 3181 774 crudelitatis
3210 732 3322 773 suae
3351 717 3534 789 cogni-

1952 802 2097 862 tione
2127 804 2409 873 destructi,
2461 805 2870 863 aedificationem
2901 816 3102 864 sanctae
3131 806 3533 879 praedicationis

1950 904 2146 970 quanto
2172 896 2327 954 anxie
2348 905 2672 970 quaererent,
2696 907 2845 955 tanto
2865 898 3065 956 utiliter
3086 898 3349 957 audirent.
3379 899 3533 957 Unde

1949 998 2003 1044 et
2030 988 2177 1045 illico
2204 988 2491 1061 respondet
2524 1008 2539 1048 :
2570 989 2709 1061 Quid
2732 1006 2854 1062 ergo
2884 989 3152 1061 faciemus,
3182 992 3277 1047 viri
3300 992 3485 1063 fratres
3505 994 3531 1048 .‘

1949 1081 2153 1152 Quibus
2180 1097 2302 1139 mox
2324 1082 2518 1139 dicitur
2548 1101 2560 1136 :
2594 1083 2744 1155 Agite
2772 1085 3141 1153 paenitentiam,
3172 1094 3219 1141 et
3251 1084 3534 1158 baptisetur

1948 1174 2294 1246 unusquisque
2320 1186 2539 1230 vestrum
2562 1173 2753 1248 (Ibid.,
2787 1176 2874 1243 37,
2890 1173 3149 1248 38).:Qu2e
3166 1175 3534 1235 mdiﬁcationls

1956 1259 2112 1321 verba
2146 1266 2386 1338 profecto
2417 1278 2844 1335 contemnerent,
2894 1267 2996 1325 nisi
3040 1268 3187 1340 prius
3247 1272 3532 1329 salubriter

1948 1359 2155 1413 ruinam
2185 1374 2296 1415 suae
2326 1358 2706 1416 destructionis
2735 1359 3087 1418 invenissent.
3115 1361 3250 1419 Hinc
3280 1371 3364 1421 est
3388 1366 3528 1436 quod

1946 1449 2137 1507 Saulus
2162 1466 2281 1507 cum
2295 1468 2455 1523 super
2483 1468 2605 1509 eum
2633 1452 2948 1510 coelituslux
2963 1455 3156 1512 emissa
3178 1456 3528 1528 resplenduit,

1947 1557 2053 1595 non
2096 1540 2206 1613 jam
2258 1544 2381 1614 quid
2413 1552 2558 1600 recte
2590 1542 2812 1601 deberet
2834 1546 3032 1609 tacere.
3082 1546 3174 1604 sed
3204 1548 3332 1619 quid
3365 1558 3528 1619 prave

1946 1632 2194 1706 fecisset,
2255 1636 2479 1692 audivit.
2531 1638 2662 1694 Nam
2686 1654 2807 1694 cum
2857 1648 3158 1713 prostratus
3207 1642 3526 1715 requireret,

1946 1726 2128 1785 dicens
2181 1748 2194 1785 :
2249 1729 2375 1796 Quis
2416 1744 2487 1799 es,
2524 1726 2783 1787 Domine?
2807 1728 3185 1803 Respondetur
3214 1735 3458 1805 protinus
3510 1750 3531 1790 :

257 1840 651 1887 consummant.
682 1831 783 1900 Qui
809 1830 951 1888 enim
984 1832 1122 1899 bona
1152 1845 1251 1888 nec
1282 1832 1557 1899 inchoant,
1584 1849 1688 1887 non
1713 1841 1838 1889 sunt

1952 1818 2060 1892 Ego
2110 1838 2225 1875 sum
2273 1818 2426 1877 Iesus
2479 1820 2786 1878 Nazarenus
2817 1868 2831 1892 ,
2861 1827 2873 1842 ⁵
2903 1840 3048 1896 quem
3106 1834 3161 1879 tu
3212 1828 3530 1898 persequeris

254 1924 333 1979 eis
363 1924 511 1993 prius
536 1916 850 1979 aediﬁcanda
881 1939 1001 1995 quae
1024 1914 1309 1981 salubriter
1334 1916 1579 1994 diligant,
1611 1925 1704 1980 sed
1737 1922 1835 1982 de-

252 2016 505 2072 struenda
534 2032 597 2074 ea
626 2018 682 2073 in
714 2017 907 2086 quibus
950 2018 1269 2087 semetipsos
1300 2014 1543 2090 nequiter
1594 2030 1833 2075 versant.

251 2108 437 2180 Neque
468 2110 610 2166 enim
655 2118 951 2181 sequuntur
980 2126 1098 2179 qua:
1147 2112 1419 2181 inexperta
1445 2111 1705 2177 audiunt,
1734 2112 1839 2169 nisi

255 2203 406 2271 prius
424 2216 583 2272 quam
605 2202 901 2271 perniciosa
930 2202 1037 2256 sint
1076 2216 1138 2257 ea
1166 2218 1282 2273 qua:
1315 2198 1416 2257 sibi
1442 2212 1563 2257 sunt
1593 2213 1835 2272 experta,

253 2291 681 2362 deprehendant,
710 2293 828 2364 quia
863 2308 960 2348 nec
982 2290 1145 2348 levari
1174 2295 1395 2365 appetit,
1424 2290 1512 2366 qui
1544 2304 1597 2350 et
1630 2297 1730 2351 hoc
1759 2297 1839 2367 ip-

250 2402 368 2442 sum
399 2376 524 2458 quia
555 2386 749 2444 cecidit
773 2386 969 2453 nescit;
996 2397 1048 2442 et
1073 2388 1163 2459 qui
1191 2380 1435 2444 dolorem
1466 2388 1703 2445 vulneris
1730 2405 1837 2446 non

249 2481 438 2548 sentit,
454 2479 640 2535 salutis
657 2470 896 2536 remedia
917 2496 1024 2535 non
1044 2481 1288 2554 requirit.
1320 2478 1473 2537 Prius
1503 2497 1631 2553 ergo
1660 2491 1840 2539 osten-

250 2571 426 2627 denda
457 2581 602 2639 sunt,
636 2587 796 2643 quam
828 2572 937 2628 sint
981 2588 1116 2628 vana
1164 2589 1284 2644 quae
1335 2573 1581 2643 diligunt,
1615 2583 1671 2629 et
1717 2584 1840 2630 tunc

250 2666 469 2721 demunt
500 2666 789 2740 vigilanter
843 2666 1134 2722 intimanda
1168 2683 1325 2737 quam
1379 2669 1486 2723 sint
1528 2667 1676 2723 utilia
1721 2686 1841 2742 quae

249 2758 687 2827 praetermittunt.
722 2756 876 2813 Prius
903 2748 1118 2813 videant
1139 2748 1391 2829 fugienda
1418 2775 1536 2830 qum
1565 2768 1766 2829 amant,
1786 2770 1842 2817 et

246 2848 366 2904 sine
381 2848 693 2905 difﬁcultate
711 2849 1049 2918 postmodum
1071 2847 1097 2887 δ
1123 2860 1453 2920 cognoscant
1469 2853 1690 2906 amanda
1715 2867 1840 2907 esse

248 2954 368 3010 qua:
397 2940 625 3013 fugiunt.
657 2932 843 2997 Melius
873 2942 1015 2997 enim
1052 2946 1328 3013 inexperta
1381 2944 1665 3014 recipiunt,
1699 2944 1741 2999 si
1771 2938 1840 3003 de

247 3036 490 3107 expertis
519 3036 775 3108 quidquid
801 3037 1175 3107 disputationis
1200 3038 1446 3103 audiunt,
1465 3038 1725 3093 veraciter
1749 3054 1839 3093 co-

246 3137 538 3198 gnoscunt.
570 3127 721 3185 Tunc
764 3127 919 3199 igitur
950 3122 1109 3200 pleno
1141 3138 1262 3185 voto
1293 3129 1503 3185 discunt
1547 3146 1668 3185 vera
1697 3128 1839 3186 bona

1944 1911 2083 1985 (Act.
2139 1929 2215 1981 ts,
2246 1913 2298 1981 4,
2345 1930 2475 1983 seq.,
2534 1931 2662 1981 χιιι,
2719 1911 2773 1981 8,
2824 1918 2979 1988 seq.).
3031 1918 3097 1973 Et
3139 1931 3260 1973 cum
3305 1929 3530 1990 repente

1942 1996 2287 2077 subj‘ungeret
2320 2026 2333 2061 :
2368 2005 2604 2073 Domine,
2634 2016 2655 2045 ε
2678 2007 2801 2079 quid
2831 2025 2910 2063 me
2932 2009 3082 2081 jubes
3105 2010 3271 2080 facere
3297 2009 3531 2082 (Ibid)?

1946 2097 2092 2155 Illico
2116 2099 2420 2173 adjungitur
2450 2120 2462 2156 :
2495 2100 2511 2139 τ
2540 2101 2771 2176 Surgens
2795 2104 3059 2175 ingredere
3080 2106 3353 2172 civitatem,
3386 2116 3434 2160 et
3463 2102 3533 2160 ibi

1943 2192 2133 2247 dicetur
2167 2193 2256 2247 tibi
2286 2193 2410 2265 quid
2461 2204 2510 2248 te
2538 2206 2765 2267 oporteat
2806 2196 2970 2269 facere
3020 2193 3234 2267 (Ibid.).
3283 2197 3422 2253 Ecce
3461 2197 3531 2254 de

1944 2289 2082 2345 cmio
2112 2286 2375 2343 Dominus
2413 2290 2635 2359 loquens
2684 2290 3043 2359 persecutoris
3069 2291 3154 2346 sui
3185 2290 3322 2345 facta
3362 2289 3531 2345 corri-

1946 2382 2084 2452 puit.
2111 2396 2210 2438 nec
2245 2393 2420 2437 tamen
2456 2382 2598 2438 illico
2634 2399 2754 2459 quae
2784 2394 2965 2439 essent
2988 2380 3232 2439 facienda
3262 2391 3531 2440 monstra-

1945 2477 2039 2533 vit.
2072 2478 2211 2533 Ecce
2239 2476 2489 2534 eiationis
2517 2476 2633 2549 ejus
2666 2478 2865 2536 fabrica
2886 2479 2996 2551 jam
3024 2488 3132 2537 tota
3158 2490 3454 2552 corruerat,
3477 2490 3532 2539 et

1942 2568 2055 2645 94
2084 2581 2203 2641 post
2233 2572 2442 2627 ruinam
2473 2588 2623 2629 suam
2655 2574 2875 2630 humilis
2904 2574 3157 2631 aediﬁcari
3186 2576 3525 2650 requirebat;

1945 2672 2001 2718 et
2054 2679 2175 2718 cum
2232 2663 2482 2734 superbia
2539 2665 2875 2736 destruitur,
2931 2666 3299 2725 aediﬁcationis
3353 2678 3531 2724 tamen

1947 2750 2111 2812 verba
2158 2756 2487 2826 retinentur;
2519 2765 2575 2813 ut
2624 2759 2870 2815 videlicet
2918 2769 3232 2831 persecutor
3283 2759 3533 2817 immanis

1945 2851 2038 2907 diu
2063 2851 2367 2908 destructus
2381 2850 2607 2922 jaceret,
2641 2863 2695 2909 et
2722 2862 2872 2909 tanto
2904 2864 3024 2924 post
3046 2854 3098 2909 in
3125 2852 3280 2909 bonis
3310 2853 3533 2910 solidius

1947 2952 2210 3015 surgeret,
2242 2951 2443 3013 quanto
2486 2945 2633 3015 prius
2686 2943 2928 3001 funditus
2965 2960 3185 3000 eversus
3229 2960 3259 2999 a
3309 2944 3532 3014 pristino

1947 3049 2131 3089 errore
2174 3032 2475 3090 cecidisset.
2507 3035 2607 3102 Qui
2666 3050 2797 3105 ergo
2826 3034 2969 3091 nulla
3000 3036 3175 3092 adhuc
3203 3050 3363 3107 agere
3391 3035 3532 3091 bona

1945 3135 2246 3196 cmperunt,
2293 3142 2323 3181 a
2357 3125 2623 3198 rigiditate
2672 3139 2827 3184 antea
2857 3144 2966 3183 sua:
2998 3126 3295 3199 pravitatis,
3321 3144 3534 3185 correc-

247 3236 514 3289 quaerere,
548 3235 669 3276 cum
702 3230 849 3276 certo
892 3216 1099 3291 judicio
1128 3216 1580 3293 deprehenderint
1611 3219 1749 3277 falsa
1777 3237 1836 3282 se
1862 3214 1910 3278 C
1947 3218 2106 3275 tionis
2133 3233 2292 3271 manu
2322 3214 2596 3273 evertendi
2617 3228 2761 3285 sunt,
2796 3229 2853 3273 ut
2879 3220 2942 3272 ad
2967 3228 3164 3274 statum
3190 3220 3525 3288 postmodum

250 3326 414 3367 vacue
446 3313 702 3369 tenuisse.
734 3312 967 3369 Audiant
991 3328 1121 3384 ergo
1142 3313 1280 3385 quod
1313 3310 1450 3367 bona
1480 3313 1763 3382 praesentia
1784 3321 1840 3370 et

250 3421 276 3461 a
300 3407 655 3463 delectatione
683 3409 840 3464 citius
872 3408 1158 3463 transitura
1186 3416 1331 3477 sunt,
1362 3419 1414 3463 et
1444 3417 1620 3464 tamen
1650 3423 1837 3463 eorum

252 3514 408 3556 causa
434 3500 501 3557 ad
534 3501 787 3559 ultionem
816 3502 933 3559 sine
956 3502 1180 3557 transitu
1216 3517 1596 3571 permansura;
1630 3500 1755 3573 quia
1784 3512 1841 3558 et

253 3610 393 3650 nunc
417 3594 557 3665 quod
590 3593 719 3650 libet
750 3586 931 3651 invitis
958 3594 1313 3665 subtrahitur,
1343 3605 1397 3653 et
1425 3608 1549 3649 tunc
1572 3594 1713 3665 quod
1744 3586 1843 3652 do-

257 3685 331 3741 let
350 3686 520 3741 invitis
549 3688 601 3742 in
623 3687 942 3757 supplicium
972 3696 1299 3743 reservatur.
1328 3688 1511 3758 Itaque
1532 3682 1733 3743 eisdem
1758 3704 1843 3745 re-

254 3779 356 3835 bus
378 3788 676 3836 terreantur
703 3770 1008 3847 salubriter,
1031 3776 1220 3852 quibus
1269 3781 1431 3836 noxie
1462 3772 1831 3847 delectantur;

248 3884 309 3929 ut
338 3873 463 3929 dum
505 3875 747 3945 perculsa
805 3890 957 3931 mens
987 3875 1093 3931 alta
1147 3875 1317 3931 ruina:
1346 3890 1457 3931 suae
1487 3876 1683 3932 damna
1714 3891 1845 3933 conv

250 3964 508 4035 spiciens,
529 3981 647 4023 sese
680 3976 703 4006 ο
738 3968 790 4021 in
817 3966 1170 4037 praacipitium
1204 3967 1515 4037 pervenisse
1544 3960 1845 4037 deprehen-

251 4060 350 4129 dit,
385 4074 629 4132 gressum
654 4069 777 4131 post
807 4070 953 4132 terga
980 4069 1215 4129 revocet,
1234 4070 1288 4116 et
1314 4063 1701 4131 pertimescens
1726 4077 1845 4134 quae

252 4164 551 4221 amaverat,
582 4156 755 4212 discat
774 4154 996 4228 diligere
1020 4170 1138 4227 quin
1163 4148 1560 4212 contemnebat.

326 4249 464 4305 Hinc
498 4261 581 4307 est
609 4252 750 4307 enim
796 4253 938 4323 quod
981 4253 1231 4309 Jeremize
1276 4254 1441 4308 misso
1471 4252 1536 4307 ad
1566 4251 1828 4322 pradica-

257 4341 457 4397 tionem
489 4341 681 4399 dicitur
715 4362 730 4397 :
780 4332 914 4399 Ecce
943 4344 1189 4399 constitui
1216 4352 1265 4398 te
1290 4343 1444 4398 hodie
1467 4360 1621 4412 super
1668 4352 1842 4415 gentes

258 4445 301 4490 et
324 4452 479 4505 super
506 4453 686 4508 regna,
716 4448 771 4492 ut
801 4438 990 4493 evellas
1041 4447 1087 4499 et
1130 4439 1389 4504 destruas,
1435 4448 1480 4493 et
1512 4439 1779 4509 disperdas
1804 4445 1852 4490 et

258 4527 497 4597 dissipes,
554 4537 600 4583 et
629 4529 854 4599 rrdiﬁces
877 4539 927 4584 et
955 4529 1158 4601 planles
1204 4527 1343 4599 (Jer.
1370 4545 1409 4593 ι,
1447 4529 1557 4590 10).
1586 4530 1719 4596 Quia
1748 4528 1850 4583 nisi

1949 3318 2111 3363 rectas
2158 3310 2486 3378 operationis
2541 3310 2834 3381 erigantur,
2880 3310 2999 3378 quia
3042 3322 3096 3365 et
3137 3309 3339 3366 idcirco
3366 3310 3534 3368 altum

1948 3401 2103 3456 silva:
2130 3400 2330 3472 lignum
2357 3398 2702 3470 succidimus,
2753 3411 2812 3456 ut
2842 3400 2943 3457 hoc
2974 3403 3027 3457 in
3056 3400 3266 3457 aedilicii
3300 3403 3533 3472 tegmine

1950 3494 2329 3559 sublevemus;
2359 3492 2453 3549 sed
2485 3504 2662 3550 tamen
2696 3510 2802 3549 non
2830 3503 3053 3565 repente
3081 3495 3134 3549 in
3159 3493 3355 3551 fabrica
3381 3495 3535 3564 poni-

1953 3599 2059 3655 tur,
2091 3597 2149 3642 ut
2170 3588 2420 3645 nimirum
2460 3590 2609 3658 prius
2638 3589 2827 3649 vitiosa
2854 3589 2970 3659 ejus
3018 3586 3253 3644 viriditas
3296 3590 3535 3645 exsicce-

1953 3688 2060 3751 tur,
2094 3682 2247 3750 cujus
2278 3696 2385 3752 qno
2424 3676 2543 3751 plus
2569 3682 2621 3736 in
2649 3678 2846 3737 inlimis
2877 3683 3067 3737 humor
3100 3684 3440 3755 excoquitur,
3471 3696 3536 3738 eo

1952 3769 2020 3828 ad
2042 3788 2248 3829 summa
2270 3772 2491 3831 solidius
2516 3773 2738 3831 levatur.

2024 3880 2095 3931 At
2116 3886 2301 3932 contra
2325 3876 2646 3933 admonendi
2673 3885 2797 3931 sunt
2819 3874 2912 3947 qui
2939 3875 3182 3931 inchoata
3211 3875 3353 3931 bona
3382 3874 3538 3929 mini-

1954 3984 2041 4025 me
2069 3978 2465 4035 consummant,
2492 3978 2551 4023 ut
2580 3978 2734 4023 cauta
2766 3969 3247 4037 circumspectione
3292 3966 3539 4023 conside-

1953 4063 2214 4133 rentquia
2248 4062 2373 4117 dum
2417 4062 2688 4132 proposita
2719 4076 2826 4115 non
2876 4058 3178 4131 perﬁciunt,
3209 4058 3367 4117 etiam
3422 4075 3541 4128 quas

1951 4154 2165 4211 fuerant
2192 4162 2365 4221 coepta
2396 4152 2725 4208 convellunt.
2762 4150 2817 4207 Si
2839 4152 2982 4208 enim
3035 4148 3178 4223 quod
3211 4150 3421 4208 videtur
3449 4165 3541 4221 ge-

1902 4231 1911 4243 ’
1954 4248 2180 4302 rendum
2221 4246 2447 4301 sollicita
2478 4246 2777 4301 intentione
2805 4258 2909 4299 non
2940 4246 3157 4311 crescit,
3200 4245 3358 4300 etiam
3399 4242 3542 4313 quod

1955 4340 2131 4396 luerat
2157 4342 2293 4396 bene
2320 4352 2528 4410 gestum
2576 4338 2859 4395 decrescit.
2900 4334 2957 4394 In
2999 4341 3099 4393 hoc
3120 4338 3314 4409 quippe
3339 4336 3539 4392 mundo

1955 4433 2191 4487 humana
2222 4432 2396 4485 anima
2428 4430 2577 4501 quasi
2626 4446 2774 4486 more
2806 4430 2954 4485 navis
3007 4439 3089 4485 est
3134 4439 3321 4485 eontra
3378 4428 3545 4483 ictum

1957 4520 2192 4579 ﬂuminis
2218 4533 2243 4572 κ
2292 4522 2704 4579 conscendentis
2764 4542 2777 4578 :
2829 4539 2934 4579 uno
2962 4522 3019 4578 in
3062 4522 3181 4577 lvco
3212 4531 3545 4589 nequaquam

259 4619 411 4688 prius
435 4635 688 4689 perversa
710 4621 1033 4689 destrueret,
1056 4620 1324 4677 aedificare
1346 4620 1552 4677 utiliter
1572 4628 1718 4675 recta
1742 4634 1852 4676 non
1880 4608 1933 4668 D
1963 4627 2106 4672 stare
2125 4615 2468 4685 permittitur,
2486 4616 2606 4685 quia
2621 4614 2687 4671 ad
2704 4617 2808 4670 ima
2829 4614 3103 4681 relabitur,
3131 4614 3229 4669 nisi
3250 4613 3315 4666 ad
3337 4626 3546 4669 summa

261 4726 478 4785 posset;
513 4717 615 4771 nisi
666 4717 734 4772 ab
776 4718 1082 4773 auditorum
1132 4730 1350 4772 suorum
1395 4715 1646 4771 cordibus
1676 4714 1856 4784 spinas

264 4807 388 4861 vani
415 4808 622 4863 amoris
646 4808 926 4876 evelleret,
952 4808 1205 4864 nimirutn
1255 4809 1447 4864 frustra
1473 4807 1523 4862 in
1552 4807 1631 4863 eis
1657 4815 1856 4863 sanctas

258 4900 667 4969 pmdimtimis
692 4901 855 4957 verba
880 4899 1169 4972 plantarct.
1215 4901 1353 4957 Hine
1383 4908 1465 4957 est
1493 4900 1635 4972 quod
1664 4898 1857 4956 Petrus

264 4994 418 5061 prius
466 4994 681 5062 evertit.
711 5003 770 5049 ut
792 4994 1133 5064 postmodum
1180 5002 1476 5059 construat,
1508 5008 1627 5049 cum
1660 5008 1863 5063 nequa-

262 5102 429 5153 quam
462 5086 680 5144 Judteos
704 5088 955 5145 monebat
984 5089 1110 5161 quid
1154 5089 1265 5159 jam
1293 5088 1549 5155 facerent,
1572 5088 1665 5145 sed
1688 5088 1754 5143 de
1782 5087 1864 5143 his

264 5194 397 5248 qua:
419 5175 682 5248 fecerant,
718 5181 1027 5250 increpabat
1055 5180 1241 5237 dicens
1271 5199 1282 5236 :
1316 5174 1495 5236 Iesum
1526 5180 1863 5235 Nazarenam

261 5272 436 5325 cirum
456 5274 800 5344 approbatum
833 5290 865 5327 a
914 5274 1023 5329 Deo
1048 5275 1101 5328 in
1131 5273 1293 5343 vobis,
1328 5274 1595 5330 virtutibus
1616 5283 1662 5329 et
1682 5274 1863 5345 prodi-

258 5364 375 5434 giis
397 5373 445 5420 et
466 5366 627 5438 signis
661 5382 885 5440 ψωρα-
913 5368 1063 5423 illum
1090 5369 1213 5438 fecit
1241 5367 1380 5423 Deus
1410 5368 1463 5423 in
1495 5369 1661 5424 medio
1691 5367 1862 5434 uestri,

345 5551 377 5582 ‘|
405 5543 641 5613 Vulgati,
680 5544 743 5598 de
778 5560 831 5599 se
871 5545 1156 5599 ostendere.
1191 5536 1346 5599 Stant
1372 5549 1559 5598 contra
1584 5528 1718 5596 Mss.
1749 5552 1867 5596 om-

263 5630 396 5699 nes,
412 5618 616 5699 quibus
657 5614 1364 5699 inhterendunqcensLemus.

343 5686 375 5759 Ρ
400 5682 568 5812 gara.
586 5687 877 5812 sgeundu's.
897 5682 1221 5758 cognbscent.

352 5769 377 5797 ε
456 5773 593 5813 rec..
668 5760 797 5813 elv..
853 5757 1088 5813 Theod..
1140 5764 1195 5813 et

258 5799 568 5898 ρνιεὲῥιῖῖ
579 5799 743 5897 ’,ᾔῖιῖ
756 5799 1066 5901 ἕτωὶὲξιξέὁζ

668 5760 797 5823 elv.,
853 5752 1088 5825 The'od.,
1140 5764 1195 5813 et
1224 5757 1428 5828 primus
1457 5754 1643 5811 (iam.
1674 5767 1781 5808 sese
1812 5752 1866 5806 in

1963 4719 2203 4767 conetur.
2230 4708 2293 4765 Si
2316 4724 2444 4779 ergo
2462 4708 2702 4764 inchoata
2720 4706 2860 4764 bona
2882 4706 3035 4762 fortis
3051 4691 3326 4775 ‘operantis
3356 4719 3546 4759 manus

1966 4802 2033 4858 ad
2062 4800 2447 4872 perfectionem
2466 4816 2569 4856 non
2589 4801 2855 4866 sublevat,
2882 4800 2995 4869 ipsa
3022 4795 3274 4867 operandi
3306 4795 3549 4851 remissio

1968 4903 2154 4951 contra
2178 4895 2275 4949 hoc
2296 4890 2437 4964 quod
2462 4903 2741 4964 operatum
2771 4901 2873 4956 est,
2897 4882 3113 4960 pugnat.
3140 4886 3273 4944 Hinc
3298 4900 3379 4945 est
3407 4891 3551 4944 enim

1970 4988 2110 5058 quod
2126 5003 2223 5058 per
2248 4980 2593 5042 Salomonem
2620 4984 2843 5038 dicitur:
2870 4980 2971 5048 Qui
2994 4974 3164 5036 mollis
3196 4990 3241 5035 et
3275 4981 3552 5035 dissolutus

1968 5093 2042 5135 est
2102 5082 2153 5134 in
2204 5095 2354 5147 apere
2399 5094 2516 5142 suo,
2572 5076 2731 5147 frater
2783 5082 2855 5129 est
2905 5090 2999 5128 sua
3054 5086 3209 5145 opera
3257 5072 3554 5142 dissipantis

1974 5172 2159 5246 (Prov.
2219 5188 2351 5226 xvm
2380 5211 2395 5238 ,
2445 5168 2520 5237 9).
2570 5168 2700 5235 Quia
2746 5164 2995 5223 videlicet
3034 5168 3124 5238 qui
3183 5176 3356 5236 empta
3414 5165 3554 5219 bona

1970 5267 2212 5323 districte
2264 5279 2369 5319 non
2433 5260 2774 5332 exsequitur,
2826 5260 3177 5317 dissolutione
3220 5260 3555 5330 negligentia

1973 5374 2189 5417 manum
2215 5354 2541 5411 destruentis
2557 5354 2815 5410 imitatur.
2832 5353 2978 5409 rHinc
3000 5350 3465 5410 Sardis‘lﬂcciesia:
3488 5348 3556 5406 ab

2041 5536 2067 5571 ⁸³
2094 5527 2269 5598 ιςυίιι,
2296 5529 2572 5595 mendose,
2605 5532 2914 5602 afﬂigentes.

2044 5616 2068 5644 ⁸
2105 5604 2314 5675 Vulgati
2346 5613 2571 5669 recent.,
2605 5603 2730 5672 quid
2753 5619 2830 5655 me
2851 5604 2923 5656 vis
2954 5602 3161 5670 facere?

2044 5675 2065 5715 ¹
2099 5676 2315 5741 Excusi,
2349 5690 2501 5745 surge
2527 5683 2572 5728 et
2602 5675 2738 5744 ingr.

2044 5759 2070 5797 ε
2094 5740 2521 5820 corruptissime
2552 5740 2696 5820 Ediii
2712 5752 2836 5820 ante
2856 5742 3020 5820 'G_uss.
3037 5781 3050 5803 ,
3074 5740 3547 5820 condescendentis.

1966 5815 2338 5876 Emendatrttrr
2370 5828 2487 5873 tam
2520 5832 2583 5871 ex
2606 5817 2741 5870 Mss.
2776 5815 2936 5883 Angl.
2983 5825 3142 5881 quam
3170 5827 3235 5866 ea
3262 5815 3479 5865 nostris.
