4036 6346
550 369 648 423 119

1751 366 1990 424 SANCTI
2030 366 2356 424 GREGORII
2396 365 2605 423 MAGNI
3707 374 3798 427 illi

543 483 733 556 angelo
755 483 984 547 dicitur:
1017 482 1148 539 Esto
1177 482 1422 553 vigilans,
1447 492 1492 539 et
1521 482 1775 551 conﬁrma
1802 492 1984 536 ca'tera
2012 498 2127 553 qua:
2154 484 2208 545 Δ
2234 483 2380 537 ciosa
2403 484 2664 548 exterius,
2689 484 2783 538 sed
2814 493 3147 540 mortuorum
3171 484 3384 540 ossibus
3412 485 3569 555 plena
3598 486 3799 543 Veritas:

543 578 793 633 moritura
835 586 999 642 erant,
1052 593 1155 630 non
1203 578 1336 631 enim
1369 585 1396 614 ι
1426 578 1626 631 invenio
1666 592 1817 646 Opera
1844 586 1933 630 tua
1977 576 2127 645 plena

544 687 719 727 coram
750 669 859 725 Deo
880 685 990 724 meo
1008 670 1195 741 (Apoc.
1228 685 1307 736 ιιι,
1325 669 1410 740 2).
1434 671 1565 739 Quia
1588 672 1745 742 igitur
1767 670 1922 740 plena
1942 685 2126 725 coram

544 765 657 820 Deo
686 762 803 835 ejus
834 778 999 834 opera
1026 763 1242 819 inventa
1273 780 1381 820 non
1438 763 1671 832 fuerant,
1705 765 1959 820 moritura
2002 763 2131 818 reli-

544 871 646 929 qua
676 856 836 912 etiam
861 871 981 926 quae
1003 865 1157 911 erant
1186 864 1333 928 gesta
1358 857 1701 925 prazdicebat.
1736 855 1791 911 Si
1823 855 1963 911 enim
1987 854 2129 925 quod

550 957 820 1008 mortuum
851 950 902 1004 in
934 947 1087 1004 nobis
1116 956 1201 1003 est
1226 949 1291 1002 ad
1322 947 1483 1002 vitam
1532 963 1637 1002 non
1669 946 1997 1011 accenditur,
2030 946 2131 1001 hoc

546 1042 709 1098 etiam
740 1040 1115 1110 exstinguitur,
1144 1038 1287 1108 quod
1316 1038 1465 1108 quasi
1492 1038 1665 1093 adhuc
1688 1039 1864 1093 vivum
1896 1046 2124 1091 tenetur.

547 1131 879 1189 Admonendi
912 1140 1035 1186 sunt
1064 1140 1117 1184 ut
1137 1128 1619 1200 perpendantquod
1650 1128 1983 1183 tolerabilius
2007 1142 2128 1183 esse

549 1222 813 1296 potuisset
841 1223 973 1277 recti
998 1222 1137 1276 viam
1168 1235 1272 1275 non
1302 1220 1561 1289 arripere,
1594 1234 1751 1289 quam
1775 1226 1988 1287 arrepta
2012 1226 2133 1287 post

547 1326 755 1388 tergum
782 1315 974 1373 redire.
1004 1315 1113 1371 Nisi
1138 1314 1279 1370 enim
1302 1322 1448 1368 retro
1478 1313 1797 1382 aspicerent,
1834 1325 1960 1379 erga
1986 1324 2131 1380 cmp-

548 1426 660 1470 tum
681 1414 909 1470 studium
940 1412 1089 1469 nullo
1118 1421 1333 1477 torpore
1364 1409 1707 1477 languerent.
1743 1404 1978 1458 Audiant
2002 1418 2132 1475 ergo

547 1510 689 1579 quod
718 1511 972 1578 scriptum
1016 1516 1103 1564 est
1144 1524 1157 1560 :
1194 1506 1379 1560 Melius
1426 1515 1529 1560 erat
1563 1504 1635 1557 eis
1690 1518 1791 1555 non
1834 1517 2134 1572 cognoscere

546 1600 679 1653 viam
699 1600 935 1673 justitia’,
956 1616 1108 1669 quam
1123 1608 1236 1669 post
1259 1596 1570 1667 agnitionem
1595 1603 1876 1648 retrorsum
1908 1595 2130 1648 converti

546 1689 647 1755 (II,
667 1690 808 1745 Petr.
839 1705 899 1756 ιι,
932 1688 1045 1759 2|).
1078 1689 1310 1744 Audiant
1330 1685 1467 1757 quod
1498 1686 1753 1754 scriptum
1782 1692 1899 1739 est:
1923 1683 2133 1739 Utinam

545 1786 765 1859 {rigidus
795 1800 928 1839 esses
952 1828 965 1852 ,
996 1791 1085 1837 aut
1115 1783 1348 1845 calidus;
1376 1780 1463 1835 sed
1490 1780 1612 1850 quia
1653 1778 1855 1849 tepidus
1872 1794 1946 1843 es,
1974 1789 2021 1832 et
2043 1794 2133 1832 nec

2232 573 2623 645 vocat(Mattli.
2654 590 2805 639 unt,
2853 574 2970 645 27),
3019 577 3140 645 quia
3174 576 3422 632 vitiorum
3473 574 3613 633 mal'a
3667 581 3802 636 iutu's

2232 677 2543 736 contegunt,
2570 667 2817 723 humanis
2848 682 2972 722 vero
2997 670 3167 721 oculis
3188 668 3539 738 quorumdam
3561 670 3803 726 demons—

2233 761 2461 815 tratione
2487 776 2735 831 operum,
2783 762 2850 815 de
2878 761 2996 815 solo
3042 759 3177 815 foris
3203 761 3425 831 iustitia:
3453 762 3633 818 colete
3659 763 3803 819 blan-

2232 855 2467 911 diuntur.
2502 854 2836 911 Adtnonendi
2863 854 3037 925 itaque
3065 863 3210 920 sunt,
3235 870 3302 911 ne
3324 872 3443 925 qua:
3473 867 3639 926 agunt
3666 871 3803 913 recta

2232 948 2548 1015 despiciant,
2580 948 2672 1001 sed
2726 962 2790 1002 ea
2841 948 3015 1001 meriti
3061 947 3297 1001 melioris
3342 948 3584 1003 credant.
3650 948 3807 1004 Valde

2233 1052 2463 1107 namque
2484 1036 2619 1092 bona
2652 1052 2744 1091 sua
2768 1037 3081 1107 dijudicant,
3106 1037 3195 1107 qui
3217 1038 3283 1093 ad
3304 1053 3490 1093 eorum
3512 1039 3805 1095 mercedem

2235 1130 2481 1186 sufficere
2513 1131 2772 1185 humanos
2820 1130 3029 1184 favores
3072 1138 3277 1198 putant.
3342 1130 3474 1185 Cum
3522 1132 3808 1201 eniintpro

2238 1235 2386 1279 recto
2415 1238 2577 1293 opere
2628 1224 2740 1278 laus
2769 1220 3072 1277 transitoria
3103 1220 3381 1292 quaeritur,
3414 1230 3614 1277 aeterna
3658 1225 3810 1278 retri~

2237 1316 2458 1373 butione
2489 1332 2576 1372 res
2606 1316 2765 1387 digna
2796 1316 2888 1371 vili
2918 1315 3092 1385 pretio
3122 1315 3479 1371 venundatur.
3516 1316 3590 1371 De
3609 1332 3715 1386 quo
3740 1320 3810 1372 vi-

2235 1408 2430 1463 delicet
2483 1410 2659 1477 pretio
2717 1417 2971 1477 percepto
3013 1406 3227 1462 Veritas
3274 1407 3449 1463 dicit:
3492 1409 3650 1462 Amen
3703 1410 3810 1463 dico

2233 1501 2393 1567 vobis,
2439 1510 2736 1571 receperunt
2766 1500 3045 1555 mercedem
3075 1516 3223 1555 suam
3253 1499 3467 1571 (Matth.
3514 1515 3588 1567 VI,
3636 1499 3698 1565 2,
3729 1500 3806 1571 5).

2235 1593 2572 1650 Admonendi
2598 1602 2725 1648 sunt
2756 1602 2816 1648 ut
2844 1591 3184 1649 considerent
3230 1591 3354 1663 quia
3383 1592 3509 1647 dum
3541 1606 3734 1661 pravos
3757 1607 3811 1647 se

2234 1686 2287 1740 in
2319 1686 2544 1741 occultis
2564 1684 2840 1753 exhibent,
2864 1686 2961 1741 sed
2980 1695 3159 1741 tamen
3184 1684 3426 1753 exempla
3444 1683 3509 1740 de
3529 1699 3588 1739 se
3606 1684 3811 1753 publice

2236 1782 2291 1836 in
2318 1782 2473 1837 bonis
2502 1784 2753 1853 operibus
2780 1784 3038 1853 praebent,
3087 1782 3374 1837 ostendunt
3399 1783 3671 1853 sequenda
3700 1799 3812 1853 qua:

546 1879 785 1949 frigidus,
820 1892 913 1931 nec
941 1874 1163 1939 calidus,
1194 1874 1438 1943 incipiant
1458 1880 1504 1926 te
1540 1886 1765 1925 evomere
1795 1887 1856 1924 ea:
1905 1886 1991 1924 ore
2019 1886 2131 1925 meo
2161 1882 2210 1943 Β
2238 1877 2463 1947 fugiunt,
2492 1878 2725 1934 clamant
2772 1877 3002 1932 amanda
3047 1892 3167 1947 qua;
3196 1877 3445 1944 oderunt,
3504 1877 3692 1931 vivum
3722 1891 3811 1945 po.

553 1968 742 2039 (Apoc.
762 1982 839 2032 ιιι,
874 1966 983 2034 15).
1003 1965 1216 2020 Calidus
1229 1964 1423 2034 quippe
1439 1974 1520 2017 est
1536 1964 1623 2032 qui
1639 1964 1772 2019 bona
1790 1961 1965 2017 studia
1979 1971 2030 2017 et
2046 1977 2132 2016 ar-

547 2061 744 2131 ripitet
760 2068 1119 2125 consummat;
1138 2056 1357 2127 frigidus
1372 2073 1502 2112 vero
1517 2056 1699 2125 estqui
1714 2056 2133 2111 consummanda

548 2168 645 2207 nec
674 2152 905 2206 inchoat.
941 2152 1008 2205 Et
1035 2151 1171 2206 sicut
1194 2165 1226 2202 a
1257 2150 1455 2219 frigore
1487 2164 1579 2217 per
1604 2159 1846 2217 teporem
1874 2149 2133 2203 transitur

548 2245 611 2297 nd
650 2243 902 2307 calorem,
936 2245 1005 2296 ita
1033 2256 1063 2295 a
1094 2245 1272 2297 calore
1302 2256 1397 2311 per
1426 2251 1665 2310 teporem
1701 2239 1908 2295 reditur
1936 2239 2000 2293 ad
2033 2238 2133 2295 fri-

546 2351 662 2406 gus.
697 2334 948 2404 Quisquis
969 2347 1098 2403 ergo
1126 2331 1154 2371 ι)
1181 2334 1379 2388 amisso
1410 2331 1735 2386 infidelitatis
1768 2330 1962 2400 frigore
1981 2330 2134 2396 vivit,

550 2427 645 2483 sed
677 2441 1013 2497 nequaquam
1045 2434 1229 2495 tepore
1260 2433 1511 2493 superato
1530 2422 1795 2479 excrescit
1822 2432 1878 2477 ut
1909 2421 2131 2488 ferveat,

547 2517 731 2591 procul
772 2518 932 2574 dubio
962 2519 1141 2575 calore
1167 2518 1470 2586 desperato,
1514 2516 1639 2571 dum
1675 2514 1837 2569 noxio
1868 2515 1917 2567 in
1951 2526 2137 2584 tepore

498 2654 501 2661 ι
550 2614 880 2680 demoratur,
906 2611 1015 2682 agit
1040 2620 1096 2664 ut
1146 2609 1413 2681 frigescat.
1442 2607 1548 2663 Sed
1578 2606 1714 2662 sicut
1743 2617 1869 2662 ante
1895 2616 2133 2676 teporem

550 2706 717 2773 frigus
760 2705 859 2760 sub
900 2718 995 2774 spe
1021 2712 1124 2767 est,
1158 2702 1228 2755 ita
1254 2710 1374 2772 post
1399 2700 1566 2769 frigus
1610 2708 1761 2768 tepor
1800 2699 1855 2753 in
1884 2698 2139 2769 despera-

550 2798 719 2853 tione.
748 2798 851 2863 Qui
896 2794 1040 2851 enim
1069 2794 1242 2848 adhuc
1272 2794 1322 2847 in
1369 2792 1602 2860 peccatis
1629 2802 1734 2858 est,
1766 2792 2136 2846 conversionis

548 2889 795 2944 fiduciam
848 2903 954 2941 non
984 2887 1197 2940 amittit.
1227 2884 1331 2952 Qui
1380 2899 1509 2939 vero
1561 2893 1681 2952 post
1727 2884 2133 2939 conversionem

551 2983 739 3052 tepuit,
770 2989 825 3035 et
850 2995 998 3050 spem
1033 2994 1150 3049 qua:
1179 2993 1298 3036 esse
1320 2979 1489 3047 pctuit
1519 2975 1587 3032 de
1613 2986 1898 3048 peccatore
1927 2976 2135 3031 subtra-

553 3075 651 3130 xit.
685 3077 790 3131 Aut
812 3072 1015 3129 calidus
1038 3088 1166 3143 ergo
1193 3072 1418 3142 quisque
1444 3086 1587 3137 esse,
1620 3079 1710 3125 aut
1736 3070 1959 3139 frigidus
1989 3085 2136 3139 quae-

553 3168 705 3231 ritur,
733 3182 801 3221 ne
829 3165 1038 3234 tepidus
1067 3172 1380 3243 evomatur;
1412 3173 1468 3216 ut
1511 3161 1761 3217 videlicet
1784 3169 1875 3215 aut
1903 3161 2133 3215 necdum

2238 1983 2438 2028 stremo
2468 1972 2608 2037 aliis,
2635 1980 2690 2028 et
2718 1971 2818 2027 sibi
2848 1971 3171 2028 moriuntur.

2312 2066 2380 2120 At
2402 2073 2589 2119 contra
2610 2061 2937 2118 admonendi
2956 2071 3078 2116 sunt
3093 2061 3184 2131 qui
3206 2061 3343 2116 bona
3366 2060 3575 2117 occulte
3598 2062 3813 2129 faciunt,

2238 2166 2293 2212 et
2314 2166 2493 2211 tamen
2526 2152 2845 2227 quibusdam
2870 2153 3026 2210 factis
3044 2155 3255 2225 publice
3277 2154 3346 2210 de
3372 2168 3432 2210 se
3452 2155 3591 2209 mala
3610 2155 3814 2224 opinari

2238 2250 2575 2324 permittunt,
2629 2266 2698 2306 ne
2724 2264 2844 2305 cum
2876 2250 3012 2305 bona
3039 2250 3358 2319 semetipsos
3402 2244 3815 2305 actionis'reclaa

2240 2345 2437 2398 virtute
2466 2340 2758 2407 vivificant,
2799 2344 2850 2396 in
2884 2356 2942 2396 se
2971 2342 3104 2396 alios
3134 2355 3229 2411 per
3287 2340 3588 2411 exemplum
3648 2356 3816 2410 prava:

2240 2435 2611 2491 aestimationis
2632 2433 2910 2500 occidant;
2967 2450 3034 2488 nc
3062 2434 3237 2489 minus
3268 2449 3426 2504 quam
3458 2448 3517 2489 se
3547 2436 3815 2505 proximos

2239 2529 2480 2598 diligant,
2512 2537 2701 2583 etcum
2724 2527 2821 2596 ipsi
2846 2537 2869 2566 ε
2904 2527 3174 2581 salubrem
3203 2536 3382 2595 potum
3409 2528 3514 2582 vini
3538 2528 3814 2594 sorbeant,

2240 2620 2459 2676 intentis
2491 2620 2544 2675 in
2595 2621 2675 2673 sui
2723 2618 3153 2674 consideratione
3199 2620 3465 2675 mentibus
3506 2620 3817 2689 pestiferum

2240 2713 2431 2769 veneni
2457 2713 2703 2782 poculum
2758 2712 3000 2768 fundant.
3030 2713 3091 2768 Hi
3123 2712 3373 2767 nimirum
3402 2711 3456 2767 in
3504 2727 3608 2767 uno
3640 2713 3819 2781 proxi-

2240 2821 2447 2861 morum
2497 2804 2661 2859 vitam
2704 2805 2878 2859 minus
2932 2804 3212 2876 adjuvant,
3268 2804 3321 2859 in
3370 2804 3540 2859 altero
3592 2806 3818 2859 multum

2239 2908 2481 2971 gravant,
2504 2899 2627 2954 dum
2653 2899 2870 2955 student
2897 2910 2950 2954 et
2998 2908 3143 2954 recta
3174 2900 3384 2955 occulte
3409 2914 3593 2966 agere,
3630 2910 3688 2956 et
3714 2901 3819 2971 quis

2241 2990 2464 3045 busdam
2491 2988 2669 3057 factis,
2700 2990 2765 3044 ad
2795 2990 3102 3061 exemplum
3130 2990 3195 3045 de
3248 3006 3306 3045 se
3339 3007 3500 3059 prava
3531 2996 3818 3047 seminare.

2240 3084 2493 3153 Quisquis
2532 3083 2675 3139 enim
2710 3082 2882 3138 laudis
2930 3083 3420 3151 concupiscentiam
3466 3086 3687 3140 calcare
3714 3086 3817 3155 jam

2240 3176 2457 3242 sufficit,
2489 3174 2856 3230 aedificationis
2886 3175 3125 3231 fraudem
3157 3186 3452 3247 perpetrat,
3474 3179 3517 3232 si
3548 3178 3689 3233 bona
3713 3193 3821 3246 qua

549 3275 859 3323 conversus,
876 3258 1050 3314 adhuc
1062 3258 1129 3314 de
1142 3272 1200 3312 se
1213 3272 1359 3326 spem
1382 3256 1490 3327 95
1502 3257 1865 3311 conversionis
1878 3255 2132 3325 praebeat,

2245 3266 2374 3335 agit,
2408 3265 2674 3334 occultat;
2705 3276 2758 3322 et
2788 3268 2936 3336 quasi
2984 3269 3189 3337 jactato
3237 3271 3440 3324 semine
3486 3270 3823 3341 germinandi

548 3364 639 3409 aut
655 3353 765 3424 jam
779 3368 1074 3409 conversus
1096 3352 1149 3406 in
1172 3352 1460 3409 virtutibus
1486 3351 1787 3407 inardescat
1810 3367 1909 3419 ;ne
1921 3368 2138 3408 evoma-

547 3458 634 3501 tur
685 3446 916 3515 tepidus,
950 3447 1038 3515 qui
1065 3463 1094 3501 a
1125 3446 1305 3502 calore
1332 3462 1488 3515 quem
1522 3449 1798 3517 proposuit
1827 3459 2041 3519 torpore
2067 3447 2135 3503 ad

547 3538 763 3595 noxium
794 3540 960 3611 frigus
983 3540 1138 3595 redit.

920 3631 1148 3688 CAPUT
1186 3631 1384 3689 xxxv
1414 3632 1521 3707 [Αι.
1562 3633 1740 3708 LIX].

548 3726 819 3796 Quomodo
855 3727 1169 3801 admonendi
1206 3729 1293 3797 qui
1332 3728 1469 3801 ntala
1518 3730 1650 3782 clam
1703 3739 1749 3785 et
1790 3730 1921 3785 bona
1956 3730 2134 3801 palam

972 3797 1200 3866 faciunt;
1222 3814 1284 3852 ac
1304 3800 1391 3867 qui
1410 3815 1552 3853 versa
1581 3802 1703 3856 vice.

619 3913 940 3985 (Admonitio
953 3912 1072 3983 56.)
1098 3912 1270 3969 Aliter
1285 3913 1607 3970 admonendi
1631 3924 1754 3969 sunt
1780 3916 1868 3985 qui
1885 3916 2019 3971 mala
2036 3932 2130 3972 oc-

544 4006 687 4065 culte
724 4013 911 4076 agunt,
955 4013 1010 4060 et
1034 4003 1172 4060 bona
1204 4005 1443 4075 publice;
1498 4014 1660 4075 atque
1687 4007 1843 4062 aliter
1874 4007 1963 4075 qui
1994 4008 2132 4065 bona

544 4118 663 4171 qua!
694 4099 901 4155 faciunt
948 4097 1303 4165 abscondunt,
1335 4107 1391 4154 et
1418 4109 1594 4155 tamen
1625 4099 1944 4168 quibusdam
1974 4099 2132 4157 factis

546 4192 761 4265 publice
788 4193 929 4248 mala
954 4192 1023 4249 de
1047 4207 1109 4248 se
1131 4192 1341 4263 opinari
1396 4193 1733 4263 permittunt.
1790 4192 2129 4249 Admonendi

546 4287 691 4343 enim
723 4299 850 4341 sunt
876 4285 963 4354 qui
994 4286 1131 4339 mala
1180 4284 1391 4369 occulte
1418 4295 1602 4355 agunt,
1637 4297 1690 4341 et
1724 4285 1864 4340 bona
1898 4286 2132 4355 publice,

546 4390 605 4435 ut
636 4387 859 4450 pensent
882 4376 1112 4432 humana
1138 4376 1334 4446 judicia
1355 4386 1551 4448 quanta
1581 4378 1868 4433 velocitate
1893 4377 2129 4447 evolant,

547 4474 725 4530 divina
746 4483 922 4529 autem
949 4478 1151 4542 quanta
1183 4470 1561 4528 immobilitate
1588 4473 1903 4544 perdurant.
1937 4475 2134 4529 Admo-

546 4568 712 4625 nendi
742 4577 867 4623 sunt
896 4565 1035 4621 utin
1079 4564 1188 4620 tine
1242 4579 1423 4619 rerum
1454 4568 1650 4621 mentis
1707 4566 1894 4622 oculos
1944 4566 2129 4637 ligant,

2241 3359 2453 3414 radices
2484 3359 2775 3426 subtrahit,
2806 3359 2895 3428 qui
2917 3375 3051 3429 opus
3080 3360 3222 3430 quod
3249 3360 3563 3415 imitandum
3585 3371 3695 3427 est,
3725 3377 3822 3420 non

2239 3454 2500 3510 ostendit.
2536 3453 2670 3508 Hinc
2701 3468 2932 3523 namque
2980 3453 3033 3509 in
3066 3453 3355 3523 Evangelio
3386 3453 3593 3509 Veritas
3651 3455 3824 3510 dixit:

2257 3549 2471 3605 Videant
2497 3565 2649 3620 opera
2688 3558 2852 3603 vestra
2899 3550 3050 3614 bona,
3082 3560 3129 3603 et
3168 3549 3456 3621 glorificent
3494 3549 3708 3604 Patrem
3746 3566 3825 3604 ve-

2249 3650 2413 3696 strum
2442 3642 2529 3712 qui
2556 3641 2607 3694 in
2637 3640 2774 3694 caelis
2795 3649 2867 3695 est
2892 3639 3102 3714 (Matth.
3136 3656 3189 3706 v,
3225 3640 3336 3712 16).
3363 3640 3463 3695 Ubi
3494 3641 3582 3695 illa
3615 3655 3827 3710 quicque

2236 3736 2510 3791 sententia
2535 3731 2559 3769 δ
2589 3733 2870 3804 promitur,
2899 3734 3139 3804 96qua:
3159 3734 3315 3802 longe
3335 3734 3477 3788 aliud
3502 3734 3829 3802 praecepisse

2236 3826 2467 3890 videtur,
2493 3824 2674 3879 dicens
2705 3839 2720 3880 :
2750 3823 3006 3878 Attendite
3044 3838 3107 3877 ne
3116 3823 3375 3895 justitiam
3414 3832 3638 3877 vestram
3672 3825 3828 3893 {acia-

2236 3918 2300 3973 tis
2327 3932 2498 3970 coram
2531 3915 2839 3980 hominibus,
2866 3926 2920 3969 ut
2942 3916 3290 3970 videaminiab
3316 3917 3388 3970 eis
3411 3914 3629 3987 (Matth.
3653 3932 3727 3981 Vl,
3756 3914 3828 3985 l).

2308 4011 2444 4080 Quid
2458 4021 2539 4066 est
2561 4025 2688 4079 ergo
2703 4010 2843 4078 quod
2857 4023 2992 4078 opus
3013 4018 3253 4064 nostrum
3269 4021 3320 4063 ct
3338 4009 3409 4063 ita
3424 4009 3738 4065 faciendum
3754 4017 3832 4063 est

2238 4120 2305 4161 ne
2329 4104 2592 4171 videatur,
2618 4111 2859 4158 ettamen
2887 4110 2943 4156 ut
2960 4101 3156 4157 debeat
3180 4102 3345 4157 videri
3369 4102 3711 4173 praecipitur,
3732 4100 3834 4157 nisi

2237 4198 2376 4269 quod
2404 4212 2467 4253 ea
2495 4212 2614 4269 qum
2635 4197 2859 4267 agimus,
2883 4205 2936 4252 et
2962 4196 3274 4251 occultanda
3302 4206 3445 4262 sunt,
3482 4212 3549 4251 ne
3578 4197 3685 4265 ipsi
3718 4197 3830 4251 lau-

2237 4292 2447 4359 demur,
2478 4300 2532 4345 et
2555 4300 2729 4346 tamen
2750 4288 3081 4345 ostendenda
3105 4298 3251 4357 sunt,
3274 4299 3330 4343 ut
3353 4287 3570 4344 laudem
3588 4290 3836 4346 caelestis

2238 4381 2415 4438 Patris
2444 4382 2765 4453 augeamus?
2807 4380 2940 4436 Nam
2964 4396 3083 4436 cum
3115 4396 3213 4435 nos
3265 4379 3529 4451 justitiam
3586 4392 3837 4437 nostram

2238 4489 2417 4530 coram
2448 4473 2749 4528 hominibus
2779 4471 2957 4530 facere
3008 4472 3268 4527 Dominus
3300 4472 3637 4541 prohiberet,
3697 4474 3840 4529 illico

2238 4568 2508 4639 adiunxit:
2540 4567 2897 4622 Utvideamini
2926 4568 2988 4621 ab
3011 4568 3104 4621 eis.
3137 4568 3201 4622 Et
3229 4582 3347 4621 cum
3380 4583 3565 4624 rursus
3596 4568 3840 4624 videnda

545 4665 666 4732 quia
698 4669 753 4717 et
778 4662 1025 4717 humanae
1056 4656 1226 4712 laudis
1242 4658 1514 4714 attestatio
1538 4659 1803 4728 praterit,
1828 4668 1883 4716 et
1905 4676 2136 4731 superna
2164 4655 2220 4717 Ι)
2245 4662 2311 4717 ab
2340 4660 2644 4716 hominibus
2670 4660 2808 4714 bona
2830 4668 3186 4729 operanostxa
3210 4659 3549 4729 praaciperet,
3585 4662 3839 4729 protinus

548 4754 833 4817 sententia,
858 4764 978 4821 qua:
1004 4757 1059 4804 et
1087 4747 1403 4803 abscondita
1427 4759 1689 4820 penetrat,
1721 4751 1785 4805 ad
1818 4753 2130 4808 retributio-

545 4857 670 4897 netn
697 4850 1009 4910 perpetuam
1037 4839 1383 4895 convalescit.
1416 4840 1551 4897 Dum
1579 4842 1740 4913 igitur
1757 4843 1965 4897 occulta
1990 4846 2129 4899 mala

544 4950 641 4990 sua
668 4932 869 4988 divinis
895 4932 1142 5002 iudiciis,
1172 4944 1317 4990 recta
1346 4944 1521 4991 autem
1552 4949 1647 4991 sua
1674 4932 1922 4991 humanis
1953 4936 2126 4991 oculis

544 5042 903 5104 anteponunt,
930 5042 986 5090 et
1006 5036 1125 5093 sine
1150 5043 1291 5093 teste
1316 5043 1398 5091 est
1423 5032 1622 5090 bonum
1650 5030 1790 5101 quod
1819 5028 2028 5099 publice
2051 5028 2124 5083 fa-

546 5125 719 5193 ciunt,
769 5133 824 5180 et
854 5141 957 5181 non
988 5127 1107 5182 sine
1155 5138 1358 5183 aeterno
1404 5134 1539 5181 teste
1584 5134 1669 5179 est
1710 5121 1850 5193 quod
1903 5121 2133 5175 latenter

551 5218 892 5289 delinquunt.
918 5214 1117 5288 Culpas
1132 5219 1313 5289 itaque
1331 5233 1454 5273 suas
1470 5215 1791 5273 occultando
1808 5214 2135 5281 hominibus,

547 5312 882 5380 virtutesque
895 5306 1198 5377 pandendo,
1230 5318 1283 5363 et
1304 5309 1444 5364 unde
1459 5308 1633 5379 puniri
1654 5306 1880 5364 debeant
1903 5307 2137 5363 abscon-

554 5405 743 5458 dentes
763 5402 1038 5470 detegunt,
1070 5409 1125 5456 et
1146 5400 1288 5455 unde
1312 5400 1639 5455 remunerari
1688 5409 1953 5469 poterant,
1985 5400 2140 5455 deteo

544 5506 732 5565 gentes
761 5493 1118 5553 abscondunt.
1150 5493 1295 5561 Quos
1317 5504 1460 5549 recte
1476 5493 1719 5562 sepulcra
1748 5494 1992 5551 dealbata
2022 5508 2144 5565 spe~

626 5676 653 5705 ι
675 5665 861 5729 Corb.,
886 5662 1072 5717 inveni.
1104 5660 1195 5715 Sic
1220 5660 1367 5729 prius
1418 5656 1697 5729 lectnmin
1726 5653 1887 5729 Trec.

625 5738 654 5778 ι’
677 5726 981 5807 Adjec'imus
1010 5749 1080 5807 ex
1108 5726 1236 5788 Mss.
1264 5726 1753 5807 Angl.‘et__Gallic.,
1795 5726 1951 5807 _vioil,
1988 5738 2130 5807 post,

549 5798 774 5881 frigore?
793 5818 861 5881 (et
892 5806 1155 5881 mavitnus
1176 5798 1460 5881 exardescit
1496 5798 1777 5881 Edita-rum
1794 5798 1845 5855 in
1867 5804 2134 5868 excrescit,

549 5872 689 5939 haud
722 5876 918 5936 habent
948 5877 1073 5934 Mss.
1104 5888 1326 5939 omnes;
1368 5873 1471 5939 vel,
1504 5872 1702 5927 crescit.

2243 4754 2477 4811 subdidit
2506 4771 2521 4810 :
2560 4753 2627 4809 Ut
2656 4753 2943 4825 gloriﬁcent
2975 4751 3183 4807 Patrem
3205 4764 3427 4807 vestrum
3474 4754 3644 4823 quiin
3704 4754 3842 4807 caelis

2243 4860 2314 4902 est
2343 4846 2558 4918 (Matth.
2587 4862 2639 4910 ν,
2666 4846 2776 4917 16).
2802 4844 3042 4912 Qualiter
3068 4845 3225 4915 igitur
3244 4845 3469 4901 videnda
3501 4856 3722 4912 essent,
3762 4844 3843 4898 vel

2242 4939 2467 5010 qualiter
2497 4954 2602 4994 non
2635 4939 2886 5004 videnda,
2915 4952 2982 4993 ex
3013 4937 3394 4994 sententiarum
3427 4940 3531 4993 line
3561 4945 3844 4993 monstra-

2241 5033 2340 5098 vit,
2364 5039 2629 5102 quatenus
2658 5032 2933 5101 operantis
2963 5043 3116 5084 mens
3149 5042 3283 5098 opus
3313 5044 3467 5084 suum
3500 5038 3555 5083 et
3617 5039 3847 5099 propter

2241 5140 2299 5180 se
2330 5125 2499 5180 videri
2526 5139 2631 5179 non
2663 5131 2949 5193 quaereret,
2984 5131 3037 5177 et
3085 5132 3260 5177 tamen
3295 5121 3394 5176 hoc
3450 5131 3685 5191 propter
3738 5136 3844 5176 co:-

2241 5216 2390 5273 lestis
2422 5216 2596 5273 Patris
2624 5216 2847 5287 gloriam
2877 5228 2982 5269 non
3016 5213 3393 5270 celaret.Unde
3421 5214 3480 5267 lit
3509 5215 3847 5284 plerumque

2243 5322 2301 5369 ut
2330 5312 2525 5367 bonum
2558 5325 2695 5382 opus
2727 5316 2854 5367 etin
2888 5310 3100 5365 occulto
3122 5310 3210 5378 sit,
3240 5323 3359 5364 cum
3403 5306 3461 5361 fit
3486 5306 3745 5377 publice;
3797 5316 3846 5358 et

2246 5420 2431 5461 rursus
2457 5405 2510 5460 in
2537 5404 2766 5475 publico,
2815 5417 2936 5458 cum
2963 5403 3136 5472 agitur
3182 5401 3413 5458 occulte.
3447 5400 3545 5469 Qui
3579 5400 3743 5456 enim
3799 5400 3851 5452 iu

2247 5495 2461 5567 publico
2490 5498 2631 5553 bono
2662 5509 2825 5566 Opere
2869 5510 2975 5550 non
3031 5508 3207 5563 suam,
3250 5494 3344 5551 sed
3389 5492 3614 5564 superni
3671 5491 3850 5548 Patris

2316 5669 2339 5699 ο
2372 5659 2507 5714 Tt'ec
2528 5669 2584 5714 et
2610 5658 2796 5722 Corb.,
2823 5659 3027 5713 salubre
3047 5666 3242 5728 potum.

2268 5804 2276 5813 ι
2311 5729 2337 5767 ¹¹
2373 5731 2941 5799 Belv.,reprontittitur.
2970 5725 3085 5787 Duo
3108 5730 3314 5801 priores
3336 5725 3585 5793 Carnot.,
3612 5728 3850 5799 pransit-

2242 5813 2384 5857 “(llr-
