4036 6346
264 393 349 448 1‘21

1010 374 1312 433 REGULE
1350 369 1777 432 PASTORALIS
1813 368 2033 425 LIBER.
2076 399 2147 409 -—
2184 369 2365 427 PARS
2400 369 2673 429 TERTIA.

3379 378 3483 434 1'22

262 507 458 582 gloriam
488 499 690 573 quaerit,
718 498 859 567 quod
913 495 1035 551 fecit
1081 492 1385 557 abscondit;
1443 490 1566 560 quia
1623 486 1799 544 solum
1826 490 1880 548 Δ
1906 500 2162 560 augeatur
2199 491 2450 547 actionis.
2505 492 2594 547 Sic
2644 491 2894 562 inquietis
2919 504 3150 564 ponatur
3178 496 3389 564 modus,
3422 508 3479 555 ιιι

262 581 394 662 illum
441 607 622 653 testem
677 591 878 655 habuit,
929 588 1013 644 cui
1065 587 1273 658 placere
1327 588 1550 639 curavit.
1584 582 1654 637 Et
1707 581 1801 652 qui

258 699 305 752 in
353 700 549 751 secreto
602 699 699 741 suo
750 686 891 737 bono
965 695 1127 749 opere
1179 674 1507 747 deprehendi
1566 690 1628 728 ac
1683 673 1800 728 lau-

256 790 359 847 dari
407 778 762 850 concupiscit;
817 783 871 830 et
926 773 1101 827 nullus
1168 770 1395 825 fortasse
1448 766 1580 821 vidit
1659 762 1801 834 quod

255 881 492 944 exhibuit,
522 885 573 931 et
603 884 778 929 tamen
826 874 928 925 hoc
948 883 1127 923 coram
1158 864 1457 919 hominibus
1486 861 1630 926 fecit,
1680 860 1802 930 quia

252 983 326 1029 tot
348 980 500 1028 testes
546 968 597 1021 in
624 966 765 1020 bono
812 977 973 1030 Opere
1008 974 1186 1014 secum
1218 956 1390 1018 duxit,
1443 963 1573 1022 quot
1618 952 1805 1004 huma-

253 1082 338 1122 nas
382 1062 557 1119 laudes
613 1060 665 1113 in
712 1055 874 1111 corde
930 1049 1221 1120 requisivit.
1280 1049 1410 1103 Cum
1465 1059 1593 1100 vero
1639 1055 1802 1112 prava

252 1155 532 1221 aestimatio,
588 1153 643 1207 in
699 1158 953 1220 quantum
1012 1145 1127 1199 sine
1188 1148 1404 1212 peccato
1433 1139 1593 1203 valet,
1624 1136 1692 1190 ab
1720 1136 1806 1189 in-

250 1252 485 1309 tuentium
508 1253 688 1302 mente
710 1252 736 1279 ι
768 1258 872 1296 non
907 1238 1144 1307 tergitur,
1179 1233 1385 1289 cunctis
1414 1231 1551 1285 mala
1581 1227 1804 1284 creden-

249 1346 375 1402 tibus
411 1356 501 1412 per
526 1335 826 1406 exemplum
857 1331 1011 1400 culpa
1044 1328 1377 1399 propinatur.
1410 1322 1561 1378 Unde
1610 1330 1663 1375 et
1690 1319 1805 1389 ple-

249 1450 453 1506 rumque
498 1428 781 1496 contingit,
834 1436 891 1480 ut
942 1424 1035 1492 qui
1084 1420 1413 1490 negligenter
1466 1417 1533 1470 de
1562 1430 1621 1469 se
1669 1412 1805 1467 mala

254 1528 443 1600 opinari
490 1522 844 1595 permittunt,
892 1533 986 1589 per
1026 1514 1345 1583 semetipsos
1389 1509 1607 1581 quidem
1663 1505 1806 1560 nulla

250 1597 416 1690 iniqua
443 1618 667 1681 faciant;
717 1614 807 1669 sed
857 1619 1032 1664 tamen
1082 1621 1179 1676 per
1206 1618 1300 1659 eos
1357 1602 1445 1671 qui
1505 1614 1561 1654 se
1616 1597 1806 1653 imitati

248 1689 444 1779 fuerint,
472 1708 821 1780 multiplicius
843 1705 1176 1771 delinquant.
1204 1698 1338 1753 Hinc
1354 1706 1436 1751 est
1452 1691 1592 1763 quod
1614 1689 1807 1746 Paulus

247 1806 493 1861 immunda
514 1803 765 1875 quadam
792 1800 905 1854 sine
928 1793 1221 1865 pollutione
1249 1785 1679 1854 comedentibus,
1712 1781 1805 1838 sed

1906 591 2082 637 tamen
2114 583 2302 639 otiosis
2328 599 2436 640 non
2476 584 2571 641 fiat
2603 594 2784 653 torpor
2811 602 3051 643 securus.
3099 588 3189 644 Sic
3214 590 3283 643 ab
3311 591 3479 661 impa-

1906 674 2161 730 tientibus
2212 678 2584 747 exstinguatur
2621 678 2723 746 ira,
2777 688 2834 733 ut
2885 687 3061 736 tamen
3090 682 3329 737 remissis
3360 691 3384 722 ο
3415 698 3480 739 ac

1904 767 2115 825 lenibus
2144 784 2250 823 non
2281 780 2492 825 crescat
2516 770 2856 841 negligentia.
2887 772 2977 827 Sic
3004 774 3151 830 lenes
3175 774 3478 831 accendan-

1905 868 1994 915 tur
2012 860 2078 915 ad
2102 860 2301 927 zelum,
2331 871 2391 916 ut
2418 871 2595 917 tamen
2624 863 2893 918 iracundis
2914 879 3018 920 non
3043 865 3266 921 addatur
3286 867 3471 923 incen-

1906 951 2074 1007 dium.
2123 952 2213 1008 Sic
2262 954 2537 1009 tenacibus
2596 954 2909 1010 infundatur
2940 955 3204 1012 tribuendi
3238 959 3477 1029 largitas,

1906 1057 1967 1103 ut
2017 1058 2193 1104 tamen
2222 1048 2454 1118 prodigis
2486 1047 2762 1104 etl‘usionis
2790 1050 2937 1105 frena
2966 1051 3185 1107 minime
3210 1052 3480 1109 laxentur.

1908 1140 1996 1198 Sic
2056 1139 2291 1209 prodigis
2338 1138 2657 1208 pradicetur
2697 1140 2944 1208 parcitas,
2990 1152 3047 1197 ut
3096 1152 3271 1199 tamen
3331 1157 3481 1201 tena-

1908 1233 2060 1287 cibus
2086 1232 2439 1301 periturarum
2472 1247 2652 1286 rerum
2682 1233 2921 1289 custodia
2945 1249 3047 1290 non
3077 1247 3357 1312 augeatur.
3392 1239 3482 1295 Sic

1907 1325 2359 1380 incontinentibus
2413 1325 2660 1381 laudetur
2685 1327 3014 1400 conjugium,
3062 1340 3118 1385 ut
3148 1340 3324 1386 tamen
3373 1333 3482 1401 jam

1908 1419 2244 1474 continentes
2276 1433 2382 1472 non
2413 1427 2732 1473 revocentur
2759 1420 2827 1474 ad
2856 1421 3054 1475 luxum.
3083 1421 3175 1477 Stc
3201 1422 3485 1478 continen-

1912 1510 2048 1564 tibus
2089 1509 2335 1564 laudetur
2367 1508 2643 1580 virginitas
2671 1512 2938 1581 corporis,
2974 1522 3033 1567 ut
3062 1522 3237 1568 tamen
3266 1514 3319 1570 in
3349 1529 3483 1569 con-

1907 1600 2123 1671 jugibus
2180 1601 2430 1671 despecta
2491 1616 2596 1656 non
2652 1603 2744 1657 tiat
2804 1602 3097 1658 fecunditas
3146 1606 3344 1659 carnis.
3399 1606 3488 1663 Sic

1910 1694 2253 1764 praedicanda
2304 1704 2429 1750 sunt
2455 1695 2618 1761 bona,
2672 1709 2740 1750 ne
2768 1710 2835 1749 ex
2887 1693 3118 1751 latere"
3159 1697 3412 1766 juventur
3438 1708 3490 1755 et

1910 1788 2070 1843 mala.
2103 1787 2193 1842 Sic
2251 1787 2511 1843 laudanda
2557 1796 2685 1843 sunt
2729 1788 2867 1844 bona
2902 1803 3129 1856 summa,
3176 1798 3202 1839 ις
3251 1805 3320 1845 ne
3369 1791 3488 1847 des-

248 1898 548 1969 imperfectis
568 1894 884 1952 tentationis
906 1887 1214 1944 scandalum
1238 1898 1331 1937 sua
1357 1883 1455 1937 hac
1475 1878 1807 1935 comestione
1837 1885 1883 1945 Β
1912 1893 2167 1951 perentur
2200 1880 2406 1936 ultima.
2438 1882 2527 1937 Sic
2558 1882 2839 1937 nutrienda
2884 1892 3010 1937 sunt
3036 1881 3239 1950 ultima,
3265 1897 3332 1937 ne
3358 1883 3485 1938 dum

246 1993 558 2050 moventibus
597 1990 765 2044 dicit:
806 1987 985 2041 Videte
1011 2000 1073 2037 ne
1119 1984 1249 2052 forte
1277 1978 1385 2031 lucc
1410 1975 1614 2030 licentia
1641 1980 1806 2025 vestra

244 2086 586 2153 oﬂendiculum
614 2084 704 2151 ﬁat
728 2080 945 2148 inﬁrmis
970 2074 1022 2143 (Ι
1071 2074 1192 2129 Cor.
1224 2087 1335 2135 vrtt,
1367 2068 1445 2138 9).
1480 2067 1544 2121 Et
1573 2079 1757 2120 rursus
1787 2104 1803 2119 .

244 2177 304 2231 Et
330 2177 497 2247 peribit
548 2175 793 2244 inﬁrmus
824 2173 876 2223 in
919 2180 1008 2224 tua
1049 2165 1357 2221 conscientia
1391 2162 1570 2232 frater,
1600 2166 1807 2228 prapter

242 2284 374 2340 quem
394 2266 631 2323 Christus
659 2273 887 2317 mortuus
908 2269 1002 2314 est.
1028 2258 1117 2315 Sic
1143 2265 1312 2311 autem
1341 2262 1600 2323 peccantes
1622 2251 1677 2305 in
1705 2251 1809 2320 [ra-

244 2374 349 2427 tres,
395 2371 439 2415 et
467 2359 807 2431 percutientes
850 2353 1211 2410 conscientiam
1237 2363 1413 2403 eorum
1440 2346 1724 2413 inﬁrmam,
1755 2344 1809 2398 in

244 2455 479 2510 Christum
502 2452 725 2523 peccatis
746 2449 933 2521 (Ibid.,
952 2447 1039 2513 Η,
1060 2444 1169 2515 12).
1192 2444 1324 2498 llinc
1342 2439 1581 2510 estquod
1599 2441 1809 2510 Moyses

245 2563 350 2601 cum
376 2546 606 2602 diceret:
626 2542 750 2598 Non
777 2538 1046 2594 maledices
1070 2535 1248 2599 surdo,
1273 2532 1516 2603 protinus
1529 2530 1806 2598 adjunxit:

246 2640 345 2695 Nec
372 2656 539 2694 coram
570 2653 706 2692 cwco
734 2650 890 2706 pones
938 2628 1308 2698 oﬂ’endiculum
1340 2624 1523 2697 (Leuit.
1555 2638 1663 2687 XIX,
1693 2621 1807 2691 Μ).

244 2732 403 2789 Surdo
434 2732 630 2801 quippe
658 2725 999 2787 maledicere,
1028 2731 1110 2777 est
1133 2719 1340 2775 absenti
1363 2725 1418 2771 et
1444 2730 1548 2769 non
1573 2712 1811 2769 audienti

245 2827 535 2896 derogare:
569 2835 751 2878 coram
780 2832 922 2874 caeco
975 2829 1102 2869 vero
1156 2809 1536 2866 offendiculum
1586 2821 1808 2877 ponere,

245 2928 319 2973 est
362 2919 645 2972 discretam
692 2912 904 2982 quidem
951 2922 1063 2963 rem
1120 2918 1280 2974 agere
1313 2945 1327 2969 ,
1385 2900 1477 2955 sed
1535 2911 1711 2954 tamen
1759 2899 1810 2957 ei

244 3009 325 3079 qui
350 3009 526 3063 lumen
554 3004 890 3062 discretionis
919 3015 1025 3055 non
1060 2997 1243 3064 habet,
1297 2992 1535 3049 scandali
1566 2990 1812 3047 occasio-

244 3117 355 3157 nem
382 3100 645 3172 praebere.

634 3188 851 3247 CAPUT
882 3185 1100 3243 xxxvi
1132 3183 1238 3258 [Αι.
1272 3180 1412 3254 LX].

247 3286 317 3341 De
360 3284 711 3340 exhortatione
745 3280 920 3334 multis
948 3275 1233 3331 exhibenda
1260 3314 1275 3338 ,
1306 3282 1360 3326 ut
1392 3273 1462 3323 sic
1492 3269 1811 3340 singulorum
1842 3278 1885 3339 ρ

309 3360 512 3411 uirtutes
540 3355 766 3424 adjuvet,
791 3359 1039 3421 quatenus
1061 3363 1147 3418 per
1176 3345 1306 3399 hanc
1327 3345 1586 3399 contraria
1613 3341 1813 3394 virtuti-

312 3432 393 3484 bus
420 3428 541 3483 vitia
570 3443 671 3479 non
700 3429 1009 3479 excrescant.

311 3520 337 3560 δ
366 3522 485 3577 Haec
515 3526 641 3575 sunt
656 3532 775 3588 quae
802 3512 1306 3585 praesnlanimarum
1332 3506 1385 3561 in
1419 3503 1814 3574 praedicationis

253 3616 539 3674 diversitate
588 3610 878 3675 custodiat,
912 3617 969 3662 ut
997 3604 1258 3662 sollicitus
1288 3617 1523 3671 congrua
1576 3598 1816 3669 singulo-
1865 3654 1872 3666 ,

258 3728 358 3769 tum
402 3708 711 3767 vulneribus
771 3703 1123 3761 medicamina
1179 3710 1201 3739 ε
1237 3707 1488 3769 opponat.
1535 3694 1642 3751 Sed
1693 3709 1816 3750 cum

254 3808 409 3878 magni
431 3810 497 3860 sit
535 3803 695 3858 studii
723 3809 780 3855 ut
809 3795 1163 3856 exhortandis
1197 3793 1423 3863 singulis
1454 3790 1720 3847 serviatur
1748 3788 1815 3845 ad

250 3901 460 3971 singula,
489 3914 617 3957 cum
644 3896 802 3951 valde
830 3891 1154 3949 laboriosum
1196 3890 1265 3943 sit
1295 3898 1726 3956 unumquemque
1755 3883 1820 3939 de

249 3995 467 4065 propriis
494 3994 594 4047 sub
615 3989 1013 4059 dispensatione
1041 3985 1236 4041 debitae
1265 3978 1710 4037 considerationis
1735 3979 1816 4031 in-

253 4096 472 4153 struere,
504 4087 660 4156 longe
691 4095 865 4138 tamen
910 4079 1231 4136 laboriosius
1258 4087 1342 4133 est
1372 4075 1649 4129 auditores
1682 4069 1706 4108 ιλ
1738 4073 1819 4127 in-

250 4195 492 4237 numeros
543 4194 604 4233 ac
657 4176 882 4233 diversis
933 4172 1270 4243 passionibus
1322 4169 1662 4235 laborantes,
1716 4179 1821 4221 uno

252 4273 539 4344 eodemque
568 4281 807 4342 tempore
836 4282 968 4323 voce
998 4267 1154 4321 unius
1180 4272 1233 4319 et
1260 4264 1365 4336 97
1398 4271 1539 4317 tanta
1575 4270 1691 4316 arte
1718 4274 1822 4314 vox

252 4364 588 4435 temperanda
620 4370 724 4428 est,
744 4370 937 4416 utcutn
960 4359 1182 4414 diversa
1213 4355 1638 4410 sintauditorum
1671 4352 1819 4419 vitia,

250 4465 300 4512 et
327 4456 546 4527 singulis
576 4455 878 4512 inveniatur
907 4466 1163 4524 congrua,
1195 4458 1251 4505 et
1281 4457 1460 4504 tamen
1500 4444 1824 4515 sibimetipsi

251 4566 349 4607 non
384 4553 451 4606 sit
480 4552 729 4617 diversa;
758 4558 811 4604 ut
837 4550 976 4604 inter
1020 4546 1295 4617 passiones
1325 4543 1528 4597 medias
1563 4555 1670 4595 uno
1701 4539 1823 4610 qui-

1912 1976 2158 2032 sufﬁcere
2178 1975 2489 2040 creduntur,
2521 1990 2854 2045 nequaquam
2885 1974 3135 2031 tendatur
3153 1974 3221 2031 ad
3249 1990 3481 2032 summa.

2277 2092 2504 2149 CAPUT
2546 2092 2785 2148 XXXVII
2825 2090 2931 2165 [ΑΙ.
2978 2089 3136 2162 LXI].

1914 2212 1991 2267 De
2012 2212 2363 2267 exhortatione
2388 2227 2502 2282 quae
2529 2211 2617 2263 uni
2657 2211 2945 2263 adhibenda
2976 2218 3047 2265 est
3084 2208 3357 2264 contrariis
3384 2223 3494 2280 pas-

2432 2282 2660 2335 sionibus
2687 2282 2960 2335 laboranti.

1988 2380 2052 2435 Et
2076 2379 2253 2448 gravis
2279 2376 2491 2446 quidem
2546 2373 2879 2441 prmdicatori
2912 2373 3061 2427 labor
3108 2382 3209 2439 est,
3246 2374 3300 2427 in
3346 2386 3495 2427 com-

1916 2472 2091 2528 munis
2123 2469 2517 2541 prtcdicutiouis
2561 2482 2713 2533 voce,
2762 2467 2827 2522 ad
2880 2466 3117 2522 occultos
3165 2466 3496 2537 singulorum

1917 2581 2099 2623 motus
2149 2581 2447 2636 causasque
2477 2566 2718 2635 vigilare,
2751 2574 2805 2619 et
2854 2564 3220 2633 palaestrarum
3262 2576 3412 2617 more
3443 2561 3497 2618 in

1913 2663 2110 2719 diversi
2143 2662 2324 2717 lateris
2355 2669 2470 2715 arte
2518 2676 2577 2715 se
2607 2669 2848 2725 vertere;
2884 2659 3052 2713 multo
3076 2668 3255 2714 tamen
3302 2655 3498 2716 acriori

1914 2756 2097 2810 labore
2128 2755 2391 2824 fatigatur,
2424 2752 2637 2823 quando
2679 2752 2768 2806 uni
2799 2769 2831 2808 e
2851 2750 3165 2828 ’eontrariis
3195 2750 3334 2806 vitiis
3379 2764 3498 2805 ser-

1916 2849 2081 2904 vienti
2117 2850 2408 2917 praedicare
2458 2846 2817 2917 compellitur.
2851 2847 3172 2917 Plerumque
3202 2845 3346 2902 enim
3378 2846 3497 2916 quis

1917 2946 2052 2999 lana:
2101 2944 2260 2998 nimis
2288 2940 2318 2979 δ
2348 2943 2746 3013 conspersionis
2777 2944 2992 3010 existit;
3031 2942 3125 2998 sed
3173 2952 3349 2998 tamen
3378 2959 3501 3000 eum

1918 3047 2139 3107 repente
2170 3038 2391 3092 tristitia
2422 3038 2612 3091 oborta
2659 3037 2967 3092 immaniter
2993 3036 3268 3106 deprimit.
3298 3035 3502 3093 Curan-

1918 3131 2042 3187 dum
2093 3142 2175 3187 est
2227 3133 2402 3202 itaque
2453 3132 2789 3200 praedicatori
2840 3141 3105 3201 quatenus
3145 3132 3225 3186 sic
3267 3140 3503 3201 tergatur

1918 3223 2131 3279 tristitia
2158 3240 2274 3294 qua:
2308 3226 2453 3278 venit
2480 3238 2546 3279 ex
2577 3234 2835 3291 tempore,
2869 3231 2926 3276 ut
2956 3238 3063 3277 non
3088 3230 3343 3290 augeatur
3371 3219 3503 3275 lani-

1920 3318 1990 3371 tia
2023 3332 2142 3385 quaa
2190 3318 2426 3385 suppetit
2475 3331 2542 3371 ex
2575 3315 2999 3383 conspersione;
3042 3324 3097 3368 et
3142 3313 3219 3368 sic
3266 3314 3504 3366 frenetur

1918 3409 2102 3464 laetitia
2133 3424 2251 3477 quae
2281 3424 2347 3463 ex
2374 3407 2755 3475 conspersione
2797 3415 2899 3471 est,
2941 3414 3000 3461 nt
3029 3416 3205 3461 tamen
3237 3422 3342 3461 non
3382 3421 3504 3461 cre-

1916 3510 2031 3557 scat
2060 3499 2278 3554 tristitia
2296 3515 2415 3569 qua:
2446 3499 2593 3554 venit
2616 3514 2680 3552 ex
2711 3508 2969 3567 tempore.
2988 3497 3093 3553 Iste
3121 3507 3374 3567 gravatur
3406 3512 3503 3554 usu

1917 3595 2285 3650 immoderata:
2332 3592 2793 3663 praecipitationis,
2825 3602 2877 3647 et
2908 3590 3190 3659 aliquando
3223 3602 3397 3646 tamen
3440 3590 3505 3645 ab

1922 3706 1987 3747 eo
2024 3690 2163 3761 quod
2193 3689 2378 3744 leStine
2409 3688 2674 3759 agendum
2718 3695 2823 3753 est,
2855 3701 2979 3741 eum
3009 3687 3088 3742 vis
3118 3685 3373 3754 praepedit
3412 3699 3504 3738 su-

1919 3784 2032 3839 bito
2065 3792 2204 3836 natae
2234 3781 2555 3837 formidinis.
2592 3781 2686 3836 Ille
2713 3788 2962 3849 gravatur
2990 3793 3085 3834 usu
3138 3778 3506 3834 immoderata!

1920 3875 2244 3937 formidinis,
2292 3884 2346 3929 et
2375 3872 2663 3941 aliquando
2696 3881 2870 3926 tamen
2913 3872 2965 3925 in
3016 3887 3080 3925 eo
3112 3869 3249 3939 quod
3282 3870 3505 3939 appetit,

1928 3968 2237 4039 temeritate
2281 3967 2577 4035 impellitur
2606 3963 3070 4034 praecipitationis.
3115 3962 3203 4015 Sic
3253 3963 3429 4032 itaque
3454 3961 3506 4016 in

1925 4063 2030 4116 isto
2057 4061 2376 4129 reprimatur
2404 4057 2580 4112 subito
2602 4055 2789 4111 oborta
2822 4054 3071 4118 formido,
3106 4061 3162 4107 ut
3194 4062 3369 4106 tamen
3400 4065 3506 4105 non

1924 4163 2201 4210 excrescat
2232 4149 2459 4206 enntrita
2490 4149 2576 4203 diu
2609 4146 2978 4217 prmcipitatio.
3012 4144 3101 4201 Sic
3130 4145 3180 4198 in
3212 4146 3302 4198 illo
3333 4145 3505 4211 repri-

1926 4259 2100 4304 matur
2145 4255 2367 4313 repente
2421 4243 2608 4297 oborta
2662 4240 3033 4310 praecipitatio,
3081 4246 3137 4291 ut
3176 4246 3353 4290 tamen
3401 4250 3505 4288 non

1928 4337 2267 4396 convalescat
2297 4337 2557 4403 impressa
2591 4348 2655 4387 ex
2687 4330 3067 4398 conspersione
3091 4329 3337 4383 formido.
3371 4325 3505 4394 Quid

1927 4442 2106 4487 autem
2160 4430 2351 4483 mirum
2384 4428 2428 4481 si
2475 4425 2733 4481 mentium
2784 4424 2976 4479 medici
3028 4424 3126 4477 ista
3180 4419 3505 4481 custodiunt,

1929 4526 2055 4580 dum
2086 4533 2231 4579 tanta
2263 4522 2605 4577 discretionis
2637 4531 2754 4574 arte
2800 4534 2860 4574 se
2905 4526 3218 4587 temperant,
3264 4512 3352 4583 qui
3402 4526 3510 4566 non

253 4645 365 4700 dem
384 4645 551 4701 ductu
570 4650 829 4710 transeat,
846 4641 939 4697 sed
965 4655 1117 4697 more
1143 4639 1379 4707 bicipitis
1406 4635 1566 4706 gladii
1587 4645 1822 4688 tumores
1852 4662 1905 4722 Β
1931 4621 2092 4676 corda
2123 4619 2218 4675 Sed
2268 4631 2493 4685 corpora
2526 4613 2846 4670 medemur?
2880 4612 3196 4679 Plerumque
3242 4605 3384 4661 θυίίη
3415 4604 3509 4658 αθ·

2429 4711 2438 4721 .
2504 4711 2537 4722 ._
2592 4709 2605 4722 .
2846 4708 2857 4718 .
3152 4701 3230 4722 ---ε
3264 4700 3505 4722 ι,---..,-ε

252 4740 625 4810 cogitationum
663 4737 955 4794 carnalium
1006 4750 1071 4790 ex
1123 4734 1334 4788 diverso
1380 4732 1550 4786 latere
1597 4727 1822 4793 incidat,

253 4842 514 4899 quatenus
538 4833 615 4887 sic
635 4828 880 4899 superbis
909 4826 1225 4897 praedicetur
1242 4822 1532 4887 humilitas,
1568 4828 1624 4874 ut
1649 4830 1825 4877 tamen

255 4921 448 4977 timidis
479 4937 586 4977 non
615 4928 872 4991 augeatur
900 4926 1107 4986 metus,
1151 4916 1229 4970 sic
1261 4913 1460 4969 timidis
1514 4910 1829 4968 infundatur

254 5015 558 5081 auctoritas,
592 5022 648 5067 ut
678 5022 854 5067 tamen
883 5010 1126 5080 superbis
1152 5022 1260 5063 non
1286 5015 1496 5062 crescat
1525 5003 1823 5059 effrenatio.

252 5108 335 5164 Sic
363 5109 551 5165 otiosis
575 5121 637 5162 ac
666 5104 1003 5176 torpentibus
1034 5102 1352 5172 praedicetur
1375 5099 1678 5155 sollicitudo
1701 5096 1827 5152 boni

253 5202 450 5269 operis,
482 5208 540 5255 ut
588 5208 765 5254 tamen
792 5194 1040 5267 inquietis
1080 5192 1446 5248 immoderata:
1473 5190 1688 5247 licentia
1723 5205 1827 5243 non

321 5346 347 5374 ⁸
380 5337 453 5391 Ita
484 5350 602 5390 cum
632 5335 814 5400 Trec.,
841 5331 1067 5394 Theod.,
1094 5329 1277 5390 Corh..
1307 5325 1477 5381 Laud.
1507 5334 1560 5379 et
1591 5324 1824 5400 Gemet.,

254 5418 460 5464 Veteres
492 5407 612 5471 Ed.,
642 5421 761 5460 cum
804 5397 865 5458 in
896 5411 1099 5459 recent.
1131 5402 1357 5469 legatur,
1382 5414 1483 5471 non
1514 5397 1718 5465 tegitur.

320 5478 350 5517 ι»
376 5480 429 5532 In
461 5467 619 5533 Corb.
643 5484 729 5532 est
756 5490 875 5545 cap.
897 5473 986 5525 57.
1016 5474 1077 5545 ln‘
1097 5467 1345 5539 Longip.,

262 5552 272 5557 ”
325 5561 348 5623 f
385 5550 438 5623 In
467 5548 714 5623 Excusis,
744 5538 989 5623 apponat.
1020 5543 1375 5623 (lbsequimur
1406 5538 1535 5622 blss.

320 5619 345 5657 ἀ
401 5621 546 5674 Ιιειν.
587 5628 639 5674 et
691 5607 897 5687 primus
942 5617 1129 5687 Carm,
1176 5607 1456 5665 innumeris
1499 5625 1559 5661 ac
1566 5607 1822 5687 jiversis.

254 5692 566 5748 Retinemus
606 5678 715 5760 jam
767 5689 1035 5760 vulgatam
1097 5685 1247 5751 lect.,
1281 5697 1401 5754 quae
1446 5691 1527 5736 est
1566 5678 1723 5733 Trec.
1752 5682 1831 5734 "et

255 5774 373 5819 εει.

328 5846 353 5901 ξ
384 5834 501 5887 Duo
529 5833 735 5901 priores
763 5830 997 5901 Gemet_.,
1032 5828 1240 5892 levibus,
1270 5833 1326 5881 et
1352 5824 1491 5901 intra
1515 5824 1664 5901 leves:

332 5896 460 5955 NII
508 5892 783 5963 léﬂndum
826 5914 893 5958 el
944 5898 1070 5959 Issi
1122 5902 1329 5954 Germti
1376 5894 1612 5951 Beluset.
1648 5892 1827 5953 Trec..

1937 4715 2044 4770 bile
2069 4728 2262 4782 corpus
2291 4711 2544 4781 opprimit
2592 4709 2814 4779 languor
2846 4705 3113 4768 immanis,
3148 4701 3232 4755 cui
3264 4700 3507 4769 languori

1933 4809 2044 4881 98
2070 4806 2276 4863 Scilicet
2306 4804 2513 4857 obviari
2544 4800 2822 4871 adjutoriis
2853 4794 3079 4850 fortibus
3109 4794 3285 4858 debet,
3314 4791 3405 4845 sed
3432 4798 3511 4843 ta-

1935 4916 2059 4955 tnen
2088 4911 2281 4967 corpus
2331 4895 2525 4960 debile,
2578 4891 2899 4962 adjutorium
2946 4886 3081 4941 forte
3111 4900 3217 4940 non
3264 4885 3511 4939 sustinet.

1934 4992 2123 5053 Studet
2149 4992 2308 5062 igitur
2330 4988 2418 5059 qui
2439 4987 2711 5048 medetur,
2734 4991 2992 5052 quatenus
3016 4980 3093 5035 sic
3113 4979 3513 5049 superexisten-

1936 5099 2041 5144 tem
2097 5088 2339 5143 morbum
2396 5078 2701 5144 subtrahat,
2753 5084 2810 5131 ut
2859 5089 3189 5146 nequaquam
3238 5072 3510 5143 supposita

1938 5183 2181 5253 corporis
2209 5177 2460 5235 debilitas
2491 5179 2724 5241 crescat,
2758 5186 2826 5228 ne
2854 5171 3081 5228 fortasse
3128 5172 3347 5241 languor
3387 5183 3510 5224 cum

1934 5318 2143 5381 Norm.,
2179 5325 2307 5380 etc.,
2341 5324 2446 5364 non
2477 5317 2535 5381 ut
2570 5305 2777 5381 habent
2810 5304 2969 5372 Editi,
2989 5299 3510 5381 jube_a_ntur._0cca-

1933 5371 2142 5443 sionem
2176 5371 2579 5438 hallucinationi
2607 5371 3078 5447 prmbueruntvet.
3114 5373 3267 5439 Mss.,
3290 5371 3361 5447 ‘in
3394 5372 3511 5441 qui-

1933 5462 2030 5514 bus
2062 5456 2338 5522 scriptum,
2362 5443 2634 5523 jubentur',
2667 5464 2763 5519 pro
2784 5452 3050 5520 jnventur,
3080 5447 3257 5523 littera
3281 5443 3311 5497 ὁ
3331 5457 3445 5523 _pro_
3483 5458 3509 5494 υ

1932 5515 2206 5597 usurpata.
2236 5515 2427 5581 Poste:
2461 5515 2709 5580 Editores
2741 5515 3294 5591 niutaruntjubentur,
3329 5516 3381 5569 in
3426 5515 3512 5581 ju«

1937 5604 2323 5726 beti’liii‘iiunera
2353 5666 2681 5736 conjectura,
2714 5664 2915 5734 reiecto
2945 5662 3296 5731 desperentur,
3332 5656 3514 5711 Editoo

1938 5762 2023 5801 res
2056 5743 2408 5811 praetulerunt
2436 5738 2812 5811 despiciantur.

2008 5797 2140 5868 b'De
2169 5815 2266 5867 hac
2297 5826 2433 5868 voce
2468 5797 2580 5880 iam
2623 5809 2821 5864 dictum
2852 5815 2934 5864 est
2962 5805 3017 5862 in
3045 5803 3410 5861 admonitione
3459 5797 3512 5868 4,

1940 5905 2033 5945 seu
2062 5901 2179 5952 cap.
2214 5885 2266 5936 5.
