4036 6346
472 288 570 344 I93

472 407 569 457 vita
641 402 875 461 deficiat.
934 400 1106 456 Tanta
1159 412 1288 471 ergo
1342 397 1662 469 adiutorium
1711 396 2038 453 discretione
2071 394 2117 452 A

469 496 759 565 componit,
792 503 850 550 ut
880 510 983 550 uno
1006 490 1304 563 eodemque
1332 504 1573 562 tempore
1594 502 1649 548 et
1678 482 1920 563 languori
1955 492 2045 545 oh-

470 590 575 645 viet
596 599 650 646 et
679 578 961 646 debilitati.
992 588 1049 644 Si
1081 580 1241 659 igitur
1270 587 1531 643 medicina
1553 586 1795 656 corporis
1822 585 2050 641 indivise

470 672 708 738 adhibita
740 684 947 740 servire
976 673 1323 737 divisibiliter
1356 687 1534 751 potest
1560 674 1713 752 (tunc
1742 680 1886 735 enim
1921 692 2049 733 vere

473 774 740 829 medicina
788 775 891 842 eSI,
939 773 1151 843 quando
1182 772 1263 829 sic
1294 787 1388 842 per
1431 787 1550 828 eam
1595 772 1724 827 vitio
1772 768 2049 841 superexi-

479 866 639 921 stenti
668 872 693 904 ι
723 866 1072 934 succurritur,
1103 876 1159 921 ut
1190 868 1349 923 etiam
1373 864 2052 937 supposilaaconspersioni

473 957 787 1031 serviatur),
816 975 912 1015 cur
940 958 1201 1014 medicina
1227 960 1422 1014 mentis
1452 974 1555 1013 una
1595 959 1892 1027 eademque
1916 972 2054 1027 prte-

472 1053 739 1110 dicatione
764 1053 788 1092 b
822 1053 1085 1125 apposita,
1119 1068 1328 1108 morum
1359 1052 1562 1107 morbis
1607 1052 1823 1107 diverso
1865 1051 2055 1106 ordine

472 1140 690 1203 obviare
744 1160 848 1201 non
904 1146 1109 1210 valeat,
1170 1160 1289 1216 quae
1343 1152 1489 1201 tanto
1543 1144 1789 1201 subtilior
1841 1144 2051 1215 agitur,

474 1246 676 1311 quanto
706 1237 771 1295 de
800 1226 1153 1294 invisibilibus
1179 1238 1474 1293 tractatur?

817 1350 1041 1407 CAPUT
1084 1344 1351 1409 XXXVIII
1391 1350 1496 1424 (At.
1536 1348 1720 1421 LXII.]

477 1464 624 1529 Quod
653 1464 929 1534 aliquando
961 1463 1146 1518 leviora
1171 1464 1289 1517 vitia
1311 1462 1643 1529 relinquenda
1682 1469 1819 1530 sunt,
1848 1464 1907 1515 tit
1936 1470 2059 1533 gra-

989 1536 1133 1590 viora
1153 1535 1539 1590 subtrahantur.

544 1651 646 1707 Sed
675 1651 793 1721 quia
848 1651 1161 1722 plerumque
1210 1651 1335 1706 dum
1384 1648 1613 1705 duorum
1648 1649 1895 1704 vitiorum
1946 1649 2059 1703 lan-

479 1759 613 1815 guor
665 1744 838 1811 irruit,
872 1744 974 1800 hoc
1003 1744 1193 1809 levius,
1226 1742 1355 1798 illud
1406 1743 1637 1799 fortasse
1672 1745 1889 1815 gravius
1933 1746 2057 1812 pre-

1671 276 1911 337 SANC'I‘I
1951 272 2277 331 GREGORII
2316 269 2527 329 MAGNI

3631 256 3725 311 l‘ii

2420 386 2531 457 99
2567 381 2795 439 CAPUT
2835 377 3058 436 xxx1x
3098 376 3203 442 Ml.
3248 374 3453 443 Lxun.

2155 502 2304 569 Quod
2343 503 2562 571 inﬁrmis
2600 499 3087 625 mentibusdomnino
3107 507 3223 569 "non
3252 496 3430 551 debent
3458 501 3567 550 alta
3594 509 3731 567 pra-

2885 587 3031 625 tcart.
3052 599 3075 615 ο

2885 587 3031 625 tcart.
3052 599 3075 615 ο

2229 685 2247 725 τ
2282 688 2567 744 Sciendum
2600 703 2727 745 vero
2753 697 2837 745 est
2878 686 3242 759 praedicatori,
3276 694 3333 742 ut
3359 683 3621 741 auditoris
3648 682 3736 739 sui

2153 778 2384 833 animum
2411 779 2547 834 ultra
2571 780 2710 835 vires
2737 794 2842 835 non
2868 779 3066 847 trahat,
3090 792 3176 845 ne,
3198 786 3258 834 ut
3279 779 3353 833 ita
3382 776 3579 841 dicam,
3603 774 3733 829 dum

2152 870 2273 940 plus
2301 885 2459 940 quam
2492 872 2634 926 valet
2684 871 2940 939 tenditur,
2974 872 3171 928 mentis
3199 870 3399 927 chorda
3430 877 3736 938 rumpatur.

2157 961 2276 1016 Alta
2322 964 2465 1018 enim
2511 979 2738 1035 qttaeque
2784 964 2986 1021 debent
3017 965 3200 1020 multis
3230 962 3570 1019 audientibus
3611 975 3743 1016 con-

2156 1052 2282 1122 tegi,
2314 1062 2367 1108 et
2402 1053 2487 1108 vix
2534 1054 2715 1124 paucis
2744 1056 2961 1125 aperiri.
3011 1055 3148 1111 Hinc
3177 1068 3406 1124 namque
3430 1068 3521 1122 per
3545 1060 3744 1106 semet-

2159 1147 2329 1217 ipsam
2362 1147 2574 1203 Veritas
2609 1150 2740 1204 dicit
2768 1167 2782 1204 :
2818 1150 2946 1216 Quis
2991 1160 3139 1221 putas
3182 1158 3255 1205 est
3283 1149 3450 1218 ﬁdelis
3476 1148 3743 1217 dispensa-

2160 1246 2241 1293 tor
2267 1248 2314 1294 et
2343 1242 2587 1307 prudens,
2610 1258 2760 1311 quem
2781 1242 3040 1298 constituit
3063 1243 3296 1296 dominus
3316 1256 3468 1310 super
3488 1237 3749 1311 familiam

2160 1348 2327 1397 suam,
2360 1341 2415 1386 ut
2441 1340 2523 1388 det
2554 1326 2659 1387 illis
2691 1335 2745 1388 in
2773 1343 2997 1404 tempore
3023 1334 3180 1390 tritici
3208 1348 3498 1388 mensuram
3523 1330 3743 1402 (Matth.

2164 1440 2309 1491 xxiv,
2340 1424 2446 1491 45;
2503 1425 2626 1480 Luc.
2661 1443 2755 1494 xu,
2786 1427 2917 1499 42)?
2950 1428 3051 1483 Per
3081 1439 3383 1483 mensuram
3415 1424 3613 1494 quippe
3646 1424 3748 1476 tri-

2163 1517 2254 1571 tici
2282 1518 2601 1587 exprimitur
2629 1520 2819 1575 modus
2844 1519 3015 1585 verbi,
3070 1533 3135 1575 ne
3165 1534 3286 1573 eum
3331 1524 3555 1588 angusto
3596 1511 3751 1570 cordi

2163 1611 2462 1681 incapabile
2505 1612 2705 1682 aliquid
2754 1612 3031 1679 tribuitur,
3088 1621 3241 1668 extra
3294 1609 3562 1665 fundatur.
3611 1607 3752 1661 [line

2169 1704 2360 1762 Paulus
2387 1708 2463 1763 ait
2493 1725 2505 1761 :
2541 1706 2659 1762 Non
2715 1710 2856 1779 potui
2884 1708 3022 1763 vobis
3052 1708 3190 1777 loqui
3212 1705 3360 1777 quasi
3405 1702 3745 1775 spiritalibus,

476 1795 602 1904 Em;
638 1840 688 1895 ei
720 1840 970 1894 nimirum
994 1840 1126 1894 vitio
1156 1840 1353 1895 rectius
1378 1840 1479 1894 sub
1504 1795 1781 1895 celeriiitie
1806 1837 2061 1893 subvehi-

2180 1799 2249 1853 τά
2280 1803 2430 1869 quasi
2456 1802 2771 1858 carnalibus.
2804 1802 3073 1874 Tanquam
3100 1800 3326 1871 parvulis
3351 1798 3405 1852 in
3436 1795 3641 1851 Christo
3669 1795 3750 1848 lac

476 1940 583 1999 tur,
613 1932 867 2001 per-quod
898 1931 1093 1987 festino
1123 1931 1189 1985 ad
1220 1931 1496 1987 interitura
1524 1931 1779 1987 tenditur.
1806 1931 1932 1985 Etsi
1956 1922 2059 1986 hoc

480 2039 509 2076 a
543 2024 715 2077 vicina
764 2032 938 2078 morte
969 2024 1220 2094 restringi
1246 2038 1352 2079 non
1385 2032 1582 2094 potest,
1612 2024 1715 2078 nisi
1741 2023 1866 2077 illud
1900 2025 2057 2079 etiam

482 2114 622 2185 quod
670 2115 851 2170 existit
874 2116 1201 2172 contrarium
1235 2126 1456 2171 crescat
1484 2127 1506 2155 ο
1545 2114 1875 2172 tolerandum
1926 2131 2062 2185 pra:-

483 2192 708 2261 dicatori
754 2215 856 2272 est,
887 2217 945 2261 ut
994 2222 1087 2276 per
1117 2206 1543 2263 exhortationem
1593 2222 1745 2263 suam
1774 2204 2063 2262 artiﬁcioso

481 2299 850 2355 moderamine
882 2316 1045 2356 unum
1076 2302 1305 2370 patiatur
1333 2315 1605 2367 crescere,
1651 2308 1915 2370 quatenus
1944 2313 2066 2369 pos-

484 2391 557 2448 sit
586 2392 728 2447 aliud
760 2408 791 2448 a
823 2392 997 2448 vicina
1046 2402 1220 2449 morte
1267 2392 1521 2449 retinere.
1569 2391 1722 2461 Quod
1769 2406 1891 2448 cum
1934 2393 2064 2461 agit,

480 2500 584 2539 non
616 2483 865 2540 morbum
890 2495 1197 2555 exaggerat,
1232 2486 1324 2540 sed
1353 2486 1615 2555 vulnerati
1645 2485 1748 2552 sui,
1777 2484 1866 2540 cui
1895 2484 2066 2541 medi-

480 2587 779 2633 camentum
809 2577 1047 2644 adhibet,
1081 2578 1242 2632 vitam
1274 2587 1477 2644 servat,
1508 2588 1564 2632 ut
1611 2578 1955 2649 exquirendae
1982 2592 2068 2632 sa-

481 2669 603 2726 lutis
633 2685 925 2743 congruum
960 2682 1168 2742 tempus
1213 2672 1468 2727 inveniat.
1508 2672 1662 2742 Saepe
1703 2672 1845 2727 enim
1873 2672 1994 2742 quis
2038 2686 2068 2725 a

479 2765 720 2839 ciborum
748 2779 806 2818 se
836 2764 1072 2834 ingluvie
1115 2762 1334 2818 minime
1377 2770 1702 2832 temperans,
1731 2763 2066 2834 jamjamque

481 2869 617 2926 pene
645 2846 672 2892 εὶ
716 2856 1019 2925 superantis
1071 2855 1296 2909 luxuria:
1340 2854 1569 2909 stimulis
1621 2856 1880 2922 premitur
1912 2896 1927 2923 ,
1979 2858 2068 2925 qui

484 2947 640 3016 hujus
669 2962 863 3017 pugna:
891 2956 1035 3002 metu
1068 2947 1301 3013 territus,
1337 2946 1463 3002 dum
1491 2961 1549 3001 se
1578 2962 1671 3015 per
1692 2947 2070 3004 abstinentiam

485 3038 811 3113 restringere
830 3039 1038 3108 nititur,
1064 3040 1236 3096 inanis
1258 3041 1443 3111 gloriae
1468 3042 1761 3098 tentatione
1786 3042 2034 3116 fatigatur
2058 3064 2069 3099 :

484 3136 536 3190 in
561 3140 666 3206 quo
688 3126 939 3191 nimirum
968 3152 1130 3192 unum
1162 3135 1349 3191 vitium
1376 3137 1687 3191 nullatenus
1717 3139 2070 3210 extinguitur,

486 3212 588 3282 nisi
620 3213 759 3282 aliud
792 3228 1076 3283 nutriatur.
1111 3229 1239 3297 Quae
1285 3228 1444 3299 igitur
1492 3232 1659 3299 pestis
1689 3231 1962 3287 ardentius
1990 3232 2072 3286 in-

489 3321 760 3391 sequenda
804 3330 907 3387 est,
942 3322 1041 3376 nisi
1072 3336 1189 3391 quso
1236 3322 1586 3391 periculosius
1633 3324 1868 3392 premit?
1919 3322 2077 3380 Tole-

492 3418 719 3470 randum
772 3431 1045 3486 nunquam
1078 3426 1162 3471 est
1209 3425 1263 3468 ut
1308 3430 1404 3485 per
1433 3417 1680 3470 virtutem
1737 3416 2079 3473 abstinentiae

492 3506 708 3563 interim
741 3512 1047 3580 arrogantia
1080 3518 1265 3563 contra
1295 3508 1562 3564 viventem
1588 3520 1813 3579 crescat,
1857 3525 1925 3566 ne
1955 3525 2077 3566 eum

492 3614 587 3669 per
637 3599 922 3669 ingluviem
975 3615 1005 3654 a
1053 3590 1158 3655 vita
1212 3594 1451 3656 funditus
1497 3599 1703 3657 luxuria
1752 3604 2077 3675 exstinguat.

494 3694 629 3750 Hinc
681 3702 764 3748 est
816 3694 957 3764 quod
1010 3694 1228 3761 Paulus,
1279 3709 1400 3749 cum
1452 3696 1722 3752 infirmum
1779 3698 2079 3756 auditorem

493 3802 649 3843 suum
678 3788 1056 3858 perpenderet,
1087 3797 1180 3842 aut
1214 3802 1372 3865 prava
1400 3788 1578 3843 adhuc
1605 3789 1745 3845 velle
1786 3806 1965 3863 agere,
1993 3802 2084 3849 aut

494 3874 559 3935 de
583 3880 793 3935 actione
814 3889 957 3936 recta
987 3880 1231 3936 humanae
1253 3879 1428 3936 laudis
1450 3880 1804 3939 retributiune
1822 3884 2080 3954 gaudere,

495 3973 606 4031 ait:
649 3968 734 4029 Vis
759 3992 859 4029 non
891 3975 1066 4029 timere
1087 3977 1422 4044 potestatem?
1448 3975 1635 4030 bonum
1663 3978 1766 4048 fac,
1812 3988 1857 4033 et
1879 3976 2083 4033 habebis

497 4068 702 4121 laudem
738 4083 800 4121 ea:
826 4067 919 4121 illa
951 4067 1128 4137 (Rom.
1168 4083 1280 4133 stu,
1313 4067 1393 4138 ὅ).
1420 4067 1604 4138 Neque
1635 4072 1778 4125 enim
1801 4070 1919 4125 ideo
1944 4071 2082 4126 bona

498 4161 701 4229 agenda
726 4168 852 4214 sunt
873 4168 929 4215 nt
962 4168 1201 4229 potestas
1231 4158 1390 4229 hujus
1416 4160 1601 4216 mundi
1630 4161 1775 4216 nulla
1809 4161 2083 4229 timeatur,

499 4264 588 4309 aut
633 4269 727 4325 per
757 4254 872 4310 haec
919 4254 1090 4325 gloria
1121 4255 1446 4311 transitorite
1477 4254 1647 4313 laudis
1679 4266 1941 4314 sumatur.
1972 4256 2081 4315 Sed

499 4360 620 4400 cum
670 4346 936 4401 infirmam
969 4357 1203 4403 mentem
1234 4347 1300 4401 ad
1338 4356 1543 4403 tantum
1594 4347 1757 4402 robur
1787 4350 2085 4407 ascendere

500 4454 606 4495 non
639 4453 795 4511 posse
826 4450 1096 4510 pensaret,
1132 4448 1189 4493 ut
1236 4450 1292 4496 et
1332 4441 1647 4511 pravitatem
1680 4442 1874 4497 vitaret
1925 4442 2085 4499 simul

502 4541 554 4587 et
576 4532 827 4611 laudem;
877 4531 1192 4602 praedicator
1218 4534 1466 4605 egregius
1496 4534 1567 4599 ei,
1595 4534 1933 4592 admonendo
1980 4537 2082 4592 ali—

502 4626 624 4694 quid
656 4626 871 4692 obtulit,
896 4638 950 4681 et
979 4627 1173 4698 aliquid
1203 4628 1338 4683 tulit.
1364 4628 1723 4685 Concedendo
1745 4629 1891 4686 enim
1921 4629 2083 4698 lenia,

503 4719 770 4774 subtraxit
801 4721 1046 4788 acriora;
1081 4731 1140 4777 ut
1186 4721 1307 4791 quia
1355 4720 1422 4776 ad
1468 4721 1765 4778 deserenda
1794 4732 1985 4779 cuncta
2016 4725 2090 4777 si-

505 4812 615 4866 mul
646 4828 752 4867 non
800 4824 1126 4887 assurgeret,
1161 4816 1287 4871 dum
1338 4814 1390 4870 in
1421 4818 1651 4886 quodam
1685 4832 1784 4874 suo
1808 4820 1938 4874 vitio
1976 4816 2091 4874 ani-

507 4917 626 4958 mus
651 4902 982 4963 familiariter
1010 4910 1351 4980 relinquitur,
1400 4923 1430 4964 a
1458 4911 1691 4982 quodam
1720 4926 1820 4969 suo
1864 4913 1981 4969 sine
2012 4914 2090 4968 la.

509 4995 639 5053 bore
663 5004 687 5033 ⁸
718 4998 1021 5055 tolleretur.

586 5150 923 5236 1ᾏΜιιὶζεὲιιιιιεο,
944 5146 1248 5236 occurritur,
1264 5163 1406 5232 quod
1427 5150 1696 5236 legiturin
1717 5162 1890 5231 primti
1906 5152 2065 5219 Carn.
2078 5207 2090 5229 ,

514 5234 615 5317 nisi
646 5233 697 5286 in
726 5231 879 5288 Trec.
911 5242 963 5288 et
992 5233 1111 5288 aliis
1135 5231 1293 5290 etiam
1330 5231 1623 5305 potioribus
1670 5246 1837 5303 esset,
1884 5253 2096 5293 succur-

514 5315 830 5457 Υἶηίνίέοιὶιη
865 5370 1056 5442 Laud.,
1087 5373 1294 5433 Theod.
1346 5387 1400 5435 et
1443 5378 1646 5447 primus
1689 5354 1882 5448 Carn.,
1932 5397 2096 5453 oppo-

517 5456 629 5499 stltt.
778 5496 781 5499 .

520 5588 561 5591 _
596 5532 614 5555 ε
645 5515 829 5591 Corb.,
882 5508 1029 5574 Belv.
1075 5530 1129 5575 et
1177 5518 1282 5573 duo
1314 5518 1518 5587 priores
1545 5518 1733 5590 Carn.,
1770 5523 2095 5591 (curandum.

518 5588 674 5643 Trec.
710 5596 765 5642 et
786 5590 877 5653 al.,
908 5592 1250 5645 tolerandum.

590 5658 617 5696 ἀ
642 5659 861 5733 Primus
887 5660 1074 5727 Carn.,
1108 5660 1384 5733 superatis.
1554 5724 1559 5729 .

596 5742 620 5768 ο
642 5730 718 5787 ha
744 5729 922 5801 Gem.,
952 5733 1135 5791 Trec..
1171 5729 1409 5802 Belvac..
1440 5732 1625 5804 Corb.,
1660 5730 1870 5807 Norm.,
1900 5746 2008 5797 etc.
2041 5741 2110 5796 At

2113 4583 2167 4648 Β

2162 1895 2302 1949 vobis
2328 1904 2504 1963 petum
2528 1897 2668 1963 dedi,
2696 1913 2801 1953 non
2828 1914 2993 1952 escam
3017 1897 3069 1968 (I
3094 1897 3214 1952 Cor.
3240 1912 3320 1964 ιιι,
3345 1893 3423 1965 I).
3449 1893 3579 1948 Ilinc
3602 1891 3751 1961 Moy-

2164 2001 2251 2042 ses
2277 2002 2305 2041 a
2338 1997 2552 2044 secreto
2578 1989 2671 2044 Dei
2703 1992 2913 2057 exiens,
2948 2000 3317 2047 coruscantem
3348 2002 3528 2044 coram
3552 1985 3755 2056 populo

2164 2077 2355 2137 faciem
2386 2084 2527 2139 velat
2557 2084 2756 2155 (Exod.
2790 2103 2972 2152 xxxiv,
3001 2086 3119 2159 55),
3151 2087 3274 2157 quia
3304 2086 3555 2141 nimirum
3581 2083 3757 2137 turbis

2167 2173 2427 2231 claritatis
2450 2176 2655 2234 intime
2681 2193 2871 2234 arcana
2904 2190 3009 2234 non
3058 2180 3276 2236 indicat.
3310 2178 3445 2234 Hinc
3486 2188 3582 2247 per
3628 2190 3759 2231 eum

2170 2268 2346 2324 divina
2397 2285 2529 2326 voce
2561 2274 2869 2342 prmipitur
2895 2272 3060 2343 (Ibid.
3097 2289 3205 2337 xxi,
3239 2272 3355 2343 55),
3380 2281 3439 2325 ut
3483 2271 3528 2325 is
3549 2270 3639 2339 qui
3679 2269 3758 2324 ci-

2172 2370 2404 2417 sternam
2441 2363 2655 2433 foderit,
2689 2368 2733 2420 si
2790 2366 3001 2435 operire
3030 2352 3346 2436 neglexerit,
3376 2373 3661 2419 corruente
3706 2363 3761 2419 in

2170 2468 2231 2511 ea
2280 2455 2416 2513 bove
2446 2458 2529 2513 vel
2582 2457 2751 2523 asino,
2803 2460 3034 2529 pretiuut
3087 2458 3305 2523 reddat;
3356 2456 3480 2526 quia
3534 2455 3600 2509 ad
3652 2453 3761 2509 ulla

2172 2536 2411 2602 scientia:
2477 2548 2669 2603 fluenta
2720 2549 3062 2619 perveniens,
3094 2565 3214 2606 cum
3268 2550 3380 2604 haec
3428 2546 3568 2617 apud
3598 2547 3761 2601 bruta

2173 2643 2503 2699 audientium
2533 2644 2693 2699 corda
2722 2660 2829 2700 non
2872 2645 3134 2715 contegit,
3186 2654 3355 2714 pinnae
3384 2656 3507 2698 reus
3550 2640 3762 2696 addici-

2175 2740 2282 2802 tur,
2314 2735 2357 2788 si
2389 2750 2485 2805 per
2504 2736 2663 2791 verba
2691 2738 2809 2803 ejus
2840 2737 2893 2790 in
2926 2735 3260 2802 scandalum,
3289 2735 3404 2790 sive
3428 2731 3624 2789 munda
3645 2732 3763 2786 sive

2177 2826 2451 2883 immunda
2504 2842 2657 2885 mens
2688 2831 2950 2899 capiatur.
2982 2829 3117 2884 Hinc
3146 2828 3210 2883 ad
3261 2829 3475 2884 beatum
3504 2824 3604 2883 Job
3624 2823 3765 2879 ἀίεις

2178 2922 2295 2976 turi
2342 2920 2469 2988 Quis
2518 2922 2659 2976 dedit
2704 2923 2845 2992 gallo
2898 2922 3287 2993 intelligentiam
3334 2918 3479 2993 (Job.
3527 2933 3767 2983 xxxviii,

2178 3014 2304 3085 56)?
2335 3012 2663 3069 Praedicator
2706 3016 2906 3072 etenim
2939 3026 3157 3072 sanctus
3187 3015 3310 3069 dum
3342 3014 3634 3084 caliginoso
3664 3011 3769 3067 hoe

2180 3107 2377 3161 clamat
2406 3109 2456 3161 in
2484 3118 2743 3178 tempore,
2775 3110 2925 3179 quasi
2954 3109 3126 3180 gallus
3150 3116 3330 3164 cantat
3359 3108 3412 3160 in
3441 3116 3619 3169 nocte,
3642 3120 3769 3161 cum

2104 3190 2150 3253 C
2183 3199 2308 3255 dicit
2335 3216 2347 3254 :
2382 3200 2527 3255 Hora
2555 3210 2629 3256 est
2652 3208 2766 3272 jam
2796 3216 2889 3256 nos
2921 3204 2983 3255 de
3007 3217 3185 3257 somno
3214 3216 3422 3272 surgere
3447 3199 3623 3272 (Rom.
3650 3210 3771 3263 xm,

2188 3292 2298 3361 ll).
2332 3289 2395 3346 Et
2445 3304 2657 3346 rursum
2712 3293 3019 3365 :Evigilute
3058 3296 3211 3364 justi,
3256 3298 3302 3348 et
3355 3292 3514 3347 nolite
3559 3306 3772 3363 peccare

2184 3384 2232 3453 (Ι
2267 3384 2387 3439 Cor.
2421 3402 2508 3449 xv,
2542 3384 2655 3456 54).
2692 3384 2874 3441 Gallus
2919 3388 3096 3442 autem
3149 3386 3305 3459 100
3336 3395 3361 3433 8
3414 3383 3773 3455 profundiori~

2189 3474 2288 3531 blls
2335 3476 2482 3533 horis
2516 3476 2686 3533 noctis
2715 3477 2855 3533 altos
2879 3466 3041 3535 edere
3069 3482 3257 3533 cantus
3288 3478 3457 3542 sblet;
3490 3490 3610 3531 cum
3645 3488 3773 3528 vero

2186 3568 2503 3624 matutinum
2534 3569 2641 3639 jam
2675 3579 2889 3639 tempus
2912 3554 2964 3624 in
2997 3570 3241 3640 proximo
3281 3576 3384 3635 est,
3435 3570 3667 3623 minutas
3711 3576 3776 3623 ac

2187 3667 2375 3718 tenues
2406 3676 2564 3718 voces
2594 3663 2805 3730 format,
2839 3662 2959 3732 quia
2994 3663 3248 3718 nimirum
3286 3661 3376 3733 qui
3404 3664 3547 3717 recte
3584 3658 3778 3730 praedi-

2187 3762 2294 3825 c'at,
2344 3757 2586 3813 obscuris
2614 3759 2790 3813 adhuc
2839 3754 3092 3814 cordibus
3120 3764 3303 3829 aperta
3333 3757 3545 3822 clamat,
3595 3753 3671 3809 nil
3710 3752 3777 3809 de

2188 3851 2413 3907 occultis
2446 3853 2714 3923 mysteriis
2743 3853 2963 3917 indicat,
2995 3860 3049 3908 ut
3085 3860 3207 3907 tunc
3238 3848 3515 3905 subtiliora
3547 3858 3779 3918 quaeque

2188 3943 2258 3998 de
2299 3942 2607 4000 coelestibus
2638 3942 2879 4009 audiant,
2911 3959 3033 3999 cum
3066 3942 3174 3999 luci
3204 3942 3443 3999 veritatis
3487 3937 3778 4012 appropin-

2190 4034 2376 4105 quant.

2781 4124 3012 4184 CAPUT
3045 4128 3155 4184 XL.

2534 4238 2610 4298 De
2646 4246 2795 4316 opere
2825 4236 3210 4314 praedicationis
3238 4251 3286 4298 et
3308 4246 3441 4296 voce.

2262 4344 2370 4402 Sed
2403 4346 2543 4401 inter
2571 4346 2687 4401 haec
2728 4346 2796 4401 ad
2840 4359 2904 4402 ea
2932 4360 3050 4417 quae
3082 4330 3189 4416 jam
3238 4343 3483 4413 superius
3514 4339 3779 4408 diximus,

2193 4438 2467 4495 cliaritatis
2497 4439 2676 4494 studio
2703 4448 3098 4515 retorquemur,
3130 4448 3186 4493 ut
3204 4435 3525 4508 praedicator
3550 4433 3781 4504 quisque

2196 4534 2312 4603 plus
2341 4532 2546 4588 actibus
2591 4546 2752 4603 quam
2785 4531 3004 4588 vocibus
3033 4531 3266 4597 insonet,
3300 4537 3354 4584 et
3384 4530 3521 4585 bene
3550 4524 3781 4581 vivendo

2199 4627 2418 4696 vestigia
2472 4623 2849 4698 sequacibush
2902 4625 3175 4707 imprimat
3228 4608 3441 4708 potius,
3493 4635 3651 4693 quam
3706 4618 3783 4674 lo~

2197 4718 2413 4792 quendo
2440 4736 2548 4790 quo
2568 4721 2880 4790 gradiantur
2911 4704 3183 4777 ostendat.
3214 4704 3347 4789 Quia
3378 4726 3431 4773 et
3456 4716 3784 4795 gallusiste,

2198 4827 2355 4884 quem
2405 4827 2506 4883 pro
2536 4796 2890 4884 exprimenda
2943 4813 3068 4869 boni
3097 4811 3461 4883 praedicatoris
3508 4808 3689 4891 specie
3733 4809 3783 4862 in

2199 4906 2479 4962 locutione
2509 4921 2603 4963 sua
2638 4906 2892 4962 Dominus
2924 4907 3172 4975 assumit,
3203 4920 3325 4962 cum
3349 4905 3458 4975 jam
3481 4905 3640 4959 edere
3661 4916 3784 4956 can-

2202 5011 2286 5058 tus
2334 5012 2509 5074 parat,
2544 5001 2692 5073 prius
2717 5001 2830 5057 alas
2858 5001 3083 5069 excutit,
3133 5008 3189 5057 et
3215 4999 3564 5070 semetipsum
3593 4996 3785 5051 feriens

2208 5162 2392 5221 invitis
2446 5165 2574 5223 Mss.
2627 5156 3558 5236 repugnantequetouusorationis
3601 5174 3783 5236 sensu,

2203 5239 2533 5295 recentiores
2564 5233 2812 5300 Editores
2843 5236 3040 5297 habent
3066 5235 3172 5300 hic,
3207 5235 3467 5295 toleratur.
3500 5234 3666 5288 Docet
3690 5233 3784 5285 ita-

2204 5326 2305 5382 que
2335 5308 2628 5382 Gregorius
2662 5298 2858 5382 fideles
2889 5309 2941 5364 in
2974 5298 3273 5382 minoribus
3302 5300 3443 5382 vitiis
3472 5300 3779 5382 aliquandiu

2205 5368 2534 5447 tolerandos,
2571 5392 2627 5436 ut
2654 5380 2859 5438 facilius
2888 5397 2915 5435 a
2948 5376 3241 5451 majoribus
3286 5368 3540 5433 tollantur
3566 5368 3630 5430 et
3672 5373 3784 5431 exi-

2205 5461 2437 5510 manlur.

2280 5523 2300 5563 ί
2334 5524 2615 5597 Bothum”
2649 5523 2774 5597 Lyr.
2798 5533 2856 5597 et
2886 5526 3071 5597 tertius
3103 5520 3281 5590 Gem.,
3312 5519 3638 5577 studendum.

2275 5594 2523 5669 ββοῲη
2552 5597 2605 5651 in
2632 5594 3070 5669 profundioribus.
3149 5656 3162 5669 ,
3326 5668 3333 5669 ί
3456 5664 3476 5669 _
3693 5652 3747 5669 _.

2276 5664 2303 5704 ιι
2337 5663 2392 5721 In
2427 5656 2609 5735 Guss.,
2632 5656 2840 5724 'om'issa
2866 5678 2981 5724 erat
3010 5656 3197 5723 vocula
3228 5668 3415 5735 potius.
3456 5664 3511 5719 In
3542 5656 3667 5735 aliis
3693 5656 3784 5715 ha-

2206 5740 2364 5797 betur
2394 5756 2411 5797 :
2438 5733 2730 5812 imprimat,
2765 5749 2821 5795 ut
2848 5741 3022 5809 potius
3054 5733 3252 5809 agendo
3276 5755 3426 5805 quam
3447 5733 3722 5804 loquendo.
