4036 6346
210 337 317 394 125.

959 336 1261 395 κεαυιι
1300 336 1726 395 ΡΑΒΊῸΒΑΜΒ
1767 336 1988 394 LIBER,
2032 366 2099 379 -—
2138 337 2315 394 PARS
2351 336 2658 407 QUARTA.

3338 335 3440 392 196

207 452 575 531 vigilantiorem
600 450 793 518 reddit,
823 452 947 521 quia
978 452 1229 507 nimirum
1258 465 1480 508 necesse
1509 460 1670 508 estut
1697 451 1751 506 lii
1782 456 1829 516 Λ
1860 451 2208 521 vestigatione
2233 450 2670 520 deprehendant,
2699 450 2942 507 districta
2970 450 3441 506 enimedVereione

206 550 284 617 qui
308 547 456 601 verba
483 553 675 599 sancta:
706 544 1098 613 pradicationis
1126 554 1153 582 ι
1189 555 1427 613 movent,
1460 546 1607 614 prius
1641 554 1755 600 stu-

1856 544 2159 614 eorrigant;
2208 552 2261 599 et
2311 553 2434 601 tunc
2464 544 2676 599 demum
2707 544 2931 600 aliorum
2964 544 3121 598 vitam
3165 543 3434 612 loquendo

205 644 283 697 diu
304 641 451 695 bona:
478 638 701 693 actionis
729 638 998 708 erigiieut,
1033 655 1098 694 uo
1130 640 1181 694 in
1213 641 1519 709 semetipsis
1539 651 1755 710 torpen-
1856 642 2209 704 componant;
2246 634 2390 704 Prius
2421 634 2608 703 punire
2638 634 2854 704 propria
2888 633 3100 689 ﬂetibus
3125 641 3335 697 curem.
3378 642 3431 687 et

206 746 276 792 tes
300 748 473 803 opere,
504 732 637 786 lius
668 734 904 786 excitent
933 746 1094 798 voce;
1128 734 1277 803 prius
1298 748 1356 789 se
1388 750 1484 804 per
1508 735 1755 789 sublimia
1857 739 1987 785 tunc
2011 745 2129 800 quae
2148 728 2375 785 aliorum
2404 729 2670 800 punienda
2698 739 2822 786 sunt
2840 728 3188 796 denuntient;
3211 735 3441 785 utente-

205 826 330 883 l'acta
359 827 639 891 excutiant,
672 834 728 880 et
760 836 884 882 tunc
909 828 977 883 ad
1012 827 1149 883 bene
1177 829 1463 884 vivendum
1494 830 1625 884 alios
1646 829 1755 883 sol-

200 922 357 977 licitos
386 920 634 985 reddant;
668 923 817 991 prius
860 923 1241 994 cogitationum
1286 925 1388 979 alia
1437 925 1753 995 semetipsos

200 1014 404 1079 l‘eriant;
434 1014 689 1084 quidquid
720 1017 771 1070 in
794 1028 857 1072 se
883 1015 1146 1074 inutiliter
1180 1028 1376 1089 torpet,
1404 1020 1633 1074 sollicita
1665 1020 1749 1074 in-

1856 834 2017 891 quam
2056 820 2220 877 verba
2268 821 2654 878 exhortationis
2683 823 2955 889 insonent,
2986 836 3145 879 omne
3168 821 3314 894 quod
3356 820 3437 877 lo-

1858 915 2031 972 cuturi
2060 923 2206 985 sunt,
2234 915 2487 986 operibus
2508 918 2761 973 clament.

267 1165 289 1193 ι
314 1144 517 1213 Excidit
552 1148 853 1215 Editoribus
905 1172 1109 1217 monent
1138 1203 1155 1231 ,
1209 1180 1304 1236 pro
1348 1174 1562 1233 movent,
1595 1160 1735 1229 quod
1777 1160 2001 1232 legimus
2028 1160 2082 1218 in
2111 1162 2359 1219 omnibus
2386 1160 2523 1219 Cod.
2556 1176 2685 1219 mss.

201 1326 3446 1358 ~——————————————————————————-———~

1239 1454 1337 1579 ρ
1364 1451 1670 1561 ΗΑΒ
1690 1451 1909 1559 ΤΑ
1957 1450 2407 1573 ΡΑΒΞ.

234 1654 616 1740 QUALITER
662 1654 1192 1725 PREDICATOR
1240 1662 1591 1723 OMNIBUS
1648 1658 1836 1721 RITE
1898 1652 2280 1725 PERACTIS
2337 1658 2442 1721 AD
2486 1650 2991 1723 SEMBTIPBUM
3038 1658 3360 1724 REDEAT
3391 1705 3410 1738 ,

774 1766 875 1825 NE
921 1766 1132 1830 HUNC
1182 1767 1338 1825 VEI.
1388 1766 1579 1825 VITA
1628 1765 1785 1824 VEL
1831 1764 2347 1827 PREDICATIO
2388 1762 2851 1827 EXTOLLAT.

250 2022 340 2082 Sed
366 2023 481 2094 quia
511 2034 666 2093 saepe
726 2020 852 2078 dum
876 2019 1186 2093 przedicatio
1216 2017 1389 2073 modis
1418 2016 1758 2094 cpdgruenti-
1793 2015 1835 2078 Β
1865 2016 1954 2069 nio
1981 2016 2208 2071 serviret
2236 2018 2476 2088 accepit;
2510 2018 2779 2090 opinionis
2807 2020 2922 2078 huic
2961 2018 3188 2093 gloriam
3219 1988 3447 2084 dilatare

192 2112 276 2170 bus
320 2117 553 2171 ubertim
602 2110 860 2179 funditur,
910 2102 1046 2184 apud
1074 2114 1419 2182 semetipsum
1463 2106 1530 2165 de
1570 2120 1755 2165 osten-

191 2208 322 2264 sione
346 2209 424 2262 sui
445 2209 663 2263 occ-rita
690 2208 876 2262 laetitia
900 2204 1170 2276 loquentis
1193 2205 1402 2259 animus
1421 2202 1753 2269 sublevatur,

189 2312 354 2369 magna
382 2302 505 2355 cura
569 2306 790 2355 necesse
834 2308 917 2355 est
971 2306 1029 2353 ut
1078 2298 1285 2353 timoris
1336 2296 1661 2353 laceratione
1701 2311 1760 2352 se

192 2395 420 2457 mordeat,
455 2411 523 2449 ne
560 2396 647 2464 qui
682 2394 905 2449 aliorum
940 2394 1163 2447 vulnera
1213 2390 1480 2447 medendo
1507 2386 1573 2445 ad
1615 2390 1760 2445 salu-

196 2497 287 2541 tem
313 2498 550 2551 revocat,
599 2489 712 2557 ipse
744 2501 839 2554 per
868 2486 1244 2555 negligentiam
1296 2499 1406 2538 suae
1440 2484 1627 2539 salutis
1672 2483 1758 2537 in-

191 2586 445 2645 tumescat,
484 2592 556 2633 ne
590 2581 863 2650 proximos
888 2579 1121 2648 iuvando
1164 2591 1222 2632 se
1252 2576 1485 2643 deserat,
1519 2590 1583 2631 ne
1622 2575 1760 2632 alios

192 2672 377 2740 erigens
404 2670 581 2727 cadat.
615 2672 747 2727 Nam
790 2672 1107 2743 quibusdam
1137 2688 1279 2742 saepe
1308 2669 1622 2743 magnitudo
1653 2670 1760 2725 vir-

190 2764 302 2818 tutis
324 2766 536 2820 occasio
567 2765 882 2833 perditionis
910 2763 1040 2830 fuit;
1076 2774 1133 2820 ut
1175 2780 1296 2820 cum
1340 2765 1407 2818 de
1438 2763 1759 2818 conﬁdentia

190 2856 360 2911 virium
392 2857 694 2914 inordinate
739 2858 915 2912 securi
947 2864 1087 2923 sunt,
1126 2870 1219 2925 per
1250 2858 1625 2926 negligentiam
1675 2854 1760 2908 in-

188 2946 385 3017 opinate
417 2956 782 3005 morerentur.
818 2948 995 3004 Virtus
1025 2962 1255 3020 namque
1285 2963 1405 3003 cum
1438 2948 1581 3003 vitiis
1614 2948 1760 3002 reni-

189 3036 324 3107 titur,
356 3043 591 3111 quadam
638 3042 993 3101 delectatione
1037 3046 1154 3114 eius
1183 3045 1499 3114 sibimetipsi
1552 3046 1762 3099 animus

190 3132 478 3199 blanditur;
534 3136 696 3206 ﬁtque
763 3146 817 3191 ut
869 3138 1003 3193 bene
1074 3138 1281 3208 agentis
1335 3153 1485 3193 mens
1558 3146 1757 3191 metum

189 3233 332 3278 smel
363 3220 860 3296 circumSpectiOnis
908 3225 1146 3298 abjieiat,
1181 3230 1340 3299 atque
1388 3226 1441 3282 iu
1484 3227 1566 3282 sui
1595 3228 1761 3283 'conﬁ-

192 3318 356 3377 dentia
384 3338 577 3379 secura
611 3326 952 3394 requiescat;
983 3328 1067 3379 cui
1108 3326 1219 3396 jam
1250 3326 1481 3396 torpenti
1508 3323 1760 3381 seductor

1876 2109 2168 2177 desiderat,
2202 2112 2395 2181 satagit
2424 2124 2484 2168 ut
2512 2114 2774 2169 mirabilis
2796 2115 3000 2171 cunctis
3040 2117 3364 2174 innotescat.
3398 2116 3454 2180 In

1861 2217 1957 2257 suo
1986 2217 2115 2272 ergo
2149 2206 2301 2276 ιοι
2336 2208 2552 2262 nomine
2584 2206 2898 2275 fornicatur,
2946 2224 3066 2281 qua
3094 2210 3284 2281 legalis
3311 2212 3456 2271 thori

1862 2301 2188 2355 ronnnhium
2240 2302 2521 2371 deserens,
2574 2307 2873 2377 corrupturi
2926 2306 3136 2379 Spiritui
3186 2310 3239 2366 in
3284 2309 3457 2369 laudis

1860 2393 2096 2461 appetitu
2146 2395 2524 2455 substernitur.
2579 2397 2711 2455 Hinc
2762 2402 2927 2457 David
2974 2404 3051 2459 ait
3092 2421 3107 2459 :
3142 2402 3381 2461 Tradidit
3404 2408 3457 2463 in

1862 2490 2208 2557 captivitatem
2237 2492 2477 2546 virtutem
2501 2508 2703 2560 eorum,
2737 2505 2785 2548 et
2810 2496 3246 2564 pulchritudinem
3283 2514 3457 2555 eorum

1859 2580 1914 2633 in
1942 2594 2122 2633 manus
2168 2582 2360 2636 inimici
2391 2581 2560 2652 (Paul.
2600 2598 2801 2651 Lxxvn,
2837 2582 2953 2656 ill).
2990 2587 3043 2642 In
3090 2587 3458 2658 captivitatem

1864 2670 2063 2728 etenim
2096 2672 2286 2740 virtus,
2335 2685 2389 2729 et
2431 2672 2775 2745 pulchritudo
2808 2694 2862 2733 ill
2893 2693 3087 2734 manus
3118 2679 3318 2736 inimici
3352 2691 3459 2736 tra-

1864 2763 2029 2828 ditur,
2064 2779 2184 2819 cum
2218 2765 2459 2834 decepta:
2503 2768 2668 2822 menti
2711 2769 2965 2838 antiquus
3018 2772 3188 2826 hostis
3213 2786 3279 2826 ex
3334 2772 3461 2830 boni

1863 2856 2043 2923 operis
2064 2855 2297 2911 elatione
2315 2857 2626 2912 dominatur
2652 2877 2664 2912 :
2694 2870 2814 2930 quae
2838 2868 3011 2916 tamen
3039 2862 3251 2918 virtutis
3270 2862 3460 2931 elatio,

1865 2949 2107 3015 quamvis
2138 2936 2295 3017 plene
2326 2964 2433 3004 non
2470 2946 2710 3020 superat,
2746 2960 3014 3023 utcunque
3044 2960 3225 3010 tamen
3268 2960 3325 3011 et
3351 2955 3463 3012 eie~

1867 3050 2074 3094 ctorqu
2098 3042 2333 3096 animum
2365 3054 2509 3112 saepe
2533 3054 2736 3111 tentat;
2768 3045 2862 3101 sed
2888 3060 3009 3101 cum
3034 3047 3343 3103 sublevatus
3368 3048 3459 3104 de-

1868 3134 2129 3199 stituitur,
2156 3134 2443 3190 destitutus
2470 3137 2536 3190 ad
2588 3136 2933 3192 formidinem
2990 3142 3293 3195 revocatur.
3326 3139 3459 3195 Hinc

1867 3225 2065 3278 eten';ut
2119 3225 2286 3280 David
2337 3224 2531 3283 iterlim
2565 3226 2682 3282 ait:
2740 3227 2849 3299 Ego
2892 3228 3001 3283 dixi
3048 3230 3102 3284 in
3142 3231 3463 3287 abundantia

1871 3334 2004 3383 mea,
2055 3335 2155 3372 non
2188 3320 2419 3373 movebar
2450 3320 2502 3373 in
2548 3330 2799 3374 retentum
2833 3310 3010 3391 (Paul.
3043 3340 3193 3388 xm,
3226 3325 3302 3394 '7).
3351 3310 3459 3381 Sed

191 3416 394 3471 callidus
422 3432 588 3473 omne
633 3419 777 3488 quod
806 3419 943 3474 bene
987 3420 1152 3490 gessit
1182 3429 1493 3484 enumerat,
1540 3433 1763 3487 eamque

1872 3414 1994 3478 quia
2025 3411 2094 3465 de
2118 3411 2444 3466 conﬁdentia
2470 3414 2683 3466 virtutis
2705 3415 2976 3480 intumuit,
3001 3416 3163 3485 paulo
3188 3423 3310 3485 post
3331 3418 3461 3487 quid

194 3509 329 3576 quasi
359 3525 463 3575 pra:
485 3512 699 3565 caeteris
728 3512 1135 3581 prtepollentem
1171 3514 1221 3565 in
1252 3520 1462 3565 tumore
1485 3508 1763 3580 cogitatio-

198 3600 277 3655 nis
304 3603 515 3658 exaitat.
550 3604 704 3659 Unde
733 3606 930 3675 agitur,
960 3603 987 3643 δ
1017 3614 1076 3661 ut
1104 3614 1230 3660 ante
1252 3602 1385 3674 justi
1414 3604 1607 3673 iudicis
1636 3618 1765 3674 οςιυ

196 3690 288 3755 ios,
335 3694 473 3749 lorea
510 3696 712 3749 mentis
739 3696 810 3750 sit
848 3698 1106 3752 memoria
1156 3698 1407 3763 virtutis;
1438 3697 1559 3765 quia
1607 3696 1767 3750 remi-

195 3784 433 3840 niscendo
460 3786 607 3857 quod
638 3787 829 3858 gessit,
862 3789 988 3841 dum
1030 3803 1091 3844 se
1122 3787 1261 3858 apud
1308 3802 1366 3843 se
1395 3790 1579 3857 erigit,
1624 3786 1763 3856 apud

194 3869 489 3929 humilitatis
521 3887 795 3932 auctorem
827 3877 989 3933 cadit.
1012 3877 1149 3934 Hinc
1170 3896 1401 3948 namque
1433 3878 1765 3946 superbienti

192 3962 368 4018 animae
390 3965 586 4022 dicitur
609 3984 624 4021 :
658 3968 772 4034 Quo
799 3969 1063 4038 pulchrior
1088 3987 1161 4035 es,
1191 3970 1463 4035 descende,
1489 3981 1510 4008 ε
1532 3980 1576 4024 et
1599 3970 1768 4023 dormi

193 4070 295 4109 cum
319 4058 690 4113 incircumcisis
727 4058 945 4133 (Ezech.
976 4072 1140 4127 χχχιι,
1172 4062 1281 4132 l9).
1308 4064 1385 4116 Ac
1416 4063 1461 4116 si
1492 4070 1674 4131 aperte
1694 4061 1770 4116 di-

194 4158 427 4207 ceretur:
457 4151 593 4220 Quia
620 4167 684 4207 ex
714 4152 969 4207 virtutum
999 4152 1195 4209 decore
1221 4160 1271 4209 te
1296 4154 1505 4221 eievas,
1538 4154 1649 4225 ipsa
1676 4163 1765 4207 tua

194 4240 578 4307 pulchritudine
609 4244 898 4315 impelleris
938 4255 995 4299 ut
1026 4242 1211 4302 cadas.
1249 4246 1382 4302 Hinc
1414 4246 1514 4302 sub
1551 4246 1768 4301 Jerusa-

194 4334 286 4389 lem
336 4338 537 4404 specie,
568 4337 766 4391 virtute
814 4338 1137 4406 superbiens
1189 4339 1367 4393 anima
1418 4338 1756 4407 reprobatur,

192 4440 301 4481 cum
324 4429 516 4485 dicitur
543 4448 565 4485 ι,
582 4427 817 4501 Perfecta
839 4440 950 4484 eras
973 4431 1026 4484 in
1053 4432 1232 4485 decore
1256 4446 1385 4497 meo,
1418 4446 1564 4501 quem
1589 4446 1770 4499 posue-

194 4537 294 4576 rant
320 4542 473 4592 super
505 4536 574 4590 te,
626 4522 749 4579 dicit
802 4524 1089 4592 Dominus;
1126 4536 1171 4580 et
1224 4526 1411 4580 habent
1442 4525 1687 4594 ﬁduciam
1718 4525 1771 4579 in

192 4616 565 4681 pulchritudine
591 4626 701 4681 tua,
733 4620 989 4689 fornicata
1026 4636 1079 4672 es
1122 4620 1175 4672 in
1202 4620 1407 4673 nomine
1434 4627 1523 4674 tuo
1549 4618 1766 4688 (Ezech.

193 4720 299 4772 xvi,
332 4707 415 4777 li,
446 4709 561 4779 l5).
595 4709 813 4764 Fiducia
845 4712 1041 4779 quippe
1074 4724 1183 4764 sua:
1216 4709 1624 4779 pulchritudinis
1655 4711 1769 4763 aui-

1868 3492 2084 3570 pertniit
2130 3498 2370 3570 adiunxit
2400 3520 2412 3555 :
2448 3503 2686 3558 Aret-iisti
2716 3506 2899 3575 {aciem
2940 3516 3077 3562 tuam
3107 3510 3138 3561 tl
3171 3520 3267 3576 me,
3315 3518 3361 3563 et
3382 3510 3464 3578 [a-

1876 3600 1986 3647 ctus
2014 3598 2128 3647 sunt
2157 3592 2491 3655 conturbatus
2524 3590 2711 3666 (Ibid.,
2747 3596 2823 3667 8).
2859 3586 2935 3653 Ac
2964 3594 3010 3653 si
3046 3602 3231 3668 aperte
3269 3600 3410 3655 dicat
3443 3617 3459 3659 :

1872 3684 2085 3739 Fortem
2119 3701 2203 3740 me
2252 3687 2393 3741 inter
2421 3688 2645 3743 virtutes
2675 3688 2905 3758 credidi,
2945 3692 3039 3746 sed
3070 3700 3282 3762 quanta:
3314 3690 3464 3747 inﬁr-

1872 3778 2072 3833 mitatis
2118 3780 2218 3833 sim
2248 3780 2542 3837 derelictus
2590 3783 2807 3853 agnovi.
2844 3783 2980 3839 Hinc
3024 3788 3235 3841 iurandi
3280 3786 3455 3841 dicit:

1869 3867 2053 3922 Juravi
2074 3879 2119 3922 et
2136 3870 2290 3923 statui
2310 3868 3005 3946 custodirejudlciajustitite
3022 3884 3122 3929 tua?
3145 3875 3261 3947 (Ps.
3277 3892 3462 3947 cxvm,

1876 3963 2023 4034 106).
2046 3962 2151 4019 Sed
2172 3966 2292 4034 quia
2306 3965 2424 4037 ejus
2442 3967 2633 4022 virium
2651 3984 2756 4022 non
2787 3978 2902 4024 erat
2923 3970 3209 4027 manerein
3222 3973 3463 4028 custodia

1871 4069 2027 4123 quam
2046 4056 2283 4127 iurabat,
2307 4058 2637 4115 debilitatem
2665 4073 2816 4115 suam
2848 4064 3091 4131 protinus
3114 4065 3355 4121 turbatus
3387 4067 3467 4121 itt-

1871 4148 2036 4202 venit.
2058 4146 2207 4203 Unde
2236 4156 2290 4204 et
2319 4151 2383 4204 ad
2409 4146 2750 4221 precisopeul
2783 4156 3004 4222 repente
3025 4166 3085 4211 se
3112 4157 3356 4222 contulit,
3386 4152 3468 4212 di-

1872 4254 2000 4295 cens
2030 4258 2043 4292 :
2070 4232 2399 4297 Humiliatus
2428 4260 2541 4298 sum
2570 4258 2947 4315 usquequaque,
2981 4244 3237 4315 Domine;
3268 4248 3468 4315 uiviﬁca

1874 4348 1954 4387 nte
1975 4337 2254 4389 secundum
2280 4337 2486 4390 verbum
2504 4348 2654 4393 tuum
2676 4338 2866 4409 (ἤδει,
2893 4342 3043 4412 cvn).
3078 4343 3467 4413 Nonnunquam

1874 4440 2003 4481 vero
2030 4430 2262 4496 superna
2294 4426 2596 4487 moderatio
2629 4429 2941 4502 priuSQuam
2973 4432 3068 4503 per
3096 4444 3314 4491 munera
3342 4436 3466 4501 prb-

1876 4519 2061 4585 vchat,
2089 4518 2414 4577 inﬁrmitatis
2436 4524 2749 4580 memoriam
2773 4518 2841 4581 ad
2874 4537 3109 4585 mentem
3136 4536 3373 4592 revocat,
3397 4540 3467 4582 ne

1874 4612 1942 4666 de
1991 4613 2226 4683 acceptis
2274 4614 2567 4673 virtutibus
2612 4618 2953 4676 intumescat.
3010 4620 3161 4677 Unde
3211 4618 3466 4675 Ezechiel

1876 4703 2133 4774 propheta
2163 4705 2375 4774 quoties
2400 4706 2466 4761 ad
2500 4708 2909 4779 contemplanda
2937 4709 3177 4764 caelestia
3208 4708 3455 4776 ducitur,

194 4814 301 4853 mus
325 4801 608 4867 attollitur,
644 4819 764 4857 cum
790 4802 855 4858 de
883 4803 1133 4859 virtutum
1159 4806 1366 4859 meritis
1395 4805 1511 4858 laeta
1540 4802 1679 4873 apud
1705 4817 1764 4859 se
1801 4782 1853 4848 Ῑ)
1886 4794 2040 4869 102
2070 4794 2219 4867 prids
2249 4792 2387 4853 illius
2412 4794 2642 4856 hominis
2676 4798 2925 4867 vocatur;
2960 4815 3020 4853 ac
3041 4801 3086 4855 si
3119 4800 3256 4855 hunc
3275 4812 3462 4870 aperte

193 4894 471 4948 securitate
494 4895 775 4963 gloriatur.
801 4896 906 4951 Sed
939 4910 1034 4964 per
1062 4898 1200 4951 hanc
1240 4895 1484 4951 eamdem
1518 4896 1766 4950 ﬁduciam

191 4982 250 5035 ad
301 4984 708 5041 fornicationem
760 4987 1005 5052 ducitur;
1057 4989 1182 5058 quia
1236 5003 1363 5045 cum
1416 4990 1770 5056 interceptam

193 5085 418 5131 mentem
467 5077 823 5148 cogitationes
867 5094 980 5133 sua:
1035 5078 1330 5149 decipiunt,
1380 5079 1518 5134 hanc
1556 5076 1772 5151 maligni

188 5169 400 5237 spiritus
427 5186 523 5240 per
571 5172 853 5228 innumera
904 5173 1029 5228 vitia
1062 5173 1370 5229 seducendo
1396 5182 1770 5243 corrumpunt.

188 5259 483 5317 Notandum
513 5277 640 5319 vero
668 5264 810 5334 quod
835 5262 1033 5319 dicitur
1060 5282 1073 5319 :
1101 5263 1381 5319 Fornlcata
1408 5282 1459 5320 es
1482 5266 1535 5319 in
1567 5268 1774 5321 nomine

187 5360 298 5417 tuo;
330 5357 453 5424 quia
475 5370 595 5412 cum
620 5365 922 5427 reSpectum
950 5362 1105 5415 meus
1124 5354 1345 5429 superni
1368 5360 1593 5415 rectoris
1616 5359 1770 5415 dese-

186 5444 273 5511 rit,
304 5444 518 5501 laudetn
563 5450 806 5517 protinus
838 5452 1095 5520 privatam
1127 5450 1343 5521 quierit,
1375 5462 1428 5507 et
1478 5451 1580 5507 sibi
1623 5467 1774 5506 arro-

184 5550 305 5606 gare
330 5538 521 5609 incipit
551 5557 712 5598 omne
754 5544 980 5612 bonum,
1009 5546 1147 5616 quod
1177 5555 1233 5600 ttt
1264 5545 1535 5616 largitoris
1566 5558 1774 5613 prmon-

251 5734 281 5796 9
300 5722 730 5796 Gemeticenses,
766 5728 1126 5796 suapectionia.

249 5790 291 5872 δ.
307 5797 409 5853 Ed.
442 5796 601 5872 Giiot.
632 5811 686 5856 et
717 5790 1007 5868 nuntiuliaa,
1036 5812 1156 5855 ante
1182 5799 1327 5856 stulti
1370 5798 1599 5872 judicia;
1632 5796 1773 5869 quod

185 5867 387 5933 optime
414 5869 600 5927 referri
628 5884 805 5941 potest
827 5873 893 5927 ad
921 5883 1153 5929 utentem
1183 5874 1343 5929 stulte
1365 5867 1433 5927 de
1462 5873 1573 5928 suis
1603 5867 1765 5927 virtu-

1879 4890 2135 4947 Dominus
2163 4892 2471 4959 admoneat,
2494 4894 2678 4951 dicens
2707 4910 2721 4947 :
2751 4894 2828 4947 Nc
2854 4893 2921 4949 de
2947 4892 3030 4947 his
3054 4908 3172 4963 qua:
3200 4894 3352 4949 vides
3370 4934 3385 4961 ,
3410 4895 3466 4948 in

1879 4984 2114 5040 elatione
2145 4996 2241 5040 eor
2269 4998 2331 5040 su
2344 4986 2549 5051 olores,
2597 4993 2783 5040 cautus
2814 4985 3083 5055 perpende
3110 4986 3249 5057 quod
3275 5002 3365 5054 es;
3416 4996 3469 5042 ut

1878 5076 1998 5130 cuin
2019 5080 2225 5133 summa
2254 5074 2526 5147 penetras,
2549 5084 2668 5131 eSSe
2700 5083 2754 5131 te
2778 5075 3048 5132 hominem
3088 5084 3467 5149 recognoscas,

1878 5180 2140 5240 quatenus
2171 5171 2295 5224 dum
2328 5171 2464 5224 ultra
2497 5178 2548 5225 te
2577 5168 2808 5238 raperis,
2837 5170 2905 5226 ad
2933 5172 3276 5243 temetipsum
3308 5171 3464 5227 solli-

1878 5265 2018 5319 citus
2042 5262 2369 5318 inﬁrmitatis
2394 5272 2496 5317 tuae
2514 5254 2545 5300 δ
2575 5264 2729 5319 freno
2751 5267 3039 5323 revoceria.
3068 5267 3219 5324 Unde
3246 5281 3471 5323 necesse

1880 5365 1961 5412 est
1993 5364 2049 5410 ut
2074 5366 2194 5411 cum
2231 5351 2484 5411 virtutum
2517 5348 2671 5412 nobis
2701 5356 2852 5428 capia
2885 5356 3175 5429 blanditur,
3221 5358 3285 5414 ad
3318 5359 3471 5414 inﬁr-

1882 5465 1965 5504 ma
2000 5465 2095 5505 sua
2148 5448 2344 5505 mentis
2394 5449 2582 5509 oculus
2633 5452 2848 5520 redeat,
2897 5469 3127 5525 seseque
3180 5434 3470 5510 salubriter

1884 5540 2133 5597 deorsum
2167 5548 2403 5612 premat;
2442 5556 2541 5598 nec
2569 5556 2716 5599 recta
2742 5559 2860 5615 qua:
2880 5546 3012 5614 egit,
3047 5545 3136 5599 sed
3166 5560 3285 5615 qua:
3311 5558 3469 5613 agere

1877 5716 2037 5801 tibus
2053 5728 2486 5801 petesutnenteut,
2516 5726 2875 5801 adiueremus
2900 5710 3029 5801 Mss.

1949 5806 1970 5869 ς
1998 5788 2180 5867 C6rb.,
2209 5817 2357 5869 surge
2385 5795 2471 5869 qui
2499 5788 2692 5855 dormis
2719 5812 2834 5855 cum
2860 5800 3252 5856 ittcircumwsia.

1949 5866 1973 5908 ά
2000 5871 2153 5945 Lyr.,
2183 5866 2612 5926 consideratione.
