4036 6346
512 358 614 422 159
1082 360 1451 420 PBEFATIO
1490 362 1556 421 IN
1593 362 1836 420 LIBROS
1878 361 2325 421 DIALOGORUM
2367 362 2609 422 SANCTI
2650 364 2975 421 GREGORII
3018 364 3256 423 MAGNI.
3686 362 3801 423 ΗΟ

509 482 564 539 in
596 480 926 552 praefatione,
967 495 997 535 a
1040 496 1188 536 num.
1216 481 1277 533 l7
1311 484 1374 535 ad
1406 484 1496 538 3t).
1528 482 1672 537 ldem
1714 496 1818 537 non
1855 481 2028 535 minus
2058 488 2277 536 strenue
2307 488 2488 550 postea
2524 480 2767 549 praestitit
2800 480 2981 533 Petrus
3015 479 3419 552 Gussanvillwus
3449 477 3502 552 in
3542 477 3800 539 Vindici“

509 550 646 625 quas
677 553 1076 625 praemittendas
1104 553 1371 608 duximus.
1406 554 1600 610 Verum
1631 568 1740 619 prae
1780 553 1986 625 creteris
2020 552 2263 625 eamdem
2294 553 2583 625 materiam
2598 552 3024 625 cumulatissime
3050 551 3217 625 simul
3239 566 3301 607 ac
3332 550 3673 625 ornatissime
3702 569 3801 611 re-

510 622 755 681 tractavit
799 639 831 680 e
858 624 1128 679 sodalibus
1157 625 1373 687 nostris,
1407 627 1495 695 qui
1524 625 1765 679 laudatos
1796 624 2043 695 Dialogos
2093 638 2124 679 e
2155 622 2343 695 Latino
2390 622 2442 677 in
2471 622 2729 695 Gallicum
2761 622 3044 689 convertit,
3072 622 3351 695 ediditque
3390 638 3477 679 an.
3510 622 3671 691 1681),
3705 626 3799 680 ni-

508 698 700 752 mirum
721 697 787 819 lin
818 695 1129 819 pnaefatipnt:
1170 710 1272 777 qua
1321 693 1571 752 eximium
1603 695 1703 750 hoc
1731 710 1865 765 opus
1894 694 2137 751 munivit.
2184 694 2297 751 lloc
2322 695 2494 766 ipsum
2524 694 2753 750 breviter
2788 708 2895 748 uno
2930 694 3081 764 quasi
3111 693 3424 766 syllogismo
3454 696 3800 765 complexurl

508 781 691 819 sumus
739 781 805 819 nc
836 782 865 819 e
918 781 1016 819 con
1045 781 1105 819 ee
1131 783 1235 819 uri.

507 781 691 824 sumus
721 766 805 820 hic
836 774 889 821 et
918 766 1235 821 confecturi.

579 837 663 908 lll.
704 837 1043 907 Dialogorum
1076 839 1318 908 proxime
1344 837 1668 893 edendorum
1709 838 1956 908 scriptor,
2001 852 2304 908 quicunque
2348 842 2435 903 sit,
2470 837 2791 908 monachum
2829 835 3087 899 induisse,
3117 844 3172 890 et
3199 836 3416 907 quidem
3461 838 3514 893 in
3546 837 3801 895 Romano

508 907 650 978 quod
693 908 1007 964 condiderat
1045 907 1159 979 ipse
1202 909 1547 979 monasterio,
1581 908 1775 978 passim
1810 907 2110 978 proﬁtetur,
2144 910 2349 965 scilicet
2391 910 2443 963 in
2490 910 2608 979 ipso
2649 907 2990 979 Dialogorum
3023 908 3266 979 prologo,
3296 908 3389 963 lib.
3422 924 3511 976 ιιι,
3543 924 3662 978 cap.
3688 909 3800 976 5‘5;

508 976 546 1033 l.
571 993 648 1044 tv,
678 994 798 1047 cap.
822 979 913 1045 9.1,
938 980 1029 1046 38,
1057 978 1147 1047 47,
1172 979 1260 1045 55,
1286 988 1391 1033 etc.
1426 976 1505 1033 Ex
1533 976 1822 1049 assignatis‘
1842 980 1988 1045 locis,
2019 983 2247 1035 maxime
2278 997 2341 1036 ex
2370 995 2487 1049 cap.
2512 976 2587 1034 55
2621 979 2741 1034 libri
2768 976 2838 1045 tv,
2870 976 3036 1048 liquet
3064 976 3310 1034 eumdem
3341 993 3368 1031 a
3394 993 3453 1034 se
3482 976 3803 1036 constructo

509 1051 836 1105 monasterio
862 1050 1159 1120 praefuisse.
1191 1051 1531 1119 Apocrisiarii
1569 1050 1897 1121 provinciam
1923 1051 2383 1121 Constantinopoli
2411 1048 2607 1106 obiisse
2635 1058 2843 1121 constat
2865 1065 2928 1104 ex
2963 1049 3055 1105 lib.
3088 1064 3168 1113 ιιι,
3199 1064 3318 1119 cap.
3342 1048 3433 1104 56.
3466 1050 3656 1105 Postea
3686 1051 3807 1107 Ro-

508 1136 724 1175 manum
758 1122 1061 1189 pontificem
1093 1130 1327 1176 creatum
1358 1136 1495 1189 esse,
1525 1120 1699 1192 palam
1732 1122 1789 1175 fit
1820 1138 1884 1177 ex
1916 1122 2152 1191 ejusdem
2185 1123 2303 1177 libri
2334 1136 2452 1191 cap.
2482 1121 2569 1182 16,
2601 1121 2689 1175 ubi
2714 1120 3056 1192 Pelagium"
3086 1135 3274 1189 papam
3297 1130 3807 1192 7suurn7antecess7o-

510 1206 624 1263 nem
667 1192 921 1263 appellat,
954 1199 1006 1247 et
1047 1207 1111 1247 ex
1142 1192 1178 1247 l.
1205 1208 1277 1257 1v,
1308 1206 1353 1247 c.
1383 1193 1473 1260 57,
1510 1191 1597 1247 ubi
1628 1194 1867 1263 ejusdem
1918 1193 1999 1247 sui
2048 1194 2401 1249 antecessoris
2450 1193 2624 1247 adhuc
2674 1192 2953 1263 meminil._
2986 1191 3171 1263 Romae
3214 1191 3409 1263 sedens
3436 1191 3697 1263 Homilias
3739 1191 3805 1248 in

509 1260 797 1334 Evangelia
828 1262 894 1334 ad
924 1262 1171 1334 populum
1203 1263 1407 1328 habuit,
1440 1273 1497 1318 ut
1526 1260 1820 1334 saepissime
1852 1273 2092 1331 testatur,
2127 1266 2358 1319 maxime
2397 1263 2491 1318 lib.
2516 1278 2589 1330 tv,
2630 1276 2754 1334 cap.
2774 1260 2861 1334 14,
2891 1261 3090 1328 15,16,
3117 1262 3205 1326 l9,
3231 1262 3320 1316 27.
3356 1263 3410 1316 In
3440 1262 3667 1317 laudatis
3688 1262 3809 1334 Ho-

510 1331 678 1405 miliis’
698 1331 933 1405 vicissim
957 1331 1023 1387 de
1054 1333 1291 1403 Dialogis
1322 1350 1350 1388 a
1383 1349 1441 1389 se
1470 1331 1786 1405 conscriptis
1820 1334 2079 1403 loquitur;
2114 1334 2448 1405 potissimum
2478 1337 2624 1389 hom.
2649 1331 2718 1387 58
2746 1332 2863 1389 libri
2892 1349 2908 1387 1
2938 1334 3301 1404 Dialogorum,
3329 1341 3489 1405 caput
3512 1334 3565 1387 7.
3600 1335 3703 1405 Est
3721 1333 3806 1405 de

512 1403 763 1460 Nonnoso
791 1404 1004 1476 abbate,
1045 1405 1136 1476 ubi
1163 1420 1282 1476 quae
1310 1405 1376 1460 de
1408 1420 1472 1460 eo
1509 1403 1713 1475 narrat,
1746 1406 2025 1475 proﬁtetur
2063 1421 2092 1459 a
2118 1404 2434 1476 Maximiano
2465 1405 2803 1475 Syracusano
2832 1403 3104 1473 episcopo
3128 1405 3421 1475 accepisse.
3465 1404 3662 1476 Porro,
3680 1404 3803 1476 lib.

512 1488 593 1541 Ill,
625 1475 755 1546 alias
788 1474 842 1539 2,
873 1474 1162 1531 indictione
1182 1474 1274 1543 11,
1303 1477 1529 1545 epistola
1565 1476 1692 1531 olim
1721 1474 1807 1543 50,
1838 1491 1977 1530 nunc
2000 1475 2091 1543 51,
2118 1478 2364 1531 eumdem
2393 1474 2767 1531 Maximianum
2800 1474 3289 1546 rogatGregorius,
3326 1481 3383 1528 ut
3414 1490 3529 1546 qum
3554 1475 3621 1531 de
3651 1475 3805 1531 Non-

512 1560 645 1601 noso
675 1545 865 1616 abbate
897 1547 1123 1607 noverit,
1168 1556 1223 1601 et
1250 1547 1317 1602 de
1340 1544 1650 1602 Italicorum
1681 1547 1896 1601 Patrum
1941 1546 2235 1613 miraculis,
2266 1547 2367 1601 sibi
2399 1562 2491 1616 per
2520 1546 2776 1615 epiStolas
2824 1544 3067 1600 nuntiare
3097 1544 3275 1609 curet;
3308 1545 3448 1613 quod
3478 1561 3508 1599 a
3538 1545 3804 1603 fratribus

509 1616 623 1689 suis
651 1617 719 1671 de
748 1615 851 1671 hoc
866 1626 1191 1689 argumento
1218 1618 1457 1673 scribere
1496 1619 1927 1689 compelleretur.
1978 1616 2120 1674 Idem
2162 1615 2509 1688 prursus’cst
2545 1616 2686 1687 quod
2732 1616 2783 1671 in
2812 1616 3045 1685 Dialogis
3091 1622 3465 1687 pertractatur,
3497 1625 3551 1671 ut
3583 1633 3648 1673 ex
3676 1618 3805 1688 ipso

509 1687 663 1760 titulo
694 1703 803 1760 non
830 1687 1058 1743 obscure
1085 1697 1265 1758 potest
1294 1688 1541 1760 intelligi.
1623 1687 1634 1689 ⁷
2289 1759 2296 1760 7
2456 1759 2464 1760 7
2577 1758 2586 1760 7
2842 1758 2888 1760 77
3084 1758 3113 1760 77
3297 1757 3306 1760 _
3376 1758 3384 1760 7
3699 1687 3738 1760 ί
3816 1702 3823 1735 ι

580 1757 667 1831 ιγ.
708 1758 838 1831 Quis
867 1767 1047 1831 autem
1077 1757 1221 1831 sanas
1252 1757 1646 1826 mentis,'alteri
1678 1775 1833 1831 quam
1866 1768 2049 1831 nostro
2079 1758 2357 1829 Gregorio,
2388 1759 2470 1813 vel
2502 1758 2717 1831 unicum
2742 1773 2808 1815 ex
2840 1758 2920 1813 his
2950 1758 3200 1831 omnibus
3227 1757 3388 1813 veluti
3429 1759 3800 1831 nneamentis,

509 1829 700 1902 quibus
730 1830 846 1902 ejus
872 1830 978 1884 vita
1008 1829 1395 1902 perfectissime
1432 1829 1769 1902 exprimitur,
1799 1829 2087 1902 convenire
2120 1844 2278 1902 posse
2318 1830 2658 1902 suspicetur?
2683 1830 2748 1902 Et
2792 1839 2938 1885 certe
2961 1830 3180 1902 optime
3218 1829 3541 1902 conveniunt
3565 1844 3683 1884 cum
3709 1830 3806 1887 his

506 1898 626 1970 quae
655 1900 723 1955 de
750 1898 942 1955 eodem
978 1898 1313 1957 sanctissimo
1338 1898 1518 1966 Patre;
1547 1916 1616 1956 ex
1648 1900 1958 1956 indubitatis
2002 1898 2242 1970 ejusdem
2271 1900 2523 1969 operibus
2552 1899 2867 1965 didicimus;
2899 1900 3100 1956 scilicet
3127 1914 3191 1956 ex
3222 1898 3319 1955 lib.
3350 1898 3650 1969 Moralium,
3680 1915 3808 1957 ma«

508 1970 657 2042 xime
695 1971 751 2042 i_n
778 1970 935 2041 epist.
967 1972 1165 2042 praevia
1194 1970 1260 2025 ad
1287 1979 1533 2042 sanctum
1560 1971 1887 2036 Leandrum,
1917 1986 1981 2027 ex
2009 1970 2255 2041 Registro
2291 1971 2493 2042 Epist.,_
2518 1985 2583 2025 ex
2616 1970 2880 2042 Homiliis,
2913 1980 3016 2027 etc.
3434 2040 3450 2042 7
3635 2041 3639 2042 7
3819 1980 3827 2010 ι

585 2040 654 2095 ν.
700 2040 917 2112 verum,
952 2041 1180 2111 inquies,
1208 2041 1297 2112 qui
1326 2040 1426 2096 sub
1456 2043 1699 2112 Gregorii
1742 2055 1968 2112 persona
2001 2040 2169 2097 latere
2196 2040 2361 2112 voluit
2385 2040 2724 2111 Dialogorum
2772 2041 3025 2111 scriptor,
3076 2056 3198 2097 cum
3229 2042 3399 2097 sancti
3432 2040 3605 2097 Patris
3630 2041 3807 2099 histo-

506 2112 670 2196 riam7
693 2110 759 2166 ad
805 2125 1034 2177 unguem
1066 2126 1131 2196 es
1160 2110 1371 2196 assidua
1409 2110 1639 2196 7opert7i7m
1684 2110 1798 2184 ejus
1848 2113 2093 2196 lectione
2125 2111 2421 2196 didicisset,
2452 2113 2517 2195 iis
2546 2110 2919 2196 ’se7eolo7ri7bu’s
2959 2114 3281 2196 pingere7ac
3328 2113 3805 2196 ornare_stu_duit.

506 2182 673 2251 Quasi
700 2195 831 2255 vero
859 2192 963 2255 tam
995 2182 1195 2255 peritus
1225 2182 1446 2255 fallendi
1472 2183 1661 2239 artifex
1692 2182 1811 2239 esse
1837 2185 2119 2255 potuisset,
2151 2185 2197 2239 is
2223 2184 2305 2238 cui
2338 2183 2554 2239 nimiam
2604 2183 3001 2253 simplicitatem
3051 2182 3105 2238 in
3137 2184 3406 2255 miraculis
3433 2182 3712 2255 credendis
3745 2193 3809 2255 et

508 2252 792 2308 narrandis
826 2253 1117 2310 adversarii
1147 2254 1314 2325 nostri
1360 2255 1557 2324 passim
1607 2252 1885 2324 objiciunt.
1936 2255 2201 2309 Praeterea
2233 2269 2465 2323 quonam
2493 2262 2649 2325 pacto
2674 2252 2817 2310 fraus
2846 2255 3127 2311 universos
3152 2254 3242 2325 qui
3272 2254 3338 2309 de
3366 2254 3623 2323 Gregorio
3665 2253 3808 2310 εει-ἒς

547 2334 754 2389 serunt,
782 2326 906 2396 sive
940 2339 1220 2395 suppares,
1250 2324 1364 2379 sive
1399 2325 1560 2380 etiam
1593 2325 1847 2395 aequales,
1872 2326 2039 2380 latere
2082 2325 2294 2395 potuit?
2336 2326 2616 2391 Quomodo
2657 2325 2843 2396 fefellit
2880 2326 3007 2396 ejus
3055 2324 3320 2396 notarium
3365 2333 3418 2380 et
3459 2333 3809 2394 exceptorem

557 2395 830 2451 aterium?
889 2394 1131 2452 Sane’in
1180 2405 1284 2449 tam
1329 2396 1491 2450 certis
1541 2394 1768 2464 luceque
1818 2394 2115 2451 meridiana
2172 2396 2486 2452 clarioribus
2534 2394 2819 2462 probandis
2867 2394 3065 2451 frustra
3115 2394 3314 2450 diutius
3358 2396 3804 2452 immoraremur.

506 2465 804 2538 vindicatis
852 2466 1035 2538 itaque
1075 2476 1258 2522 nostro
1303 2465 1566 2537 Gregorio
1596 2466 1861 2538 Dia10gis,
1915 2466 2030 2538 jam
2074 2466 2191 2538 ipse
2239 2467 2305 2522 ab
2344 2468 2794 2523 obtrectatoribus
2835 2466 3219 2538 vindicandus;
3268 2467 3363 2538 qui
3418 2466 3622 2538 scilicet
3676 2481 3807 2538 eum

506 2536 687 2593 nimiae
739 2535 1068 2594 credulitatis
1113 2545 1376 2609 arguunt,
1418 2535 1549 2594 'imo
1591 2538 1740 2594 rudis
1756 2535 1836 2593 'et
1873 2535 2519 2607 stolidae'simplicitatis,
2578 2552 2683 2610 qua
2722 2537 2875 2595 nobis
2920 2536 3090 2594 aniles
3137 2535 3343 2593 fabulas
3401 2536 3469 2593 ab
3505 2551 3568 2593 eo
3608 2535 3806 2597 referri

507 2619 926 2665 conuueruntur.

579 2677 666 2751 Ἦ.
711 2681 891 2736 Primo
920 2687 1095 2736 autem
1126 2687 1251 2751 peto
1297 2696 1327 2735 a
1356 2681 1586 2737 morosis
1635 2680 1741 2736 illis
1769 2680 2047 2751 acutisque
2075 2681 2391 2737 censoribus
2416 2689 2592 2736 utrum
2618 2680 2829 2737 sincere
2856 2679 3077 2744 credant
3101 2693 3221 2750 quae
3252 2685 3363 2735 tum
3391 2679 3447 2734 in
3475 2677 3655 2736 Veteri
3682 2688 3803 2737 tum

508 2751 565 2806 in
592 2749 743 2807 Novo
784 2749 1144 2808 Testamento
1176 2760 1464 2807 narrantur
1508 2752 1788 2818 miracula,
1821 2749 2131 2808 licet'omni
2177 2752 2641 2808 verisimilitudine
2684 2760 2903 2809 careant
2929 2769 2943 2807 :
2972 2752 3097 2807 Eva:
3121 2749 3470 2820 colloquium
3519 2766 3640 2806 cum
3681 2764 3803 2807 ser—

506 2830 689 2894 pente,
727 2822 923 2879 Genes.
953 2836 1042 2888 ιιι;
1074 2837 1298 2879 uxorem
1325 2820 1461 2894 Loth
1504 2825 1560 2879 in
1594 2832 1819 2894 statuam
1863 2823 1990 2894 salis
2015 2835 2355 2891 conversam,
2384 2821 2580 2879 Genes.
2608 2836 2741 2894 ιιι;
2773 2822 2994 2879 Asinam
3022 2821 3111 2894 cui
3135 2820 3350 2876 Balaam
3381 2820 3665 2894 insidebat,
3696 2823 3804 2877 hu-

506 2891 669 2949 inano
716 2908 884 2960 more,
934 2896 1042 2951 imo
1088 2902 1289 2964 praeter
1334 2893 1715 2964 plcrorumque
1762 2891 2038 2948 hominum
2070 2901 2281 2963 captum
2310 2902 2364 2949 et
2391 2893 2851 2964 consuetudinem,
2878 2908 3002 2948 cum
3033 2893 3151 2963 ipso
3177 2891 3578 2964 sapientissime
3605 2895 3801 2964 dispu-

506 2973 673 3031 tasse,
708 2964 869 3020 Num.
901 2980 1029 3033 xxn;
1064 2962 1309 3020 e'mularl
1338 2962 1513 3019 dente
1542 2962 1774 3019 maxilla:
1797 2964 1932 3018 asini
1958 2978 2121 3034 aquas
2136 2962 2409 3034 erupisse.
2434 2974 2490 3020 ut
2515 2966 2671 3021 unius
2700 2963 2977 3034 Samsonis
3003 2965 3120 3019 sitis
3148 2963 3593 3032 restingueretur,
3615 2963 3803 3020 Judie.

507 3045 897 3117 _x_v,j__stateren_t
924 3037 1199 3117 inventum
1224 3034 1279 3089 in
1306 3049 1402 3089 ore
1433 3034 1597 3103 piscis
1628 3042 1872 3117 recenter
1898 3032 2065 3117 hamo
2085 3032 2463 3117 capti,‘Ma7t_th_.
2490 3051 2628 3117 xvu;
2661 3033 2819 3117 114
2840 3032 3055 3117 Petrum
3087 3048 3248 3105 super
3275 3048 3441 3116 aquas
3469 3036 3802 3117 ambulasse,

505 3104 694 3177 Matth.
717 3121 841 3171 xiv;
873 3105 1136 3176 legionem
1167 3104 1473 3177 daemonum
1500 3121 1563 3161 ex
1597 3106 1754 3177 unico
1778 3105 1996 3161 homine
2018 3105 2241 3177 ejectum
2272 3120 2301 3159 a
2323 3106 2538 3161 Christo
2566 3116 2621 3162 et
2641 3103 2857 3163 mis—sam
2890 3106 2944 3161 in
2974 3103 3189 3177 porcos,
3218 3104 3308 3174 qui
3327 3103 3593 3177 praecipiti
3636 3120 3803 3164 cursu

505 3176 563 3232 in
597 3192 747 3232 mare
775 3190 835 3234 se
864 3175 1204 3248 prejecerunt
1235 3191 1297 3231 ac
1326 3175 1622 3244 perierunt,
1647 3175 1806 3248 Marci
1840 3191 1903 3240 v;
1930 3184 1988 3248 et
2016 3175 2209 3248 similia
2236 3177 2648 3248 quamplurima.

576 3247 847 3314 Secundo,
866 3245 1209 3318 interrogare
1242 3248 1399 3303 liceat
1427 3261 1523 3303 eos
1548 3248 1637 3315 qui
1684 3247 1756 3301 ita
1784 3246 2069 3318 exsufﬂant
2117 3245 2279 3303 relata
2311 3263 2339 3301 a
2371 3245 2629 3318 Gregorio
2678 3248 2955 3310 miracula,
3007 3257 3184 3301 utrum
3235 3245 3587 3303 indubitatam
3634 3246 3801 3305 ﬁdem

504 3318 740 3379 habeant
766 3319 983 3375 Christo
1008 3316 1167 3375 etiam
1207 3333 1330 3375 cum
1361 3326 1699 3374 sacramento
1727 3320 2010 3383 asserenti,
2044 3317 2199 3373 Joan.
2232 3333 2343 3385 xiv,
2378 3316 2443 3371 12
2472 3316 2499 3374 ε’
2516 3319 2697 3388 Amen,
2736 3335 2884 3374 amen
2913 3319 3028 3373 dico
3056 3317 3217 3384 vobis,
3260 3319 3348 3389 qui
3385 3318 3545 3374 credit
3588 3319 3641 3373 in
3686 3333 3795 3387 me,

505 3407 663 3463 opera
687 3406 799 3463 qua:
829 3406 918 3463 ego
943 3392 1101 3463 facio,
1126 3399 1172 3444 et
1186 3392 1303 3463 ipse
1330 3389 1503 3463 faciet,
1529 3399 1574 3444 et
1605 3394 1808 3462 majora
1828 3388 2012 3463 horum
2042 3389 2217 3463 faciet.

577 3460 761 3517 Tertio
785 3458 1084 3517 concedant
1111 3458 1268 3516 nobis
1318 3458 1395 3532 illi
1423 3470 1528 3516 tam
1553 3458 1826 3532 emuncta:
1854 3460 2001 3516 naris
2030 3458 2227 3530 critici,
2263 3468 2472 3530 tempus
2502 3461 2724 3532 edendis
2755 3461 2860 3517 ilns
2890 3461 3056 3531 signis
3086 3475 3149 3516 ac
3176 3459 3447 3515 miraculis
3476 3461 3642 3532 magis
3674 3458 3800 3516 ido-

507 3546 667 3603 neum
701 3532 883 3603 fuisse,
909 3532 1120 3603 quando
1143 3531 1367 3603 vocandi
1398 3532 1464 3585 ad
1496 3530 1656 3603 ﬁdem
1684 3533 1899 3603 fuerunt
1928 3532 2142 3603 barbari
2170 3547 2200 3586 a
2229 3546 2355 3587 vera
2400 3532 2656 3603 religione
2686 3531 2887 3602 Deique
2917 3530 3223 3603 cognitione
3276 3545 3492 3603 prorsus
3529 3530 3801 3603 estorres.

507 3602 1014 3725 Quippe,7Ap05tolo
1041 3609 1199 3683 teste,
1224 3600 1244 3657 l
1267 3602 1371 3684 Gor
1400 3618 1510 3669 xw,
1538 3602 1639 3665 22,
1678 3602 1894 3684 Lingua:
1923 3602 2086 3685 (idem
2110 3601 2197 3657 dic
2226 3603 2291 3657 de
2318 3600 2528 3683 creteris
2560 3600 2852 3668 miraculis)
2886 3600 3273 3684 non'lt'delibus,
3322 3602 3412 3657 sed
3453 3602 3752 3683 infidelibus
3778 3616 3803 3668 δ

507 3689 637 3725 mon
675 3681 790 3725 cita:
814 3681 981 3725 autem
1010 3688 1111 3725 non
1138 3672 1452 3725 inﬁdelibus.
1486 3674 1576 3725 sed
1608 3673 1864 3725 ﬁdelibus.
1898 3672 2097 3725 Judmrs
2123 3689 2251 3725 emo
2280 3674 2473 3725 auibus
2501 3689 2774 3725 concessa:
2806 3673 3099 3725 nronheure
3131 3680 3381 3725 tanquam
3411 3671 3672 3725 ﬁdelibus.
3702 3670 3801 3725 ἀει

507 3670 790 3744 praphelia:
814 3681 981 3744 autem
1010 3688 1111 3726 non
1138 3672 1452 3744 inﬁdelibus,
1486 3674 1576 3726 sed
1606 3670 1864 3744 fidelibus.
1898 3672 2097 3728 Judmis
2123 3689 2256 3744 ergo
2280 3674 2473 3743 quibus
2501 3689 2774 3730 concessa:
2806 3673 3105 3744 prophetia;
3131 3680 3381 3743 tanquam
3411 3670 3673 3742 ﬁdelibus,
3702 3670 3801 3730 de~

506 3742 698 3867 negata
726 3751 784 3797 ut
812 3743 1095 3811 plurimum
1126 3742 1275 3809 signa
1302 3758 1421 3813 qua:
1448 3743 1739 3813 gentilibus
1770 3759 1797 3797 a
1834 3744 1937 3798 fide
1965 3742 2404 3813 prorsus’alienis
2431 3753 2707 3800 reservata
2738 3742 3054 3814 etreposita
3082 3742 3320 3799 fuerunt.

630 3812 693 3867 ll.
727 3814 818 3867 llis
847 3821 1023 3867 autem
1053 3813 1372 3867 impetratis.
1404 3815 1624 3867 minime
1654 3813 2162 3867 obstupescendum.
2195 3812 2409 3867 labente
2441 3816 2630 3867 auinto
2660 3816 2857 3867 smculo
2889 3825 2940 3867 et
2970 3815 3081 3867 fere
3128 3824 3239 3867 toto
3266 3831 3320 3867 se

630 3812 693 3867 ll.
727 3814 818 3867 llis
847 3821 1023 3886 autem
1053 3812 1372 3886 impetratis,
1404 3812 1624 3886 minime
1654 3812 2162 3883 obstupesce’ndum,
2195 3812 2409 3870 labente
2441 3816 2630 3886 quinto
2660 3816 2857 3872 siccato
2889 3812 2940 3871 et
2970 3815 3081 3870 fere
3128 3824 3239 3869 toto
3266 3824 3421 3886 sexto
3450 3822 3799 3886 percurrente

509 3885 653 3956 (qua:
672 3884 1221 3957 temporaGregorius
1244 3883 1476 3957 Dialogis
1499 3884 1608 3937 suis
1631 3886 2022 3957 complectitur)
2049 3893 2126 3957 tot
2144 3895 2392 3957 tantaque
2407 3902 2435 3940 a
2458 3883 2566 3941 Deo
2592 3896 2870 3957 procurata
2891 3888 3054 3942 fuisse
3072 3886 3347 3941 miracula.
3369 3883 3623 3941 Nimirum
3654 3895 3800 3957 totus

510 3954 647 4026 pene
677 3965 804 4009 tunc
832 3955 979 4010 orbis
1004 3965 1092 4009 aut
1122 3956 1176 4027 in
1208 3954 1807 4027 idololatrimtenebris,
1839 3964 1929 4009 aut
1953 3954 2009 4010 in
2034 3956 2202 4010 densa
2231 3954 2872 4013 nefandarum'haeresum
2915 3957 3144 4027 caligine
3170 3957 3365 4011 misere
3389 3956 3622 4026 jacebat,
3655 3956 3799 4014 adeo

462 4044 465 4047 ·
510 4025 571 4081 ut
592 4027 677 4080 vix
704 4041 843 4081 unus
866 4034 1014 4098 tunc,
1042 4026 1269 4081 maxime
1300 4025 1694 4098 in7Qccidente,
1730 4038 1983 4096 regnaret
2015 4029 2283 4097 princeps,
2314 4028 2403 4098 qui
2436 4042 2623 4084 verum
2656 4029 2823 4083 Deum
2851 4025 3086 4097 legitimo
3114 4027 3216 4083 ritu
3247 4029 3464 4083 coleret.
3500 4027 3648 4083 ltalia
3696 4038 3796 4085 aut

513 4098 583 4153 ab
604 4097 943 4170 Ostrogothis
973 4095 1524 4170 Arianauiperﬁdium
1550 4095 1823 4170 amplexis
1836 4095 2119 4167 occupata,
2149 4108 2240 4170 aut
2268 4095 2633 4170 Langobardis
2661 4111 2844 4169 postea
2870 4095 3083 4170 tradita,
3108 4100 3199 4169 qui
3228 4099 3551 4153 Arianorum
3579 4113 3799 4157 errores

512 4184 664 4237 aeque
693 4167 1053 4234 sectabantur,
1087 4168 1173 4223 vel
1202 4166 1541 4239 idololatriae,
1573 4166 1713 4238 quod
1743 4168 1893 4239 pejus
1920 4166 2036 4238 est,
2063 4166 2588 4226 serviebanthallia
2616 4166 2834 4225 Francis
2865 4166 3138 4225 idolorum
3160 4170 3472 4235 cultoribus,
3501 4172 3580 4225 vel
3609 4172 3675 4224 ab
3700 4185 3798 4226 eo-

512 4255 633 4313 rum
660 4239 1166 4313 cultupauloante,
1197 4254 1296 4313 nec
1322 4238 1557 4313 perfecte
1587 4238 1849 4313 revocatis
1878 4246 2120 4313 parebat,
2149 4252 2237 4295 aut
2264 4242 2551 4313 Visigothis
2576 4242 2801 4310 aliisque
2830 4240 3068 4313 barbaris
3098 4241 3220 4313 ﬁdei
3250 4241 3529 4313 catholica:
3562 4242 3795 4313 infestis.

514 4309 762 4382 Hispania
796 4309 980 4382 iisdem
1003 4310 1295 4381 Visigothis
1317 4309 1369 4367 et
1394 4312 1582 4366 Sucvis
1605 4326 1756 4382 asque
1777 4311 1988 4365 Arianis
2010 4321 2271 4367 cesserat.
2300 4309 2573 4368 Britannia
2602 4309 2771 4367 insula
2800 4314 2952 4367 novis
2975 4311 3295 4381 hospitibus,
3328 4311 3516 4382 Anglis
3542 4312 3799 4382 videlicet

510 4380 1194 4454 subdita,redintegratum
1226 4384 1337 4438 suis
1364 4385 1416 4438 in
1448 4380 1958 4454 templis'idolorum
1984 4382 2181 4437 cultum
2215 4385 2616 4454 ingemiscebat.
2650 4382 2870 4439 Vandali
2898 4380 3091 4439 Africa
3106 4384 3281 4453 potiti,
3327 4380 3526 4440 bellum
3559 4381 3798 4440 atrocis-

508 4453 701 4526 simum
731 4451 1365 4526 Catholicisindixerant,
1392 4463 1453 4509 ut
1476 4456 1731 4526 Arianum
1763 4453 1953 4526 dogma
1983 4451 2295 4526 statuerent:

585 4523 715 4579 Vlll.
746 4522 991 4596 Nunquid
1032 4525 1190 4595 igitur
1217 4540 1246 4578 a
1276 4524 1369 4580 Dei
1401 4525 1730 4596 benignitate
1758 4539 1821 4596 ac
1841 4522 2186 4596 providentia
2220 4535 2329 4580 tum
2361 4526 2685 4582 abhorrebat
2712 4526 2827 4581 ﬁeri
2858 4525 3113 4580 miracula
3159 4532 3237 4580 tot
3281 4534 3334 4581 et
3382 4529 3549 4596 tanta,
3597 4525 3794 4596 quibus

507 4595 573 4649 ad
604 4595 843 4650 veritatis
873 4595 1045 4651 lucem
1077 4596 1319 4652 infideles
1364 4594 1966 4667 pellicerenturlQnod
2005 4610 2133 4650 sane
2182 4600 2419 4667 contigit.
2468 4597 2598 4653 Nam
2646 4598 2785 4651 intra
2832 4612 2937 4652 non
2990 4596 3187 4651 multos
3233 4610 3401 4651 annos
3452 4594 3796 4666 Langobardi

508 4668 762 4721 Arianam
792 4666 1118 4739 impietatem
1148 4665 1458 4739 ejurarunt;
1485 4665 1642 4739 Gothi
1673 4668 1994 4722 catholicam
2026 4666 2189 4739 ﬁdem
2216 4665 2443 4739 amplexi
2472 4678 2595 4725 sunt
2626 4670 2679 4723 in
2708 4668 2981 4737 Hispania,
3007 4675 3225 4723 auctore
3251 4683 3315 4723 ac
3343 4665 3619 4739 hortatore
3652 4667 3794 4722 Rec-

508 4740 705 4821 caredo
734 4736 898 4809 rege;
947 4736 1105 4810 Angli
1148 4738 1360 4795 Christo
1387 4753 1581 4794 nomen
1611 4737 1911 4805 dederunt;
1948 4752 2136 4794 omnes
2162 4736 2392 4810 denique
2430 4740 2497 4795 ad
2541 4736 2858 4797 Christianae
2907 4748 2961 4796 et
2999 4739 3312 4796 orthodoxa:
3355 4737 3480 4795 ﬁdei
3529 4738 3793 4797 unitatem

508 4820 729 4864 I‘CCCDllo

580 4826 851 4949 Ῐξιιῖιὸυού
874 4889 1083 4953 spectat
1112 4881 1176 4936 ad
1209 4882 1606 4953 Langobardos,
1652 4882 1742 4952 qui
1776 4896 1963 4953 magna
1992 4896 2057 4953 ex
2088 4891 2238 4952 parte
2268 4882 2467 4938 Italiam
2502 4884 2582 4939 his
2611 4880 2938 4953 temporibus
2968 4880 3312 4953 obtinebant,
3342 4895 3532 4937 eorum
3558 4895 3792 4953 coniver-

509 4951 715 5023 sionem
748 4968 850 5007 non
883 4951 1223 5008 mediocriter
1252 4951 1633 5023 promoverunt
1659 4951 1974 5023 Gregorlani
2002 4951 2209 5022 Dialogl
2240 4971 2250 5007 :
2288 4952 2369 5009 his
2400 4956 2539 5009 enim
2569 4956 2635 5010 ad
2663 4951 2923 5010 semissis
2953 4969 2981 5006 a
3012 4952 3301 5022 Gregorio,
3335 4954 3410 5007 uti
3440 4962 3623 5006 narrat
3650 4952 3791 5008 Pau-

508 5022 591 5075 lus
618 5021 896 5097 Diaconus,
928 5040 1022 5079 usa
1050 5033 1133 5080 est
1152 5021 1855 5097 7'l‘heodelinda7regina,‘ad
1886 5021 2202 5079 catholicam
2232 5024 2387 5097 tidem
2418 5034 2528 5097 turn
2557 5026 2692 5097 regi,
2722 5033 2833 5097 tum
2864 5021 3298 5097 ejusgentilibus
3323 5034 3375 5097 et
3405 5023 3631 5079 subditis
3658 5038 3788 5093 per-

506 5092 855 5167 suadendum.
884 5096 948 5147 Et
988 5110 1118 5150 vero
1149 5096 1249 5151 hac
1276 5095 1329 5167 in
1360 5095 1578 5151 historia
1608 5092 1831 5164 plurima
1858 5103 2143 5149 narrantur
2173 5095 2425 5150 miracula
2456 5092 2682 5167 (Ilirto'r.
2708 5092 2951 5167 Langob.
2985 5092 3130 5167 1;",
3164 5111 3209 5148 c.
3243 5094 3327 5166 5),
3361 5095 3478 5164 ipso
3508 5092 3788 5167 spectante

507 5163 982 5239 Langobardorum
1008 5167 1238 5239 exercitu
1256 5166 1426 5239 facta,
1459 5182 1579 5237 qua:
1608 5163 1709 5222 nisi
1737 5176 1886 5223 certo
1913 5166 2301 5239 constitissent,
2326 5163 2667 5239 omniumque
2695 5163 2918 5239 fuissent
2942 5163 3148 5239 calculo
3174 5163 3539 5239 comprobata,
3570 5164 3782 5239 Laugo-

508 5233 661 5289 bardi
690 5242 826 5304 quos
856 5234 1143 5310 Gregorius
1160 5236 1297 5310 ursis
1319 5233 1489 5309 magis
1506 5254 1666 5310 quam
1690 5238 1996 5310 hominibus
2022 5236 2225 5310 similes
2249 5250 2463 5308 propter
2491 5233 2826 5295 ferocitatem
2848 5233 3457 5310 depitigit,7irrisissent;
3483 5233 3790 5310 [hair-riuus.

504 5318 663 5379 quam
695 5314 853 5361 antea
884 5308 1007 5362 odio
1039 5308 1090 5361 in
1121 5307 1436 5379 catholicam
1471 5307 1649 5377 ﬁdem,
1696 5309 2097 5379 Eeclesiamque
2128 5307 2421 5365 Romanam
2472 5312 2820 5379 exarsissent.
2872 5307 3225 5379 Contrarium
3260 5318 3464 5363 autetn-
3492 5308 3790 5375 contigisse

508 5378 675 5451 refert
700 5393 764 5433 ex
794 5380 981 5436 eadem
1013 5388 1173 5449 gente
1202 5378 1396 5434 Paulus
1431 5383 1717 5445 Diaconus,
1750 5383 1841 5436 lib.
1875 5397 1924 5435 iv
1943 5377 2211 5436 de’Gestis
2232 5381 2593 5451 Laugobard.,
2623 5399 2671 5437 c.
2701 5383 2755 5435 4.
2788 5377 3004 5435 Scilicet
3025 5378 3317 5451 Agilulfum
3347 5394 3549 5449 regem,
3574 5380 3789 5434 caeteris

506 5448 623 5522 fere
650 5451 817 5519 ipsius
837 5448 1149 5520 exemplum
1181 5453 1543 5519 sequentibus,
1593 5454 1909 5508 catholicam
1941 5452 2097 5507 tidem
2140 5448 2445 5522 amplexum
2495 5448 2633 5522 esse,
2685 5451 2938 5508 Ecclesiis
2986 5448 3236 5521 adempta
3270 5448 3427 5508 bona
3461 5451 3789 5519 restituisse,

505 5521 878 5595 episcopisque
908 5522 1429 5595 debitumhonorem
1460 5526 1801 5595 impendisse.

578 5589 647 5647 Χ.
680 5589 882 5668 Praeter
907 5594 1216 5649 idololatriae
1245 5592 1497 5665 reliquias
1526 5589 1579 5651 i'n
1620 5597 1764 5651 italia
1797 5607 1853 5652 et
1876 5596 2000 5651 alibi
2032 5595 2226 5663 passim
2259 5597 2433 5653 adhuc
2458 5595 2793 5668 superstites,
2822 5602 3114 5668 aperteque
3164 5603 3471 5665 grassantes
3519 5591 3791 5660 haereses,

472 5670 475 5673 ‘
502 5669 630 5744 tunc
657 5665 797 5731 apud
827 5666 968 5744 ipsos
994 5668 1155 5744 etiam
1179 5667 1266 5735 qui
1297 5668 1549 5721 Catholici
1576 5669 1878 5733 audiebant,
1914 5667 2121 5744 exitiosi
2154 5670 2436 5744 serpebant
2465 5665 2779 5744 occulteque
2809 5665 3557 5744 disseminabantur7errores,
3594 5673 3791 5744 contra

502 5735 800 5789 ultimarum
831 5737 1305 5801 immortalitatem,
1338 5746 1392 5791 et
1421 5750 1699 5806 corporum
1729 5740 2193 5795 resurrectionem.
2231 5741 2301 5795 De
2327 5735 2718 5796 resurrectione
2748 5740 3034 5806 ancipitem
3059 5738 3183 5791 olim
3211 5754 3271 5794 se
3294 5735 3481 5800 fuis‘e,
3506 5739 3791 5792 humiliter

501 5806 697 5881 fatetur
738 5808 850 5881 ipse
882 5808 1189 5881 Gregorius,
1224 5808 1408 5881 ltomil.
1438 5811 1507 5860 illi
1539 5812 1588 5862 in
1623 5806 1931 5877 Evangelia.
1959 5809 2110 5864 Multi
2140 5812 2292 5874 enim,
2330 5815 2514 5881 inquit,
2546 5814 2606 5865 de
2653 5811 3024 5881 resurrectione
3076 5810 3387 5881 dubitantes,
3419 5809 3547 5881 δέεαι
3600 5818 3651 5881 ct
3692 5823 3790 5862 nos

498 5876 783 5946 aliquando
800 5876 1013 5943 fuluius.
1052 5879 1185 5937 Vide
1208 5879 1364 5934 etiam
1394 5880 1431 5935 l.
1460 5896 1494 5935 ιι
1526 5882 1576 5937 in
1602 5876 1970 5950 Ezechielem,
2007 5884 2152 5940 hom.
2188 5887 2238 5949 ὅ,
2274 5876 2518 5950 υιιιιίιιυ,
2552 5893 2605 5942 et
2634 5883 2668 5940 ι.
2700 5898 2787 5941 xlv
2819 5879 3034 5951 Morab,
3065 5894 3122 5938 tt.
3148 5881 3239 5952 70.
3268 5878 3426 5952 Greg.
3455 5878 3798 5952 Tut‘onisus.

1904 6006 1907 6009 '
1959 6009 1977 6013 η’
1984 6009 2025 6019 *ἡ
