4036 6346
214 358 323 420 M5
771 363 1148 423 PREFATIO
1188 362 1254 419 IN
1295 360 1540 420 LIBROS
1579 360 2030 421 DIALOGORUM
2072 362 2315 421 SANCTl
2356 364 2681 421 GBEGORII
2722 363 2956 420 MAGNI.
3388 364 3493 425 146

292 481 415 535 Lib.
446 495 483 546 t,
518 495 644 549 cap.
681 482 738 549 9,
771 481 835 537 de
863 492 1049 538 sancto
1073 482 1363 543 Bonifacio,
1384 480 1595 553 legitur
1621 481 1672 535 in
1702 481 1922 534 Excusis
1948 498 1959 533 :
1994 479 2336 553 EpiscOpatus
2366 483 2596 552 ofﬁcium
2628 484 2807 548 tenuit,
2833 482 3053 536 moribus
3075 481 3317 551 implevit.
3349 482 3416 538 At
3439 483 3494 540 in

217 548 350 609 Mss.
377 548 695 621 elegantius,
725 548 952 624 propter
982 554 1289 608 antithesim
1326 571 1337 605 :
1372 551 1737 624 Episcopatum
1771 553 1931 621 ofﬁcio
1963 548 2144 617 tenuit,
2176 548 2407 608 moribus
2423 548 2673 622 implevit.

296 624 496 677 Eodem
527 624 690 687 libro,
717 623 951 690 cap.ll,
984 624 1121 680 Editi
1156 624 1388 678 habent:
1423 623 1579 677 Crndi
1633 640 1786 689 panes
1812 625 1957 693 signo
1985 626 2176 693 signari
2201 626 2381 678 solent.
2417 627 2484 678 At
2512 626 2637 678 Mss.
2668 641 2695 678 a
2728 625 2919 691 quibus
2966 624 3212 680 standum
3260 624 3493 681 credidi-

221 704 345 767 mus
370 712 385 749 :
411 694 577 765 Ligno
606 696 805 767 signari
825 697 1007 752 solent.
1040 695 1578 767 Cteteroquin,sign_o
1600 696 1818 767 signari,
1844 696 1967 759 quid
1993 709 2181 767 sensus
2210 695 2411 749 habet?
2440 696 2564 765 quid
2586 698 2775 751 sonat?

300 765 414 818 Lib.
439 781 509 838 _Il,
538 764 671 833 cap.’
699 769 750 831 1,
786 768 837 819 in
864 767 1103 821 Editione
1128 764 1445 838 Gussauvill.
1477 765 1624 838 :_Sed
1648 765 1953 838 Benedictus
1976 765 2093 834 plus
2122 776 2362 836 appetens
2391 764 2528 819 mala
2558 768 2733 820 mundi
2772 767 2987 837 perpeti,
3027 768 3183 838 118
3210 784 3360 836 quant
3383 767 3493 821 lau-

227 836 312 890 des
339 838 401 889 ab
428 835 720 890 hominibus
754 854 999 908 qurerere.
1034 838 1154 908 Tria
1193 836 1374 889 ultima
1408 836 1568 890 verba
1592 852 1710 905 qua:
1744 835 1961 905 proprio
1990 845 2178 906 marte,
2204 838 2347 891 nullo
2379 838 2699 906 praelucente
2734 835 2836 891 ms.
2870 835 3067 893 Codice
3084 835 3317 903 addidit,
3344 855 3495 895 rese-

227 922 259 958 (τ
304 910 475 969 imus;
507 909 702 972 quibus
730 907 943 978 rejectis
966 907 1218 978 periodus
1246 908 1415 977 magis
1438 907 1596 975 sapit.
1628 908 1790 961 Paulo
1822 916 1976 961 antea
2010 908 2517 979 corrupteihabetur
2560 910 2611 962 in
2665 910 2903 972 Excusis,
2935 925 3107 963 omnes
3136 920 3491 979 agnoscerent,

226 997 258 1030 a
285 989 475 1046 quanta
499 979 805 1033 Benedictus
838 996 965 1048 puer
1006 979 1407 1052 conversationis
1428 979 1594 1047 gratia
1630 979 1938 1047 perfectione
1978 979 2228 1047 coepisset.
2263 978 2390 1045 Pro,
2423 996 2594 1033 omnes
2638 989 2984 1052 agnoscerent,
3035 978 3341 1035 Benedictus
3371 997 3493 1051 puer

226 1053 629 1105 conversationis
657 1053 897 1121 gratiam,
930 1070 961 1105 a
979 1059 1170 1121 quanta
1198 1050 1505 1119 perfectione
1536 1052 1783 1119 coepisset.
2675 1050 2685 1052 ⁷
3005 1072 3011 1076 ·

301 1121 418 1195 Lib.
453 1138 529 1188 ut,
563 1138 683 1189 cap.
714 1122 768 1185 2,
800 1123 1012 1195 irrepsit
1044 1123 1095 1195 in
1126 1122 1331 1195 Editos,
1365 1121 1719 1195 Justiniannm
1750 1121 2001 1175 seniorem
2026 1122 2332 1195 principem,
2372 1136 2469 1195 pro
2490 1122 2755 1179 Justinum
2784 1123 3053 1189 seniorem,
3079 1131 3137 1179 ut
3158 1137 3222 1178 ex
3256 1122 3382 1179 Mss.
3417 1124 3492 1178 le-

223 1192 492 1261 gendum;
528 1208 699 1263 neque
728 1195 851 1248 sinit
883 1194 1117 1249 historia:
1149 1193 1346 1247 veritas
1375 1193 1531 1246 aliter
1562 1193 1756 1263 legere.

301 1264 505 1318 Eodem
531 1266 684 1329 libro,
718 1280 835 1334 cap.
860 1265 949 1333 57,
975 1266 1042 1319 dc
1072 1264 1323 1319 Sanctulo
1345 1263 1395 1316 in
1426 1263 1914 1337 Vulgatisghabetur
1944 1281 1957 1317 :
1984 1265 2114 1337 sicut
2136 1268 2405 1337 jucnndus
2428 1277 2539 1321 erat
2560 1277 2609 1321 et
2639 1268 2782 1321 vultu
2810 1276 2855 1321 et
2880 1267 3090 1335 animo;
3117 1265 3207 1320 tibi
3236 1273 3417 1320 exstat
3436 1264 3489 1321 in

222 1331 381 1406 Mss"
406 1337 539 1387 sicut
556 1331 907 1406 jocundierat
936 1331 993 1389 et
1022 1336 1187 1389 cultus
1208 1345 1266 1406 et,
1283 1335 1461 1388 animi.
1503 1334 1775 1403 Signiﬁcat
1796 1346 2009 1390 sanctus
2031 1331 2317 1404 Gregorius
2341 1338 2649 1393 Sanetulum
2679 1339 2800 1393 laeto
2824 1352 3037 1405 semper
3062 1331 3239 1390 animo
3264 1346 3317 1391 et
3346 1338 3492 1392 vultu

223 1404 417 1479 fuisse,
452 1404 592 1479 unde
618 1408 798 1461 subdit
831 1426 843 1460 :
876 1407 1193 1479 Laborantes
1241 1405 1609 1479 Langobardos
1648 1407 1761 1459 (tcto
1794 1408 1935 1460 vultu
1974 1410 2234 1479 salutavit.
2266 1408 2331 1461 Et
2379 1410 2537 1477 paulo
2568 1419 2687 1479 post
2720 1428 2732 1461 :
2772 1404 2982 1476 Quibus,
3015 1406 3259 1463 videlicet
3288 1406 3492 1478 Lango-

224 1474 412 1550 bardis
434 1492 462 1530 a
486 1478 675 1546 quibus
698 1478 905 1550 inprriis
935 1478 1213 1550 lacessitus
1240 1474 1541 1550 fuerattvir
1574 1476 1779 1550 Domini
1803 1478 1991 1532 lwtiori
2020 1478 2189 1531 adhuc
2216 1481 2357 1550 vultu
2381 1474 2676 1550 respondit.

301 1547 428 1603 Lib.
458 1565 529 1609 tv,
559 1564 673 1619 cap.
698 1549 773 1622 33
804 1549 854 1603 in
883 1550 1142 1604 Excusis:
1180 1548 1399 1622 Quidam
1432 1547 1723 1622 S_tepltttttu_s
1752 1551 1837 1622 qui
1870 1550 1974 1603 alio
2002 1550 2204 1603 nomine
2235 1548 2392 1622 Optio
2418 1547 2583 1605 dictus
2614 1554 2733 1622 fuit.
2756 1551 2812 1605 In
2842 1550 3089 1606 Editione
3120 1550 3493 1622 Gussanvillrei

220 1618 294 1673 ad
330 1618 857 1691 margincm’additur
891 1637 906 1677 :
939 1622 1022 1673 cui
1053 1636 1326 1688 cognomen
1354 1619 1507 1691 Optio
1535 1620 1656 1691 fuit.
1680 1618 2027 1675 Restituimus
2054 1631 2231 1676 autem
2258 1618 2323 1675 ex
2349 1620 2503 1688 Mss,
2531 1618 2757 1690 Quidam
2789 1623 3083 1691 Stephanus
3111 1622 3200 1691 qui
3222 1621 3277 1675 in
3300 1638 3479 1675 nume-

218 1704 283 1767 ro
317 1689 473 1767 (ξριίο
501 1693 814 1767 fuit.__l€rror
838 1707 868 1746 a
899 1692 1083 1767 primis
1114 1690 1707 1767 Editoribusincmpit;
1740 1692 1877 1760 quod
1930 1690 2108 1746 forsan
2167 1692 2505 1762 ignorarunt,
2553 1689 2691 1767 quid
2736 1694 2823 1749 hic
2866 1689 3132 1759 numerus,
3160 1691 3288 1763 quid
3333 1691 3486 1762 Optio

218 1760 570 1831 signiﬁcaret.
607 1762 897 1831 Utrumque
919 1763 1187 1819 docebunt
1216 1770 1357 1816 notae
1380 1761 1445 1815 ad
1474 1760 1614 1817 hunc
1647 1762 1841 1818 locum.

298 1831 554 1907 Ejusdem
586 1835 704 1888 libri
722 1849 841 1903 cap.
866 1835 930 1888 47
966 1849 979 1885 :
1016 1834 1082 1907 In
1111 1834 1285 1886 eodem
1306 1848 1501 1907 quoque
1541 1834 1844 1907 monasterio
1874 1833 2016 1907 a_lius_
2036 1834 2243 1907 quidam
2268 1834 2497 1890 Joannes
2536 1836 2703 1890 dictus
2742 1845 2836 1903 est,
2872 1852 3074 1907 magna:
3102 1836 3292 1891 indolis
3318 1836 3492 1891 adole-

220 1917 391 1975 scens,
418 1905 504 1972 qui
523 1915 725 1959 aetatem
746 1922 890 1959 suam
908 1906 1165 1960 intellectu
1198 1913 1245 1957 ct
1270 1904 1518 1975 gravitate
1540 1905 1869 1973 transigebat.
1902 1904 1987 1975 Ita,
2003 1904 2233 1960 barbare
2264 1907 2383 1961 libri
2408 1907 2565 1971 editi,
2594 1916 2649 1961 et
2676 1918 2862 1963 contra
2899 1904 3141 1963 sensum.
3171 1909 3241 1962 At
3272 1922 3338 1961 ex
3364 1908 3491 1961 Mss.

222 1973 646 2049 lumen_at'lulsit,
677 1976 769 2029 ubi
800 1975 1011 2049 legitur,
1034 1973 1304 2049 transibat,
1338 1975 1477 2049 quod
1504 1975 1852 2049 prtetulimus.
1888 1974 1992 2049 Sed
2024 1976 2214 2043 dehis,
2241 1988 2293 2049 et
2330 1978 2397 2030 de
2426 1976 2633 2031 Latinis
2656 1978 2887 2049 Dialogis
2918 1979 3071 2034 satis.
3108 1978 3259 2033 Nunc
3279 1977 3345 2031 de
3375 1993 3490 2034 ver-

220 2044 378 2127 sique
396 2044 931 2127 Eriecacoujunctim
962 2047 1052 2127 hic
1082 2046 1254 2127 edita,
1279 2046 1458 2127 paucis
1480 2046 1855 2127 praemonitnm
1882 2046 2143 2127 lectorem
2178 2048 2364 2101 velim.

287 2114 383 2168 XX
396 2114 456 2169 ν.
480 2114 812 2190 Dialogorum
822 2118 1255 2190 sanctiAGrt-gorii
1278 2114 1757 2190 interpretemiesse
1768 2117 2083 2190 Zachariam
2102 2126 2367 2173 testantur
2392 2120 2703 2175 Anastasius
2719 2120 3163 2176 Bibliothecarius
3176 2118 3266 2190 (In
3284 2116 3489 2190 Zttclt.),

220 2183 461 2241 Joannes
490 2183 756 2243 Diaconns
786 2188 923 2259 (Lib.
956 2187 1059 2255 IV,
1089 2183 1148 2244 ct
1170 2187 1295 2257 95),
1330 2183 1547 2242 Photius
1579 2188 1732 2255 (God.
1758 2188 1923 2255 252);
1949 2187 2204 2242 diiﬁtetur
2234 2204 2414 2244 nemo.
2450 2191 2644 2244 Errant
2674 2198 2851 2246 autem
2896 2201 3006 2246 tum
3037 2183 3271 2247 Joannes
3299 2183 3491 2243 Iliaco?

203 2271 350 2321 .nus,
388 2267 499 2311 tum
530 2259 754 2313 Photius
784 2262 835 2313 in
857 2262 1181 2329 assignaudo
1213 2268 1453 2327 tempore
1484 2274 1591 2327 quo
1620 2259 1819 2325 prodiit
1848 2259 1963 2312 hate
1992 2259 2393 2329 interpretatio;
2420 2260 2654 2316 Joannes
2685 2263 2831 2317 enim
2862 2262 2914 2318 id
2946 2262 3142 2317 factum
3169 2262 3350 2325 docet,
3378 2270 3491 2328 post

219 2343 390 2381 annos
415 2334 518 2398 fere
548 2340 749 2403 centum
782 2332 1106 2399 septuaginta
1136 2330 1379 2403 quinque,
1408 2331 1714 2403 temporibus
1744 2332 2065 2403 imperatoris
2088 2330 2427 2403 Constantini,
2458 2333 2666 2387 scilicet
2708 2333 3055 2403 Copronymi.
3093 2332 3313 2387 Photius
3341 2345 3491 2395 vero,

220 2402 655 2472 quemscquitur
684 2398 981 2471 anouymus
1010 2402 1060 2455 in
1092 2402 1406 2469 prrel‘atione
1434 2398 1618 2455 Graeca
1654 2398 1887 2455 versiOni
1922 2401 2215 2472 praemissa,
2268 2405 2465 2456 asserit
2506 2412 2721 2457 centum
2756 2398 3031 2470 sexaginta
3063 2403 3298 2472 quinque
3323 2416 3492 2455 annos

222 2469 524 2535 efﬂuxisse,
550 2474 690 2526 inter
721 2469 966 2540 Dialogos
988 2488 1017 2527 a
1051 2472 1309 2541 Gregorio
1348 2472 1617 2537 conditos,
1651 2472 1979 2541 eosdemque
2009 2487 2039 2525 a
2070 2471 2327 2526 Zacharia
2354 2472 2539 2528 Graece
2574 2474 2833 2529 redditos.
2869 2469 3092 2530 Constat
3135 2469 3311 2527 autem
3366 2486 3495 2525 san-

218 2548 372 2594 ctum
403 2541 715 2597 Zachariam
748 2558 834 2598 an.
868 2544 964 2597 7M
996 2544 1186 2599 sedere
1217 2544 1463 2610 ccepisse,
1499 2557 1597 2597 nec
1629 2544 1766 2596 ultra
1798 2544 1987 2598 decem
2011 2558 2183 2598 annos
2207 2556 2259 2600 et
2292 2558 2491 2612 paucos
2520 2560 2734 2601 menses
2760 2546 3058 2601 Eeclesiam
3077 2545 3312 2601 rexisse.
3342 2542 3492 2597 Unde

222 2624 352 2665 cum
386 2616 451 2668 ab
473 2629 612 2668 anno
640 2613 766 2680 595,
796 2631 900 2684 quo
924 2614 1075 2670 citius
1099 2613 1296 2667 conditi
1333 2629 1436 2667 non
1451 2623 1575 2667 sunt
1607 2614 1832 2684 Dialogi,
1868 2629 2037 2683 usque
2058 2614 2124 2668 ad
2149 2623 2387 2668 extrema
2421 2615 2761 2685 pontiﬁcatus
2779 2617 3050 2672 Zachariae
3080 2624 3345 2684 tempora,
3378 2630 3484 2667 non

217 2695 580 2738 numerantur
607 2685 943 2740 nisicentum
975 2684 1355 2754 quinquaginta
1383 2693 1505 2737 octo
1532 2686 1678 2750 anni,
1714 2694 2003 2752 utrumque
2035 2686 2085 2739 in
2106 2684 2463 2750 Chronologia
2497 2701 2751 2754 peccasse
2775 2703 2996 2743 necesse
3026 2696 3129 2743 est.

295 2754 450 2819 Quod
472 2765 677 2829 spectat
707 2757 772 2829 ad
803 2758 971 2829 ipsam
1004 2758 1327 2829 versionem,
1366 2755 1561 2829 legenti
1590 2755 1788 2829 patebit
1817 2770 1937 2829 eam
1956 2755 2026 2829 ab
2054 2756 2362 2829 authentico
2390 2755 2601 2822 Latino,
2636 2766 2744 2812 tum
2784 2759 2835 2812 in
2863 2759 3216 2829 capitulorum
3244 2756 3413 2829 titulis
3434 2766 3491 2809 et

216 2827 577 2892 argumentis,
602 2836 711 2881 tum
744 2826 799 2881 in
824 2828 942 2883 aliis
974 2827 1153 2881 multis
1182 2825 1488 2889 dissentire,
1521 2835 1579 2879 ut
1615 2827 1821 2892 aliquot
1842 2827 1895 2879 in
1926 2826 2059 2881 locis
2081 2828 2506 2882 observavimus.
2538 2830 2804 2896 Quantum
2830 2830 2899 2884 ad
2928 2825 3197 2885 scribendi
3228 2828 3489 2883 rationem

220 2897 445 2963 attinet,
480 2898 700 3022 VOCibliiS-
722 2909 893 2954 scatet
926 2899 1188 2967 barbaris,
1214 2910 1332 2966 qua:
1349 2897 1659 2952 doctissimo
1687 2896 1887 2969 Cangio
1919 2896 2109 2969 lingua:
2144 2896 2572 2955 Graecobarbartc
2605 2900 2938 2957 Glossarium
2968 2900 3240 2972 colligenti
3262 2900 3491 2968 amplam

220 2976 464 3022 segetem
482 2982 647 3022 suone
688 2980 905 3022 itarunt.
1995 2988 2008 2997 ’

216 2976 464 3038 segetem
482 2970 905 3038 suppeditarunt.
1995 2988 2008 2997 '

305 3038 496 3113 XXXI.
529 3040 675 3095 llanc
702 3041 1196 3108 interpretationem
1228 3049 1532 3111 corruptam
1561 3039 1722 3095 fuisse
1751 3040 1787 3113 l.
1820 3056 1877 3107 ιι,
1910 3054 2029 3110 cap.
2062 3040 2271 3113 ultimo,
2306 3043 2521 3113 antiqua
2546 3052 2627 3099 est
2655 3044 2878 3099 Joannis
2909 3043 3128 3100 Diaconi
3160 3043 3493 3111 aliorumque

216 3109 658 3184 orthodosorunt
683 3113 914 3180 querela.
950 3113 1049 3167 Ubi
1070 3114 1211 3168 enim
1238 3109 1425 3167 Latine
1453 3113 1643 3184 legitur
1676 3128 1691 3167 :
1726 3111 1851 3184 cum
1874 3109 2208 3184 constetquia
2228 3109 2527 3184 AParactitus
2558 3116 2789 3184 Spiritus
2830 3134 2859 3168 a
2888 3114 3047 3169 Patre
3076 3130 3277 3183 semper
3309 3109 3492 3182 proce-

214 3181 311 3254 dat
346 3189 397 3232 et
420 3178 596 3254 Filio,
620 3178 833 3237 Griecus
871 3184 1163 3254 interpres,
1212 3186 1295 3239 vel
1337 3178 1526 3252 potius'
1555 3182 1907 3250 interpolator
1932 3178 2106 3254 reddit
2140 3201 2151 3235 :
2184 3182 2521 3254 Manifestum
2557 3178 2630 3237 est
2674 3187 2812 3253 quod
2844 3186 3137 3239 Paraclitus
3172 3178 3401 3251 Spiritus
3430 3199 3493 3235 ea:

216 3248 393 3323 Patre
411 3253 670 3322 procedat,
703 3263 750 3307 et
774 3255 825 3307 in
854 3253 996 3308 Filio
1020 3248 1237 3308 inaneat.
1268 3248 1541 3309 ld'fraude
1579 3248 1884 3307 Graecorum
1935 3253 2165 3321 Spiritus
2197 3248 2370 3309 sancti
2403 3248 2799 3323 processionem
2830 3272 2859 3309 a
2892 3257 3029 3310 Filio
3069 3248 3491 3323 impugnantium

213 3318 426 3394 factum
458 3325 697 3391 queritur
727 3324 959 3379 Joannes
996 3327 1277 3380 Diaeonus.
1312 3325 1480 3394 Hujus
1516 3332 1693 3379 autem
1724 3318 2041 3393 corruptela:
2072 3333 2346 3380 auctorem
2379 3318 2544 3380 fuisse
2577 3326 2847 3391 Photium,
2878 3318 3265 3394 peritissimum
3292 3324 3492 3394 scilicet

214 3393 406 3447 talium
436 3394 871 3461 depravationum
904 3398 1183 3459 artificem,
1220 3396 1343 3450 inde
1372 3392 1604 3449 maxime
1633 3392 1899 3463 suspicor,
1930 3394 2071 3461 quod
2094 3394 2367 3449 Zachariae
2390 3410 2524 3463 opus
2564 3404 2620 3448 et
2649 3392 3009 3464 Gregorianos
3040 3393 3287 3462 Dialogus
3320 3392 3487 3459 pluri«

217 3477 375 3517 mum
404 3466 760 3521 commendet.
790 3466 1045 3522 Nimirum
1069 3483 1134 3522 ex
1154 3468 1256 3522 illis
1276 3465 1635 3535 interpolatis,
1656 3464 1879 3534 jamjam
1902 3464 2007 3520 sibi
2039 3474 2129 3518 aut
2151 3466 2265 3519 suis
2291 3474 2479 3521 contra
2511 3467 2914 3535 processionem
2944 3464 3177 3534 Spiritus
3205 3464 3379 3521 sancti
3405 3478 3491 3516 ar-

216 3536 635 3607 maAconilabat,
669 3547 722 3591 et
753 3538 1025 3594 machinas
1049 3538 1411 3607 comparabat.

300 3604 563 3681 Caeterum
602 3609 971 3681 aGraecorum
1018 3604 1203 3681 errore
1232 3616 1488 3681 quantum
1514 3607 1582 3661 sit
1604 3606 1827 3681 galienus
1877 3606 2192 3675 Gregorius,
2226 3606 2459 3681 probare
2490 3610 2541 3665 in
2575 3617 2823 3681 promptu
2871 3616 2978 3676 est,
3010 3618 3119 3663 tum
3143 3622 3209 3662 ex
3235 3605 3484 3681 symbolo

268 3676 377 3751 uod
406 3678 547 3751 initio
572 3680 655 3733 sui
690 3680 1031 3749 pontiﬁcatus
1063 3676 1260 3743 edidit,
1279 3680 1367 3734 ubi
1400 3678 1849 3751 docet__Spiritum
1869 3689 2111 3751 sanctum
2136 3676 2475 3751 necfgenitum
2499 3676 2590 3735 nec
2629 3676 2929 3751 ingenitum,
2961 3681 3049 3735 sed
3080 3676 3386 3751 croceternum
3426 3678 3491 3731 de

283 3756 394 3801 ‘atre
423 3758 467 3801 et
491 3747 627 3804 Filio
658 3747 1031 3819 procedentem,
1068 3761 1174 3805 tum
1224 3765 1287 3805 ex
1331 3750 1518 3820 multis
1533 3749 1745 3820 illoral.
1778 3748 1929 3820 locis.
1964 3748 2166 3817 Nempe
2191 3747 2285 3803 lib.
2316 3765 2353 3811 ι,
2384 3766 2532 3805 num.
2559 3753 2649 3820 30,
2685 3747 2811 3805 olim
2834 3766 2953 3820 cap.
2980 3753 3034 3817 7,
3066 3750 3176 3805 ait:
3208 3750 3345 3803 Dum
3373 3764 3494 3802 san-

221 3820 642 3892 ctum_8piritunt
674 3824 761 3892 qui
792 3840 823 3875 a
871 3840 925 3876 se
967 3824 1214 3891 procedit,
1246 3822 1293 3875 id
1325 3829 1409 3876 est
1447 3837 1478 3892 a
1513 3819 1670 3892 Filio.
1705 3820 1773 3873 Et
1802 3819 1895 3873 lib.
1933 3835 1985 3892 v,
2031 3836 2177 3892 num.
2205 3820 2273 3875 65
2311 3838 2321 3873 :
2358 3821 2459 3892 Qui
2490 3823 2551 3876 de
2578 3819 2738 3877 Patre
2766 3819 3073 3892 procedens,
3108 3829 3154 3875 et
3177 3821 3240 3875 de
3270 3837 3326 3875 eo
3355 3820 3493 3889 quod
3579 3850 3585 3857 κ

221 3888 761 3965 est__I_"_itii_accipiens.
787 3888 993 3948 Clarius
1018 3893 1191 3948 adhuc
1222 3892 1370 3965 hom.
1392 3891 1463 3965 26
1491 3892 1546 3965 in
1571 3891 1797 3965 Evang.,
1827 3899 1945 3958 post
1974 3891 2231 3965 initium:
2265 3892 2343 3945 De
2371 3891 2529 3965 ξαίνει
2550 3888 2778 3965 procedit
2811 3904 2859 3947 et
2888 3893 3051 3949 Filio.

294 3959 511 4035 XXVII.
539 3959 797 4035 Superest
820 3973 877 4017 ut
908 3974 1162 4033 quantum
1196 3980 1223 4017 a
1252 3961 1734 4035 nobisglaboratum
1758 3962 1827 4014 sit
1849 3968 1908 4013 ut
1933 3962 2354 4035 emendatiorem
2378 3959 2679 4020 Editionem
2705 3979 3117 4035 procuraremus
3140 3961 3491 4035 hujusinter—

220 4034 544 4104 prolationis
567 4034 767 4089 Gneo-.e
800 4032 980 4104 paucis
1025 4035 1346 4104 aperiamus.
1400 4032 1751 4104 Dissimulare
1797 4046 1903 4085 non
1950 4046 2235 4104 possumus
2275 4034 2328 4087 in
2371 4032 2996 4090 recensenda'Editioue
3042 4033 3491 4089 Gussanvillzeana

216 4102 513 4177 offendisse
536 4119 631 4158 nos
662 4108 712 4159 in
744 4102 1073 4175 gravissima
1087 4108 1373 4177 σςνάλματα.
1407 4102 1816 4177 Gomparatione
1851 4110 2031 4177 autem
2080 4102 2219 4177 facta
2264 4120 2383 4158 cum
2417 4105 2685 4177 Vaticanis
2711 4105 2901 4172 Editis,
2953 4106 3317 4177 intelleximus
3345 4104 3479 4157 Gus-

219 4176 562 4247 ganvillmum
594 4190 657 4229 ex
686 4172 968 4231 iis'omnes
1002 4172 1135 4245 pene
1165 4172 1593 4247 ty'pographieos
1630 4174 1812 4247 lapsus
1856 4172 2021 4247 etiam
2073 4175 2384 4247 graviores,
2419 4175 2471 4228 in
2504 4191 2599 4230 sua
2648 4177 3019 4241 transtulisse;
3072 4174 3332 4244 religione
3364 4190 3491 4241 erga

215 4241 496 4316 Romanos
527 4255 701 4316 typos,
735 4263 799 4300 an
830 4241 1132 4311 oscitantia,
1158 4241 1402 4316 judle'ent
1424 4245 1535 4298 alii.
1560 4243 1735 4311 Quod,
1768 4258 1835 4297 ne
1863 4241 2093 4297 inaniter
2119 4258 2149 4297 a
2182 4246 2338 4299 nobis
2364 4245 2556 4314 jactari
2587 4249 2858 4316 credatur,
2885 4241 3200 4316 quihusdam
3226 4247 3491 4314 exemplis

213 4314 275 4369 in
308 4314 795 4384 medinnrprolatis
826 4314 1251 4373 conﬁrmandum
1284 4327 1384 4371 est.

296 4387 537 4458 119111
572 4388 817 4443 Editione
849 4390 1134 4453 Gussanv.,
1169 4389 1262 4443 lib.
1298 4403 1383 4451 Ill,
1410 4401 1529 4455 cap.
1578 4384 1668 4451 21,
1701 4384 1809 4458 col.
1861 4385 1885 4437 1

1900 4384 1985 4451 78',
2019 4384 2211 4458 legit_ur
2241 4386 2540 4453 ἐκθλιϐῆναι,
2576 4390 2889 4448 ἐκϐληθῆναι.
2919 4390 2993 4444 lla
3027 4403 3237 4457 quoque
3267 4388 3317 4440 in
3355 4387 3494 4438 Vati-

210 4455 461 4511 catEiT-I—
491 4459 622 4525 Cap.
656 4460 747 4521 9.6,
781 4461 887 4514 col.
920 4462 1040 4523 187,
1074 4462 1266 4514 vitiosa
1298 4469 1379 4512 est
1402 4455 1763 4530 interpunctio
1796 4456 1804 4507 i

1891 4466 2107 4530 utraque
2132 4456 2381 4530 Editione
2408 4459 2507 4512 hoc
2530 4461 2689 4514 modo
2709 4478 2733 4530 λε
2765 4464 2849 4515 καὶ
2870 4464 2931 4516 τὰ
2962 4467 3030 4530 μή
3047 4455 3485 4530 -ύπο-στελλὸμεγᾳ,

212 4531 362 4601 ξίφος
391 4536 499 4595 τήν,
536 4540 667 4595 etc.,
693 4532 783 4583 ubi
818 4533 1135 4599 transposita
1166 4530 1368 4598 virgula
1398 4529 1702 4597 legendum,
1726 4528 1799 4601 ὑπ

1900 4526 2135 4601 ελλόμενςκ
2181 4529 2336 4599 ξίφος,
2379 4534 2497 4595 τήν,
2535 4540 2637 4583 etc.
2695 4528 2810 4585 Col.
2863 4526 2969 4585 188
3011 4533 3250 4601 ejusdem
3299 4526 3494 4601 capitis

207 4596 466 4675 pltitnum
500 4602 719 4655 verbum
754 4596 1011 4656 mendose
1040 4596 1295 4655 scribitur
1324 4600 1387 4675 in_
1409 4596 1654 4675 utraque,

1900 4614 1933 4675 ,ε
1968 4596 2321 4675 πειράσωμαι,
2358 4603 2812 4675 ρνονπειράσομαι.
2840 4596 3201 4675 -έβίὶῐῖ,28,
3229 4597 3333 4653 col.
3366 4596 3490 4675 ΔῙιξξθι

209 4670 274 4749 i_n
306 4684 549 4749 utraque,
570 4676 826 4745 καθώπερ,
855 4676 1218 4749 ρῐομκαθάτξερ.
1251 4670 1484 4749 Gap.
1640 4667 1723 4721 col
1748 4667 1803 4720 2(

1900 4667 1951 4748 in
1979 4664 2834 4749 utr'aqtte'htec'omittu'ntur'iere
2860 4664 3053 4726 initio':
3078 4674 3354 4749 θρηνῷνται
3383 4664 3494 4720 ὅθεν

212 4743 272 4819 ἐξ(
302 4737 593 4819 *ιτρςίρζξῖιητουΔ
629 4737 1094 4819 τριγ-ελετᾷνρύνῖων
1116 4737 1232 4819 ἸίέρΖ
1262 4737 1481 4819 "ﬁdem,
1513 4741 1668 4819 i_nfra,
1700 4750 1806 4807 pOSI

1899 4737 2147 4792 tindecim
2180 4741 2395 4796 circiter
2424 4743 2612 4809 lineas,
2644 4747 2688 4798 oi
2721 4749 3056 4816 συμμετοχή,
3091 4737 3185 4810 pro
3216 4741 3245 4796 ri
3266 4759 3395 4809 συμ-
3425 4766 3493 4775 -

212 4809 355 4879 (Ζαρζ
392 4811 481 4876 57,
512 4814 615 4869 cel.
646 4809 773 4877 215.
810 4830 972 4883 pr0pe
997 4816 1153 4869 linem
1178 4809 1233 4867 '05
1264 4815 1343 4877 τὸ,
1376 4826 1473 4881 pro
1492 4811 1673 4883 ρῦτως.

291 4883 416 4938 Lib.
449 4900 519 4948 tv,
554 4886 604 4938 in
638 4879 824 4949 titulu,
841 4879 958 4955 cap.
1012 4884 1076 4950 4,
1110 4884 1215 4940 col.
1248 4879 1603 4955 6nix—legitur
1650 4880 1885 4936 Ἐκκλησι

1903 4884 2133 4955 tciri-etot),
2182 4896 2278 4953 pro
2308 4883 2726 4943 Ἐκκλησιαστοῦ.
2774 4886 2828 4939 In
2876 4892 3117 4955 extrema
3172 4896 3292 4950 cap.
3339 4879 3497 4955 hujus

211 4966 394 5022 parte,
426 4958 525 5009 col.
561 4956 687 5021 230,
712 4951 1085 5025 prmtermissze
1107 4964 1229 5010 sunt
1253 4956 1373 5009 dua:
1404 4953 1561 5025 linea:
1593 4955 1835 5020 integrae.
1860 4979 1929 4991 -—-
1958 4951 2112 5025 Initio
2138 4951 2413 5023 sequentis
2443 4957 2661 5025 capitis,
2693 4955 2846 5017 ibid.,
2871 4954 3066 5025 desunt
3102 4955 3203 5025 tria
3238 4953 3498 5025 verba.—

207 5027 352 5094 Cap.
388 5027 472 5092 15,
503 5028 661 5094 paulo
681 5023 798 5093 post
828 5027 1058 5091 initium,
1082 5029 1188 5081 col.
1217 5025 1345 5090 216,
1372 5024 1548 5078 deﬁcit
1569 5024 1788 5077 omnino
1809 5036 1999 5094 sensus
2019 5023 2243 5077 duarum
2268 5023 2527 5079 linearum
2552 5023 3068 5094 omissione.—Cap.
3093 5024 3184 5087 38,
3210 5038 3314 5077 non
3340 5024 3497 5092 longe

206 5092 535 5150 ab‘exordio
570 5092 758 5166 legitur
786 5100 979 5161 καλεῖς,
1026 5111 1122 5165 pro
1146 5098 1330 5157 λαλεῖς.
1378 5096 1444 5149 Ει
1472 5109 1661 5149 versus
1694 5094 1795 5147 line

1900 5092 2101 5167 ipépou,
2136 5095 2275 5162 loco,
2302 5098 2516 5169 τρόμου.
2537 5094 2747 5164 ——Cap.
2777 5093 2865 5162 42,
2894 5092 3034 5149 circa
3069 5095 3306 5150 medium
3331 5094 3494 5167 ὑπερ-

203 5188 359 5222 κατω
372 5208 386 5232 ,
415 5184 509 5232 pro
534 5190 794 5222 υποκατω.

345 5192 359 5219 ›
451 5184 475 5220 ι·
553 5183 556 5184 ⁷
658 5211 667 5220 .
735 5192 794 5220 ω.

291 5183 447 5292 ἵηἌὲ
460 5184 732 5304 οέἰπῖἷὲἷ
760 5239 935 5294 nullos
964 5240 1167 5296 similes
1193 5252 1408 5293 errores
1436 5236 1859 5301 observavimus,
1908 5249 2013 5290 non
2045 5238 2185 5305 quod
2220 5238 2496 5307 superiora
2537 5236 2753 5305 puriora
2787 5235 2895 5293 sint
2924 5247 2977 5293 et
3003 5236 3373 5305 castigatiora,
3399 5235 3498 5307 sed

201 5310 344 5379 quia
369 5310 475 5378 jam
529 5311 640 5364 fere
672 5310 938 5381 integram
980 5312 1285 5366 Editioncm
1320 5308 1660 5378 Dialogorum
1697 5306 2172 5375 adornaveramus,
2216 5305 2501 5377 antequam
2533 5307 2744 5363 veniret
2775 5310 2830 5364 in
2859 5318 3093 5365 mentem
3124 5309 3239 5363 hate
3259 5305 3498 5362 animad-

201 5388 457 5435 vertere.
1920 5386 1923 5391 '

294 5451 367 5504 Ut
395 5452 459 5505 ab
489 5451 570 5506 his
593 5454 786 5508 erratis
809 5455 1022 5524 utrique
1052 5452 1423 5509 communibus
1449 5451 1708 5518 Edittom,
1741 5460 1795 5524 et
1821 5464 1851 5503 a
1880 5448 2052 5524 multo
2099 5448 2787 5524 pluribusgexpurgaremus
2817 5452 3197 5524 Zacharianatn
3233 5451 3499 5524 interpre:

199 5523 476 5578 tationem
500 5567 512 5588 ,
565 5534 763 5592 prasto
808 5519 960 5580 nobis
990 5528 1207 5581 fuerunt
1234 5524 1565 5590 exemplaria
1608 5524 1716 5577 duo
1746 5522 1957 5585 Grasea,
1992 5521 2213 5591 Regium
2245 5530 2300 5575 et
2329 5519 2725 5589 Colbertinum;
2782 5524 2919 5593 quod
2954 5532 3129 5576 tamen
3179 5523 3233 5575 in
3274 5535 3392 5593 cap.
3432 5519 3498 5573 i3

201 5594 341 5650 libri
376 5609 410 5666 u
436 5591 653 5649 desiuit.
683 5596 867 5666 Neque
900 5612 1027 5652 vero
1048 5598 1179 5651 satis
1205 5594 1361 5651 nobis
1388 5595 1508 5666 iuit,
1529 5607 1716 5666 eorum
1740 5607 1842 5666 ope
1870 5593 2123 5666 mendosa
2153 5596 2462 5660 emendare,
2496 5596 2595 5650 nisi
2623 5591 3137 5666 etiam'uuibusdam
3177 5591 3337 5666 notis,
3357 5604 3495 5666 qua:

196 5679 347 5792 satia
382 5665 489 5733 jam
519 5675 572 5720 et
594 5682 726 5734 pura
756 5658 932 5737 erant,
964 5670 1379 5733 illustraremus,
1412 5674 1468 5719 ut
1498 5663 1719 5721 lectoris
1744 5658 1986 5719 laborem
2012 5664 2312 5720 levaremus
2339 5658 2512 5737 (quad
2545 5666 2933 5737 aequibonique
2955 5663 3248 5732 consulat),
3281 5658 3489 5717 nullum

240 5742 602 5792 etrectatttes:

240 5742 602 5792 etrectatttes:
