4036 6346
481 412 3751 473 Wa

494 564 1114 653 PR/EFATIO
1150 562 1175 592 ⁸
1226 562 1351 646 ΙΝ
1427 550 2040 645 DIALOGOS
2094 545 2519 633 SANCTI
2599 544 3197 632 GREGORII
3270 541 3706 647 MAGNI,

1754 709 2091 775 AUCTORE
2129 706 2484 766 ΑΝΟΝΥΜΟ.

1829 862 2437 887 -ι-ι----⁸

546 965 701 1037 120
718 962 1065 1020 Ἐπαινοῦνται
1082 963 1169 1035 μὶν
1188 959 1397 1020 δικαίως
1423 960 1569 1030 παρὰ
1592 957 1793 1013 πάντων
1814 955 2063 1037 οίεὰρετήν

2248 952 2400 1021 121
2432 943 2624 1003 Merito
2664 943 2879 1016 quidem
2923 944 3136 1000 virtutis
3178 952 3472 1002 sectatores
3504 947 3766 1003 laudibus

467 1058 856 1133 μετερχόμενοι·
873 1058 929 1111 οὐ
941 1058 1040 1129 γὰρ
1057 1056 1199 1111 αὐτοί
1213 1055 1354 1126 μόνοι
1372 1058 1465 1109 τοῦ
1488 1050 1701 1128 κέρδους
1714 1052 2052 1122 μετέχουσιν·

468 1155 595 1207 ἀλλὰ
626 1158 837 1212 καὶτοῖς
861 1151 1130 1221 μετέπειτα
1158 1151 1313 1225 ὀρθῶς
1339 1146 1367 1185 δ
1399 1148 1575 1222 βιῶναι
1618 1145 2051 1222 προαιρουμένοις,

470 1247 693 1319 καθάπερ
742 1244 961 1316 ἔμπνουν
1008 1242 1171 1297 εἰκόνα
1218 1244 1301 1296 καί
1346 1242 1532 1299 στήλην
1566 1238 1825 1310 ἔμψυχον,
1860 1236 1942 1293 διὰ
1964 1246 2057 1297 τῆς

469 1344 664 1409 μνήμης
700 1339 888 1394 ταύτην
933 1336 1419 1408 καταλιμπάνουσιν.
1466 1335 1955 1405 Ἀξιεπαινετῶτεροι
2002 1330 2057 1387 δέ

469 1432 650 1500 μᾶλλον
670 1431 714 1484 οἱ
743 1435 915 1486 πᾶσαν
944 1428 1173 1487 σπουδήν
1199 1429 1461 1500 τιθέμενοι,
1496 1428 1627 1497 μετά
1652 1426 1709 1482 τό
1744 1428 2058 1497 κατορθῶσαι

468 1530 558 1583 τήν
582 1526 784 1600 ἀρετὴν,
815 1530 905 1579 τοῦ
930 1526 1014 1578 καὶ
1049 1525 1436 1598 συγγράμματα
1469 1528 1541 1591 τῷ
1580 1521 1678 1591 βίῳ
1713 1520 2053 1587 καταλείπειν,

467 1615 717 1687 δυνάμενα
765 1618 897 1691 πρὸς
949 1618 1128 1694 ἀρετήν
1171 1615 1473 1687 γυμνάζειν,
1506 1614 1627 1672 τοὺς
1671 1612 1811 1683 πόθῳ
1856 1612 2059 1673 τούτοις

465 1714 893 1785 ἐντυγχάνοντας.
936 1712 1157 1783 Μεγίστη
1185 1712 1285 1785 γάρ
1326 1706 1442 1768 ὁδός
1468 1707 1598 1781 πρὸς
1640 1712 1730 1766 τὴν
1770 1713 1859 1761 τοῦ
1908 1709 2058 1765 καθή-

466 1826 636 1866 κοντος
689 1806 889 1881 εὕρεσιν
934 1806 965 1863 ἡ
1012 1805 1195 1873 μελέτη
1239 1811 1339 1859 τῶν
1387 1803 1525 1856 θείων
1560 1805 1762 1877 γραφῶν
1791 1798 2056 1870 (Basilius,

465 1899 612 1968 epist.
648 1899 668 1950 l
705 1899 771 1950 ad
800 1897 1017 1966 (ἕτερον.
1051 1894 1237 1963 Naz.).
1270 1894 1348 1949 Ἐν
1376 1896 1592 1955 ταύταις
1626 1897 1724 1969 γὰρ
1756 1894 1839 1947 καί
1878 1893 1931 1947 αί
1961 1899 2059 1947 τῶν

466 1994 695 2065 πράξεων
733 1991 981 2048 ὑποθῆκαι
1027 1990 1376 2063 εὑρίσκονται,
1408 1991 1489 2043 καί
1533 1987 1632 2059 βίοι
1659 1993 1758 2041 τῶν
1800 1988 2058 2061 μακαρίων

467 2080 662 2157 ἀνδρῶν
708 2080 1027 2154 ἀνάγραπτοι
1068 2079 1505 2155 παραδεδομένοι,
1558 2075 1655 2133 οἷον
1700 2080 1883 2141 εἰκόνες
1929 2080 2061 2139 τινές

469 2173 610 2245 {milia
618 2196 708 2246 χοι
737 2183 827 2235 τῆς
855 2176 984 2231 κατά
1010 2178 1131 2230 Θεὸν
1160 2176 1416 2235 πολιτείας
1444 2181 1517 2247 τῷ
1536 2177 1790 2246 μιμήματι
1812 2180 1910 2229 τῶν
1932 2175 2062 2244 ἀγα-

467 2268 562 2319 θῶν
586 2266 749 2342 ἔργων
765 2268 1087 2343 πρόκεινται’
1116 2269 1282 2328 καθὼς
1311 2276 1332 2304 ο
1366 2269 1446 2321 καί
1466 2287 1598 2326 τινις
1626 2272 1725 2323 τῶν
1756 2266 1910 2339 ἁγίων
1926 2268 2063 2339 ἡμῶν

2166 1043 2405 1097 omnium
2436 1039 2800 1095 celebrantur.
2830 1037 3016 1109 Neque
3048 1039 3191 1093 enim
3222 1038 3323 1093 sibi
3372 1040 3501 1095 solis
3543 1041 3756 1098 lucrum

2164 1141 2505 1205 comparant,
2536 1144 2720 1185 verum
2765 1129 2925 1185 etiam
2957 1130 3191 1200 posteris
3231 1139 3377 1187 recte
3404 1133 3612 1189 vivendi
3641 1145 3763 1189 stu-

2162 1230 2254 1285 dio
2283 1228 2479 1284 deditis
2504 1226 2649 1281 illam
2673 1226 2819 1281 velut
2847 1226 3121 1281 viventem
3155 1227 3436 1297 quamdam
3469 1228 3761 1299 imaginem

2164 1328 2220 1376 et
2247 1320 2537 1375 animatam
2576 1326 2805 1372 statuam
2855 1319 3113 1373 laetorum
3157 1332 3377 1373 suorum
3424 1320 3761 1392 relinquunt.

2163 1412 2269 1471 Sed
2318 1412 2486 1468 multo
2533 1411 2777 1481 ampliori
2822 1410 2976 1466 laude
3006 1410 3152 1482 digni
3182 1411 3437 1467 censendi
3479 1422 3632 1478 sunt,
3662 1416 3764 1484 qui

2163 1514 2285 1576 post
2313 1505 2520 1562 virtutis
2550 1518 2713 1574 opera
2743 1518 2903 1559 omne
2948 1503 3183 1559 studium
3226 1504 3277 1557 in
3320 1518 3385 1558 co
3426 1515 3764 1573 posuerunt,

2163 1608 2223 1653 ut
2258 1599 2456 1668 scripta
2505 1597 2707 1650 mundo
2755 1596 3158 1679 relinquerent,
3190 1609 3312 1667 qua;
3354 1609 3469 1661 eos,
3500 1598 3588 1667 qui
3631 1612 3764 1652 cum

2163 1694 2356 1751 atl'ectu
2388 1694 2478 1749 illa
2511 1694 2781 1763 legerent,
2811 1691 2877 1745 ad
2913 1694 3168 1747 virtutem
3200 1691 3481 1749 instituere
3512 1701 3568 1749 et
3594 1708 3768 1749 exer-

2164 1803 2286 1845 cere
2316 1796 2554 1857 possent.
2584 1784 2808 1840 Maxima
2836 1783 2978 1839 enim
3013 1784 3091 1840 via
3118 1784 3186 1841 ad
3218 1784 3271 1840 id
3297 1786 3438 1854 quod
3470 1786 3764 1842 honestum

2162 1889 2248 1937 est
2276 1877 2648 1935 inveniendum
2667 1918 2682 1943 ,
2716 1875 3112 1945 Scripturarum
3143 1876 3447 1932 divinarum
3476 1887 3559 1934 est
3586 1878 3765 1934 modi-

2164 1972 2328 2037 tatio;
2359 1969 2627 2043 siquidem
2657 1968 2709 2022 in
2744 1966 2809 2022 iis
2852 1966 3122 2022 actionum
3166 1978 3431 2039 praecepta
3478 1974 3768 2039 reperiun-

2164 2072 2271 2135 tur,
2298 2073 2353 2120 et
2382 2063 2507 2120 vita:
2542 2071 2856 2120 sanctorum
2885 2061 3121 2116 virorum
3160 2062 3376 2132 scriptis
3407 2062 3611 2119 traditae
3641 2064 3765 2121 vel-

2166 2157 2243 2212 uti
2278 2158 2522 2226 quaedam
2549 2155 2745 2211 divina:
2768 2154 3192 2210 conversationis
3228 2154 3489 2225 imagines
3510 2158 3763 2213 animata

2165 2251 2231 2307 ad
2278 2251 2626 2306 imitationem
2680 2248 2946 2303 bonorum
2990 2262 3215 2318 operum
3264 2250 3549 2320 proposita:
3592 2261 3715 2307 sunt
3742 2293 3761 2321 ,

466 2362 701 2434 πατέρων
729 2362 846 2434 περί
874 2360 1055 2416 τούτου
1079 2360 1457 2432 ἐφιλοσόφησαν.
1488 2358 1679 2413 Πολλῶν
1705 2360 1874 2414 τοίνυν
1892 2380 2059 2414 σπου-

2172 2350 2325 2414 prout
2350 2341 2563 2413 quidam
2593 2350 2898 2396 sanctorum
2928 2338 3146 2395 Patrum
3188 2348 3491 2399 nostrorum
3521 2343 3764 2416 philoso-

465 2447 616 2504 δαίων
640 2449 832 2526 ἀνδρῶν
857 2454 988 2507 κατά
1014 2456 1102 2509 τὴν
1126 2452 1342 2506 παλαιὰν
1368 2454 1451 2505 καί
1477 2456 1645 2509 καινήν
1672 2448 1904 2509 διαθήκην
1934 2474 2064 2522 συγ·

466 2547 746 2619 γράμματα
774 2544 1205 2599 καταλελοιπότων
1234 2551 1307 2614 τῷ
1338 2544 1464 2617 βίῳ,
1495 2544 1727 2619 ἱστορίας
1753 2565 1807 2599 τε
1849 2550 1948 2597 τῶν
1973 2565 2063 2617 γε·

467 2635 684 2711 γονότων
721 2640 805 2691 καί
840 2638 1147 2712 προφητείας
1183 2644 1281 2692 τῶν
1317 2635 1587 2707 μελλόντων
1631 2636 1975 2709 περιέχοντα,
2007 2636 2065 2689 οὐ

468 2734 568 2799 μὴν
595 2730 717 2784 ἀλλὰ
739 2730 882 2800 βίους
904 2729 1057 2799 ἁγίων
1084 2731 1166 2783 καί
1192 2729 1435 2802 ἐναρέτων
1460 2726 1655 2802 ἀνδρῶν
1671 2768 1686 2793 ,
1711 2734 1809 2781 τῶν
1840 2746 1894 2781 τε
1931 2727 2065 2782 κατά

470 2829 559 2881 τὴν
582 2822 836 2882 ’Δνατολήν
859 2826 941 2877 καί
973 2822 1221 2895 Αἴγυπτον
1251 2824 1297 2876 ίν
1322 2824 1532 2880 ἀσκήσει
1557 2820 1969 2893 διαπριψόωτωνο
2014 2821 2066 2874 ἐκ

470 2921 759 2991 πνεύματος
788 2916 932 2989 ἁγίου
963 2920 1192 2982 κινηθείς,
1227 2918 1312 2972 καί
1342 2916 1576 2976 όπαντός
1604 2917 1812 2970 ίπαίνου
1847 2915 2065 2989 ὑπέρτε-

472 3034 560 3085 ρος
585 3012 608 3066 ὁ
633 3015 684 3067 ἐν
707 3013 867 3084 ἁγίοις
898 3018 1070 3086 πατήρ
1098 3014 1237 3083 ἡμῶν
1269 3012 1545 3087 Γρηγόριος
1583 3010 1609 3065 ό
1639 3012 2067 3087 παμμακάριστος

471 3104 496 3157 ό
518 3114 609 3163 τῆς
631 3105 994 3177 μεγαλωνύμου
1029 3103 1221 3163 πόλεως
1244 3103 1437 3174 Ῥώμης
1456 3102 1718 3177 γενόμενος
1746 3105 1946 3167 πὰπας,
1973 3106 2067 3157 σὺν

470 3200 550 3249 καὶ
580 3196 767 3274 ἑτέροις
792 3197 1047 3257 πλείστοις
1075 3196 1269 3267 βίϐλοις
1299 3196 1462 3249 κάλλει
1497 3215 1552 3249 τε
1585 3195 1763 3259 λέξεως
1806 3196 1889 3249 καί
1927 3196 2067 3266 βάθει

471 3291 729 3360 νοημάτων
754 3288 1149 3361 διαλάμπουσιν,
1176 3293 1259 3345 καὶ
1282 3291 1402 3350 τοὺς
1423 3290 1569 3361 βίους
1593 3296 1691 3345 τῶν
1720 3290 1771 3343 ἐν
1793 3297 1855 3363 τῇ
1882 3289 2068 3364 Ἰταλίᾳ

470 3381 857 3459 διαπρεψὰντων
897 3384 1049 3456 ἁγίων
1078 3381 1318 3458 ἀνδρῶν,
1349 3379 1375 3418 ἀ
1403 3381 1507 3437 καθ’
1536 3381 1626 3443 οὓς
1652 3404 1705 3437 τε
1737 3383 1957 3459 χρόνους
1984 3385 2069 3437 καί

472 3474 661 3532 τόπους
692 3476 955 3546 γεγόνασιν
979 3513 995 3537 ,
1039 3476 1088 3527 ἐν
1133 3476 1388 3548 τέσσαρσι
1433 3474 1644 3547 βιϐλίοις
1674 3484 1696 3511 ⁸
1814 3476 2067 3545 Ῥωμαίων

474 3565 717 3637 διαλέκτῳ
763 3565 1097 3640 διεγράψατο.
1151 3565 1439 3621 Διελθόντων
1488 3565 1541 3621 δέ
1587 3566 1681 3626 ἤδη
1737 3588 1835 3621 που
1893 3567 2069 3622 ἑκατόν

472 3658 709 3723 ἑξήκοντα
734 3661 879 3713 πέντε
910 3660 1170 3723 ἐνιαυτῶν,
1202 3662 1285 3713 καί
1313 3659 1521 3731 μηδενός
1548 3670 1647 3714 τῶν
1671 3662 1872 3715 πάντων
1904 3681 2069 3715 σπου·

472 3750 561 3810 δὴν
590 3753 794 3823 θεμένου
823 3749 907 3806 ἐπί
936 3756 1025 3809 τὴν
1052 3757 1250 3806 ταυτῶν
1280 3753 1590 3825 μετάφρασιν
1622 3752 1673 3805 ἐκ
1702 3760 1792 3813 τῆς
1822 3755 2067 3822 Ῥωμαίας

473 3845 543 3904 εἰς
565 3849 652 3901 τήν
678 3842 886 3897 ιΕλλάδα
913 3843 1162 3915 γλῶτταν,
1196 3841 1219 3896 δ
1248 3844 1302 3897 ἐκ
1323 3851 1414 3904 τῆς
1443 3840 1625 3898 ἄνωθεν
1660 3844 1679 3880 ί
1726 3844 1889 3916 ῥοπῆς
1919 3843 2069 3919 φημ’

475 3936 612 3994 σθεὶς
641 3939 825 4007 ποιμήν
856 3956 909 3991 τε
947 3938 1031 3990 καὶ
1060 3937 1418 4011 ποιμενὰρχκς
1458 3938 1543 3989 καί
1582 3932 1761 4006 όδηγός
1805 3935 2067 4007 όρθοδόξου

477 4027 720 4091 πίστεως,
772 4026 796 4081 ό
845 4034 931 4082 τοῦ
980 4029 1349 4104 πρωτοϐἁθρου
1394 4036 1491 4084 τῶν
1544 4030 1836 4085 ἀποστόλων
1883 4033 2067 4107 Πέτρου

476 4117 725 4191 διάδοχος
757 4123 1045 4196 Ζαχαρίας,
1078 4121 1103 4175 ό
1146 4122 1617 4196 τρισμακάριστος,
1662 4124 1748 4179 καί
1785 4123 2066 4195 ἰσάγγελος,

476 4208 802 4270 ἀποστολικός
830 4214 911 4265 καὶ
942 4213 1273 4285 οἱκουμενικὸς
1297 4216 1497 4277 πάπας,
1526 4214 1744 4286 φιλόθεος
1775 4213 1841 4270 ὧν
1876 4219 1961 4270 καί
1987 4240 2068 4288 φι-

481 4303 685 4364 λόκαλος
711 4310 801 4363 τὴν
828 4308 1029 4378 ψυχήν,
1058 4310 1140 4361 καί
1168 4307 1276 4362 ὅλον
1302 4308 1482 4364 ἑαυτὸν
1507 4311 1701 4371 ἀναθείς
1726 4319 1786 4385 τῇ
1817 4311 2069 4386 μελλούσῃ

478 4396 874 4473 μισθαποδοσίᾳ,
903 4402 1034 4476 μετὰ
1080 4402 1281 4454 πάντων
1327 4402 1477 4457 αὐτοῦ
1517 4408 1616 4457 τῶν
1657 4403 1854 4475 ἀγαθῶν
1884 4424 2069 4479 κατορ-

478 4488 721 4559 θωμάτων
744 4491 988 4564 ἐπιμελῶς
1016 4493 1288 4563 σχολάζων
1314 4502 1426 4554 ταῖς
1465 4495 1618 4555 θείαες
1657 4504 1905 4569 γραφαῖς,
1945 4497 2072 4552 κατά

476 4587 564 4641 τὴν
616 4584 815 4641 ἐντολὴν
860 4591 951 4639 τοῦ
1001 4587 1174 4659 κυρίου
1209 4590 1299 4644 τήν
1341 4588 1659 4657 φάσκουσαν,
1690 4586 1947 4666 Ἐρευνᾶτε
1975 4591 2072 4649 τὰς

476 4678 704 4753 γραφὰς,
756 4678 806 4731 ἐν
861 4678 1046 4737 αὐταῖς
1087 4679 1188 4753 γὰρ
1231 4677 1421 4734 δοκεῖτε
1476 4683 1605 4743 ζωήν
1657 4682 1852 4735 αἰώνιον
1899 4679 1929 4736 ἔ
1933 4694 2065 4751 χειν·

477 4768 801 4837 ἐπιμνησθεὶς
832 4771 947 4845 περὶ
985 4775 1074 4825 τοῦ
1114 4769 1229 4840 βίου
1255 4772 1337 4824 καὶ
1372 4778 1463 4831 τῆς
1508 4770 1762 4831 πολιτείας
1803 4780 1902 4825 τῶν
1945 4773 2072 4827 κατὰ

479 4861 568 4914 τήν
611 4859 848 4917 ἀνατολὴν
889 4860 1163 4932 γενομένων
1209 4860 1364 4933 ἁγίων
1405 4864 1641 4933 πατέρων
1684 4865 1767 4916 καί
1816 4865 2066 4928 ἀσκητῶν,

480 4946 665 5016 βουλήν
699 4950 907 5018 ἀρίστην
938 4953 1316 5018 ἕϐουλεύσατο,
1360 4960 1451 5009 τοῦ
1492 4956 1574 5007 καὶ
1611 4962 1635 4998 8
1669 4956 1763 5014 τὰς
1802 4955 1955 5015 αὐτὰς
1993 4955 2074 5024 βί-

482 5037 634 5099 ϐλους
663 5040 757 5098 τὰς
785 5042 928 5111 παρὰ
962 5050 1059 5097 τῶν
1094 5045 1330 5119 ἀνωτέρω
1369 5046 1801 5116 μνημονιυθέντων
1843 5065 2071 5121 συγγρα-

2172 2437 2317 2507 phati
2359 2445 2502 2493 sunt.
2533 2435 2796 2491 Caeterum
2827 2450 2948 2490 cum
2986 2434 3143 2513 multi
3180 2436 3486 2492 exstiterint
3525 2439 3760 2495 studiosi

2170 2530 2273 2586 viri
2314 2538 2421 2585 tam
2469 2530 2520 2583 in
2551 2527 2732 2584 Veteri
2779 2543 2937 2599 quam
2984 2528 3039 2584 in
3083 2527 3232 2583 Novo
3273 2529 3639 2598 Testamento,
3666 2533 3764 2603 qui

2168 2621 2367 2692 scripta
2408 2621 2803 2692 praeteritarum
2844 2635 3028 2677 rerum
3071 2620 3321 2678 historias
3366 2631 3421 2678 et
3462 2623 3764 2683 futurarum

2169 2714 2554 2786 praedictiones
2600 2714 2929 2769 continentia
2984 2714 3101 2769 orbi
3150 2714 3512 2784 reliquerunt,
3553 2731 3763 2774 necnon

2173 2808 2321 2863 Vitas
2343 2815 2652 2863 sanctorum
2677 2814 2734 2861 et
2755 2805 2955 2860 virtute
2977 2804 3321 2876 pmditorum
3349 2805 3645 2872 hominum,
3667 2809 3765 2879 qui

2170 2919 2264 2975 per
2294 2903 2563 2958 Orientem
2594 2909 2649 2957 et
2678 2900 2965 2971 Egyptum
3000 2900 3051 2954 in
3084 2901 3191 2954 vita
3222 2902 3517 2957 monastica
3567 2903 3761 2958 excel-

2169 2998 2421 3063 luerunt,
2450 2993 2654 3065 Spiritu
2703 2998 3148 3058 sancto'motus,
3192 2993 3338 3049 omni
3385 2993 3541 3049 laude
3588 2993 3766 3063 major

2172 3094 2386 3146 sanctus
2414 3091 2570 3145 Pater
2596 3095 2779 3143 noster
2801 3087 3089 3157 Gregorius
3113 3086 3451 3142 beatissimus
3472 3097 3524 3143 et
3550 3088 3770 3159 inclytae

2170 3182 2319 3237 urbis
2366 3181 2551 3235 Romae
2592 3193 2750 3250 papa,
2784 3192 2887 3232 una
2915 3192 3037 3232 cum
3068 3176 3313 3246 plurimis
3342 3178 3461 3233 aliis
3493 3179 3641 3234 libris
3673 3179 3767 3234 di-

2171 3273 2365 3329 ctionis
2424 3279 2707 3327 venustate
2754 3278 2810 3326 et
2865 3284 3117 3325 sensuum
3177 3271 3539 3342 proluuditate
3587 3273 3770 3330 niten-

2174 3368 2335 3431 tibus.
2370 3364 2518 3419 Vitas
2547 3365 2708 3419 etiam
2738 3371 3046 3418 sanctorum
3078 3364 3352 3419 hominum
3381 3366 3471 3435 qui
3513 3364 3567 3419 in
3609 3366 3767 3423 italia

2171 3459 2483 3523 eluxerunt,
2531 3465 2585 3511 et
2632 3471 2739 3525 quo
2791 3465 3033 3527 tempore
3081 3457 3341 3526 quibusve
3386 3459 3437 3511 in
3480 3458 3611 3514 locis
3656 3460 3764 3517 flo-

2172 3560 2419 3616 ruerunt,
2473 3557 2703 3620 quatuor
2750 3547 2901 3603 libris
2953 3547 3137 3603 Latina
3187 3547 3363 3619 lingua
3414 3551 3761 3618 conscripsit.

2170 3650 2304 3703 Cum
2334 3656 2514 3705 autem
2560 3646 2893 3704 eiﬂuxisscnt
2924 3647 2952 3686 ιι
2976 3649 3087 3718 jam
3134 3657 3345 3705 centum
3392 3660 3445 3703 et
3488 3649 3767 3718 sexaginta

2093 3736 2141 3800 C
2172 3743 2407 3813 quinque
2447 3742 2607 3807 anni,
2646 3750 2699 3797 et
2728 3757 2795 3797 ex
2838 3741 3086 3796 omnibus
3129 3756 3287 3796 nemo
3330 3750 3572 3810 repertus
3616 3749 3768 3796 esset

2173 3834 2261 3904 qui
2293 3834 2359 3889 ad
2393 3833 2535 3905 ipsos
2565 3849 2631 3890 ex
2684 3834 2871 3889 Latina
2915 3834 3093 3903 lingua
3143 3834 3193 3888 in
3241 3833 3478 3887 Graecam
3531 3833 3766 3889 transfe-

2174 3926 2615 3997 rendos'operam
2666 3924 3030 3994 impenderet,
3063 3925 3246 3979 divino
3284 3924 3511 3979 consilio
3557 3923 3770 3979 electus

2175 4028 2384 4088 pastor,
2410 4028 2461 4074 ct
2493 4018 2739 4089 princeps
2770 4026 3074 4086 pastorum,
3106 4015 3418 4071 orthodoxae
3452 4014 3571 4069 lidei
3619 4014 3729 4069 dux
3749 4058 3765 4082 ,

2175 4122 2229 4169 et
2262 4112 2515 4183 principis
2543 4111 2911 4182 apostolorum
2953 4110 3094 4166 Petri
3126 4122 3405 4163 successor
3452 4107 3763 4177 Zacharias,

2175 4218 2255 4264 ter
2281 4209 2491 4275 beatus,
2517 4217 2571 4263 et
2594 4208 2797 4277 angelis
2825 4222 2941 4277 par,
2967 4206 3293 4276 apostolicus
3314 4214 3367 4260 ct
3394 4205 3770 4261 mcumeuicus

2172 4316 2330 4373 papa,
2361 4318 2481 4356 cum
2515 4301 2744 4355 animam
2777 4299 3001 4355 haberet
3054 4299 3145 4353 Dei
3186 4308 3238 4352 et
3270 4298 3647 4367 praeclararum
3675 4312 3772 4352 re-

2175 4408 2293 4448 rum
2330 4400 2596 4448 amantem
2616 4435 2630 4459 ,
2664 4402 2717 4448 et
2745 4400 2915 4448 totum
2946 4405 3004 4446 se
3035 4392 3373 4447 retributioui
3418 4392 3608 4445 iuturze
3632 4404 3771 4445 con-

2175 4495 2469 4555 secrasset,
2497 4487 2636 4541 inter
2666 4495 2857 4541 caetera
2889 4488 2955 4541 ab
2985 4486 3100 4555 ipso
3148 4487 3403 4556 praeclare
3446 4494 3614 4556 gesta,
3643 4483 3773 4539 dili-

2174 4587 2362 4650 genter
2408 4580 2701 4648 Scripturis
2741 4579 2935 4634 divinis
2976 4594 3191 4643 vacans,
3233 4580 3385 4647 juxta
3437 4586 3770 4648 praeceptum

2177 4671 2386 4727 Domini
2416 4670 2644 4726 dicentis
2670 4689 2681 4724 :
2712 4670 3029 4725 Scrutamini
3060 4670 3382 4741 Scripturas,
3413 4670 3531 4741 quia
3559 4670 3611 4723 in
3641 4670 3773 4740 ipsis

2174 4764 2415 4818 videmini
2442 4764 2598 4818 vitam
2626 4771 2864 4819 (sternam
2896 4762 3079 4817 habere
3124 4760 3306 4834 (Jama.
3333 4780 3385 4829 ν,
3418 4760 3526 4834 19).
3561 4762 3773 4818 Recor-

2176 4855 2333 4911 datus
2368 4856 2487 4911 vita:
2526 4865 2580 4912 et
2625 4855 3051 4911 conversationis
3096 4864 3401 4911 sanctorum
3448 4854 3665 4909 Patrum
3710 4864 3771 4911 et

2179 4951 2563 5006 monachorum
2596 4952 2684 5021 qui
2716 4950 2770 5006 in
2800 4948 3019 5005 Oriente
3049 4950 3326 5016 vixerunt,
3354 4948 3613 5019 optimum
3649 4950 3767 5004 sci-

2181 5045 2304 5101 licet
2331 5043 2564 5114 suscepit
2590 5043 2870 5099 consilium
2901 5051 3009 5098 tam
3042 5041 3209 5097 libros
3238 5042 3354 5096 illos
3384 5056 3413 5096 a
3446 5040 3575 5096 viris
3601 5054 3767 5111 supra

480 5130 661 5199 φείσας
687 5137 750 5203 τῇ
780 5128 1001 5205 Ῥωμαία
1038 5131 1277 5206 διαλέκτῳ
1303 5175 1317 5199 ,
1357 5138 1452 5197 τοὶς
1472 5146 1545 5192 ’τε
1588 5139 1942 5212 περιεχούσας
1974 5143 2064 5192 τῶν

2183 5135 2491 5191 memoratis
2526 5135 2710 5189 Latina
2755 5135 2930 5205 lingua
2974 5134 3329 5203 conscriptos,
3365 5148 3521 5203 quam
3552 5146 3645 5189 eos
3672 5133 3771 5201 qui

481 5228 615 5283 κατά
633 5230 724 5288 τήν
744 5224 953 5284 Ἰταλίαν
980 5226 1364 5303 διαπριψὰντων
1396 5231 1554 5306 ἁγίων
1586 5234 1823 5307 πατέρων
1863 5233 2074 5305 ἀρετὰς,

562 5414 589 5443 ι
619 5404 786 5476 Abest
812 5420 842 5462 a
872 5406 1156 5463 Codicibus
1184 5408 1411 5476 Latinis,
1441 5421 1495 5467 et
1523 5414 1591 5467 ab
1621 5411 1725 5467 Ed.
1756 5412 1931 5471 Vatic.
1966 5413 2073 5470 Ex-

485 5483 596 5532 stat
623 5473 812 5533 Grsece
839 5478 890 5532 in
916 5476 1048 5533 Cod.
1080 5479 1209 5550 Reg.
1234 5473 1406 5548 2954,
1433 5492 1486 5538 et
1512 5482 1665 5540 Colb.
1692 5482 1854 5539 2500.

559 5545 586 5586 δ
608 5548 758 5621 Colb.
789 5550 949 5621 βιοῦν.

562 5628 587 5697 ξ
616 5619 749 5697 μεθ.
772 5619 969 5697 τινι
994 5628 1187 5680 τῶν....
1216 5624 1627 5697 πεφιλοσόφηται.

560 5688 586 5727 ά
616 5690 741 5746 Mss.
773 5693 882 5746 καθ’
910 5695 1047 5753 οἴους
1073 5715 1145 5750 τε.

562 5770 586 5837 ξ
619 5760 863 5837 ροιὺςτῇ
883 5762 1102 5837 Ῥομαίᾳ.

563 5828 584 5869 τ
616 5830 738 5887 Mss.
774 5828 907 5895 θείας
929 5828 1106 5909 ῥοπῆς.

2183 5230 2615 5301 complectuntur
2661 5228 2887 5284 virtutes
2936 5236 3243 5282 sanctorum
3295 5226 3510 5280 Patrum
3574 5224 3663 5294 qui
3713 5224 3770 5279 in

2252 5421 2277 5461 ι
2308 5410 2543 5486 Colbert.
2586 5412 2689 5471 Τὰς
2721 5411 3185 5486 αὐτὰς-τέσσαρας
3225 5409 3433 5486 βίςλους
3476 5406 3619 5486 παρὰ
3674 5413 3768 5459 τοῦ

2176 5484 2407 5562 ἀνωτέρω
2438 5484 2854 5569 μνημονευθὲντος
2891 5480 3123 5553 ἀοιδίμου
3162 5481 3354 5554 πατρὸς
3392 5480 3530 5550 ἡμῶν
3574 5488 3774 5554 Γρηγο-

2179 5579 2289 5632 ριου
2315 5577 2717 5629 συγγραφεισας.

2250 5628 2277 5666 ιι
2308 5628 2537 5683 Joatmes
2569 5626 2850 5689 Diaconus,
2884 5624 2975 5678 lib.
3002 5640 3081 5689 IV,
3109 5638 3227 5691 cap.
3253 5622 3340 5684 75,
3372 5627 3621 5674 numerat
3651 5634 3777 5675 ceu-

2182 5708 2293 5752 tum
2343 5708 2396 5751 et
2442 5698 2776 5765 septuaginta
2832 5696 3064 5765 quinque
3119 5708 3307 5747 annos.
3360 5690 3667 5765 Utrumque
3715 5692 3778 5750 in

2183 5760 2540 5835 Chronologia
2572 5760 3218 5822 aberrasse-ostendimus
3246 5766 3295 5817 in
3325 5760 3470 5832 praef.
