4036 6346
222 319 321 380 “9

1469 324 1578 381 DIA
1588 325 1918 385 LOGORUII
1958 328 2167 388 LIBER
2208 333 2245 388 I.

3393 345 3501 405 150

219 439 366 500 Italia
391 436 730 508 claruerunt,
762 435 818 496 in
861 438 1093 513 linguam
1133 442 1376 500 Graecam
1409 447 1793 516 transferendi;

1906 454 1974 512 είς
1999 458 2088 513 τήν
2115 455 2329 512 Ἐλλάδα
2352 459 2671 532 μεταφράσαι
2696 463 2942 534 γλῶτταν·
2974 461 3199 539 ἀφθόνως
3237 471 3398 523 πᾶσιν
3421 469 3502 525 θέ-

217 532 436 604 cupiens
478 530 732 596 videlicet
775 532 959 590 utilem
1030 535 1221 592 anima:
1276 537 1502 594 fructum
1554 553 1622 596 ex
1666 542 1795 612 ipsis

215 629 622 704 provenientem
645 630 981 688 abundanter
1003 634 1211 690 cunctis
1233 624 1466 706 elargiri.
1493 636 1606 692 Hoc
1632 635 1795 706 igitur

215 723 276 779 ad
305 723 467 780 tinem
493 720 786 789 deducens,
813 722 1126 784 thesaurum
1153 725 1366 797 quidem
1400 726 1824 784 indeficientem

215 822 274 878 iis
299 821 389 892 qui
425 820 664 877 studiose
686 819 855 876 libros
878 821 998 877 illos
1020 819 1243 892 legerint
1264 821 1512 894 reliquit;
1542 821 1644 878 sibi
1667 837 1796 880 vero

219 913 510 984 repositam
558 912 806 970 ﬁdelibus
846 921 901 970 et
947 912 1302 984 prudentibus
1341 914 1800 985 dispensatoribus

215 1006 515 1064 mercedem
547 1005 849 1078 acquisivit.
894 1005 1266 1078 Subiectorum
1316 1016 1494 1066 autem
1543 1009 1803 1066 librorum

152 1103 164 1151 t
213 1099 386 1171 capita
415 1108 542 1157 sunt
571 1101 896 1170 huiusmodi.

1903 545 2001 599 λων
2021 549 2276 620 παρέχειν
2303 551 2389 604 τὸν
2419 552 2468 615 ἐξ
2498 555 2664 606 αὐτῶν
2703 554 3031 629 ποριζόμενον
3077 555 3304 629 ψυχικὸν
3348 559 3502 615 πλοῦ-

1903 659 2011 695 τον.
2037 646 2198 696 Τοῦτο
2225 637 2310 697 οὖν
2356 647 2429 705 εἰς
2474 647 2636 721 πέρας·
2664 648 2898 719 ἀγαγὼν,
2936 650 3191 725 θησαυρὸν
3234 653 3323 723 μίν
3357 654 3503 708 ἀνέκ-

1903 731 2107 789 λειπτον
2145 743 2252 795 τοῖς
2295 736 2433 804 πόθῳ
2475 738 2884 811 ἐντυγχάνουσιν
2931 744 3187 808 κατέλιπε,
3238 745 3403 816 ἑαυτῷ
3449 745 3504 802 δὲ

1906 822 1991 879 τὸν
2017 825 2344 899 ἀποκείμενον
2382 831 2559 898 μισθὸν
2595 838 2694 885 τῶν
2732 839 2930 890 πιστῶν
2960 837 3046 889 καί
3087 832 3335 911 φρονίμων
3371 839 3505 891 οἰκο-

1907 915 2070 989 νόμων
2107 923 2528 990 περιεποιήσατο.
2561 929 2588 958 ⁸
2616 930 2723 978 Τῶν
2762 923 2816 979 δέ
2857 926 3279 1000 ὕποτιταγμίνων
3315 928 3504 999 βίϐλων

1910 1011 2034 1064 εἰσίν
2062 1012 2128 1067 τὰ
2154 1012 2398 1082 κεφάλαια
2430 1013 2611 1076 οὕτως.

1982 1112 2008 1142 α
2039 1103 2170 1172 Quae
2195 1116 2492 1174 sequuntur
2521 1109 2715 1165 desunt
2742 1111 2793 1166 in
2823 1109 2978 1168 Colb.

268 1231 426 1316 ifion.
447 1232 878 1316 uiguiu‘editipne
894 1235 1244 1316 ιξὶειιιιοιίἰειὶιιε
1279 1239 1522 1316 evolvitur
1567 1239 1914 1316 (Ericen-latina
1956 1240 2120 1316 series
2162 1241 2481 1292 elenchorum
2504 1245 2739 1310 capitum,
2760 1258 2852 1309 qua
2885 1258 2973 1297 nos
3003 1247 3228 1299 consulto
3253 1262 3497 1316 caremus,

213 1297 395 1360 quippe
411 1297 547 1360 quod
568 1297 721 1349 iidem
747 1298 944 1350 elenchi
964 1299 1174 1364 singulis
1195 1303 1443 1366 capitibus
1467 1303 1652 1367 praefixi
1675 1301 1922 1366 legantur.
1959 1301 2096 1353 Eutr.

220 1431 1047 1462 ἒ

2672 1451 3498 1462 —————.—_—_

1047 1583 1520 1696 SANCTI
1599 1563 2216 1700 GBEGORII
2297 1594 2672 1704 PAPIE

642 1786 2044 1939 DIALOGORUM
2143 1798 2687 1944 LIBRI
2784 1805 3038 1971 IV,

875 2014 978 2074 DE
1025 2015 1219 2078 VITA
1264 2016 1367 2076 ET
1412 2017 1847 2082 MIRACULIS
1883 2040 1910 2068 ιι
1947 2022 2273 2088 PATRUM
2320 2026 2861 2106 ITALICORUM,

1327 2159 1408 2212 ΕΤ
1442 2161 1527 2213 DE
1561 2159 1982 2214 IETERNITATE
2015 2163 2378 2218 ANIMARUM.

1371 2394 2336 2534 ΓΡΗΓΟΡΙΟΥ

971 2599 1061 2635 τοι·
1093 2599 1353 2638 ΔῐἹΩτΛτΟΥ
1391 2603 1475 2639 ΚΑΙ
1510 2603 1843 2640 ΑΠΟΣΤΟΔΙΚΟΥ
1877 2589 1904 2629 b
1941 2606 2069 2642 HAI'H
2105 2607 2194 2642 τηε
2227 2607 2545 2646 ΠΡΕΣΒΥΤΕΡΑΣ
2581 2610 2739 2648 ΡΩΜΠΣ

581 2706 613 2748 ⁸
696 2710 1781 2894 ΔΙΑΛΟΓΟΙ
1887 2721 3112 2904 ΙΣΤΟΡΙΚΟΙ.

1241 3004 1254 3016 ,
1350 2959 1526 3007 ΠΡΟΣ
1557 2961 1855 3018 ΠΕΤΡΟΝ,
1895 2949 1923 2990 ἀ
1961 2963 2362 3027 AleONON,‘

915 3068 1031 3140 Περὶ
1052 3065 1302 3126 πολιτείας
1334 3063 1580 3141 διαφόρων
1597 3068 1830 3143 πατέρων
1850 3074 1949 3127 τῶν
1977 3070 2029 3124 ἐν
2054 3078 2116 3142 τῇ
2146 3071 2329 3147 Ἰταλία
2355 3071 2763 3149 διαλαμφὰντων.

615 3207 900 3288 LIBER
973 3206 1384 3287 PRIMUS.

272 3353 442 3435 159
471 3346 709 3418 Quadam
740 3346 825 3402 die
855 3347 1034 3401 nimiis
1070 3345 1421 3416 quorumdam
1455 3343 1791 3399 saecularium

203 3448 521 3506 tumultibus
547 3442 856 3511 depressus,
886 3440 1078 3508 quibus
1101 3436 1156 3492 in
1181 3437 1290 3491 suis
1314 3437 1538 3506 negotiis
1563 3436 1793 3505 plerum-

206 3535 566 3610 quecogimur
578 3532 788 3588 solvere
803 3530 963 3586 etiam
983 3529 1127 3598 quod
1142 3543 1239 3584 nos
1252 3537 1457 3583 certum
1473 3535 1675 3582 estnon
1693 3526 1792 3580 de-

205 3629 358 3695 bere,
407 3635 675 3682 secrctum
706 3624 876 3679 locum
910 3622 1038 3693 petii
1085 3621 1317 3676 amicum
1351 3629 1374 3656 °
1401 3619 1671 3688 maeroris,
1702 3619 1793 3675 ubi

209 3738 374 3781 omne
402 3720 537 3792 quod
569 3719 637 3774 de
681 3730 801 3772 mea
825 3716 955 3771 mihi
985 3715 1333 3784 occupatione
1363 3712 1700 3784 displicebat,
1734 3727 1793 3768 se

205 3826 455 3890 patenter
478 3813 806 3878 ostenderet,
837 3819 891 3867 et
919 3820 1108 3866 cuncta
1133 3825 1252 3880 quae
1278 3808 1518 3878 inﬂigere
1545 3809 1788 3864 dolorem

205 3915 616 3971 consueverant,
651 3913 905 3975 congesta
931 3913 1055 3959 ante
1076 3903 1262 3958 oculos
1279 3903 1502 3957 licenter
1525 3904 1789 3957 venirent.

204 4001 278 4059 Ibi
308 4003 497 4070 itaque
523 4013 642 4054 cum
671 3979 906 4051 afﬂictus
931 3994 1090 4051 valde
1113 4002 1167 4050 et
1194 3993 1280 4048 diu
1307 3993 1498 4048 tacitus
1523 3993 1789 4060 sederem,

203 4094 588 4151 dilectissimus
614 4091 752 4146 ﬁlius
783 4104 934 4147 meus
954 4089 1144 4146 Petrus
1166 4088 1420 4143 diaconus
1443 4087 1632 4153 adfuit,
1662 4088 1792 4142 mihi

200 4199 232 4242 a
259 4186 520 4256 primaevo
544 4182 840 4252 iuventutis
872 4183 1004 4236 flore
1041 4180 1296 4235 amicitiis
1326 4179 1664 4235 familiariter
1690 4181 1789 4236 ob-

203 4277 452 4343 strictus,
483 4284 646 4345 atque
677 4275 742 4327 ad
774 4273 913 4328 sacri
959 4272 1110 4327 verbi
1140 4271 1537 4342 indagationem
1592 4274 1789 4327 socius.

200 4369 299 4438 Qui
323 4367 480 4440 gravi
509 4365 735 4436 cxcoqui
763 4364 946 4420 cordis
971 4365 1229 4434 languore
1270 4378 1358 4419 me
1405 4365 1644 4430 intuens,
1679 4363 1787 4417 ait:

198 4459 577 4530 Nunquidnam
624 4456 756 4512 novi
785 4455 880 4510 tibi
923 4455 1118 4525 aliquid
1150 4455 1380 4520 accidit,
1417 4457 1560 4525 quod
1589 4457 1708 4524 plus
1740 4463 1791 4512 te

197 4553 358 4610 solito
413 4565 614 4606 mteror
647 4549 831 4604 tenet?
875 4548 994 4614 Cui,
1047 4548 1306 4617 inquam:
1342 4548 1556 4611 Mteror,
1609 4548 1786 4614 Petre,

197 4657 356 4713 quem
379 4641 619 4713 quotidie
642 4637 833 4711 patior,
867 4647 918 4694 et
947 4653 1158 4708 semper
1187 4637 1315 4692 mihi
1340 4653 1434 4709 per
1460 4654 1613 4694 usum
1635 4648 1790 4695 vetus

197 4742 299 4800 est,
326 4744 382 4790 et
415 4748 628 4803 semper
657 4747 754 4802 per
782 4739 1125 4802 augmentum
1149 4746 1339 4786 novus.
1376 4729 1396 4768 τ
1425 4730 1607 4786 Infelix
1631 4733 1785 4801 quip-

198 4839 265 4895 pe
288 4827 512 4881 animus
541 4838 695 4880 meus
729 4824 1096 4894 occupationis
1119 4839 1231 4878 suac
1258 4825 1496 4893 pulsatus
1525 4826 1750 4881 vulnere
1769 4869 1782 4894 ,

196 4919 450 4976 meminit
476 4919 651 4989 qualis
678 4917 966 4988 aliquando
1005 4916 1058 4971 in
1102 4918 1432 4972 monasterio
1466 4917 1590 4984 fuit;
1626 4918 1783 4991 152

263 5107 291 5136 ⁸
318 5097 398 5154 Ila
435 5097 571 5166 pler.
620 5095 790 5154 Codd.
821 5096 990 5153 Abest
1017 5104 1196 5152 tamen
1241 5094 1566 5161 Italicorum,
1599 5113 1628 5151 a
1674 5097 1781 5153 Ge-

190 5177 324 5225 met.
353 5179 411 5225 et
441 5167 580 5228 And.
611 5167 838 5238 Sanctus
864 5167 1154 5238 Gregorius
1181 5166 1311 5238 satis
1325 5166 1505 5238 innuit
1535 5167 1634 5223 sibi
1659 5183 1785 5238 pro-

191 5241 436 5306 positum
457 5253 576 5294 esse
597 5239 664 5293 de
684 5237 935 5293 Patribus‘
953 5237 1149 5292 Italicis
1171 5236 1358 5308 iloqui.
1391 5238 1621 5293 Consule
1649 5236 1784 5308 pra:-

189 5309 286 5364 fat.
324 5309 501 5364 Porro
525 5323 622 5379 per
646 5308 831 5364 Patres
875 5307 1207 5378 intelligendi
1248 5317 1371 5362 sunt
1401 5307 1656 5379 majores,
1689 5326 1783 5364 seu

187 5380 398 5447 sancti,
426 5378 717 5449 superioris
733 5380 925 5444 astatis.
942 5379 1056 5435 Non
1088 5379 1245 5449 igitur
1268 5380 1412 5449 solos
1435 5378 1522 5434 hic
1541 5379 1786 5448 designat

188 5447 517 5516 monachos,
541 5465 608 5507 eo
627 5465 790 5508 sensu
813 5467 917 5520 quo
945 5447 1161 5516 dicitur,
1195 5449 1310 5520 Vite
1341 5447 1578 5504 Patrum.
1607 5447 1786 5518 Quan-

227 5537 354 5576 uam
396 5522 568 5577 soleat
593 5521 652 5578 S.
700 5518 896 5577 Doctor
941 5521 1234 5577 monachos
1284 5518 1465 5575 Patres
1515 5522 1784 5589 appellare

227 5593 362 5647 Vide
388 5593 428 5646 ι.
455 5608 530 5664 tv,
552 5593 675 5647 olim
701 5609 784 5659 ut,
813 5593 961 5664 epist.
993 5591 1083 5658 46,
1113 5591 1186 5648 af.
1219 5592 1332 5662 44),
1357 5603 1412 5649 et
1434 5599 1641 5664 veteres
1673 5607 1783 5646 mo-

193 5665 432 5733 nachos,
458 5663 683 5730 abbates,
711 5665 812 5720 hoc
832 5662 914 5719 est
941 5664 1146 5731 Patres,
1172 5672 1503 5733 nuncupatos
1527 5662 1785 5731 legamus.

261 5731 292 5773 δ
321 5734 608 5808 ᾼὺθει-ιιαί
636 5736 976 5808 ἀποστολικοῦ
1008 5750 1036 5790 a
1066 5735 1193 5791 MSS.
1224 5731 1374 5790 Colb.

267 5813 293 5842 ε
491 5803 745 5878 διάλογος.

1824 3203 1872 3260 Β

2222 3219 2661 3309 ΒΙΒΛΙΟΝ
2718 3224 3198 3316 ΠΡΩΤΟΝ.

2162 3365 2261 3435 Μία
2289 3369 2386 3416 τῶν
2425 3365 2623 3438 ἡμερῶν
2654 3364 2896 3442 σφοδραῖς
2925 3391 3060 3424 τισιν
3097 3372 3336 3446 ἀνάγναις
3373 3397 3492 3433 κοσ-

1900 3457 2072 3519 μικαῖς
2095 3451 2350 3524 βαρηθείς,
2384 3453 2434 3517 ἐξ
2471 3450 2535 3505 ὧν
2565 3456 2614 3506 ἐν
2651 3462 2767 3516 ταῖς
2798 3460 2982 3521 αὐταῖς
3008 3469 3386 3537 πραγματείαις
3416 3470 3494 3524 ἐκ·

1899 3539 2107 3594 λύεσθαι
2135 3541 2185 3593 ἐκ
2210 3543 2402 3604 παντὸς
2431 3545 2844 3618 ἀναγκαζόμεθα,
2879 3547 3002 3628 ὅπερ
3025 3559 3176 3610 τοῦτο
3207 3555 3254 3610 ἐν
3285 3559 3401 3629 ἡμῖν
3424 3562 3495 3615 ·τό

1899 3633 2106 3688 σύνολον
2137 3629 2260 3689 εἶναι
2290 3636 2379 3690 οὐκ
2413 3637 2620 3709 ὀφείλει,
2655 3644 2924 3715 ᾐτησάμην
2963 3643 3166 3717 ἐμαυτῷ
3208 3650 3497 3722 ἡσυχάζον·

1897 3727 1961 3782 τά
1989 3749 2103 3784 τινα
2133 3729 2288 3784 τόπον
2315 3728 2442 3801 φίλον
2475 3738 2566 3792 τῆς
2590 3731 2778 3803 λύπης,
2807 3735 2853 3789 ἐν
2882 3733 2920 3810 ᾧ
2949 3737 3092 3810 τὸπῳ
3119 3739 3318 3797 ἅπαντα
3344 3748 3407 3798 τὰ
3437 3753 3496 3818 τῇ

1900 3821 1992 3896 ἐμῇ
2024 3823 2372 3900 ἀπαρέσκοντα
2394 3824 2639 3898 φροντίδι,
2665 3829 2797 3883 αὐτὰ
2811 3851 2898 3900 μοι
2922 3839 3147 3910 φανερῶς
3168 3834 3497 3891 ἐπεδεικνύονυ

1898 3935 1978 3979 το,
2012 3918 2091 3968 καί
2133 3916 2297 3971 πάντα
2326 3914 2359 3970 ἃ
2386 3915 2469 3972 τὸν
2504 3918 2655 3972 πόνον
2695 3919 2930 3975 ἐκθλίϐειν
2975 3925 3238 3989 εἰώθασιν,
3287 3928 3495 3982 ἐνώπιον

1898 4009 1998 4058 τῶν
2017 4005 2149 4076 ἐμῶν
2167 4006 2426 4076 ὀφθαλμῶν
2449 4008 2667 4068 εὐκόλως
2683 4011 3018 4085 παρίσταντο.
3046 4011 3176 4069 ἐκεῖ
3194 4017 3357 4071 τοίνυν
3379 4019 3496 4071 καθ-

1900 4098 2135 4167 εζομένου
2186 4120 2316 4170 μου,
2358 4100 2491 4154 πάνυ
2535 4101 2857 4174 τεθλιμμένου
2901 4108 2982 4159 καὶ
3021 4108 3422 4178 ἡσυχάζοντος,
3472 4108 3498 4164 ὃ

1875 4189 2166 4260 ,ἀγαπητὸς
2208 4211 2306 4260 μου
2349 4192 2461 4252 υίὸς
2496 4195 2679 4267 Πέτρος
2718 4194 2742 4248 ὁ
2781 4193 3009 4258 διάκονος
3044 4202 3277 4275 παρέστη
3305 4223 3413 4274 μοι,
3446 4201 3497 4264 ὅς

1900 4303 1978 4342 τις
2008 4286 2094 4336 καὶ
2127 4284 2178 4337 ἐκ
2200 4288 2410 4359 πρώτου
2437 4293 2616 4362 καιροῦ
2649 4294 2737 4348 τῆς
2771 4289 2960 4350 ἡλικίας
2998 4294 3151 4347 αὐτοῦ
3176 4337 3190 4361 ,
3228 4297 3312 4350 καί
3337 4297 3384 4349 ἐν
3425 4303 3497 4369 τῷ

1902 4379 1993 4432 τῆς
2017 4373 2249 4435 νεότητος
2279 4373 2433 4442 ἄνθει,
2471 4381 2688 4449 γνησίως
2735 4382 2782 4433 ἐν
2815 4389 2885 4451 τῷ
2930 4389 3021 4443 τῆς
3064 4385 3228 4455 φιλίας
3264 4395 3287 4433 3
3324 4385 3495 4456 δεσμῷ

1903 4465 2227 4537 συνηρμόσθη
2255 4487 2360 4537 μοι,
2384 4468 2439 4520 οὐ
2458 4473 2554 4538 μήν
2576 4469 2697 4524 ἀλλά
2724 4474 2808 4525 καί
2849 4473 2900 4525 ἒν
2935 4481 2997 4548 τῇ
3032 4481 3133 4529 τῶν
3167 4477 3311 4550 ἱερῶν
3341 4477 3494 4547 λόγων

1901 4550 2216 4610 διατυπώσει
2256 4560 2486 4619 κοινωνός
2514 4581 2599 4631 μοι
2628 4566 2862 4634 γεγονὼς,
2894 4563 2946 4624 ὃς
2987 4587 3063 4625 τις
3092 4567 3400 4636 θεασάμενός
3431 4589 3494 4636 με

1895 4646 2126 4721 σφοδρῶς
2170 4656 2243 4722 τῷ
2287 4659 2379 4712 τῆς
2425 4651 2635 4728 καρδίας
2661 4661 2916 4727 νοσήματι
2949 4660 3334 4730 συγκαιόμενον,
3364 4657 3454 4728 ἔφη
3477 4676 3490 4690 '

1896 4742 2054 4797 Μήτοι
2074 4759 2130 4812 γε
2157 4741 2260 4795 νεῖν
2284 4764 2333 4797 τι
2354 4744 2566 4809 συνέϐη,
2590 4743 2665 4800 ὄτι
2689 4747 2950 4822 πλειοτέρα
2972 4767 3028 4800 σε
3051 4753 3140 4800 τοῦ
3166 4745 3312 4807 ἔθους
3332 4747 3485 4814 λύπη,

1898 4831 1968 4890 ὡς
1996 4831 2114 4908 ὁρῶ,
2146 4835 2384 4904 κατέχει;
2414 4831 2452 4908 ᾧ
2483 4857 2578 4891 τινι
2606 4839 2908 4912 ἀποκριθεὶς,
2942 4833 3098 4890 εἷπον⁶
3133 4848 3183 4896 Ἦ
3212 4839 3376 4908 λύπη,
3405 4843 3493 4896 Πέο

1896 4942 2007 4998 τρι,
2047 4925 2204 5000 ἥνπερ
2247 4927 2354 4980 καθ’
2400 4928 2591 5000 ἡμέραν
2645 4929 2896 4999 ὑπομένω,
2936 4934 3009 4981 τῶ
3035 4929 3125 4998 μὲν
3163 4927 3269 4988 ἔθει
3293 4932 3488 4990 παλαιά

1963 5100 1990 5137 ά
2019 5101 2147 5157 Mss.
2201 5102 2585 5179 ἀρχιδιοίξιονον.
2643 5102 2784 5179 Infra
2847 5103 3106 5162 diaconus
3173 5109 3490 5177 simpliciter

1891 5174 2399 5246 nuncupaturﬂam
2425 5175 2477 5228 in
2512 5182 2660 5229 textu
2689 5174 2808 5230 Lat.
2839 5189 3000 5246 quam
3040 5179 3096 5236 in
3139 5174 3489 5242 translatione

1891 5241 2101 5298 Graeca.
2856 5241 2872 5246 ⁷

1969 5314 2238 5387 f_Germ.,
2270 5315 2496 5369 maerori.
2533 5314 2773 5387 Gemet.,
2808 5321 3013 5376 mereri
3041 5337 3173 5376 meo.

1966 5379 2119 5465 {Iste
2141 5384 2293 5440 locus
2322 5400 2489 5465 usque
2515 5387 2588 5465 ad
2619 5379 2781 5465 verba
2813 5392 2949 5458 haec,
2983 5407 3136 5465 quem
3157 5391 3362 5465 reliqui,
3386 5407 3483 5451 ex-

1891 5453 2125 5532 scriptus
2150 5464 2235 5509 est
2264 5470 2296 5510 a
2321 5453 2480 5532 Beda,
2513 5459 2552 5514 l.
2585 5460 2842 5532 n_7Hist.,
2897 5453 3016 5530 cap'.
3047 5464 3102 5532 1,
3155 5470 3212 5519 et
3249 5453 3280 5520 εἰ
3311 5453 3479 5522 Paulo

1891 5524 2041 5600 l_)iac.
2064 5567 2077 5589 ,
2113 5526 2164 5600 in
2196 5528 2575 5600 sanctiﬁreg.
2629 5530 2769 5586 Vita.
2801 5524 3006 5589 Similia
3054 5524 3242 5591 scribit
3267 5543 3488 5592 sanctus

1898 5595 2566 5723 gogtozénpﬁzﬁffloral.
2597 5601 2666 5657 ad
2697 5601 3025 5671 Leandrum,
3050 5613 3106 5660 et
3135 5604 3188 5661 in
3218 5605 3378 5674 epist.
3411 5605 3478 5674 4,

1941 5705 2392 5819 ’_é’h2‘g."a;'.‘;1.;§.'
2413 5742 2564 5800 Colb.
2593 5744 2843 5803 convenit
2866 5759 2984 5803 cum
3013 5743 3210 5814 Editis,
3236 5745 3328 5819 qui
3361 5745 3485 5806 οισ-

1904 5816 1984 5878 μῷ
2010 5813 2318 5878 praeferunt.
2827 5823 2832 5826 '
