4036 6346
474 332 571 390 ibi

1681 322 1921 379 SANCTI
1960 321 2289 380 GREGORII
2330 319 2541 379 MAGNI

3642 332 3749 392 l52

469 452 606 511 ἐστι,
647 442 730 500 διά
771 442 823 498 δὲ
859 442 1152 515 προσθήκης
1190 444 1375 503 νεάζει.
1408 445 1435 475 ⁸
1464 438 1786 515 Ταλαιπωρεῖ
1821 442 1982 494 τοίνυν
2023 441 2050 499 ή

2158 433 2425 506 quomodo
2465 431 2515 488 ei
2545 430 2781 489 labentia
2812 443 3003 491 cuncta
3043 436 3228 495 subter
3256 449 3441 509 erant;
3481 453 3743 514 quantum

468 546 623 616 ψυχή
649 564 746 615 μου
865 540 1047 599 ἑαυτῆς
1074 535 1329 610 ἀσχολίᾳ,
1355 535 1638 605 νυσσομένη
1672 542 1744 605 τῷ
1774 534 2051 612 τραύματι.

468 632 772 709 Μνημονεύει
792 633 888 706 γάρ
912 630 1061 685 ὁποία
1076 631 1199 684 ποτὲ
1217 630 1267 682 ἐν
1283 619 1354 697 τῷ
1370 630 1690 702 μοναστηρίῳ
1724 626 1875 699 151
1890 630 2057 703 ὑπῆρ-

473 740 564 799 χε·
592 730 702 784 πῶς
730 723 859 797 αὑτῇ
887 718 1058 775 πάντα
1096 719 1164 773 τά
1193 722 1262 791 μή
1304 720 1545 775 ἀνήκοντα
1582 719 1834 774 ὑπέκειτο·
1884 720 2057 774 πόσων

470 820 784 892 πραγμάτων
804 818 902 867 τῶν
930 812 979 864 ἐν
1012 818 1084 881 τῷ
1113 811 1206 881 βίῳ
1244 810 1541 880 κυλιομένων
1568 810 1996 886 ὑπερανέστηκεν,
2025 813 2057 869 ἦ

472 930 552 970 τις
579 906 723 963 οὐδὲν
740 907 911 981 ἕτερον
941 905 983 958 εἰ
1014 907 1082 976 μή
1109 905 1174 958 τά
1212 903 1413 976 οὐράνια
1450 908 1692 975 μεριμνᾷν
1723 900 1908 957 εἴωθεν·
1936 923 2057 978 κρα-

473 1005 687 1077 τουμένη
713 1004 813 1075 γὰρ
834 1008 906 1071 τῷ
927 1003 1132 1071 σώματι
1151 999 1215 1053 τά
1241 1006 1331 1058 τῆς
1356 999 1543 1071 σαρκός
1572 998 1793 1073 κλεῖθρα,
1836 1007 1896 1073 τῇ
1936 998 2059 1053 θεω-

473 1103 559 1176 ρίᾳ
582 1097 901 1174 ὑπερέϐαινε·
936 1093 1012 1150 διὸ
1042 1097 1122 1149 καί
1160 1092 1245 1147 τόν
1285 1094 1527 1159 θάνατον,
1555 1094 1651 1148 σιὸν
1684 1098 1815 1149 πᾶσι
1851 1094 2057 1172 φοϐερόν

473 1194 801 1269 ὑπάρχοντα,
832 1191 1008 1263 ὥσπερ
1032 1185 1222 1242 εἴσοδον
1252 1190 1383 1250 ζωῆς·
1414 1190 1499 1243 καί
1529 1193 1618 1241 τοῦ
1650 1189 1877 1256 καμάτου
1906 1190 2059 1248 αὐτῆς

474 1285 690 1352 ἀμοιϐήν
720 1280 913 1354 ἠγάπα.
945 1278 1003 1333 Ἠ
1030 1301 1107 1340 τις
1134 1286 1221 1332 νῦν
1250 1282 1497 1355 προφάσει
1518 1287 1848 1355 ποιμαντικῆς
1876 1282 2057 1356 μερίμ-

472 1397 583 1443 νης,
620 1381 867 1446 κοσμικῶν
908 1373 1182 1448 ἀνθρώπων
1230 1373 1527 1447 πράγμασιν
1566 1374 1876 1437 ὑποπίπτει,
1908 1370 1933 1408 δ
1976 1375 2059 1429 καί

473 1467 607 1535 μετά
634 1470 870 1519 τοσοῦτον
895 1466 1087 1537 ὡραῖον
1118 1471 1208 1524 τῆς
1232 1462 1514 1524 ἀϊδιότητος
1535 1465 1686 1524 αὐτῆς
1715 1465 1913 1528 κάλλος,
1943 1464 2058 1534 γηΐ-

471 1580 561 1617 νης
583 1559 811 1631 πράξεως
841 1565 914 1629 τῷ
941 1564 1182 1631 κονιορτῷ
1202 1556 1231 1590 ⁸
1259 1557 1523 1620 συνοζένει.
1554 1559 1717 1611 Ἧνίκα
1746 1559 1843 1630 γάρ
1876 1557 2059 1617 ἑαυτήν

472 1647 556 1703 διὰ
586 1645 970 1723 συγκατάϐασιν
995 1648 1187 1703 πολλῶν
1222 1652 1297 1708 εἰς
1339 1650 1409 1703 τά
1447 1646 1629 1712 ἔξωθεν
1662 1650 1941 1723 σκορπίζει,
1975 1646 2057 1703 ὅτε

468 1748 575 1800 τοῖς
602 1739 734 1794 ἔνδον
759 1741 1036 1805 ἐπινεύσει,
1060 1743 1193 1813 πρὸς
1212 1744 1377 1795 ταῦτα
1404 1739 1663 1816 πόρρωθεν
1705 1751 1726 1778 °
1764 1740 2057 1815 δραμοῦσα,

2160 526 2319 581 rebus
2344 524 2589 580 omnibus
2618 538 2737 595 quae
2764 526 3049 583 volvuntur
3086 530 3393 598 eminebat;
3424 534 3566 604 quod
3597 537 3746 595 nulla

2159 620 2258 674 nisi
2286 618 2520 674 coelestia
2561 618 2799 689 cogitare
2825 630 3219 689 consueverat;
3251 623 3394 694 quod
3439 626 3602 682 etiam
3643 643 3743 685 re-

2157 718 2333 765 tentus
2359 723 2607 779 corpore,
2637 708 2752 780 ipsa
2785 710 2895 780 jam
2925 714 3103 768 carnis
3131 714 3367 772 claustra
3397 728 3743 790 contempla-

2161 803 2304 857 tione
2346 800 2636 867 transibat;
2682 802 2823 870 quod
2872 812 3101 859 mortem
3146 820 3393 876 quoque,
3434 824 3555 879 quae
3602 824 3745 880 pene

2156 893 2365 948 cunctis
2398 906 2553 963 poena
2589 900 2701 960 est,
2737 893 2988 950 videlicet
3016 904 3076 950 ut
3103 895 3404 968 ingressum
3434 903 3556 956 vita:
3584 910 3640 959 et
3667 903 3749 957 la-

2156 984 2302 1040 boris
2344 986 2425 1039 sui
2453 984 2731 1054 praemium
2761 989 2994 1042 amabat.
3030 988 3101 1043 At
3151 1004 3293 1045 nunc
3338 1006 3404 1047 ex
3451 994 3749 1052 occasione

2159 1092 2302 1134 curae
2324 1078 2610 1149 pastoralis
2626 1078 2963 1135 saecularium
2987 1080 3262 1138 hominum
3285 1085 3496 1155 negotia
3521 1087 3748 1157 patitur,

2158 1182 2211 1227 et
2236 1180 2355 1242 post
2382 1181 2490 1226 tam
2532 1171 2807 1240 pulchram
2854 1173 3051 1242 quietis
3080 1190 3194 1230 sua:
3222 1176 3458 1247 speciem
3480 1219 3494 1245 ,
3542 1179 3750 1235 terreni

2160 1272 2310 1319 actus
2338 1263 2559 1333 pulvere
2589 1262 2835 1319 (cedatur.
2866 1263 3108 1335 Cumque
3127 1280 3187 1322 se
3207 1282 3305 1336 pro
3333 1268 3751 1326 condescensio-

2162 1370 2230 1411 ne
2259 1354 2550 1409 multorum
2599 1355 2663 1409 ad
2692 1355 2958 1411 exteriora
2987 1358 3277 1425 sparserit,
3309 1360 3469 1413 etiam
3507 1374 3628 1415 cum
3658 1362 3751 1416 in-

2162 1450 2358 1505 teriora
2404 1450 2628 1520 appetit,
2679 1450 2746 1506 ad
2777 1448 2891 1505 hac
2932 1452 3117 1520 procul
3163 1450 3325 1507 dubio
3372 1452 3547 1508 minor
3578 1454 3744 1510 redit.

2162 1541 2442 1611 Perpendo
2468 1543 2648 1611 itaque
2677 1542 2806 1613 quid
2850 1542 3048 1610 tolero,
3078 1543 3353 1615 perpendo
3381 1546 3522 1616 quod
3553 1547 3745 1602 amisi.

2164 1638 2407 1709 Dumque
2455 1639 2665 1695 intueor
2694 1638 2827 1694 illud
2858 1638 2997 1709 quod
3025 1638 3261 1709 perdidi,
3306 1639 3366 1693 lit
3395 1640 3499 1696 hoc
3526 1641 3753 1710 gravius

2164 1734 2306 1805 quod
2339 1744 2517 1805 porto.
2546 1735 2688 1792 Ecce
2710 1735 2911 1791 etenim
2940 1749 3081 1791 nunc
3106 1734 3286 1806 magni
3307 1734 3471 1790 maris
3492 1732 3756 1789 ﬂuctibus

468 1832 723 1902 ἐλαχίστη
743 1834 1072 1907 ὑποστρέφει.
1097 1839 1335 1887 Κατανοῶ
1352 1840 1617 1907 τοιγαροῦν
1632 1837 1681 1886 τί
1698 1833 1952 1909 ὑποφέρω,
1974 1836 2050 1888 καί

2164 1826 2395 1896 quatior,
2424 1836 2583 1897 atque
2611 1828 2664 1882 in
2688 1828 2810 1882 navi
2836 1827 3030 1883 mentis
3050 1829 3385 1896 tempestatis
3407 1827 3594 1882 valida:
3619 1841 3753 1898 pro-

465 1927 517 1981 τί
540 1924 889 1993 ἀπεϐαλόμην.
920 1923 999 1977 Ἐν
1027 1922 1131 1992 ὅσῳ
1155 1922 1208 1977 δέ
1230 1924 1400 1996 ἀφορῶ
1422 1926 1493 1983 εἰς
1523 1920 1547 1976 ὃ
1571 1924 1836 1988 ἀπώλεσα,
1865 1927 2055 1996 γίνεται

464 2022 616 2070 τοῦτο
644 2012 923 2088 βαρύτερον
954 2012 1080 2085 ὅπερ
1104 2014 1375 2083 βαστάζω.
1396 2012 1520 2069 Ὶδοὺ
1553 2018 1654 2088 γάρ
1690 2017 1938 2087 μεγίστης
1966 2018 2056 2073 θα-

464 2106 657 2167 λάττης
684 2114 786 2167 τοῖς
815 2106 1009 2178 κύμασι
1038 2103 1303 2175 δονοῦμαι,
1325 2106 1451 2162 ἀλλά
1488 2109 1568 2161 καί
1596 2109 1644 2160 ἐν
1674 2114 1747 2180 τῷ
1780 2108 1933 2178 πλοίῳ
1962 2114 2055 2165 τοῦ

463 2202 596 2266 νοὸς,
628 2196 978 2273 σφοδροτάτης
1000 2196 1217 2271 ἀνάγκης
1250 2204 1325 2268 τῷ
1370 2196 1566 2253 κλὺδονι
1594 2201 2052 2275 προσαράσσομαι.

462 2296 557 2348 Καὶ
585 2290 640 2346 ἐν
670 2289 774 2363 ὅσῳ
796 2300 887 2351 τῆς
914 2293 1121 2365 πρώτης
1151 2294 1281 2354 ζωῆς
1309 2294 1630 2360 μνημονεύω,
1665 2293 1837 2370 ὥσπερ
1880 2295 1950 2354 εἰς
1989 2296 2055 2350 τὰ

460 2385 633 2443 ὀπίσω
670 2388 790 2446 τούς
818 2385 1097 2457 ὀφθαλμούς
1136 2386 1437 2454 ἀπενέγκας,
1484 2386 1727 2458 θεώμενος
1755 2387 1841 2441 τὸν
1879 2386 2058 2457 λιμένα

459 2477 566 2535 ὅθεν
579 2480 787 2545 ἐξῆλθον,
806 2474 1152 2540 ἀναστενάξω.
1170 2474 1333 2550 Ὀπερ
1353 2498 1440 2547 μοι
1462 2481 1547 2531 καὶ
1566 2475 1705 2532 ἔστιν
1722 2480 1880 2549 ἀκμήν
1892 2478 2054 2554 βαρύ-

458 2593 623 2650 τερον,
653 2570 733 2627 ὅτι
762 2573 812 2625 ἐν
840 2568 944 2641 ὅσῳ
966 2578 1079 2631 τοῖς
1101 2572 1406 2643 ἀμετρήτοις
1427 2572 1619 2642 κύμασι
1639 2575 1949 2646 πεφυρμένος
1972 2594 2054 2643 φε-

457 2686 634 2742 ρομαι,
660 2664 803 2734 μόλις
826 2663 996 2720 λοιπὸν
1017 2664 1103 2718 τόν
1129 2664 1303 2734 λιμένα
1322 2659 1599 2725 θεάσασθαι
1624 2663 1864 2733 δύναμαι,
1897 2665 2053 2742 όνπερ

456 2758 743 2813 κιαιτίλιπον⁸
792 2763 1028 2813 τοιαῦται
1068 2760 1167 2831 γάρ
1209 2758 1262 2812 αί
1306 2762 1564 2836 συμφοραί
1604 2766 1696 2813 τοῦ
1732 2761 1842 2819 νοὸς
1882 2757 2055 2836 ὑπάρ-

457 2872 640 2922 χουσι,
684 2858 886 2927 πρῶτον
930 2853 1018 2923 μὲν
1049 2852 1299 2907 ἀπολέσαι
1335 2854 1393 2908 τὸ
1428 2853 1599 2919 καλὸν,
1640 2852 1768 2926 ὅπερ
1814 2839 2050 2925 κατέχέι,

456 2942 1015 3021 μνημονεύειν’δέ“ὄπερ
1052 2945 1327 3003 ἀπώλεσεν·
1370 2944 1451 3001 ὅτε
1485 2946 1538 3002 δὲ
1576 2948 1784 3021 μήκοθεν
1825 2949 2050 3024 ἀποστῇ,

455 3040 541 3091 καί
568 3038 723 3091 αὑτοῦ
743 3034 903 3111 οὗπερ
924 3038 1182 3092 ἀπώλεσεν
1215 3040 1397 3108 ἀγαθοῦ
1429 3037 1825 3094 ἐπιλανθάνεται·
1860 3044 2053 3114 γίνεται

454 3128 509 3184 δὲ
555 3128 697 3191 ὅπως
740 3132 1014 3201 μετέπειτα
1052 3135 1121 3202 μή
1162 3152 1216 3185 τε
1246 3133 1331 3186 ἐπί
1378 3136 1576 3205 μνήμης
1618 3130 1884 3200 θεάσηται,
1924 3132 2050 3209 ὅπερ

2142 1918 2313 1973 'cellis
2342 1918 2543 1974 illidor.
2578 1919 2793 1974 Etcum
2824 1918 3020 1989 prioris
3046 1919 3170 1974 vita:
3198 1919 3401 1985 recolo,
3434 1919 3587 1989 quasi
3623 1929 3755 1989 post

2159 2020 2364 2082 tergum
2394 2012 2567 2069 ductis
2614 2013 2782 2069 oculis
2830 2013 2943 2068 viso
2973 2013 3157 2069 littore
3206 2013 3441 2084 suspiro.
3476 2014 3749 2084 Quodque

2160 2103 2337 2160 adhuc
2365 2106 2584 2176 gravius
2612 2116 2715 2173 est,
2751 2106 2879 2163 dum
2908 2109 3192 2164 immensis
3216 2110 3464 2165 ﬂuctibus
3497 2114 3755 2167 turbatus

2140 2196 2321 2265 terer,
2370 2199 2455 2253 vix
2483 2200 2591 2269 jam
2639 2210 2852 2270 portum
2891 2200 3077 2259 videre
3123 2202 3276 2259 valeo
3304 2216 3462 2273 quem
3511 2202 3751 2273 reliqui,

2158 2289 2282 2358 quia
2310 2298 2366 2345 et
2389 2290 2459 2345 ita
2506 2300 2629 2346 sunt
2658 2305 2814 2347 casus
2844 2294 3073 2362 mentis,
3102 2302 3159 2349 ut
3185 2294 3332 2364 prius
3361 2294 3575 2365 quidem
3620 2309 3751 2362 per-

2157 2380 2250 2435 dat
2276 2381 2474 2437 bonum
2504 2384 2647 2454 quod
2676 2392 2847 2455 tenet,
2879 2395 2904 2433 8
2927 2386 2975 2442 si
3005 2395 3182 2444 tamen
3208 2401 3269 2443 se
3294 2387 3593 2459 perdidisse
3622 2403 3748 2444 me-

2156 2473 2406 2541 minerit;
2428 2490 2655 2546 cumque
2674 2477 2886 2548 longius
2906 2483 3208 2549 recesserit,
3232 2483 3395 2537 etiam
3418 2481 3545 2539 boni
3567 2482 3743 2554 ipsius

2157 2566 2303 2634 quod
2332 2566 2641 2635 perdiderat
2678 2569 3056 2638 obliviscatur;
3103 2573 3268 2645 ﬁtque
3296 2584 3355 2630 ut
3398 2585 3518 2645 post
3563 2591 3746 2648 neque

2156 2671 2253 2727 per
2279 2660 2595 2714 memoriam
2642 2660 2843 2733 videat,
2875 2664 3016 2733 quod
3044 2663 3191 2734 prius
3221 2681 3317 2736 per
3362 2666 3627 2723 actionem
3656 2675 3747 2724 te-

2156 2751 2340 2807 nebat.
2384 2752 2539 2809 Unde
2582 2753 2687 2809 hoc
2731 2756 2905 2825 agitur
2954 2758 3099 2827 quod
3145 2758 3402 2828 prtemisi,
3449 2760 3573 2830 quia
3615 2774 3748 2819 cum

2156 2844 2471 2915 navigamus
2506 2845 2737 2915 longius,
2787 2847 2898 2917 jam
2932 2863 3033 2905 nec
3076 2859 3291 2919 portum
3332 2850 3528 2921 quietis
3572 2868 3743 2926 quem

2156 2937 2473 3007 reliquimus
2504 2936 2768 2994 videmus.
2800 2939 3190 3012 Nonnunquam
3219 2957 3347 2999 vero
3388 2944 3441 2998 in
3477 2959 3743 3017 augmen-

2158 3037 2269 3081 tum
2298 3027 2408 3083 mei
2435 3027 2635 3083 doloris
2683 3029 3012 3101 adjungitur,
3062 3033 3205 3103 quod
3246 3035 3600 3104 quorumdam
3629 3037 3747 3096 vita

2158 3120 2247 3191 qui
2277 3135 2515 3189 praesens
2541 3123 2797 3179 saeculum
2822 3133 2929 3180 tota
2972 3135 3155 3183 mente
3200 3128 3555 3200 reliquerunt,
3608 3132 3747 3191 mihi

455 3222 703 3299 πρότερον
728 3221 815 3279 διά
840 3226 1073 3301 πράξεως
1097 3227 1313 3299 ἐκράτει.
1336 3222 1482 3279 Ὀθεν
1504 3232 1656 3281 τοῦτο
1681 3228 1857 3288 ἀληθὲς
1882 3229 2047 3303 ὑπάρ-

2157 3214 2222 3269 ad
2253 3218 2573 3273 memoriam
2595 3230 2897 3276 revocatur.
2926 3223 3163 3290 Quorum
3194 3224 3320 3281 dum
3348 3226 3559 3283 culmen
3588 3229 3741 3299 aspi-

430 3336 541 3386 νχει
569 3313 594 3370 ό
622 3320 920 3393 προεθέμην,
974 3317 1055 3374 ὅτι
1095 3321 1235 3377 ἡνίκα
1274 3321 1485 3391 μήκοθεν
1534 3320 1768 3392 πλέομεν,
1810 3320 1921 3377 ούδέ
1959 3324 2044 3377 τόν

451 3406 620 3479 λιμένα
646 3410 821 3466 λοιπὸν
845 3420 938 3473 τῆς
965 3414 1219 3483 ἡσυχίας,
1250 3409 1303 3466 ὃν
1337 3415 1699 3483 κατελίπομεν,
1744 3415 2043 3491 θεωροῦμεν.

463 3502 549 3553 Διί
578 3496 663 3553 οὖν
686 3502 879 3563 ἀληθῶς
910 3505 979 3564 εἰς
1004 3507 1291 3579 προσθήκην
1318 3512 1408 3559 τοῦ
1442 3507 1562 3575 ἐμοῦ
1594 3502 1750 3560 πόνου
1780 3504 2047 3580 προστίθε-

454 3612 538 3645 ται
560 3591 591 3648 ή
618 3594 720 3653 ζωή
750 3600 850 3646 τῶν
879 3594 1288 3664 καταλειφάντων
1323 3597 1410 3651 τὸν
1450 3597 1682 3671 παρόντα
1730 3598 1913 3668 κόσμον
1957 3597 2044 3671 ὅλῃ

452 3689 517 3757 τῇ
543 3679 783 3749 διαθέσει,
817 3686 906 3738 καὶ
945 3687 1016 3744 εἰς
1054 3686 1184 3756 ὕψος
1214 3687 1480 3759 ἀγγελικῆς
1525 3689 1780 3749 πολιτείας
1825 3688 2045 3766 ἀναδρα-

452 3775 674 3845 μόντων,
720 3772 787 3829 ὧν
826 3778 911 3830 ἐπὶ
937 3782 1139 3848 μνήμης
1177 3780 1235 3833 τὸ
1265 3779 1395 3850 ὕψος
1421 3787 1507 3835 τοῦ
1538 3780 1651 3853 βίου
1683 3782 1859 3855 φέρων,
1888 3782 2051 3837 πόσον

454 3867 552 3937 ἐγώ
596 3869 646 3921 ἐν
687 3875 794 3929 τοῖς
824 3870 1133 3928 κατωτάτοις
1183 3879 1378 3940 κεῖμαι,
1422 3874 1759 3943 ὲπιγινώσκω⁸
1809 3873 1859 3935 ἐξ
1903 3870 1966 3926 ὧν
2006 3873 2052 3927 oi

454 3959 687 4014 πλεῖστοι
711 3965 785 4032 τῷ
812 3959 1006 4015 ἑαυτῶν
1035 3962 1213 4035 κτίστῃ
1237 3961 1284 4015 ἐν
1314 3970 1376 4034 τῇ
1416 3964 1608 4033 ήσὺχῳ
1642 3967 1742 4038 ζωῇ
1776 3966 2055 4039 εὑηρέστη·

2156 3308 2263 3376 cio,
2286 3318 2543 3379 quantum
2574 3311 2690 3381 ipse
2716 3309 2771 3367 in
2804 3313 3000 3371 inlimis
3034 3315 3245 3384 jaceam
3291 3332 3556 3389 agnosco;
3603 3336 3744 3391 quo-

2153 3419 2271 3459 rum
2298 3405 2511 3474 plurimi
2536 3406 2814 3464 Conditori
2841 3423 2940 3465 suo
2967 3411 3023 3466 in
3042 3413 3317 3469 secretiori
3366 3396 3473 3469 vita
3522 3414 3747 3486 placue-

2152 3509 2311 3567 runt,
2363 3503 2459 3573 qui
2487 3518 2559 3560 ne
2594 3520 2694 3574 per
2722 3506 2986 3563 humanos
3014 3518 3165 3566 actus
3205 3524 3236 3564 a
3279 3510 3515 3567 novitate
3544 3513 3747 3571 mentis

2153 3603 2599 3665 veterascerent,
2646 3613 2739 3655 eos
2789 3600 3132 3672 omnipotens
3181 3604 3324 3658 Deus
3372 3603 3531 3673 hujus
3553 3605 3744 3662 mundi

2153 3684 2428 3743 laboribus
2458 3689 2630 3744 noluit
2659 3693 2931 3762 occupari.
2956 3693 3062 3751 Sed
3081 3694 3191 3765 jam
3217 3710 3336 3766 quae
3354 3696 3561 3768 prolata
3585 3708 3739 3771 sunt,

2154 3778 2346 3835 melius
2380 3779 2619 3851 insinuo,
2654 3784 2699 3838 si
2746 3798 2810 3840 ea
2837 3798 2957 3855 qua:
2986 3799 3080 3855 per
3128 3786 3527 3856 inquisitionem
3555 3802 3619 3845 ac
3642 3802 3741 3846 re-

2153 3872 2503 3941 sponsionem
2549 3874 2743 3932 hdicta
2773 3887 2915 3947 sunt,
2976 3879 3090 3935 sola
3141 3880 3415 3936 nominum
3474 3889 3745 3951 praenota-

2158 3966 2302 4022 tione
2328 3968 2621 4040 distinguo.

451 4069 570 4108 σαν’
594 4054 677 4109 ἶνα
698 4059 767 4125 μή
788 4053 854 4110 δι’
879 4056 1197 4128 ἀνθρωπίνων
1217 4056 1446 4131 πράξεων
1467 4056 1519 4110 ἐκ
1537 4064 1627 4111 τοῦ
1656 4060 1919 4122 νεάζοντος
1937 4060 2185 4132 λογισμοῦ
2208 4062 2555 4130 παλαιωθῶσι,
2576 4066 2789 4129 τούτους
2812 4063 2935 4122 οὗνὸ
2956 4067 3343 4140 παντοδύναμος
3364 4069 3484 4130 Θεὸς
3505 4077 3621 4132 ταῖς
3641 4078 3741 4127 τοῦ

451 4147 647 4221 κόσμου
670 4151 854 4205 τούτου
872 4151 1124 4222 φροντίσιν
1151 4149 1217 4201 οὐ·
1238 4151 1599 4225 συνεχώρησεν
1621 4147 1974 4219 δεσμευθῆναι.
1997 4148 2142 4207 Ὀθεν
2161 4152 2330 4208 λοιπόν
2355 4157 2420 4210 τά
2442 4156 2748 4230 προελθόντα
2767 4158 3042 4233 προθύμως
3064 4160 3306 4233 έκτίθημι,
3326 4160 3409 4216 διὰ
3434 4170 3526 4223 τῆς
3549 4164 3741 4238 ἐρωτή-

453 4263 587 4303 σεως
614 4248 700 4298 καί
720 4245 1063 4317 ἀποκρίσεως,
1096 4246 1288 4303 καὶτῆς
1320 4248 1419 4297 τῶν
1442 4243 1698 4314 ὀνομάτων
1724 4242 2045 4317 διαγνώσεως

523 4346 689 4389 ΠΕΤΡ.
725 4337 795 4389 Οὐ
817 4337 951 4390 πάνυ
985 4336 1033 4389 ἐν
1060 4343 1124 4409 τῇ
1158 4333 1341 4408 Ἰταλίᾳ
1368 4340 1514 4388 τινῶν
1546 4340 1635 4392 τήν
1664 4335 1916 4392 πολιτείαν
1953 4336 2044 4392 δυ·

450 4426 635 4497 νάμεσι
655 4424 683 4463 d
706 4425 1066 4499 διαλάμψασαν
1091 4424 1313 4496 διέγνων⁶
1350 4426 1403 4478 ἐκ
1431 4428 1578 4479 τίνων
1606 4427 1771 4480 τοίνυν
1792 4435 1853 4503 τῇ
1887 4432 2042 4499 μιμή-

452 4541 533 4575 σει
559 4528 582 4557 ε
615 4521 815 4593 ἀνάπτῃ
842 4520 1026 4590 ἀγνοῶ.
1053 4518 1243 4577 Καλοὺς
1273 4519 1360 4587 μὲν
1382 4512 1467 4571 οὖν
1491 4519 1787 4590 ἀνθρώπους
1814 4520 1860 4573 ἐν
1887 4529 1948 4590 τῇ
1975 4529 2040 4594 γῇ

449 4612 614 4687 ταύτῃ
651 4614 907 4687 γεγονέναι
950 4613 1042 4665 οὑκ
1092 4613 1314 4675 ἀπιστῶ,
1368 4617 1555 4679 σημεῖα
1598 4608 1649 4663 δὲ
1692 4613 1773 4664 καὶ
1802 4609 2042 4684 δυνάμεις

447 4705 573 4777 παρ’
600 4706 763 4760 αὑτῶν
800 4700 819 4740 ί
854 4701 1084 4777 οὐδαμῶς
1120 4702 1371 4774 γεγονέναι
1408 4701 1771 4771 ὑπολαμϐάνω.
1801 4704 1856 4755 Εἰ
1876 4701 1929 4758 δέ
1958 4706 2041 4760 καὶ

450 4798 551 4850 είσὶ
578 4797 739 4871 μέχρι
767 4801 861 4851 τοῦ
881 4796 1135 4871 παρόντος
1183 4801 1302 4867 σιγῇ
1347 4790 1697 4865 καλυπτόμενα
1718 4833 1731 4859 ,
1763 4800 1832 4865 μή
1860 4797 2040 4868 ἀγνοή-

450 4906 641 4957 σωμεν,
668 4887 797 4960 ἅπερ
817 4889 1056 4961 γεγονότα
1075 4887 1439 4960 ὑπάρχουσιν.
1662 4932 1691 4951 ,

524 5006 759 5054 ΓΡΗΓΟΡ.
790 4997 903 5054 Ἐἀν
933 5002 1077 5073 μόνα,
1110 5001 1287 5071 Πέτρε,
1320 4998 1388 5053 τά
1415 5000 1537 5070 περὶ
1572 5005 1672 5051 τῶν
1707 4999 1905 5053 τελείων
1952 5004 2036 5057 καὶ

450 5088 664 5161 δοκίμων
686 5088 878 5166 ἀνδρῶν
908 5092 1202 5164 ἀναγγείλω,
1226 5088 1360 5165 ἅπερ
1392 5090 1489 5161 ἐγώ
1517 5091 1664 5161 μόνος
1692 5093 1750 5146 τὸ
1778 5092 2043 5165 ἀνθρωπά-

447 5201 577 5253 ριον,
608 5177 694 5236 διά
716 5199 771 5237 τε
803 5180 960 5235 καλῶν
984 5185 1065 5237 καί
1086 5189 1284 5238 πιστῶν
1319 5183 1597 5255 ἀνθρώπων
1637 5184 2034 5258 μαρτυρούντων

519 5396 547 5425 ⁸
574 5386 710 5468 βθε.
748 5388 1069 5468 ταλαιπωρία
1113 5394 1282 5468 τοίνυν
1326 5397 1354 5453 ἡ
1400 5396 1556 5466 ψυχή
1602 5417 1709 5468 μου,
1725 5402 2027 5468 συνέχεται,

445 5468 537 5536 τῆς
567 5458 747 5515 ἑαυτοῦ
778 5458 1031 5536 ἀσχολία,
1061 5467 1342 5534 νυσσομένη
1370 5458 1799 5536 τῷ,”ἐιο.’(;οιι›.,
1835 5458 2028 5523 uua-ao;

447 5530 669 5606 μένῃ-τῶ
694 5530 985 5606 πράγματι.

519 5598 545 5637 δ
575 5598 989 5673 Βθεηααίμετά
1017 5605 1075 5658 τό
1105 5608 1286 5681 ᾡραῑον
1314 5607 1489 5681 κάλλος
1522 5612 1675 5669 αὑτῆς
1697 5618 1787 5668 τῆς
1813 5608 2031 5671 ἀίδιοτη-

446 5688 532 5731 τος
558 5678 632 5752 si?»
660 5682 897 5752 κονιορξῷ
916 5683 1015 5752 ,τῆς
1027 5676 1210 5752 Δγηῖννῑις
1238 5680 1467 5752 πράξεως
1498 5683 1763 5743 συνοζένει,
1789 5688 1893 5734 etc.

521 5751 543 5811 *ξ
578 5741 707 5811 Reg.
739 5741 995 5811 el'Cblb.,
1023 5741 1274 5802 δειλιῶσα.

515 5808 544 5851 ἀ
573 5808 803 5871 ηδ’Μδε.
841 5808 1060 5875 cum-in
1101 5816 1335 5886 Vulgatis
1371 5818 1576 5885 legatur
1613 5819 2029 5890 διαλαμνζιάντων,

2228 4336 2393 4390 Pam.
2436 4337 2549 4393 Non
2579 4340 2737 4396 valde
2763 4341 2818 4397 in
2848 4341 2996 4397 Italia
3039 4344 3340 4414 aliquorum
3368 4348 3530 4403 vitam
3559 4350 3736 4409 virtu-

2156 4428 2297 4483 tibus
2312 4428 2528 4486 fulsisse
2544 4434 2790 4502 cognovi;
2816 4449 2880 4489 ex
2910 4451 3140 4504 quorum
3168 4437 3332 4507 igitur
3376 4446 3738 4513 comparatio-

2151 4534 2216 4573 ne
2243 4520 2552 4577 accenderis
2582 4524 2788 4592 ignoro.
2823 4526 2891 4580 Et
2917 4524 3129 4597 quidem
3160 4529 3329 4586 bonos
3360 4533 3505 4587 viros
3534 4534 3589 4589 in
3620 4534 3733 4593 hac

2156 4620 2297 4666 terra
2326 4612 2487 4668 fuisse
2518 4628 2625 4669 non
2654 4615 2839 4673 dubito
2863 4659 2878 4686 ,
2914 4620 3063 4690 signa
3108 4630 3286 4678 tamen
3317 4631 3477 4694 atque
3504 4626 3740 4684 virtutes

2149 4712 2242 4758 aut
2268 4704 2336 4759 ab
2366 4706 2443 4761 eis
2472 4721 2806 4780 nequaquam
2857 4710 2998 4767 facta
3045 4713 3320 4786 existimo,
3370 4726 3462 4773 aut
3505 4717 3577 4773 ita
3606 4730 3739 4778 sunt

2148 4795 2407 4853 hactenus
2452 4800 2673 4858 silentio
2703 4816 3013 4875 suppressa,
3058 4815 3116 4862 ut
3157 4817 3410 4867 utrumne
3444 4811 3553 4867 sint
3594 4811 3739 4871 facta

2146 4901 2447 4944 nescnamus
2456 4928 2470 4943 .

2218 4999 2459 5058 Gnaeos.
2490 5003 2548 5060 Si
2574 5006 2713 5075 sola,
2745 5007 2926 5076 Petre,
2954 5011 3209 5082 referam,
3232 5028 3354 5084 qua:
3384 5014 3453 5072 de
3472 5018 3733 5087 perlectis

2153 5093 2499 5165 probatisque
2540 5098 2672 5153 viris
2704 5115 2841 5157 unus
2879 5117 2981 5173 ego
3009 5104 3318 5175 homuncio,
3370 5109 3455 5163 vel
3484 5108 3640 5166 bonis
3666 5127 3735 5169 ac

2145 5183 2392 5241 ﬁdelibus
2417 5188 2547 5244 viris
2576 5192 2974 5263 attestantibus,
3005 5198 3215 5267 agnovi,
3254 5198 3338 5255 vel
3370 5213 3468 5270 per
3495 5210 3734 5258 memet.

2133 5400 2277 5469 quod
2306 5400 2482 5456 minus
2506 5402 2794 5467 respondet
2822 5404 3013 5458 Latino
3045 5406 3234 5460 textui.

2209 5482 2231 5508 θ
2266 5472 2487 5535 Excusi.
2520 5473 2820 5540 ἀνάπτεται,
2848 5473 3137 5531 deﬁciente
3164 5491 3347 5533 sensu.

2212 5542 2230 5579 ί
2265 5544 2420 5619 Βθδη
2447 5546 2640 5619 ἀληθῶς
2671 5548 2931 5619 γενήσθαι.

2211 5624 2235 5661 8
2263 5615 2826 5689 Fortasselegendum
2847 5657 2859 5680 ,
2880 5617 2976 5689 __sic
3012 5626 3181 5672 tamen
3224 5625 3281 5671 ut
3317 5635 3370 5672 se
3397 5620 3689 5683 perdidisse
3706 5634 3730 5689 ,'

2136 5694 2271 5751 etc.,
2297 5686 2533 5765 adquod
2564 5686 2717 5765 valde
2746 5686 2938 5765 alludit
2959 5689 3134 5743 versio
3157 5689 3365 5745 Graeca.
3394 5690 3448 5746 lu
3471 5686 3733 5765 erunibus}

2142 5768 2317 5811 tamen
2349 5757 2472 5811 Mss.
2502 5757 2726 5811 habetur
2754 5758 2799 5809 si
2828 5768 2992 5810 tamen
3023 5775 3096 5813 se.

2208 5827 2234 5865 ¹ι
2268 5829 2341 5882 lta
2369 5827 2521 5893 Mss.,
2553 5827 2643 5883 ubi
2677 5826 2814 5883 Editi
2848 5826 3062 5894 habent,
3087 5830 3303 5888 dicenda
3328 5839 3469 5899 sunt.

3760 5335 3773 5365 I
