4036 6346
204 324 302 381 155

1441 299 1882 357 DIALOGORUM
1921 300 2124 358 LIBER
2158 302 2196 357 ι.

3385 301 3483 359 iii-1

203 441 376 511 ipsum
403 431 596 498 didici;
649 429 790 497 dies,
843 433 902 484 ut
959 427 1179 498 opinor,
1231 431 1356 481 ante
1385 436 1544 494 quam
1575 432 1820 487 sermo”

1931 424 2087 488 ιαθον,
2133 423 2220 477 καί
2270 419 2369 476 ὅσα
2399 419 2464 478 δι’
2493 419 2678 479 ἑαυτοῦ
2710 421 2894 496 ἔγνων,
2921 417 3171 496 ἔπιλείψει
3191 443 3277 497 με,
3311 424 3382 487 ὡς
3407 420 3483 482 οἴ-

203 532 455 592 cessabit.

278 627 438 682 Pera.
473 619 682 676 Vellem
714 616 975 688 qumrenti
1004 613 1136 669 mihi
1171 612 1238 668 de
1265 611 1342 667 eis
1369 610 1548 680 aliqua
1595 622 1788 664 narra-

205 736 312 778 res.
363 718 548 788 Neque
597 730 698 785 pro
747 715 846 767 hac
895 725 954 767 re
1008 711 1398 777 interrumpere
1447 703 1794 776 expositionis

206 813 441 870 studium
489 823 654 880 grave
681 805 944 870 videatur,
997 802 1120 872 quia
1168 817 1272 856 non
1304 802 1486 870 dispar
1515 798 1794 854 arditicatio

207 909 379 964 oritur
422 919 490 961 ex
517 901 779 958 memoria
811 899 1088 955 virtutum.
1125 895 1182 950 ln
1211 895 1554 964 expositione
1599 893 1797 961 quippe

207 1001 441 1073 qualiter
466 993 789 1054 invenienda
834 1002 996 1062 atque
1021 989 1249 1046 tenenda
1280 989 1350 1043 sit
1397 988 1590 1054 virtus,
1637 999 1799 1054 agno-

207 1097 409 1159 scitur;
465 1092 519 1146 in
570 1088 880 1144 narratione
930 1098 1060 1139 vero
1099 1083 1374 1152 signorum
1428 1078 1800 1149 cognoscimus

209 1189 429 1245 inventa
460 1200 520 1241 ac
542 1191 756 1240 retenta
799 1179 1030 1251 qualiter
1055 1177 1382 1231 declaretur.
1425 1174 1492 1228 Et
1512 1179 1638 1228 sunt
1667 1185 1800 1226 non-

210 1283 366 1348 nulli,
399 1294 534 1351 quos
557 1277 624 1333 ad
645 1289 884 1331 amorem
913 1273 1096 1344 patriae
1125 1270 1360 1326 caelestis
1392 1269 1510 1337 plus
1532 1266 1798 1336 exempla,

211 1389 376 1445 quant
444 1370 860 1441 {medicamenta
922 1365 1076 1436 15-3
1125 1361 1476 1418 succendunt.
1534 1359 1618 1413 Fit
1678 1371 1803 1412 vero

210 1467 534 1537 plerumque
585 1460 853 1516 audientis
900 1458 1079 1512 animo
1130 1455 1330 1524 duplex
1373 1451 1694 1522 adjutorium
1749 1451 1802 1504 in

208 1559 484 1627 exemplis
508 1555 747 1620 Patrum,
779 1551 901 1621 quia
929 1550 974 1605 si
1019 1548 1085 1604 ad
1111 1562 1353 1603 amorem
1392 1554 1632 1601 venturae
1678 1543 1804 1599 vita:

209 1665 278 1706 ex
310 1646 735 1719 praecedentium
764 1641 1168 1712 comparatione
1196 1638 1506 1696 accenditur
1525 1677 1540 1705 ,
1574 1638 1732 1692 etiam
1758 1635 1804 1691 si

209 1760 272 1802 se
293 1758 418 1800 esse
439 1740 635 1811 aliquid
661 1739 960 1800 existimat.
984 1737 1112 1792 dum
1138 1736 1361 1791 meliora
1377 1734 1445 1789 de
1465 1733 1583 1788 aliis
1605 1747 1804 1803 cogno-

1891 538 2002 586 μαι,
2038 514 2363 587 διηγούμενον
2385 515 2409 570 ὁ
2431 514 2635 592 χρόνος.

1964 618 2132 663 ΠΕΤΡ.
2163 614 2416 672 Δυσωπῶ,
2440 609 2652 681 πανάγιε
2683 613 2875 683 πάτερ,
2906 610 3037 665 πάνυ
3063 612 3336 672 ποθοῦντός
3359 612 3485 684 μου,

1893 703 1978 757 ἶνα
2001 709 2092 762 τῆς
2122 705 2240 775 περὶ
2269 703 2431 757 αὐτῶν
2468 698 2591 778 ἄρξῃ
2631 700 2943 774 διηγήσεως,
2974 706 3053 760 καί
3081 709 3149 775 μή
3185 705 3370 781 βαρεῖα
3401 728 3487 762 νο·

1897 797 2052 870 μισθῇ
2083 797 2114 853 ἡ
2143 793 2342 856 αἴτησις
2366 801 2454 850 τοῦ
2493 793 2804 869 διανοιγῆναι
2849 797 2912 851 τά
2950 804 3042 858 τῆς
3081 797 3394 858 ὑποθέσεως*
3433 801 3490 853 οὑ

1899 889 1995 960 γὰρ
2027 895 2051 925 ε
2076 889 2258 964 μετρία
2286 886 2518 959 οἰκοδομὴ
2547 889 2800 944 ἀνατέλλει
2827 890 2879 942 ἐκ
2921 898 3011 950 τῆς
3044 895 3241 961 μνήμης
3274 898 3374 946 τῶν
3403 890 3494 947 δυο

1900 984 2116 1053 νάμεων.
2147 980 2228 1034 Ἐν
2249 983 2349 1054 γὰρ
2372 990 2433 1055 τῇ
2459 979 2697 1049 διαθέσει,
2720 982 2796 1047 τὸ,
2823 990 2934 1042 πῶς
2963 984 3255 1058 εὑρίσκεται
3275 987 3356 1038 καὶ
3373 1006 3494 1061 κρα-

1903 1082 2060 1131 τεῖται
2085 1077 2120 1132 ἦ
2144 1073 2377 1145 δύναμις,
2411 1073 2817 1146 διαγινώσκεται¹
2850 1079 2897 1130 ἐν
2929 1075 2981 1131 δέ
3025 1085 3086 1151 τῇ
3126 1079 3356 1150 ἐξηγήσει
3395 1086 3496 1133 τῶν

1905 1172 2125 1239 σημείων
2173 1170 2430 1246 εὑρεθεῖσα
2468 1172 2553 1223 καί
2603 1171 2927 1247 κρατηθεῖσα,
2976 1169 3348 1244 λαμπρύνεται.
3383 1175 3498 1228 Εἰσί

1905 1265 2004 1336 γὰρ
2031 1263 2286 1327 πλεῖστοι,
2310 1262 2394 1322 οὑς
2417 1264 2468 1316 ἐν
2492 1270 2563 1332 τῷ
2587 1262 2727 1334 πόθῳ
2747 1271 2837 1323 τῆς
2868 1260 2885 1298 ί
2914 1263 3212 1338 ἐπουρανίου
3242 1264 3498 1334 βασιλείας

1906 1355 2113 1409 πλείονα
2141 1357 2206 1410 τά
2238 1353 2593 1425 ὑποδείγματα
2622 1355 2825 1423 μᾶλλον,
2853 1354 2983 1430 ἥπερ
3023 1353 3181 1426 154
3214 1358 3280 1411 τὰ
3309 1355 3499 1434 κηρόν-ἐ

1908 1469 2048 1518 ματα
2071 1446 2401 1520 διεγείρουσι.
2434 1449 2632 1502 Γίνεται
2658 1445 2712 1502 δέ
2755 1449 2804 1500 ἐν
2832 1456 2893 1521 τῇ
2921 1453 3012 1500 τοῦ
3041 1449 3306 1509 ἀκουοντος
3347 1449 3502 1524 ψυχῇ

1909 1538 2057 1598 διπλῆ
2089 1541 2290 1610 βοήθεια
2315 1541 2381 1595 τὰ
2412 1547 2511 1595 τῶν
2532 1541 2768 1617 πατέρων
2789 1538 3172 1612 ὑποδείγματα⁸
3201 1539 3281 1596 ὅτι
3317 1545 3398 1594 καί
3433 1545 3501 1603 εἰς

1909 1634 1991 1688 τὸν
2020 1633 2172 1687 πόθον
2201 1640 2292 1692 τῆς
2323 1629 2602 1696 μελλούσης
2633 1637 2763 1696 ζωῆς
2793 1633 2845 1686 ἐκ
2888 1641 2980 1693 τῆς
3018 1640 3117 1687 τῶν
3151 1633 3503 1707 προλαϐόντων

1910 1730 2170 1798 μιμήσεως
2195 1724 2493 1800 θερμότερος
2522 1726 2735 1797 γίνεται,
2771 1727 2858 1778 καί
2883 1725 2965 1779 ἔάν
2992 1725 3166 1780 ἑαυτὸν
3196 1721 3321 1780 εἶναί
3348 1748 3398 1780 τι
3419 1747 3506 1790 νοσέ
3575 1765 3578 1768 «

213 1836 398 1904 verit,
451 1834 758 1890 bumiliatur
814 1829 1036 1901 (Eadem
1093 1830 1195 1900 leg.
1228 1869 1243 1894 ,
1294 1828 1436 1882 hom.
1470 1827 1538 1882 38
1568 1835 1614 1880 et
1653 1827 1722 1881 59
1751 1827 1802 1880 in

1931 1821 2049 1892 ιίζη,
2078 1817 2126 1870 ἐν
2154 1815 2262 1887 ὅσῳ
2291 1818 2413 1891 περὶ
2433 1817 2616 1894 ἐτέρων
2644 1817 2906 1891 κρείττονα
2928 1825 2952 1864 Β
2981 1814 3168 1890 διαγνῷ
3187 1857 3202 1883 ,
3230 1824 3501 1874 ταπεινοῦ-

215 1931 470 1986 Eanum).

286 1931 470 2001 :ang.).

286 2024 530 2079 Gnaeos.
565 2019 640 2075 Ea
667 2034 786 2090 quae
816 2018 952 2074 mibi
982 2025 1106 2073 sunt
1135 2017 1375 2073 virorum
1419 2015 1804 2073 venerabilium

214 2118 526 2174 narratione
554 2124 861 2184 comperta,
892 2115 1262 2170 incunctanter
1294 2125 1459 2166 narro
1503 2125 1670 2165 sacra:
1715 2124 1811 2164 au-

217 2207 480 2263 ctoritatis
517 2205 795 2274 exemplo,
835 2217 959 2258 cum
1013 2202 1143 2256 mihi
1198 2202 1316 2257 luce
1353 2201 1555 2256 clarius
1599 2208 1813 2254 constet

217 2308 248 2338 ι
270 2298 399 2370 quia
417 2286 631 2354 Marcus
651 2305 705 2352 et
728 2296 898 2350 Lucas
921 2293 1265 2363 Evangelium
1293 2293 1434 2363 quod
1458 2292 1812 2362 scripserunt,

217 2405 326 2448 non
359 2390 476 2445 visu
496 2433 512 2458 ,
539 2389 634 2445 sed
664 2389 864 2463 auditu.
887 2384 1210 2441 didicerunt.
1239 2384 1347 2440 Sed
1376 2393 1435 2439 ut
1459 2382 1810 2439 dubitationis

212 2484 560 2543 occasionem
591 2483 894 2552 legentibus
924 2478 1239 2534 subtraham
1266 2519 1280 2543 ,
1312 2493 1408 2547 per
1437 2477 1647 2546 singula
1689 2492 1811 2548 qua:

205 2579 493 2646 describo,
541 2579 734 2649 quibus
765 2577 882 2631 haec
912 2576 1222 2631 auctoribus
1254 2574 1384 2629 mihi
1410 2584 1681 2644 comperta
1706 2574 1816 2629 sint

209 2671 528 2728 manifesto.
554 2671 666 2726 Hoc
697 2685 826 2726 vero
856 2668 993 2724 scire
1019 2677 1074 2724 te
1099 2667 1292 2738 cupio,
1328 2668 1454 2737 quia
1495 2667 1550 2722 in
1593 2666 1818 2737 quibus-

213 2769 346 2823 dam
374 2779 592 2821 sensum
613 2762 974 2832 solummodo,
1001 2762 1052 2817 in
1081 2761 1394 2833 quibusdam
1422 2776 1550 2818 vero
1571 2771 1625 2818 et
1650 2763 1814 2818 verba

209 2873 343 2914 cum
386 2873 550 2914 sensu
597 2866 792 2924 teneo;
825 2856 949 2926 quia
980 2855 1027 2911 si
1055 2855 1124 2911 de
1149 2855 1394 2926 personis
1420 2855 1670 2912 omnibus
1702 2856 1816 2925 ipsa

209 2952 533 3024 specialiter
555 2950 718 3007 verba
769 2959 954 3005 tenere
992 2948 1326 3018 voluissem,
1375 2948 1488 3004 hac
1535 2949 1814 3004 rusticano

208 3060 327 3101 usu
383 3044 593 3115 prolata
641 3042 807 3113 stylus
853 3042 1138 3098 scribentis
1181 3057 1287 3097 non
1333 3048 1456 3111 apte
1494 3042 1820 3112 susciperet.

219 3138 519 3195 Seniorum
547 3135 705 3192 valde
733 3135 1111 3192 venerabilium
1161 3135 1322 3191 didici
1371 3135 1630 3193 relatione
1676 3136 1818 3206 quod

212 3246 412 3288 narro.

750 3409 979 3467 CAPUT
1019 3407 1306 3465 PRIMUM.

363 3526 395 3569 δ
422 3525 502 3584 De
531 3527 800 3582 Honorato
830 3525 1008 3580 abbate
1038 3523 1337 3580 monasterii
1367 3523 1686 3578 Fundensis.

320 3673 347 3701 ε
373 3661 616 3717 Venantii
644 3661 913 3732 quondam
963 3660 1172 3730 patricii
1217 3661 1271 3714 in
1297 3659 1326 3696 ά
1354 3659 1557 3714 Samnii
1589 3659 1828 3728 partibus

234 3755 369 3812 villa
400 3755 495 3810 fuit
517 3796 531 3821 ,
555 3756 607 3809 in
638 3771 745 3824 qua
775 3754 996 3809 colonus
1019 3752 1134 3823 ejus
1163 3753 1331 3807 [ilium
1358 3751 1690 3807 Honoratum
1724 3767 1823 3807 no-

234 3850 390 3906 mine
433 3848 613 3904 habuit
641 3847 1036 3920 (Marlyrolog.,
1074 3849 1145 3901 w
1183 3845 1362 3917 Jan.),
1418 3846 1507 3915 qui
1560 3845 1627 3899 ab
1676 3846 1832 3900 annis

235 3943 534 4015 puerilibus
581 3943 647 3997 ad
684 3956 920 3997 amorem
953 3940 1187 3996 caelestis
1218 3939 1402 4009 patria:
1432 3953 1527 4007 per
1556 3938 1833 3993 abstinen-

237 4035 372 4090 tiam
400 4039 617 4089 exarsit.
644 4032 883 4102 Cumque
911 4045 1104 4101 magna
1136 4028 1544 4086 conversatione
1574 4029 1828 4098 polleret,

237 4142 410 4197 seque
435 4126 546 4196 jam
593 4126 658 4180 ab
697 4126 871 4179 otioso
912 4139 1125 4194 quoque
1163 4137 1416 4178 sermone
1449 4121 1833 4192 restringeret,

243 4220 603 4287 multumque,
637 4226 696 4271 ut
725 4216 975 4284 praefatus
1008 4231 1148 4283 sum,
1179 4230 1273 4285 per
1305 4215 1681 4270 abstinentiam
1713 4227 1836 4268 car-

241 4325 372 4366 nem
405 4310 667 4373 domaret,
697 4309 781 4363 die
804 4308 1030 4378 quadam
1063 4317 1313 4377 parentes
1343 4307 1462 4374 ejus
1506 4305 1696 4360 vicinis
1723 4306 1838 4359 suis

239 4400 550 4458 convivium
599 4401 858 4467 fecerunt,
911 4401 964 4453 in
1012 4412 1116 4467 quo
1162 4397 1230 4450 ad
1272 4396 1597 4452 vescendum
1649 4410 1841 4451 carnes

239 4500 448 4564 paratae
481 4499 604 4546 sunt
636 4507 653 4546 :
683 4505 814 4560 quas
842 4489 968 4544 dum
1000 4490 1092 4545 ille
1122 4490 1188 4545 ad
1219 4504 1367 4545 esum
1401 4491 1712 4559 contingere
1743 4503 1841 4558 pro

1909 1933 2018 1966 ται.

1982 2009 2223 2056 ΓΡΗΓΟΡ.
2270 2009 2409 2076 Δπερ
2431 2022 2517 2072 μοι
2537 2000 2868 2076 ὑπάρχουσι,
2902 2001 3044 2080 παρὰ
3067 2001 3263 2076 ἀνδρῶν
3287 2005 3509 2061 εὐσεϐῶν

1914 2093 2241 2167 διηγηθέντα,
2274 2097 2434 2150 ἐκεῖνα
2471 2096 2610 2169 κᾲγώ
2655 2095 2704 2147 ἐν
2731 2095 3079 2168 ἐμφανεστάτη
3121 2092 3348 2168 διηγήσει
3383 2097 3513 2153 ἐκτί·

1912 2188 2032 2256 θημι
2054 2225 2067 2249 ,
2111 2185 2252 2261 ἱερᾶς
2292 2185 2555 2260 ἀρχηγίας
2594 2190 2666 2254 τῷ
2695 2182 3032 2256 ὑποδείγματι
3061 2183 3322 2255 ἑπομένος,
3351 2188 3513 2250 καθώς

1915 2299 2000 2350 μοι
2040 2275 2254 2332 δυνατὸν
2295 2278 2544 2353 ὑπάρχει.
2589 2276 2792 2352 Μάρκος
2836 2280 2936 2350 γὰρ
2981 2282 3065 2333 καὶ
3108 2285 3328 2345 Λουκᾶς,
3379 2280 3514 2356 ἅπερ

1917 2369 2311 2444 συνεγράψαντο
2366 2369 2646 2442 εὐαγγέλια,
2697 2371 2826 2440 ούχὶ
2867 2379 2929 2445 τῇ
2981 2373 3090 2446 θέα,
3135 2372 3260 2428 ἀλλά
3306 2381 3368 2446 τῇ
3393 2376 3518 2449 ἀκοῇ

1918 2467 2282 2534 μεμαθήκασιν.
2311 2459 2516 2534 Ὀμως,
2554 2463 2636 2518 ’ἱνα
2663 2471 2754 2523 τῆς
2777 2463 3021 2524 ἀπιστίας
3060 2468 3149 2523 τὴν
3194 2464 3434 2521 ὑπόθεσιν
3459 2466 3516 2520 ἐκ

1919 2563 2018 2610 τῶν
2049 2553 2490 2626 ἀναγινωσκόντων
2520 2549 2548 2588 h
2573 2554 2862 2629 παρεπὰρω
2888 2592 2902 2618 ,
2942 2558 3062 2628 περὶ
3095 2555 3310 2610 ίκάστου
3348 2553 3518 2632 ὧνπερ

1918 2648 2125 2722 γράφω,
2157 2647 2307 2720 παρὰ
2346 2645 2493 2700 τίνων
2530 2667 2618 2716 μοι
2655 2647 2754 2700 εἰσι
2787 2644 3080 2719 διηγηθέντα
3116 2653 3514 2724 φανεροποιήσω.

1920 2752 2080 2800 Τοῦτο
2107 2743 2162 2801 δέ
2181 2746 2373 2806 ἀληθῶς
2392 2749 2653 2816 γινώσκειν
2681 2766 2737 2801 σε
2767 2743 3042 2817 βούλομαι,
3091 2743 3174 2800 ὅτι
3206 2745 3256 2801 ἔν
3295 2769 3404 2802 τισι
3433 2746 3519 2802 τόν

1923 2844 2036 2893 νοῦν
2067 2837 2217 2909 μόνον
2238 2880 2254 2908 ,
2297 2837 2355 2893 ἕν
2398 2860 2504 2894 τισι
2547 2836 2601 2893 δέ
2643 2841 2727 2892 καὶ
2763 2839 2966 2916 ῥήματα
2999 2840 3093 2893 σύν
3121 2846 3195 2912 τῷ
3219 2839 3290 2893 νοῒ
3324 2848 3520 2914 κρατῶο

1926 2931 2111 2986 ἱκάνειν
2154 2933 2253 3006 γὰρ
2305 2931 2473 2990 ἤθελον
2526 2939 2870 3007 προσωπικῶς
2921 2930 3156 2987 ἀπάντων
3208 2934 3375 2988 αὑτῶν
3430 2938 3521 2993 τήν

1928 3025 2216 3098 ὡραίοτητα
2238 3029 2338 3078 τῶν
2377 3023 2534 3098 λόγων
2579 3032 2852 3100 κρατῆσαι,
2895 3030 3063 3080 ταῦτα
3102 3033 3164 3095 τῇ
3201 3022 3400 3100 ἰδιωτίᾳ
3424 3044 3521 3097 μου

1928 3115 2277 3190 προξληθέντα
2299 3114 2325 3171 ό
2350 3118 2572 3186 κάλαμος
2601 3123 2696 3170 τοῦ
2716 3119 2947 3190 γραφέως
2973 3119 3032 3170 ού
3059 3118 3361 3194 προσφόροως
3397 3120 3522 3174 ὑπι-

1853 3199 1901 3262 C
1932 3206 2140 3278 δίχετο.
2186 3210 2332 3282 Παρά
2371 3209 2679 3284 πρεσϐυτῶν
2719 3204 2805 3262 οὖν
2844 3207 3040 3286 σφόδρα
3069 3211 3392 3280 σεμνοτάτων
3429 3209 3523 3270 τιᾶν

1932 3299 2182 3374 διήγησιν,
2217 3301 2276 3359 ἣν
2298 3301 2612 3372 ἀφηγοῦμαι,
2644 3301 2926 3370 μεμάθηκα.

2572 3406 2797 3454 ΚΕΦΔΛ.
2830 3398 2900 3453 A'.

2004 3494 2125 3569 Περὶ
2156 3491 2443 3567 Ὀνωράτου
2474 3490 2762 3618 ἡγουμένοπὲ
2791 3498 2944 3562 μονῆς
2982 3500 3072 3553 τῆς
3104 3492 3458 3568 ὲπιλεγομένης

2609 3575 2732 3617 Φουν
2766 3585 2844 3618 ης.

2609 3575 2844 3624 Φούνὼις.

2008 3660 2269 3715 Βεναντίον
2296 3664 2386 3715 τοῦ
2419 3664 2698 3716 τηνικαῦτα
2725 3660 2996 3733 πατρικίου
3043 3659 3093 3712 ἐν
3120 3667 3228 3719 τοῖς
3266 3667 3356 3720 τῆς
3397 3669 3526 3733 Σαμ‹

1937 3758 2045 3816 νίας
2069 3756 2252 3831 χώρας
2277 3755 2453 3832 μέρεσι
2483 3756 2682 3829 χωρίον
2706 3755 2968 3830 ὑπῆρχεν,
2994 3756 3044 3809 ἐν
3133 3759 3354 3832 γεωργὸς
3377 3759 3528 3814 αὐτοῦ

1938 3850 2045 3904 υἱὸν
2075 3848 2264 3919 ἔσχεν,
2308 3846 2513 3918 ὀνόματι
2535 3851 2838 3921 Ὁνωρᾶτον,
2884 3847 2941 3908 ὅς
2974 3870 3052 3909 τις
3087 3850 3139 3903 ἐκ
3165 3852 3348 3911 νηπίας
3377 3851 3531 3906 αὑτοῦ

1940 3944 2152 4007 ἡλικίας,
2183 3943 2254 4002 εἰς
2275 3941 2360 3997 τόν
2385 3939 2536 3996 πόθον
2565 3949 2657 4003 τῆς
2678 3944 2911 4018 οὐρανίου
2943 3941 2958 3977 ί
2985 3942 3231 4018 πατρίδος
3253 3943 3316 3999 δι’
3346 3947 3532 4019 ἐγκρα-

1938 4037 2079 4094 τείας
2108 4034 2364 4097 ἐξεγαύθη.
2389 4031 2462 4086 Ἐν
2485 4042 2545 4109 τῇ
2573 4036 2784 4108 τοιαύτῃ
2812 4031 2898 4089 οὑν
2923 4035 3047 4109 ἁγνῇ
3086 4039 3372 4111 ἀναστροφῇ
3409 4059 3534 4115 προ·

1942 4126 2166 4194 κόπτων,
2198 4125 2372 4180 ἑαυτὸν
2393 4125 2562 4180 λοιπὸν
2584 4130 2664 4181 καὶ
2684 4128 2786 4181 ἀπὸ
2816 4129 3026 4202 ἀκαίρου
3049 4128 3195 4202 λόγου
3228 4131 3536 4200 ἀνέστελλεν,

1944 4217 2122 4276 ἱκανῶς
2168 4215 2252 4279 δέ,
2299 4219 2462 4276 καθὼς
2491 4225 2756 4292 προεῖπον,
2803 4216 2864 4272 δι’
2906 4221 3200 4293 ἐγκρατείας
3227 4227 3316 4280 την
3364 4221 3538 4300 σάρκα

1944 4306 2209 4378 ἐδάμαζεν’
2252 4306 2360 4362 ὅθεν
2386 4308 2433 4360 ἐν
2460 4315 2551 4380 μιᾷ
2575 4311 2736 4386 ἡμέρᾳ
2765 4310 2809 4364 οί
2838 4309 3023 4368 τούτου
3044 4322 3214 4382 γονεῖς
3241 4323 3347 4374 τοῖς
3369 4320 3540 4386 γείτο-

1947 4422 2027 4454 σιν
2058 4401 2226 4454 αὑτῶν
2256 4401 2550 4470 συμπόσιον
2573 4402 2896 4468 ἐποιήσαντο,
2920 4404 2967 4456 ἐν
3055 4408 3126 4465 εἰς
3152 4406 3347 4480 βρῶσιν
3372 4408 3385 4456 1
3418 4409 3540 4482 κρέα

1946 4495 2315 4570 παρετέθησαν,
2351 4493 2483 4568 ἅπερ
2530 4496 2679 4555 αὐτὸς
2719 4501 2893 4568 φαγεῖν
2937 4497 2966 4556 ἦ
3016 4498 3242 4570 ἅψασθαι
3285 4500 3541 4558 παντελῶς

239 4585 588 4640 abstinentia:
611 4598 795 4637 amore
821 4591 1114 4650 recusaret,
1135 4591 1418 4653 cmperunt
1436 4597 1558 4637 eum
1584 4590 1820 4650 parentes

1947 4589 2264 4663 ἀπετρέπετο
2281 4627 2295 4651 ,
2325 4585 2409 4643 διά
2436 4590 2518 4643 τὸν
2547 4597 2638 4648 τῆς
2673 4587 2963 4664 ἐγκρατείας
2985 4590 3159 4644 πόθον.
3181 4587 3433 4664 ’Ἤρξαντο
3458 4585 3543 4643 οὖν

240 4682 368 4746 eius
415 4678 637 4732 irridere
663 4717 678 4743 ,
711 4691 775 4730 ac
801 4677 980 4732 dicere
1010 4694 1021 4728 :
1053 4676 1320 4744 Comede;
1361 4676 1597 4746 nunquid
1639 4676 1838 4744 piscem

242 4773 304 4826 in
335 4771 422 4825 his
447 4770 716 4825 montibus
746 4770 841 4824 tibi
864 4768 1073 4823 allaturi
1101 4769 1330 4824 sumus?
1356 4768 1452 4822 llla
1485 4782 1611 4822 vero
1637 4769 1689 4821 in
1721 4768 1842 4822 loco

242 4866 427 4937 pisces
449 4863 619 4918 audiri
650 4870 1063 4928 consueverant,
1098 4877 1205 4918 non
1238 4861 1428 4917 videri.
1462 4860 1569 4917 Sed
1603 4875 1725 4915 cum
1758 4861 1841 4915 bis

242 4953 594 5012 sermonibus
618 4952 922 5009 Honoratus
954 4952 1290 5018 irrideretur,
1327 4960 1550 5022 repente
1575 4953 1628 5006 in
1655 4952 1841 5007 convi-

243 5051 341 5106 vio
373 5062 510 5118 aqua
535 5047 600 5101 ad
625 5047 979 5102 ministerium
997 5047 1200 5111 defuit;
1230 5055 1426 5102 etcum
1449 5047 1609 5102 situla
1638 5047 1836 5118 lignea,

242 5145 400 5201 sicut
429 5141 536 5196 illic
564 5141 728 5196 moris
759 5147 859 5208 est,
892 5140 1216 5210 mancipium
1248 5140 1312 5194 ad
1352 5140 1553 5196 fontem
1588 5143 1842 5211 perrexit.

215 5282 591 5412 ’"fthfa‘dem
624 5279 867 5349 exempla
900 5279 1102 5349 profert
1127 5278 1502 5334 Theodoretus
1531 5279 1586 5334 in
1630 5280 1843 5348 praefat.

301 5370 352 5409 IS
389 5394 405 5406 .
485 5370 513 5407 e
539 5368 609 5412 ιιι.

301 5357 405 5409 ist.
442 5355 609 5409 Belia.

325 5368 841 5493 it.ll‘tijgtlilsgineminit
865 5420 1139 5493 Martyrol.
1174 5420 1358 5485 Rom.,
1388 5420 1475 5476 die
1504 5420 1570 5476 16
1595 5421 1713 5475 Jan.

330 5505 358 5535 ε
401 5496 451 5549 ls
487 5492 613 5550 esse
660 5493 869 5548 videtur
913 5492 1066 5559 cujus
1119 5493 1420 5548 encomium
1469 5492 1664 5562 legitur
1707 5495 1845 5562 apud

241 5565 536 5633 Cassiod.,
568 5566 605 5620 l.
640 5581 714 5629 ix,
747 5565 902 5633 epist.
930 5564 1023 5618 23.

325 5640 352 5676 ιι
392 5637 526 5692 Mss.
546 5637 706 5705 pler.,
727 5636 980 5691 Samnite.
1012 5634 1231 5691 Pratell.
1256 5645 1310 5691 ct
1330 5635 1514 5690 Germ.
1542 5634 1629 5690 hic
1654 5635 1854 5690 habent

245 5711 520 5775 Samnite,
547 5717 600 5761 et
632 5715 811 5775 postea
845 5706 1067 5761 Samnii.

338 5792 361 5820 ³
393 5779 552 5854 “93"
578 5781 754 5854 μέκΡάτ

335 5854 360 5891 ι
393 5847 546 5913 MSS"
578 5847 813 5907 οὖσανίον
843 5851 1088 5920 πατρίδος
1121 5853 1360 5912 πλειόνως
1392 5853 1456 5909 τὰ
1480 5847 1680 5906 ὑποδ...
1705 5850 1854 5924 ἤπῳ.

1950 4682 1994 4734 οί
2025 4687 2194 4752 γονεῖς
2216 4680 2366 4735 αὑτοῦ
2396 4681 2660 4751 ἐμπαίζειν
2692 4685 2833 4752 αὑτῷ
2859 4685 2945 4737 καί
2968 4682 3144 4752 λέγειν’
3171 4682 3318 4752 Φὰγε’
3351 4685 3420 4748 μὴ
3441 4683 3544 4754 γὰρ
3567 4692 3589 4714 τ’

1948 4773 2102 4843 ἰχθύν
2136 4794 2218 4828 σοι
2244 4773 2290 4826 ἐν
2322 4774 2518 4833 τούτοις
2536 4771 2562 4811 ¹ί
2587 4782 2693 4834 τοῖς
2716 4771 2888 4849 ὄρεσιν
2913 4772 3100 4843 ἔχομεν
3120 4774 3442 4844 παραθεῖναι.
3467 4772 3543 4829 Ἐν

1949 4866 2115 4936 ἐκείνῳ
2136 4863 2188 4920 δὲ
2213 4873 2286 4938 τῷ
2311 4864 2473 4936 τόπῳ,
2494 4868 2649 4935 ἰχθύς
2671 4868 2762 4936 μὲν
2784 4868 3014 4931 ἠκούετο,
3039 4863 3269 4934 οὐδαμῶς
3292 4864 3344 4920 δέ
3365 4867 3546 4941 εὑρισ-

1950 4961 2158 5034 κόμενος
2201 4961 2479 5035 ἐθεωρεῖτο.
2511 4959 2584 5014 Ἐν
2634 4958 2743 5029 ὅσῳ
2797 4959 2848 5013 δὲ
2881 4958 3080 5018 τούτοις
3123 4967 3228 5018 τοῖς
3272 4961 3491 5033 ῥήμασιν
3521 4962 3549 5018 ὁ

1950 5050 2233 5128 Ὀνωρᾶτος
2249 5053 2556 5117 ἐνεπαίζετο,
2579 5049 2716 5124 ὕδωρ
2737 5051 2806 5109 εἰς
2832 5054 2921 5108 τὴν
2939 5057 3029 5105 τοῦ
3047 5057 3339 5124 συμποσίου
3357 5054 3549 5124 ὑπουρ-

1951 5150 2066 5220 γίαν
2103 5146 2425 5224 παρέλλειῷε*
2477 5141 2602 5199 καίι
2638 5144 2770 5216 μετά
2803 5143 2977 5206 σίτλας
3005 5147 3223 5215 ξυλίνης,
3267 5150 3430 5210 καθὼς
3455 5150 3549 5205 αὑ-

1958 5281 2494 5355 Βθε.ῌ1ιᾷ-ὺϐῐ,-ύπέρ.
2531 5275 2691 5345 Edili,
2724 5278 2886 5335 εἴπεο.

2030 5351 2061 5424 ε
2086 5351 2262 5424 Colb.,
2297 5351 2493 5424 διέγνω.

2033 5420 2059 5499 ‘_'
2089 5423 2221 5499 lies.
2252 5420 2446 5499 eme-

2041 5494 2055 5531 ί
2089 5494 2536 5572 βθςληβασιλείας
2557 5501 2610 5548 et
2631 5495 2794 5572 paulo
2823 5502 2964 5572 post,
2995 5496 3170 5572 ἁγνεία
3197 5500 3278 5552 καί
3303 5498 3555 5572 ἀναστροτ

1996 5566 2149 5644 ᾕηιιι
2171 5556 2332 5620 ῑοιῑ).
2379 5572 2590 5644 tanturn
2629 5556 2840 5635 legitur:
2884 5556 2972 5619 οὖν
3028 5556 3355 5641 ἀναστροφῇ
3411 5556 3554 5638 quod

1996 5592 2046 5626 η.
2091 5591 2149 5621 .Ill
2180 5591 2332 5620 UUIU.
2381 5591 2584 5618 ωηιυιιι
2629 5591 2840 5635 ιυῆιιυΐ.
2884 5591 2972 5619 ουν
3028 5591 3068 5624 α⁴

1962 5591 2215 5696 {latinum
2238 5645 2443 5692 textum
2468 5636 2659 5691 melius
2699 5644 3068 5707 repraesentat.

2047 5711 2059 5784 ᾗ
2092 5709 2217 5784 .1155.
2248 5709 2385 5784 κρέα.

2045 5779 2070 5856 ξ
2095 5779 2250 5856 ἰξθξζη
2279 5779 2386 5841 τοῖς
2397 5781 2628 5856 μέρεοχν.

2052 5849 2070 5890 ι
2107 5852 2265 5922 Reg.,
2297 5849 2506 5914 σήτλας.
2537 5850 2714 5920 Colb.,
2748 5849 2941 5912 σίκλας.
