4036 6346
540 308 644 370 155

1744 308 1987 367 SANCTI
2025 307 2350 367 GREGORII
2392 307 2606 366 MAGNI

3718 315 3819 377 {£36

537 431 646 490 tu.
680 427 793 491 ἔθος
820 427 977 497 itu-iv,
1020 422 1078 483 τό
1116 424 1433 502 ἀνδράποδον
1474 428 1544 488 είς
1574 431 1661 485 τήν
1708 432 1873 499 πηγήν
1919 428 2122 485 ἀπῆλθε.

2234 426 2472 495 Dumque
2503 427 2738 483 hauriret
2781 442 2972 499 aquam
2997 468 3013 497 ,
3051 428 3069 469 ί
3106 430 3272 500 piscis
3318 429 3535 491 situlam
3578 430 3813 495 intravit.

536 526 639 582 Καί
666 526 718 578 iv
748 521 854 593 ὅσῳ
890 520 1053 579 ἤντλει
1099 520 1157 573 τό
1207 516 1367 595 ὕδωρ,
1397 518 1552 589 ἰχθύς
1595 522 1769 601 τιςείς
1810 520 1867 573 τό
1903 516 2129 591 ἄντλημα

532 618 777 677 εἰσῆλθεν.
808 610 1161 687 Ὑποστρέψας
1190 611 1243 673 δέ
1273 610 1379 666 ότό
1410 610 1547 688 ὕδωρ
1578 613 1814 683 κομίζων,
1837 612 1937 687 πρὸ
1959 632 2126 687 προσ-

534 712 677 765 ώπου
704 713 805 764 τῶν
848 705 1178 776 ἀνακειμένων
1222 703 1307 759 τόν
1332 704 1483 773 ἰχθὺν
1514 706 1607 758 σῦν
1634 711 1704 771 τῷ
1726 701 1875 759 ὕδατι
1901 703 2123 774 ἐξέχεεν,

534 797 679 859 ὅστις
705 787 912 857 6V6)»:
938 804 1030 856 τῆς
1059 796 1250 869 ἡμέρας
1281 799 1353 858 εἰς
1383 798 1577 871 βρῶσιν
1607 804 1679 865 τῷ
1710 796 2126 872 Ὀνωράτῳάὑτ-

535 892 752 968 ἆρκέσαι
804 886 1046 948 ἠδυνήθη.
1095 895 1121 924 ⁸
1150 890 1537 959 Θαυμασάντων
1585 885 1639 942 δὲ
1678 890 1899 955 πάντων,
1946 883 2129 949 έίεῖνος

538 985 656 1046 ὅλος
679 983 705 1042 ὅ
725 990 825 1042 τῶν
841 985 1022 1057 γονέων
1043 984 1331 1055 έμπαιγμὸς
1357 981 1613 1038 ἔπαυσεν.
1644 986 1737 1038 Καί
1756 988 1843 1043 τήν
1859 988 1950 1038 τοῦ
1975 994 2128 1037 Ὁνω-

536 1081 693 1153 ράτου
720 1079 1010 1155 έγκράτειαν
1030 1078 1244 1152 ἤρξαντο
1276 1077 1518 1133 σέϐεσθαι
1538 1116 1553 1141 ,
1579 1078 1738 1149 ἥνπερ
1769 1076 2047 1149 κατεγέλων
2072 1076 2129 1129 τό

535 1172 806 1247 πρότερον
838 1170 999 1231 οὑτως
1038 1165 1124 1223 οὖν
1168 1170 1269 1225 ἀπὸ
1304 1178 1395 1226 τοῦ
1431 1172 1695 1247 ἀνθρώπου
1746 1177 1834 1224 τοῦ
1874 1176 1999 1225 Θεοῦ
2040 1175 2126 1225 τοῦ

534 1266 829 1338 έμπαιγμοῦ
849 1268 938 1321 τήν
964 1262 1109 1333 ὕϐριν
1137 1262 1163 1317 ὁ
1189 1264 1343 1333 ἰχθυς
1368 1270 1462 1318 τοῦ
1491 1260 1643 1341 ὅρους
1675 1262 1972 1333 ἀπήλειψεν.
2008 1275 2131 1336 [lpo-

533 1357 783 1427 κόψαντος
803 1354 856 1411 δέ
884 1356 1039 1410 αὑτοῦ
1070 1353 1093 1391 δ
1124 1357 1391 1426 μεγίσταις
1417 1354 1683 1425 δυνάμεσι,
1722 1356 1869 1430 παρὰ
1898 1360 1987 1409 τοῦ
2010 1375 2129 1428 προ-

533 1448 799 1521 λεχθέντος
827 1449 983 1503 αὑτοῦ
1014 1449 1193 1522 κυρίου
1212 1448 1506 1517 ,ἐλευθερίας
1537 1445 1703 1518 ἔτυχε
1723 1490 1737 1513 ,
1778 1449 1859 1501 καί
1900 1450 1972 1506 εἰς
2008 1448 2129 1500 ἐκεῖ·

532 1563 615 1599 νον
640 1544 725 1597 τὸν
754 1539 910 1597 τόπον
931 1541 1017 1596 τόν
1036 1538 1252 1601 ῢοὺνδης
1272 1540 1534 1613 λεγόμενον
1567 1541 1908 1613 μοναστήριον
1945 1535 2127 1610 ᾠκοδό-

532 1654 713 1699 αησεν,
738 1632 788 1688 s'v
820 1628 859 1704 ᾧ
888 1629 1157 1687 διακοσίων
1197 1632 1367 1687 λοιπὸν
1411 1637 1654 1701 μοναχῶν
1698 1634 1868 1703 πατήρ
1908 1631 2125 1701 γέγοὺὲν.

488 1730 495 1735 ’
543 1732 662 1791 Batti
689 1718 783 1780 οὖν
816 1732 839 1762 ο
871 1725 902 1782 ἡ
938 1728 1041 1791 ζωὴ
1068 1724 1226 1779 αὑτοῦ
1250 1723 1301 1777 ἐν
1330 1721 1526 1781 ἅπασιν
1576 1723 1736 1795 155
1778 1720 2129 1794 ὑποδείγματα

2232 518 2631 591 Reversumque
2678 524 3001 591 mancipium
3048 533 3173 579 ante
3222 540 3315 581 ora
3369 528 3815 587 discumbentium

2232 608 2434 679 piscem
2456 624 2576 665 cum
2604 625 2740 681 aqua
2769 612 2921 679 fudit,
2950 615 3040 684 qui
3064 616 3129 669 ad
3160 616 3322 687 totius
3351 617 3459 673 diei
3490 620 3687 676 victum
3715 638 3810 693 po-

2233 702 2424 759 tuisset
2450 702 2719 759 Honorato
2743 704 3014 762 sufﬁcere.
3041 705 3214 763 Mirati
3244 722 3454 776 omnes,
3483 719 3702 783 totaque
3724 716 3815 772 illa

2230 802 2506 864 parentum
2537 795 2715 853 irrisio
2747 799 2996 853 cessavit.
3024 796 3255 869 Coepere
3279 815 3513 872 namque
3547 804 3601 860 in
3636 806 3816 863 Hono-

2230 894 2348 941 rato
2373 888 2617 943 venerari
2663 888 3046 945 abstinentiam
3071 931 3087 958 ,
3120 906 3277 961 quam
3312 902 3438 950 ante
3465 895 3816 965 deridebant;

2232 979 2413 1051 sicque
2460 996 2491 1035 a
2541 980 2633 1037 Dei
2682 981 2900 1038 homine
2950 983 3212 1040 irrisionis
3254 985 3481 1041 detersit
3524 989 3816 1057 opprobria

2229 1070 2393 1141 piscis
2416 1081 2440 1120 Β
2464 1072 2531 1127 de
2560 1082 2761 1129 monte.
2776 1074 2876 1141 Qui
2894 1089 3016 1129 cum
3046 1077 3259 1147 magnis
3288 1078 3576 1135 virtutibus
3605 1095 3818 1138 cresce-

2230 1171 2332 1228 ret,
2363 1178 2393 1217 a
2423 1163 2679 1233 praedicto
2722 1164 2941 1220 domino
2984 1180 3083 1221 suo
3134 1167 3385 1224 libertate
3427 1170 3661 1227 donatus
3688 1184 3812 1240 est,

2230 1263 2388 1324 atque
2434 1256 2485 1309 in
2516 1270 2581 1310 eo
2611 1255 2727 1310 loco
2766 1254 2792 1292 ιι
2827 1257 2915 1326 qui
2948 1256 3149 1315 Fundis
3179 1258 3395 1327 dicitur,
3430 1264 3815 1320 monasterium

2230 1349 2559 1414 construxit,
2610 1349 2661 1404 in
2714 1364 2820 1419 quo
2854 1349 3203 1407 ducentorum
3237 1353 3406 1408 ferme
3432 1358 3818 1413 monachorum

2230 1438 2390 1495 Pater
2422 1441 2661 1507 exstitit,
2694 1440 2873 1512 ibique
2902 1443 3006 1497 vita
3039 1442 3181 1500 illius
3206 1445 3623 1517 circumquaque
3658 1449 3817 1521 156

2230 1531 2479 1600 exempla
2509 1531 2717 1587 eximia:
2762 1533 3187 1590 conversationis
3226 1534 3394 1593 dedit.
3420 1536 3553 1593 Nam
3581 1538 3814 1609 quadam

2230 1622 2317 1678 die
2340 1638 2406 1678 ex
2438 1639 2503 1680 eo
2534 1635 2715 1681 monte
2743 1626 2833 1695 qui
2862 1625 2981 1695 ejus
3003 1630 3333 1684 monasterio
3358 1630 3410 1685 in
3443 1631 3659 1687 excelso
3691 1647 3814 1702 pro-

2232 1714 2399 1772 minet
2442 1716 2674 1786 ingentis
2724 1719 2845 1774 saxi
2878 1719 3050 1775 moles
3080 1728 3271 1791 erupta
3300 1730 3419 1788 est,
3449 1737 3568 1792 qua:
3598 1737 3697 1793 per
3726 1724 3820 1779 de-

528 1816 821 1897 θαυμασίας
862 1813 1117 1888 διαγωγῆς
1145 1813 1379 1872 δέδωκεν.
1406 1822 1486 1869 Ἐν
1524 1820 1619 1887 μ.ιᾷ
1642 1810 1727 1868 οὖν
1758 1815 1923 1887 ἡμέρα
1959 1814 2016 1867 ἐκ
2038 1816 2124 1866 τοῦ

2233 1821 2423 1864 vexum
2472 1810 2667 1865 montis
2714 1811 2852 1867 latus
2880 1810 3137 1878 veniens,
3172 1813 3336 1869 totius
3377 1815 3589 1872 ruinam
3627 1817 3818 1881 cella,

528 1910 689 1963 αὑτοῦ
722 1903 893 1982 ὅρους,
913 1908 962 1961 iv
1058 1908 1112 1961 τὸ
1141 1911 1481 1983 μοναστήριον
1510 1909 1665 1961 αὑτοῦ
1698 1907 1744 1958 ἐν
1774 1914 1846 1978 τῷ
1868 1904 1987 1975 ὕψει
2016 1903 2126 1961 διά·

528 2021 711 2064 κειται,
754 2000 887 2060 λίθος
934 2003 1259 2071 παμμεγέθης
1288 2001 1573 2071 ἀπετμήθη,
1615 1998 1668 2060 ὃς
1695 2019 1773 2058 τις
1801 1996 1885 2052 διά
1906 2005 1997 2057 τῆς
2033 1999 2125 2053 ao-

528 2098 621 2151 τοῦ
644 2088 670 2127 ά
697 2100 995 2163 καταγωγῆς
1020 2092 1076 2145 ix
1092 2091 1315 2163 πλαγίου
1344 2097 1433 2147 τοῦ
1462 2087 1615 2166 ὅρους
1637 2090 1787 2146 έλθών
1813 2096 2010 2145 πτῶσιν
2031 2097 2122 2145 τοῦ

531 2186 873 2257 μοναστηρίου
904 2188 986 2239 καὶ
1014 2184 1212 2241 πάντων
1239 2192 1340 2240 τῶν
1374 2182 1594 2255 ἀδελφῶν
1629 2183 1880 2239 ἀπώλειαν
1909 2182 2121 2241 ἠπείλει·

527 2274 588 2337 ἓν
612 2276 640 2334 ὃ
685 2275 828 2350 ἅγιος
866 2278 1044 2339 ἐκεῖνος
1082 2278 1210 2352 ἀνὴρ
1246 2274 1429 2331 ἄνωθεν
1468 2274 1748 2350 ἐρχόμενον
1788 2275 2122 2346 θεασάμενος,

528 2379 708 2446 συχνῇ
731 2357 793 2446 τῇ
826 2377 959 2443 φωνῇ
996 2369 1052 2427 τὸ
1098 2376 1190 2426 τοῦ
1218 2374 1444 2441 Χριστοῦ
1484 2368 1904 2439 ἐπικαλεσάμενος
1946 2364 2119 2436 ὄνομα,

528 2467 617 2523 καί
643 2470 734 2523 την
764 2462 927 2529 δεξιάν
957 2470 1115 2537 χεῖρα
1148 2461 1400 2527 ἐκτείνας,
1430 2462 1517 2517 τόν
1554 2460 1715 2517 τὺπον
1744 2461 1884 2531 αὑτῷ
1912 2464 2000 2513 τοῦ
2047 2479 2124 2512 τι-

529 2558 646 2629 μίου
676 2562 907 2631 σταυροῦ
930 2557 1185 2619 ἐπέθηκεν,
1211 2557 1297 2610 καὶ
1322 2560 1658 2629 παραχρῆμα
1687 2552 1734 2605 έν
1756 2560 1831 2625 τῷ
1857 2558 1947 2607 τοῦ
1972 2549 2125 2629 ὄρους

2232 1898 2578 1970 omniumque
2599 1900 2821 1955 fratrum
2845 1902 3119 1958 interitum
3137 1906 3458 1961 minabatur.
3489 1908 3660 1975 Quam
3686 1924 3810 1965 cum

2231 1998 2533 2055 venientem
2585 2000 2817 2070 desuper
2864 2001 2948 2055 vir
2994 2011 3213 2060 sanctus
3242 2005 3503 2075 vidisset,
3552 2010 3819 2077 frequenti

2233 2104 2365 2148 voce
2392 2106 2587 2149 nomen
2615 2092 2814 2149 Christi
2845 2094 3134 2165 invocans,
3163 2105 3383 2155 extensa
3426 2114 3551 2155 mox
3591 2100 3815 2157 dextera

2232 2182 2443 2253 signum
2477 2182 2527 2239 ei
2570 2186 2747 2241 crucis
2788 2188 3071 2256 opposuit,
3103 2202 3332 2259 eamque
3375 2189 3428 2245 in
3478 2190 3595 2261 ipso
3621 2192 3818 2249 devexi

2233 2278 2429 2335 montis
2471 2277 2643 2334 latere
2689 2278 2969 2336 cadentem
3017 2280 3179 2349 fixit,
3228 2284 3365 2338 sicut
3409 2284 3697 2353 religiosus
3745 2286 3823 2343 vir

2233 2367 2555 2426 Laurentius
2586 2371 2849 2441 perhibet.
2879 2371 2948 2428 Et
2973 2373 3095 2443 quia
3125 2373 3273 2430 locus
3302 2376 3353 2431 ei
3376 2390 3481 2431 non
3510 2377 3689 2433 fuerat
3716 2391 3825 2447 qua

2234 2460 2499 2519 inhaerere
2527 2464 2809 2533 potuisset,
2826 2464 3081 2534 aspicitur
3101 2467 3173 2521 ita
3194 2474 3253 2523 ut
3281 2468 3554 2539 hucusque
3582 2477 3823 2535 ωοοιοω

2234 2554 2598 2621 cernentibus,
2636 2568 2825 2610 casura
2858 2558 3090 2624 pendere
3122 2558 3386 2615 videatur.

529 2660 734 2728 κρημνῷ
763 2650 1134 2723 κατερχόμενον
1179 2647 1394 2714 ἔστησε,
1429 2648 1590 2707 καθὼς
1623 2645 1650 2700 ό
1684 2644 1962 2717 σπουδαῖος
1992 2648 2121 2721 ἁνήρ
2159 2648 2469 2718 Λαυρέντιος
2506 2648 2658 2719 λέγει.
2688 2649 2859 2705 Τόπου
2903 2648 2957 2705 δέ
3006 2655 3075 2720 μή
3116 2652 3443 2722 ὑπάρχοντος
3476 2656 3527 2709 iv
3564 2652 3604 2728 ᾧ
3654 2675 3823 2731 προσ-

529 2747 818 2806 κολληθῆναι
846 2744 1023 2805 όλίθος
1052 2742 1350 2807 δυνήσηται,
1383 2743 1547 2815 μέχρι
1571 2745 1663 2798 τοῦ
1707 2739 1960 2814 παρόντος
2004 2739 2149 2814 παρά
2183 2742 2318 2796 πᾶσι
2337 2742 2618 2815 θεωρεῖται,
2651 2748 2760 2803 πῶς
2795 2742 3157 2805 ἀποσπασθεὶς
3185 2745 3236 2800 ἐκ
3257 2752 3349 2803 τοῦ
3374 2743 3523 2821 ὅρους
3551 2749 3825 2824 κρέμαται,

530 2834 586 2893 ὃν
610 2836 638 2894 ὁ
662 2836 806 2908 ἅγιος
838 2844 902 2911 τῇ
928 2842 1017 2892 τοῦ
1040 2842 1269 2911 Χριστοῦ
1291 2832 1505 2904 δυνάμει
1534 2832 1783 2891 ἔστησεν.

599 2945 767 2993 nere.
805 2935 1146 3005 Πυνθάνομαε,
1188 2936 1322 3001 τίμιε
1356 2932 1555 3005 πάτερ,
1595 2929 1621 2983 ό
1656 2932 1929 3003 περιφανὴς
1976 2925 2131 2991 οὗτος

529 3023 806 3103 ἄνθρωπος,
831 3025 857 3082 ό
885 3027 935 3082 ἐν
961 3025 1158 3102 ὑστέρῳ
1181 3022 1482 3082 διδάσκαλος
1516 3021 1752 3091 μαθητῶν
1783 3023 2006 3094 γεγονὼς
2023 3059 2039 3087 ,
2067 3020 2128 3075 τό

530 3122 782 3198 πρότερον
808 3120 940 3193 ἴσχε
967 3119 1299 3183 διδάσκαλον;

598 3223 764 3270 I‘Plil‘.
787 3212 1035 3285 οὐδαμῶς
1069 3218 1249 3267 τοῦτον
1280 3210 1536 3283 γεγονέναι
1569 3211 1702 3269 τινός
1732 3211 1955 3280 μαθητήν
2000 3212 2123 3273 ἀκή-

525 3320 641 3365 ator
664 3311 754 3361 τοῦ
784 3306 837 3361 δὲ
866 3306 1011 3377 ἁγίου
1040 3303 1331 3376 πνεύματος
1359 3304 1419 3360 τὸ
1456 3302 1619 3379 δῶρον
1654 3304 1792 3374 νόμῳ
1820 3305 1878 3358 οὑ
1915 3310 2127 3359 στενοῦ·

524 3420 629 3458 ται.
661 3397 834 3471 ’Ὅμως
879 3398 994 3459 ἔθος
1036 3406 1127 3458 τῆς
1180 3400 1327 3471 ὀρθῆς
1374 3399 1698 3473 ἀναστροφῆς
1746 3398 2001 3472 ὑπάρχει,
2047 3400 2125 3454 ἵνα

524 3493 873 3571 προΐστασθαί
916 3514 995 3553 τις
1044 3498 1112 3561 μή
1154 3493 1404 3565 τολμήσῃ,
1437 3489 1491 3552 ὅς
1532 3513 1611 3552 τις
1642 3493 2035 3569 ὑποτάσσεσθαι
2064 3494 2122 3547 οὑ

526 3586 799 3659 μεμάθηκε,
826 3589 896 3654 μὴ
920 3582 963 3638 δ’
991 3584 1211 3644 ὑπακοήν
1235 3592 1347 3643 τοῖς
1370 3586 1717 3656 ὑποκειμένοις
1746 3587 2040 3656 ἐπιτρέψαι,
2068 3588 2124 3645 ἢν

527 3678 678 3737 αὐτὸς
704 3679 758 3732 ἐκ
781 3686 881 3731 τῶν
907 3678 1297 3752 προηγουμένων
1337 3678 1591 3731 δκτελέσαι
1626 3679 1713 3730 οὑκ
1755 3676 1995 3748 ἔγνωκεν.
2026 3680 2125 3733 Εὑ-

528 3770 789 3846 ρίσκονται
817 3766 869 3823 δέ
899 3788 1030 3828 τινες
1055 3770 1108 3821 in
1139 3777 1232 3828 τῆς
1272 3775 1363 3821 τοῦ
1402 3770 1695 3838 πνεύματος
1732 3767 1957 3841 διδαχῆς
1986 3769 2125 3825 ἔνδον

528 3859 913 3930 διδασκόμενοι,
958 3854 1052 3914 κᾶν
1089 3858 1268 3923 ἔξωθεν
1323 3861 1493 3919 αὐτοῖς
1534 3862 1847 3931 ἀνθρωπίνης
1903 3860 2126 3932 διδαχῆς

529 3952 786 4021 ἐπιστήμη
818 3952 906 4005 οὐκ
930 3950 1185 4021 ὑπάρχει,
1218 3952 1250 4007 ἡ
1287 3956 1379 4005 τοῦ
1412 3948 1602 4005 ἔνδοθεν
1630 3950 1937 4006 διδασκάλου
1974 3957 2123 4026 σοφία

527 4047 618 4101 οὑκ
646 4046 875 4099 ἐκλείπει.
905 4049 1070 4098 Τοῦτο
1092 4042 1143 4097 δὲ
1166 4042 1440 4109 συμϐαίνει
1461 4046 1533 4103 εἰς
1558 4045 1780 4105 τελείους
1807 4044 2020 4119 ἄνδρας,
2059 4044 2124 4100 ὧν

527 4139 563 4200 ἦ
580 4146 674 4199 τῆς
699 4143 829 4202 ζωῆς
852 4137 1114 4212 ἐλευθερία,
1144 4146 1165 4172 ο
1192 4138 1243 4191 έν
1264 4144 1337 4207 τῷ
1353 4134 1692 4210 ὑποδείγματι
1715 4144 1814 4193 τῶν
1837 4140 2123 4195 ἀσθενεστέ-

527 4253 632 4313 ρων
662 4240 974 4287 καταπεσεῖν
1001 4232 1058 4283 οὑ
1100 4228 1334 4295 δύναται,
1375 4232 1457 4286 ἵνα
1496 4236 1566 4303 μή
1606 4253 1687 4293 τις
1728 4231 1902 4287 ἑαυτὸν
1940 4232 2124 4303 ὁμοίως

527 4326 813 4398 πνεύματος
841 4324 980 4395 ἁγίου
1015 4322 1404 4394 πεπληρωμένον
1440 4320 1567 4380 εἶναι
1600 4326 1810 4395 νομίσας
1836 4363 1851 4387 ,
1897 4327 2123 4396 μαθητὴς

528 4417 797 4491 ἀνθρώπον
824 4414 1053 4485 γενέσθαι
1075 4416 1515 4488 παρακρούσηται,
1550 4420 1634 4468 καὶ
1658 4415 1847 4477 πλάνης
1875 4414 2117 4472 διδάσκα-

2153 3144 2201 3211 C

2304 2928 2473 2985 Pent.
2523 2927 2812 2997 Putemus,
2861 2931 2948 2988 hic
2994 2940 3099 2988 tam
3145 2934 3392 3005 egregius
3433 2937 3537 3005 vir,
3587 2947 3647 2993 ut
3688 2950 3815 3009 post

2233 3022 2487 3092 magister
2508 3022 2892 3094 discipulorum
2909 3024 3083 3095 fieret,
3101 3026 3245 3095 prius
3269 3028 3453 3084 habuit
3473 3030 3817 3101 magistrum?

2303 3208 2547 3264 Gnecon.
2577 3209 2921 3279 Nequaquam
2953 3209 3092 3265 hunc
3120 3211 3287 3267 fuisse
3315 3212 3628 3285 cujusquam
3658 3216 3821 3273 disci-

2230 3301 2410 3371 pulum
2429 3303 2626 3368 audivi,
2640 3304 2735 3359 sed
2756 3306 2868 3374 lege
2889 3320 2994 3361 non
3014 3308 3396 3378 constringitur
3407 3311 3575 3365 sancti
3588 3311 3822 3383 Spiritus

2229 3392 2450 3447 donum.
2498 3393 2635 3448 Usus
2681 3396 2896 3464 quidem
2940 3406 3101 3453 rectae
3146 3402 3567 3458 conversationis
3612 3415 3733 3473 est,
3768 3418 3819 3462 ut

2230 3498 2463 3553 praeesse
2497 3500 2601 3540 non
2637 3487 2867 3557 audeat,
2899 3491 2988 3559 qui
3019 3490 3240 3548 subesse
3269 3507 3376 3557 non
3406 3494 3686 3562 didicerit;
3726 3514 3821 3554 nec

2228 3576 2583 3632 obedientiam
2629 3579 2892 3648 subjectis
2949 3583 3208 3652 imperet,
3240 3600 3398 3653 quam
3441 3587 3677 3656 praelatis
3716 3606 3820 3645 non

2229 3670 2380 3724 novit
2404 3671 2686 3727 exhibere.
2720 3671 2826 3728 Sed
2856 3680 3036 3730 tamen
3067 3685 3190 3731 sunt
3220 3678 3458 3732 nonnulli
3490 3681 3581 3749 qui
3612 3681 3685 3735 ita
3720 3696 3812 3752 per

2229 3763 2597 3830 magisterium
2623 3763 2853 3834 Spiritus
2872 3766 3194 3823 intrinsecus
3218 3768 3502 3839 docentur,
3531 3782 3589 3826 ut
3614 3775 3721 3829 etsi
3744 3776 3819 3831 eis

2228 3858 2465 3913 exterius
2491 3858 2709 3914 humani
2740 3860 3032 3931 magisterii
3060 3862 3344 3933 disciplina
3374 3864 3540 3933 desit,
3574 3870 3818 3938 magistri

2228 3947 2402 4002 intimi
2450 3964 2673 4006 censura
2725 3965 2832 4007 non
2882 3953 3037 4008 desit.
3093 3954 3331 4021 Quorum
3381 3966 3558 4013 tamen
3601 3958 3821 4015 libertas

2228 4044 2349 4098 vitte
2379 4043 2446 4098 ab
2476 4045 2703 4100 infirmis
2730 4047 2781 4101 in
2814 4048 3123 4118 exemplum
3154 4064 3260 4104 non
3304 4058 3387 4106 est
3418 4050 3678 4107 trahenda
3702 4095 3717 4119 ,
3752 4070 3819 4109 ne

2228 4134 2351 4189 dum
2400 4150 2459 4191 se
2506 4136 2729 4208 quisque
2775 4139 3024 4195 similiter
3060 4149 3247 4196 sancto
3288 4141 3487 4210 Spiritu
3536 4144 3820 4211 impletum

2229 4230 2525 4298 praesumit,
2558 4231 2851 4301 discipulus
2885 4233 3111 4288 hominis
3146 4249 3265 4290 esse
3294 4235 3587 4305 despiciat,
3616 4248 3674 4293 et
3706 4255 3821 4293 ma-

2226 4320 2393 4388 gister
2443 4323 2643 4376 erroris
2693 4322 2802 4378 ﬁat.
2835 4323 2983 4380 Meus
3012 4334 3187 4381 autem
3234 4342 3352 4397 quae
3399 4327 3583 4383 divino
3622 4333 3822 4399 Spiritu

2229 4412 2502 4483 impletur,
2543 4414 2702 4470 habet
2746 4416 3141 4472 evidentissimc
3181 4416 3194 4453 ί
3234 4419 3382 4488 signa
3422 4433 3551 4485 sua;
3587 4421 3816 4479 virtutes

525 4506 610 4570 λος
629 4510 855 4580 γένηται.
880 4512 1007 4566 Νοῦς
1028 4503 1082 4560 δέ
1113 4505 1139 4559 ό
1160 4512 1248 4560 τοῦ
1271 4507 1403 4560 θείου
1424 4506 1814 4581 πεπληρωμένος
1838 4508 1960 4565 πνεὺ
1966 4532 2123 4579 ματος

2232 4508 2433 4563 scilicet
2469 4516 2523 4562 et
2555 4507 2909 4564 humilitatem
2930 4550 2947 4577 ,
2994 4524 3111 4578 qua:
3141 4510 3183 4564 si
3216 4518 3442 4581 utraque
3473 4513 3717 4580 perfecte
3763 4516 3815 4570 in

526 4602 876 4674 ἕμφανέστατα
904 4597 935 4654 ἒ
938 4618 1026 4670 χει
1044 4599 1110 4654 τὰ
1136 4606 1323 4671 σημεῖα
1350 4600 1525 4665 αὑτοῦ,
1559 4599 1592 4653 ἆ
1618 4603 1731 4655 τινά
1773 4605 1871 4657 εἱσι
1912 4601 2122 4673 δύναμις

525 4697 611 4751 καί
635 4694 1093 4768 ταπεινοφροσύνη,
1120 4690 1255 4765 ἅπερ
1291 4687 1380 4747 έοὶν
1416 4694 1678 4771 ἀμφότερα
1709 4697 1757 4749 ἐν
1794 4697 1863 4749 ἑνὶ
1890 4697 2124 4771 λογισμῷ

529 4782 804 4859 ὁλοκλήρως
827 4785 1129 4848 συνέλθωσι,
1151 4792 1326 4857 σαφῶς
1346 4789 1436 4843 τήν
1455 4789 1743 4861 μαρτυρίαν
1759 4795 1848 4847 τῆς
1869 4795 1956 4843 τοῦ
1980 4788 2124 4861 ἁγίου

530 4878 819 4946 πνεύματος
857 4878 1152 4953 παρουσίας
1193 4879 1447 4953 φέρουσιν.
1494 4878 1670 4938 Οὕτως
1719 4875 1809 4933 οὖν
1839 4879 2061 4941 ’ῐωάννης
2099 4881 2123 4935 ό

530 4974 818 5029 Βαπτιστής
843 4968 1140 5026 διδάσκαλον
1166 4978 1234 5042 μή
1266 4974 1539 5044 ἐσχηκέναι
1565 4975 1985 5046 ἀναγινώσκεται·
2014 4975 2123 5031 οὑδέ

530 5070 629 5137 γὰρ
658 5064 787 5123 αὑτὴ
815 5065 847 5121 ἠ
868 5062 1104 5132 Ἀλήθεια,
1133 5068 1158 5122 ό
1180 5070 1353 5143 κύριος
1374 5070 1513 5139 ἡμῶν
1544 5068 1736 5130 Ἰησοῦς
1756 5072 1996 5145 Χριστὸς,
2022 5093 2098 5127 σω

601 5208 627 5237 α
656 5199 877 5263 Excusi,
910 5202 1250 5274 θαυμάσοντες
1279 5204 1331 5261 δὲ
1352 5205 1561 5268 πάντες.
1588 5206 1659 5260 Ita
1689 5208 2021 5262 rcstituimus
2051 5225 2115 5264 ex

529 5269 749 5343 Ms_s._ct
776 5284 843 5324 ex
865 5269 1224 5343 grammatica:
1255 5276 1478 5343 legibus.

602 5340 629 5424 ις
664 5341 818 5411 Reg.,
852 5343 899 5424 ἐν
926 5340 1469 5424 θαὺμοισινΑμεγίστ-οις
1492 5370 1577 5424 και
1614 5370 1757 5424 παρα
1796 5358 1893 5403 τῶν
1932 5351 2117 5423 προλε·

532 5412 758 5491 χθένῖων
787 5415 1034 5491 γονέων...
1071 5412 1349 5491 ἐλευθερίας
1378 5423 1579 5491 τυχών,
1605 5412 1965 5491 εἰς’έκεῐνον...

608 5494 631 5521 ε
659 5484 815 5563 Rep,
848 5484 931 5536 Ἐν
960 5484 1308 5563 πᾶσιτῇ
1347 5484 1500 5563 αὑτοῦ
1537 5489 1883 5563 ὑποδείγματα
1923 5494 2117 5561 θαυμα-

533 5563 663 5680 Ξῖἲῆς
715 5554 969 5629 διαγωγῆς
1019 5554 1293 5622 ὑπέδειξενξ
1340 5559 1491 5615 Colh.
1547 5554 1989 5632 Ιιθῑ>οι,”ἐ’δωκεν,
2019 5554 2121 5632 'pro

566 5646 585 5678 ε
621 5648 761 5680 ωκεν.

566 5646 761 5681 ευωκεν.

602 5696 629 5733 ἀ
662 5698 792 5768 Iieg.
806 5740 820 5766 ,
852 5697 1209 5761 καταϐάσεως.

605 5776 639 5843 ς
662 5768 810 5843 MSS”
844 5772 894 5824 ἐκ
918 5778 1017 5827 τῶν
1041 5771 1444 5843 ὑποδειγμάτων.

605 5834 627 5875 ¹
662 5834 894 5896 Plurima
926 5843 1180 5911 miracula
1211 5834 1278 5909 eid
1312 5844 1793 5902 commendandam
1832 5848 2107 5905 abstinen-

2229 4615 2333 4654 una
2382 4608 2559 4656 mente
2608 4602 2968 4667 conveniunt,
3005 4601 3173 4671 liquet
3220 4603 3360 4672 quod
3411 4603 3478 4658 dc
3526 4607 3823 4673 praesentia

2228 4693 2394 4748 sancti
2426 4692 2656 4762 Spiritus
2688 4692 3048 4747 testimonium
3078 4692 3273 4748 ferunt.
3302 4694 3391 4748 Sic
3415 4695 3614 4765 quippe
3647 4697 3818 4753 etiam

2230 4784 2461 4839 Joannes
2510 4783 2744 4853 Baptista
2790 4784 3102 4853 magistrum
3156 4785 3403 4842 habuisse
3445 4800 3550 4841 non
3594 4788 3821 4860 legitur,

2231 4890 2402 4946 neque
2430 4878 2542 4945 ipsa
2579 4876 2804 4943 Veritas,
2837 4892 2955 4947 quae
2980 4879 3243 4948 corporali
3277 4881 3562 4949 praesentia
3592 4893 3820 4952 aposto-

2229 4970 2309 5025 los
2334 4970 2533 5036 docuit,
2561 4986 2682 5025 eum
2708 4970 3057 5041 corporaliter
3104 4974 3245 5029 inter
3289 4973 3580 5044 discipulos
3620 4990 3821 5049 aggre-

2234 5063 2408 5134 gavit;
2459 5062 2551 5118 sed
2602 5077 2759 5133 quem
2810 5063 3131 5120 intrinsecus
3180 5064 3439 5130 docebat,
3474 5066 3822 5123 extrinsecus

2228 5203 2354 5258 tiam
2372 5203 2503 5258 facta
2529 5204 2848 5275 referuntur.
2862 5200 3051 5275 Simile
3069 5218 3203 5272 pene
3218 5205 3335 5275 lege
3356 5204 3495 5274 apud
3512 5204 3817 5275 Sulpicium

2229 5276 2485 5346 Severum
2508 5316 2522 5339 ,
2575 5274 2784 5343 dialogo
2829 5275 2892 5340 5,
2938 5274 3004 5329 de
3035 5274 3319 5330 virtutibus
3354 5281 3522 5330 sancti
3559 5274 3817 5346 Martini,

2225 5362 2274 5401 c.
2302 5344 2386 5400 1⁸5.
2410 5346 2487 5397 Ad
2511 5345 2730 5414 primum
2749 5346 2967 5416 jactumi
2981 5348 3075 5400 reti
3096 5347 3387 5416 permodico
3409 5348 3681 5401 immanem
3705 5344 3822 5404 esa-

2226 5432 2334 5471 cem
2362 5416 2610 5469 diaconus
2640 5417 2889 5483 extraxit,
2922 5415 3148 5471 Martino
3172 5458 3186 5482 ,
3214 5418 3300 5486 qui
3320 5458 3337 5485 ,
3370 5421 3530 5471 etiam
3575 5420 3627 5473 in
3662 5418 3819 5476 feriis

2232 5486 2592 5548 Paschalibus,
2626 5501 2655 5539 a
2683 5488 2933 5541 carnibus
2961 5488 3295 5553 abstinebat,
3326 5490 3731 5557 apponendum.

2301 5568 2325 5606 Β
2353 5557 2598 5612 Nonnulli
2628 5559 2785 5623 Editi,
2817 5560 2879 5611 de
2902 5560 3058 5627 fonte.

2298 5628 2325 5666 ιι
2353 5632 2562 5686 Gemet.
2597 5637 2653 5685 et
2677 5630 2872 5684 Pratel.
2893 5670 2910 5697 ,
2954 5630 3044 5699 qui
3092 5628 3332 5684 Fluudis.
3360 5629 3533 5686 Fundi
3566 5631 3697 5686 urhs
3727 5644 3812 5690 est

2227 5716 2363 5757 nunc
2388 5701 2703 5771 episcopalis
2732 5702 2782 5755 in
2813 5700 2982 5754 Latio.

2304 5771 2319 5808 ί
2356 5774 2443 5827 Sic
2466 5773 2756 5846 legendum
2790 5786 2889 5846 ex
2916 5773 3038 5827 Mss.
3088 5786 3213 5836 non,
3252 5773 3625 5846 evidentissima
3650 5776 3817 5846 signa

2227 5860 2340 5906 sua,
2376 5852 2433 5900 ut
2458 5842 2638 5899 ferunt
2662 5842 2822 5899 Editi.
2856 5842 3025 5907 Quam
3056 5843 3378 5899 sententiam
3402 5844 3467 5899 ad
3499 5860 3556 5901 se
3582 5842 3815 5901 trah'unt
