4036 6346
205 318 303 380 157

1474 311 1920 375 ῡιιιοοοκωε
1953 318 2161 379 LIBER
2192 316 2243 377 Ῑ.

3370 320 3473 377 158

202 436 353 510 quasi
400 433 455 492 in
500 444 597 489 sua
639 430 890 489 libertate
953 430 1257 501 reliquerat.
1308 428 1399 485 Sic
1466 430 1677 500 Moyses
1724 430 1779 485 in

1894 441 2074 507 αατιιιῇ
2095 434 2356 512 παρουσίᾳ
2397 437 2515 496 τούς
2555 434 2873 497 ἀποστόλους
2895 435 3125 503 διδάξας,
3156 445 3331 497 τοῦτον
3368 463 3471 498 σω·

202 543 384 587 eremo
416 534 440 563 ⁸
468 523 694 581 edoctus
714 522 1024 579 mandatum
1052 522 1119 577 ab
1149 521 1343 592 angelo
1366 520 1557 577 didicit
1579 521 1779 592 (Exod.

201 618 369 688 um),
395 614 536 686 quod
569 627 664 685 per
692 612 970 670 hominem
1017 626 1124 669 non
1172 611 1447 681 cognovit.
1491 609 1597 667 Sed
1630 612 1779 682 haec,

199 721 256 771 ut
282 710 629 783 praediximus
652 752 665 776 ,
700 706 929 765 inﬁrmis
960 705 1260 764 veneranda
1289 714 1449 775 sunt,
1501 720 1608 763 non
1656 707 1779 763 iml-

200 810 376 868 tande.

265 1089 434 1147 Pera.
469 1088 652 1147 Placet
678 1085 823 1158 quod
849 1083 1024 1151 dicis;
1048 1084 1144 1142 sed
1178 1091 1303 1156 peto
1325 1092 1384 1141 ut
1408 1084 1541 1143 mihi
1566 1084 1715 1141 dicas
1736 1083 1782 1140 si

197 1191 377 1241 tantus
404 1184 489 1241 hic
514 1182 674 1239 Pater
701 1180 930 1251 aliquem
968 1179 1052 1234 sui
1085 1178 1413 1234 imitatorem
1455 1176 1778 1246 discipulum

197 1276 433 1347 reliquit.

821 1361 1048 1420 CAPUT
1089 1360 1153 1417 ll.

318 1457 397 1515 De
425 1456 685 1513 Libertina
713 1455 989 1527 ρτιοροεὶιο
1018 1454 1251 1527 ejusdem
1278 1452 1577 1510 monasterii
1602 1451 1653 1507 δ.

279 1552 602 1609 ϐιεοοιιιοε.
655 1548 750 1606 Vir
796 1546 1262 1604 reverentissimus
1311 1545 1645 1611 Libertinos,
1691 1545 1784 1616 qui

198 1652 443 1713 tempore
464 1640 647 1697 Totilze
674 1640 813 1711 regis
840 1650 862 1679 ο
888 1638 1186 1696 Gothorum
1212 1636 1455 1708 ejusdem
1484 1636 1785 1693 Fundensis

196 1737 506 1795 monasterii
537 1734 861 1807 praepositus
888 1733 1010 1799 fuit,
1038 1733 1091 1788 in
1118 1731 1447 1801 discipulatu
1478 1728 1621 1786 illius
1650 1743 1782 1784 con-

1884 532 2107 594 μτικῶς
2136 527 2324 595 μεταξύ
2364 527 2529 581 αύτῶν
2565 529 2914 601 συνηθΡὸἐσενο
2963 528 3153 585 ἔνδοθεν
3196 528 3251 587 δὲ
3291 531 3475 602 μᾶλλον

1884 610 2156 681 διδάσκων,
2189 614 2368 682 ἔξωθεν
2391 619 2438 675 ἐν
2465 619 2718 693 ἐλευθερίᾳ
2748 629 2770 657 θ
2806 622 3087 677 κατέλιπεν
3126 624 3289 685 οὕτως
3320 636 3473 680 Μωυ-

1885 716 1981 770 σῆς
2007 710 2058 763 ἐν
2082 718 2142 784 τῇ
2173 712 2342 785 ἐρήμῳ
2378 711 2480 766 ύπὸ
2514 712 2720 785 ἀγγέλου
2766 712 3053 785 ὁδηγηθεὶς,
3086 716 3283 775 ἐντολήν
3313 719 3475 789 persia

1884 802 2051 869 θηκεν,
2081 804 2234 881 ἥνπερ
2263 803 2327 859 δι’
2356 807 2617 882 ἀνθρώπου
2656 808 2740 862 οὐκ
2783 806 2935 881 ἔγνω.
2969 814 3148 865 Ταῦτα
3188 802 3276 874 δὲ,
3310 814 3475 872 καθὼς

1887 899 2221 967 προείπαμεν,
2252 907 2359 958 τοῖς
2387 900 2739 970 ἀσθενέστερον
2778 899 3099 972 διακειμένοις
3145 902 3164 941 ί
3211 904 3473 961 σεϐαστέα

1886 988 2005 1054 εἰσί,
2036 991 2120 1043 καί
2145 989 2201 1043 ού
2220 992 2458 1062 μιμητέα.

1955 1091 2121 1140 nm.
2157 1080 2378 1158 Ἀρέσκει
2407 1080 2629 1154 ὃλέγεις³
2660 1086 2764 1142 ἀλλ’
2786 1088 2911 1143 αἰτῶ
2935 1088 3021 1143 ἵνα
3055 1108 3142 1158 μοι
3174 1086 3319 1159 εἴπης
3343 1127 3359 1154 ,
3388 1090 3471 1145 ἐὰν

1888 1172 1913 1229 ὁ
1942 1180 2169 1237 τοιοῦτος
2199 1180 2370 1252 πατὴρ
2398 1182 2617 1246 μιμητὴν
2645 1178 2833 1236 ἑαυτοῦ
2857 1200 2968 1237 τινα
3009 1180 3061 1234 ἐκ
3094 1188 3193 1238 τῶν
3234 1182 3471 1254 μαθητῶν

1886 1270 2147 1326 κατέλιπεν

2509 1374 2733 1424 ΚΕΦΔΛ.
2774 1369 2819 1421 Β’
2830 1408 2841 1421 .

2002 1462 2118 1535 Περὶ
2146 1459 2442 1535 Λιϐερτίνου
2473 1468 2498 1507 Β
2525 1459 2855 1538 δευτεραρὼυ
2883 1469 2975 1522 τῆς
3000 1460 3160 1523 αύτῆς
3189 1472 3362 1533 μονῆς.
3484 1526 3487 1527 ν

1954 1561 2292 1608 ΓΡιιΓοΡιοΣ.
2336 1552 2478 1629 Ἀνήρ
2506 1574 2584 1614 τις
2625 1554 2996 1615 εὐλαϐέστατος
3033 1552 3324 1627 Λιϐερτῖνος
3364 1552 3471 1608 ὀνό-

1886 1664 2028 1712 ματι,
2060 1646 2109 1698 ἓν
2130 1652 2233 1704 τοῖς
2261 1643 2467 1719 χρόνοις
2496 1645 2677 1700 Τοτίλα
2701 1650 2794 1699 τοῦ
2823 1645 2994 1721 ῥηγὸς,
3020 1651 3109 1699 τοῦ
3138 1644 3294 1699 αὐτοῦ
3317 1655 3473 1698 Φουνο

1886 1730 2083 1789 δεσίνου
2130 1738 2467 1810 μοναστηρίου
2518 1733 2837 1812 δευτεράριος
2881 1737 3136 1811 ὑπῆρχεν,
3170 1739 3219 1791 ἐν
3253 1744 3313 1809 τῇ
3346 1754 3471 1791 παιά

196 1839 437 1889 versatus
464 1842 625 1899 atque
649 1828 889 1886 eruditus
916 1834 1023 1884 est.
1050 1826 1126 1884 De
1152 1839 1259 1897 quo
1282 1825 1529 1896 quamvis
1555 1824 1777 1880 virtutes

1894 1822 2082 1890 δεύσει,
2114 1829 2195 1881 καί
2219 1828 2447 1901 μαθησίᾳ
2475 1835 2565 1883 τοῦ
2590 1828 2735 1900 ἁγίου
2765 1830 2948 1885 τούτου
2986 1827 3169 1904 ἀνδρὸς
3213 1831 3470 1903 ἀναστραο

196 1926 391 1981 multas
417 1922 770 1994 plurimorum
812 1920 1047 1974 narratio
1092 1927 1238 1974 certa
1278 1917 1607 1987 vulgaverit,
1641 1929 1777 1985 prte-

194 2016 365 2073 dictus
413 2023 593 2071 tamen
640 2013 960 2071 Laurentius
1010 2010 1293 2080 religiosus
1340 2009 1441 2075 vir,
1495 2007 1588 2078 qui
1640 2021 1779 2064 nunc

194 2116 463 2182 superest,
497 2106 651 2180 157
676 2116 732 2164 et
753 2106 803 2162 ei
834 2106 951 2175 ipso
974 2103 1028 2160 in
1062 2112 1302 2173 tempore
1329 2101 1779 2159 familiarissimus

194 2202 316 2271 fuit,
345 2201 513 2258 multa
539 2199 669 2257 mihi
700 2198 879 2255 dicere
906 2197 974 2255 de
1000 2196 1095 2255 illo
1118 2196 1439 2262 consuevit,
1483 2211 1551 2253 ex
1586 2195 1778 2267 quibus

192 2308 313 2367 qua
338 2294 542 2362 recolo,
578 2304 747 2363 pauca
771 2289 1023 2347 narrabo.

258 2477 327 2534 in
346 2476 531 2534 eadem
550 2473 824 2548 provincia
843 2471 1068 2541 Samnii,
1093 2486 1250 2544 quam
1272 2485 1434 2542 supra
1459 2471 1778 2537 memoravi,

192 2573 339 2630 idern
366 2572 452 2629 vir
481 2585 576 2641 pro
602 2569 834 2627 utilitate
857 2566 1165 2623 monasterii
1186 2566 1441 2635 carpebat
1470 2566 1589 2621 iter.
1618 2565 1781 2619 Dum-

191 2681 294 2738 que
330 2664 519 2720 Darida
548 2662 578 2702 d
608 2662 903 2721 Gothorum
952 2661 1059 2717 dux
1108 2674 1230 2716 cum
1275 2659 1513 2716 exercitu
1559 2657 1615 2713 in
1663 2659 1782 2715 loco

191 2759 387 2818 eodem
438 2758 673 2815 venisset
696 2798 712 2823 ,
739 2756 833 2812 Dei
863 2769 1051 2813 servus
1080 2769 1147 2810 ex
1176 2753 1381 2810 caballo
1410 2754 1464 2810 in
1493 2767 1597 2824 quo
1627 2753 1783 2809 sede-

192 2853 306 2920 bat,
339 2854 404 2908 ab
443 2850 748 2908 hominibus
796 2849 912 2921 ejus
961 2848 1231 2918 proiectus
1277 2854 1379 2903 est.
1429 2845 1531 2913 Qui
1556 2845 1782 2915 jumenti

192 2947 393 3019 perditi
412 2946 666 3003 damnum
692 2943 921 2999 libenter
944 2941 1141 3005 ferens,
1162 2941 1321 2997 etiam
1348 2939 1616 3010 ﬂagellum
1639 2939 1783 3010 quod

192 3039 436 3105 tenebat,
464 3034 835 3106 diripientibus
862 3034 1076 3102 obtulit,
1109 3033 1293 3088 dicens
1319 3049 1333 3087 :
1359 3032 1571 3101 Tollite,
1602 3041 1660 3087 ut
1686 3031 1783 3087 ha-

191 3132 371 3188 beatis
396 3130 632 3199 qualiter
652 3127 754 3184 hoc
771 3126 1068 3198 iumentum
1092 3125 1300 3182 minare
1324 3125 1566 3196 possitis;
1589 3126 1782 3198 quibus

1881 1921 2008 1992 φείς.
2040 1923 2155 1992 Περί
2183 1917 2243 1973 ού
2274 1921 2464 1982 πολλὰς
2502 1919 2741 1992 δυνάμεις
2784 1922 2978 1977 πολλῶν
3020 1925 3050 1980 ἠ
3098 1923 3327 1994 διήγησις
3370 1928 3471 1977 ὰσ-

1879 2011 2371 2089 φαλῶίάνηγγειλενο
2404 2011 2627 2083 μάλιστα
2665 1996 2718 2069 δῖ
2755 2012 2782 2068 ὁ
2824 2015 3124 2086 προλεχθεὶς
3157 2015 3467 2069 εὐλαϐέστα-

1878 2124 1963 2165 τος
2000 2106 2123 2182 ἀνὴρ
2170 2106 2501 2179 Λαυρέντιος,
2548 2104 2605 2167 ὅς
2647 2126 2727 2167 τις
2760 2108 2844 2162 καί
2868 2113 2956 2161 νῦν
2991 2109 3283 2181 περίεστιν,
3312 2105 3330 2159 ί
3339 2129 3363 2167 ς
3391 2108 3470 2162 καί

1880 2199 2017 2269 αύτῷ
2038 2197 2206 2268 ἐκείνῳ
2236 2196 2262 2233 ⁸³
2292 2198 2880 2270 παρῥησιαστικὼτατος
2914 2202 3139 2273 γέγονεν,
3184 2200 3341 2256 πολλοί
3386 2221 3470 2272 μοι

1878 2292 1996 2367 περὶ
2016 2291 2174 2347 αὐτοῦ
2203 2290 2359 2363 λέγειν
2388 2288 2575 2357 εἴωθεν,
2599 2290 2702 2347 ὅθεν
2733 2293 2782 2357 ίξ
2814 2290 2879 2347 ὧν
2906 2294 3163 2363 μέμνημαι
3190 2293 3333 2364 ὀλίγα
3362 2294 3473 2349 τινὰ

1878 2380 2211 2457 διηγήσομαι.

1956 2476 2029 2533 Ἐν
2054 2485 2115 2549 τῇ
2137 2479 2637 2552 προμνημονευθείσῃ
2666 2486 2757 2540 τῆς
2787 2479 3001 2549 Σαμνίας
3032 2481 3215 2553 χώρας
3257 2476 3281 2531 ὁ
3322 2478 3472 2539 αὐτὸς

1882 2571 2250 2631 εύλαϐἐστατος
2280 2570 2400 2645 ἀνὴρ
2426 2571 2724 2645 Λιϐερτῐνος
2754 2569 2840 2627 διὰ
2874 2577 2962 2630 την
3000 2572 3472 2649 τοῦομοναστηρὶου

1884 2668 2066 2740 χρείαν
2113 2666 2161 2719 ἐν
2202 2663 2301 2736 ὁδῷ
2344 2663 2593 2729 ὶϐἀδιζεν.
2642 2664 2841 2740 Δαρδᾶς
2877 2663 2894 2701 ί
2926 2672 3047 2736 ’γοῦν
3086 2665 3111 2720 ὁ
3145 2674 3244 2719 τῶν
3282 2664 3471 2719 Γότθων

1884 2758 2065 2827 κόμης.
2105 2757 2234 2827 μετὰ
2271 2763 2498 2830 στρατοῦ
2528 2764 2599 2825 τῷ
2634 2755 2793 2829 δούλῳ
2821 2763 2912 2813 τοῦ
2943 2764 3067 2812 Θεοῦ
3099 2756 3112 2807 i
3161 2758 3466 2824 ύπὰντησεν,

1885 2852 1968 2904 καί
2004 2849 2057 2905 ἐκ
2095 2856 2196 2905 τῶν
2229 2848 2503 2921 ἀνθρώπων
2533 2850 2689 2905 αὐτοῦ
2716 2870 2877 2914 τινες,
2906 2855 3082 2905 τοῦτον
3112 2850 3163 2904 ίκ
3190 2856 3279 2904 τοῦ
3307 2851 3473 2905 ἵππου

1889 2944 1937 2998 ἐν
2032 2945 2293 3010 ἐκαθίζετο
2322 2943 2676 3010 κατεάξαντες,
2700 2945 2784 3000 τὸν
2812 2944 2971 2999 ἵππον
2999 2944 3252 3016 ἀφείλαντο
3276 2959 3289 2974 ⁸
3315 2942 3369 3004 ὃς
3394 2963 3472 3003 τις

1884 3033 2161 3111 προθύμως
2199 3040 2289 3095 τήν
2336 3042 2426 3091 τοῦ
2476 3037 2818 3112 ἀφαιρεθέντος
2858 3037 3021 3090 ἵππου
3047 3038 3228 3105 ζημίαν
3261 3036 3469 3107 ύπενέγο

1885 3150 1999 3195 κας,
2030 3132 2112 3185 καὶ
2136 3131 2193 3185 τὸ
2220 3127 2246 3166 ¹ί
2278 3129 2555 3203 φλαγέλλιον
2590 3128 2718 3205 ὅπερ
2749 3130 2982 3205 ἐκράτει,
3010 3132 3211 3190 τούτοις
3240 3129 3468 3195 δέδωκεν,

193 3221 360 3277 dictis
387 3218 628 3289 protinus
661 3232 722 3275 se
766 3217 819 3273 in
861 3218 1157 3274 orationem
1188 3217 1357 3273 dedit.
1390 3217 1562 3274 Cursu
1603 3228 1782 3274 autem

1894 3224 2061 3278 εἰπών·
2094 3224 2306 3288 Λάϐετε,
2346 3224 2432 3278 ἶνα
2463 3222 2626 3294 ἔχητε
2666 3231 2775 3283 πῶς
2800 3225 2859 3279 τὸ
2889 3233 3067 3284 κτῆνος
3099 3233 3250 3279 τοῦτο
3276 3224 3468 3277 ἐλάσαι.

194 3313 390 3385 rapido
420 3312 655 3383 praedicti
682 3311 832 3368 ducis
861 3313 1126 3368 exercitus
1168 3313 1416 3382 pervenit
1446 3312 1512 3367 ad
1543 3312 1783 3378 ﬂuvium,

199 3406 416 3463 nomine
444 3404 789 3472 Vulturnum,
819 3405 999 3474 ibique
1021 3418 1190 3474 equos
1220 3418 1348 3461 suos
1374 3412 1655 3474 cmperunt
1679 3406 1788 3460 sin-

199 3500 306 3570 guli
327 3499 489 3555 hastis
512 3498 824 3561 tundere,et
835 3496 1131 3552 calcaribus
1144 3506 1463 3564 cruentare;
1490 3496 1584 3551 sed
1607 3509 1785 3551 tamen

201 3592 330 3663 equi
370 3591 676 3647 verberibus
720 3590 881 3657 caesi,
911 3589 1209 3645 calcaribus
1255 3589 1549 3654 cruentati,
1578 3586 1786 3659 fatigari

202 3693 473 3756 poterant,
503 3685 706 3741 moveri
736 3697 842 3739 non
869 3693 1140 3751 poterant;
1171 3681 1355 3751 sicque
1397 3696 1588 3753 aquam
1615 3681 1789 3737 ﬂumi-

208 3779 296 3833 nis
330 3788 541 3850 tangere
584 3777 737 3847 quasi
774 3776 1002 3832 mortale
1050 3776 1401 3847 praecipitium
1444 3776 1790 3847 pertimesce-

205 3870 357 3926 bant.
400 3870 636 3940 Cumque
673 3869 763 3925 diu
793 3868 1048 3924 credendo
1094 3882 1335 3924 sessores
1366 3868 1564 3938 singuli
1595 3867 1788 3939 fatiga-

206 3973 410 4032 rentur,
436 3978 568 4017 unus
588 3976 772 4019 eorum
796 3960 995 4025 intulit,
1018 3959 1142 4031 quia
1170 3975 1237 4015 ex
1264 3959 1417 4030 culpa
1444 3974 1606 4032 quam
1634 3974 1790 4016 servo

206 4054 299 4110 Dei
332 4056 384 4111 in
414 4056 494 4111 via
525 4054 785 4121 fecerant,
819 4053 905 4109 illa
935 4052 1017 4109 sui
1042 4052 1253 4109 itineris
1283 4053 1565 4123 dispendia
1596 4053 1789 4108 tolera-

207 4147 352 4202 bant.
385 4147 484 4215 Qui
516 4148 693 4201 statim
734 4146 966 4213 reversi,
1001 4154 1125 4215 post
1166 4158 1226 4201 se
1257 4144 1589 4199 Libertinum
1636 4158 1792 4213 repe-

207 4241 351 4294 riunt
390 4240 443 4294 in
492 4239 735 4295 oratione
780 4245 1126 4307 prostratum.
1177 4235 1277 4291 Cui
1330 4252 1450 4291 cum
1494 4236 1787 4292 dicerent:

205 4337 398 4409 Surge,
427 4338 553 4392 tolle
581 4336 844 4393 caballum
876 4344 1053 4399 tuum;
1101 4334 1193 4389 ille
1221 4334 1498 4404 respondit
1524 4353 1537 4388 :
1565 4335 1642 4390 ite
1666 4350 1788 4391 cum

206 4428 385 4495 bono,
418 4443 516 4497 ego
566 4428 772 4483 caballo
817 4441 949 4496 opus
998 4442 1101 4482 non
1154 4426 1343 4481 habeo.
1396 4428 1793 4483 Descendentes

204 4536 351 4586 vero,
387 4521 609 4576 invitum
641 4534 764 4576 eum
795 4520 847 4575 in
875 4518 1134 4575 caballum
1167 4519 1235 4574 de
1263 4534 1371 4590 quo
1401 4519 1789 4591 deposuerant,

1891 3317 2099 3374 Τούτων
2142 3317 2195 3372 δὲ
2227 3318 2469 3390 ῥηθέντων
2510 3320 2688 3377 εύθίως
2725 3317 2903 3371 ἑαυτὸν
2952 3321 3023 3377 εἰς
3069 3319 3232 3386 εὐχήν
3270 3315 3469 3371 δέδωκε.

1890 3412 2067 3486 Δρόμῳ
2094 3410 2146 3465 δὲ
2168 3412 2453 3479 ταχυτάτω
2481 3416 2573 3465 τοῦ
2595 3411 2963 3487 προλεχθέντος
2990 3406 3246 3485 ἄρχοντος
3275 3408 3300 3465 ὁ
3329 3430 3461 3485 στρα

1890 3505 1975 3566 τὸς
2013 3504 2096 3559 τὸν
2143 3504 2373 3572 ποταμὸν
2410 3503 2649 3557 κατέλαϐε
2697 3504 2780 3557 τὸν
2823 3502 3080 3573 λεγόμενον
3119 3502 3451 3578 Βούλτουρνον

1898 3595 1913 3633 ¹
1946 3595 2190 3671 ’Ἤρξαντο
2217 3595 2301 3652 οὖν
2329 3597 2547 3657 ἕκαστος
2575 3598 2662 3653 τὸν
2689 3597 2874 3652 ἰαυτοῦ
2912 3598 3068 3652 ἵππον
3106 3606 3168 3669 τῇ
3212 3606 3304 3659 τῆς
3350 3597 3474 3668 ῥομ-

1892 3692 2040 3759 φαίας
2062 3696 2099 3725 ω
2127 3691 2263 3762 ἄστη
2290 3689 2522 3753 τύπτειν,
2554 3690 2637 3743 καί
2664 3697 2779 3749 ταῖς
2797 3694 3192 3766 πτερνιστήραις
3220 3690 3473 3748 πλήττειν.

1892 3778 2002 3835 Ἐπί
2024 3780 2180 3837 πλείω
2209 3779 2262 3836 δὲ
2294 3781 2338 3835 οί
2362 3781 2515 3836 ’ίπποι
2533 3782 2841 3852 τυπτόμενοι
2866 3784 2949 3835 καί
2981 3781 3305 3851 πληττόμενοι
3331 3778 3476 3835 κόπον

1893 3874 1983 3944 μὲν
2011 3873 2256 3942 ὑπέμενον
2276 3912 2290 3937 ,
2322 3874 2575 3932 κινηθῆναι
2610 3872 2664 3943 δέ
2700 3875 2783 3928 ούκ
2808 3872 3073 3933 ἠδύναντο’
3116 3874 3250 3927 οὕτω
3278 3875 3378 3949 γὰρ
3407 3880 3479 3945 τῷ

1894 3965 2045 4023 ύδατι
2089 3974 2175 4024 τοῦ
2230 3974 2461 4038 ποταμοῦ
2510 3970 2852 4043 προσεγγίσαι
2904 3968 3200 4039 ἐφοϐοῦντο,
3253 3966 3479 4041 καθάπερ

1894 4068 2101 4133 κρημνῷ
2128 4063 2410 4132 θανασίμῳ.
2434 4058 2552 4117 Ὀτι
2575 4059 2627 4115 δά
2653 4062 2737 4114 ἐπὶ
2760 4060 2883 4115 πολὺ
2915 4063 3033 4120 τούς
3052 4060 3246 4119 ἵππους
3279 4062 3479 4131 ἐμαστί-

1894 4173 2089 4224 γωσαν,
2121 4156 2204 4209 καί
2243 4153 2538 4217 ἕξητόνησεν
2575 4154 2818 4218 ἕκαστος,
2860 4148 2928 4213 εἷς
2959 4152 3007 4216 ἐξ
3047 4154 3208 4207 αὐτῶν
3236 4148 3365 4207 tim‘
3396 4156 3480 4211 Διὰ

1896 4248 1952 4301 τὸ
1994 4254 2252 4319 πταῖσμα,
2291 4244 2420 4323 ὅπερ
2464 4248 2514 4301 ἐν
2542 4255 2603 4321 τῇ
2644 4245 2743 4319 ὁδῷ
2766 4248 2839 4307 εἰς
2876 4246 2959 4301 τὸν
2996 4244 3170 4301 δοῦλον
3217 4252 3311 4301 τοῦ
3359 4253 3480 4300 Θεοῦ

1898 4344 2261 4410 πεποιήκαμεν,
2292 4340 2492 4400 ταύτας
2516 4340 2607 4398 τὰς
2636 4338 2927 4412 προσϐολὰς
2959 4345 3044 4398 τῆς
3084 4337 3264 4399 ὀδύνης
3294 4338 3482 4407 ύποφί‹

1896 4451 2071 4509 ρομεν.
2096 4433 2154 4485 Οἷ
2176 4452 2308 4491 τινες
2336 4433 2582 4502 παραυτά
2610 4432 2682 4490 εἰς
2704 4433 2770 4487 τὰ
2801 4432 2965 4485 ὀπίσω
2995 4438 3019 4464 υ
3038 4429 3480 4504 ὑποστρέψαντες.

1899 4525 2194 4581 εύοίσκουσι
2221 4524 2510 4601 Λιϐερτῖνον
2538 4525 2585 4579 ἐν
2613 4531 2676 4599 τῇ
2709 4524 2844 4600 εὐχῇ
2874 4525 3127 4596 κείμενον,
3159 4521 3293 4595 ᾧτινι
3322 4516 3478 4574 εἶπον·

206 4682 520 4739 heterodoxi
542 4724 556 4749 ,
586 4690 645 4735 ut
676 4680 902 4749 probent
940 4678 1210 4734 hominem
1242 4686 1388 4735 certo
1418 4678 1616 4733 debere
1649 4692 1772 4734 cre-
1812 4681 1864 4741 D
1891 4680 1979 4735 siti
2014 4688 2068 4735 et
2095 4679 2367 4736 cellerarii
2397 4693 2495 4735 seu
2520 4676 3136 4749 teconorni‘fnngebatnr
3156 4670 3481 4749 I_.ibt_:rti_nus.

207 4754 336 4810 dere
350 4769 456 4809 non
475 4764 680 4807 tantum
701 4768 759 4806 se
775 4765 895 4806 esse
911 4750 1133 4818 justum,
1151 4765 1334 4804 verum
1354 4751 1513 4805 etiam
1530 4750 1778 4804 electum.

206 4823 545 4880 Refelluntur
575 4832 751 4878 autem
788 4837 818 4874 a
854 4821 1139 4875 Theodoro
1179 4822 1386 4875 Petreio
1425 4818 1780 4875 Carthusiano

207 4896 541 4952 Coniession.
572 4892 757 4963 Greg.,
794 4893 832 4946 Ι.
862 4907 919 4957 ιι,
951 4906 999 4946 c.
1028 4893 1078 4956 4,
1112 4907 1165 4946 n.
1199 4894 1251 4963 7.

278 4976 307 5005 ⁸
336 4967 502 5032 Aud.,
538 4960 890 5035 Lyra—Prata
924 4964 1153 5017 eductus.
1188 4962 1419 5035 Gemet.,
1444 4960 1647 5017 ductus.

276 5036 307 5075 ι’
344 5037 500 5093 Addit
516 5034 751 5099 Gemel.,
767 5035 1021 5103 quomodo
1036 5036 1294 5104 projecttts
1307 5034 1368 5087 de
1380 5034 1589 5087 (labello
1605 5034 1780 5104 fuerit.

280 5054 307 5075 ¹³
344 5054 1128 5103 nanttbemet.,quomoaopro
1156 5054 1780 5104 εειιιδαειιαυαιιομιετιι.

280 5118 303 5146 ε
340 5108 504 5163 Abest
531 5106 819 5159 Gothorum
844 5120 873 5157 a
905 5106 1071 5158 tribus
1095 5054 1340 5169 C’arnot”
1365 5105 1572 5172 Germ.,
1596 5105 1783 5161 Nortn.

202 5190 260 5235 et
290 5179 424 5244 pler.
455 5177 510 5231 In
540 5175 727 5232 Graeca
761 5189 901 5230 vers.
929 5189 1033 5230 non
1059 5175 1271 5245 legitur.

278 5247 307 5332 εξ
337 5251 579 5313 Carnot.,
604 5247 827 5371 ιλοηεῖρ.
852 5248 1127 5370 currimus
1154 5245 1381 5314 Theod.,
1408 5244 1564 5302 Goth.
1590 5246 1791 5317 Comes,

294 5336 347 5371 m
378 5319 550 5371 GI'JEC.
580 5317 732 5371 Alter
806 5317 871 5370 he
949 5354 963 5370 .
997 5317 1158 5371 habet
1187 5315 1339 5371 Goth.
1373 5333 1485 5371 rex.

205 5332 264 5375 ut
292 5322 347 5375 in
378 5319 550 5373 Grato.
580 5315 963 5373 Alter'Theod.
997 5317 1158 5371 habet
1187 5315 1339 5371 Goth.
1373 5333 1485 5374 rex.

279 5400 306 5429 ο
342 5391 383 5443 31
391 5405 463 5445 ss.
474 5430 489 5455 ,
521 5390 835 5446 κατέλειπεν.

281 5460 302 5499 ί
338 5461 493 5515 iidem
524 5460 679 5525 Cod.,
710 5460 986 5530 σαϐοίσμιοί
1014 5463 1133 5517 εἱσι.

279 5542 307 5580 ε
343 5532 451 5587 Hoc
480 5540 565 5585 est
587 5573 600 5596 ,
633 5532 720 5602 qni
750 5530 1010 5587 secundas
1042 5541 1221 5602 partes
1249 5532 1301 5586 in
1332 5536 1659 5590 monasterio
1694 5536 1787 5592 ob-

204 5602 430 5677 tinebat.
466 5602 517 5656 Is
548 5611 722 5677 autem
746 5612 967 5677 vocatur
989 5604 1315 5677 praepositus,
1339 5608 1569 5677 maxime
1595 5606 1649 5659 in
1676 5622 1787 5677 reg.

204 5676 263 5731 S.
300 5674 363 5729 P.
396 5672 621 5739 Bsncd.,
674 5688 721 5729 c.
763 5672 852 5727 65.
904 5672 1033 5740 Quae
1076 5672 1251 5730 tamen
1300 5676 1381 5730 hic
1408 5677 1475 5731 de
1519 5672 1789 5731 Libertina

200 5756 520 5811 narrantur,
562 5759 900 5817 meonomum
930 5744 1105 5814 potius
1151 5761 1308 5816 quam
1342 5749 1687 5817 praepositum
1714 5748 1789 5803 vi-

200 5816 403 5874 dentur
426 5816 766 5873 adumbrare.
817 5816 1059 5873 Forsitan
1094 5827 1319 5886 utroque
1362 5816 1541 5873 oitiCio
1585 5834 1789 5889 praepo-

1892 4750 1949 4806 ln
1978 4752 2205 4806 concilio
2237 4748 2800 4825 Constantinopv‘snb
2827 4740 2997 4825 Mena,
3029 4744 3233 4825 apud,
3264 4740 3483 4825 legitur,

1889 4824 2160 4883 Φλαϐιανὸς
2186 4824 2540 4897 πρεσϐύτερος
2561 4814 3005 4897 καίνδξυτεράριος.
3041 4816 3121 4897 Et.
3146 4814 3305 4878 inira,
3336 4814 3479 4897 low:

1893 4898 2107 4975 στάσιος
2162 4885 2510 4975 πρεσβύτερος
2538 4896 2649 4973 ,καί
2689 4885 3036 4963 δευτὶρᾶριος.
3076 4885 3483 4975 Non‘rep'ugnat

1892 4962 1995 5020 hoc
2029 4955 2246 5020 nemitie
2281 4955 2548 5032 desig'nari
2581 4962 2739 5016 etiam
2773 4955 3113 5032 monimntum
3160 4965 3216 5010 et
3255 4955 3484 5032 cellera-

1892 5036 2063 5103 rium,
2118 5035 2210 5105 qui
2263 5027 2551 5105 secundus
2585 5034 2663 5105 ab
2702 5030 2891 5105 abbate
2940 5027 3047 5105 dici
3098 5035 3303 5105 potest;
3362 5028 3483 5095 quia

1893 5096 2342 5177 quemadmodum
2374 5096 2904 5177 abbati__5pir_itualia,
2922 5098 3009 5177 _ita
3023 5096 3324 5177 “ce—Inierarjo
3352 5108 3479 5152 tem:

1941 5178 2103 5234 oralia
2130 5176 2334 5233 credita
2362 5182 2506 5230 sunt.
2537 5170 2674 5225 llinc
2695 5171 2745 5224 in
2776 5183 2889 5235 reg.
2920 5169 2977 5225 S.
3023 5168 3080 5225 P.
3114 5168 3336 5236 Bened.,
3365 5182 3477 5237 cap.

1941 5193 2103 5234 Ol‘alla
2130 5193 2334 5233 credita
2362 5193 2506 5230 sum.
2537 5193 2674 5225 runt;
2696 5193 2745 5224 ut
2777 5193 2889 5235 urg.
2920 5193 2977 5225 ο.
3023 5193 3080 5225 ι’.
3114 5193 3336 5236 uertem,
3365 5193 3453 5237 cap

1902 5193 1965 5303 gi
2003 5266 2016 5303 :
2053 5246 2430 5305 Cellerarius...
2461 5240 2598 5295 omni
2637 5242 3022 5312 congregationi
3049 5241 3112 5294 sit
3139 5240 3266 5295 sicut
3288 5247 3453 5309 pater.

1976 5317 2005 5427 ἲ
2225 5315 2666 5444 ξὲιρρησιὼτατος.
2694 5311 2840 5383 Reg.
2856 5314 3232 5391 παραπλήσιος.

2089 5390 2195 5444 olb.
2230 5385 2337 5444 οὖν.

1982 5460 1997 5514 i
2046 5460 2253 5529 Vulgati
2282 5459 2603 5526 ὑπαντήσας,
2647 5455 3138 5516 contradicentibus
3167 5466 3297 5525 mss.
3324 5460 3377 5511 et
3408 5466 3486 5506 re-

1905 5543 2174 5603 pugnante
2201 5546 2386 5603 sensu.

1974 5602 2001 5677 ξ
2045 5605 2093 5659 Μ
2100 5602 2485 5677 εεφροιγέλλιον.

1982 5675 1996 5713 ι
2036 5675 2458 5751 Ιῆἰμθηῒςμῆρξατο.

1976 5756 2014 5784 ιη
2032 5747 2170 5820 _Mss.
2184 5787 2197 5812 ,
2217 5738 2353 5820 ἆοίτα
2372 5747 2581 5820 τύπτειν
2602 5750 2687 5804 καὶ
2713 5752 2821 5807 ταῖς
2844 5748 3201 5817 πτερνιστῆσιν
3222 5738 3485 5803 «N1130-

1979 5828 2006 5853 ¹ι
2030 5817 2159 5889 Reg.
2190 5817 2509 5892 στραφέντες.
