4036 6346
246 290 349 345 161

1501 307 1949 370 οιΑιοιιοιιυΜ
1990 313 2193 372 LIBER
2227 312 2271 373 Ι.

3428 307 3531 364 1ὕ2

326 409 486 468 Perit.
525 408 789 479 Quidnam
832 410 938 470 hoc
962 425 1083 472 esse
1110 414 1371 474 dicimus?
1410 418 1659 478 virtutem
1703 432 1814 479 lant

2007 438 2176 484 ΠΕΤΡ.
2205 430 2264 484 Τί
2292 424 2385 485 οὖν
2424 425 2548 488 εἶναι
2586 436 2739 489 τοῦτο
2780 432 3020 509 Nynias;
3068 441 3161 492 τοῦ
3188 442 3469 516 Ὀνωράτου
3496 442 3533 506 ὖ

246 501 496 559 miraculi
538 502 799 561 Honorati
845 505 957 577 egit
1004 507 1284 577 meritum,
1316 526 1385 568 an
1433 515 1620 583 petitio
1650 516 1837 574 Liber-

246 595 349 650 tini
369 595 392 649 2
1415 620 1429 636 ι

316 687 558 745 Gnscou.
595 690 652 746 ln
679 693 994 751 ostensione
1028 703 1134 751 tam
1166 697 1500 756 admirabilis
1544 702 1683 773 signi
1710 718 1832 759 cum

237 782 347 837 ﬁde
376 782 590 839 femina:
615 785 783 843 virtus
824 791 1077 845 convenit
1120 800 1500 863 utrorumque;
1528 804 1686 865 atque
1713 797 1835 853 ideo

233 872 572 933 Libertinum
602 879 848 935 existimo
882 883 983 937 ista
1018 885 1279 951 potuisse,
1320 887 1441 956 quia
1475 889 1594 958 plus
1634 889 1835 947 didice-

232 977 321 1022 rat
351 969 421 1025 de
452 972 716 1042 magistri,
739 989 897 1043 quam
921 976 987 1031 de
1005 993 1099 1033 sua
1125 980 1320 1036 virtute
1348 982 1640 1039 conﬁdere.
1668 984 1832 1055 Cujus

228 1068 380 1122 enim
423 1069 708 1139 caligulam
742 1072 793 1126 in
822 1084 1040 1142 pectore
1088 1076 1338 1132 exstincti
1387 1080 1688 1149 corpusculi
1738 1097 1836 1151 po-

228 1160 365 1228 suit,
393 1160 511 1229 ejus
556 1161 813 1218 nimirum
857 1168 1087 1223 animam
1133 1170 1376 1227 obtinere
1424 1172 1567 1241 quod
1621 1174 1832 1243 petebat

226 1250 545 1308 aestimavit.
592 1254 727 1310 Nam
750 1256 978 1315 Elistcus
1006 1276 1219 1331 quoque
1242 1262 1477 1332 magistri
1509 1265 1723 1334 pallium
1756 1267 1832 1323 fe—

226 1359 383 1412 rens,
413 1355 578 1418 atque
601 1348 667 1404 ad
697 1349 986 1409 Jordanem
1018 1357 1260 1421 veniens,
1279 1360 1544 1427 percussit
1564 1362 1752 1426 semel,
1778 1372 1831 1417 et

226 1449 404 1505 aquas
430 1438 651 1495 minime
681 1439 886 1498 divisit.
922 1443 1027 1499 Sed
1058 1461 1178 1501 cum
1212 1458 1436 1518 repente.
1460 1450 1701 1508 diceret:
1732 1452 1831 1509 Ubi

225 1536 312 1581 est
340 1527 477 1583 Deus
506 1528 634 1585 Elite
654 1532 810 1587 etiam
839 1536 1099 1605 nuncUV
1128 1538 1253 1609 Reg.
1275 1539 1421 1609 xw)?
1446 1545 1709 1610 percussit
1731 1545 1829 1601 ﬂu-

224 1617 381 1674 vium
399 1621 634 1692 magistri
659 1624 842 1693 pallio,
872 1641 935 1681 ac
950 1627 1052 1684 iter
1075 1631 1214 1686 inter
1236 1646 1400 1702 aquas
1424 1633 1570 1690 fecit.
1592 1635 1829 1706 Perpen-

222 1708 529 1779 dis,;Petre,
545 1723 803 1781 quantum
826 1716 879 1771 in
904 1718 1220 1777 exbibendis
1244 1725 1530 1781 virtutibus
1552 1725 1825 1784 humilitas

224 1802 568 1860 valet?Tunc
587 1808 847 1865 exhibere
864 1814 1105 1882 magistri
1128 1816 1379 1873 virtutem
1405 1821 1596 1889 potuit,
1611 1799 1824 1892 quando
1853 1817 1902 1877 B

224 1896 469 1961 magistri
496 1911 691 1954 nomen
718 1901 783 1954 ad
808 1905 1125 1961 memoriam
1156 1909 1387 1966 reduxit.
1431 1912 1564 1979 Quia
1592 1916 1732 1970 enim
1757 1917 1824 1973 ad

222 1981 582 2043 humilitatem
608 1991 710 2047 sub
732 1996 984 2065 magistro
1015 1998 1192 2068 rediit,
1224 2002 1366 2072 quod
1397 2005 1650 2076 magister
1678 2008 1823 2066 iece-

222 2085 300 2133 rat
332 2088 389 2135 et
419 2080 537 2151 ipse
564 2084 709 2141 fecit.

290 2473 466 2531 Pera.
508 2478 661 2536 Libet
689 2495 832 2553 quod
862 2483 1028 2551 dicis;
1059 2486 1177 2559 sed,
1211 2504 1394 2561 quaeso
1430 2502 1514 2562 te,
1542 2501 1696 2554 estne
1722 2500 1821 2556 ali-

216 2566 344 2636 quid
373 2567 521 2624 aliud
542 2573 686 2643 quod
715 2575 889 2633 adhuc
910 2577 979 2634 de
1007 2578 1123 2650 ipso
1149 2581 1217 2638 ad
1245 2592 1483 2642 nostram
1506 2588 1819 2649 aediﬁcatio-

214 2672 342 2715 nem
373 2663 597 2719 narres?

277 2750 529 2810 Gnaeos.
571 2756 667 2812 Est
712 2759 888 2831 plane,
914 2764 1009 2819 sed
1052 2766 1096 2821 si
1128 2767 1200 2822 sit
1238 2770 1326 2839 qui
1359 2770 1488 2828 velit
1532 2772 1732 2830 imitari
1764 2784 1815 2832 ι.

208 2840 322 2911 Ego
382 2846 525 2901 enim
572 2849 820 2907 virtutem
872 2856 1140 2923 patientia:
1202 2860 1371 2931 signis
1437 2873 1491 2918 ct
1536 2866 1813 2924 miraculis

206 2933 483 3003 majorem
514 2941 697 2996 credo.
728 2944 967 3010 Quadam
991 2963 1222 3021 namque
1251 2954 1338 3009 die
1364 2953 1410 3009 is
1438 2958 1528 3025 qui
1556 2968 1677 3027 post
1708 2976 1806 3017 ve-

206 3024 471 3081 nerabilis
518 3029 774 3089 Honorati
801 3039 1000 3093 exitum
1030 3045 1344 3099 monasterii
1389 3024 1627 3118 regimen
1662 3059 1810 3108 tene-

204 3114 316 3182 bat,
350 3127 549 3175 contra
596 3126 839 3183 eumdem
867 3133 1229 3191 venerabilem
1284 3114 1619 3196 Libertinum
1660 3145 1812 3214 gravi

1938 520 2144 597 άγιότης
2180 529 2271 584 τήν
2300 522 2509 600 δύναμιν
2545 532 2637 583 τοῦ
2661 529 2909 584 τοσούτου
2936 530 3196 601 θαύματος
3233 537 3525 608 πεποίηκεν,

1939 613 1967 672 ἦ
1987 620 2076 669 τοῦ
2102 617 2397 691 Λιϐερτίνου
2417 620 2448 677 ἡ
2466 616 2666 682 αἴτησις
2685 636 2699 687 ;

2006 716 2169 761 ΓΡΗΓ.
2192 706 2267 763 Ἐν
2294 718 2357 787 τῇ
2384 709 2615 778 ἐπιδείξει
2644 720 2733 769 τοῦ
2758 717 2991 773 τοιούτου
3020 714 3049 753 ά
3088 719 3391 791 θαυμαστοῦ
3431 742 3531 781 ση-

1935 802 2081 871 μείου
2122 804 2251 871 μετά
2278 812 2369 865 τῆς
2402 808 2627 869 πίστεως
2671 819 2764 871 τῆς
2804 813 3041 883 ’γυναικὸς
3087 814 3118 871 ἡ
3169 810 3380 887 δύναμις
3426 822 3529 871 τῶν

1936 894 2225 972 ἀμφοτέρων
2246 898 2471 956 συνῆλθε·
2504 902 2590 954 καί
2618 899 2701 957 διὰ
2729 908 2877 959 τοῦτο
2913 904 3261 968 ὑπολαμϐάνω
3290 906 3528 983 Λιϐιρτῖ-

1934 1012 2016 1046 νον
2037 1000 2205 1048 ταῦτα
2226 992 2487 1064 δύνασθαι,
2522 996 2601 1053 ὅτι
2628 999 2794 1070 πολλῷ
2831 1001 3014 1072 μᾶλλον
3146 1010 3238 1060 τοῦ
3280 1002 3526 1060 διδασκά-

1934 1082 2023 1137 λου
2071 1082 2300 1156 δυνάμει,
2346 1087 2476 1166 ἥπερ
2531 1098 2593 1166 τῇ
2639 1092 2820 1149 ἑαυτοῦ
2868 1095 3156 1153 πεποιθέναι
3198 1097 3523 1153 ἐπίστευσεν.

1934 1174 2144 1241 Οὖτινος
2183 1182 2282 1257 ’γὰρ
2336 1183 2393 1237 τὸ
2444 1184 2660 1258 καλίγιον
2705 1185 2755 1241 ἐν
2802 1196 2875 1258 τῷ
2922 1189 3094 1246 στήθει
3136 1196 3229 1244 τοῦ
3255 1192 3527 1250 τεθνεῶτος

1932 1267 2125 1337 ἔθηκεν,
2171 1274 2324 1327 αὐτοῦ
2376 1271 2564 1334 δηλαδή
2616 1281 2707 1335 τήν
2742 1276 2921 1349 ψυχὴν
2963 1280 3362 1347 ὑπακωσθῆναι,
3398 1276 3525 1352 ὅπερ

1933 1365 2161 1433 ᾐτήσατο
2187 1363 2561 1432 ὑπελάμϐανεν.
2581 1369 2720 1421 Ἐπεί
2744 1370 2830 1422 καὶ
2851 1365 3141 1431 Ἐλισσαῖος
3162 1376 3252 1426 τοῦ
3281 1369 3526 1426 διδασκά-

1932 1455 2022 1509 λου
2051 1461 2142 1515 τήν
2166 1458 2400 1526 μηλωτὴν
2428 1459 2732 1532 βαστάζων,
2757 1465 2839 1515 καί
2868 1464 2939 1522 εἰς
2968 1462 3053 1517 τὸν
3081 1461 3330 1539 Ἰορδάνην
3352 1463 3524 1529 ἐλθὼν,

1932 1551 2180 1615 ἐπάταξεν
2219 1550 2378 1617 ἅπαξ,
2419 1558 2505 1610 καὶ
2543 1553 2777 1628 οὐδαμῶς
2805 1556 2868 1611 τά
2913 1554 3075 1612 ὕδατα
3118 1554 3340 1631 διῃρέθη’
3373 1559 3442 1616 ὡς
3471 1554 3525 1611 δὲ

1932 1649 2160 1723 παρευθὺ
2186 1645 2314 1715 εἶπε,
2346 1657 2444 1705 Ποῦ
2474 1652 2608 1707 ἐστιν
2631 1652 2657 1706 ὁ
2685 1653 2807 1712 Θεὸς
2833 1652 3020 1716 Ἦλιοῦ;
3050 1656 3135 1707 καὶ
3153 1653 3299 1707 πάλιν
3320 1654 3403 1708 τὸν
3429 1671 3526 1707 πο-

1931 1742 2086 1810 ταμὸν
2106 1750 2168 1816 τῇ
2199 1748 2291 1797 τοῦ
2322 1741 2622 1799 διδασκάλου
2646 1744 2850 1819 μηλωτῇ
2889 1745 3133 1811 ἐπάταξεν
3151 1785 3165 1811 ,
3201 1744 3314 1800 ὁδὸν
3342 1745 3526 1817 ἀναμέ-

1929 1857 2018 1890 σον
2041 1843 2141 1890 τῶν
2186 1835 2383 1892 ὑδάτων
2426 1843 2693 1898 πεποίηκε.
2738 1848 3031 1905 κατανοεῖς,
3075 1841 3247 1917 Πέτρε,
3294 1840 3452 1895 πόσον
3491 1840 3524 1898 ἡ

1930 1933 2364 2005 ταπεινοφροσύνῃ
2413 1932 2466 1985 ἐν
2515 1940 2636 2012 ταῖς.
2669 1933 2943 2004 γινομέναις
2988 1930 3263 2003 δυνάμεσιν
3309 1933 3521 2001 ἰσχύει;

1930 2022 2044 2078 τότε
2074 2023 2175 2097 ’γάρ
2196 2030 2407 2080 ποιῆσαι
2432 2028 2521 2082 τήν
2544 2021 2659 2082 ἴσην
2685 2028 2775 2078 τοῦ
2812 2020 3119 2078 διδασκάλου
3154 2021 3366 2094 δύναμιν
3406 2021 3525 2083 ἡδυ-

1928 2116 2069 2179 νήθη,
2103 2113 2184 2171 ὅτε
2235 2122 2324 2171 τοῦ
2370 2114 2674 2172 διδασκάλου
2702 2117 2761 2172 τὸ
2791 2113 2947 2189 ὄνομα
2990 2119 3062 2176 εἰς
3107 2118 3305 2187 μνήμην
3341 2115 3525 2188 ἤγαγε,

1928 2214 2008 2266 καί
2042 2210 2127 2267 ὅτε
2156 2220 2219 2287 τῇ
2255 2232 2690 2285 ταπεινοφροσυνῃ
2731 2212 2814 2266 ἐπὶ
2857 2211 2943 2266 τὸν
2980 2208 3271 2266 διδάσκαλον
3313 2208 3523 2263 ἀνθυπὲ-

1930 2304 2147 2379 στρεύε,
2179 2303 2292 2359 τότε
2322 2307 2405 2360 καί
2430 2305 2586 2366 αὑτὸς
2612 2305 2884 2362 πεποίηκεν
2921 2301 3052 2378 ὅπερ
3088 2305 3172 2358 καί
3209 2301 3235 2356 ὁ
3280 2298 3522 2359 διδάσκα-

1927 2394 2036 2457 λος.

1998 2495 2171 2543 IIETP.
2198 2488 2465 2564 Ἀρέσκειὸ
2491 2489 2672 2562 λέγεις’
2699 2488 2804 2547 ἀλλ’
2834 2491 2982 2555 αἰτῶ,
3011 2488 3145 2559 τίμιε
3165 2488 3350 2564 πάτερ,
3384 2484 3523 2545 ἔστιν

1927 2580 2047 2638 ἄλλο
2069 2607 2119 2639 τι
2148 2588 2267 2660 περὶ
2292 2586 2468 2651 αὑτοῦ,
2498 2582 2624 2659 ὅπερ
2650 2589 2723 2645 εἷς
2752 2585 3002 2661 ἡμετέραν
3029 2580 3291 2654 οἰκοδομὴν
3331 2581 3521 2654 ὀφεᾶῃς

1926 2674 2288 2750 διηγήσασθαι.

1996 2779 2161 2823 I‘PHI‘.
2200 2768 2363 2826 Ἐστίν
2399 2767 2578 2841 ὅντως,
2618 2771 2702 2827 ἐὰν
2728 2768 2759 2849 ᾖ
2788 2770 2813 2826 ὁ
2839 2771 2988 2825 θέλων
3025 2770 3368 2842 μιμήσασθαι.
3397 2770 3520 2841 Ἐ’νώ

1923 2864 2025 2938 γάρ
2053 2868 2144 2923 τήν
2170 2861 2384 2935 δύναμιν
2424 2873 2517 2926 τῆς
2563 2854 2825 2938 ὑπομονῆς
2853 2864 3061 2935 μείζονα
3105 2871 3205 2919 τῶν
3247 2864 3520 2934 θαυμάτων

1924 2956 2009 3009 καί
2034 2962 2133 3009 τῶν
2163 2958 2385 3026 σημείων
2407 2952 2531 3011 ε’ναι
2555 2955 2809 3013 πιστεύω;
2835 2954 2908 3010 Ἐν
2938 2961 3030 3027 μιᾷ
3056 2949 3140 3009 οὖν
3168 2964 3190 2992 ε
3215 2957 3380 3030 ἡμέρᾳ
3410 2955 3517 3006 ἐκεῖι

1922 3066 2027 3114 νος,
2060 3046 2086 3103 ὃ
2106 3050 2237 3118 μετά
2263 3054 2354 3109 τήν
2398 3055 2489 3104 τοῦ
2524 3050 2901 3107 εὑλαϐεστάτου
2940 3052 3226 3125 Ὀνωράτου
3270 3048 3517 3103 τελείωσιν

1922 3146 2012 3200 τήν
2042 3150 2135 3202 τῆς
2172 3151 2327 3213 μονῆς
2376 3149 2712 3213 ποιμαντικην
2766 3145 3029 3215 ἠγεμονίαν
3072 3143 3339 3211 κατέχων,
3389 3141 3521 3198 κατά

204 3209 496 3267 iracundia
524 3218 740 3286 exarsit,
774 3220 843 3276 ita
872 3231 930 3278 ut
957 3222 985 3262 ιι
1016 3239 1139 3281 eum
1188 3228 1432 3285 manibus
1459 3209 1712 3290 caederet.
1744 3236 1812 3292 Et

1924 3242 2013 3292 Ιτοῦ
2043 3238 2301 3309 θεοφιλοῦς
2334 3239 2633 3313 Λιϐερτίνου
2666 3238 2950 3311 βαρυτάτῳ
2978 3240 3119 3307 θυμῷ
3146 3238 3353 3306 ἐξήφθη,
3389 3237 3517 3289 ὥστε

204 3301 330 3369 quia
360 3304 564 3375 virgam
593 3322 694 3379 qua
726 3326 847 3369 eum
878 3314 1043 3372 ferire
1076 3330 1277 3388 posset,
1311 3322 1532 3380 minime
1577 3326 1802 3397 invenit,

207 3396 606 3464 comprehenso
653 3404 893 3462 scabello
936 3410 1317 3482 suppedaneo,
1350 3415 1398 3470 ei
1430 3426 1588 3488 caput
1633 3433 1696 3474 ac
1727 3420 1806 3475 ia-

208 3490 344 3543 ciem
386 3494 613 3563 tutudit,
650 3506 929 3570 totumque
980 3504 1123 3560 illius
1169 3510 1376 3563 vultum
1424 3518 1714 3569 tumentem
1745 3530 1811 3571 ac

210 3577 437 3637 lividum
468 3586 698 3645 reddidit
729 3610 741 3644 :
768 3595 860 3663 qui
890 3594 1237 3654 vehementer
1258 3613 1451 3670 caesus,
1477 3604 1542 3657 ad
1573 3612 1805 3662 stratum

212 3675 484 3741 proprium
532 3682 725 3737 tacitus
774 3687 1020 3741 recessit.
1060 3688 1158 3745 Die
1190 3705 1318 3745 vero
1345 3692 1513 3748 altera
1544 3705 1660 3751 erat
1706 3711 1807 3766 pro

211 3764 443 3825 utilitate
462 3776 773 3832 monasterii
802 3789 825 3817 ο
850 3795 1007 3837 causa
1034 3783 1343 3842 constituta.
1378 3786 1618 3858 Expletis
1642 3764 1806 3860 igitur

210 3857 424 3929 hymnis
454 3868 877 3939 matutinalibus,
914 3873 1217 3932 Libertinus
1247 3878 1314 3932 ad
1362 3857 1559 3936 lectum
1589 3857 1800 3940 abbatis

207 3952 373 4019 venit,
407 3960 705 4016 orationem
754 3963 855 4019 sibi
908 3964 1181 4023 humiliter
1232 3971 1401 4040 petiit.
1455 3972 1645 4030 Sciens
1675 3992 1804 4034 vero

205 4040 292 4099 ille
318 4058 576 4116 quantum
604 4066 632 4106 a
660 4057 869 4112 cunctis
914 4058 1297 4130 bonoraretur,
1331 4074 1693 4137 quantumque
1720 4069 1803 4123 di-

204 4136 480 4207 ligeretur,
508 4159 602 4214 pro
649 4147 843 4217 injuria
893 4168 1050 4222 quant
1083 4154 1131 4210 ei
1181 4156 1512 4228 ingesserat,
1546 4161 1802 4217 recedere

202 4244 323 4287 eum
351 4250 381 4290 a
414 4243 740 4299 monasterio
789 4238 924 4302 velle
971 4250 1223 4319 putabat,
1273 4264 1432 4324 atque
1481 4257 1797 4327 requisivit,

201 4324 425 4383 dicens:
456 4328 554 4387 Ubi
584 4335 664 4389 vis
709 4336 824 4392 ire?
873 4339 969 4395 Cui
1014 4343 1104 4398 ille
1151 4324 1797 4416 respondit:Monasterii
1853 4382 1862 4416 ,ε

199 4516 317 4583 quia
340 4520 596 4579 hesterno
623 4526 711 4582 die
738 4543 822 4583 me
851 4531 1010 4588 hodie
1053 4532 1250 4590 iturum
1284 4538 1527 4606 promisi,
1556 4540 1681 4596 illuc
1712 4542 1797 4599 ire

1842 4414 1860 4457 2

199 4436 356 4480 causa
385 4431 672 4488 constituta
700 4443 784 4491 est
803 4476 818 4504 ,
846 4437 1026 4507 Pater,
1056 4458 1215 4511 quam
1260 4444 1532 4502 declinare
1563 4463 1796 4519 nequeo,
1842 4431 1858 4480 έ

1922 3333 1996 3391 εἰς
2023 3329 2174 3386 αὑτὸν
2202 3332 2296 3391 τὰς
2337 3330 2523 3384 ἑαυτοῦ
2572 3336 2759 3403 χεῖρας
2787 3328 3065 3382 ἐπιϐαλεῖν.
3116 3330 3204 3379 Καὶ
3242 3330 3312 3395 μὴ
3360 3326 3519 3400 εὑρὼν

1920 3418 2129 3494 ῥάϐδον,
2161 3418 2224 3473 δι’
2256 3417 2315 3492 ἧς
2346 3421 2498 3475 αὑτὸν
2540 3425 2866 3490 μαστιγῶσαι
2911 3416 3223 3480 δυνὴσηται,
3254 3420 3516 3490 κρατήσας

1917 3512 1977 3567 τὸ
2020 3506 2332 3577 ὑποπόδιον,
2380 3514 2472 3568 τήν
2509 3511 2719 3580 κεφαλὴν
2767 3510 2923 3564 αὑτοῦ
2965 3510 3049 3561 καί
3100 3507 3159 3561 τὸ
3193 3502 3213 3542 ί
3245 3507 3519 3581 πρόσωπον

1919 3601 2100 3674 ἔτυψε,
2128 3606 2214 3657 καὶ
2244 3601 2352 3656 ὄλον
2380 3603 2589 3673 μελανόν
2617 3604 2704 3656 καὶ
2738 3602 3088 3674 πεφυσημένον
3116 3601 3378 3657 πεποίηκε.
3405 3608 3519 3672 Σφο-

1917 3692 2051 3771 δρῶς
2079 3690 2165 3750 οὖν
2185 3697 2521 3766 μαστιγωθεὶς
2562 3695 2613 3748 ἐν
2637 3702 2701 3767 τῇ
2729 3692 2860 3765 κλίνῃ
2985 3690 3089 3766 ἰδίᾳ
3128 3692 3352 3747 ἀπελθὼν
3390 3691 3519 3748 ησύ-

1884 3812 1887 3813 '
1916 3795 2103 3862 χαζεν.
2126 3786 2214 3843 Ἠν
2232 3787 2285 3844 δέ
2306 3794 2524 3861 πρᾶγμα
2541 3789 2814 3863 ὡρισμένον
2841 3784 2925 3843 διὰ
2942 3790 3033 3845 τήν
3053 3791 3143 3841 τοῦ
3164 3786 3508 3859 μοναστηρίου

1916 3883 2181 3961 φροντίδα,
2215 3888 2298 3939 καί
2419 3884 2530 3948 ἑξῆς
2553 3884 2739 3957 ἡμέρᾳ,
2763 3880 3116 3957 πληρωθέντων
3164 3886 3262 3934 τῶν
3307 3879 3518 3932 ἐωθινῶν

1914 3976 2109 4045 ὕμνων,
2138 3976 2429 4050 Λιϐερτῖνος
2460 3978 2533 4035 είς
2559 3978 2649 4032 τὴν
2680 3978 2770 4029 τοῦ
2796 3972 3079 4045 ἡγουμένου
3110 3971 3272 4028 κλίνην
3302 3969 3514 4034 ἀπῆλθε,

1912 4056 2001 4121 καὶ
2039 4068 2171 4138 μετά
2208 4067 2380 4127 πάσης
2423 4064 2887 4137 ταπεινοφροσύνης
2934 4064 3094 4134 εὐχὴν
3136 4064 3384 4134 ᾐτήσατο.
3432 4071 3516 4114 Γι-

1912 4161 2117 4214 νὼσκων
2137 4156 2191 4214 δέ
2224 4158 2249 4212 ὁ
2281 4157 2559 4229 ἡγούμενος
2584 4162 2695 4216 πῶς
2725 4156 2777 4209 ἐκ
2797 4156 3000 4211 πάντων
3036 4156 3248 4223 ἐτιμᾶτο
3278 4155 3362 4207 καὶ
3388 4158 3516 4225 ἠγα-

1911 4258 2053 4308 πᾶτο
2082 4251 2108 4307 ὁ
2140 4252 2467 4327 Λιϐερτῖνος,
2502 4250 2728 4322 ἐνόμισεν
2750 4246 2825 4304 ὅτι
2852 4247 2936 4306 διά
2966 4252 3054 4307 τήν
3090 4247 3238 4322 ὕϐριν
3273 4247 3332 4305 ἣν
3379 4246 3516 4316 αύτῷ

1911 4347 2187 4419 ἐπήγαγεν,
2214 4345 2567 4418 ὑποχωρῆσαι
2590 4343 2641 4394 ἐκ
2672 4348 2762 4398 τοῦ
2800 4341 3144 4416 μοναστηρίου
3181 4337 3365 4402 ἤθελεν,
3404 4335 3510 4390 ὅθεν

1910 4442 1997 4495 καί
2025 4442 2288 4515 ἠρώτησεν
2316 4437 2493 4498 αὑτὸν,
2521 4435 2696 4507 λέγων·
2720 4440 2819 4489 Ποῦ
2850 4433 3022 4505 βούλει
3047 4431 3312 4494 άπελθεῖν;
3345 4426 3382 4501 ᾧ
3412 4448 3508 4483 τινι

1910 4534 2229 4605 ἀποκριθεὶς,
2272 4528 2403 4587 εἷπε·
2442 4537 2543 4586 Τοῦ
2590 4530 2935 4603 μοναστηρίου
2968 4532 3187 4602 πρᾶγμα
3229 4524 3507 4597 ὡρισμένον

3076 4618 3123 4633 ο-
3228 4629 3241 4633 Α
3335 4619 3356 4629 η
3454 4610 3467 4630 ὶ

196 4605 456 4679 disposui.
487 4614 636 4674 Tunc
664 4620 753 4676 ille
781 4637 811 4676 a
841 4624 1007 4682 fundo
1036 4629 1215 4685 cordis
1249 4632 1600 4690 considerans
1625 4651 1785 4707 aspe-

1924 4628 2045 4693 Ξστί,
2079 4627 2263 4703 πάτερ’
2299 4622 2425 4700 ὅπερ
2474 4620 2737 4683 ἀδυνάτως
2781 4618 2898 4690 ἔχω
2926 4626 3015 4674 τοῦ
3069 4618 3241 4670 eadm.
3294 4619 3356 4684 τῇ
3389 4610 3506 4707 fa}?

106 4740 115 4751 .
194 4700 403 4760 ritatem
430 4716 485 4761 et
518 4708 774 4769 duritiam
802 4730 979 4787 suam,
1012 4719 1366 4779 humilitatem
1394 4740 1455 4780 ac
1478 4700 1788 4786 mansuetu-

196 4793 367 4889 dinem
419 4798 698 4872 Libertini,
733 4822 799 4861 ex
832 4808 970 4866 lecto
1016 4814 1170 4886 161
1204 4818 1456 4885 prosiliit,
1488 4821 1651 4889 pedes
1695 4822 1784 4879 Li-

196 4882 387 4944 bertini
418 4894 610 4963 tenuit,
642 4911 701 4954 se
729 4882 1199 4975 peccasse,seque
1230 4922 1377 4964 reum
1407 4925 1526 4968 esse
1557 4921 1787 4971 testatus

196 4989 297 5048 est,
320 4984 411 5052 qui
436 4993 582 5042 tanto
614 4991 810 5061 talique
830 4996 946 5051 viro
971 5006 1077 5053 tam
1098 5001 1369 5058 crudelem
1394 5003 1567 5062 facere
1593 5018 1789 5063 contu-r

194 5072 403 5132 meliam
436 5086 888 5154 praesumpsisset.
919 5090 991 5145 At
1017 5102 1201 5149 contra
1239 5094 1544 5154 Libertinus
1574 5114 1695 5157 sese
1723 5101 1785 5157 in

190 5172 389 5259 terram
419 5183 788 5245 prosternens,
814 5182 1037 5255 ejusque
1060 5187 1282 5255 pedibus
1305 5190 1635 5259 provolutus,
1661 5208 1783 5250 sua:

184 5257 378 5354 culpae,
410 5280 518 5319 non
546 5267 688 5325 illius
714 5273 935 5329 saevitia:
980 5276 1140 5332 luisse
1172 5257 1440 5336 referebat
1469 5283 1610 5353 quod
1650 5300 1776 5354 per-

186 5351 402 5411 tulerat.
436 5358 631 5432 Sicque
651 5372 829 5421 actum
850 5376 934 5423 est
959 5377 1014 5425 ut
1041 5371 1108 5426 ad
1131 5387 1379 5442 magnam
1409 5351 1787 5435 mansuet‘udi«

181 5457 308 5501 nem
337 5451 721 5518 perduceretur
750 5457 943 5528 Pater,
972 5471 1028 5519 et
1056 5462 1329 5521 humilitas
1375 5466 1619 5539 discipuli
1660 5484 1783 5525 mat

250 5560 380 5655 :1".
393 5566 656 5655 ἑοροερο
684 5581 739 5628 ει
760 5574 887 5645 ιγν·
916 5575 1152 5655 additur.
1184 5582 1390 5655 ignoro-

244 5629 277 5721 ξ’
302 5633 536 5721 ’ξΊιεοάη
560 5629 889 5721 ςθωθιηῖιβ
921 5629 1361 5721 ίέιιῗῇὸῖπὲιῗξὲὶῖ
1374 5629 1491 5711 eum
1531 5655 1776 5712 manibus

174 5706 457 5777 excederet,
495 5706 580 5767 vel
622 5706 912 5772 excesserit.

244 5786 270 5859 ξ
300 5778 361 5859 [τι
393 5782 532 5859 Αυάᾉ.
568 5794 623 5859 et
646 5786 799 5859 Lyr.,
830 5806 989 5846 causa
1028 5798 1303 5851 constituta
1331 5800 1584 5856 exiturus.

1853 5760 1862 5796 ὰ

1906 4722 2043 4791 χθές
2263 4718 2433 4795 ὥρισα
2467 4720 2687 4792 σήμερον
2716 4715 2877 4770 ἐκεῖσε
2909 4712 3185 4786 εὑρεθῆναι.
3219 4705 3343 4759 Τότε
3378 4702 3508 4759 ἐκεῖ-

1904 4834 1997 4874 νος
2021 4814 2077 4866 ἐκ
2117 4812 2309 4882 βάθους
2356 4807 2571 4884 καρδίας
2621 4806 2888 4870 στενάξας,
2934 4805 3017 4856 καὶ
3064 4800 3378 4858 κατανοήσας
3418 4801 3509 4857 τήν

1903 4907 2097 4962 ἑαυτοῦ
2141 4904 2527 4962 δυσκολωτάτην
2567 4897 2910 4973 σκληρότητα,
2952 4898 3043 4952 τήν
3082 4892 3137 4950 δέ
3183 4910 3508 4967 ταπεινοφρο-

1904 5005 2069 5061 σύνην
2096 5005 2181 5057 καὶ
2207 5001 2481 5076 πρᾳότητα
2508 5003 2602 5053 τοῦ
2631 4991 2958 5068 Λιϐερτίνου,
2988 4989 3040 5043 ἐκ
3071 5002 3163 5049 τῆς
3191 4985 3357 5046 κλίνης
3386 4987 3507 5042 ἀνα⁶

1904 5097 2041 5156 στάς
2058 5096 2177 5156 τοὺς
2192 5091 2355 5153 πόδας
2370 5092 2530 5147 αὑτοῦ
2556 5088 2710 5159 162
2731 5081 3003 5160 ἐκράτησε,
3034 5083 3113 5137 καί
3143 5080 3317 5136 ἑαυτὸν
3344 5081 3505 5151 ἡμαρ-

1902 5190 2130 5253 τηκέναι,
2169 5190 2252 5242 καί
2291 5184 2589 5258 κατάκριτον
2621 5177 2746 5235 εἶναι
2775 5177 3131 5250 ὡμολόγησεν,
3168 5173 3248 5231 ὅτι
3290 5173 3505 5244 τοιούτῳ

1910 5287 1999 5338 καί
2023 5282 2303 5351 τηλικούτῳ
2343 5274 2489 5352 ἀνδρί
2534 5275 2770 5333 τοιαύτην
2814 5273 3094 5343 ὠμωτάτην
3127 5270 3349 5341 βάσανον
3392 5267 3504 5319 ἐπε-

1905 5378 2084 5449 νέγκαι
2110 5382 2133 5421 Β
2157 5371 2488 5445 ἐπετόλμησε.
2517 5370 2814 5425 Τοὺναντίον
2840 5364 2892 5421 δέ
2923 5367 3212 5440 Λιϐερτῖνος
3235 5360 3411 5415 ἑαυτὸν
3435 5359 3503 5417 εἰς

1911 5474 2003 5529 τὴν
2026 5474 2118 5543 γῆν
2145 5466 2525 5541 ὑποστρώσας,
2554 5464 2770 5524 καὶτοῖς
2812 5459 2997 5515 ἐκείνου
3036 5456 3161 5513 ποσί
3194 5450 3490 5528 προσκυλινυ

1900 5596 2015 5644 ρει.

1985 5669 2010 5699 ⁸
2042 5660 2199 5728 Reg.,
2232 5649 2320 5711 οὖν
2347 5664 2445 5714 τῶν
2471 5658 2669 5730 ἡμερῶν
2696 5655 2897 5730 ἐκεῖνοςτ

1983 5730 2005 5769 f
2041 5721 2196 5801 Rei,
2228 5721 2987 5809 πρόσωπονήξνβὺτῷέτυψεν.

1978 5810 2008 5849 8
2038 5794 2198 5873 Re§.,
2230 5794 2487 5865 ἠθέλησεν.
2514 5799 2668 5858 (30H).
2722 5794 3091 5867 ηὐτομόλησαν.

242 5843 273 5887 ⁸
299 5848 455 5925 Res»
497 5843 758 5931 θαύμαέος
784 5843 868 5919 ἔται
910 5843 1783 5941 tingui?'Eéibif'iﬁb”iiutitar
1886 5870 1908 5885 ἀ
