4036 6346
559 327 661 386 16⁸1

1758 317 2004 378 SANCTI
2043 316 2367 378 GREGORII
2409 316 2627 376 MAG-Nl

3735 325 3835 387 108

555 442 639 499 τὸν
663 440 988 516 ’Λμητερνίας
1015 443 1107 499 τῆς
1135 433 1329 501 πόλεως
1376 433 1655 491 ἐπίσκοπον
1683 435 1996 502 καταλαϐὼν,
2025 433 2146 491 ἰδυ-

2257 432 2403 505 petiit
2428 432 2495 488 ab
2525 448 2590 489 eo
2620 440 2679 488 ut
2707 445 2829 488 eum
2880 432 3093 505 Equitio
3120 432 3299 491 abbati
3347 436 3733 511 committeret,
3761 458 3827 501 ac

554 539 722 593 σῶπει
744 536 830 591 ’ἵνα
850 534 1004 591 αὐτὸν
1029 532 1240 602 Ἐκυτίῳ
1260 537 1332 601 τῷ
1352 532 1610 604 ἡγουμένῳ
1631 531 1965 602 προσαγάγῃ,
1998 528 2141 593 ὅπως

551 630 605 688 έν
629 637 701 703 τῷ
720 628 1045 704 μοναστηρίῳ
1072 626 1232 681 αὑτοῦ
1263 623 1348 681 διά
1376 633 1467 687 τῆς
1489 625 1644 679 αὐτοῦ
1666 624 2001 698 παραθέσεως
2022 630 2144 678 τοῦ·

549 743 636 781 τον
665 720 966 786 είσδέξηται.
994 728 1051 774 ‘0
1081 715 1171 773 οὖν
1196 720 1469 779 έπίσκοπος
1500 719 1550 773 ἐν
1576 724 1649 786 τῷ
1689 720 2013 791 μοναστηρίῳ
2042 741 2143 774 πα-

548 821 901 897 ραγενόμενος,
947 818 1101 892 ἤγαγε
1134 817 1240 888 μεθ’
1262 816 1447 872 ἑαυτοῦ
1491 816 1748 871 Βασίλειον
1774 818 1862 873 τόν
1890 817 2141 888 μοναχὸν,

552 914 636 966 καί
664 910 747 965 τὸν
766 916 854 967 τοῦ
882 917 1007 965 Θεοῦ
1035 908 1211 965 δοῦλον
1236 906 1457 964 Ἐκύτιον
1482 910 1771 986 παρεκάλει,
1798 908 1939 970 ὅπως
1963 916 2144 966 τοῦτον

552 1004 601 1057 έν
630 1011 692 1077 τῇ
725 1012 751 1039 ἰ
785 1002 999 1078 συνοδίᾳ
1026 1003 1207 1058 ἑαυτοῦ
1246 999 1571 1067 ὑποδέξηται.
1616 1000 1705 1057 ⁸ον
1734 1001 1759 1057 5
1790 1002 1931 1073 ἅγιος
1959 1002 2145 1063 ἐκεῖνος

552 1098 680 1170 ἀνὴρ
702 1097 1030 1168 θεασάμενος,
1066 1091 1197 1150 εἶπε⁹
1221 1101 1408 1151 Τοῦτον
1435 1092 1487 1148 όν
1514 1098 1857 1171 παρατίθεσαί
1882 1116 1988 1165 μοι,
2011 1098 2143 1166 τίμιε

553 1186 731 1263 πάτερ,
763 1186 861 1258 ἐγὼ
886 1185 942 1238 ού
965 1185 1135 1255 θεωρῶ
1157 1177 1279 1239 εἶναι
1306 1184 1562 1258 μοναχὸν,
1588 1184 1714 1241 ἀλλά
1739 1182 1987 1239 διάϐολον.
2014 1186 2146 1258 Πρός

563 1276 619 1336 ὃν
645 1282 929 1357 ἀποκριθεὶς
960 1277 985 1333 5
1013 1279 1317 1343 ἐπίσκοπος,
1353 1277 1510 1347 166
1540 1273 1671 1333 εἷπε·
1701 1277 1956 1349 Πρόφασιν
1983 1277 2144 1349 λέγεις

563 1378 634 1443 μή
659 1374 821 1436 ,θέλων
850 1380 941 1432 τῆς
970 1372 1222 1449 ἡμετέρας
1258 1371 1511 1430 αἰτήσεως
1547 1370 1853 1425 ὑπακοῦσαι.
1888 1381 1943 1425 ‘0
1973 1368 2026 1425 δὲ
2054 1375 2145 1424 τοῦ

554 1475 681 1522 Θεοῦ
713 1466 886 1526 δοῦλος
914 1464 1028 1539 ἔφη·
1055 1468 1178 1538 Ἐγώ
1205 1463 1330 1540 ὅπερ
1357 1464 1504 1519 αὑτὸν
1522 1458 1649 1519 εἶναι
1668 1463 1790 1539 ὁρῶ,
1810 1469 1964 1519 τοῦτο
1990 1464 2148 1536 ἀναγ-

552 1559 729 1632 γέλλω.
759 1554 871 1613 Ἰνα
900 1556 951 1613 δὲ
984 1562 1053 1629 μὴ
1075 1558 1229 1612 θέλειν
1257 1578 1319 1627 με
1347 1556 1643 1611 ὑπακοῦσαι
1672 1555 1875 1629 λογίσῃ,
1909 1552 2035 1633 ὅπερ
2062 1575 2148 1610 κε·

548 1648 706 1711 λεύεις
730 1657 877 1705 ποιῶ.
904 1647 1190 1720 ’Υπεδέχθη
1214 1650 1381 1703 τοίνυν
1400 1650 1447 1702 ἐν
1464 1656 1537 1719 τῷ
1560 1648 1901 1720 μοναστηρίῳ.
1924 1648 1996 1701 Ού
2019 1648 2148 1716 μετά

553 1744 739 1806 πολλὰς
788 1742 842 1799 δέ
886 1744 1109 1819 ἡμέρας,
1138 1741 1164 1798 5
1195 1743 1345 1805 αὐτὸς
1395 1749 1485 1797 τοῦ
1534 1748 1671 1825 Θεοῦ
1703 1740 1876 1802 δοῦλος
1904 1738 2146 1808 Ἐκύτιος,

2250 524 2547 581 sanandum
2580 525 2910 581 monasterio
2952 524 3094 581 illius
3133 528 3553 588 commendaret.
3578 531 3731 590 Tunc
3767 535 3833 591 ad

2248 617 2637 674 monasterium
2682 616 2828 674 venit
2885 619 3190 690 episcOpus,
3239 634 3530 693 secumque
3582 623 3833 683 Basilium

2249 709 2571 765 monachum
2598 708 2841 780 deduxit,
2872 718 2927 766 et
2956 709 3231 781 Equitium
3262 712 3355 769 Dei
3386 711 3645 771 famulum
3677 732 3836 787 roga-

2250 805 2348 872 vit,
2380 814 2439 859 ut
2462 804 2709 860 eumdem
2734 803 3057 861 monachum
3086 806 3139 861 in
3168 806 3637 877 congregationem
3670 811 3838 864 susci-

2250 906 2423 969 peret.
2452 898 2625 964 Quem
2664 898 2845 953 statim
2875 899 2963 954 vir
3003 908 3222 955 sanctus
3266 900 3501 969 intuens,
3531 902 3645 956 ait:
3680 902 3836 959 Hunc

2249 1006 2409 1063 quem
2441 992 2575 1047 mihi
2605 992 2972 1060 commendas,
3016 993 3196 1063 Pater,
3248 1008 3351 1066 ego
3379 1010 3489 1052 non
3536 996 3695 1051 video
3724 1011 3837 1051 mo-

2249 1086 2479 1142 nachum
2508 1101 2652 1155 esse,
2685 1086 2778 1142 sed
2828 1086 3121 1143 diabolum.
3151 1087 3248 1143 Cui
3293 1088 3384 1143 ille
3412 1090 3566 1162 165
3616 1104 3838 1159 respon-

2250 1179 2369 1234 dit:
2403 1180 2755 1236 Occasionem
2803 1179 3000 1250 quzeris
3051 1194 3121 1235 ne
3163 1179 3361 1237 debeas
3402 1188 3663 1249 praestare
3695 1179 3838 1248 quod

2250 1279 2398 1342 peto.
2430 1272 2512 1327 Ad
2536 1288 2693 1343 quem
2725 1286 2848 1328 mox
2882 1272 2978 1328 Dei
3006 1272 3237 1328 famulus
3266 1272 3402 1329 dixit
3436 1290 3449 1327 :
3484 1272 3598 1343 Ego
3622 1273 3839 1344 quidem

2252 1362 2357 1419 hoc
2384 1380 2509 1420 eum
2541 1379 2662 1421 esse
2689 1365 2971 1433 denuntio,
3001 1366 3143 1434 quod
3171 1365 3364 1432 video;
3398 1380 3467 1422 ne
3496 1374 3678 1423 tamen
3696 1366 3841 1424 nolle

2254 1474 2341 1515 me
2371 1458 2591 1516 obedire
2620 1459 2919 1528 existimes,
2968 1458 3105 1517 facio
3148 1462 3290 1531 quod
3315 1460 3498 1531 jubes.
3545 1459 3841 1531 Susceptus

2257 1548 2441 1619 itaque
2498 1550 2554 1605 in
2604 1553 2934 1608 monasterio
2988 1558 3094 1606 est.
3142 1551 3258 1607 Non
3309 1560 3433 1623 post
3482 1552 3684 1608 multos
3729 1552 3841 1608 dies

2256 1641 2401 1697 idem
2436 1641 2531 1698 Dei
2560 1642 2791 1701 famulus
2820 1660 2917 1713 pro
2948 1644 3301 1700 exhortandis
3349 1644 3417 1699 ad
3450 1644 3718 1701 desideria
3746 1660 3839 1701 su-

2259 1747 2427 1805 perna
2454 1735 2723 1803 ﬁdelibus,
2760 1738 2919 1807 paulo
2958 1737 3168 1809 longius
3196 1752 3225 1792 a
3267 1737 3403 1793 cella
3434 1736 3710 1809 digressus
3734 1749 3838 1795 est.

550 1838 679 1916 πρὸς
706 1838 764 1893 τό
791 1836 1111 1907 οἰκοδομῆσαι
1133 1837 1268 1911 λόγῳ
1298 1835 1627 1897 διδασκαλίας
1654 1836 1777 1897 τοὺς
1805 1839 1892 1894 τήν
1922 1837 2147 1908 οὐράνιον

2257 1839 2278 1868 ε
2309 1830 2426 1896 Quo
2472 1829 2781 1886 discedente
2828 1832 3053 1904 contigit
3083 1841 3143 1887 ut
3190 1832 3246 1887 in
3286 1834 3619 1890 monasterio
3665 1834 3838 1906 virgi-

549 1932 835 1990 ποθοῦντας
854 1929 1159 1992 ἀπόλαυσιν,
1193 1930 1354 2001 ὀλίγον
1380 1930 1437 1983 έκ
1464 1932 1656 1998 μήκους
1684 1934 1775 1984 τοῦ
1806 1930 2143 2005 μοναστηρίου

550 2023 735 2087 έξῆλθε.
774 2028 969 2077 Τοῦτον
1001 2018 1055 2076 δὲ
1086 2021 1387 2085 ἐξελθόντος,
1419 2021 1605 2080 συνέϐη
1640 2024 1687 2075 ἓν
1710 2032 1785 2093 τῷ
1813 2024 2147 2098 μοναστηρίῳ

550 2122 652 2171 τῶν
688 2115 949 2190 παρθένων
973 2153 988 2179 ,
1021 2110 1089 2167 ὧν
1128 2118 1219 2173 τὴν
1258 2118 1591 2190 προνοητικὴν
1625 2114 1905 2186 έπιμέλειαν
1943 2114 2148 2177 ὁαύτός

551 2212 723 2281 πατὴρ
748 2204 807 2265 ἧν
852 2204 1218 2278 ἀναδεξάμενος
1238 2246 1253 2273 ,
1287 2208 1402 2278 μίαν
1428 2208 1541 2262 τινά
1566 2207 1615 2271 ἐξ
1639 2208 1803 2263 αὐτῶν
1821 2247 1836 2274 ,
1866 2208 1977 2269 ἥτις
2011 2209 2147 2263 πάνυ

559 2297 589 2340 ι
621 2300 753 2354 κατά
791 2303 881 2357 τήν
927 2298 1097 2376 σάρκα
1143 2299 1334 2356 ταύτην
1374 2296 1593 2361 εῦοπτος
1634 2301 1873 2374 ὑπῆρχεν
1898 2340 1913 2367 ,
1939 2308 2148 2377 πυρετῷ

553 2388 848 2463 λαϐροτάτῳ
890 2390 1286 2464 καταφλέγεσθαι
1303 2429 1320 2456 ,
1348 2393 1431 2444 καί
1467 2392 1632 2462 φωνάς
1661 2392 1853 2462 ἀφιέναι
1872 2391 2145 2465 λέγουσανο

560 2483 765 2544 Πάντως
798 2482 988 2557 ἀρτίως
1017 2483 1338 2548 ἀποθνήσκω,
1368 2484 1453 2538 έάν
1480 2488 1549 2554 μὴ
1577 2483 1833 2545 Βασίλειος
1862 2484 1888 2540 5
1918 2488 2152 2558 μωαχός

551 2570 697 2642 ἔλθη,
730 2574 814 2626 καί
858 2571 1012 2632 αύτός
1037 2592 1123 2643 μοι
1153 2570 1237 2627 διά
1277 2580 1370 2633 τῆς
1414 2572 1707 2647 συνδρομῆς
1732 2583 1825 2635 τῆς
1854 2575 2041 2633 ἑαυτοῦ
2070 2578 2152 2631 ία-

555 2666 749 2739 τρείας,
780 2668 872 2723 τήν
925 2661 1059 2719 ἴασιν
1108 2665 1386 2741 παράσχῃ.
1441 2665 1617 2729 Οὐδείς
1656 2664 1742 2724 οὖν
1783 2677 1883 2725 τῶν
1931 2669 2152 2744 ἀδελφῶν

554 2754 747 2827 έτόλμα
775 2762 837 2830 τῇ
866 2763 966 2811 τῶν
993 2758 1252 2832 παρθένων
1282 2757 1497 2835 συνοδίᾳ
1520 2763 1861 2835 προσεγγίσαι
1890 2760 1941 2816 ἕν
1976 2782 2033 2817 τε
2058 2769 2151 2819 τοῦ

558 2849 751 2906 έαυτῶν
797 2851 998 2924 πασρὸς
1044 2851 1400 2925 ἀναχωρήσει,
1451 2852 1598 2924 πόσῳ
1645 2853 1831 2923 μᾶλλον
1887 2853 2071 2914 ἐκεῖνος
2126 2852 2153 2911 5

558 2944 743 2998 νεωστί
790 2942 1229 3017 παραγενόμενος,
1258 2940 1457 3005 οὗτινος
1490 2946 1651 3015 ἀκμήν
1694 2945 1780 2999 τόν
1826 2944 1935 3015 βίον
1979 2946 2010 3003 ἡ
2052 2952 2153 3000 τῶν

556 3032 778 3106 ἀδελφῶν
804 3030 1012 3089 συνοδία
1038 3035 1129 3087 ούκ
1160 3036 1448 3107 ἐγίνωσκεν.
1494 3037 1687 3097 Εὐθέως
1712 3032 1797 3091 οὖν
1824 3037 2153 3105 ἀπέστειλαν,

560 3128 739 3195 καὶτῷ
762 3129 854 3178 τοῦ
877 3130 1004 3179 Θεοῦ
1036 3122 1197 3197 δούλῳ
1219 3124 1423 3200 Ἐκυτίῳ
1450 3129 1727 3199 ἐμήνυσαν,
1750 3126 1829 3184 ὅτι
1851 3132 1881 3189 ἠ
1902 3127 2036 3187 δεῖνα
2060 3151 2155 3201 μο-

2249 1936 2400 1992 num,
2432 1920 2486 1976 in
2518 1937 2622 1993 quo
2651 1922 2893 1993 ejusdem
2923 1923 3097 1980 Patris
3135 1939 3261 1980 cura
3288 1925 3565 1997 vigilabat,
3594 1942 3702 1982 una
3733 1942 3827 1983 ea-

2248 2028 2367 2069 rum
2396 2029 2514 2084 quae
2536 2012 2686 2083 juxta
2714 2016 2891 2071 carnis
2922 2016 3082 2085 hujus
3110 2018 3449 2086 putredinent
3474 2019 3722 2089 speciosa
3751 2020 3833 2075 vi-

2252 2106 2502 2177 debatur,
2522 2107 2827 2164 febricitare
2856 2109 3139 2181 inciperet,
3158 2120 3213 2166 et
3238 2110 3588 2168 vehementer
3605 2112 3844 2183 anxiari,

2252 2199 2568 2270 magnisque
2596 2198 2709 2270 jam
2765 2216 2871 2256 non
2919 2201 3179 2273 vocibus,
3231 2202 3328 2259 sed
3368 2203 3693 2261 stridoribus
3731 2205 3843 2261 cla-

2253 2305 2404 2346 mare
2437 2310 2450 2347 :
2478 2290 2634 2347 Modo
2671 2293 2932 2349 moritura
2974 2308 3117 2362 sum,
3150 2294 3254 2351 nisi
3284 2294 3513 2352 Basilius
3542 2296 3843 2355 monachus

2251 2383 2456 2450 veniat,
2489 2392 2543 2439 et
2570 2385 2686 2455 ipse
2730 2386 2862 2441 mihi
2895 2402 2989 2457 per
3016 2402 3126 2444 sum
3157 2390 3455 2445 curationis
3485 2391 3727 2447 studium
3758 2405 3843 2447 sa-

2254 2474 2421 2532 lutem
2446 2476 2657 2533 reddat.
2699 2477 2808 2534 Sed
2836 2478 2890 2533 in
2924 2480 3056 2535 tanti
3105 2480 3279 2537 Patris
3309 2482 3555 2539 absentia
3583 2482 3843 2539 accedere

2254 2568 2537 2639 quisquam
2568 2570 2960 2627 monachorum
2990 2572 3048 2628 in
3077 2560 3553 2646 congregationem
3578 2574 3842 2646 virginum

2253 2678 2363 2720 non
2389 2664 2652 2732 audebat;
2703 2676 2902 2736 quanto
2932 2667 3107 2723 minus
3152 2668 3243 2724 ille
3289 2668 3381 2739 qui
3411 2683 3581 2726 novus
3606 2667 3841 2724 advene-

2256 2768 2363 2827 rat,
2385 2760 2649 2832 cujusque
2677 2760 2852 2817 adhuc
2897 2746 3061 2818 vitam
3101 2762 3446 2834 congregatio
3475 2762 3701 2818 fratrum
3755 2774 3847 2816 nec

2257 2855 2481 2912 sciebat.
2512 2855 2731 2912 Missum
2776 2865 2997 2927 repente
3025 2865 3131 2925 est,
3160 2865 3217 2912 et
3246 2856 3343 2913 Dei
3376 2855 3579 2911 famulo
3628 2855 3849 2925 Equitio

2258 2949 2580 3017 nuntiatum,
2615 2949 2759 3020 quod
2789 2949 3220 3006 sanctimonialis
3249 2946 3344 3004 illa
3370 2948 3652 3005 immensis
3676 2946 3847 3002 febri-

2258 3039 2359 3114 bus
2386 3048 2663 3109 astuaret,
2695 3051 2753 3098 et
2781 3042 2963 3098 Basilii
3005 3042 3257 3099 monachi
3285 3040 3649 3097 visitationem
3680 3039 3849 3093 anxie

2258 3143 2546 3202 quaereret.
2578 3134 2696 3202 Quo
2722 3134 2904 3191 audito
2934 3136 3017 3191 vir
3044 3144 3281 3201 sanctus,
3307 3133 3643 3205 dedignando
3669 3131 3849 3186 subri-

558 3220 776 3298 νάστρια
798 3214 1002 3297 σφοδρῷ
1030 3230 1235 3293 πυρετῷ
1256 3221 1635 3293 καταφλέγεται,
1664 3225 1747 3277 καί
1775 3223 2033 3279 Βασίλειου
2062 3231 2149 3281 τοῦ

2263 3225 2357 3293 sit,
2384 3234 2545 3297 atque
2571 3227 2649 3281 ait
2674 3245 2688 3281 :
2719 3226 2968 3298 Nunquid
2998 3241 3106 3283 non
3135 3226 3245 3282 dixi
3271 3227 3413 3298 quod
3440 3225 3682 3281 diabolus
3702 3232 3851 3280 esset

553 3322 796 3387 μοναχοῦ
825 3322 917 3377 τῆν
943 3313 1212 3386 έπίσκεψιν
1234 3317 1687 3394 στενοχωρουμένη
1715 3318 1962 3382 ἐπιζητεῖ.
1990 3324 2154 3376 Τοῦτο

553 3408 611 3465 δὲ
642 3410 868 3473 ἀκούσας
899 3410 926 3468 5
951 3410 1139 3474 δίκαιος
1164 3409 1313 3472 οὗτος
1343 3414 1468 3482 ἀνὴρ
1492 3453 1507 3477 ,
1541 3415 1882 3486 ἠγανάκτησεν
1901 3455 1916 3480 ,
1942 3416 2155 3489 ὑπομει-

554 3500 741 3565 διάσας
764 3503 817 3559 δέ
838 3501 988 3559 εἶπεν·
1010 3503 1145 3579 ’Δρα
1168 3506 1257 3559 οὑκ
1278 3501 1439 3575 εἷπον,
1465 3504 1543 3561 ὅτι
1566 3504 1797 3569 διάϐολός
1825 3509 1961 3566 ἐστιν
1981 3506 2152 3577 οὗτος,

562 3596 644 3649 καί
661 3596 781 3666 ούχί
802 3597 1067 3667 μοναχός;
1090 3594 1340 3652 ’Δπέλθετε
1358 3593 1465 3663 οὖν,
1483 3602 1567 3653 καί
1587 3599 1639 3652 ἐκ
1654 3607 1745 3655 τοῦ
1765 3600 1953 3655 κελλίου
1976 3610 2157 3659 τοῦτον

559 3684 769 3762 ῥίψατε,
788 3690 906 3759 περί
925 3684 977 3740 δὲ
991 3695 1083 3747 τῆς
1106 3684 1285 3755 δούλης
1305 3694 1397 3742 τοῦ
1420 3694 1573 3753 Θεοῦ,
1596 3690 1629 3747 ἧ
1648 3711 1726 3750 τις
1834 3692 2036 3768 εἰσϐολῇ
2064 3701 2155 3751 τοῦ

562 3784 787 3853 πυρετοῦ
819 3779 1196 3852 καταφλέγεται,
1222 3777 1375 3850 μηδὲν
1402 3784 1765 3855 μεριμνήσητι⁹
1811 3784 1914 3839 ἀπὸ
1937 3786 2036 3859 γὰρ
2064 3794 2155 3847 τῆς

562 3870 703 3943 ὥρας
735 3872 951 3937 ταύτης,
984 3870 1103 3927 οὔτε
1132 3880 1204 3943 τῷ
1234 3881 1442 3945 πυρετῷ
1464 3874 1723 3941 κοπιάσει,
1754 3873 1872 3933 οὕτε
1900 3880 2156 3936 Βασίλειον

566 3964 883 4027 έπίζητὴσει.
905 3962 1265 4040 Ὑποστρέψας
1287 3964 1341 4020 δέ
1358 3964 1383 4019 5
1398 3968 1658 4037 μοναχός,
1684 3965 1829 4043 εὗρεν
1851 3968 1935 4027 ὄτι
1954 3973 2005 4025 ἐν
2025 3974 2156 4049 αὐτῇ

558 4062 623 4128 τῇ
637 4055 746 4129 ὥρα
761 4060 851 4113 τήν
862 4052 998 4111 ἴασιν
1008 4058 1038 4114 ἡ
1053 4061 1144 4110 τοῦ
1156 4060 1280 4110 Θεοῦ
1293 4056 1541 4129 παρθένος
1553 4055 1755 4124 ἔλαϐεν,
1772 4060 1820 4112 ἐν
1880 4059 2008 4115 ότοῦ
2028 4070 2154 4119 Θεοῦ

560 4140 736 4205 δοῦλος
757 4144 975 4211 Ἐκύτιος
990 4148 1201 4220 μήκοθεν
1219 4149 1478 4222 ὑπάρχων
1498 4144 1605 4204 εἷπε
1618 4191 1628 4202 .
1644 4158 1727 4223 Τῷ
1746 4157 1836 4206 τοῦ
1856 4150 2154 4211 διδασκάλω

560 4239 662 4312 γὰρ
683 4239 959 4294 ἀκολουθῶν
979 4239 1341 4315 ὑποδείγματι,
1357 4245 1446 4300 τήν
1468 4247 1559 4297 τοῦ
1580 4240 1839 4315 θαύματος
1858 4243 2049 4301 τούτου
2067 4245 2157 4303 δύ-

560 4349 701 4399 ναμιν
728 4332 1015 4405 είργάσατο’
1047 4336 1128 4388 καί
1149 4332 1174 4388 ὁ
1196 4334 1370 4408 κύριος
1390 4334 1491 4407 γάρ
1522 4335 1661 4407 ἡμῶν
1688 4333 1880 4397 Ἰησοῦς
1910 4339 2153 4412 Χριστὸς,

559 4428 650 4478 τοῦ
692 4423 956 4495 βασιλικοῦ
1001 4423 1379 4493 δυσωποῦντος,
1410 4426 1543 4499 λόγῳ
1596 4427 1730 4501 μόνῳ
1780 4433 1870 4488 τὴν
1898 4427 2031 4485 ἴασιν
2082 4440 2155 4505 τῷ

553 4517 744 4571 τούτου
767 4519 1067 4592 παρέσχετο
1092 4519 1204 4588 υἱῷ,
1228 4520 1391 4581 καθὼς
1414 4519 1464 4573 ἐν
1492 4520 1803 4593 εὐαγγελίοις
1828 4524 2149 4600 εὑρίσκομεν·

2261 3315 2387 3385 iste,
2417 3331 2523 3373 non
2572 3310 2908 3375 monachus?
2952 3320 3030 3376 Ite
3058 3328 3115 3375 et
3142 3335 3265 3376 cum
3308 3319 3377 3375 de
3404 3318 3538 3375 cella
3567 3317 3847 3387 expellite.

2259 3410 2339 3468 De
2366 3413 2560 3469 ancilla
2598 3424 2777 3471 autem
2822 3414 2938 3482 Dei,
2971 3431 3093 3486 qua:
3119 3414 3388 3472 anxietate
3414 3412 3641 3469 febrium
3686 3427 3849 3481 urge~

2260 3513 2366 3572 tur,
2402 3506 2569 3563 nolite
2614 3521 2734 3565 esse
2778 3507 3017 3576 solliciti,
3066 3510 3192 3579 quia
3232 3523 3296 3563 ex
3345 3508 3445 3561 hac
3494 3507 3627 3560 hora
3672 3518 3850 3574 neque

2261 3598 2504 3657 febribus
2534 3601 2846 3657 laboratura
2892 3612 2998 3672 est,
3032 3616 3208 3671 neque
3248 3599 3502 3657 Basilium
3533 3596 3849 3670 quaesitura.

2261 3688 2563 3762 Regressus
2595 3702 2679 3747 cst
2717 3700 2898 3749 autem
2946 3692 3263 3761 monachus,
3305 3700 3359 3748 et
3407 3705 3471 3747 ea
3520 3691 3650 3745 hora
3690 3689 3850 3745 saluti

2261 3782 2567 3840 restitutam
2599 3784 2693 3841 Dei
2723 3785 2983 3857 virginem
3029 3785 3269 3856 agnovit,
3300 3799 3404 3857 qua
3428 3782 3454 3821 ιι
3478 3782 3725 3840 eamdem
3772 3796 3850 3837 sas

2264 3873 2431 3931 lutem
2490 3876 2633 3932 illius
2683 3876 2779 3932 Dei
2833 3876 3063 3933 famulus
3122 3876 3367 3948 Equitius
3429 3876 3587 3947 longe
3640 3876 3852 3945 positus

2263 3966 2434 4034 dixit;
2485 3969 2539 4024 in
2586 3968 2785 4025 virtute
2815 3970 3020 4026 scilicet
3049 3970 3291 4025 miraculi
3321 3969 3625 4039 exwplunt
3659 3975 3853 4024 tenens

2261 4058 2520 4131 Magistri,
2562 4060 2653 4131 qui
2707 4060 2961 4117 invitatus
3013 4062 3080 4116 ad
3128 4062 3297 4117 ﬁlium
3350 4060 3520 4131 reguli
3551 4057 3733 4130 (Joan.
3782 4074 3851 4126 tv,

2260 4151 2379 4222 46),
2422 4167 2545 4207 eum
2596 4152 2714 4207 solo
2743 4153 2913 4209 verbo
2959 4154 3194 4209 restituit
3243 4153 3422 4219 saluti,
3463 4160 3523 4207 ut
3572 4161 3852 4207 revertens

2258 4249 2411 4309 pater
2450 4254 2515 4294 ea
2560 4240 2689 4295 hora
2738 4242 2910 4298 filium
2960 4242 3265 4299 restitutum
3312 4244 3437 4299 vitae
3473 4249 3852 4312 cognosceret,

2259 4344 2361 4399 qua
2407 4330 2573 4384 vitam
2623 4331 2765 4388 illius
2804 4347 2869 4387 ex
2909 4346 3004 4387 ore
3055 4332 3306 4388 Veritatis
3353 4332 3610 4388 audisset.
3646 4331 3853 4388 Omnes

2260 4430 2438 4478 autem
2469 4424 2719 4481 monachi
2742 4424 3039 4496 iussionem
3064 4426 3237 4483 Patris
3255 4427 3337 4483 sui
3366 4426 3675 4495 implentes,
3698 4441 3853 4482 eum<

2260 4514 2383 4571 dem
2420 4516 2685 4573 Basilium
2710 4533 2776 4574 ex
2804 4518 3119 4574 monasterii
3151 4519 3484 4577 habitatione
3512 4520 3853 4588 repulerunt.

556 4612 981 4688 ὑποστρέψαντος
1004 4615 1103 4687 γὰρ
1126 4615 1279 4670 αὑτοῦ
1303 4617 1354 4669 έν
1379 4622 1454 4689 τῷ
1483 4615 1663 4672 έαυτοῦ
1691 4615 1829 4689 οἴκῳ,
1857 4620 1908 4674 έν
1938 4622 2065 4697 αὐτῇ

2260 4609 2358 4677 Qui
2413 4610 2658 4681 repulsus
2690 4611 2845 4682 dixit,
2887 4613 3197 4683 frequenter
3244 4628 3304 4669 se
3344 4609 3591 4669 cellulam
3650 4611 3856 4683 Equitii

555 4707 665 4783 ὥρᾳ
719 4703 834 4784 εὗρε
874 4708 961 4763 τόν
995 4708 1106 4762 υἱὸν
1151 4710 1302 4763 αὑτοῦ
1345 4713 1436 4767 την
1472 4707 1611 4765 ἴασιν
1643 4709 2033 4783 ὑποδεξάμενον,
2062 4712 2148 4770 ὅτε

553 4796 611 4848 ix
634 4806 725 4853 τοῦ
757 4799 1016 4871 στόματος
1044 4808 1137 4862 τῆς
1166 4798 1411 4864 Ἀληθείας
1449 4808 1603 4857 τοῦτο
1630 4804 1860 4863 ἀκήκοεν.
1891 4806 1951 4859 Οί
1983 4805 2037 4862 δέ
2064 4828 2151 4878 μο·

556 4891 715 4957 ναχοί
753 4892 941 4953 πάντες
982 4897 1076 4953 τῆν
1104 4892 1335 4949 κέλευσιν
1372 4900 1462 4951 τοῦ
1499 4892 1628 4950 ἰδίου
1660 4899 1858 4974 πατρὸς
1890 4899 2150 4975 ἐκπληρώ-

556 4998 743 5040 σαντες
765 5022 779 5046 ,
814 4983 900 5038 τὸν
938 4985 1088 5040 αὑτὸν
1139 4986 1393 5043 Βασίλειον
1428 4988 1487 5044 ὲκ
1528 4996 1620 5048 τῆς
1660 4996 1752 5043 τοῦ
1800 4997 2146 5068 μοναστηρίου

2266 4704 2491 4776 magicis
2516 4706 2723 4762 artibus
2753 4705 2808 4761 in
2839 4720 2966 4762 aera
2992 4706 3362 4778 suspendisse,
3396 4719 3497 4761 nec
3524 4716 3703 4762 tamen
3734 4704 3854 4776 ejus

2258 4800 2565 4871 quempiam
2608 4799 2805 4858 laedere
2854 4799 3116 4872 potuisse.
3160 4802 3263 4870 Qui
3312 4815 3419 4857 non
3450 4808 3573 4871 post
3624 4799 3849 4871 longum

2258 4910 2489 4973 tempus,
2542 4906 2598 4960 in
2648 4904 2749 4962 bac
2802 4905 3046 4963 Romana
3096 4906 3252 4974 urbe,
3312 4904 3702 4963 exardescente
3736 4903 3856 4960 zelo

2257 4994 2551 5053 Christiani
2584 5000 2788 5070 p0puli,
2819 5000 2943 5071 igne
2977 5010 3247 5058 crematus
3274 5009 3377 5057 est.

558 5072 819 5133 κατοικίας
848 5072 1073 5140 ἒδίωξανο
1105 5075 1412 5151 Διωκὸμινος
1433 5077 1510 5145 δέ,
1541 5076 1636 5152 ἔφη
1668 5089 1884 5151 συχνῶς
1912 5084 1972 5139 τὸ
1998 5093 2092 5142 τοῦ
2117 5086 2342 5147 Ἐκυτίου
2366 5093 2552 5150 κέλλιον
2572 5102 2783 5155 ποιῆσαι
2802 5104 2919 5158 ταῖς
2944 5105 3184 5171 μαγικαῖς
3213 5098 3370 5153 αὑτοῦ
3410 5098 3625 5168 τέχναις
3657 5096 3731 5158 είς
3770 5096 3858 5151 τόν

557 5164 687 5239 ἀέρα
716 5169 1080 5241 κρεμασθῆναι,
1108 5170 1341 5243 οὐδαμῶς
1369 5169 1425 5229 δὲ
1452 5168 1666 5231 ἠδυνήθη
1691 5173 1745 5226 ἐκ
1770 5180 1871 5229 τῶν
1895 5176 2055 5231 αὐτοῦ
2084 5198 2196 5236 τινα
2223 5180 2281 5238 τὸ
2329 5185 2572 5262 παράπαν
2613 5185 2825 5257 βλάψαι.
2856 5189 2928 5243 Ού
2945 5164 3088 5259 μετὰ
3123 5187 3278 5243 πολύν
3312 5185 3368 5245 δέ
3400 5164 3587 5263 χρόνον
3617 5187 3667 5241 ἐν
3691 5187 3858 5259 ταύτῃ

551 5267 615 5334 τῇ
652 5268 753 5315 τῶν
780 5267 1032 5335 Ῥωμαίων
1051 5266 1229 5336 πόλει,
1263 5267 1396 5338 ζήλῳ
1422 5274 1496 5338 τῷ
1524 5268 1656 5346 πρὸς
1694 5268 1816 5325 Θεὸν
1854 5277 1945 5326 τοῦ
1986 5280 2484 5349 χριστιανικωτάτου
2521 5280 2648 5336 λαοῦ
2692 5281 3029 5350 έκκαυθέντος,
3056 5288 3234 5339 τοῦτον
3280 5285 3409 5357 πυρὶ
3447 5284 3731 5342 καυσθῆναι
3763 5303 3858 5339 πε-

550 5372 776 5413 ποιηκασ
781 5377 845 5410 ιν.

620 5447 699 5503 Ἐν
726 5455 824 5520 μ,ιᾷ
853 5447 908 5506 δέ
932 5457 1034 5506 τῶν
1074 5453 1277 5527 ἡμερῶν
1306 5452 1360 5508 ἐκ
1385 5460 1476 5509 τοῦ
1504 5456 1663 5512 αὑτοῦ
1684 5462 2029 5533 μοναστηρίου
2058 5467 2158 5519 τῶν

547 5543 808 5617 παρθένων
826 5580 842 5611 ,
873 5542 1162 5619 μονέιστριά
1198 5566 1277 5608 τις
1305 5546 1377 5608 είς
1403 5548 1487 5604 τὸν
1515 5558 1675 5610 κῆπον
1722 5553 2039 5624 εἰσελθοῦσα,
2064 5558 2152 5613 καὶ

2340 5460 2582 5530 Quadam
2608 5476 2737 5519 vero
2760 5463 2866 5530 fdie
2904 5479 3010 5521 una
3052 5464 3149 5521 Dei
3194 5463 3390 5519 famula
3414 5478 3481 5520 ex
3505 5462 3700 5519 eodem
3732 5474 3855 5516 mo-

2258 5556 2496 5614 nasterio
2527 5556 2792 5629 virginum
2839 5556 3055 5617 hortum
3098 5560 3339 5632 ingressa
3368 5567 3453 5619 est
3477 5574 3491 5613 :
3517 5571 3641 5629 quae
3668 5556 3850 5615 lactu-

623 5710 651 5779 .‘
675 5699 840 5779 308-.
863 5711 1009 5779 μονῖιο

621 5770 648 5811 ’³
675 5770 832 5867 ηῗέη
863 5770 993 5867 δεξιτᾶ
1021 5779 1428 5867 ἵῶμσξβδωῖτῖος
1452 5782 1639 5867 (“iter
1658 5788 1874 5867 εὖωπδς)
1895 5790 2137 5867 Max"

545 5854 753 5924 πυρετῷ
780 5846 1119 5923 λαμϐροτάτω
1148 5852 1313 5924 (haud
1339 5846 1499 5915 dubie
1542 5846 1870 5937 λαθροτάτωί
1894 5846 2133 5937 κατέιᾷλιο

2239 5721 2445 5790 γεσθαι.

2316 5803 2339 5830 ε
2365 5790 2596 5860 Gemet.,
2630 5810 2728 5864 quo
2754 5793 3107 5853 descendente.

2314 5864 2339 5898 α
2375 5864 2575 5922 l‘ratel.
2605 5875 2659 5922 et
2689 5866 2827 5938 Big.,
2860 5871 3089 5924 eamdem
3123 5869 3387 5927 salvatam.
