4036 6346
265 331 345 388 169
1471 324 1916 384 DIAL‘OGOBUM
1954 324 2155 382 LIBER
2194 324 2232 381 I.

3355 336 3467 394 170

261 463 364 504 eam
403 442 719 514 conspiciens
770 440 1105 511 concupivit,
1153 452 1380 512 eamque
1427 443 1582 513 signo
1619 441 1794 499 crucis

1898 444 2174 516 θεασαμένη
2216 442 2456 517 μαροῦλιν
2478 482 2492 509 ,
2523 442 2570 496 ἐν
2607 443 2845 517 ἐπιθυμίᾳ
2885 444 3044 501 αύτοῦ
3069 448 3265 521 γέγονε.
3294 452 3389 507 Τὸν
3415 451 3471 509 δέ

262 538 535 599 benedicere
584 536 772 604 oblita,
822 534 978 590 avide
1025 533 1355 600 momordit;
1398 534 1495 589 sed
1521 542 1731 603 arrepta
1761 547 1792 588 a

262 630 445 688 diabolo
480 628 722 699 protinus
751 625 970 683 cecidit.
1001 624 1242 696 Cumque
1266 634 1570 693 vexaretur,
1620 625 1792 680 eidem

261 722 383 779 Patri
408 718 613 788 Equitio
654 719 757 774 sub
791 717 1069 775 celeritate
1098 719 1397 774 nuntiatum
1428 727 1531 787 est,
1562 728 1621 774 ut
1647 720 1795 775 veni-

258 820 326 868 ret
342 811 584 879 concitus,
610 819 666 867 et
693 818 720 847 ⁸
744 809 949 865 orando
977 819 1333 867 succurreret.
1358 811 1585 881 Moxque
1608 810 1637 850 ιι
1670 812 1794 867 hor-

255 912 350 957 tum
391 901 521 956 idem
570 900 730 957 Pater
757 910 818 957 ut
841 902 1115 971 ingressus
1143 910 1245 968 est,
1276 904 1441 973 coepit
1464 918 1527 959 ex
1558 904 1675 973 ejus
1699 919 1793 960 ore

254 994 385 1066 quasi
423 991 759 1049 satisfaciens
785 993 901 1063 ipse
927 994 1018 1063 qui
1048 992 1186 1048 hanc
1210 998 1511 1064 arripuerat
1552 994 1794 1049 diabolus

251 1085 485 1149 clamare,
527 1082 713 1138 dicens
764 1100 779 1138 :
822 1083 933 1154 Ego
981 1083 1111 1153 quid
1160 1082 1301 1140 feci?
1338 1098 1438 1155 ego
1473 1085 1599 1155 quid
1656 1084 1796 1140 feci?

250 1173 533 1230 cSedebam
563 1172 694 1229 mihi
743 1188 901 1244 super
943 1176 1404 1243 lactucam;venit
1443 1176 1553 1245 illa,
1576 1184 1631 1232 et
1682 1192 1797 1233 mo-

249 1265 425 1323 mordit
448 1280 551 1321 me.
582 1265 680 1321 Cui
704 1280 825 1322 cum
854 1266 1005 1338 gravi
1035 1267 1400 1339 indignatione
1425 1270 1508 1324 vir
1541 1270 1631 1325 Dei
1659 1284 1796 1340 pras-

250 1358 374 1428 ccpit
419 1366 472 1413 ut
513 1356 840 1423 discederet,
884 1366 939 1414 et
978 1359 1153 1415 locum
1192 1360 1245 1414 in
1290 1359 1672 1429 omnipotentis
1701 1360 1796 1415 Dei

250 1449 417 1504 famula
459 1463 566 1504 non
621 1449 863 1505 haberet.
917 1451 1017 1516 Qui
1066 1449 1311 1521 protinus
1353 1452 1650 1519 abscessit,
1696 1464 1795 1507 nec

251 1554 359 1597 eam
393 1541 516 1597 ultra
540 1541 854 1611 contingere
881 1541 1177 1612 praevaluit.

1898 542 1990 591 τοῦ
2017 543 2244 611 σταυροῦ
2272 536 2432 590 τύπον
2454 535 2784 593 ἐπιλησθεῐσα
2807 544 3040 606 ποιῆσαι,
3065 540 3134 601 ὡς
3154 546 3470 621 γαστρίμαρ-

1895 645 1983 697 γος
2004 633 2156 681 τοῦτο
2184 625 2381 702 ἔφαγεν.
2411 629 2600 690 Εὐθέως
2641 625 2726 683 οὖν
2754 631 2856 687 ύπὸ
2881 639 2972 688 τοῦ
3009 632 3243 690 διαϐόλου
3282 658 3473 714 κρατη-

1895 718 2063 783 θεῖσα,
2088 726 2326 775 πεσοῦσα
2587 729 2749 781 Τοῦτο
2792 723 2878 780 οὖν
2918 728 2964 782 οί
3002 731 3257 804 παρόντες
3284 732 3473 790 θεασά-

1895 829 2048 882 μενοι,
2074 815 2203 883 μετὰ
2231 812 2459 875 σπουδῆς
2487 822 2558 885 τῷ
2584 820 2745 894 πατρί
2770 818 2979 895 Ἐκυτίῳ
3024 822 3308 892 ἐμήνυσαν,
3334 822 3475 889 ὅπως

1896 903 2125 973 ἐντάχει
2151 904 2427 971 ἐλθὼν,διά
2466 916 2557 968 τῆς
2600 915 2757 965 αυτοῦ
2801 913 2962 982 εὐχῆς
3008 920 3071 988 τῇ
3111 913 3473 989 κινδυνευούσῃ

1899 999 1925 1039 8
1952 995 2286 1072 συμπαθήσῃ.
2310 999 2500 1059 Εὐθέως
2521 997 2574 1054 δέ
2598 1006 2689 1057 τοῦ
2710 1002 2905 1077 πατρὸς
2927 1006 3001 1064 είς
3024 1004 3112 1060 τὸν
3132 1015 3291 1065 κῆπον
3315 1009 3475 1064 εἰσελ-

1896 1087 2090 1152 θόντος,
2121 1088 2305 1165 ἤρξατο
2335 1090 2359 1144 ὁ
2383 1093 2566 1151 ταύτην
2596 1094 2747 1170 ῥήξας
2775 1093 3024 1175 ᾂιάϐολος,
3054 1100 3123 1160 ὡς
3146 1100 3474 1175 πληροφορῶν

1897 1180 2050 1233 αύτὸν
2091 1178 2177 1235 διὰ
2205 1188 2293 1236 τοῦ
2321 1183 2575 1254 στὸματος
2616 1173 2997 1263 αύτῆςῖράζειν
3029 1194 3112 1245 καί
3140 1173 3325 1264 λέγειν(
3350 1173 3475 1266 Ἑγὼ

1895 1272 1947 1325 τί
1973 1272 2188 1331 ἐποίησα
2208 1290 2222 1338 ;
2246 1274 2578 1349 καθεζομένου
2600 1298 2697 1349 μου
2722 1276 2889 1333 ἐπάνω
2908 1285 3000 1335 τοῦ
3022 1282 3296 1356 μαρουλίου
3319 1283 3474 1345 ἐκείνη

1896 1358 2004 1450 ἦλθε
2032 1367 2115 1417 καὶ
2139 1362 2287 1420 tam
2312 1388 2396 1438 με.
2446 1379 2500 1421 '0
2525 1368 2577 1424 δέ
2611 1376 2699 1424 τοῦ
2727 1378 2854 1425 Θεοῦ
2900 1369 3159 1450 ἄνθρωπος
3187 1374 3298 1444 μετ’
3319 1375 3474 1447 ὀργῆς

1894 1447 1927 1488 ¹¹
1951 1454 2116 1523 τούτῳ
2147 1456 2470 1527 ἐπετίμησεν,
2498 1456 2640 1520 ὅπως
2663 1461 2717 1514 ἐκ
2754 1467 2847 1521 τῆς
2870 1468 2963 1515 τοῦ
2983 1447 3106 1517 θεοῦ
3138 1460 3319 1524 δούλης
3346 1469 3476 1519 ύπο-

1896 1548 2134 1619 χωρήσῃ,
2155 1548 2242 1602 καί
2264 1547 2416 1602 τόπον
2434 1548 2482 1601 ἐν
2506 1549 2638 1624 αὐτῇ
2665 1555 2757 1606 τοῦ
2776 1550 2951 1605 λοιποῦ
2975 1556 3044 1624 μὴ
3066 1560 3199 1628 σχῇ.
3231 1553 3474 1628 Παραμτᾶ

1896 1630 1984 1691 οὖν
2010 1638 2139 1692 κατὰ
2164 1638 2251 1693 τὸν
2284 1638 2430 1711 λόγον
2458 1642 2614 1696 αὐτοῦ
2643 1643 2702 1697 τὸ
2743 1643 3021 1720 ἀκάθαρτον
3054 1651 3256 1715 πνεῦμα
3284 1645 3471 1713 ἐξῆλθε,

1895 1732 1980 1784 καὶ
2006 1728 2253 1803 μηδαμῶς
2273 1734 2399 1807 αὐτῇ
2418 1740 2507 1787 τοῦ
2536 1733 2712 1789 λοιποῦ
2742 1738 3083 1810 προσεγγίσαι
3108 1735 3399 1808 ἐτόλμησεν.

310 1829 448 1901 168
471 1826 701 1896 Quidam
722 1843 870 1895 vero,
904 1829 1057 1886 Felix
1081 1831 1321 1900 nomine,
1346 1830 1551 1887 Nursiae
1579 1832 1794 1901 provin-

1975 1822 2127 1893 167
2156 1822 2299 1899 ’Δνὴρ
2339 1822 2392 1879 δέ
2424 1846 2505 1886 τις
2538 1827 2916 1898 εύγενέστατος,
2943 1829 3149 1903 ὀνόματι
3175 1830 3339 1893 Φῆλιξ,
3372 1829 3472 1885 ἀπὸ

244 1918 326 1978 tie
350 1920 555 1987 nobilis,
588 1930 739 1991 pater
772 1921 929 1992 hujus
957 1917 986 1958 ἀ
1014 1920 1245 1977 Castorii
1288 1922 1381 1992 qui
1431 1936 1572 1978 nunc
1614 1922 1793 1978 nobis-

246 2026 349 2067 cum
390 2013 440 2068 in
482 2012 729 2069 Romana
780 2011 912 2068 urbe
962 2012 1307 2080 demoratur,
1366 2027 1486 2069 cum
1546 2013 1794 2069 eumdem

244 2105 575 2162 venerabilem
626 2106 799 2161 virum
852 2104 1119 2176 Equitium
1162 2121 1377 2162 sacrum
1420 2107 1661 2163 ordinem
1688 2122 1793 2163 non

245 2196 418 2255 habere
450 2199 815 2270 conspiceret,
854 2209 908 2255 et
947 2214 1041 2269 per
1088 2200 1300 2269 singula
1330 2200 1447 2255 loca
1467 2199 1792 2267 discurrere,

242 2294 379 2359 atque
414 2290 659 2346 studiose
703 2289 1015 2359 praedicare,
1046 2305 1168 2343 eum
1194 2291 1420 2359 quadam
1450 2290 1536 2345 die
1564 2289 1793 2345 fat-ilia-

241 2380 392 2437 ritatis
412 2396 543 2438 ausu
572 2382 730 2450 adiit,
761 2383 946 2438 dicens
974 2382 1110 2448 :Qui
1157 2396 1367 2438 sacrum
1413 2382 1654 2437 ordinem
1686 2397 1791 2437 non

240 2470 403 2539 babes,
431 2480 591 2546 atque
613 2488 645 2529 a
675 2473 920 2530 Romano
948 2475 1203 2545 pontifice
1229 2475 1330 2529 sub
1351 2490 1457 2545 quo
1485 2475 1633 2544 dcgis
1658 2489 1796 2544 prae-

238 2565 495 2623 dicationis
538 2568 810 2624 licentiam
869 2583 975 2624 non
1022 2568 1297 2639 accepisti,
1335 2570 1635 2640 praedicare
1661 2584 1794 2639 quo-

237 2659 382 2715 modo
418 2661 735 2730 praesumis?
765 2662 881 2730 Qua
928 2661 1045 2731 ejus
1093 2662 1436 2733 inquisitione
1481 2665 1793 2732 compulsus

236 2750 308 2804 vir
331 2762 542 2809 sanctus
563 2753 817 2809 indicavit
844 2754 1235 2823 praedicationis
1255 2754 1524 2810 licentiam
1555 2754 1791 2826 qualiter

241 2844 453 2912 accepit,
491 2844 715 2900 dicens:
749 2845 825 2899 Ea
868 2859 985 2915 quae
1029 2844 1157 2899 mihi
1198 2845 1431 2915 loqueris
1456 2861 1556 2917 ego
1581 2860 1795 2916 quoque

233 2946 426 2989 mecum
454 2936 569 3004 ipse
592 2944 876 3005 pertracto.
916 2935 1023 2992 Sed
1067 2936 1296 3007 quadam
1323 2946 1483 2993 nocte
1512 2938 1792 3007 speciosus

231 3023 352 3078 mibi
397 3040 493 3095 per
537 3027 799 3082 visionem
835 3025 1051 3097 juvenis
1101 3028 1290 3096 astitit,
1334 3036 1492 3098 atque
1522 3028 1575 3083 in
1614 3029 1793 3098 lingua

229 3131 342 3172 mea
385 3119 701 3174 medicinale
744 3118 1143 3185 ferramentum,
1177 3120 1228 3174 id
1268 3127 1352 3175 est
1384 3119 1791 3190 phlebotomum

1894 1916 2142 1987 Νουρσίας
2166 1923 2258 1976 τῆς
2284 1918 2468 1990 χώρας
2495 1915 2804 1992 ὁρμώμενος,
2834 1924 3004 1991 πατὴρ
3032 1919 3291 1995 ὑπάρχων
3326 1920 3341 1957 ί
3374 1936 3473 1976 Χα-

1895 2011 2101 2082 στορίου
2128 2012 2218 2062 τοῦ
2245 2013 2330 2062 νῦν
2368 2008 2475 2079 μεθ’
2507 2010 2645 2081 ἡμῶν
2670 2011 2722 2064 ἐν
2748 2011 2913 2084 ταύτῃ
2932 2017 3033 2067 τῶν
3053 2009 3309 2083 Ῥωμαίων
3334 2012 3473 2069 πόλει

1894 2105 2267 2167 κατοικοῦντος,
2323 2104 2501 2155 τοῦτον
2528 2100 2613 2155 τὸν
2642 2100 3006 2156 εύλαϐέστατον
3044 2097 3204 2175 ἄνδρα
3230 2099 3472 2167 Ὲκύτιον,

1895 2193 2148 2263 ἱερατικὸν
2177 2193 2382 2264 ἀξίωμα
2405 2197 2475 2262 μὴ
2501 2190 2644 2263 ἔχειν
2668 2195 2946 2266 γινώσκων,
2973 2192 3267 2256 σπουδαίως
3287 2193 3341 2249 δέ
3364 2194 3474 2251 καθ’

1894 2284 2103 2341 ἕκαστον
2131 2285 2284 2342 τόπον
2305 2283 2652 2362 διατρέχοντα
2674 2285 2996 2350 διδασκαλίας
3026 2290 3181 2365 χάριν
3206 2291 3471 2361 θεώμενος,

1894 2377 1944 2431 ἐν
1972 2382 2064 2449 μιᾷ
2096 2385 2197 2433 τῶν
2233 2379 2462 2455 ἡμερῶν,
2594 2380 2723 2453 πρὸς
2750 2380 2903 2436 αὑτὸν
2943 2381 3211 2455 παρῥησίᾳ
3248 2383 3468 2461 θαρρῶν,

1892 2470 2080 2549 ἤρξατο
2102 2470 2252 2527 αὐτὸν
2273 2472 2554 2547 ἐπερωτᾷν·
2577 2474 2841 2549 ’ἱερατικὸν
2857 2475 3053 2544 ἀξίωμα
3072 2478 3140 2544 μή
3165 2472 3324 2544 ἔχων,
3343 2478 3471 2545 μήτε

1895 2564 2179 2636 ἐπιτροπὴν
2207 2570 2299 2623 τῆς
2326 2563 2583 2636 κηρύξεως
2623 2564 2768 2639 παρὰ
2792 2569 2884 2620 τοῦ
2911 2570 3009 2619 τῶν
3038 2563 3052 2613 i
3092 2567 3344 2635 Ῥωμαίων
3370 2587 3472 2621 πα-

1893 2653 2156 2729 τριάρχου
2191 2654 2358 2709 λαϐὼν
2380 2692 2398 2720 ,
2422 2650 2481 2707 οὗ
2509 2656 2596 2708 καί
2622 2652 2910 2719 ύπόκεισαι,
2940 2661 3051 2716 πῶς
3077 2663 3231 2712 τοῦτο
3258 2666 3471 2717 ποιῆσαι

1894 2751 2122 2822 τολμᾷς;
2153 2751 2277 2826 Πρὸς
2305 2747 2358 2804 ὃν
2388 2748 2413 2804 ὁ
2442 2749 2583 2822 ἅγιος
2616 2747 2764 2811 οὗτος
2809 2754 2933 2827 ἀνὴρ
2974 2752 3246 2827 άπεκρίθη⁸
3275 2758 3469 2817 Ταῦτα,

1897 2840 2029 2916 ἅπερ
2057 2863 2143 2913 μοι
2186 2842 2366 2915 λέγεις,
2558 2844 2606 2895 ἐν
2634 2844 2840 2915 ἐμαυτῷ
2881 2841 3257 2917 διελογισάμην’
3282 2845 3339 2898 τὸ
3362 2850 3472 2905 πῶς

1897 2933 1951 2991 δέ
1992 2941 2083 2995 τήν
2126 2943 2218 2998 τῆς
2265 2938 2521 3011 κηρύξεως
2567 2938 2841 3011 ἐπιτροπήν
2889 2935 3105 3003 ἔλαϐον,
3141 2937 3345 3014 φανερόν
3387 2959 3473 2994 σοι

1897 3034 2161 3099 ποιοῦμαι⁹
2180 3030 2230 3082 ἐν
2248 3034 2343 3099 μιᾷ
2360 3030 2504 3083 νυκτί
2522 3026 2585 3083 δι’
2598 3028 2851 3089 ὀπτασίας
2869 3032 3109 3105 νεώτερος
3128 3029 3261 3085 ποίνυ
3287 3033 3473 3102 ὡραῖος

1896 3122 2132 3195 παρέστη
2160 3141 2247 3191 μοι
2265 3162 2280 3186 ,
2316 3123 2400 3175 καί
2427 3121 2475 3173 ἐν
2586 3120 2781 3194 γλώττῃ
2815 3140 2909 3192 μου
2949 3123 3170 3195 ἰατρικὸν
3200 3122 3471 3196 ἐργαλεῖον,

230 3211 427 3279 posuit,
459 3204 670 3269 dicetis:
696 3213 833 3269 Ecce
860 3214 1014 3283 posui
1060 3212 1222 3269 verba
1266 3220 1399 3268 mea'
1430 3214 1485 3268 in
1529 3228 1624 3269 ore
1660 3223 1786 3279 tuo;

1898 3213 2127 3268 τουτέστι
2153 3211 2455 3286 φλεϐότομον
2478 3210 2709 3274 τέθεικεν,
2742 3213 2952 3285 εἰρηκώς
2973 3229 3075 3281 μοι·
3102 3209 3229 3265 Ἰδού
3252 3214 3368 3271 τούς
3386 3212 3471 3265 λό-

231 3302 476 3371 egredere
520 3303 587 3360 ad
632 3304 1053 3374 praedicandum.
1093 3306 1268 3375 Atque
1294 3318 1362 3359 ex
1394 3304 1488 3361 illo
1518 3304 1605 3360 die
1631 3304 1791 3359 etiam

233 3409 341 3450 cum
363 3396 601 3463 voluero,
623 3396 692 3453 de
719 3396 831 3453 Deo
862 3406 1041 3453 tacere
1064 3411 1171 3453 non
1191 3410 1431 3467 possum.

294 3591 451 3649 Pars.
494 3592 702 3649 Vellem
743 3593 904 3648 etiam
931 3592 1102 3649 Patris
1132 3593 1291 3665 hujus
1319 3606 1454 3662 opus
1475 3603 1789 3662 agnoscere,

231 3682 315 3751 qui
334 3681 495 3739 fertur
521 3684 649 3738 talia
679 3684 820 3739 dona
847 3693 871 3721 °
904 3685 1231 3755 percepisse.

301 3773 529 3831 Gnaeos.
570 3777 741 3845 Opus,
791 3775 970 3842 Petre,
998 3792 1061 3832 ex
1091 3776 1235 3833 dono
1263 3784 1365 3843 est,
1402 3776 1423 3817 ι
1458 3790 1563 3832 nou
1595 3776 1794 3832 donum

236 3879 297 3921 ex
323 3881 501 3936 opere,
534 3867 772 3937 alioquin
802 3868 973 3937 gratia
1001 3868 1109 3938 jam
1141 3884 1246 3925 non
1277 3876 1359 3924 est
1389 3870 1581 3939 gratia.
1626 3868 1796 3924 Omne

233 3957 415 4027 quippe
461 3974 597 4028 opus
642 3959 782 4014 dona
821 3960 1172 4029 praeveniunt,
1224 3960 1463 4031 quamvis
1502 3975 1568 4016 ex
1610 3960 1797 4016 subse-

230 4050 398 4117 quenti
425 4066 592 4119 opere
628 4050 742 4120 ipsa
763 4050 924 4106 etiam
953 4051 1094 4106 dona
1115 4061 1491 4119 succrescunt;
1523 4067 1590 4108 ne
1620 4062 1795 4108 tamen

228 4138 341 4194 vitae
380 4141 498 4210 ejus
540 4140 848 4210 cognitione
889 4142 1174 4208 fraudcris,
1204 4143 1340 4199 bene
1367 4144 1508 4197 hunc
1533 4136 1805 4199 revereni

232 4233 462 4290 tissrmus
482 4237 568 4289 vir
585 4235 807 4289 Albinus
826 4234 1062 4291 Reatina:
1081 4235 1303 4292 antistes
1328 4235 1581 4290 Ecclesiae
1602 4249 1798 4307 cogno-

226 4322 315 4393 vit,
339 4332 393 4379 et
412 4323 592 4379 adhuc
631 4335 915 4394 supersunt
955 4324 1105 4379 multi
1147 4324 1238 4394 qui
1286 4324 1426 4379 scire
1475 4331 1793 4394 potuerunt.

291 4464 315 4494 ι
345 4460 630 4515 Secundus
657 4458 888 4524 Theod.,
938 4465 1259 4529 protegeret;
1307 4457 1545 4526 plerique
1580 4473 1795 4529 concurf

224 4539 366 4583 reret.
396 4531 555 4596 Quod
586 4539 767 4585 autem
796 4530 881 4584 hic
910 4528 1104 4599 legitur
1129 4530 1462 4599 miraculum,
1487 4528 1789 4599 confirmari

1893 3323 2016 3377 γους
2034 3323 2133 3374 μου
2158 3303 2329 3374 ἐθέμην
2352 3303 2401 3356 ἐν
2420 3309 2494 3374 τῷ
2520 3302 2740 3371 στόματί
2763 3322 2878 3364 σου,
2892 3300 3053 3365 ἔξελθε
3070 3308 3159 3355 τοῦ
3178 3303 3466 3376 κηρύττειν.

1896 3397 2020 3450 ’Δπὸ
2062 3389 2148 3448 οὖν
2175 3403 2268 3453 τῆς
2295 3395 2485 3469 ἡμέρας
2510 3394 2694 3453 ἐκείνης
2716 3431 2733 3457 ,
2759 3396 2803 3446 εἰ
2831 3395 2914 3447 καί
2941 3393 3130 3453 θελήσω
3178 3401 3471 3464 σιωπῆσαι,

1895 3483 2129 3556 οὐδαμῶς
2152 3482 2371 3554 δύναμαι
2390 3524 2405 3550 ,
2432 3488 2527 3539 τοῦ
2554 3489 2681 3538 Θεοῦ
2714 3503 2777 3555 με
2805 3485 2875 3544 είς
2907 3488 3055 3540 τοῦτο
3080 3485 3469 3555 ἀναγκάζοντος.

1964 3587 2132 3632 ΠΕΤΡ.
2156 3573 2352 3629 ’Ἧθελον
2376 3580 2467 3629 τοῦ
2488 3573 2686 3648 πατρὸς
2708 3574 2895 3629 τούτου
2923 3576 2980 3627 τὸ
3006 3571 3151 3645 ἔργον
3176 3572 3470 3648 διαγνῶναι,

1894 3666 1925 3707 ι
1957 3667 2015 3729 ὅς
2041 3690 2122 3729 τις
2149 3674 2365 3725 τοιαῦτα
2391 3670 2702 3743 χαρίσματα
2724 3664 2922 3735 λέγεται
2951 3668 3211 3737 εἰληφέναι.

1967 3770 2203 3816 ΓΡΗΓΟΡ.
2246 3761 2313 3814 Τὸ
2349 3757 2517 3835 ἔργον,
2547 3760 2730 3833 Πέτρε,
2761 3757 2814 3810 ἐκ
2836 3762 2924 3813 τοῦ
2970 3760 3316 3831 χαρίσματος,
3348 3764 3473 3833 ουχὶ

1896 3854 1953 3910 τὸ
1980 3859 2222 3927 χάρισμα
2259 3855 2315 3907 ἐκ
2336 3859 2423 3908 τοῦ
2458 3850 2637 3923 ἔργου.
2670 3851 2809 3905 Ἐπεί
2838 3853 2867 3910 ὁ
2888 3852 3044 3926 χάρις
3080 3854 3247 3908 ούκέτι
3282 3855 3473 3925 γίνεται

1901 3949 2081 4023 χάρις.
2096 3948 2335 4001 Ἑκάστου
2351 3938 2438 3999 οὖν
2452 3941 2603 4014 ἔργου
2622 3942 2688 3997 τά
2701 3944 3011 4019 χαρίσματα
3027 3943 3472 4015 προλαμϐάνουσι,

1898 4044 1954 4098 ἐκ
1982 4040 2035 4098 δέ
2063 4047 2156 4097 τοῦ
2188 4038 2641 4095 ἐπακολουθοῦντος
2671 4033 2826 4109 ἔργου
2855 4035 2922 4089 τά
2963 4037 3274 4111 χαρίσματα
3312 4038 3473 4100 αύξά-

1897 4151 2086 4193 νουσιν⁶
2106 4135 2190 4188 ἶνα
2209 4131 2261 4186 δέ
2285 4136 2354 4199 μή
2380 4138 2472 4191 τῆς
2495 4128 2746 4189 πολιτείας
2767 4128 2924 4182 αὐτοῦ
2955 4132 3043 4186 τὴν
3063 4128 3329 4200 ἐπίγνωσιν
3356 4149 3475 4184 στε-

1899 4229 2073 4303 ρηθῇς,
2107 4223 2132 4279 ὁ
2156 4222 2381 4281 ’Δλϐῖνος
2402 4220 2426 4275 ὁ
2460 4219 2830 4281 εύλαϐἐστατος
2858 4220 2982 4290 ἀνὴρ
2999 4258 3014 4283 ,
3038 4216 3064 4272 ὃ
3090 4226 3181 4279 τῆς
3209 4220 3475 4281 ἐκκλησίας

1900 4324 2099 4377 Ῥεατῆς
2128 4312 2577 4379 ἐπίσκοπος,πάνυ
2601 4310 2761 4369 καλῶς
2782 4312 2970 4368 ταύτην
2990 4308 3184 4385 διέγνω,
3208 4314 3289 4366 καὶ
3314 4312 3475 4387 ἕτεροι

1901 4452 2071 4526 εθρίιιιΔ
2093 4450 2219 4504 olim
2249 4448 2310 4526 fil
2346 4446 2384 4501 l.
2415 4461 2488 4512 tv,
2518 4444 2630 4526 1nd.
2660 4443 2758 4525 ‘15.;
2789 4459 2928 4526 nunc
2954 4443 3025 4500 40
3052 4444 3231 4526 liba}:

1977 4532 2000 4561 ο
2030 4522 2426 4588 Expunximus,
2475 4533 2506 4570 α
2550 4516 2678 4580 Deo,
2721 4515 2977 4571 insertum
3025 4515 3092 4569 ab
3133 4515 3463 4588 Editoribus,

223 4610 385 4670 potest
407 4584 483 4655 cx
526 4584 770 4670 Origen.,
817 4601 852 4655 Ι.
888 4584 1003 4665 vni,
1035 4610 1213 4653 contra
1242 4584 1464 4664 Celsum,
1516 4613 1568 4670 ρ.
1594 4598 1714 4670 7591)
1742 4606 1794 4653 et
1822 4597 1875 4658 D
1898 4593 2080 4651 invitis
2113 4584 2252 4670 Mss.
2279 4586 2562 4670 inﬁrmet)
2601 4600 2812 4670 quoque
2860 4600 2965 4642 non
2998 4584 3331 4653 exprimitur,
3363 4584 3465 4639 etsi

223 4669 342 4740 401,
376 4672 443 4725 de
484 4672 552 4725 iis
583 4668 673 4739 qui
714 4679 929 4740 prapter
976 4671 1125 4725 cibos
1177 4672 1373 4725 vetitos
1426 4668 1640 4740 diabolo
1691 4683 1791 4737 pu—

224 4739 396 4811 niendi
425 4737 744 4806 traduntur;
769 4737 826 4796 et
843 4757 906 4794 ex
929 4750 1114 4795 sancto
1135 4742 1416 4811 Cypriano,
1442 4740 1479 4793 l.
1505 4738 1565 4790 de
1588 4737 1789 4809 Lapsis,

221 4810 293 4881 de
312 4814 490 4878 puella
538 4814 756 4881 parvula
805 4827 919 4881 qua:
962 4812 1024 4864 de
1061 4810 1357 4881 idolothytis
1396 4817 1703 4881 gustaverat,
1746 4817 1794 4862 et

224 4880 348 4953 velut
378 4880 574 4937 tortore
613 4880 888 4953 cogente...
916 4880 1271 4953 conscientiam
1299 4882 1490 4953 facti...
1516 4880 1791 4947 fatebatur.

221 4948 416 5007 Ibidem
461 4953 535 5008 de
576 4948 720 5007 alia:
746 4950 1025 5017 Postquam
1060 4948 1333 5006 sceleratus
1380 4950 1519 5004 cibus
1566 4960 1794 5021 sumptus

220 5032 307 5094 est,
336 5023 387 5094 in
418 5024 700 5094 perniciem
724 5040 869 5077 suam
886 5023 1048 5077 rabies
1071 5032 1276 5094 armata
1290 5029 1363 5076 est
1390 5021 1511 5075 oris.

219 5157 256 5215 ϐ
289 5091 317 5130 ι’
353 5090 660 5163 compend.
691 5103 744 5148 et
772 5094 975 5159 Germ.,
996 5103 1215 5162 portam.
1238 5092 1489 5148 Neutrum
1518 5090 1711 5162 legitur
1739 5090 1794 5146 in

262 5178 397 5215 necs
429 5179 578 5215 vers.

262 5178 397 5218 mea
429 5179 578 5219 vers.

291 5246 312 5272 ε
345 5236 421 5289 Ita
462 5236 664 5304 legitur
692 5236 743 5290 iu
774 5234 901 5291 Mss.
927 5235 997 5290 At
1024 5234 1079 5289 in
1109 5232 1295 5303 Editis,
1333 5234 1569 5288 sedebam
1597 5232 1688 5285 ibi.
1718 5231 1798 5287 Si-

221 5301 396 5375 milem
431 5301 688 5375 loquendi
718 5306 932 5359 modum
975 5304 1228 5359 trahemus
1260 5301 1397 5373 apud
1426 5305 1792 5375 Beru.,_sertu.

219 5369 364 5440 6|,in
386 5369 550 5430 Cani.
574 5393 631 5430 n.
648 5376 712 5430 61
741 5393 754 5429 :
779 5375 875 5429 Ibo
894 5376 1018 5429 mihi
1046 5376 1112 5428 ad
1137 5374 1228 5428 illa
1248 5369 1321 5428 sic
1344 5379 1531 5443 referta
1552 5371 1795 5437 cellaria;

219 5452 271 5497 et
299 5461 469 5499 serm.
507 5446 577 5500 10
599 5447 654 5500 in
688 5462 769 5515 ps.
797 5446 895 5513 Qui
927 5447 1150 5509 habitat,
1205 5444 1421 5499 Curram
1456 5445 1580 5515 mihi
1608 5444 1795 5515 adea;

219 5522 271 5568 et
300 5529 470 5571 scrin.
494 5516 567 5570 de
588 5514 772 5571 sancto
794 5518 1019 5571 Martino
1044 5534 1058 5571 :
1080 5515 1173 5570 Ibo
1198 5516 1343 5570 mihi.
1367 5517 1422 5570 In
1447 5514 1611 5571 duob.
1630 5514 1796 5582 prior.

219 5583 379 5657 Carn.
416 5588 639 5657 legitur,
670 5605 820 5657 super
849 5591 1100 5641 lactucam
1124 5604 1309 5641 meam.

287 5653 316 5728 ξ
357 5657 522 5728 Haud
551 5656 707 5713 dubie
728 5653 951 5712 Castorii
982 5658 1213 5726 magistri
1242 5659 1471 5713 militum
1503 5660 1594 5728 qui
1621 5659 1673 5712 in
1705 5659 1801 5713 ob-

218 5724 433 5783 sidione
487 5726 652 5781 Rom.
702 5730 928 5783 multum
974 5724 1231 5798 Gregorio
1266 5724 1630 5784 collaboravit.
1661 5730 1801 5799 Lege

1899 4679 2110 4732 semper
2137 4659 2643 4732 subin‘tel_l_igendum
2674 4657 2768 4732 sit.

1976 4735 1995 4774 f
2021 4725 2083 4790 'ln
2120 4732 2305 4797 Gilot.,
2358 4725 2527 4805 Vitio.
2573 4737 2628 4785 et
2669 4729 2937 4805 plerisque
2980 4725 3160 4805 Edit.,_
3195 4731 3472 4805 corrupte,
3508 4794 3523 4805 ν

1900 4809 2093 4862 donum
2138 4820 2199 4858 ea:
2228 4793 2396 4872 apere,
2428 4793 2996 4872 detractanegatione,
3022 4793 3163 4864 quod
3190 4793 3382 4872 falsum
3411 4804 3470 4851 et

1902 4876 2205 4934 haereticum
2246 4865 2461 4927 sensum
2490 4870 2683 4925 reddit.
2728 4865 2929 4922 Locum
2975 4867 3115 4919 hunc
3157 4865 3469 4921 sanavimus

1901 4964 2003 5019 ope
2032 4948 2166 5019 Mss.
2190 4939 2859 5019 tum_Gall.,_tum.Angl'.,
2898 4944 2953 5019 et
2992 4934 3301 5019 Graecorum
3331 4935 3466 5019 Cod.

1976 5029 2001 5067 ε
2033 5016 2259 5074 Additur
2301 5015 2354 5068 in
2398 5010 2550 5067 Colb.
2607 5006 2874 5074 κόρη.Ἰ)θ
2925 5007 3026 5061 hac
3053 5020 3185 5061 voce
3210 5006 3473 5062 ‘consule

1907 5091 2080 5145 Gloss.
2110 5087 2355 5143 Graecum
2382 5081 2562 5146 Cangii
2590 5121 2606 5147 ,
2639 5075 2727 5133 ubi
2753 5076 2933 5147 multis
2957 5075 3202 5132 adductis
3227 5079 3474 5134 testimo-

1905 5162 2006 5217 niis
2032 5160 2219 5226 probat
2245 5170 2307 5210 ea
2336 5146 2597 5226 lactucam
2616 5146 2921 5219 signiﬁcari.

1976 5236 2005 5268 η
2036 5223 2187 5293 Μεςη
2214 5232 2395 5281 τοῦτον
2423 5223 2745 5290 ἐπετίμησεν.

1980 5299 1996 5338 ί
2029 5294 2211 5361 Colb.,
2232 5298 2524 5368 Νεστορίου.
2547 5361 2578 5370 __
2685 5360 2722 5370 ﬁ
3015 5361 3064 5370 .-
3250 5357 3269 5370 ‘
3382 5357 3414 5370 Α

1984 5370 1998 5419 i
2042 5369 2116 5422 lta
2148 5357 2361 5435 semper
2392 5357 2639 5435 'appellat
2685 5360 2857 5435 Rom.
2882 5361 3209 5430 pontiﬁcem.
3250 5357 3479 5430 lgnatius

1903 5431 2312 5503 Constantinop.
2363 5431 2658 5502 patriarcha
2712 5432 2989 5487 Nicolaum
3036 5437 3475 5503 papam‘vocat,

1902 5498 2147 5588 Πρὸεᾷρον
2171 5498 2605 5588 καξξΠατριάρχην
2633 5505 2836 5588 πάντων
2855 5587 2862 5588 η
2874 5510 2972 5557 τῶν
3000 5498 3211 5579 θρόνων,
3239 5498 3294 5556 in
3318 5501 3476 5570 epist.

1904 5576 2128 5639 concilio
2161 5592 2209 5632 tv
2236 5576 2640 5642 Constan‘tinop.
2673 5576 2896 5630 inserta.

1979 5651 2003 5688 ¹¹
2029 5652 2178 5716 Mss.,
2210 5645 2376 5703 ὅντινα
2402 5653 2632 5701 τοιαῦτα.

274 5840 293 5863 ⁶
316 5839 506 5892 Nonne
530 5849 637 5890 haec
652 5848 780 5890 notae
801 5852 916 5899 pars
938 5838 1195 5887 referenda
1214 5846 1291 5888 est
1313 5838 1369 5886 ad
1397 5850 1561 5887 vocem
1587 5851 1754 5901 μαρςῡιιν
1774 5852 1884 5902 quae
1906 5847 2055 5900 supra
2074 5833 2302 5892 habetur,
2322 5830 2401 5883 vel
2426 5829 2483 5880 ad
2510 5841 2677 5881 vocem
2700 5839 2894 5889 μαρονλιου
2913 5837 3025 5888 quae
3047 5822 3169 5874 inira
3184 5823 3211 5876 γ
3253 5821 3386 5872 Eutr.

632 5926 904 5988 ΡΑΤιιοι..
957 5923 1268 5985 LXXVII.

3164 5905 3203 5964 6
