4036 6346
525 345 547 403 -1
558 345 624 402 75

1715 332 1796 387 SA
1806 326 1961 385 NCT!
1996 324 2323 386 GREGORII
2361 315 2577 382 MAGNI

3676 312 3777 377 ΠΒ

521 461 607 522 λῆς
657 455 899 516 κατέλαϐε
919 495 936 521 ,
967 455 1160 529 σφόδρα
1205 455 1290 510 τὸν
1309 454 1470 509 ἵππον
1497 452 1680 509 ἐλάσας
1701 490 1714 514 ,
1759 447 2093 524 περιεχούσης

2204 442 2530 499 orationibus
2556 482 2571 508 ,
2625 440 2738 495 ait:
2764 434 2932 509 Rogat
2958 447 2980 484 ε
3009 436 3167 493 Pater
3215 445 3402 492 noster
3444 449 3514 491 ne
3559 434 3771 508 fatigari

519 562 612 616 τῆς
644 554 928 618 ἐπιστολῆς,
954 552 1038 604 ἶνα
1071 550 1154 604 τὸν
1186 556 1280 603 τοῦ
1324 554 1451 602 Θεοῦ
1486 544 1659 600 δοῦλον
1686 547 1753 609 μή
1778 540 2007 611 τολμήσῃ
2047 536 2099 591 ἐκ

519 655 613 707 τῆς
638 653 789 716 μονῆς
819 645 979 699 αὐτοῦ
1002 649 1225 698 κινῆσαι.
1247 640 1339 694 Τόν
1366 638 1419 694 δέ
1445 635 1798 692 ἀποσταλέντα
1824 632 2096 705 ἐπεροτῶν,

521 734 653 789 διατί
680 734 711 789 ἠ
736 730 991 802 ἀπόφασις
1012 728 1293 799 ὑπηλὶάγη,
1318 726 1520 797 ἐπέγνω,
1551 720 1629 777 ὅτι
1648 720 1696 773 έν
1723 721 1847 793 αὐτῇ
1868 726 1929 791 τῇ
1957 718 2100 771 νυκτί

522 827 571 880 ἐν
652 822 678 878 6
699 822 858 895 ,αὐτὸς
884 818 1148 878 Ἰουλιανός
1176 817 1469 880 ἀπεστάλη,
1495 815 1559 870 δι’
1577 815 1828 873 ὀπτασίας
1855 811 1880 866 6
1909 829 2096 883 πατρι-

519 917 691 989 άρχης
712 910 936 982 ἔμφοϐος
955 910 1145 983 γέγονε,
1173 916 1199 945 ⁸
1228 907 1289 963 δι’
1306 905 1357 961 ὃν
1387 906 1687 963 ἀποστεῖλαι
1709 904 1997 974 ἐτόλμησεν,
2018 902 2099 956 ἶνα

529 1007 605 1059 εόν
641 1008 730 1057 τοῦ
770 1007 897 1058 Θεοῦ
942 999 1202 1075 ἄνθρωπον
1473 999 1729 1072 Παρευθὺς
1758 995 1810 1050 δέ
1844 997 2096 1060 ἀναστάς,

545 1099 602 1151 αἱ
642 1095 822 1149 ἑαυτὸν
859 1104 972 1155 ταῖς
996 1101 1084 1148 τοῦ
1115 1093 1260 1165 ἁγίου
1305 1090 1485 1164 ἀνδρὸς
1514 1092 1705 1161 εὐχαῖς
1731 1089 2095 1161 παραθέμενος,

513 1237 517 1241 .
540 1185 649 1258 ιρὸς
676 1184 823 1239 αὐτὸν
848 1183 940 1255 ἔφη
957 1199 968 1212 ⁸
996 1180 1322 1256 Παρακαλεῖό
1347 1188 1518 1252 πατὴρ
1548 1182 1687 1249 ἡμῶν
1714 1178 1739 1233 6
1764 1179 2099 1252 πατριάρχης

526 1283 611 1330 τοῦ
644 1282 711 1348 μὴ
739 1275 766 1314 b
798 1281 1061 1334 κοπηθῆναι
1081 1277 1237 1348 ὑμᾶς.
1267 1281 1425 1331 Τοῦτο
1447 1272 1500 1329 δὲ
1526 1272 1659 1328 ὀτοῦ
1676 1279 1805 1327 Θεοῦ
1836 1271 2099 1346 ἄνθρωπος

521 1366 764 1432 ἀκούσας,
788 1366 921 1421 πάνυ
941 1367 1197 1431 λυπηθεὶς,
1223 1362 1379 1422 εἶπεν*
1394 1368 1533 1437 Οὐχί
1635 1367 1756 1435 χθὲς
1777 1365 1937 1439 ἡμέρᾳ
1963 1358 2099 1417 εἶπόν

520 1482 621 1523 σοι,
652 1458 727 1515 ὅτι
755 1459 834 1513 δάν
863 1463 930 1529 μή
952 1460 1134 1519 εὐθέως
1161 1459 1503 1533 πορευθῶμεν,
1535 1455 1761 1527 οὐδαμῶς
1788 1456 1954 1509 λοιπὸν
1982 1456 2098 1523 ἡμῖν

520 1551 746 1605 ἀπελθεῖν
775 1549 1122 1613 ἀποϐήσεταις
1159 1547 1279 1602 Τότε
1310 1542 1401 1602 οὖν
1432 1545 1516 1601 διά
1549 1548 1607 1600 τὸ
1634 1553 1848 1602 ποιῆσαι
1871 1546 2094 1614 ἀγάπην,

517 1641 604 1696 τόν
637 1643 786 1695 αὐτόν
816 1639 1083 1717 δεφένσορα
1112 1639 1272 1710 ὀλίγον
1292 1640 1717 1714 παρακρατήσας,
1741 1638 1826 1688 καί
1845 1636 1975 1707 ὑπὲρ
2005 1638 2097 1687 τοῦ

518 1733 675 1786 κόπου
700 1734 859 1787 αὐτοῦ
884 1734 1060 1803 μισθόν
1079 1752 1215 1794 τινα,
1238 1733 1403 1784 καίτοι
1426 1732 1495 1798 μὴ
1514 1728 1737 1787 θέλοντος
1754 1726 1906 1780 αὐτοῦ
1927 1744 2098 1798 παρα-

2202 533 2463 589 debeatis.
2511 532 2753 602 Cumque
2798 530 2900 584 hoc
2939 529 3033 584 Dei
3070 529 3296 583 famulus
3340 526 3609 593 audisset,
3653 543 3780 582 con-

2203 626 2441 680 lristatus
2501 625 2577 678 ait
2630 621 2945 691 uNunquid
3014 636 3120 675 non
3186 620 3273 675 die
3334 620 3588 675 hesterno
3668 619 3779 675 dixi

2201 717 2317 782 tibi,
2361 716 2482 787 quia
2514 717 2559 770 si
2588 715 2766 770 statim
2818 729 2925 768 non
2980 727 3342 783 pergeremus,
3391 713 3502 782 jam
3554 725 3779 781 pergere

2201 809 2419 863 minime
2441 807 2663 862 liceret?
2707 805 2858 861 Tunc
2884 820 2980 875 pro
3012 804 3289 860 charitatis
3315 803 3647 859 exhibitione
3672 803 3772 856 ali-

2200 899 2511 969 quantulum
2535 907 2902 954 exsecutorem
2924 912 3079 951 suum
3103 897 3160 951 in
3186 896 3321 951 cella
3345 895 3596 961 detinuit,
3626 894 3782 963 eique

2200 990 2399 1046 laboris
2424 990 2505 1045 sui
2535 987 2562 1026 ιι
2592 989 2935 1045 commodum
2977 997 3164 1044 coacto
3210 988 3567 1056 renitentique
3610 986 3777 1041 dedit.

2198 1084 2474 1154 Cognosce
2502 1083 2681 1154 igitur,
2713 1083 2892 1148 Pelre,
2920 1082 2975 1137 in
3001 1089 3196 1151 quanta
3242 1079 3335 1134 Dei
3371 1078 3615 1134 custodia
3656 1086 3781 1134 sunt

2199 1174 2289 1245 qui
2326 1175 2379 1229 in
2427 1174 2528 1228 hac
2574 1175 2686 1227 vita
2726 1173 2931 1243 seipsos
2960 1171 3242 1241 despicere
3295 1178 3605 1233 noverunt;
3661 1183 3782 1225 cum

2200 1263 2394 1333 quibus
2420 1264 2563 1317 intus
2590 1264 2793 1318 civibus
2822 1262 2875 1316 in
2908 1261 3111 1316 honore
3140 1267 3511 1323 numerantur,
3541 1259 3631 1328 qui
3660 1258 3782 1314 des-

2198 1352 2337 1423 pecti
2392 1352 2526 1409 l‘oris
2577 1353 2883 1408 hominibus
2926 1368 3046 1408 esse
3097 1367 3204 1407 non
3260 1352 3614 1416 erubescunt;
3660 1352 3783 1421 quia

2200 1452 2420 1501 econtra
2446 1445 2498 1499 in
2529 1444 2625 1499 Dei
2652 1444 2820 1499 oculis
2842 1443 3045 1513 jaceut,
3078 1445 3169 1514 qui
3200 1443 3337 1511 apud
3368 1457 3494 1497 suos
3522 1450 3576 1497 et
3601 1442 3781 1512 proxi-

2196 1553 2404 1593 morum
2448 1538 2631 1594 oculos
2677 1553 2771 1607 per
2810 1539 2985 1594 inanis
3014 1537 3202 1607 glorias
3230 1536 3522 1607 appetitum
3555 1543 3781 1591 tument.

2198 1630 2352 1686 Unde
2374 1640 2430 1685 et
2458 1630 2775 1700 quibusdam
2813 1629 3018 1686 Veritas
3045 1632 3176 1686 dicit
3200 1649 3214 1687 :
3244 1631 3348 1685 Vos
3378 1634 3496 1685 estis
3524 1632 3611 1699 qui
3627 1632 3783 1703 justi.

2197 1721 2363 1790 ﬁcatis
2392 1737 2479 1776 vos
2507 1737 2681 1775 coram
2720 1721 3027 1789 hominibus,
3078 1721 3218 1776 Deus
3264 1730 3435 1775 autem
3460 1710 3597 1776 novit
3626 1727 3785 1775 cora‘o

515 1829 695 1895 σχών,
726 1826 1011 1880 ἀπέστειλε.
1064 1827 1281 1878 Γίνωσκε
1320 1819 1437 1889 οὖν,
1477 1823 1626 1895 Πέτρε
1646 1860 1662 1886 ,
1699 1822 1749 1874 ἓν
1778 1823 1900 1893 ποίᾳ
1930 1826 1953 1855 ο
1983 1815 2093 1890 δόξῃ

2201 1826 2365 1868 vestra
2392 1832 2408 1868 :
2438 1816 2559 1885 quia
2595 1815 2733 1886 quod
2776 1815 3069 1870 hominibus
3110 1816 3275 1870 altum
3311 1825 3407 1881 est,
3444 1815 3784 1870 abominabile

516 1918 656 1989 παρὰ
697 1922 824 1971 Θεοῦ
870 1918 1198 1990 ὑπάρχουσιν
1242 1916 1285 1968 οἱ
1331 1916 1545 1973 ἱαυτοὺς
1569 1914 1621 1966 έν
1649 1919 1719 1981 τῷ
1748 1909 1964 1987 παρόντι
1993 1909 2088 1980 βίῳ

2201 1916 2273 1961 ut
2304 1915 2422 1961 ante
2451 1907 2613 1961 Deum
2641 1906 2791 1977 (Luc.
2820 1922 2927 1970 ενι,
2956 1904 3066 1976 15).

517 2008 818 2078 βδελυκτούς
864 2006 987 2064 εἶναι
1034 2009 1270 2080 ἑλόμενον
1316 2011 1442 2079 μετά
1481 2010 1581 2083 γάρ
1608 2016 1706 2062 τῶν
1742 2015 1833 2067 τῆς
1856 2007 2153 2087 ἐπουρανίου
2192 2004 2438 2080 πατρίδος
2466 2008 2682 2062 πολιτῶν
2730 2007 3093 2080 ἀριθμοῦνται,
3124 2009 3171 2062 οἶ
3207 2030 3338 2070 τινες
3380 2007 3643 2081 βδελυκτοὶ
3670 2014 3784 2069 τοῖς

516 2102 798 2174 ἀνθρώποις
846 2096 968 2156 εἶναι
1001 2103 1086 2155 οὐκ
1132 2101 1409 2157 αἰδοῦνται.
1454 2098 1600 2155 Ὀσοι
1656 2098 1709 2154 δὲ
1764 2094 1847 2155 διά
1894 2106 1986 2161 τῆς
2031 2096 2449 2172 ὑψηλοφροσύνης
2496 2098 2705 2158 ἑαυτοὺς
2750 2100 2961 2155 ἐνώπιον
2988 2108 3085 2155 τῶν
3109 2102 3333 2159 πλησίων
3373 2099 3669 2171 δικαιοῦσιν,
3700 2103 3784 2157 καί

516 2193 598 2248 διὰ
640 2202 731 2255 τῆς
761 2194 1036 2260 κενοδοξίας
1066 2203 1391 2267 φυσιοῦνται⁹
1436 2194 1739 2254 ἀπεναντίας
1766 2198 1866 2248 τῶν
1894 2198 1983 2246 τοῦ
2024 2202 2152 2248 Θεοῦ
2196 2194 2455 2265 ὀφθαλμῶν
2481 2201 2688 2247 κεῖνται.
2715 2188 2862 2245 Ὀθεν
2890 2194 3077 2253 αὐτοὺς
3106 2196 3192 2247 καί
3217 2192 3241 2247 6
3268 2203 3361 2254 τῆς
3389 2190 3417 2229 ἀ
3449 2192 3783 2255 διδασκαλίας

517 2282 661 2356 λόγος
689 2284 982 2357 διελέγχων,
1016 2286 1163 2357 λέγει·
1195 2295 1364 2357 ’Υμεῖς
1399 2286 1511 2341 ἐστε
1538 2286 1581 2339 οἱ
1606 2284 1910 2345 δικαιοῦντες
1934 2284 2147 2346 ἑαυτοὺς
2187 2286 2394 2340 ἐνώπιον
2421 2292 2521 2340 τῶν
2544 2284 2839 2358 ἀνθρώπων⁹
2871 2284 2898 2340 6
2930 2286 3055 2347 Θεὸς
3094 2283 3148 2340 δὲ
3184 2289 3418 2356 γινώσκει
3446 2288 3539 2347 τάς
3566 2287 3782 2363 καρδίας

517 2377 672 2448 ὑμῶν,
698 2377 754 2432 τὸ
774 2378 869 2455 γάρ
898 2378 1086 2448 ὑψηλὸν
1118 2380 1164 2432 ἐν
1195 2380 1503 2450 ἀνθρώποις,
1529 2376 1789 2452 βδέλυγμα
1827 2382 1967 2455 παρά
1987 2387 2095 2454 Θεῷ
2132 2380 2386 2454 ὑπάρχει.

586 2474 751 2519 ΠΕΤΡ.
781 2469 1041 2537 Θαυμάζω
1068 2467 1194 2532 λίαν,
1236 2468 1317 2523 ὅτι
1350 2473 1468 2544 περὶ
1488 2472 1718 2525 τοιούτου
1754 2467 1935 2544 ἀνδρὸς
1972 2491 2094 2525 συν-

516 2562 709 2631 επᾶραι
732 2559 816 2613 τόν
844 2559 1179 2634 πατριάρχην
1204 2559 1535 2621 ἠδυνήθησαν.

581 2662 817 2706 I‘PHI‘OP.
848 2655 908 2706 Τί
944 2652 1241 2723 θαυμάζεις,
1284 2656 1462 2729 Πέτρε,
1501 2664 1523 2690 °
1573 2658 1617 2709 εί
1643 2664 1715 2726 τῷ
1755 2665 1824 2710 νῶ
1870 2659 2091 2728 ἐσφάλης

515 2740 765 2816 ἄνθρωποι
787 2746 885 2820 γάρ
910 2741 1048 2805 ὄντες
1068 2746 1388 2817 πλανώμεθα,
1426 2746 1551 2823 ὅπερ
1581 2753 1667 2802 καὶ
1695 2748 1847 2803 Δαυὶδ
1872 2750 2091 2816 ὑπέστη,

514 2835 573 2896 ὅς
590 2859 671 2897 τις
698 2840 784 2894 καί
808 2841 1114 2913 προφητείας
1141 2845 1341 2910 πνεῦμα
1367 2838 1398 2894 ἕ
1401 2862 1515 2910 χειν
1541 2844 1960 2917 μεμαρτύρηται,
2008 2840 2089 2897 ὅτε

513 2933 630 2991 τοὺς
677 2931 855 3005 λόγους
903 2940 992 2987 τοῦ
1023 2931 1205 2993 παιδός
1256 2932 1566 3006 ψευδομένου
1620 2937 1883 3000 ἀκούσας,
1929 2935 2091 3007 ψῆφον

513 3024 637 3076 κατά
664 3028 756 3077 τοῦ
785 3024 944 3078 ἀθώου
965 3026 1080 3079 υἱοῦ
1109 3022 1334 3080 ἰωνάθαν
1362 3024 1594 3080 δέδωκεν.
1618 3023 1780 3101 Ὀπερ
1820 3024 1873 3080 δέ
1896 3024 1979 3083 διά
1998 3033 2089 3081 τοῦ

514 3111 666 3167 Δαυὶδ
686 3115 874 3187 γέγονε,
998 3124 1201 3192 κρυπτῇ
1225 3123 1320 3170 τοῦ
1354 3124 1483 3172 Θεοῦ
1518 3120 1698 3189 κρίσει,
1740 3116 1926 3173 δίκαιον
1966 3115 2091 3176 εἶναι

513 3205 828 3280 πιστεύομεν·
859 3219 921 3285 τῇ
965 3214 1065 3283 γάρ
1094 3213 1378 3286 ἀνθρωπίνη
1407 3219 1734 3279 mmmam,
1763 3221 1871 3274 πῶς
1900 3212 2089 3269 δίκαιόν

510 3298 645 3354 ἐστιν
669 3302 759 3355 οὐκ
782 3303 1117 3374 ἐπιστάμεθα.
1150 3305 1209 3356 Τί
1236 3297 1326 3357 οὖν
1351 3304 1668 3375 θαυμαστὸν,
1699 3305 1781 3358 έάν
1802 3311 1905 3364 τοῖς
1926 3305 2090 3377 λόγοις

511 3396 609 3443 τῶν
656 3389 997 3462 ψευδομένων,
1043 3395 1125 3447 καί
1163 3394 1305 3465 ἡμεῖς
1354 3396 1425 3453 είς
1471 3394 1622 3471 ἕτερα
1669 3394 2001 3465 ἀπαγώμεθα,
2043 3396 2093 3450 οἵ

511 3500 640 3538 τινες
669 3491 918 3553 προφῆται
971 3485 1076 3551 οὐχ
1124 3485 1460 3560 ὑπάρχομενς
1486 3488 1557 3538 Οὐ
1604 3487 1734 3558 μέγα
1787 3481 1871 3538 οὖν
1921 3492 1967 3541 εἰ
2009 3490 2091 3541 καί

512 3570 620 3630 ἐνὸς
647 3572 866 3627 ἑκάστου
894 3581 993 3627 τῶν
1017 3585 1360 3653 πατριαρχῶν
1380 3579 1463 3631 τὸν
1488 3585 1598 3632 νοῦν
1633 3580 1662 3635 ἡ
1691 3586 1789 3632 τῶν
1822 3578 2091 3653 φροντίδων

511 3661 866 3723 άλλεπάλληλος
893 3665 1112 3735 μέριμνα
1148 3667 1465 3736 λυμαίνεται.
1492 3669 1706 3723 Ὀπόταν
1742 3670 1841 3741 γὰρ
1870 3672 1900 3726 ἡ
1939 3669 2091 3740 ψυχὴ

511 3757 582 3814 είς
609 3755 767 3811 πολλά
794 3755 1159 3831 διαμερίζεται,
1207 3762 1537 3831 σμικρύνεται
1579 3759 1679 3813 καθ’
1725 3760 1959 3826 ἕκαστον,
2008 3765 2093 3816 καί

511 3847 712 3902 πάντων
734 3850 803 3909 είς
831 3846 881 3901 ἓν
904 3854 1263 3926 συνεπαίρεται
1278 3891 1292 3916 ,
1326 3854 1378 3906 ἐν
1407 3852 1510 3923 ὅσῳ
1534 3855 1584 3907 ἐν
1606 3853 1807 3913 πολλοῖς
1826 3862 1887 3926 τῇ
1917 3856 2093 3925 ἀσχο-

511 3935 591 4012 λίᾳ
620 3938 929 3996 πλατύνεται
940 3982 950 3995 .

582 4039 748 4083 ΠΕΤΡ.
779 4031 967 4104 Σφόδρα
997 4034 1155 4094 ἁληθῆ
1186 4036 1317 4111 ἅπερ
1338 4038 1498 4110 λέγεις
1521 4040 1871 4115 ὑπάρχουσιν.

580 4130 816 4176 I‘PHPOP.
856 4127 972 4196 Οὐχ
1012 4127 1230 4199 ἠγοῦμαι
1273 4127 1461 4184 δίκαιον
1500 4129 1614 4186 οὐδέ
1659 4139 1810 4186 τοῦτο
1850 4141 2090 4205 σιγῆσαι,

510 4207 636 4283 ὅπερ
665 4217 805 4288 παρὰ
848 4216 1131 4274 Βαλεντίνου
1172 4226 1262 4275 τοῦ
1306 4220 1702 4288 εὐλαϐεστάτου,
1735 4228 1793 4280 τὸ
1820 4234 2095 4284 τηνικαῦτα

511 4302 787 4373 ἡγουμένου
810 4328 909 4376 μου
938 4312 1223 4381 γεγονότος,
1268 4317 1385 4386 περὶ
1415 4315 1598 4369 τούτου
1625 4321 1713 4369 τοῦ
1743 4314 1889 4388 ἁγίου
1918 4315 2093 4391 ἀνδρὸς

509 4390 840 4468 διηγουμένου
863 4400 1067 4458 ἀκήκοα.
1095 4399 1269 4478 Ἔλεγε
1291 4407 1389 4479 γάρ
1429 4404 1505 4460 ὅτι
1548 4409 1596 4459 ἐν
1625 4412 1697 4477 τῷ
1725 4411 1971 4484 εὺκτηρίῳ
1998 4415 2090 4464 τοῦ

508 4494 757 4565 μακαρίου
806 4495 1069 4569 μάρτυρος
1108 4504 1413 4572 Λαυρεντίευ
1456 4502 1513 4556 τό
1551 4509 1701 4572 σῶμα
1745 4505 1901 4558 αὐτοῦ
1932 4501 1988 4563 ἧν
2010 4525 2093 4560 τε·

508 4581 769 4654 θαμμένον.
800 4582 995 4640 Ἐποίνω
1023 4585 1075 4640 δέ
1105 4594 1191 4642 τοῦ
1222 4594 1483 4662 μνήματος
1510 4594 1733 4667 γεωργός
1772 4615 1852 4653 τις
1889 4591 1907 4629 ί
1933 4592 2092 4669 ἄρκαν

510 4676 639 4743 μιτά
658 4679 801 4733 σίτου
823 4681 1080 4745 ἐπέθηκεν,
1109 4687 1176 4750 μή
1203 4688 1542 4750 κατανοήσας,
1565 4685 1738 4747 ὁποῖος
1767 4688 1900 4760 ἀνὴρ»
1920 4689 2091 4745 αὐτόθι

698 4769 874 4827 ἔκειτο.
908 4772 1154 4845 Δὶφνίδιον
1194 4771 1278 4829 οὖν
1307 4777 1542 4853 τάραχος
1578 4782 1629 4843 ἐξ
1661 4783 1923 4858 οὐρανόθεν
1950 4786 2089 4856 γέγο-

509 4876 611 4919 νεν,
642 4864 724 4913 καί
742 4865 939 4919 πάντων
966 4864 1016 4920 ἐν
1044 4874 1106 4941 τῇ
1128 4868 1319 4923 ἑαυτῶν
1345 4873 1664 4926 καταστάσει
1686 4870 2028 4945 διαμενόντων,
2060 4878 2090 4934 ἡ

513 4947 679 5001 ἐπάνω
728 4960 819 5005 τοῦ
865 4960 1121 5023 μνήματος
1169 4960 1378 5014 τεθεῖσα
1434 4958 1569 5035 ἀρκα
1623 4964 1833 5035 ἐπήρθη.
1885 4968 1965 5017 καί
1990 4966 2090 5020 ἀπὸ

592 5150 619 5212 ξι
643 5140 799 5212 Reg,
824 5143 886 5199 δι’
901 5143 983 5198 οὗ.
1008 5148 1161 5207 Colb.
1188 5152 1251 5207 δι’
1270 5150 1356 5207 ὧν.

584 5208 613 5249 δ
643 5208 870 5286 [iterque
897 5216 1053 5286 Cod.,
1084 5226 1381 5282 κοπωθῆναι.

588 5292 610 5319 ο
637 5282 814 5347 Colb.,
845 5289 1001 5351 τάξει,

583 5352 608 5436 ’.³
638 5353 887 5436 Uterque,
907 5359 1156 5436 ἀληθείας,
1176 5373 1230 5417 et
1251 5365 1438 5419 melius
1457 5365 1693 5434 quidem,
1708 5365 1856 5436 juxta
1882 5373 2082 5421 textum

505 5418 651 5489 Lat.,
679 5418 1008 5483 veriias'dict't
1029 5448 1048 5486 :
1086 5418 1203 5497 Vos,
1238 5442 1342 5487 etc.

584 5503 606 5576 ξ
637 5497 789 5576 ΕΘΗ..
820 5502 864 5576 εί
893 5501 941 5552 ἐν
971 5511 1041 5572 τῷ
1068 5506 1334 5576 ἀνθρώπῳ.

585 5561 612 5648 τι
639 5561 1072 5648 Βθὲη-ἀρκλυόν,
1113 5561 1168 5648 εί
1215 5561 1367 5637 1111⁸1⁸³,
1414 5575 1629 5648 ἀρκλίον.
1665 5576 1844 5645 Colb.,
1891 5577 2080 5645 ἅοκλας

513 5628 746 5709 fortasse
760 5628 826 5709 ad
856 5628 1263 5709 s’ignilic'andum
1288 5628 1537 5698 arculém.

578 5711 607 5776 β
636 5704 881 5776 Plerique
906 5704 1055 5776 Mss,
1092 5714 1245 5765 Pater
1269 5725 1446 5767 vester.

578 5769 611 5814 ιι
640 5769 971 5834 Comniodum
996 5769 1079 5836 hic
1107 5784 1367 5853 signiﬁcat
1389 5786 1730 5854 stipendium,
1756 5790 2082 5855 mercedem,

2266 2470 2435 2523 Pera.
2463 2470 2627 2526 Miror
2652 2470 2811 2528 valde
2837 2471 2978 2539 quod
3003 2471 3071 2527 de
3097 2471 3190 2526 tali
3216 2472 3332 2527 viro
3360 2473 3567 2543 subripi
3596 2475 3777 2543 ponti-

2193 2562 2279 2616 ﬁci
2310 2570 2459 2616 tanto
2492 2564 2743 2631 potuerit.

2263 2652 2502 2709 Gmon.
2534 2654 2670 2721 Quid
2724 2655 2965 2722 miraris,
3001 2657 3185 2725 Petro,
3235 2658 3356 2728 quia
3406 2657 3639 2715 fallimur
3688 2661 3782 2730 qui

2194 2744 2436 2800 homines
2463 2748 2684 2801 sumus?
2718 2748 2802 2802 An
2830 2758 3009 2804 mente
3053 2750 3253 2805 excidit
3296 2752 3437 2820 quod
3465 2752 3652 2819 David,
3686 2753 3783 2825 qui

2197 2839 2492 2906 prophetiae
2521 2838 2767 2908 spiritum
2802 2842 2999 2897 habere
3036 2854 3431 2911 consueverat,
3480 2858 3665 2901 contra
3696 2848 3783 2904 in-

2196 2938 2478 2985 nocentem
2498 2931 2741 2986 .Ionathaa
2766 2933 2932 2989 lilium
2955 2938 3275 2990 sententiain
3297 2936 3464 3001 dedit,
3482 2952 3602 2993 cum
3614 2939 3782 2997 verba

2198 3021 2348 3089 pueri
2379 3020 2687 3078 mentientis
2715 3023 2948 3079 audivit?
2970 3025 3121 3093 Quod
3148 3037 3321 3082 tamen
3345 3028 3467 3096 quia
3492 3043 3585 3097 per
3612 3029 3781 3087 David

2195 3110 2392 3165 factum
2420 3121 2523 3182 est,
2563 3122 2579 3149 ι
2615 3121 2673 3168 et
2700 3114 2907 3169 occulto
2937 3116 3026 3171 Dei
3046 3117 3246 3184 judicio
3267 3117 3468 3186 justum
3491 3119 3779 3187 credimus,

2194 3211 2249 3257 et
2280 3212 2455 3258 tamen
2483 3204 2712 3260 humana
2740 3208 2947 3263 ratione
2975 3208 3201 3278 qualiter
3231 3211 3427 3279 justum
3452 3207 3633 3277 fuerit,
3673 3226 3781 3267 non

2198 3292 2459 3351 videmus.
2503 3296 2640 3363 Quid
2670 3313 2799 3367 ergo
2823 3300 3013 3354 mirum
3041 3300 3087 3356 si
3117 3315 3209 3356 ore
3260 3302 3633 3358 mentientium
3688 3304 3780 3360 ali-

2194 3384 2407 3453 quando
2439 3386 2491 3439 in
2521 3386 2663 3441 aliud
2687 3388 2951 3454 ducimur,
2981 3391 3070 3460 qui
3102 3391 3376 3460 proplietzc
3422 3409 3528 3448 non
3554 3394 3781 3449 sumus?

2194 3475 2411 3532 Multum
2443 3493 2570 3535 vero
2596 3490 2679 3536 est
2701 3482 2843 3552 quod
2872 3484 3287 3555 uniuscujusque
3325 3487 3570 3555 praesulis
3624 3502 3775 3543 meu-

2197 3579 2301 3624 tem
2328 3585 2579 3627 curarum
2607 3574 2845 3631 densitas
2868 3574 3128 3631 devastat.
3159 3577 3400 3646 Cumque
3437 3579 3648 3634 animus
3698 3579 3779 3634 di-

2194 3661 2394 3718 viditur
2424 3664 2490 3719 ad
2522 3665 2709 3731 multa,
2739 3666 2799 3720 ﬁt
2828 3668 3005 3723 minor
3042 3669 3109 3723 ad
3140 3668 3346 3740 singula
3378 3686 3392 3725 :
3424 3679 3680 3741 tantoque
3728 3672 3780 3727 ei

2196 3752 2249 3808 in
2280 3770 2383 3809 una
2421 3756 2656 3825 qualibet
2682 3772 2741 3812 re
2772 3758 3100 3829 subripitur,
3133 3762 3346 3829 quando
3372 3761 3531 3817 latius
3562 3762 3614 3820 in
3643 3760 3778 3818 mul-

2197 3844 2265 3899 tis
2291 3855 2603 3916 occupatur.

2266 4046 2433 4101 Pera.
2458 4045 2598 4102 Vera
2627 4057 2750 4104 sunt
2774 4048 2929 4105 valde
2956 4064 3073 4119 quae
3093 4050 3247 4104 dicis.

2265 4140 2503 4196 Gnaeon.
2528 4140 2700 4198 Silere
2721 4156 2829 4198 nou
2849 4142 3038 4208 debeo,
3062 4142 3205 4213 quod
3226 4142 3292 4197 de
3317 4141 3418 4197 hoc
3437 4141 3552 4197 viro
3576 4141 3775 4197 abbate

2194 4233 2457 4301 quondam
2493 4248 2612 4288 meo
2657 4234 3097 4290 reverentissimo
3131 4234 3146 4286 ἱ
3189 4233 3469 4289 Valentino
3499 4242 3778 4299 narrante,

2193 4324 2407 4393 agnovi.
2440 4324 2630 4378 Aiebat
2680 4340 2911 4395 namque
2953 4326 3073 4395 quia
3125 4340 3321 4395 corpus
3372 4324 3491 4395 ejus
3544 4325 3671 4380 dum
3723 4323 3780 4380 in

2193 4417 2334 4473 beati
2366 4418 2636 4472 Laurentii
2690 4420 2942 4489 martyris
2983 4420 3217 4474 oratorio
3265 4427 3411 4475 esset
3463 4419 3777 4487 humatum,

2193 4520 2353 4575 super
2380 4507 2685 4577 sepulcrum
2717 4508 2857 4563 illius
2886 4509 3115 4564 rusticus
3163 4509 3376 4579 quidam
3425 4524 3601 4565 arcam
3651 4525 3778 4565 cum

2195 4600 2462 4655 frumento
2484 4600 2680 4670 posuit,
2713 4616 2812 4658 nec
2838 4611 3064 4671 quantus
3089 4603 3366 4673 qualisque
3398 4605 3477 4658 vir
3499 4604 3607 4657 illic
3622 4602 3781 4673 jace-

2120 4696 2298 4781 Dret,
2332 4692 2663 4759 perpendere
2698 4693 2851 4764 173
2883 4708 2943 4748 ac
2984 4693 3160 4747 vereri
3209 4695 3432 4748 curavit.
3486 4694 3637 4748 Tunc
3685 4708 3778 4748 re-

2196 4792 2353 4852 pente
2383 4782 2539 4837 turbo
2586 4785 2796 4840 coalitus
2825 4785 3017 4854 factus,
3069 4786 3229 4842 rebus
3277 4787 3387 4842 illic
3424 4786 3673 4842 omnibus
3724 4784 3781 4841 in

2197 4887 2290 4927 sua
2318 4874 2615 4929 stabilitate
2641 4876 3000 4943 manentibus,
3046 4892 3257 4945 arcam,
3290 4894 3409 4948 quae
3436 4877 3779 4949 superposita

2196 4967 2441 5036 sepulcro
2469 4966 2585 5038 ejus
2616 4968 2807 5035 fuerat,
2858 4970 3068 5038 extulit,
3114 4970 3375 5041 longeque
3421 4971 3667 5041 projecit,
3721 4973 3781 5024 ut

2193 5161 2396 5240 laboris
2411 5167 2708 5240 premium,
2726 5165 2930 5240 Graece,
2948 5168 3113 5225 κόπου
3128 5171 3319 5240 μισθόν.
3342 5168 3498 5240 δωρε
3526 5170 3639 5224 haec
3666 5186 3775 5228 vox

2189 5234 2327 5312 apud
2358 5234 2673 5312 Gregorium
2706 5235 2962 5312 accipitur
2990 5234 3351 5312 proqualibet
3378 5234 3770 5312 péusitatlonc,

2191 5312 2250 5356 ut
2280 5306 2315 5357 l.
2342 5321 2379 5373 ι,
2405 5306 2563 5375 epist.
2594 5308 2717 5361 olim
2745 5306 2837 5373 ιν,
2872 5306 3009 5363 nunc
3037 5306 3144 5364 Mf
3380 5306 3395 5310 ’
3753 5306 3765 5312 ⁷
3818 5354 3826 5365 .

2264 5374 2281 5410 ί
2319 5374 2995 5454 ρυοηιξίοτβειςοεη.,-ι1υο
3025 5382 3283 5454 Audoeni,
3310 5382 3424 5454 Big.
3453 5392 3506 5439 et
3530 5382 3683 5454 Lyr.,
3720 5393 3773 5438 et

2191 5445 2442 5519 οεειιζιιιηι
2470 5446 2566 5500 Dei
2585 5448 2843 5519 judicium
2862 5450 3064 5519 justum
3095 5453 3233 5505 cred.
3274 5445 3280 5447 ⁷
3372 5445 3400 5454 ⁷
3576 5445 3592 5454 ’
3669 5445 3682 5451 ’
3790 5450 3826 5519 διε

2262 5517 2276 5565 i
2319 5517 2513 5591 Bigot.,
2544 5517 2767 5591 aliud,
2797 5517 3022 5591 Longip.
3073 5538 3193 5577 cum
3245 5523 3453 5589 Germ.,
3508 5517 3829 5579 Valentia.”

2189 5586 2319 5665 Tres
2364 5588 2603 5665 Qaruo_t._,
2655 5590 2890 5665 Gemetu
2920 5586 3144 5661 'p'rimus
3179 5596 3345 5662 Aud.,
3396 5586 3562 5663 Prat.,
3616 5596 3769 5665 Lyr.,

2196 5656 2511 5732 Valentione.
2540 5661 2635 5714 Hic
2673 5670 2798 5715 nota
2851 5656 3162 5732 Gregorium
3204 5656 3366 5723 vitam
3416 5656 3784 5727 monasticam}

2192 5741 2274 5779 am
2282 5728 2396 5797 plcx
2406 5745 2490 5783 um
2520 5745 2656 5786 esse.
