4036 6346
417 264 522 324 εδδ
1607 258 1853 316 SANCTI
1890 254 2218 313 GREGORII
2256 256 2470 315 MAGNI
3572 258 3675 314 184

416 378 515 432 ὑπὸ
554 372 898 451 σκληρότατον
940 375 1135 452 πατέρα
1182 375 1266 430 τὸν
1308 383 1399 437 τῆς
1435 381 1585 447 μονῆς
1623 372 1778 427 αύτοῦ
1802 370 1986 443 διῆγεν·

2110 372 2193 428 sed
2219 372 2334 443 ejus
2364 385 2542 427 mores
2569 371 2704 427 mira
2732 385 2942 443 semper
2963 370 3361 442 aequanimitate
3385 372 3665 432 tolerabat.

414 467 541 524 me
568 472 658 527 τὴν
684 467 1003 538 σκληρότητα
1029 474 1129 521 τῶν
1149 469 1328 523 τούτου
1357 469 1485 527 ἠθῶν
1503 508 1518 533 ,
1548 467 1849 538 θαυμασίως
1868 465 1996 520 πάν-

414 580 531 617 τοτε
642 561 956 634 μακροθυμίᾳ
981 559 1245 633 ύπέφερεν.
1275 564 1377 615 Καὶ
1407 560 1539 614 οὕτω
1566 566 1676 619 τοῖς
1697 557 1923 631 ἀδελφοῖς
1944 562 1997 615 ἓν

414 652 667 726 πρᾳότητι
687 652 989 725 προΐστατο,
1026 654 1154 708 ὥστε
1200 656 1284 709 τὸν
1330 658 1421 708 τοῦ
1466 652 1663 729 πατρὸς
1691 652 1866 723 θυμὸν,
1911 650 1998 709 διὰ

411 748 505 801 τῆς
552 740 734 795 ἑαυτοῦ
785 740 1245 815 ταπεινοφροσύνης
1292 743 1505 798 πάντοτε
1548 744 1886 819 κατεπράϋνε.
1932 741 1998 798 Τό

412 831 469 889 δέ
498 834 619 889 αὐτὸ
648 839 986 911 μοναστήριον
1022 837 1071 889 ἐν
1110 844 1172 909 τῇ
1217 835 1471 910 ἀκροτάτῃ
1498 843 1587 891 τοῦ
1633 835 1783 912 ὅρους
1812 844 1997 912 κορυφῇ

415 923 726 997 διακείμενον
774 928 1027 1005 ὑπάρχω
1078 927 1186 983 ὅθεν
1233 930 1362 1001 πρὸς
1396 930 1455 984 τὸ
1484 939 1693 989 ποιῆσαι
1720 937 1831 990 τοῖς
1856 928 2000 983 ἀδελ-

415 1024 529 1089 φοῖς
552 1019 729 1093 μικρὸν
757 1020 1001 1092 κηπάριον
1028 1018 1234 1090 οὐδεμία
1262 1020 1435 1081 ἰσότης
1480 1021 1529 1075 ἐν
1574 1030 1646 1095 τῷ
1682 1022 1824 1093 τόπῳ
1868 1021 1999 1093 ἐφαί-

416 1128 543 1165 νετο.
574 1108 655 1165 Ἐν
685 1109 739 1165 δέ
765 1119 836 1183 τῷ
856 1118 945 1167 τοῦ
976 1110 1127 1186 ὅρους
1156 1113 1352 1186 πλαγίῳ
1383 1122 1410 1151 ⁸
1441 1117 1616 1175 στενὸς
1650 1115 1806 1174 τόπος
1834 1116 2001 1190 ύπῆρ-

416 1222 540 1272 χεν,
596 1199 650 1256 ὃν
696 1203 963 1279 ἐπεκράτει
1003 1203 1134 1259 λίθου
1165 1207 1520 1278 παμμεγέθους
1559 1206 1883 1275 ἀπόκλασμα.
1918 1204 1997 1257 Ἐν

417 1300 511 1365 μιᾷ
536 1293 589 1349 δὲ
619 1296 784 1371 ἡμέρᾳ
827 1294 853 1349 ὁ
891 1297 1260 1357 εύλαϐἐστατος
1300 1299 1423 1373 ἀνὴρ
1460 1304 1712 1357 Νοννῶσος
1752 1299 1801 1351 ἐν
1833 1298 2000 1368 ἐαυτῷ

417 1382 715 1457 διελογίζετο
762 1386 1042 1445 ἐπιτήδειον
1087 1389 1169 1443 τὸν
1218 1388 1369 1445 τόπον
1396 1388 1659 1463 ὑπάρχειν
1685 1390 1813 1464 πρὸς
1839 1392 2000 1447 κήπου

418 1479 643 1545 ποίησιν,
676 1479 759 1533 ἐάν
787 1484 856 1548 μή
879 1478 905 1533 ὁ
925 1480 1054 1540 λίθος
1079 1482 1223 1534 αὐτὸν
1250 1482 1531 1554 ἐπεκράτει.
1550 1487 1740 1535 Τοῦτον
1760 1480 1813 1535 δὲ
1841 1501 1999 1549 μετα-

416 1577 620 1627 κινῆσαι
661 1575 977 1629 πεντήκοντα
999 1570 1169 1642 [ζεύγη
1193 1574 1324 1647 βοῶν
1354 1575 1443 1626 οὐκ
1478 1570 1737 1632 ἠδύναντο·
1771 1571 1877 1627 ὅθεν
1903 1573 2003 1626 λοι·

416 1666 509 1720 πὸν
538 1668 622 1719 οὐκ
664 1664 721 1725 ἧν
750 1668 888 1727 ἐλπίς
916 1665 945 1705 δ
974 1665 1039 1722 δι’
1065 1669 1374 1739 ἀνθρωπίνου
1405 1671 1636 1741 καμάτου
1674 1675 1825 1724 τοῦτο
1864 1666 1999 1739 γενέ-

2098 464 2290 533 Sicque
2312 464 2568 521 fratribus
2606 475 2832 534 prmerat
2853 465 2909 520 in
2941 464 3365 531 mansuetudine,
3402 467 3539 523 sicut
3560 483 3676 524 cre‘

2098 556 2196 612 bro
2220 556 2394 612 Patris
2421 557 2748 612 iracundiam
2788 572 2854 613 ex
2879 557 3181 613 humilitate
3206 558 3499 629 mitigabat.
3540 560 3674 628 Quia

2102 660 2226 705 vero
2254 648 2371 719 ejus
2412 650 2795 706 monasterium
2821 650 2874 705 in
2904 664 3117 705 summo
3149 650 3345 706 montis
3391 650 3671 708 cacumine

2098 742 2260 800 situm
2306 750 2408 807 est,
2438 743 2504 797 ad
2547 742 2841 812 quemlibet
2886 757 3116 812 parvum
3156 742 3370 798 hortum
3427 744 3675 800 fratribus

2099 834 2451 890 excolendum
2473 834 2616 889 nulla
2645 834 2864 903 patebat
2885 833 3133 904 planities
3164 852 3175 887 :
3202 849 3336 889 unus
3359 843 3532 890 autem
3556 837 3677 891 bre-

2100 927 2353 981 vissimus
2382 927 2531 983 locus
2555 927 2610 981 in
2641 926 2807 982 latere
2833 926 3031 981 montis
3051 934 3383 994 excreverat,
3408 942 3566 997 quem
3595 930 3678 984 in-

2101 1018 2275 1090 gentis
2322 1018 2436 1073 saxi
2486 1018 2797 1074 naturaliter
2844 1018 3123 1088 egrediens
3161 1017 3331 1074 moles
3359 1020 3674 1089 occupabat.

2101 1109 2337 1199 Quadam
2367 1108 2453 1165 die
2480 1109 2604 1163 dum
2633 1109 2915 1164 Nonnosus
2941 1110 3021 1164 vir
3048 1109 3366 1165 venerabilis
3395 1112 3673 1182 cogitaret,

2100 1200 2241 1272 quod
2268 1201 2457 1256 saltem
2479 1201 2545 1255 ad
2572 1201 2917 1257 condimenta
2946 1201 3153 1257 olerum
3201 1202 3484 1258 nutrienda
3525 1204 3676 1261 locus

2102 1291 2244 1347 idem
2273 1300 2428 1361 aptus
2455 1292 2716 1361 potuisset
2742 1293 2992 1361 existere,
3020 1292 3065 1348 si
3097 1294 3239 1348 hunc
3268 1295 3436 1349 moles
3464 1296 3578 1350 saxi
3610 1296 3676 1351 il-

2103 1384 2204 1440 lius
2231 1400 2335 1439 non
2365 1392 2590 1450 teneret,
2621 1384 2852 1440 occurrit
2878 1385 3079 1455 animo,
3104 1387 3245 1456 quod
3273 1388 3517 1443 eamdem
3550 1404 3672 1446 mo-

2106 1476 2211 1530 lem
2233 1473 2262 1512 ¹ι
2289 1476 2666 1546 quinquaginta
2696 1476 2855 1532 boum
2888 1478 3033 1547 paria
3057 1492 3279 1533 movere
3301 1494 3405 1535 non
3435 1491 3676 1549 possent.

2103 1568 2344 1637 Cumque
2388 1569 2456 1623 de
2486 1570 2722 1624 humano
2772 1570 2954 1626 labore
2994 1570 3136 1626 facta
3182 1580 3327 1627 esset
3356 1574 3679 1644 desperatio,

2106 1664 2172 1720 ad
2203 1664 2441 1719 divinum
2463 1680 2522 1720 se
2551 1664 2800 1735 solatium
2827 1649 3077 1730 contulit,
3106 1678 3271 1735 seque
3291 1664 3399 1721 illic
3420 1676 3681 1725 nocturno

416 1759 559 1814 σθαι.
588 1760 821 1834 ’Δρίστην
858 1757 913 1814 δὲ
955 1760 1141 1831 βουλὴν
1169 1762 1588 1832 βουλευσάμενος,
1624 1761 1704 1814 ἐπὶ
1734 1765 1821 1817 τήν
1844 1760 2001 1819 eam

2110 1758 2322 1814 silentio
2352 1758 2403 1812 in
2436 1758 2731 1811 orationem
2775 1756 2940 1812 dedit.
2970 1758 3208 1827 Cumque
3252 1772 3408 1813 mane
3441 1758 3581 1814 facto
3609 1758 3680 1815 ad

416 1851 715 1922 καταφεύγει
762 1851 1017 1919 βοήθειαν,
1064 1853 1149 1906 καί
1190 1853 1237 1903 ἐν
1280 1852 1449 1921 ἐκείνῳ
1477 1859 1550 1923 τῷ
1582 1848 1723 1920 τόπῳ
1751 1853 1822 1909 είς
1846 1851 2004 1920 εὐχήν

415 1941 594 1996 ίαυτὸν
623 1940 835 1996 δέδωκεν
873 1945 924 1996 ἐν
954 1951 1016 2016 τῇ
1057 1952 1318 2018 νυκτερινῇ
1358 1946 1581 2019 ἡσυχίᾳ.
1621 1942 1814 2014 Πρωΐας
1844 1941 1897 1997 δὲ
1923 1964 2007 2016 γε·

420 2034 626 2103 νομίνης
652 2035 700 2088 ἐν
727 2036 863 2102 αύτῷ
910 2043 983 2103 τῷ
1026 2035 1165 2108 τόπῳ
1204 2037 1249 2089 οἱ
1289 2034 1488 2109 ἀδελφοὶ
1532 2035 1886 2108 παρεγένοντο,
1920 2036 2007 2089 καί

415 2121 528 2178 ίδού
553 2123 612 2178 τὸ
648 2124 855 2197 μέγεθος
882 2130 972 2181 τοῦ
1009 2126 1243 2181 τοιούτου
1266 2126 1404 2180 λίθου
1438 2121 1583 2199 εὖρον
1625 2134 1647 2161 ο
1684 2120 1930 2199 μακρόθεν
1953 2124 2005 2188 ἐξ

417 2221 607 2274 ἐκείνου
649 2226 737 2276 τοῦ
787 2220 950 2278 τόπου
1193 2222 1566 2296 ὑποχωρῆσαν,
1613 2219 1797 2291 καίτῇ
1845 2219 2004 2273 αὐτοῦ

417 2312 766 2388 ὑποχωρήσει
818 2312 1119 2383 πλατυσμὸν
1167 2314 1394 2373 γενέσθαι
1438 2312 1566 2384 πρὸς
1594 2312 1755 2369 κήπου
1801 2309 2005 2366 ποίησιν

416 2410 526 2463 τοῖς
555 2401 810 2476 ἀδελφοῖς.

493 2502 565 2546 Ἐν
596 2490 728 2565 ἄλλῳ
775 2498 942 2549 τοίνυν
982 2502 1158 2571 καιρῷ,
1204 2496 1254 2551 ἐν
1303 2494 1406 2565 ὅσῳ
1451 2493 1478 2549 ὁ
1528 2496 1681 2554 αὐτὸς
1728 2494 2005 2563 σεϐάσμιος

416 2584 544 2657 ἀνὴρ
573 2586 819 2647 κανδήλας
849 2590 900 2642 ἐν
929 2597 1001 2661 τῷ
1028 2590 1272 2663 εὐκτηρίῳ
1300 2586 1535 2650 ἴπλυνεν,
1575 2590 1667 2654 μία
1698 2589 1752 2642 ἐκ
1778 2594 1878 2644 τῶν
1911 2589 2005 2642 αύ-

414 2681 509 2730 τοῦ
552 2685 743 2747 χειρῶν
793 2681 863 2740 εἰς
907 2684 997 2738 τήν
1036 2689 1127 2752 γῆν
1175 2686 1413 2736 πεσοῦσα
1454 2681 1743 2757 συνετρίϐη,
1773 2682 1903 2736 ὥστε
1934 2682 2005 2743 είς

416 2765 641 2821 πλεῖστα
690 2769 952 2840 κλάσματα
998 2771 1226 2843 γενέσθαι
1271 2773 1446 2831 αὐτήν.
1475 2777 1575 2830 Τὴν
1606 2771 1660 2827 δὲ
1693 2779 1783 2827 τοῦ
1810 2775 2005 2848 πατρὸς

415 2855 766 2931 σφοδροτάτην
788 2862 935 2936 ὀργήν
964 2863 1295 2933 φόϐουμενος,
1328 2862 1529 2919 ἅπαντα
1556 2865 1620 2919 τά
1646 2872 1735 2923 τῆς
1758 2864 2005 2926 κανδήλης

417 2946 694 3018 κλάσματα
723 2956 1044 3024 συναγαγὼν,
1092 2955 1303 3008 ἐνώπιον
1345 2961 1436 3009 τοῦ
1478 2958 1840 3031 θυσιαστηρίου
1892 2955 2004 3016 ἔθη-

416 3058 516 3103 κεν,
551 3039 729 3096 ἑαυτὸν
758 3040 811 3096 δέ
842 3046 911 3102 εἰς
935 3040 1322 3114 εύχήνδέδωκε.
1355 3047 1713 3124 Πληρὼσαντος
1754 3046 1807 3102 δέ
1845 3049 1999 3103 αὐτοῦ

416 3134 505 3188 τήν
529 3133 712 3203 εὐχήν,
747 3136 832 3187 καί
859 3136 1198 3202 ἀναστάντος,
1229 3143 1347 3211 ὑγιῆ
1375 3143 1466 3197 τήν
1494 3137 1735 3197 κανδήλαν
1757 3137 1922 3215 εὗρεν,
1946 3139 2004 3202 ἧς

411 3223 475 3277 τά
520 3223 784 3295 κλάσματα
834 3225 1142 3298 φοϐούμενος
1188 3227 1246 3287 ἦν
1286 3233 1613 3301 συναγαγών.
1642 3241 1697 3284 ‘0
1726 3230 2004 3303 σεϐάσμιος

411 3309 502 3366 οὖν
525 3312 677 3377 οὗτος
705 3319 828 3392 ἀνὴρ
851 3319 899 3371 ἐν
922 3327 1031 3380 τοῖς
1058 3319 1181 3376 δυσί
1207 3322 1409 3384 τούτοις
1436 3324 1684 3393 θαύμασι,
1711 3322 1802 3378 δύο
1844 3324 2004 3378 πατί-

410 3426 515 3477 ρων
543 3412 634 3465 τὴν
657 3406 869 3479 δύναμιν
894 3413 942 3464 ἐν
966 3421 1029 3484 τῇ
1051 3413 1286 3479 ἐπιδείξει
1315 3424 1414 3472 τῶν
1443 3421 1662 3490 σημείων
1692 3419 1999 3489 ἐμιμήσατο·

410 3494 464 3547 ἐν
491 3504 553 3570 τῇ
575 3499 843 3567 μεταθέσει
871 3507 959 3555 τοῦ
995 3502 1153 3568 λίθου,
1187 3508 1466 3581 Γρηγορίου
1493 3512 1583 3562 τοῦ
1612 3508 1737 3579 λόγῳ
1763 3511 1848 3563 τὸν
1870 3509 2002 3563 λίθον

410 3596 855 3659 μετακινήσαντος’
883 3596 933 3648 ἐν
954 3594 1007 3650 δὲ
1036 3607 1126 3657 τῆς
1154 3598 1401 3659 κανδήλης
1428 3597 1453 3636 ἀ
1486 3603 1770 3666 ἀνακτίσει,
1802 3608 1889 3661 τήν
1912 3610 2003 3657 τοῦ

412 3683 635 3737 Δονάτου
677 3682 912 3753 δύναμιν,
965 3689 1074 3747 ἥτις
1120 3690 1176 3743 τὸ
1225 3692 1551 3762 κεκλασμένον
1597 3698 1830 3769 ποτήριον
1869 3698 2003 3770 ἕντῇ

409 3777 595 3849 πρώτῃ
627 3775 864 3847 ύγιότητι
884 3778 1311 3838 άπεκατὲστησεν.

488 3874 651 3919 ΠΕΤΡ.
680 3868 861 3930 Καθὼς
888 3869 1090 3942 θεωρῶ,
1129 3869 1327 3944 ἔχομεν
1363 3872 1509 3946 ὅμοια
1539 3882 1639 3930 τῶν
1668 3877 1891 3933 παλαιῶν
1915 3880 2005 3935 νία

412 3957 674 4026 θαύματα.

484 4058 648 4103 ΓΡΗΓ.
692 4053 860 4114 Θέλεις
905 4055 955 4108 ἐν
999 4063 1062 4129 τῇ
1105 4062 1197 4111 τοῦ
1234 4059 1500 4114 Νοννώσου
1523 4062 1739 4137 ἐργασία
1756 4059 1923 4137 ὅμοιόν
1953 4087 2004 4122 τι

414 4144 515 4193 τῶν
543 4147 630 4194 τοῦ
653 4140 946 4199 Ἐλισσαίου
976 4153 1000 4181 ⁸
1032 4148 1306 4219 γνωρίσαι;

484 4237 662 4287 ΠΕΤΡ.
692 4235 825 4288 Θέλω
846 4239 930 4290 καί
952 4235 1091 4291 πάνυ
1121 4240 1364 4313 ἐπιθυμῶ.

486 4333 651 4412 ιξΡιιΓ.
684 4325 879 4380 Ἐλαίου
910 4331 1033 4383 ποτὲ
1060 4331 1109 4382 ἐν
1136 4338 1209 4403 τῷ
1235 4338 1558 4410 μοναστηρίῳ
1588 4336 1751 4408 λεῖψις
1785 4342 1998 4412 γέγονεν,

410 4409 471 4470 ἧν
499 4409 553 4466 δὲ
578 4413 753 4469 λοιπόν
779 4414 804 4469 ὁ
831 4420 1001 4493 καιρὸς
1031 4427 1121 4475 τοῦ
1150 4431 1409 4497 σωρεῦσαι
1438 4409 1492 4479 ἐκ
1519 4436 1616 4481 τῶν
1659 4409 1873 4504 δένδρων
1908 4409 2002 4495 τάξ

2109 1850 2351 1907 eumdem
2382 1851 2562 1905 locum
2596 1850 2787 1905 fratres
2816 1851 3088 1915 venirent,
3118 1848 3438 1907 invenerunt
3477 1851 3681 1907 molem

2107 1952 2266 1999 tantm
2295 1940 2670 2013 magnitudinis
2700 1942 2856 2013 130
2883 1941 2950 1997 ab
2977 1942 3165 1998 eodem
3194 1943 3314 1998 loco
3337 1942 3546 2015 longius
3586 1957 3681 2000 re-

2106 2038 2351 2103 cessisse,
2385 2050 2587 2107 suoque
2611 2050 2826 2093 secessu
2853 2036 3056 2109 largum
3096 2035 3350 2093 fratribus
3393 2036 3621 2108 spatium
3655 2036 3675 2076 ί

2107 2128 2339 2186 dedisse.

2179 2484 2300 2539 Alio
2340 2496 2551 2554 quoque
2579 2488 2822 2552 tempore
2868 2493 2992 2535 cum
3044 2477 3187 2535 idem
3233 2478 3316 2533 vir
3355 2477 3680 2535 venerabilis

2106 2574 2375 2645 lampades
2399 2575 2597 2629 vitreas
2624 2574 2677 2628 in
2706 2573 2939 2628 oratorio
2962 2572 3188 2638 lavaret,
3210 2586 3314 2626 una
3333 2585 3399 2627 ex
3420 2570 3536 2641 ejus
3563 2585 3679 2626 ma-

2107 2666 2263 2722 nibus
2289 2665 2502 2730 cecidit,
2531 2679 2649 2734 quas
2677 2680 2771 2733 per
2797 2665 3102 2719 innumeras
3149 2672 3327 2733 partes
3355 2660 3523 2718 fracta
3563 2660 3677 2717 dis-

2106 2757 2248 2813 siluit
2279 2774 2291 2809 :
2327 2756 2341 2807 i
2377 2756 2469 2828 qui
2508 2756 3037 2812 vehementissimum
3066 2754 3238 2810 Patris
3264 2753 3568 2809 monasterii
3596 2752 3679 2809 fu-

2106 2865 2282 2907 rorem
2312 2849 2504 2904 timens
2525 2889 2540 2915 ,
2570 2848 2831 2918 lampadis
2860 2849 3105 2919 protinus
3150 2848 3327 2902 omnia
3382 2846 3678 2916 fragmenta

2104 2945 2341 3017 collegit,
2371 2954 2530 3013 atque
2558 2952 2685 2999 ante
2715 2943 2883 2999 altare
2926 2943 3119 3013 posuit,
3152 2956 3314 3012 seque
3362 2956 3482 2997 cum
3530 2944 3679 3013 gravi

2108 3038 2307 3111 gemitu
2340 3036 2393 3092 in
2422 3036 2721 3091 orationem
2753 3034 2920 3090 dedit.
2954 3034 3191 3104 Cumque
3218 3034 3285 3090 ab
3313 3034 3551 3089 oratiune
3577 3048 3681 3089 ca-

2030 3129 2079 3195 C
2109 3140 2203 3203 put
2225 3132 2475 3198 levasset,
2510 3145 2694 3185 sanam
2724 3127 3020 3198 lampadem
3052 3128 3271 3197 reperit,
3297 3143 3455 3198 quam
3485 3129 3679 3187 timens

2108 3242 2204 3297 per
2232 3226 2527 3293 fragmenta
2552 3223 2859 3292 collegerat.
2909 3220 3102 3291 Sicque
3130 3220 3182 3273 in
3213 3218 3417 3274 duobus
3446 3220 3679 3276 miracu-

2106 3321 2171 3375 lis
2200 3322 2423 3375 duorum
2450 3318 2666 3372 Patrum
2702 3316 2925 3369 virtutes
2959 3314 3197 3369 imitatus
3240 3320 3323 3367 est
3370 3332 3385 3369 :
3435 3313 3491 3368 in
3535 3314 3682 3369 mole

2104 3413 2308 3468 scilicet
2333 3411 2467 3478 saxi,
2497 3410 2693 3465 factum
2722 3407 2749 3445 ιι
2783 3407 3025 3478 Gregorii
3068 3406 3154 3477 qui
3187 3414 3420 3461 montem
3470 3408 3678 3474 movit;

2108 3506 2160 3561 in
2188 3506 2525 3575 reparatione
2551 3516 2683 3557 vero
2709 3500 2987 3570 lampadis,
3021 3500 3267 3555 virtutem
3307 3496 3324 3535 ι
3355 3499 3682 3569 Donati,qui

2108 3600 2329 3654 fractum
2351 3597 2573 3653 calicem
2603 3594 2839 3664 pristinae
2864 3593 3214 3649 incolumitati
3246 3592 3497 3648 restituit.

2178 3879 2344 3933 Pera.
2394 3877 2678 3945 Habemus,
2711 3885 2770 3933 ut
2798 3876 2975 3945 video,
3004 3877 3071 3934 de
3098 3877 3356 3947 exemplis
3398 3877 3675 3935 veteribus

2109 3985 2244 4027 nova
2270 3971 2545 4026 miracula.

2179 4063 2422 4118 Gnecon.
2452 4062 2614 4118 Visne
2645 4062 2843 4133 aliquid
2891 4062 2946 4118 in
2991 4063 3300 4132 Operatione
3342 4061 3578 4118 Nonnosi
3610 4060 3684 4118 de

2109 4156 2405 4212 imitatione
2432 4170 2645 4227 quoque
2692 4156 2869 4211 Elisaei
2896 4155 3254 4226 cognoscere?

2179 4250 2347 4307 Psrn.
2378 4250 2533 4319 Volo,
2562 4259 2721 4318 atque
2748 4249 3013 4305 inhianter
3041 4249 3217 4318 cupio.

2179 4342 2423 4399 Gnscon.
2463 4341 2596 4396 Dum
2647 4340 2871 4411 quadam
2921 4342 3007 4396 die
3055 4341 3109 4395 in
3154 4339 3478 4395 monasterio
3528 4346 3689 4395 vetus

2109 4434 2283 4489 oleum
2312 4434 2552 4497 deesset,
2580 4433 2795 4502 jamque
2836 4433 3146 4503 colligendae
3186 4431 3337 4487 oliva:
3368 4439 3575 4500 tempus
3602 4430 3687 4484 in-

412 4502 599 4571 ἐλαίας,
641 4506 745 4561 ἀλλ’
780 4506 1016 4579 οὐδαμῶς
1060 4514 1251 4586 καρπὸς
1290 4517 1339 4567 ἑν
1372 4525 1481 4575 τοῖς
1520 4523 1610 4572 τοῦ
1652 4502 1998 4597 μοναστηρίου

2110 4528 2400 4593 cumberet,
2416 4526 2508 4582 sed
2526 4524 2730 4582 fructus
2755 4527 2808 4581 in
2831 4525 2961 4582 oleis
2989 4525 3164 4579 nullus
3184 4533 3487 4594 appareret,
3510 4524 3690 4579 visum

406 4591 631 4670 δένδροις
656 4597 898 4668 ἐφαίνετο.
927 4596 946 4635 ί
978 4602 1161 4662 Βουλῆς
1186 4599 1270 4656 οὖν
1297 4603 1321 4657 ὁ
1350 4612 1520 4679 πατὴρ
1552 4616 1644 4668 τῆς
1679 4620 1833 4679 μονῆς
1854 4591 2000 4687 7-670-

404 4707 504 4753 νεν,
535 4687 673 4750 ὅπως
702 4692 747 4745 οί
774 4692 975 4764 ἀδελφοί
999 4697 1143 4769 πέριξ
1167 4699 1292 4770 πρὸς
1321 4701 1438 4759 τούς
1469 4698 1694 4773 ἔχοντας
1725 4706 1894 4768 ἐλαίας
1915 4711 2000 4763 ἐπὶ

408 4787 480 4851 τῷ
509 4782 723 4845 συνάξαι
744 4786 1046 4855 ἀπέλθωσιν,
1074 4795 1101 4834 8
1129 4785 1268 4851 ὅπως
1296 4792 1351 4844 ἐκ
1382 4798 1473 4845 τοῦ
1499 4798 1681 4862 μισθοῦ
1712 4806 1803 4859 τῆς
1844 4801 1997 4873 ἔργα·

406 4876 523 4933 σίας
561 4876 721 4929 αὐτῶν
749 4876 1027 4939 δυνηθῶσιν
1059 4882 1222 4955 ἀλίγον
1250 4882 1418 4937 ἔλαιον
1445 4887 1497 4940 ἐν
1525 4896 1587 4960 τῇ
1621 4898 1747 4964 μονῇ
1776 4893 1991 4965 ἐνέγκαι.

407 4974 462 5017 'O
490 4961 545 5016 δέ
573 4970 665 5019 τοῦ
696 4974 823 5020 Θεοῦ
847 4967 1112 5044 ἄνθρωπος
1138 4982 1416 5042 Νοννῶσος,
1456 4982 1584 5049 μετά
1609 4961 1793 5043 πολλῆς
1818 4961 2001 5042 ταπει-

480 5098 686 5192 fColb.
719 5100 881 5157 habet
906 5105 1078 5163 adhuc
1105 5112 1305 5183 σεμνός,
1341 5128 1436 5183 pro
1468 5118 1679 5182 στενὸς;
1726 5119 1881 5190 Reg.,
1909 5144 1994 5192 μι-

408 5190 692 5328 κρῗέςίξῗβεν
721 5241 787 5298 δι’
817 5246 1134 5328 ἀγερωπίνων
1157 5263 1368 5328 χειρῶν-

407 5309 718 5453 πρέςϐοώο,
747 5309 990 5384 μηκόθὶν;
1022 5332 1075 5374 et
1104 5309 1259 5390 νοτιίὸ
1282 5334 1403 5393 post
1434 5327 1730 5400 πλατυσμόν
1755 5337 1994 5407 γεγονότα

472 5447 505 5535 ᾖ
534 5450 768 5535 yterque
797 5457 929 5513 Cod.
962 5459 1120 5529 Beg.,
1154 5474 1229 5516 sc.
1261 5471 1315 5516 et
1339 5462 1513 5535 Colb.,
1546 5472 1841 5533 ἆνακτησει.

479 5528 503 5590 ξ
529 5521 707 5590 Colb.,
732 5536 935 5587 νοῆσαι.

475 5587 501 5671 ξ
529 5587 866 5671 ξειίβμουλή
887 5598 948 5658 δή
978 5598 1083 5671 (vel
1110 5597 1219 5669 οὖν)
1242 5611 1313 5658 τῶ
1341 5611 1517 5665 πατρί.
1574 5609 1578 5613 ’

477 5669 501 5730 .8
533 5660 661 5730 Reg'
673 5706 688 5730 ν
707 5660 889 5729 ’ἆπωςυ

474 5724 507 5766 ιι
530 5729 585 5787 In
614 5724 715 5790 Ed.
739 5724 863 5795 ante
883 5740 1066 5809 Guss.,
1092 5743 1396 5815 quingenta;
1423 5751 1703 5819 corrigitur
1724 5756 1809 5814 hic
1831 5775 1986 5837 error

2009 5868 2067 5883 αι

2111 4620 2253 4674 Patri
2286 4618 2591 4673 monasterii
2630 4618 2798 4673 fuerat
2828 4626 2885 4672 ut
2933 4616 3342 4686 circumquaque
3389 4615 3580 4669 fratres
3626 4613 3686 4668 in

2110 4708 2420 4779 colligendis
2461 4706 2615 4762 olivis
2644 4708 2711 4761 ad
2740 4704 3040 4763 exhibenda
3066 4704 3333 4759 extraneis
3369 4718 3531 4773 opera
3564 4716 3688 4771 per-

2112 4809 2320 4872 gerent,
2340 4809 2600 4871 quatenus
2625 4814 2688 4854 ex
2722 4796 2971 4853 mercede
2998 4798 3079 4852 sui
3102 4796 3280 4867 operis
3298 4796 3685 4866 aliquantulum

2108 4894 2432 4950 monasterio
2452 4894 2629 4948 oleum
2650 4892 3013 4960 deportarent.
3036 4889 3187 4957 Quod
3204 4888 3287 4944 vir
3307 4888 3515 4943 Domini
3538 4887 3689 4943 Non-

2114 5003 2278 5045 nosus
2305 4988 2417 5044 ﬁeri
2447 5002 2567 5043 cum
2600 5000 2789 5055 magna
2831 4984 3129 5039 humilitate
3157 4981 3459 5053 prohibuit,
3490 4996 3556 5037 ne
3586 4995 3689 5037 ex-

2105 5143 2177 5185 ex
2208 5129 2331 5184 Mss.
2366 5138 2489 5183 tam.
2534 5123 2691 5195 Angl.
2732 5120 3259 5195 iquamiCallqetex
3304 5119 3491 5195 Graeca
3538 5133 3689 5195 vers.

2182 5200 2197 5238 ί
2234 5200 2291 5254 In
2322 5199 2492 5253 Editis
2515 5190 2701 5252 contra
2729 5190 2858 5250 Mss.
2893 5192 3049 5249 ﬁdem
3096 5191 3330 5257 additur,
3354 5190 3423 5245 ad
3453 5190 3697 5243 excolen‘

2102 5272 2228 5325 dum
2253 5272 2477 5324 hortum.

2180 5342 2193 5392 ἱ
2234 5342 2439 5405 Germ.,
2472 5337 2767 5409 Compend.
2799 5345 2854 5394 et
2887 5351 3025 5394 unus
3056 5335 3284 5402 Theod.,
3309 5334 3397 5406 qui
3423 5330 3693 5387 vehemcn-
3738 5408 3741 5409 ν

2100 5412 2314 5467 tissime.

2177 5464 2208 5521 ί
2236 5464 2601 5549 Cognomento
2655 5481 3070 5552 Thaumaturgi,
3118 5478 3361 5552 Nepotes.
3418 5477 3473 5531 in
3516 5473 3695 5552 Ponto
3741 5464 3755 5475 ‘

2099 5555 2293 5623 episc.,
2325 5555 2377 5608 in
2401 5554 2552 5622 cujus
2580 5552 2692 5607 Vita
2724 5569 2751 5607 τι
2779 5562 2965 5608 sancto
2986 5549 3420 5620 GregorioNyss.
3453 5549 3698 5600 conscri-
3745 5557 3760 5597 ι

2097 5634 2187 5695 pta
2214 5627 2404 5693 legitur
2436 5624 2534 5678 hoc
2563 5625 2905 5695 miraculum.
2946 5692 2957 5695 _
3082 5690 3094 5695 _
3712 5646 3715 5659 ε

2176 5694 2193 5731 ι
2226 5690 2522 5767 ρῖιξίΛτοικίί
2556 5696 2611 5767 in
2639 5694 2854 5750 Etruria
2887 5692 2985 5755 fuit
3012 5690 3296 5767 episcopus
3318 5694 3377 5744 et
3413 5699 3518 5758 pro
3550 5696 3699 5739 msh

2102 5775 2225 5836 tyre
2249 5765 2442 5820 colitur
2464 5764 2552 5820 die
2582 5766 2614 5819 'f
2644 5767 2781 5833 Aug.
