4036 6346
233 326 319 387 185

1455 316 1901 377 DIALOGORUM
1939 319 2141 379 LIBER
2180 324 2221 381 1.

3386 325 3500 400 tuo

227 446 395 501 euntes
421 435 619 493 fratres
649 449 717 490 ex
748 434 1075 491 monasterio
1101 433 1227 490 dum
1258 434 1407 490 lucra
1448 434 1553 490 olei
1582 449 1793 503 qurere-

1903 440 2213 512 νοφροσύνης
2232 445 2385 497 τοῦτο
2407 445 2640 516 γενέσθαι
2667 446 2912 513 ἐκώλυσε,
2938 452 3121 520 μήπως
3144 457 3246 508 τῶν
3273 451 3496 529 ἀδελφῶν

229 544 351 600 rent,
378 530 670 588 animarum
704 528 896 584 damna
923 536 1252 598 paterentur.
1282 527 1385 584 Sed
1414 527 1538 598 quia
1572 526 1626 582 in
1676 541 1791 582 mo—

229 625 424 685 nasterii
453 620 737 676 arboribus
761 620 915 674 olivae
938 633 1120 688 paucae
1142 619 1319 675 inesse
1341 618 1684 687 videbantur,
1700 633 1792 675 eas

228 719 382 789 coiligi
406 715 683 788 praecepit,
714 715 845 769 etin
877 713 1043 783 prmio
1066 714 1223 783 mitti,
1248 721 1302 769 et
1326 712 1616 784 quamlibet
1643 721 1670 750 ι
1696 727 1793 783 pa-

223 827 321 869 rum
376 809 477 865 olei
519 809 672 864 exire
698 806 979 877 potuisset,
1007 805 1221 861 sibimet
1269 805 1489 862 deferri.
1541 805 1792 861 Factum-

222 920 304 977 que
331 911 444 971 est,
477 914 531 958 et
582 910 889 972 susceptum
934 900 990 955 in
1017 914 1182 970 parvo
1209 900 1427 956 vasculo
1474 900 1649 955 oleum
1681 900 1790 955 fra-

221 1009 313 1055 tres
338 996 591 1052 Nonnoso
623 995 717 1050 Dei
747 993 945 1049 famulo
970 993 1280 1048 detulerunt
1306 1011 1319 1047 :
1342 992 1482 1064 quod
1508 993 1625 1063 ipse
1666 1008 1791 1063 pro-

224 1097 349 1149 tinus
390 1100 515 1148 ante
558 1091 725 1146 altare
771 1088 981 1160 posuit,
1027 1088 1344 1156 cunctisque
1394 1086 1789 1157 egredientibus

219 1188 399 1254 oravit,
434 1194 594 1257 atque
619 1183 893 1240 accersitis
919 1181 1260 1254 postmodum
1293 1181 1545 1237 fratribus
1587 1194 1789 1252 praece-

219 1283 299 1353 pit,
332 1290 391 1335 ut
418 1280 519 1335 hoc
565 1276 708 1350 quod
754 1277 1057 1333 detulerant
1095 1276 1271 1332 oleum
1323 1276 1582 1340 levarent,
1613 1285 1666 1331 et
1694 1290 1789 1345 per

220 1382 393 1431 cuncta
419 1386 545 1426 vasa
576 1368 892 1425 monasterii
933 1368 1125 1438 exigue
1152 1367 1420 1423 fundendo
1451 1365 1785 1433 dividerent,

218 1474 468 1538 quatenus
496 1462 873 1519 benedictione
896 1460 1138 1531 ejusdem
1169 1459 1279 1514 olei
1307 1457 1483 1514 omnia
1515 1457 1689 1512 infusa
1711 1457 1788 1512 vi-

1902 539 1992 592 τῆς·
2038 542 2191 603 μονῆς
2231 535 2599 611 ἐξερχομένων,
2648 541 2698 592 ἐν
2740 537 2844 612 ὅσῳ
2872 540 3021 617 κέρδη
3052 543 3215 599 ἐλαίου
3254 549 3491 617 ζητοῦσι,

1900 619 2127 693 ψυχικήν
2153 626 2328 699 ζημίαν
2360 628 2695 701 ὑπομείνωσι.
2714 632 2907 687 Μᾶλλον
2931 632 2986 689 δέ
3015 636 3065 689 ἐν
3093 645 3200 699 τοῖς
3226 645 3316 694 τοῦ
3335 662 3493 712 μονα-

1902 718 2112 791 στηρίου
2143 716 2366 795 δένδροις
2390 724 2605 785 τούτους
2620 724 2845 780 ἀπελθεῖν
2877 725 3155 796 ἐκέλευσεν,
3188 732 3349 806 ὀλίγαι
3388 736 3490 812 γάρ

1899 812 2059 868 ἐλαίαι
2099 814 2146 867 ἐν
2182 816 2357 877 αὐτοῖς
2398 818 2720 892 ἐθεωροῦντο,
2746 823 2833 877 καί
2858 825 3021 885 αὑτάς
3048 828 3363 899 σωρευθῆναι
3402 832 3492 887 καί

1900 905 1950 958 ἐν
1976 912 2048 972 τῷ
2075 906 2415 985 ἒλαιοτριϐείῳ
2446 912 2687 983 βληθῆναι
2712 917 3047 989 προσέταξεν,
3082 926 3105 954 θ
3136 922 3219 974 καί
3246 920 3297 975 εἴ
3314 945 3365 979 τι
3387 924 3491 980 ὀλί-

1899 1017 1985 1068 γον
2011 996 2174 1054 ἔλαιον
2203 1001 2402 1065 ἐξελθεῖν
2432 1002 2728 1073 δυνήσηται,
2759 1005 2898 1071 ὅπως
2917 1012 3058 1086 αὐτῷ
3086 1016 3487 1090 προσαγάγωσι.

1894 1091 2067 1164 Γέγονε
2103 1096 2269 1148 τοίνυν
2296 1100 2379 1151 καί
2416 1098 2469 1152 ἐν
2504 1094 2522 1135 ί
2551 1102 2852 1174 στενωτάτῳ
2906 1104 3091 1177 ἀγγείῳ
3132 1108 3191 1161 τό
3234 1107 3394 1163 ελαιον
3442 1109 3491 1165 οί

1894 1180 2093 1255 ἀδελφοὶ
2135 1183 2416 1257 δεξάμενοι,
2454 1193 2693 1262 Νοννὼσῳ
2724 1199 2795 1264 τῷ
2823 1200 2913 1248 τοῦ
2944 1202 3071 1250 Θεοῦ
3114 1194 3276 1269 δούλῳ
3304 1208 3330 1247 8
3356 1201 3493 1261 ἀπή-

1894 1297 2069 1349 γαγον.
2090 1272 2255 1354 Ὀπερ
2293 1281 2445 1342 αὐτὸς
2470 1279 2735 1355 δεξάμενος
2772 1284 3052 1362 ἔμπροσθεν
3079 1296 3168 1345 τοῦ
3199 1292 3484 1355 θυσιαστη-

1897 1367 2008 1441 ρίου
2056 1368 2259 1422 τέθεικε·
2314 1372 2400 1423 καὶ
2445 1368 2649 1427 πάντων
2695 1374 3003 1444 ἐξελθόντων,
3048 1378 3199 1451 μόνος
3227 1379 3364 1438 ἔνδον
3398 1393 3492 1448 τῆς

1896 1457 2160 1519 ἐκκλησίας
2182 1460 2466 1531 άπέμεινεν,
2501 1465 2580 1517 καί
2609 1464 2783 1520 ἐαυτὸν
2810 1468 2882 1528 εἰς
2920 1469 3080 1540 εὐχήν
3119 1468 3321 1528 δέδωκε.
3352 1479 3492 1534 Μετὰ

216 1561 460 1617 derentur
489 1575 502 1612 :
540 1570 661 1627 qua:
693 1557 939 1625 protinus
968 1560 1027 1609 ut
1056 1562 1209 1609 erant
1234 1566 1401 1607 vacua
1428 1550 1603 1607 claudi
1637 1550 1781 1606 fecit.

1903 1548 1949 1606 δέ
1979 1557 2131 1608 τοῦτο
2162 1557 2395 1625 φωνήσας
2441 1557 2565 1616 τοὺς
2616 1556 2878 1629 ἀδελφοὺς,
2936 1562 3195 1619 ἐκέλευσεν
3236 1565 3319 1621 ἶνα
3362 1566 3489 1645 ὅπερ

218 1653 298 1709 Die
326 1667 454 1707 vero
477 1650 639 1705 altera
667 1657 851 1720 aperta
877 1647 1056 1702 omnia
1101 1646 1259 1714 plena
1291 1652 1500 1713 reperta
1532 1652 1675 1699 sunt.

1896 1646 2031 1717 αὐτῷ
2056 1650 2386 1721 προσήγαγον
2412 1646 2583 1705 ἔλαιον
2622 1652 2879 1726 ἐπάρωσι,
2930 1657 3015 1709 καί
3052 1657 3123 1717 εἰς
3167 1654 3260 1713 ὅλα
3308 1660 3372 1714 τά
3396 1666 3488 1715 τοῦ

217 1748 541 1823 μοναστηρίου
570 1747 751 1818 ἀγγεῖα
780 1741 887 1798 κατ’
911 1742 1074 1815 ὀλίγον
1116 1742 1385 1810 ἐκχέοντες
1426 1737 1809 1817 διαμερίσωσιν,
1851 1735 1988 1800 ὅπως
2021 1739 2074 1792 ἐκ
2097 1747 2190 1800 τῆς
2218 1747 2309 1795 τοῦ
2351 1741 2516 1796 ἐλαίου
2567 1744 2793 1816 εὐλογίας
2839 1744 3043 1804 ἅπαντα
3081 1750 3366 1817 πιανθῶσι,
3408 1752 3492 1810 καί

216 1849 364 1898 ταῦτα
406 1839 643 1917 σάϐουρα
681 1833 805 1891 ὄντα
846 1836 1077 1912 παρευθύ
1108 1833 1389 1889 κλεισθῆναι
1417 1834 1704 1891 πεποίηκεν.
1736 1837 1817 1885 Ἐν
1856 1829 1909 1887 δέ
1937 1831 2059 1905 ἄλλη
2079 1834 2244 1909 ἡμέρᾳ
2272 1834 2609 1907 ἀνοιχθέντα,
2644 1835 2851 1894 ἅπαντα
2876 1841 3097 1912 γέμοντα
3121 1842 3413 1918 εὑρέθησαν,

275 1938 435 1992 Pera.
465 1933 761 1990 Probamus
788 1928 1022 2003 quotidie
1066 1928 1277 1999 impleri
1299 1927 1476 1998 Everba
1505 1926 1782 1996 Veritatis,

1963 1936 2134 1983 ΠΕΤΡ.
2164 1931 2469 2001 Πιστεύομεν
2515 1932 2626 1985 καθ’
2652 1933 2841 2010 ἡμέραν
2870 1934 3189 2011 πληροῦσθαι
3236 1946 3328 1994 τοῦ
3370 1940 3491 2002 ἀλή-

215 2045 314 2101 qua:
333 2028 411 2083 ait
443 2044 458 2081 :
486 2025 647 2080 Pater
666 2041 809 2080 meus
837 2038 993 2095 usque
1018 2021 1170 2076 n‘todo
1198 2029 1461 2095 operatur,
1490 2027 1537 2074 et
1565 2034 1657 2091 ego
1678 2035 1792 2089 ope-

215 2141 287 2181 ror
305 2122 488 2195 (Joan.
511 2137 567 2189 v,
586 2120 704 2192 27).

800 2273 1031 2333 CAPUT
1056 2272 1188 2329 Vlll.

216 2378 285 2434 De
321 2374 601 2432 Anastasio
638 2371 820 2427 abbate
846 2368 1179 2496 manarent,
1207 2366 1345 2437 quod
1374 2365 1402 2406 ι’
1435 2364 1794 2437 Suppentonia

878 2458 1002 2496 voca
1026 2457 1108 2496 ur.

878 2457 1108 2497 vocatur.

274 2550 600 2607 GBEGOBIUS.
627 2542 832 2601 Eodem
858 2553 1073 2611 quoque
1096 2546 1339 2608 tempore
1358 2534 1696 2592 venerandus
1711 2533 1795 2589 vir

211 2645 538 2709 Anastasius,
564 2640 721 2711 cujus
756 2636 1004 2706 superius
1032 2632 1349 2690 memoriam
1378 2629 1482 2686 feci
1513 2630 1663 2701 (Cap.
1698 2627 1786 2699 7),

208 2746 404 2795 sancta:
431 2735 687 2792 Romana:
712 2727 969 2785 Ecclesiae
986 2768 1003 2793 ,
1027 2726 1114 2781 cui
1142 2724 1256 2781 Deo
1276 2732 1497 2779 auctore
1521 2723 1793 2789 deservio,

209 2831 451 2887 notarius
474 2827 569 2883 fuit
590 2822 917 2898 (Martyrol.,
943 2820 1003 2875 ff
1031 2816 1205 2889 Jan.).
1228 2816 1328 2883 Qui
1356 2815 1458 2871 soli
1493 2817 1648 2887 181
1683 2814 1797 2871 Deo

207 2937 401 2979 vacare
445 2919 777 2982 desiderans,
804 2912 1065 2970 scrinium
1096 2910 1373 2977 deseruit,
1402 2908 1793 2963 monasterium

208 3015 402 3085 elegit,
433 3022 592 3081 atque
632 3011 687 3064 in
727 3022 793 3065 eo
819 3007 938 3062 loco
979 3014 1001 3043 ο
1034 3018 1197 3074 quem
1240 3000 1495 3073 praefatus
1524 3015 1665 3070 sum,
1708 2998 1796 3071 qui

205 3104 580 3177 Suppentonia
600 3110 837 3169 vocatur,
857 3115 953 3170 per
976 3112 1147 3154 annos
1178 3097 1381 3151 multos
1403 3095 1456 3150 in
1478 3095 1679 3150 sanctis
1703 3110 1796 3150 ac-

209 3203 355 3259 tibus
384 3201 548 3257 vitam
578 3198 745 3266 duxit,
780 3198 934 3269 eique
980 3193 1312 3251 monasterio
1341 3192 1528 3248 solerti
1557 3192 1800 3248 custodia

214 3292 451 3364 praefuit.
494 3292 609 3359 Quo
637 3288 887 3346 videlicet
913 3287 968 3343 in
1006 3285 1126 3341 loco
1152 3285 1340 3356 ingens
1368 3284 1601 3354 desuper
1639 3297 1800 3353 rupes
1828 3324 1873 3388 Ο

212 3390 447 3456 eminet,
496 3394 550 3443 et
598 3384 920 3457 profundum
959 3384 1143 3441 subter
1175 3380 1202 3420 ἀ
1233 3381 1589 3454 praecipitium
1629 3389 1796 3451 patet.

211 3479 451 3547 Quadam
478 3492 610 3534 vero
632 3485 791 3533 nocte
815 3491 935 3533 cum
962 3476 1073 3547 jam
1100 3475 1445 3545 omnipotens
1476 3474 1615 3529 Deus
1653 3473 1799 3541 ejus-

211 3572 333 3627 dem
362 3570 688 3628 venerabilis
727 3570 829 3625 viri
878 3569 1149 3625 Anastasii
1192 3568 1409 3624 labores
1453 3580 1801 3622 remunerare

212 3664 560 3733 decrevisset,
588 3664 658 3717 ab
677 3664 787 3718 alta
806 3677 941 3733 rupe
960 3676 1064 3718 vox
1082 3659 1225 3717 facta
1255 3669 1360 3729 est,
1393 3674 1513 3731 qua:
1536 3658 1802 3730 producto

212 3758 394 3814 sonitu
425 3759 702 3824 clamaret,
726 3758 911 3814 dicens
940 3774 955 3811 :
988 3757 1239 3813 Anastasi
1260 3798 1277 3826 ,
1298 3755 1441 3811 veni.
1468 3754 1589 3821 Quo
1612 3762 1801 3809 vocato

209 3850 299 3904 alii
346 3865 561 3921 quoque
602 3856 808 3920 septem
841 3847 1034 3904 fratres
1061 3848 1238 3904 vocati
1290 3855 1417 3903 sunt
1461 3861 1527 3901 ex
1560 3846 1799 3902 nomine.

210 3940 387 3997 Parvo
401 3951 579 3998 autem
592 3949 869 3997 momento
888 3954 950 3995 ea
966 3955 1083 4013 quae
1097 3940 1272 3995 fuerat
1288 3939 1485 3995 emissa
1506 3952 1607 3994 vox
1629 3937 1799 4006 siluit,

207 4043 262 4090 et
286 4043 542 4091 octavum
565 4035 784 4091 fratrem
804 4034 1037 4090 vocavit.
1062 4034 1211 4101 Quas
1255 4033 1382 4088 dum
1410 4038 1594 4102 aperte
1643 4044 1804 4087 voces

206 4129 557 4199 congregatio
605 4126 867 4196 audisset,
919 4126 1141 4183 dubium
1184 4138 1292 4181 non
1324 4124 1426 4180 fuit
1452 4125 1580 4194 quin
1612 4137 1800 4179 eorum

210 4222 303 4291 qui
334 4222 516 4279 vocati
545 4221 753 4280 fuerant
773 4223 951 4279 obitus
977 4221 1481 4293 apprOpinquasset.
1509 4220 1650 4275 Intra
1676 4236 1803 4289 pau-

203 4330 295 4372 cos
341 4316 510 4388 igitur
540 4317 655 4373 dies
694 4318 903 4387 primus
930 4314 1270 4372 venerandus
1321 4314 1402 4369 vir
1450 4312 1799 4379 Anastasius,

200 4414 385 4468 caueri
421 4421 601 4468 autem
632 4412 684 4467 in
706 4426 774 4468 eo
794 4411 983 4467 ordine
1010 4425 1076 4466 ex
1101 4423 1267 4466 carne
1297 4407 1476 4464 educti
1520 4414 1668 4473 sunt,
1695 4419 1803 4477 quo

201 4504 267 4558 de
296 4504 457 4575 rupis
496 4503 698 4559 vertice
742 4502 953 4557 fuerant
991 4500 1191 4557 vocati.
1236 4499 1427 4555 Frater
1458 4511 1587 4553 vero
1614 4496 1706 4551 ille
1734 4496 1803 4551 ad

198 4610 359 4665 quem
391 4594 694 4651 vocandum
719 4609 825 4650 vox
853 4608 1044 4664 parum
1072 4591 1239 4657 siluit,
1260 4600 1421 4663 atque
1437 4604 1562 4646 eum
1596 4589 1670 4644 ita
1700 4603 1800 4643 no-

1894 2023 2029 2081 θινοῦ
2058 2028 2188 2079 Θεοῦ
2219 2028 2304 2079 καὶ
2331 2025 2508 2101 κυρίου
2547 2028 2687 2097 ἡμῶν
2716 2025 2882 2087 Ἰησοῦ
2912 2037 3137 2103 Χριστοῦ
3168 2034 3235 2088 τά
3261 2034 3517 2109 ῥήματα,

1894 2116 2027 2197 άπερ
2048 2119 2364 2197 προείρηκεν·
2389 2132 2444 2177 ‘0
2465 2125 2635 2197 πατήρ
2656 2142 2754 2190 μου
2777 2123 2873 2185 ἕως
2898 2120 3018 2200 ἄρτι
3045 2125 3330 2202 ἐργάζεται,
3351 2131 3499 2206 κᾲγεῗε

1898 2212 2196 2287 ἐργάζομαι.

2036 2329 2045 2342 ο
2537 2295 2859 2347 ΚΕΦΔΛ.ΗἏ

1895 2377 2012 2453 Περί
2037 2375 2376 2435 ’Δναστασίευ
2406 2381 2691 2462 ἡγουμένου
2713 2389 2868 2462 μονῆς
2896 2389 2988 2445 τῆς
3010 2384 3350 2462 ’Υπόκρημνον
3382 2390 3490 2446 ὀνο-

2537 2454 2845 2526 μαζομένης.

1968 2551 2319 2600 ΓΡΗΓΟΡῙΟΣ.
2348 2545 2427 2602 Ἐν
2467 2548 2605 2620 αὐτῷ
2641 2552 2810 2603 τοίνυν
2850 2556 2922 2621 τῷ
2961 2550 3132 2627 χρόνῳ
3158 2551 3182 2607 ό
3208 2553 3491 2628 σεϐάσμιος

1896 2634 2018 2712 ἀνὴρ
2045 2632 2381 2697 ’Λναστάσιος
2402 2676 2415 2702 ,
2452 2634 2646 2699 οὗτινος
2686 2640 2922 2717 ἀνωτέρῳ
2950 2644 3119 2713 μνείαν
3144 2644 3486 2718 ἐποιησάμην,

1900 2724 1922 2764 ³³
1946 2728 2189 2803 νωτάριος
2222 2732 2434 2803 ὑπῆρχε
2462 2734 2657 2793 ταύτης
2684 2740 2777 2795 τῆς
2804 2742 2905 2790 τῶν
2933 2733 3187 2809 Ῥωμαίων
3215 2739 3366 2811 ἁγίας
3402 2747 3493 2798 τοῦ

1898 2830 2027 2877 Θεοῦ
2054 2824 2346 2892 ἐκκλησίας,
2419 2833 2546 2881 Θεοῦ
2577 2827 2758 2904 χάριτι
2777 2832 2887 2883 νυνὶ
2915 2827 3137 2886 δουλεύω
3166 2833 3281 2906 ἐγώ.
3304 2832 3395 2897 ’ος
3416 2856 3491 2899 τις

2089 2925 2200 2992 Θεῷ
2247 2917 2384 2993 μόνῳ
2430 2921 2479 2974 έν
2531 2921 2733 2996 ἠσυχίᾳ
2780 2918 3053 2980 δουλεῦσαι
3108 2927 3382 2999 ἐπιθυμῶν,
3437 2929 3492 2985 τό

1903 3012 2123 3081 σκρίνιον
2164 3010 2490 3083 καταλείψας,
2539 3015 2626 3068 τὸν
2656 3016 2845 3086 μονήρη
2889 3017 2997 3087 βίον
3029 3018 3299 3085 ἐξελέξατο,
3343 3024 3492 3074 mil-1

1899 3112 1963 3178 τῇ
1993 3107 2495 3178 προμνημονευθείσῃ
2542 3115 2662 3182 μονῇ
2679 3151 2694 3176 ,
2740 3110 2774 3166 η’
2800 3130 2878 3169 τις
2906 3109 3244 3186 ’Υπόκρημνον
3272 3113 3494 3171 καλεῖται

1903 3197 2299 3267 ἀποταξάμενος,
2330 3200 2414 3253 ἐπί
2440 3198 2652 3258 πολλοὺς
2696 3201 2920 3274 χρόνους
2959 3201 3237 3279 διαρκέσας
3256 3248 3270 3272 ,
3304 3207 3353 3259 ἐν
3374 3206 3494 3281 ἀγίᾳ

1902 3288 2193 3365 ἀναστροφῇ
2243 3294 2331 3349 τήν
2388 3295 2517 3355 ζωήν
2571 3295 2857 3364 παρήγαγε·
2908 3301 2999 3352 τῆς·
3050 3292 3105 3349 δέ
3147 3297 3301 3354 αὐτῆς
3338 3305 3494 3365 μονῆς

1890 3384 2145 3454 ἀγρύπνῳ
2193 3383 2386 3455 φυλακῇ
2430 3386 2512 3437 καί
2561 3387 2648 3440 την
2694 3384 2964 3455 ἠγεμονίαν
2997 3385 3082 3439 ἐπὶ
3122 3384 3215 3444 ἔτη
3245 3386 3393 3441 ἱκανά
3422 3389 3494 3440 ἐν·

1905 3493 1926 3527 ε
1932 3475 2192 3548 χειρίσθη.
2216 3473 2294 3527 Ἐν
2323 3476 2461 3546 αὐτῷ
2480 3470 2564 3528 οὖν
2582 3481 2655 3545 τῷ
2679 3474 2823 3547 τόπῳ
2852 3479 3181 3551 παμμεγέθης
3207 3478 3339 3539 λίθος
3361 3476 3493 3535 ἀνω-

1903 3566 1982 3618 θεν
2009 3565 2326 3639 ὑπέρκειται,
2371 3568 2452 3620 καὶ
2480 3565 2773 3637 βαθύτατος
2802 3570 3020 3641 κρημνὸς
3050 3569 3268 3624 κάτωθεν
3296 3571 3495 3648 θεωρεῖ‹

1902 3677 2005 3711 ται.
2026 3654 2147 3711 Ὅτε
2193 3655 2246 3711 δέ
2290 3658 2462 3712 λοιπὸν
2493 3656 2518 3711 ό
2547 3656 2935 3730 παντοδύναμος
2959 3662 3084 3721 Θεὸς
3111 3668 3202 3715 τοῦ
3231 3664 3383 3718 αὐτοῦ
3410 3685 3497 3720 σε·

1907 3747 2130 3819 ϐασμίου
2178 3747 2361 3826 ἀνδρὸς
2389 3751 2727 3806 ’Δναστασίου
2765 3760 2873 3812 τοῖς
2918 3753 3095 3817 κόποις
3126 3753 3294 3813 ἄνεσιν
3330 3780 3497 3832 παρα‹

1906 3849 2060 3913 σχεῖν
2090 3842 2364 3909 ἐκέλευσεν,
2414 3844 2464 3898 έν
2514 3851 2607 3916 μιᾷ
2648 3848 2791 3901 νυκτὶ
2827 3847 2880 3899 ἐκ
2929 3854 3019 3901 τοῦ
3050 3848 3216 3920 ὕψους
3244 3859 3334 3907 τοῦ
3363 3853 3498 3909 λίθου

1903 3939 2036 4008 φωνὴ
2061 3937 2262 4009 γέγονεν
2292 3938 2421 4006 μετά
2440 3937 2579 4009 ἤχου
2600 3938 2840 4012 λέγουσα·
2863 3939 3188 4010 ’Δναστάσιε,
3212 3941 3381 4021 δεῦρο.
3408 3949 3499 4002 At).

1902 4034 1996 4083 τοῦ
2026 4025 2080 4081 δὲ
2108 4027 2386 4095 κληθέντος,
2420 4030 2583 4104 ἕτεροι
2607 4030 2740 4086 ἑπτά
2760 4030 2962 4103 ἀδελφοί
2992 4033 3041 4097 ἐξ
3070 4034 3313 4104 ὀνόματος
3360 4038 3500 4098 ἐκλή-

1903 4123 2078 4180 θησαν.
2108 4124 2292 4198 Μικρόν
2320 4122 2375 4178 δέ
2399 4132 2491 4184 τῆς
2516 4125 2775 4198 γενομένης
2803 4134 2969 4198 φωνῆς
3012 4130 3381 4197 σιωπησάσης,
3418 4135 3501 4190 καί

1904 4216 1991 4271 τὸν
2022 4212 2197 4287 ὄγδοον
2220 4215 2427 4289 ἀδελφὸν
2446 4216 2679 4272 ἐκάλεσε.
2714 4222 2865 4273 Πᾶσα
2897 4214 2984 4272 οὖν
3022 4221 3053 4277 ἡ
3091 4216 3107 4256 ί
3139 4220 3377 4277 συνοδεία
3402 4246 3500 4297 φα-

1905 4312 2061 4379 νερῶς
2089 4314 2181 4366 τῆς
2200 4314 2363 4379 φωνῆς
2394 4307 2576 4368 ἐκείνης
2606 4309 2876 4363 ἀκούσασα
2895 4349 2910 4376 ,
2942 4311 2992 4364 ἐν
3018 4311 3334 4388 πληροφορίᾳ
3358 4316 3501 4388 γέγο.

1904 4419 2001 4462 νεν,
2035 4397 2113 4454 ὅτι
2139 4406 2239 4454 τῶν
2283 4400 2589 4471 κεκλημένων
2636 4399 2663 4455 ό
2708 4402 2919 4462 θάνατος
2966 4403 3265 4462 ἐπλησίασε.
3291 4410 3497 4470 Μεταξὺ

1907 4488 1992 4547 οὖν
2022 4492 2197 4562 ὀλίγων
2236 4494 2435 4567 ἡμερῶν
2481 4500 2687 4569 πρῶτος
2729 4494 2754 4549 ὁ
2802 4496 3175 4559 εὐλαϐέστατος
3205 4500 3329 4573 ἀνὴρ
3360 4497 3499 4553 Ἀνα-

1907 4586 2142 4650 στάσιος,
2172 4587 2258 4640 καί
2289 4587 2335 4641 οί
2363 4587 2531 4641 λοιποὶ
2560 4587 2675 4645 κατ’
2705 4585 2899 4664 ὅρδινον
2925 4598 3025 4644 τῶν
3051 4590 3250 4663 δεσμῶν
3273 4597 3361 4645 τοῦ
3398 4593 3499 4643 ecb-

199 4691 455 4757 minavit,
473 4688 826 4746 morientibus
845 4688 987 4756 aliis,
1007 4687 1194 4757 paucis
1213 4684 1405 4741 diebus
1425 4666 1582 4750 vixit,
1596 4692 1651 4738 et
1673 4691 1796 4738 tunc

1906 4700 2067 4749 ματος
2106 4680 2458 4744 ἀπολυθέντες,
2488 4681 2616 4757 πρὸς
2645 4684 2816 4756 κύριον
2863 4680 3195 4752 ἐξεδήμησαν,
3225 4678 3277 4735 ὃν
3305 4680 3500 4748 τρόπον

199 4781 363 4837 vitam
424 4780 627 4849 finivit;
659 4790 718 4836 ut
746 4788 931 4850 aperte
978 4784 1374 4834 monstraretur
1411 4778 1535 4847 quia
1583 4774 1800 4845 interie-

194 4882 341 4928 ctum
371 4873 529 4929 vocis
556 4872 827 4928 silentium
855 4884 1075 4939 parvum
1116 4868 1332 4924 vivendi
1354 4868 1584 4938 spatium
1612 4867 1796 4937 signa-

194 4968 359 5022 verit.
387 4966 501 5023 Sed
521 4966 657 5021 mira
674 4979 763 5021 res
776 4963 1030 5035 contigit,
1050 4964 1175 5035 quia
1198 4961 1526 5018 venerabilis
1550 4960 1630 5015 vir
1650 4958 1795 5015 Ana-

190 5062 396 5117 stasius
426 5060 553 5115 dum
585 5059 653 5114 de
672 5072 903 5129 corpore
937 5056 1133 5123 exiret,
1159 5064 1276 5112 erat
1300 5054 1515 5125 quidam
1548 5053 1714 5109 frater
1742 5054 1796 5108 in

257 5203 283 5268 _‘
316 5197 537 5261 Germ,
564 5210 749 5268 parum
778 5192 1221 5268 oleum._1f{orm.,
1251 5206 1464 5263 parvum
1493 5189 1680 5245 oleum.

256 5266 286 5305 δ
315 5268 479 5322 Nunc
506 5264 784 5322 castellum
818 5264 988 5320 sancti
1019 5265 1167 5321 ElitP.

262 5347 288 5375 ε
322 5338 384 5392 1η
418 5338 519 5392 Ed.
550 5354 696 5406 quem
727 5337 971 5407 prrefatus
1000 5352 1114 5390 sum
1146 5334 1555 5407 Suppentoniam
1597 5331 1789 5388 vocari.

253 5407 285 5445 ἀ
322 5409 557 5478 Propter
587 5410 688 5465 hoc
713 5408 1093 5480 praecipitium
1144 5406 1293 5480 locus
1334 5406 1419 5461 hic
1447 5406 1792 5480 ’Υλπόκρημνον

183 5479 384 5535 Graece
419 5476 659 5535 vocatur.
693 5476 945 5534 FOrtasse
983 5478 1145 5533 etiam
1177 5476 1544 5545 Suppentonia
1575 5476 1790 5541 dicitur,

179 5552 327 5621 quod
363 5551 785 5621 superpendeat,
816 5559 873 5621 et
898 5550 1049 5618 quasi
1082 5549 1299 5618 pensilis
1332 5548 1627 5604 immineat.

251 5633 279 5695 εἷ
312 5620 491 5695 Reg},
514 5621 641 5685 ἴσως
665 5625 825 5695 ὀλίγον
857 5620 1045 5677 ἔλαιον.

257 5691 280 5731 ί
313 5688 508 5762 (ὶοῖὺη
542 5688 838 5766 σεμνοτάτῳ
877 5695 1083 5765 ἀγγείῳ.
1111 5692 1269 5761 Reg.,
1303 5714 1388 5762 μικ
1426 5693 1607 5762 οτάτῳ.
1638 5688 1794 5760 Saepe

257 5764 489 5816 charias
518 5768 683 5816 utitur
713 5778 843 5816 voce
871 5766 1070 5816 σεμνὸς.
1114 5762 1181 5816 ad
1227 5713 1637 5816 sianilrcandum
1666 5779 1790 5816 nar—

176 5761 683 5837 Zacharias'utitur
713 5761 843 5837 voce
871 5761 1088 5837 σεμνὸς
1114 5762 1181 5817 ad
1227 5761 1637 5837 significandum
1666 5779 1790 5832 par—

177 5850 319 5905 vum,
356 5835 632 5907 exiguam,
664 5847 720 5893 ut
752 5834 888 5891 infra
918 5834 1233 5903 videbimus,
1269 5848 1317 5889 c.
1348 5834 1403 5903 9,
1444 5839 1629 5907 σεμνοῦ
1670 5854 1792 5892 παι-

1906 4774 1959 4827 ἐκ
1999 4784 2090 4835 τῆς
2134 4784 2353 4848 κορυφῆς
2387 4774 2400 4825 i
2441 4783 2531 4831 τοῦ
2580 4776 2718 4831 λίθου
2770 4776 3064 4835 ἐκλήθησαν.
3097 4786 3151 4827 ‘0
3189 4771 3243 4827 δὲ
3290 4772 3500 4848 ἁδελφός

1907 4867 2105 4930 ἐκεῖνος,
2140 4863 2193 4919 ὃν
2221 4868 2552 4938 ἡσυχάσασα
2585 4869 2615 4926 ἡ
2644 4872 2778 4941 φωνὴ
2806 4865 2915 4939 μετ’
2942 4866 3104 4937 ὀλίγον
3150 4864 3376 4931 ἐκάλεσε,
3418 4889 3500 4922 rs-

1904 4958 2256 5017 λευτησάντων
2285 4966 2384 5015 τῶν
2413 4956 2572 5013 ἄλλων
2594 4964 2752 5023 ζήσας
2775 4956 2940 5029 ὀλίγας
2980 4956 3186 5030 ἡμέρας,
3226 4962 3310 5013 καί
3346 4960 3500 5022 αὐτὸς

1905 5050 2078 5106 λοιπὸν
2105 5052 2155 5105 ἐν
2177 5054 2335 5126 κυρίῳ
2364 5051 2645 5116 ἐτελειώθη,
2674 5051 2805 5103 ὥστε
2837 5046 3133 5119 δειχθῆνα.,
3177 5047 3259 5105 ὅτι
3290 5052 3348 5106 τὸ
3388 5050 3500 5108 διάη

1901 5187 2101 5274 δαρίου.
2145 5188 2212 5243 Ει
2266 5189 2434 5274 paulo
2472 5196 2620 5274 post,
2659 5188 2956 5274 οςμγοτάςῳ
3001 5190 3210 5262 ἀγγείω.
3260 5188 3498 5250 Plurima

1900 5258 2156 5328 deinceps
2199 5259 2444 5329 exempla
2488 5259 2633 5314 vocis
2682 5258 2839 5330 hujus
2881 5258 2982 5316 hoc
3026 5258 3191 5317 sensu
3229 5273 3498 5333 usurpatae

1901 5339 2203 5387 recurrent.
3240 5352 3245 5355 ί

1974 5413 1999 5474 _8
2030 5400 2191 5474 ﬁegq
2225 5403 2507 5474 ἀπήγαγον.
2547 5401 2706 5474 (SEc.)

1889 5514 1897 5520 .
1976 5472 2000 5551 ιξ
2030 5472 2288 5551 literque,
2318 5472 2567 5551 νοςᾷριοςζ

1956 5545 1998 5629 ,ί
2030 5544 2159 5629 Mss.
2187 5585 2203 5611 ,
2236 5544 2479 5629 συνοδίοὶ,
2510 5556 2564 5602 et
2604 5548 2818 5629 quidem
2858 5548 3083 5629 melius;
3115 5562 3291 5629 neque
3318 5557 3495 5629 tamen

1901 5615 2101 5690 aliquid
2145 5624 2356 5690 mutare
2380 5615 2997 5690 pragsumpsimuskquia
3038 5615 3494 5690 quemadmodum

1898 5686 2094 5759 dicitur
2120 5688 2287 5753 ἐξοδία
2311 5686 2590 5755 δι’ἐξοδεία
2610 5686 2816 5755 exitus,
2848 5686 2924 5746 ita
2950 5686 3071 5747 dici
3099 5702 3261 5759 posse
3284 5691 3495 5749 videtur

1901 5757 2117 5817 συνοδία
2143 5768 2198 5815 et
2222 5759 2461 5818 συνοδεία
2480 5771 2796 5820 conventus.

1977 5835 1990 5883 ἱ
2029 5830 2209 5900 Colb.,
2242 5838 2329 5889 τοῦ
2360 5829 2530 5909 ὅρους.
