3998 6356
568 366 672 431 191

1786 376 2026 435 SANCTI
2070 376 2394 434 GREGORII
2432 378 2647 435 MAGNI
3743 380 3835 483 £92

573 493 662 551 τὸν
687 494 1035 572 πρεσϐύτερον
1061 496 1305 561 καλέσας,
1345 500 1430 552 καὶ
1456 499 1618 568 εὑχήν
1644 500 1890 561 ποιήσας,
1921 501 2011 555 τὴν
2034 497 2138 551 ἀπο

2267 494 2527 564 liquorem
2553 493 2839 564 inluderat,
2865 494 3097 551 ubertim
3121 493 3303 550 vinum
3324 492 3600 550 fundentia
3624 494 3829 561 invenit,

575 590 727 649 θήκην
754 590 930 654 ἤνοιξε.
954 590 1026 644 Τὰ
1045 588 1100 645 δέ
1132 591 1290 650 σκεύη
1318 592 1367 645 ἐν
1389 590 1460 652 οἷς
1486 591 1512 646 ό
1542 592 1815 651 ἐκπιεσθείς
1844 591 2007 663 ὀλίγος
2036 586 2161 652 οἶνος

569 682 772 747 δϐλήθη,
814 681 1039 755 δαψιλῶς
1080 686 1166 739 τὸν
1214 680 1343 739 οἶνον
1394 686 1671 755 ἔκχύνοντα
1720 679 1883 757 εὑρεν⁶
1928 684 2059 739 ὥστε
2114 687 2160 737 εἰ

567 774 742 833 ἆδίησε
772 777 857 832 τὸν
885 778 1160 833 ἐπίσκοπον
1192 778 1354 851 ὀλίγον
1376 776 1627 854 βραδύναι
1655 786 1746 833 τοῦ
1783 777 2014 832 εἰσελθεῖν
2032 816 2045 841 ,
2070 782 2158 835 τήν

567 878 658 944 γῆν
685 878 776 930 τῆς
806 872 1064 934 ἀποθήκης
1098 877 1273 927 πᾶσαν
1300 874 1384 927 ἐπί
1407 880 1500 927 τοῦ
1535 872 1976 945 ύπερεκχεομένου
2024 868 2157 925 οἴνου

570 970 597 1001 ⁸
627 967 1001 1025 σκεπασθῆναι.
1025 967 1146 1021 Τότε
1174 974 1246 1035 τῷ
1268 966 1608 1042 πρεσϐυτέρῳ
1629 957 1767 1036 μετᾶ
1780 962 2158 1040 αὐστηρότητος

569 1056 844 1127 ἐκέλευσεν,
878 1060 960 1114 ἵνα
990 1058 1243 1131 μηδενίτό
1273 1061 1445 1131 θαῦμα
1478 1065 1631 1114 τοῦτο
1665 1060 1867 1132 ἐξείπῃ,
1900 1057 1996 1117 ἕως
2043 1052 2109 1108 οὗ
2136 1055 2161 1109 ὁ

568 1149 848 1213 ἐπίσκοπος
886 1154 942 1206 ὶκ
985 1161 1075 1213 τῆς
1112 1154 1384 1228 παρούσης
1420 1158 1549 1218 ζωῆς
1594 1152 1825 1224 μετέλθῃ,
1854 1150 2161 1222 φοϐούμενος

566 1248 636 1314 μή
667 1267 778 1306 πως
808 1247 858 1299 ἐν
975 1249 1206 1321 γεγονυίᾳ
1250 1246 1462 1318 δυνάμει
1502 1255 1593 1303 τοῦ
1634 1248 1912 1318 θαύματος,
1956 1243 2039 1299 διὰ
2066 1249 2158 1298 τοῦ

565 1344 666 1395 τῶν
704 1340 979 1412 ἀνθρώπων
1023 1340 1265 1405 ὲπαίνου,
1296 1342 1484 1413 βλάϐην
1524 1344 1633 1397 τινὰ
1662 1341 1929 1412 ὑπομείνῃ⁸
1962 1336 1989 1375 δ
2020 1338 2156 1392 πάνυ

562 1434 663 1505 γὰρ
705 1435 796 1492 τὰς
842 1435 1053 1507 πράξεις
1094 1437 1189 1495 τὰς
1225 1437 1413 1508 ἀγαθὰς
1453 1438 1606 1493 ὁτῶν
1640 1437 1920 1510 ἀνθρώπων
1951 1433 2156 1493 ἔπαινος

562 1527 948 1601 παραϐλάπτειν
985 1527 1177 1583 εἴωθεν·
1213 1535 1298 1586 καί
1334 1530 1385 1586 ἐν
1421 1530 1588 1601 τούτῳ
1618 1539 1692 1603 τῷ
1729 1536 1821 1585 τοῦ
1856 1526 2158 1583 διδασκάλου

2268 589 2342 649 ita
2367 598 2425 645 ut
2450 590 2811 659 pavimentum
2854 603 3015 645 omne
3056 588 3423 645 excrescentia
3461 589 3583 644 vina
3624 588 3830 643 invade-

2264 691 2406 748 rent,
2431 682 2475 735 si
2507 680 2681 736 adhuc
2703 682 2988 751 episcopus
3019 682 3223 738 tardius
3255 683 3529 737 intrasset.
3564 681 3715 737 Tunc
3738 691 3832 737 ter-

2263 772 2491 829 ribiliter
2518 773 2832 843 presbytero
2852 774 3108 844 praecepit
3130 790 3199 830 ne
3229 789 3469 845 quosque
3497 776 3611 843 ipse
3643 778 3695 832 in
3720 792 3834 833 cor-

2263 880 2394 937 pore
2442 867 2679 935 viveret,
2726 869 2829 923 hoc
2879 868 3192 924 miraculum
3250 870 3497 941 cuiquam
3549 869 3831 939 indicaret;

2260 960 2652 1029 pertimescens
2682 960 2931 1016 videlicet
2969 976 3037 1015 ne
3069 961 3122 1015 in
3148 960 3347 1017 virtute
3373 961 3495 1016 facti
3534 962 3713 1018 favore
3746 964 3835 1020 hu-

2259 1067 2420 1108 mano
2466 1053 2738 1122 pulsatus,
2769 1052 2893 1108 inde
2942 1052 3087 1107 intus
3130 1054 3487 1122 inanesceret,
3532 1055 3673 1110 unde
3718 1056 3834 1113 foris

2259 1147 2565 1203 hominibus
2590 1163 2811 1218 magnus
2830 1152 3468 1219 appareret,::exemplum
3491 1152 3651 1206 etiam
3683 1153 3832 1222 Magi-

2260 1241 2358 1296 stri
2385 1255 2634 1311 sequens,
2650 1242 2740 1311 qui
2768 1250 2824 1295 ut
2846 1256 2944 1297 nos
2964 1242 3029 1297 ad
3055 1242 3192 1297 viam
3216 1242 3534 1299 humilitatis
3566 1253 3591 1291 8
3618 1244 3833 1301 instrue-

2262 1344 2366 1402 ret,
2398 1336 2467 1391 tle
2492 1337 2781 1405 semetipso
2827 1336 3105 1406 discipulis
3152 1337 3424 1408 praecepit,
3448 1338 3635 1394 dicens
3680 1347 3736 1393 ut
3779 1354 3832 1394 ea

2262 1444 2381 1500 qua:
2407 1428 2690 1495 vidissent,
2709 1426 2737 1466 ιι
2758 1430 2957 1485 nemini
2984 1430 3245 1498 dicerent,
3261 1446 3541 1499 quousque
3568 1428 3734 1484 Filius
3754 1430 3833 1485 ho-

2261 1522 2419 1577 minis
2447 1536 2477 1575 a
2518 1523 2741 1578 mortuis
2770 1531 3081 1593 resurgeret
3110 1522 3326 1595 (Matth.
3362 1538 3490 1589 xvn,
3516 1522 3595 1592 9).

559 1616 897 1691 ὑποδείγματι
926 1622 1279 1686 ἐξακολουθῶν,
1317 1623 1462 1685 ὅστις
1500 1627 1635 1696 ἡμᾶς
1668 1625 1718 1676 ἐν
1854 1628 2065 1693 ταπεινῇ
2116 1616 2216 1687 όὸᾦ
2252 1624 2346 1675 τῆς
2393 1622 2856 1692 ταπεινοφροσύνης
2913 1618 3143 1693 ὁδηγῶν,
3199 1628 3307 1681 τοῖς
3360 1620 3542 1675 ἑαυτοῦ
3601 1621 3832 1688 μαθηταῖς

555 1710 855 1779 ἐνετείλατο,
882 1712 1059 1785 λέγων,
1083 1717 1203 1789 περί
1232 1712 1298 1768 ὧν
1327 1716 1569 1787 ἐθεώρουν
1596 1717 1839 1785 σημείων,
1868 1716 1955 1767 ἶνα
1973 1710 2151 1783 μηδενί
2189 1705 2421 1775 εἴπωσιν,
2446 1711 2542 1771 ἕως
2568 1707 2627 1765 ού
2658 1709 2683 1765 ό
2714 1712 2825 1771 Υἱός
2849 1717 2938 1765 τοῦ
2965 1713 3233 1788 ἀνθρώπου
3261 1711 3315 1765 ἐκ
3343 1719 3528 1785 νεκρῶν
3564 1711 3754 1787 ἀναστῇ

633 1806 800 1852 ῐΙΕἸῬ.
845 1804 1146 1871 Προφάσεως
1187 1805 1414 1879 εὐκαίρου
1452 1808 1810 1879 ἀναφανείσης,
1853 1810 2153 1873 ἐπιζητῆσαι
2179 1802 2225 1859 Β
2326 1798 2491 1854 Parn.
2519 1799 2654 1867 Quia
2682 1802 2901 1856 occasio
2928 1810 3049 1871 apta
3104 1816 3163 1856 se
3216 1801 3463 1870 praebuit,
3510 1801 3639 1857 libet
3671 1804 3831 1875 inqui-

560 1889 683 1947 θᾶλω
715 1894 766 1945 τί
806 1893 1045 1962 βούλεται
1074 1891 1220 1961 εἶναι,
1272 1896 1353 1952 ὅτι
1393 1898 1418 1952 ό
1451 1900 1716 1974 λυτρωτὴς
1756 1903 1893 1972 ἡμῶν
1922 1902 2066 1966 Θεὸς,
2101 1903 2153 1955 ἓν

564 1978 674 2050 ὅσῳ
712 1990 824 2043 τοῖς
872 1982 996 2038 δυσί
1038 1987 1237 2057 τυφλοῖς
1278 1988 1336 2041 τό
1381 1996 1483 2059 φῶς
1528 1991 1848 2065 ἐχαρίσατο,
1894 1993 2152 2047 ἐκέλευσεν

562 2069 702 2135 ὅπως
727 2072 1156 2135 μηδενίίεῖπωσιν
1190 2081 1367 2137 ἐκεῖνοι
1394 2080 1447 2136 δὲ
1486 2084 1781 2147 ἀπελθόντες
1801 2126 1815 2150 ,
1854 2084 2153 2159 διεφήμισαν

562 2166 716 2219 αὑτόν
747 2168 796 2219 ἐν
826 2169 971 2241 πάσῃ
997 2177 1059 2244 τῇ
1194 2172 1388 2244 ἐκείνῃς
1430 2178 1500 2244 μή
1548 2178 1597 2229 τί
1624 2197 1680 2248 γε
1708 2175 1734 2231 ό
1768 2183 2032 2249 μονογενής
2059 2186 2149 2233 τοῦ

561 2258 759 2331 πατρὸς
788 2259 922 2326 Υἱός,
944 2262 1027 2317 καί
1046 2268 1136 2317 τοῦ
1160 2263 1305 2336 ἁγίου
1331 2267 1619 2336 πνεύματος
1639 2269 1897 2331 συναῖδιος
1916 2273 1965 2324 ἐν
1982 2272 2153 2341 τούτῳ

558 2354 632 2417 τῷ
656 2350 922 2423 πράγματι
948 2354 1137 2424 θέλημα
1178 2352 1349 2426 εἶχεν,
1397 2355 1525 2433 ὅπερ
1571 2360 1662 2413 οὑκ
1706 2358 1918 2420 ἠδυνήθη
1942 2362 2150 2437 πληρῶ-

557 2454 666 2495 om“
695 2442 828 2498 ὥστε
857 2445 915 2500 τό
945 2446 1137 2517 θαῦμα,
1168 2446 1308 2525 ὅπερ
1320 2451 1641 2509 σιωπηθῆναε
1656 2452 1817 2517 ἤθελε,
1849 2451 2094 2525 μηδαμῶς
2122 2462 2145 2491 ⁸

556 2527 822 2592 δυνηθῆναι
848 2537 1219 2611 ἀποκρυϐἧναι.

630 2634 794 2683 ΓΡΗΓ.
836 2625 896 2682 ⁸0
923 2629 1184 2705 λυτρωτὴς
1217 2634 1357 2706 ἡμῶν
1387 2637 1541 2703 Θεός,
1588 2634 1674 2693 διὰ
1702 2646 1793 2694 τοῦ
1832 2641 2010 2699 θνητοῦ
2037 2642 2147 2696 σώ-

554 2738 739 2787 ματος,
771 2720 985 2779 ἕκαστον
1012 2722 1136 2799 ὅπερ
1171 2726 1471 2801 εἰργάσατο,
1503 2731 1619 2799 ἡμῖν
1647 2730 1933 2804 ὑπόδειγμα
1956 2730 1980 2769 ἀ
2006 2733 2147 2803 προί-

551 2811 679 2876 ξεως
723 2816 1043 2891 παρέσχετο’
1077 2818 1159 2873 ἶνα
1184 2823 1268 2874 καί
1294 2823 1439 2891 ἡμεῖς
1481 2820 1720 2894 δυνάμεις
1748 2828 1969 2896 σημείων
1996 2828 2147 2903 ἔργα·

551 2904 765 2976 ζόμενοι,
815 2908 987 2982 τρόπῳ
1024 2912 1239 2985 τοιούτῳ
1268 2920 1378 2975 τοῖς
1425 2912 1626 2985 ἴχνεσιν
1674 2918 1830 2973 αὑτοῦ
1876 2920 2145 2973 ὶπακολου-

548 2998 773 3064 θοῦντες,
804 3002 1152 3079 ἁπροσκόπτῳ
1192 3004 1314 3061 ποδί
1361 3009 1412 3062 ἐν
1441 3017 1551 3069 τοῖς
1596 3018 1687 3070 τῆς
1716 3012 1979 3087 παρούσης
2012 3016 2145 3075 ζωῆς

548 3086 721 3165 ἔργοις
765 3091 1075 3166 όδεύσωμεν,
1108 3099 1410 3171 θαυμασίως
1439 3086 1799 3173 νομοθετήσας,
1829 3108 1913 3158 καί
1941 3106 2145 3175 ἠσυχὰ-

2258 1904 2381 1945 rere
2413 1892 2666 1967 quidnam
2696 1894 2767 1948 sit
2795 1894 2944 1962 quod
2988 1892 3316 1963 Redemptor
3346 1900 3531 1948 noster
3555 1908 3677 1949 cum
3712 1895 3829 1950 duo-

2257 1983 2358 2039 bus
2397 1983 2554 2039 cmcis
2588 1985 2767 2042 lumen
2800 1986 3054 2052 reddidit,
3073 1987 3232 2055 jussit
3260 1994 3318 2041 ut
3348 1986 3549 2041 nemini
3581 1987 3831 2056 dicerent,

2256 2085 2306 2130 et
2351 2076 2429 2129 illi
2481 2076 2742 2133 abeuntes
2773 2078 3189 2134 dill‘amaverunt
3216 2094 3338 2133 eum
3370 2076 3389 2115 ί
3425 2077 3477 2133 in
3528 2086 3697 2134 totam
3740 2088 3833 2135 ter-

2256 2184 2368 2225 ram
2404 2168 2549 2224 illam
2603 2170 2948 2240 (Mettium,
2998 2170 3129 2241 27).
3176 2170 3555 2243 Nunquidnam
3606 2173 3834 2244 unigeni-

2259 2270 2343 2317 tus
2373 2262 2561 2326 Filius,
2590 2261 2733 2317 Patri
2763 2272 2819 2319 et
2856 2270 3047 2318 sancto
3098 2262 3326 2333 Spiritui
3376 2274 3715 2333 coaeternus,
3749 2268 3834 2322 hac

2258 2354 2313 2407 in
2344 2368 2403 2408 re
2453 2354 2595 2410 velle
2655 2352 2860 2420 habuit,
2893 2353 3037 2422 quod
3087 2369 3195 2409 non
3246 2355 3423 2425 potuit
3470 2355 3739 2425 implere,
3789 2364 3834 2412 ut

2253 2447 2570 2505 miraculum
2620 2449 2763 2519 quod
2818 2448 2986 2505 taceri
3037 2448 3243 2515 voluit,
3304 2449 3527 2505 minime
3574 2449 3831 2519 potuisset

2251 2539 2545 2595 abscondi?

2323 2632 2944 2702 Gnecon.'Redemptor
2991 2642 3174 2691 noster
3229 2648 3332 2704 per
3386 2634 3618 2689 mortale
3651 2648 3832 2705 corpus

2250 2737 2410 2779 omne
2440 2723 2585 2793 quod
2627 2724 2761 2796 egit,
2813 2722 2913 2779 hoc
2944 2722 3097 2779 nobis
3148 2722 3201 2778 in
3257 2724 3560 2793 exemplum
3617 2725 3832 2781 actionis

2248 2818 2499 2889 prazbuit,
2562 2826 2619 2872 ut
2670 2833 2770 2888 pro
2820 2828 3129 2874 nostrarum
3190 2818 3390 2873 virium
3448 2818 3677 2873 modulo
3731 2818 3831 2887 ejus

2248 2909 2469 2980 vestigia
2520 2918 2832 2980 sequentes,
2876 2911 3141 2967 inoffenso
3181 2910 3322 2981 pede
3350 2911 3531 2980 operis
3560 2912 3831 2981 prmsentis

2252 3004 2376 3059 vitae
2404 3018 2687 3075 carpamus
2714 3006 2879 3061 viam.
2912 3004 3226 3059 Miraculum
3268 3019 3501 3075 namque
3541 3004 3767 3069 faciens,
3786 3013 3829 3059 et

2247 3096 2619 3165 tacerijussit,
2648 3105 2702 3151 et
2734 3105 2909 3151 tamen
2944 3098 3108 3151 taceri
3139 3112 3246 3151 non
3278 3097 3481 3166 potuit;
3506 3106 3565 3151 ut
3586 3097 3829 3152 videlicet

546 3188 646 3249 ζειν
674 3188 942 3255 κελεύσας,
975 3195 1055 3247 καί
1074 3193 1263 3264 μᾶλλον
1290 3199 1603 3256 σιωπηθῆναι
1624 3198 1715 3251 οὑκ
1740 3195 1981 3257 ἠδυνήθη⁸
2009 3200 2141 3255 ὥστε

2256 3195 2305 3244 et
2331 3188 2491 3244 electi
2518 3187 2636 3258 ejus
2666 3188 2914 3257 exempla
2936 3186 3196 3241 doctrinae
3234 3187 3378 3242 illius
3424 3197 3741 3258 sequentes,
3782 3190 3827 3241 in

544 3273 717 3331 λοιπόν
746 3283 962 3343 καὶτοὺς
984 3284 1243 3346 ἐκλεκτούς
1264 3289 1385 3347 τοὺς
1408 3294 1482 3359 τῷ
1502 3286 1839 3363 ὑποδείγματι
1859 3300 1949 3351 τῆς
1979 3294 2142 3348 αὑτοῦ

544 3364 875 3434 διδασκαλίας
901 3376 1313 3443 ἀκολουθοῦντας,
1351 3381 1401 3434 ἄν
1432 3376 1508 3442 οἷς
1549 3382 1851 3457 ἐργάζονται
1880 3390 2141 3456 μεγίστοις

550 3459 799 3533 θαύμασι,
829 3468 1077 3539 κρυϐῆναι
1103 3472 1192 3540 μὲν
1220 3476 1409 3538 ταῦτα,
1440 3474 1684 3547 πρόθεσιν
1714 3473 1887 3546 ἔχειν,
1927 3478 2029 3533 ἀλλ’
2060 3479 2142 3534 ἵνα

546 3554 628 3606 καί
655 3554 820 3627 ἕτεροι
849 3558 1156 3627 ὠφεληθῶσι,
1190 3567 1384 3637 φανερά
1414 3568 1763 3623 καθίστανται*
1794 3576 1945 3625 τοῦτο
1975 3570 2029 3627 δὲ
2057 3576 2139 3627 καί

544 3644 975 3719 ταπεινοφροσύνη
1020 3655 1237 3723 μεγίστη
1277 3654 1529 3731 ὑπάρχει,
1568 3655 1645 3713 ὅτι
1692 3662 1758 3715 τὰ
1804 3659 1932 3733 ἔργα
1969 3664 2137 3719 αὐτῶν

543 3734 795 3807 κρυϐῆναι
815 3738 1035 3804 θέλουσι,
1067 3746 1153 3796 καί
1176 3746 1411 3814 ὠφέλειαν
1434 3750 1637 3817 μείζονα
1656 3752 1707 3804 ἓν
1732 3759 1806 3823 τῷ
1828 3759 1993 3809 ταῦτα
2013 3776 2139 3810 σιωο

542 3827 751 3885 πηθῆται
777 3835 847 3900 μή
887 3829 1158 3891 δύνασθαι.
1187 3833 1437 3907 Οὐδαμῶς
1469 3836 1521 3892 δέ
1555 3861 1606 3895 τι
1648 3841 1674 3893 ὁ
1706 3839 1875 3918 κύριος
1902 3846 2137 3916 γενέσθαι

546 3922 803 3988 ἠθέλησεν,
837 3923 966 3999 ὅπερ
1008 3937 1220 3987 ποιῆσαι
1247 3932 1338 3984 οὑκ
1377 3931 1615 3992 ἠδυνήθη·
1648 3932 1766 3990 εἴτι
1799 3934 1852 3990 δὲ
1883 3942 2002 4011 περὶ
2039 3942 2136 3994 αὑ-

540 4024 628 4072 τοῦ
658 4018 853 4089 λέγεται
882 4022 1118 4091 θελῆσαι,
1162 4027 1242 4077 καί
1281 4029 1350 4094 μή
1380 4026 1609 4096 θελῆσαι,
1642 4040 1946 4100 σωματικῶς
1976 4035 2131 4090 αὑτοῦ

539 4118 648 4172 τοῖς
674 4114 956 4189 ἀνθρώποις
995 4116 1376 4186 ἐπιδημοῦντος,
1423 4126 1495 4183 είς
1523 4124 1769 4203 ἡμετέραν
1804 4125 2132 4183 διδασκαλίαν

539 4210 565 4239 ⁸
597 4203 881 4278 ὑπόδειγμα
907 4206 1139 4265 δέδωκεν.

608 4307 776 4354 ΠΕΤΡ.
810 4298 1030 4373 ’.ὶρέσκει
1058 4301 1082 4357 6
1109 4304 1287 4378 λέγεις.

602 4399 771 4482 I‘Plll‘.
804 4389 983 4464 ’Λκμήν
1030 4396 1173 4467 ὀλίγα
1210 4401 1324 4456 τινὰ
1360 4409 1458 4456 τῶν
1491 4402 1655 4477 ἔργων
1708 4411 1995 4482 Βονιφατίου
2034 4418 2128 4468 τοῦ

531 4476 840 4548 ἔπισκόπου,
875 4482 1010 4561 ἅπερ
1043 4489 1426 4565 κατελείψαμεν,
1455 4493 1647 4558 οὗτινος
1680 4503 1851 4571 μνείαν
1881 4503 2129 4563 immani-

2248 3282 2458 3354 magnis
2482 3296 2602 3351 quac
2634 3280 2861 3345 faciunt,
2886 3279 3055 3335 latere
3085 3279 3301 3349 quidem
3331 3280 3383 3334 in
3421 3279 3704 3336 voluntate
3750 3281 3829 3335 ha-

2244 3374 2428 3440 beant,
2461 3374 2555 3428 setl
2589 3381 2649 3427 ut
2690 3373 2895 3442 prosint
2924 3372 3075 3438 aliis,
3107 3372 3400 3443 prodantur
3428 3372 3613 3440 inviti;
3650 3382 3824 3445 quate.

2244 3482 2344 3522 nus
2384 3476 2437 3521 et
2468 3481 2674 3535 magna:
2706 3466 3023 3521 humilitatis
3051 3465 3120 3520 sit
3163 3466 3306 3536 quod
3336 3481 3432 3521 sua
3456 3481 3625 3537 Opera
3674 3467 3824 3523 taceri

2242 3567 2520 3631 appetunt,
2558 3556 2573 3610 l
2608 3566 2661 3614 et
2690 3573 2897 3629 magna:
2930 3556 3174 3612 utilitatis
3194 3558 3264 3613 sit
3285 3558 3426 3628 quod
3448 3573 3638 3615 eorum
3667 3575 3820 3632 opera

2245 3653 2413 3708 taceri
2443 3666 2555 3707 non
2580 3660 2829 3721 possunt.
2862 3650 2978 3705 Non
3007 3665 3137 3721 ergo
3163 3651 3333 3706 voluit
3368 3652 3634 3709 Dominus
3682 3652 3824 3725 quid-

2240 3762 2399 3818 quam
2433 3747 2569 3812 tieri,
2601 3753 2656 3800 et
2692 3746 2912 3800 minime
2953 3746 3164 3815 potuit;
3210 3746 3306 3802 sed
3354 3747 3480 3817 quid
3521 3749 3665 3805 velle
3718 3746 3823 3818 ejus

2241 3839 2482 3896 membra
2511 3837 2764 3903 debeant,
2810 3836 3005 3907 quidve
3053 3836 3122 3891 de
3170 3838 3251 3893 eis
3305 3838 3467 3893 etiam
3526 3840 3825 3897 nolentibus

2241 3934 2355 4001 ﬁat,
2385 3930 2644 3988 doctrina:
2670 3930 2981 4001 magisterio
3010 3930 3314 4000 exemplum
3338 3931 3506 3987 dedit.

2309 4311 2478 4366 Pera.
2508 4308 2690 4365 Placet
2719 4307 2859 4380 quod
2884 4308 3039 4366 dicis.

2310 4405 2554 4461 Gnscon.
2603 4400 2794 4458 Adhuc
2845 4417 3010 4470 pauca
3061 4402 3238 4473 aliqua
3283 4417 3403 4474 quae
3442 4404 3509 4459 de
3565 4402 3824 4459 Bonifacii

2235 4499 2474 4571 episcopi
2514 4511 2688 4569 opere.
2717 4505 3026 4567 supersunt,
3083 4496 3206 4567 quia
3254 4494 3372 4568 ejus
3400 4499 3721 4552 memoriam
3750 4493 3821 4550 fe-

530 4575 680 4645 μεθα,
712 4573 978 4642 διεξελθεῖν
1003 4578 1191 4637 δίκαιον
1220 4586 1456 4657 ἠγοῦμαι.
1489 4599 1565 4644 Ἐν
1591 4589 1722 4664 ἄλλῳ
1757 4598 1921 4651 τοίνυν
1961 4610 2124 4673 καιρῷ

2256 4600 2447 4661 :imus,
2506 4604 2884 4655 exsequamur.
2943 4588 3064 4644 Alio
3116 4604 3345 4660 namque
3386 4598 3634 4659 tempore
3689 4587 3824 4643 beati

529 4672 619 4766 τοὺ
649 4671 907 4743 μακαρίου
952 4667 972 4707 τ
1023 4672 1301 4745 Προκούλου
1348 4686 1439 4733 τοῦ
1470 4684 1732 4758 μάρτυρος
1769 4689 1799 4745 ἠ
1826 4698 1919 4750 τῆς
1945 4667 2125 4766 ἑορτῆς

528 4756 734 4814 inlimis
747 4764 827 4824 ζεν
854 4762 1037 4839 ἡμέρα.
1073 4763 1147 4818 Ἐν
1174 4767 1307 4839 αὑτῷ
1334 4768 1388 4825 δέ
1418 4779 1490 4842 τῷ
1515 4773 1655 4847 τόπῳ
1678 4778 1804 4852 ἀνήρ
1826 4802 1903 4841 τις
1926 4756 2125 4852 εὐγενί-

528 4867 722 4911 στατος
752 4857 985 4927 κατῴκει,
1019 4866 1367 4933 Φορτουνᾶτας
1386 4862 1631 4937 τοῦνομα·
1660 4866 1807 4930 ὅστις
1830 4880 1902 4942 τῷ
1934 4875 2124 4931 σεϐασ-

528 4943 626 5011 μὶῳ
666 4947 831 5017 τούτῳ
871 4948 1017 5021 ἀνδρί
1059 4953 1242 5013 πολλὴν
1272 4956 1468 5013 ἱκεσίαν
1510 4965 1869 5036 προσήγαγεν,
1908 4966 1992 5022 ἵνα
2028 4972 2121 5027 τήν

526 5035 842 5114 λειτουργίαν
886 5043 1232 5110 ἐπιτελοῦντος
1272 5053 1429 5107 αὑτοῦ
1456 5062 1546 5115 τῆς
1572 5062 1663 5110 τοῦ
1698 5062 1949 5133 μακαρίου
1984 5063 2117 5139 μάρ-

529 5148 685 5219 τυρος
907 5135 1107 5210 ἑορτῆς,
1140 5143 1366 5217 εὐλογίαν
1392 5147 1440 5200 ἐν
1466 5155 1540 5219 τῷ
1566 5147 1682 5222 οἴκῳ
1709 5153 1869 5208 αὑτοῦ
1898 5154 2117 5218 ἐπικλίνη

604 5306 629 5335 ⁸
660 5297 813 5353 Coll).
827 5339 841 5364 ,
872 5302 1155 5359 πιανθῆναι.

602 5368 629 5409 δ
663 5369 813 5443 lianc
833 5370 1110 5443 periodum
1136 5386 1199 5428 ac
1220 5376 1535 5433 sententiam
1568 5377 1851 5433 Zacharias
1892 5378 2115 5443 addidit,

532 5456 654 5497 cum
682 5442 735 5495 in
768 5440 964 5520 Latino
1008 5452 1151 5520 textu
1192 5446 1331 5520 nulla
1358 5450 1464 5504 sint
1491 5450 1606 5519 ejus
1636 5451 1877 5519 vestigia.
1905 5440 2119 5520 SigniﬁQ

531 5522 617 5593 calt
658 5520 833 5593 autem
854 5530 873 5593 ,τ
907 5511 1130 5593 Multum
1158 5518 1292 5572 enim
1331 5511 1802 5575 nocere'consuevit'
1821 5511 2117 5593 bonisvope-

531 5584 695 5650 ribus,
725 5584 989 5638 hominum
1017 5585 1153 5645 laus.

604 5666 626 5723 ξ
671 5656 824 5723 Μεε.,
854 5656 1094 5719 ἠδυνήθη.

599 5722 625 5763 θ
661 5722 816 5805 [ξρςά
852 5732 1121 5805 είργᾲσατο
1143 5735 1224 5789 ἵνα
1250 5735 1411 5805 ἡμεῖςο

525 5797 792 5927 δυῑεὲρε.
816 5842 829 5867 ’
863 5797 1145 5877 ὥῶδηγμα
1180 5797 1395 5879 Ἱίγδνεν.
1441 5803 1628 5875 Colb.,
1661 5805 2017 5881 ὑποδείγματα
2039 5806 2123 5865 δέ.

602 5890 699 5926 κεν.

2241 4687 2457 4747 Proculi
2514 4683 2770 4753 martyris
2822 4680 3097 4735 nalalitius
3126 4681 3517 4751 propinquabat
3540 4680 3683 4749 dies,
3724 4694 3825 4749 quo

2234 4785 2287 4840 in
2323 4783 2442 4836 loco
2497 4779 2578 4833 vir
2630 4774 2825 4831 nobilis
2878 4774 3208 4828 Fortunatus
3262 4774 3479 4829 nomine
3529 4772 3821 4827 manebat:

2230 4869 2321 4939 qui
2349 4866 2555 4935 magnis
2584 4862 2832 4933 precibus
2863 4859 2932 4915 ab
2952 4861 3142 4916 eodem
3172 4860 3462 4916 venerabili
3493 4860 3611 4915 viro
3642 4867 3822 4929 postn-

2230 4959 2363 5015 lavit
2389 4967 2445 5013 ut
2473 4971 2596 5013 cum
2640 4954 2778 5026 apud
2810 4953 3025 5008 beatum
3062 4962 3353 5025 martyrem
3394 4952 3692 5008 missarum
3738 4966 3821 5005 so-

2232 5053 2433 5109 lemnia
2480 5056 2686 5120 ageret,
2726 5048 2885 5120 188
2928 5047 2949 5083 ¹ί
3000 5045 3066 5100 ad
3106 5045 3533 5102 benedictionem
3580 5044 3817 5099 dandam

2233 5147 2288 5201 in
2323 5158 2476 5200 suam
2509 5141 2727 5196 domum
2770 5140 3085 5195 declinaret.
3134 5137 3227 5192 Vir
3276 5148 3455 5193 autem
3487 5136 3579 5192 Dei
3626 5148 3823 5208 negare

2301 5303 2321 5343 ί
2355 5304 2505 5367 Mss.,
2535 5302 2775 5378 ῌρόκλου.
2827 5370 2840 5378 _
2879 5361 2883 5365 ,
2926 5358 2967 5378 ,λ
3060 5356 3093 5378 η,
3128 5355 3155 5361 »ι
3258 5376 3262 5378 Α
3310 5365 3445 5378 ._.._.

2298 5385 2323 5423 ε
2356 5366 2636 5430 Secundus
2660 5370 2888 5438 Theod.,
2919 5370 3283 5425 introduceret.
3310 5366 3447 5424 Editi
3470 5374 3598 5423 ante
3632 5368 3821 5433 Guss.,

2226 5449 2450 5503 duceret.

2298 5519 2322 5557 δ
2353 5518 2535 5574 Germ.
2565 5514 2957 5584 etCompend.,
2988 5515 3201 5568 minime’
3218 5514 3467 5567 dicerent.
3493 5511 3674 5566 Paulo
3702 5518 3819 5582 post

2227 5601 2403 5648 tamen
2436 5591 2627 5658 legitur
2654 5606 2665 5642 :
2682 5588 2842 5654 jussit
2870 5595 2925 5640 ut
2956 5586 3146 5640 nemini
3169 5586 3408 5658 dicerent.

2304 5662 2319 5702 ί
2353 5656 2629 5717 Secundus
2652 5660 2897 5722 Carnot.,
2920 5658 2973 5710 in
3006 5670 3163 5711 totant
3196 5656 3475 5721 regionem.

2297 5736 2310 5784 i
2350 5732 2568 5788 Tertius
2609 5734 2861 5795 Carnot.,
2889 5738 2942 5784 et
2990 5730 3194 5798 primus
3236 5724 3476 5792 Theod.,
3520 5733 3571 5780 et
3616 5740 3828 5799 magna

2222 5804 2621 5884 wdiﬁgationis.‘
2758 5871 2769 5884 γ
2799 5872 2809 5884 _
2939 5872 2969 5884 η

2292 5871 2331 5914 πί
2350 5871 2644 5947 Compend.
2659 5913 2673 5941 ,
2700 5871 2769 5928 ad
2793 5872 3207 5928 benedicendum.
