3998 6356
176 288 268 357 195

1407 276 1864 345 DIALOGORUM
1905 278 2107 341 LIBER
2144 280 2185 341 Ι.

3333 288 3435 350 194

175 431 267 474 non
296 412 457 485 potuit
496 410 644 483 quod
674 404 745 465 ab
771 423 838 466 eo
881 423 945 465 ex
976 408 1260 469 Fortunati
1289 420 1473 470 mente
1502 408 1738 466 charitas

1859 405 2036 463 ῖοῦναι·
2070 406 2097 463 ὁ
2127 405 2181 463 δέ
2209 412 2302 462 τοῦ
2328 410 2459 462 Θεοῦ
2489 400 2755 481 ἅνθρωπος
2783 409 2933 459 τοῦτο
2969 406 3029 458 οῦ
3069 426 3428 483 παρῃτησατο,

175 510 415 585 poposcit.
439 506 684 564 Peractis
709 505 872 577 igitur
898 505 1187 562 missarum
1204 507 1507 571 solemniis,
1531 518 1651 561 cum
1675 502 1743 558 ad

176 602 395 677 praedicti
441 599 731 657 Fortunali
790 600 1029 655 venisset
1064 614 1303 655 mensam
1331 642 1344 665 ,
1390 598 1539 669 prius
1580 611 1743 667 quam

176 698 270 751 Deo
308 695 559 767 hymnum
609 691 843 756 diceret,
900 693 1039 747 sicut
1080 692 1297 763 quidam
1353 690 1574 746 ludendi
1629 696 1745 745 arte

174 790 351 843 victum
407 788 583 842 solent
615 799 881 856 quaerere;
926 795 1151 852 repente
1191 796 1317 842 ante
1362 785 1581 855 januam
1621 799 1744 839 cum

179 880 310 935 simia
384 879 465 934 vir
522 880 732 944 astitit,
788 889 841 933 et
911 878 1155 951 cymbala
1231 879 1516 948 percussit.
1572 877 1744 944 Quem

174 984 367 1028 sanctus
411 972 496 1027 vir
530 984 557 1011 ιι
587 972 819 1028 sonitum
872 973 1098 1027 audiens
1142 972 1457 1044 dedignatus
1483 1012 1501 1040 ,
1557 971 1693 1026 dixit
1726 989 1739 1024 :

174 1066 295 1133 Heu,
350 1067 487 1132 heu,
549 1077 790 1121 mortuus
840 1074 923 1120 est
977 1067 1141 1122 miser
1186 1065 1328 1130 iste,
1376 1077 1618 1120 mortuus
1662 1073 1744 1120 est

171 1160 315 1214 miser
368 1159 492 1214 iste.
540 1157 656 1229 Ego
700 1159 766 1214 ad
809 1174 1049 1215 mensam
1100 1160 1405 1214 relectioms
1461 1158 1626 1221 veni.
1682 1171 1745 1213 os

171 1254 325 1308 adhuc
348 1252 375 1291 δ
404 1253 471 1307 ad
499 1252 713 1309 laudem
746 1252 837 1309 Dei
867 1269 974 1308 non
1004 1253 1211 1322 aperui,
1235 1263 1290 1309 et
1319 1254 1407 1308 ille
1438 1268 1558 1309 cum
1587 1252 1744 1308 simia

169 1345 380 1401 veniens
409 1345 678 1414 percussit
714 1346 982 1418 cymbala.
1022 1346 1311 1416 Subiunxit
1339 1356 1516 1402 tamen
1550 1354 1605 1402 et
1627 1346 1741 1401 ait:

171 1438 235 1494 Ite
262 1446 313 1493 et
364 1453 460 1506 pro
508 1438 773 1495 charitate
820 1438 871 1495 ei
926 1439 1101 1494 cibum
1152 1448 1442 1511 potumque
1491 1438 1739 1506 tribuite;

170 1532 356 1587 scitote
384 1538 565 1587 tatnen
593 1531 720 1601 quia
748 1540 993 1588 mortuus
1032 1540 1135 1587 est.
1164 1532 1264 1600 Qui
1296 1531 1477 1587 inlelix
1510 1531 1591 1586 vir
1616 1532 1743 1586 dum

170 1638 347 1691 panem
379 1638 441 1679 ac
468 1624 654 1680 vinum
689 1639 755 1680 ex
778 1624 968 1680 eadem
997 1624 1159 1679 domo
1187 1625 1536 1694 percepisset,
1559 1622 1744 1694 egredi

165 1715 369 1785 januam
406 1716 595 1785 voluit,
627 1716 724 1772 sed
747 1732 936 1772 saxum
970 1718 1157 1786 ingens
1187 1716 1368 1773 subito
1394 1717 1461 1773 de
1492 1726 1631 1772 tecto
1656 1731 1746 1770 ce-

1849 499 1934 556 διά
1958 503 2014 555 τὸ
2044 500 2174 571 μετὰ
2212 501 2434 559 πίστεως
2477 498 2563 553 καὶ
2598 496 2891 571 εἰλικρινοῦς
2930 497 3134 567 ἀγάπης
3178 498 3266 551 τὸν
3311 509 3435 574 «ιορ-

1848 600 2089 650 τουνᾶτον
2118 600 2269 650 τοῦτο
2297 592 2629 651 αἰτήσασθαι*
2667 601 2758 651 τῆς
2785 589 2839 647 δέ
2870 590 3019 665 ἁγίας
3043 598 3135 647 τοῦ
3170 599 3299 647 Θεοῦ
3335 593 3437 648 λει-

1849 690 2092 763 τουργίας
2121 682 2441 748 τελεσθείσης
2470 686 2519 740 ἓν
2631 691 2723 741 τοῦ
2761 686 3024 761 μάρτυρος
3049 686 3218 763 ἑορτῇ,
3253 688 3301 740 ἐν
3330 684 3439 759 ὅσῳ
3470 670 3479 682 ’

1850 783 1921 840 εἷς
1940 777 1967 815 ἀ
1996 784 2086 838 τήν
2112 784 2202 834 τοῦ
2227 780 2598 854 προλεχθέντος
2624 781 2971 854 Φορτουνάτου
3010 780 3271 855 τράπεζαν
3305 778 3437 848 ἦλθε,

1848 876 1967 949 πρὶν
1994 872 2023 931 ἦ
2062 872 2210 927 αὐτὸν
2253 876 2344 931 τήν
2384 872 2666 950 ὠρισῴνην
2710 872 2872 943 εὐχήν
2913 872 2962 925 ἐν
3004 880 3067 947 τῇ
3108 873 3336 948 τραπέζῃ
3356 878 3440 945 »τῷ

1849 971 1959 1032 Θεῷ
2008 965 2375 1037 προσενέγκαι,
2431 966 2499 1024 ὡς
2545 962 2657 1025 ἔθος
2705 967 2814 1019 τισὶ
2867 970 2967 1019 τῶν
3019 962 3471 1039 προσαιτούντων¹

1848 1061 2085 1139 ὑπάρχει
2121 1062 2256 1133 μετὰ
2297 1058 2580 1131 παιγνιδὶου
2621 1064 2791 1125 ζητεῖν
2826 1064 3042 1135 τροφήν,
3084 1061 3314 1136 παρευθὺ
3345 1057 3443 1130 ἒμ-

1848 1159 2071 1233 προσθεν
2109 1164 2201 1218 τῆς
2234 1157 2396 1229 θύρας
2435 1157 2561 1225 ἀνήρ
2603 1176 2680 1215 τις
2712 1164 2736 1191 ⁸
2768 1157 2898 1228 μετά
2928 1153 3154 1232 σίστρων
3180 1154 3440 1229 παρέστη,

1849 1253 1932 1306 καὶ
1969 1251 2034 1305 τά
2061 1249 2299 1322 κύμϐαλα
2324 1249 2583 1324 ἔκρουσεν.
2609 1245 2666 1301 Ὀ
2696 1246 2750 1303 δὲ
2782 1246 2926 1322 ἅγιος
2968 1249 3091 1321 άνήρ
3135 1242 3286 1308 οὗτος
3306 1288 3320 1310 ,
3360 1247 3446 1303 τὸν

1848 1342 1982 1416 ἦχον
2025 1350 2127 1399 τῶν
2173 1342 2446 1413 κυμϐάλων
2492 1339 2884 1413 βδελυξάμενος,
2935 1338 3046 1413 ἔφη·
3095 1342 3251 1407 Οὐαὶ,
3296 1340 3445 1405 οὐαὶ,

1849 1439 2093 1493 ἀπέθανεν
2132 1434 2159 1489 6
2196 1434 2399 1494 ἐλεεινὸς
2436 1430 2609 1498 οὗτος
2648 1434 2743 1507 ἐγὼ
2786 1432 2836 1487 ἐν
2878 1441 2941 1509 τῇ
2985 1434 3213 1509 τραπέζῃ
3250 1442 3342 1494 τῆς
3367 1433 3447 1486 εύ-

1848 1531 2099 1607 φροσύνης
2141 1529 2311 1592 ἐλθὼν,
2342 1528 2399 1582 τὸ
2439 1528 2612 1598 στόμα
2650 1548 2749 1597 μου
2780 1527 2940 1597 ἀκμήν
2971 1529 3043 1587 εἰς
3071 1530 3160 1584 τήν
3194 1531 3284 1581 τοῦ
3314 1530 3446 1580 Θεοῦ

1849 1619 2038 1676 αἵνεσιν
2068 1621 2161 1674 οὐκ
2186 1619 2389 1682 ἧνοικα,
2424 1620 2655 1694 κᾲκεῖνος
2683 1620 2816 1691 μετά
2854 1620 3081 1694 σίστρων
3110 1618 3281 1681 ἐλθὼν,
3320 1616 3447 1689 κύμ-

1851 1713 1983 1767 ϐαλα
2010 1712 2272 1786 ἔκρουσεν.
2289 1714 2533 1788 Προσθεὶς
2560 1710 2613 1767 δὲ
2646 1707 2806 1767 εἶπεν
2828 1710 3087 1767 ’Λπὲλθετε
3112 1709 3194 1767 διὰ
3214 1715 3303 1770 τήν
3320 1710 3449 1784 άγὰ-

167 1807 299 1874 cidit,
333 1806 489 1876 eique
515 1809 570 1862 in
614 1807 872 1863 verticem
908 1808 1072 1862 venit.
1117 1807 1197 1861 Ex
1242 1824 1347 1878 qua
1398 1809 1744 1878 percussione

1859 1830 1968 1874 την,
2012 1812 2096 1863 καὶ
2136 1811 2303 1881 τούτῳ
2346 1814 2533 1884 τροφήν
2576 1813 2663 1867 καὶ
2702 1810 2854 1865 ποτὸν
2897 1809 3222 1885 δωρήσασθε⁶
3268 1810 3351 1866 ἵνα
3391 1807 3446 1865 δὲ

167 1906 457 1967 prostratus
506 1898 557 1952 in
589 1898 836 1955 manibus
868 1897 981 1969 jam
1033 1900 1323 1955 semikus
1368 1900 1575 1955 levatus
1623 1891 1740 1955 est:

165 1989 241 2045 die
266 2005 396 2047 vero
422 1991 591 2047 altera
620 1991 917 2047 secundum
950 1992 1049 2047 viri
1073 1992 1169 2047 Dei
1211 1994 1529 2049 sententiam
1567 1993 1742 2048 fundi~

165 2093 237 2141 tus
262 2085 434 2139 ﬁnivit
463 2086 651 2142 vitam.
685 2084 799 2153 Qua
846 2084 899 2139 in
947 2100 1005 2140 re
1027 2127 1041 2148 .
1075 2084 1253 2152 Petre,
1297 2085 1624 2154 pensandum
1657 2092 1741 2141 est

163 2186 381 2247 quantus
411 2178 481 2232 sit
508 2178 637 2233 viris
683 2178 886 2233 sanctis
936 2179 1099 2232 timor
1129 2177 1497 2242 exhibendus;
1543 2177 1741 2247 templa

162 2270 290 2324 enim
336 2270 439 2325 Dei
467 2279 610 2325 sunt.
646 2269 864 2325 Etcum
920 2269 987 2324 ad
1035 2269 1366 2325 iracundiam
1409 2269 1493 2324 vir
1522 2280 1739 2326 sanctus

159 2362 404 2429 trahitur,
438 2364 559 2434 quis
613 2364 751 2419 alius
809 2364 879 2419 ad
933 2364 1280 2420 irascendum
1333 2363 1437 2419 nisi
1495 2363 1738 2436 ejusdem

159 2458 327 2527 templi
382 2456 713 2512 inhabitator
763 2458 1067 2513 excitatur?
1111 2456 1395 2512 Metuenda
1424 2470 1553 2527 ergo
1595 2464 1742 2512 tanto

153 2559 231 2603 est
256 2549 332 2604 ira
356 2550 648 2619 justorum,
681 2557 886 2619 quanto
934 2558 987 2605 et
1031 2559 1242 2604 constat
1289 2548 1411 2619 quia
1442 2547 1497 2603 in
1554 2563 1741 2605 eorum

154 2641 400 2723 cordibus
427 2641 519 2696 ille
548 2656 789 2712 praesens
807 2641 1095 2712 est,qniad
1119 2640 1455 2697 inferendam
1480 2642 1736 2697 ultionem

155 2748 306 2802 quam
335 2735 593 2801 voluerit,
626 2736 894 2792 invalidus
941 2750 1047 2791 non
1077 2744 1182 2792 est.

1850 1904 2147 1975 γινώσκητε,
2169 1898 2247 1957 ὅτι
2268 1903 2535 1957 ἀπέθανεν.
2560 1912 2614 1955 '0
2645 1900 2699 1955 δέ
2726 1902 2933 1962 ἐλεεινὸς
2957 1899 3107 1963 οὗτος
3130 1903 3276 1975 ἀνὴρ,
3295 1898 3448 1975 ἄρτον

1850 1996 1937 2048 καὶ
1964 1985 2091 2047 οἶνον
2116 1997 2169 2047 ἐκ
2193 2000 2281 2048 τοῦ
2321 1996 2472 2048 αὐτοῦ
2510 1991 2650 2046 οἴκου
2689 1992 2881 2059 λαϐὼν,
2924 1997 3013 2051 τὴν
3051 1995 3211 2069 θύραν
3241 1992 3448 2057 ἔξελθεᾶ

1848 2086 2013 2149 θέλων,
2056 2086 2190 2145 λίθος
2237 2087 2397 2157 μέγας
2434 2082 2453 2122 ί
2498 2085 2549 2138 ἐκ
2588 2090 2679 2139 τοῦ
2720 2081 2940 2158 κεράμου
2988 2083 3225 2156 αἰφνίδιον
3250 2088 3445 2152 πεσών,

1850 2183 1979 2236 κατὰ
2022 2188 2115 2241 τῆς
2154 2180 2368 2252 κεφαλῆς
2408 2181 2561 2235 αὐτοῦ
2604 2176 2840 2246 δέδωκεν,
2885 2181 2969 2234 καὶ
2996 2186 3176 2236 τοῦτον
3218 2180 3449 2238 πεσόντα

1849 2272 2065 2343 ἡμιθανῆ
2094 2271 2142 2324 ἐν
2180 2278 2297 2333 ταῖς
2337 2274 2527 2347 χερσὶν
2573 2272 2901 2327 ἐϐάστασαν·
2946 2273 2995 2325 ἐν
3037 2269 3091 2326 δὲ
3120 2269 3241 2345 ἄλλῃ
3281 2274 3449 2348 ἡμέρᾳ

1849 2364 1981 2419 κατὰ
2008 2368 2098 2422 τήν
2140 2370 2232 2420 τοῦ
2269 2366 2534 2440 ἀνθρώπου
2565 2369 2659 2419 τοῦ
2698 2368 2823 2418 Θεοῦ
2860 2362 3024 2435 ψῆφον
3054 2363 3182 2417 τέλει
3210 2370 3301 2418 τοῦ
3328 2365 3445 2434 βίου

1847 2460 2140 2532 ἐχρήσατο.
2172 2453 2251 2521 Ἐξ
2292 2454 2350 2511 οὗ
2386 2460 2722 2534 πράγματος,
2767 2458 2951 2532 Πέτρε,
2983 2458 3293 2516 κατανοῆσαι
3333 2458 3446 2512 ἐστι

1847 2560 1958 2614 πῶς
2013 2552 2219 2627 φοϐεροὶ
2276 2552 2321 2605 οἱ
2383 2550 2519 2623 ἅγιοι
2584 2556 2676 2605 τοῦ
2736 2556 2864 2603 Θεοῦ
2924 2546 3177 2625 ἄνθρωποι
3240 2550 3448 2622 τυγχά-

1846 2667 2023 2713 νουσι,
2077 2649 2191 2699 ναοὶ
2226 2646 2328 2717 γάρ
2364 2651 2488 2700 Θεοῦ
2533 2644 2861 2721 ὑπάρχουσι.
2892 2648 3002 2700 ’Καὶ
3046 2646 3133 2698 ἐὰν
3176 2647 3249 2705 εἰς
3293 2645 3449 2719 ὀρπν

1851 2737 2028 2811 συμϐῇ
2058 2737 2250 2797 αὐτούς
2270 2737 2545 2799 κινηθῆναι,
2576 2736 2603 2789 ὁ
2631 2736 2681 2789 ἐν
2710 2736 2887 2797 αὐτοῖς
2916 2743 3162 2792 κατοικῶν
3186 2733 3252 2791 δι’
3281 2736 3447 2791 αὐτῶν

148 2836 232 2889 τήν
268 2828 488 2905 δύναμιν
531 2832 821 2905 ἐργάζεται.
866 2839 1124 2888 Τοσοῦτον
1164 2826 1253 2885 οὖν
1280 2831 1495 2917 φοϐερός
1531 2834 1669 2889 ἐστιν
1715 2830 1741 2887 6
1778 2838 1878 2887 τῶν
1904 2829 2108 2887 δικαίων
2138 2831 2317 2902 θυμὸς,
2357 2828 2438 2886 ὅτι
2469 2832 2519 2885 ἐν
2554 2838 2667 2892 ταῖς
2695 2828 2927 2905 καρδίαις
2958 2832 3126 2888 αὐτῶν
3163 2832 3242 2888 ἀεὶ
3270 2833 3447 2907 παρών

146 2927 277 2981 ἐστιν
304 2927 331 2980 ὁ
357 2930 449 2984 τήν
476 2924 723 2984 ἐκδίκησιν
753 2927 1033 2999 ἐπαγαγεῖν
1061 2924 1355 3000 δυνάμενος,
1387 2927 1496 2981 οἷαν
1523 2927 1669 2983 αὐτοὶ
1687 2925 1986 2997 βούλωνται.

209 3016 339 3071 Alio
368 3031 583 3085 quoque
611 3025 847 3084 tempore
890 3017 1178 3084 praedictus
1222 3017 1570 3074 Constantius
1618 3031 1739 3087 pre-

144 3108 337 3177 sbyter
388 3122 559 3177 nepos
588 3108 959 3178 ejus,-equutn
1011 3123 1168 3165 suum
1226 3110 1512 3165 duodecim
1561 3110 1741 3166 aureis

144 3199 436 3263 vendidit,
502 3215 637 3269 quos
693 3201 745 3255 in
797 3201 1067 3270 propriam
1123 3217 1301 3257 arcam
1360 3218 1609 3272 ponens,
1676 3202 1743 3256 ad

143 3289 518 3347 exercendum
593 3304 725 3360 opus
784 3291 1000 3362 aliquod
1053 3291 1326 3348 discessit.
1385 3291 1517 3348 Cum
1566 3292 1744 3349 subito

1931 3030 1995 3073 Εν
2034 3016 2167 3091 ἄλλῳ
2206 3020 2370 3075 τοίνυν
2408 3026 2571 3094 καιρῷ
2602 3017 2628 3073 6
2666 3018 2971 3091 προλεχθεὶς
3013 3021 3374 3081 Κωνστάντιος
3418 3018 3447 3076 6

1851 3113 2201 3189 πρεσϐύτερος
2225 3111 2250 3167 6
2278 3113 2461 3168 τούτου
2485 3110 2713 3181 ἀνεψιὸς,
2737 3112 2822 3167 τὸν
2845 3112 3030 3167 ἑαυτοῦ
3060 3114 3214 3167 ἵππον
3242 3115 3313 3174 εἰς
3342 3110 3447 3166 δὼ-

1850 3206 1967 3264 δεκα
1992 3211 2286 3280 νομίσματα
2314 3208 2562 3281 πέπρακε·
2595 3207 2681 3259 καὶ
2713 3212 2883 3260 ταῦτα
2908 3205 2958 3258 ἐν
2991 3213 3051 3278 τῇ
3088 3203 3192 3276 ἰδία
3219 3213 3245 3250 8
3286 3201 3445 3278 ἄρκλῃ

1852 3300 2042 3371 βαλὼν,
2075 3302 2205 3375 πρὸς
2229 3300 2287 3353 τὸ
2313 3297 2627 3374 ἐργάσασθαι
2657 3296 2865 3359 ἐξῆλθεν.
2889 3293 3133 3366 Λὶφνίδιον
3161 3294 3215 3349 δὲ
3236 3296 3448 3363 πτωχοὶ

147 3383 209 3437 ad
254 3384 591 3455 episcopium
642 3398 905 3455 pauperes
962 3394 1256 3452 venerunt,
1299 3388 1388 3456 qui
1436 3388 1742 3457 importune

1859 3392 1905 3446 ἓν
1925 3398 1999 3461 τῷ
2024 3392 2306 3459 ἐπισκοπὶῳ
2326 3388 2623 3455 κατέλαϐον,
2648 3387 2827 3446 οἵτινες
2846 3384 3063 3445 ἀναιδῶς
3084 3386 3168 3439 τὸν
3191 3382 3329 3456 ἅγιον
3352 3390 3446 3439 τοῦ

147 3479 508 3545 precabantur
552 3484 611 3531 ut
664 3480 743 3531 eis
785 3487 1004 3533 sanctus
1062 3480 1141 3532 vir
1184 3478 1487 3534 Bonifacius
1537 3477 1745 3546 episco—

151 3582 246 3635 pus
300 3569 369 3622 ad
416 3568 839 3624 consolationem
899 3584 1008 3624 suae
1058 3568 1254 3638 inepia:
1313 3568 1513 3637 aliquid
1560 3568 1740 3638 largiri

151 3657 454 3714 debuisset.
480 3658 587 3716 Sed
615 3662 700 3714 vir
732 3660 825 3715 Dei
858 3661 981 3730 quia
1015 3660 1138 3730 quid
1168 3660 1429 3717 tribueret
1452 3676 1557 3715 non
1586 3659 1750 3715 habe-

147 3748 267 3812 bat,
294 3759 529 3805 aestuare
560 3751 729 3821 coepit
762 3751 818 3805 in
845 3752 1168 3821 cogitatione
1198 3768 1265 3807 ne
1297 3751 1364 3807 ab
1387 3767 1453 3808 eo
1486 3765 1749 3823 pauperes

148 3842 300 3897 vacui
357 3842 593 3899 exirent.
632 3843 732 3899 Cui
794 3853 1017 3912 repente
1072 3845 1137 3900 ad
1188 3845 1505 3901 memoriam
1551 3845 1744 3910 rediit,

148 3936 274 4005 quia
326 3936 673 3992 Constantius
728 3938 1019 4009 presbyter
1074 3952 1241 4007 nepos
1305 3938 1440 4007 ejus,
1475 3949 1496 3976 ο
1553 3952 1750 4007 equum

146 4044 312 4100 quem
367 4030 563 4087 sedere
600 4039 975 4097 consueverat,
1034 4030 1391 4100 vendidisset,
1437 4040 1597 4101 atque
1651 4031 1752 4085 hoc

145 4122 326 4191 ipsum
372 4123 429 4178 in
459 4138 581 4178 arca
613 4138 711 4179 sua
761 4123 992 4193 pretium
1040 4122 1286 4178 haberet.
1321 4123 1560 4177 Absente
1592 4121 1753 4189 igitur

142 4213 338 4269 eodem
370 4223 568 4284 nepote
594 4227 692 4268 suo
713 4214 940 4269 accessit
961 4213 1027 4267 ad
1058 4228 1264 4281 arcam,
1314 4221 1369 4268 et
1416 4212 1501 4284 pie
1536 4212 1749 4266 violen-

145 4312 231 4360 tus
264 4307 514 4361 claustra
546 4321 688 4361 arcae
730 4306 1065 4371 comminuit,
1109 4305 1390 4361 duodecim
1447 4319 1639 4360 aureos
1669 4313 1750 4358 tu-

144 4398 223 4467 lit,
260 4414 482 4470 eosque
529 4398 916 4468 indigentibus,
962 4407 1021 4453 ut
1062 4397 1293 4467 placuit,
1336 4397 1537 4453 divisit.
1570 4397 1754 4466 Itaque

145 4487 515 4545 Constantius
561 4489 847 4560 presbyter
907 4503 1155 4544 reversus
1202 4504 1268 4544 ex
1318 4502 1519 4559 opere,
1573 4501 1751 4541 arcam

147 4578 379 4637 fractam
417 4582 643 4652 reperit,
676 4590 731 4637 et
756 4580 947 4636 caballi
980 4582 1061 4636 sui
1098 4581 1324 4651 pretium
1365 4580 1509 4649 quod
1551 4580 1603 4634 in
1635 4594 1752 4634 eam

152 4684 441 4742 posuerat,
491 4691 597 4731 non
639 4675 864 4732 invenit.
908 4674 1085 4746 Cepit
1133 4676 1310 4745 itaque
1364 4689 1497 4730 voce
1565 4689 1754 4743 magna

1851 3486 1978 3534 Θεοῦ
2026 3477 2287 3552 ἄνθρωπον
2333 3479 2615 3550 Βονιφάτιον
2666 3479 2750 3532 τὸν
2799 3478 3075 3531 ἐπίσκοπον
3127 3474 3446 3542 ἐδυσώπουν,

1856 3570 1996 3630 ὅπως
2040 3569 2065 3605 ὶι
2111 3574 2287 3630 αὐτοῖς
2328 3567 2377 3623 εἴ
2402 3591 2454 3624 τι
2496 3563 2582 3623 οὖν
2624 3566 2921 3641 δωρήσηται
2966 3569 3093 3644 πρὸς
3128 3567 3186 3622 τὸ
3227 3571 3315 3625 τήν
3354 3574 3447 3626 τῆς

1850 3664 2120 3733 πτωχείας
2165 3660 2354 3717 ἔνδειαν
2401 3662 2886 3738 παραμυθήσασθαι.
2918 3657 2976 3711 Ὀ
3008 3657 3061 3714 δὲ
3108 3657 3256 3731 ἅγιος
3299 3654 3449 3718 οὗτος

1852 3760 2006 3832 ἀνὴρ,
2054 3760 2122 3826 μή
2150 3754 2290 3826 ἔχων
2318 3778 2369 3811 τι
2415 3753 2623 3823 δοῦναι,
2670 3755 2857 3827 ἤρξατο
2899 3753 3335 3828 στενοχωρεῖσθαι
3375 3758 3451 3820 τῷ

1851 3852 2099 3923 λογισμῷ,
2127 3854 2195 3922 μὴ
2222 3849 2372 3903 θέλων
2392 3851 2512 3909 τοὺς
2539 3849 2791 3918 πτωχούς
2816 3846 2984 3919 κόλπῳ
3007 3853 3132 3919 κενῷ
3154 3843 3453 3909 ἐξαποστεῖ-

1852 3942 1956 3997 λαι.
1984 3945 2066 4002 Εἰς
2096 3946 2293 4015 μνήμην
2315 3939 2368 3996 δέ
2401 3941 2537 4010 αὐτῷ
2560 3937 2722 4003 ἦλθεν,
2756 3937 2833 3993 ὅτι
2864 3939 3206 3999 Κωνστάντιος
3237 3935 3263 3991 6
3289 3956 3451 4010 πρεσ-

1857 4040 2069 4113 ϐύτερος
2098 4037 2123 4092 6
2154 4038 2309 4092 αὐτοῦ
2339 4034 2568 4106 ἀνεψιὸς,
2598 4035 2685 4090 τὸν
2710 4034 2868 4087 ἵππον
2903 4032 3064 4087 αὐτοῦ
3096 4033 3347 4107 πέπρακε,
3371 4031 3453 4084 καὶ

1854 4133 1912 4186 τὸ
1949 4130 1963 4166 ί
1996 4131 2203 4207 λογάριν
2229 4127 2354 4197 ὅπερ
2384 4124 2589 4190 ἔλαϐεν,
2623 4126 2672 4178 ἐν
2702 4122 2794 4200 τῇὶ
2829 4121 2983 4197 ὅρνλῃ
3006 4123 3163 4179 αὑτοῦ
3188 4115 3351 4191 εἶχεν.
3373 4116 3454 4173 Ἐν

1856 4231 1971 4282 ταῖς
1994 4222 2270 4280 ἀπουσίαις
2300 4214 2387 4273 οὖν
2418 4219 2606 4272 τούτου
2642 4216 2892 4279 εἰσελθὼν,
2923 4222 2970 4267 ἓν
3057 4218 3198 4286 τόπῳ
3232 4215 3262 4271 ἡ
3293 4210 3455 4287 ἄρκλα

1860 4314 2050 4377 ἔκειτο,
2084 4317 2171 4368 καὶ
2197 4320 2374 4382 σκοπῷ
2405 4312 2661 4370 εὐσεϐείας
2701 4310 2767 4393 τά
2808 4310 3009 4383 κλεῖθρα
3054 4310 3210 4369 αὐτῆς
3245 4309 3454 4380 συντρί-

1858 4406 1980 4478 ψας,
2015 4406 2218 4475 ἑπαρών
2244 4403 2309 4456 τά
2347 4399 2544 4457 δώδεκα
2580 4402 2874 4472 νομίσματα
2912 4406 3110 4463 ταῦτα,
3145 4406 3251 4458 τοῖς
3286 4394 3455 4465 δεομέ-

1857 4519 1989 4562 νοις,
2030 4497 2193 4555 καθὼς
2234 4495 2373 4569 αὐτῷ
2402 4490 2426 4529 ¹ί
2454 4493 2639 4571 ἤρεσε,
2672 4490 2973 4567 διεμέρισεν.
3008 4488 3360 4564 Ὑποστρέψας
3399 4484 3454 4540 δέ

1862 4591 1914 4644 ἐκ
1938 4596 2027 4645 τοῦ
2060 4589 2219 4664 ἔργου
2252 4588 2597 4648 Κωνστάντιος
2632 4586 2657 4641 6
2690 4586 3065 4661 πρεσϐύτερος,
3096 4586 3182 4638 καὶ
3211 4586 3301 4640 τῆν
3327 4579 3457 4632 κλεί-

1862 4681 2014 4738 δωσιν
2041 4688 2133 4742 τῆς
2159 4677 2346 4755 ἄρκλης
2376 4679 2717 4750 κεκλασμένη-ν
2754 4678 3083 4747 θεασάμενος,
3116 4677 3187 4743 μή
3217 4671 3376 4743 εὑρών
3402 4667 3458 4725 δί

158 4778 517 4841 perstrepere
540 4812 555 4836 ,
582 4779 785 4827 etcum
819 4771 998 4825 furore
1038 4769 1202 4824 nimio
1246 4769 1481 4824 clamare
1517 4771 1746 4825 :Omnes

1860 4778 1919 4831 τὸ
1943 4775 2167 4847 λογάριν,
2207 4771 2331 4848 ὅπερ
2360 4776 2432 4834 εἰς
2458 4778 2547 4832 τὴν
2568 4776 2717 4844 τιμήν
2747 4776 2837 4826 τοῦ
2874 4770 3038 4824 ἵππου
3062 4763 3121 4823 ἧν
3146 4763 3336 4829 λαϐὼν,
3366 4764 3459 4839 ἤρα

218 4894 243 4922 ⁸
272 4885 499 4952 Germ.,
521 4902 677 4956 quem
705 4887 951 4956 sequitur
978 4887 1236 4953 Gussan.,
1268 4886 1487 4952 omittit,
1514 4884 1754 4954 audiens,

148 4955 556 5012 reluctantibus
584 4955 833 5012 omnibus
850 4958 969 5012 aliis
996 4959 1123 5013 Mss.

212 5027 239 5066 δ
269 5027 399 5083 Val.
439 5027 547 5094 C|.,
573 5029 642 5082 ad
676 5029 1002 5083 laudandum
1032 5031 1218 5084 Deum.

218 5109 239 5136 ε
276 5098 363 5222 D‘e
395 5100 503 5155 hoc
531 5100 786 5171 loquendi
820 5101 1107 5171 modojam
1136 5099 1335 5154 dictum
1376 5109 1459 5156 est
1484 5100 1754 5172 supra,ad

218 5186 262 5222 3.
341 5212 356 5222 .

141 5183 262 5235 cap.
295 5183 356 5223 e.

210 5240 237 5278 ά
268 5241 447 5319 Colb.
507 5248 607 5304 Τήν
656 5252 747 5299 τοῦ
808 5244 1210 5319 προλεχθέντοςᾲ
1238 5244 1497 5319 μάρτυρος
1534 5248 1757 5319 ,μνήμην

141 5317 543 5393 1ςουριινςλνυνόιτου
583 5320 668 5393 εἰς-
703 5321 796 5375 τὸν
843 5314 1103 5393 τράπεζαν
1130 5314 1270 5376 ἦλθε-ν
1312 5314 1465 5393 πρενή
1491 5316 1631 5393 αὐτῷ
1659 5322 1760 5393 τήν

139 5384 424 5462 ὁρειξμένην
446 5392 627 5461 τροφήν
649 5389 700 5441 ἐν
726 5395 788 5462 τῇ
810 5384 1036 5462 τραπέζῃ
1064 5394 1174 5462 Θεῷ
1193 5384 1533 5462 προσενέγκαι
1560 5384 1628 5448 ὡς
1649 5385 1761 5447 ἔθος

140 5461 249 5512 τισὶ
274 5465 424 5527 τῶν,
452 5457 581 5522 'e'tcL,
613 5472 733 5527 quae
754 5457 971 5512 minime
997 5457 1291 5525 probanda.

212 5538 236 5564 ε
272 5526 476 5606 (3011),,
504 5526 642 5601 μετά
660 5531 896 5606 σύστρων
917 5531 1139 5605 πάρεστι
1165 5532 1268 5606 καὶ.
1304 5527 1609 5606 Cegendum
1632 5528 1757 5606 for-

140 5607 286 5675 tasse
320 5599 612 5675 σείστρων.
658 5599 895 5675 Σᾰσὲρον
938 5599 1427 5675 es't_crv_p_ita_culum
1470 5599 1757 5675 quoddam.

143 5668 200 5741 in
227 5668 628 5735 Latino,'huic
652 5671 772 5726 voci
804 5668 1091 5741 respondet
1121 5670 1311 5734 Simia,
1338 5684 1460 5724 cum
1501 5685 1603 5739 qua
1633 5670 1759 5739 quid

140 5737 389 5797 εἰσίωσι
427 5756 715 5797 commune
744 5737 963 5808 habeat,
991 5757 1098 5796 non
1123 5742 1387 5796 videmus.

221 5811 243 5851 τ
280 5813 557 5887 Βεε.λέκ
579 5817 1053 5891 ,τῶνδκεραμίωνηη
1082 5815 1213 5870 κατὰ
1238 5822 1331 5875 τῆς
1366 5812 1579 5881 κεφαλῆς
1603 5812 1760 5870 αὐτοῦ

1859 4895 2073 4973 ἔκρουσε
2098 4898 2216 4973 καὶ...
2253 4903 2358 4973 etc.
2389 4893 2545 4973 Colit.
2574 4892 2769 4973 habet
2796 4889 2956 4943 etiam
2993 4888 3125 4942 κατά
3171 4899 3270 4956 pro
3298 4888 3456 4960 μετά,
3502 4880 3515 4889 ’

1859 4961 2001 5035 quod
2032 4968 2081 5020 in
2110 4965 2429 5036 quibusdam
2459 4963 2618 5019 editis
2650 4961 2863 5036 legit_ur.
2921 5029 2934 5036 _
2989 5027 3005 5036 _
3071 5034 3077 5036 _
3131 5029 3143 5036 Δ
3231 5030 3264 5036 __
3503 4984 3527 5036 ις

1935 5047 1959 5113 ες
1992 5024 2145 5113 Mss,
2178 5035 2359 5113 ἅρκλᾳ.
2391 5034 2567 5113 Paulo
2606 5024 2886 5113 post‘iieg.
2920 5027 3085 5113 habet
3124 5029 3457 5113 €p762§507ﬂ¢c
3503 5024 3515 5045 ⁶

1935 5106 1961 5179 1?
1997 5096 2155 5179 “63.,
2186 5096 2361 5166 σίύτοές
2384 5104 2460 5161 ὅτι
2486 5103 2583 5179 οὖνΔ
2605 5096 2902 5179 δωρήσηται
2930 5101 3057 5179 πρὸς
3082 5096 3309 5179 τῆν’τῆς.

1941 5178 1956 5217 ί
1994 5173 2148 5241 Mei,
2173 5181 2427 5251 λογάριον.
2455 5173 2724 5251 Λογάριον,
2754 5181 2846 5227 aut
2871 5173 3073 5251 λογάριν
3108 5173 3322 5241 proprie
3348 5187 3460 5228 non

1864 5252 2130 5322 signiﬁcat
2158 5242 2415 5322 pretium,
2432 5242 3113 5322 sed'summampecuniaz,
3156 5253 3211 5298 et
3231 5252 3460 5322 _certat_n

1865 5314 2205 5377 nummorum
2235 5318 2609 5389 quantitatem,
2642 5325 2700 5389 ut
2723 5316 2927 5389 probat
2942 5314 3275 5389 coacervatis
3306 5316 3461 5389 testi-

1866 5393 2065 5449 muniis
2090 5384 2489 5446 eruditissimus
2509 5384 2759 5457 Cangius,
2784 5387 2836 5441 in
2867 5385 3042 5441 Gloss.
3077 5385 3172 5441 Gr.
3206 5384 3338 5439 llinc
3364 5386 3455 5438 λο-

1868 5467 2121 5541 γαρισμός
2151 5461 2409 5541 esturatjo,
2442 5460 2725 5541 subduc-tio,
2748 5459 3067 5541 prnuerqtio.
3149 5518 3181 5523 ν

1944 5528 1968 5614 ξ
1999 5524 2155 5592 Coll).
2183 5552 2203 5614 τΔ
2234 5524 2601 5614 6792105701616?
2633 5524 2906 5614 ὶνςιῐὶςεξτ,
2955 5526 3113 5614 ε’ξργζᾳ
3158 5528 3317 5614 αὐτοῦ
3341 5524 3459 5595 ἔχει

1867 5609 1917 5662 ἐν
1943 5606 1997 5663 δὲ
2038 5617 2152 5668 ταῖς
2182 5596 2457 5666 ἀπουσίαις
2497 5608 2645 5662 αὐτοῦ
2691 5596 2921 5660 εἰσελθὼν
2967 5596 3017 5655 ἐν
3047 5596 3258 5671 τόπῳ
3286 5596 3460 5653 ἔκειτο

1867 5684 1952 5751 atati
1983 5688 2178 5751 σκοπῷ.

1942 5749 1964 5788 ¹¹
1997 5749 2089 5806 Col
2099 5749 2150 5807 Ξ),
2162 5793 2175 5819 ,
2201 5752 2430 5827 ἤρεσκεν.
