3998 6356
496 305 596 364 199
1705 294 1952 353 SANCTI
1988 293 2322 353 GREGORII
2365 294 2583 352 MAGNI
3672 294 3773 357 200

490 424 700 498 ὀρνίθιον
736 420 996 495 ἥρπασεν.
1028 418 1191 480 Δὺτὸς
1236 416 1291 475 δὲ
1339 415 1601 489 συντόμως
1629 436 1701 477 εις
1738 422 1828 477 τήν
1867 414 2130 474 ἐκκλησίαν
2168 414 2400 470 εἰσελθὼν
2426 456 2440 480 ,
2470 415 2557 471 καί
2606 410 2785 467 ἑαυτὸν
2833 413 2904 475 είς
2936 413 3100 483 εὐχὴν
3137 412 3481 487 ὑποστρώσας
3522 410 3775 486 δεὸμενος,

487 510 678 588 ἵληθ’
718 514 941 588 Ἀρέσκει
983 533 1087 579 σοι,
1121 514 1289 589 κύριε,
1315 512 1400 568 ἵνα
1423 512 1471 576 ίξ
1500 508 1567 565 ὧν
1602 512 1634 569 ἡ
1667 514 1835 587 μήτηρ
1880 532 1979 582 μου
2026 511 2288 586 ἀνατρέφει
2334 510 2518 583 ὀρνέων
2563 514 2737 581 φαγεῖν
2779 510 2851 578 μή
2894 504 3106 566 δυνηθῶ·
3144 515 3168 544 ⁸
3201 506 3407 564 ἅπαντα
3432 510 3531 583 γάρ
3580 511 3612 568 ἡ
3649 509 3781 564 ἁλώ-

487 613 590 676 πηξ
634 610 765 669 αὕτη
806 609 1101 683 κατέφαγεν.
1132 605 1162 645 δ
1187 608 1434 670 ’Δναστάς
1474 603 1561 662 οὖν
1592 607 1646 661 ἐκ
1673 615 1767 670 τῆς
1798 608 1985 679 εὐχῆς,
2016 608 2102 661 καί
2140 607 2343 671 ἐξελθὼν
2374 611 2422 661 ὶκ
2469 613 2563 665 τῆς·
2606 602 2872 662 ἐκκλησίας
2895 641 2910 668 ,
2955 610 3288 677 παραχρῆμα
3335 605 3365 661 ἡ
3396 604 3602 671 ἀλώπηξ
3646 605 3780 661 ὑπο·
3829 622 3833 629 ‘

487 702 794 779 στρέψασα,
825 703 884 756 τὸ
934 701 1141 770 ὀρνίθιον
1184 698 1315 776 ὅπερ
1355 701 1408 756 ἐν
1438 710 1514 775 τῷ
1540 697 1779 772 Ιστὸματι
1813 707 2080 770 κατεῖχεν,
2121 694 2327 766 εἴασεν,
2377 699 2504 756 αὐτή
2543 694 2597 751 δέ
2637 696 2845 750 ἐνώπιον
2871 701 2972 750 τῶν
3019 694 3283 765 ὀφθαλμῶν
3328 698 3483 753 αὐτοῦ
3519 699 3570 752 ἐν
3612 704 3676 773 τῇ

490 801 728 853 πεσοῦσα
756 793 1017 848 ἀπέθανεν.

556 896 729 940 ΠΕΤΡ.
762 888 888 938 Λίαν
916 882 1210 955 θαυμαστὸν
1253 881 1491 958 ὑπάρχει
1514 920 1533 948 ,
1563 881 1647 939 ὅτι
1693 884 1741 936 ἐν
1784 884 2082 960 πράγμασιν

2262 875 2432 930 Pun.
2467 868 2635 925 Valde
2690 868 2886 924 mirum
2914 865 2943 905 ιι
2991 868 3135 941 quod
3192 869 3449 925 exaudire
3502 886 3693 941 preces
3726 873 3793 929 in'

490 979 874 1039 εντε).εστάτοις
918 986 1033 1038 ταῖς
1080 979 1276 1049 εὐχαῖς
1319 984 1421 1034 τῶν
1468 978 1542 1038 είς
1582 976 1734 1034 αὑτὸν
1784 976 2091 1042 ἄλπιζόντων

493 1074 789 1152 ὑπακοῦσαι
814 1073 1037 1137 καταξιοῖ
1059 1070 1086 1126 ὁ
1112 1072 1259 1133 Θεὸς.

562 1177 807 1226 ΓΡΗΓΟΡ.
854 1173 1020 1223 Τοῦτο
1043 1206 1059 1234 ,
1088 1166 1243 1242 Πέτρε
1263 1206 1278 1231 ,
1303 1167 1358 1221 ἐκ
1401 1169 1653 1239 μεγίστης
1682 1174 1705 1202 ⁸
1737 1172 1829 1221 τοῦ
1876 1170 2089 1222 κτιστοῦ

494 1266 631 1337 ἡμῶν
659 1265 941 1332 οἰκονομίας
965 1258 1186 1335 γίνεται,
1214 1261 1299 1316 ἵνα
1334 1258 1419 1315 διὰ
1447 1266 1548 1315 τῶν
1576 1267 1772 1335 μικρῶν
1797 1256 1864 1315 ὧν
1889 1260 2091 1329 λαμϐά-

494 1379 657 1429 νομεν,
686 1357 914 1429 καὶπερὶ
940 1361 1040 1411 τῶν
1070 1354 1298 1426 μεγάλων
1318 1354 1534 1418 ἐλπίζειν
1556 1350 1902 1423 πιστεύωμεν.
1932 1353 2090 1410 Είση-

493 1451 680 1507 κοὺσθη
706 1450 873 1503 τοίνυν
898 1448 947 1501 ἑν
988 1449 1295 1522 πράγμασιν
1332 1445 1715 1509 εὐτελεστάτοις
1743 1445 1769 1502 ὁ
1792 1444 1978 1507 ἄκακος
2005 1448 2093 1501 καὶ

493 1541 635 1613 ἅγιος
656 1549 787 1601 παῖς
807 1536 979 1606 οὗτος,
1007 1537 1149 1600 ὅπως
1176 1542 1228 1595 ἐν
1248 1546 1353 1601 τοῖς
1386 1546 1584 1615 μικροῖς
1612 1540 1745 1612 μάθῃ
1770 1539 1935 1595 πόσον
1963 1540 2095 1612 ὀφεί-

493 1632 565 1689 λει
594 1636 679 1688 καί
707 1635 760 1688 ἓν
787 1640 902 1694 τοῖς
926 1634 1191 1707 μεγίστοις
1226 1632 1371 1705 παρά
1413 1638 1487 1704 τῷ
1514 1637 1626 1701 Θεῷ
1654 1632 1908 1703 αἰτήμασι
1932 1652 2093 1687 κατα-

494 1727 770 1799 τολμῆσαι.

563 1830 735 1875 HETP.
768 1818 997 1893 ’Δρέσκει
1017 1816 1043 1874 ὃ
1063 1819 1246 1893 λέγεις.

1127 1919 1355 1967 ΚΕΦΔΔ.
1396 1913 1426 1967 ι’
1437 1952 1451 1967 .

574 2006 694 2080 Περὶ
720 2005 1070 2079 Φορτουνάτου
1099 2003 1381 2059 ἐπισκόπου
1412 2001 1437 2040 ά
1478 2005 1675 2065 πόλεως
1701 2000 2013 2079 Τουδέριως.

564 2105 907 2155 ΓΡΗΓΟΡΙΟΣ.
955 2094 1137 2159 Ἄλλος
1157 2098 1326 2154 τοίνυν
1356 2100 1480 2178 ἀνὴρ
1525 2101 1660 2156 πάνυ
1687 2099 1927 2159 εὑλαϐοῦς
1955 2098 2095 2155 πολι-

499 2192 663 2257 τείας,
688 2191 737 2244 ἐν
776 2198 882 2250 τοῖς
913 2191 1092 2253 αὐτοῖς
1118 2199 1208 2253 τῆς
1237 2192 1497 2252 Τουσκίας
1534 2192 1700 2263 γίγονε
1733 2193 1933 2267 μέρεσι,
1968 2201 2092 2266 Φορ-

3824 826 3831 851 l

2196 980 2257 1023 se
2283 961 2613 1035 sperantium
2639 959 2801 1016 etiam
2833 960 2885 1015 in
2917 960 3075 1017 rebus
3108 960 3301 1017 vilibus
3331 960 3581 1032 dignatur
3608 963 3773 1020 Deus.
3822 956 3829 1004 3‘

2267 1146 2511 1203 Gnaeos.
2534 1143 2667 1211 Hoc,
2695 1142 2859 1199 Petre
2878 1185 2894 1212 ,
2927 1158 2994 1199 ex
3045 1159 3233 1216 magna
3276 1145 3580 1202 Conditoris
3611 1150 3779 1205 nostri

2196 1238 2599 1310 dispensatione
2627 1234 2824 1306 agitur,
2845 1244 2905 1291 ut
2925 1251 3021 1306 per
3043 1238 3262 1292 minima
3290 1252 3411 1308 qua:
3436 1238 3781 1309 percipimus,

2194 1348 2417 1405 sperare
2448 1332 2649 1399 majora
2677 1330 3001 1397 debeamus;
3045 1331 3328 1387 exauditus
3359 1347 3593 1403 namque
3621 1344 3704 1389 est
3732 1335 3784 1389 in

2196 1426 2359 1481 rebus
2386 1424 2581 1481 vilibus
2609 1441 2743 1497 puer
2768 1434 2992 1481 sanctus
3041 1433 3097 1479 et
3126 1423 3381 1494 simplex,
3423 1432 3481 1478 ut
3515 1425 3567 1479 in
3610 1424 3787 1494 parvis

2204 1515 2440 1573 disceret
2464 1526 2722 1588 quantum
2743 1517 2813 1575 de
2836 1516 2949 1573 Deo
2977 1528 3308 1587 praesumere
3326 1516 3382 1570 in
3412 1515 3620 1587 magnis
3651 1516 3783 1586 peti-

2195 1608 2433 1667 tionibus
2461 1609 2707 1669 deberet.

2268 1809 2436 1866 Psrn.
2458 1810 2642 1867 Placet
2669 1811 2810 1883 quod
2835 1812 2989 1867 dicis.

2822 1902 3051 1959 CAPUT
3091 1903 3158 1959 Χ.

2346 1994 2421 2050 De
2446 1994 2741 2051 Fortunato
2769 1994 2787 2035 ί
2821 1994 3115 2050 Tudertinte
3139 1996 3359 2051 civitatis
3386 1997 3643 2067 episcopo.

2275 2088 2602 2146 Caesonius.
2650 2089 2801 2145 Alius
2858 2104 3071 2160 quoque
3115 2089 3199 2144 vir
3227 2089 3351 2145 vitae
3382 2088 3708 2145 venerabilis
3741 2088 3792 2145 in

2199 2182 2403 2238 eisdem
2429 2181 2671 2251 partibus
2699 2180 2801 2237 fuit
2831 2180 3161 2237 Fortunatus
3192 2184 3433 2250 nomine,
3477 2181 3789 2236 Tudertinze

499 2287 745 2343 τοὺνᾶτος
793 2282 1020 2353 ὀνόματι,
1051 2297 1144 2345 τῆς
1173 2281 1464 2358 Τουδὲρεως
1495 2281 1548 2337 δὲ
1570 2281 1838 2342 ἐκκλησίας
1865 2282 2095 2340 κατέστη

2212 2276 2425 2331 antistes
2456 2274 2715 2329 Ecclesia:
2740 2273 3073 2345 (Μανίῳ-οι,
3120 2273 3187 2329 14
3221 2273 3430 2344 Octob.)
3451 2314 3467 2340 ,
3512 2274 3605 2343 qui
3634 2274 3690 2328 in
3724 2272 3795 2327 ef-

499 2376 795 2437 ἐπίσκοπος⁹
825 2373 973 2436 ὅστις
993 2374 1136 2452 παρὰ
1155 2380 1282 2429 Θεοῦ
1315 2377 1478 2445 χάριν
1509 2374 1742 2446 εἰληφὼς,
1766 2371 2093 2446 φυγαδευτης

498 2475 598 2524 τῶν
622 2469 918 2544 ἀκαθάρτων
938 2468 1239 2539 πνευμάτων
1263 2466 1505 2539 ὑπῆρχεν
1524 2466 1763 2530 ἐξαίσιος,
1779 2466 1913 2520 ὥστε
1936 2464 2091 2520 ἐνίοτε

499 2560 593 2621 τὰς
620 2567 720 2616 τῶν
748 2557 995 2630 δαιμόνων
1024 2560 1270 2632 λεγεῶνας
1298 2556 1354 2612 ἐκ
1380 2566 1481 2614 τῶν
1518 2558 1771 2629 σωμάτων
1800 2559 1850 2611 ἐν
1879 2554 1952 2617 οἷς
1973 2578 2095 2615 κατξ

502 2654 662 2725 ᾡκουν
684 2650 891 2717 διώκων,
928 2653 1024 2712 τάς
1066 2649 1420 2724 ἐπερχομένας
1456 2650 1597 2720 αὑτῷ
1623 2648 1742 2725 παρ’
1764 2649 1935 2704 αὐτῶν
1955 2647 2096 2702 πλεί-

504 2764 637 2803 στας
667 2744 961 2809 ἐπιϐουλὰς,
995 2741 1082 2798 διά
1108 2751 1200 2802 τῆς
1221 2741 1458 2812 ἑπιμόνον
1495 2744 1580 2796 καὶ
1607 2750 1904 2817 καρτερικῆς
1929 2741 2095 2810 εὐχῆς

501 2833 852 2907 ὑπερέϐαινεν.
865 2831 1060 2889 Τοὺτου
1077 2840 1169 2889 τοῦ
1189 2833 1336 2908 ἁγίου
1350 2832 1531 2909 ἀνδρὸς
1550 2834 1857 2895 οἰκειότατος

500 2928 678 3002 ἀγάπῃ
717 2928 916 3000 γέγονεν
944 2927 1211 2989 Ἰουλιανὸς
1240 2927 1267 2982 ὁ
1302 2937 1393 2991 τῆς
1422 2929 1671 3003 ἡμετέρας
1712 2928 1987 2988 ἓκκλησίας
2016 2924 2099 2982 δε-

501 3020 719 3095 φένσωρ.
749 3017 928 3080 Ὀστις
961 3023 1019 3075 οὑ
1046 3021 1147 3095 πρὸ
1170 3021 1357 3076 πολλοῦ
1390 3028 1563 3097 καιροῦ
1589 3024 1639 3076 ἐν
1668 3023 1832 3095 ταύτῃ
1861 3029 1924 3093 τῇ
1954 3021 2098 3077 πόλει

500 3108 825 3168 ἰτεὶεὺτησεν
848 3126 861 3141 ⁸
895 3112 953 3169 ἣν
979 3108 1033 3166 δὲ
1062 3111 1190 3185 λέγω
1236 3110 1469 3185 διήγησιν
1497 3113 1589 3169 ὑπ’
1610 3114 1771 3167 αὑτοῦ
1802 3113 2094 3183 μεμάθηκα.

501 3202 668 3267 Οὗτος
699 3201 785 3261 οὖν
814 3208 865 3263 ἐν
903 3207 1062 3283 πολλῇ
1086 3208 1351 3285 παρρησίᾳ
1378 3209 1510 3283 πρὸς
1539 3208 1691 3264 αὑτὸν
1718 3209 1976 3280 ὑπάρχων
1993 3249 2010 3275 ,
2034 3208 2100 3263 τά

500 3303 602 3353 τῶν
628 3299 863 3372 πράξεων
890 3300 1048 3355 αὑτοῦ
1093 3299 1318 3375 ἀκριϐῶς
1362 3300 1632 3355 ἐπίστατο.
1657 3296 1839 3359 Ὀστις
1864 3304 1955 3357 την
1978 3301 2099 3355 τοὺ·

502 3409 598 3443 των
626 3389 920 3460 γλυκύτητα
947 3394 1019 3453 εἰς
1044 3392 1287 3465 ἡμέτερον
1318 3392 1616 3468 στηριγμόν,
1648 3392 1871 3465 καθάπερ
1901 3391 2099 3463 μέλιτος

503 3482 676 3552 κηρίον
705 3478 789 3535 διὰ
814 3490 907 3542 τῆς
932 3486 1129 3554 μνήμης
1158 3484 1208 3537 ἐν
1236 3490 1307 3553 τῷ
1336 3482 1559 3554 στόματι
1587 3486 1667 3539 ἀεὶ
1690 3485 2006 3561 περιέφεριν.

578 3568 747 3641 Ἔλεγε
804 3568 882 3637 δὲ,
940 3569 1020 3627 ὅτι
1064 3574 1305 3648 ματρῶνά
1338 3595 1418 3634 τις
1462 3575 1799 3647 εὐγενεστάτη
1844 3578 1893 3630 ἐν
1922 3585 1946 3613 ε
1988 3584 2102 3638 τοῖς

2200 2365 2447 2437 iugandis
2477 2362 2755 2435 spiritibus
2788 2365 2802 2414 ἓ
2844 2364 3121 2421 immensa:
3152 2366 3363 2420 virtutis
3403 2363 3573 2436 gratia
3623 2364 3795 2433 polle-

2198 2458 2311 2523 bat,
2341 2457 2410 2512 ita
2436 2466 2494 2511 ut
2523 2470 2906 2527 nonnunquam
2952 2457 3020 2512 ab
3065 2456 3303 2513 obsessis
3349 2456 3670 2527 corporibus
3720 2456 3794 2511 le-

2198 2550 2389 2621 giones
2432 2549 2741 2605 daemonum
2790 2550 3039 2621 pelleret,
3093 2560 3150 2606 et
3206 2551 3481 2606 continua:
3532 2551 3795 2606 orationis

2198 2644 2375 2700 studio
2389 2643 2647 2711 intentus,
2662 2642 2906 2714 objectas
2928 2652 3115 2699 contra
3131 2659 3193 2700 se
3206 2659 3393 2700 eorum
3418 2642 3795 2699 multitudines

2199 2745 2497 2806 superaret.
2530 2735 2698 2808 Hujus
2724 2737 2825 2792 viri
2852 2735 3309 2793 familiarissimus
3332 2738 3487 2809 193
3521 2736 3621 2792 fuit
3642 2737 3667 2773 κ
3697 2738 3797 2793 Ju-

2200 2829 2373 2886 lianus
2400 2840 2599 2885 nostrae
2620 2829 2878 2886 Ecclesiae
2905 2829 3180 2898 defensor,
3203 2830 3422 2902 quiante
3437 2847 3549 2887 non
3580 2831 3799 2902 longum

2198 2930 2413 2993 tempus
2435 2923 2487 2977 in
2520 2922 2622 2978 hac
2642 2922 2776 2978 urbe
2795 2921 3081 2978 defunctus
3107 2932 3209 2979 est.
3248 2922 3412 2995 Cujus
3436 2940 3534 2994 ego
3575 2940 3792 2995 quoque

2200 3017 2302 3070 hoc
2332 3014 2493 3071 didici
2517 3015 2781 3071 relatione
2808 3016 2951 3086 quod
2978 3032 3161 3084 narro,
3186 3016 3310 3087 quia
3350 3031 3495 3087 saepe
3541 3019 3715 3088 gestis
3742 3018 3801 3073 il-

2200 3107 2304 3162 lius
2340 3105 2361 3144 1
2398 3089 2532 3163 ausu
2559 3107 2943 3164 familiaritatis
2973 3106 3255 3176 intererat,
3275 3108 3501 3180 ejusque
3544 3118 3669 3179 post
3690 3124 3801 3165 me-

2200 3198 2425 3254 moriam
2456 3199 2523 3254 ad
2562 3199 2976 3257 instructionem
3005 3209 3248 3257 nostram
3288 3200 3441 3269 quasi
3469 3197 3580 3256 favi
3610 3199 3797 3258 dulce-

2204 3294 2386 3349 dinem
2408 3293 2464 3351 in
2501 3307 2600 3349 ore
2620 3294 2906 3351 retinebat.

2266 3533 2515 3631 blatrona
2539 3575 2785 3646 quasdam
2810 3575 3007 3633 nobilis
3033 3576 3090 3633 in
3111 3577 3301 3635 vicinis
3319 3577 3562 3650 partibus
3579 3578 3791 3636 Tuscia

506 3662 853 3733 γειτνιάζουσι
881 3669 971 3722 τῆς
992 3666 1246 3723 Τουσκίας
1264 3665 1490 3740 μέρεσιν,
1510 3667 1568 3720 οὑ
1594 3668 1695 3741 πρὸ
1719 3667 1907 3722 πολλοῦ
1927 3674 2095 3743 καιροῦ

2212 3681 2398 3724 nurum
2431 3668 2685 3740 habebat,
2720 3684 2841 3740 quas
2887 3670 3027 3725 intra
3054 3668 3218 3727 breve
3249 3679 3464 3743 tempus
3491 3686 3602 3743 quo
3632 3673 3797 3729 tilium

506 3754 696 3823 νύμφην
737 3755 810 3815 εἰς
855 3754 943 3808 τὸν
988 3755 1097 3809 υίὸν
1143 3756 1303 3815 αὐτῆς
1354 3754 1412 3815 ἧν
1456 3758 1711 3813 λαϐοῦσα⁸
1743 3760 1855 3818 ἥτις
1899 3758 2009 3832 ἅμα
2036 3768 2099 3836 τῇ

507 3843 693 3906 ἑαυτῆς
718 3848 935 3922 πενθερᾷ
963 3851 1035 3908 εἰς
1075 3848 1394 3921 ἐγκαινισμὸν
1439 3852 1701 3923 εὐκτηρίου
1728 3859 1819 3908 τοῦ
1842 3857 2098 3928 μακαρίου

508 3940 770 4012 μάρτυρος
810 3942 1149 3997 Σεϐαστιανοῦ
1199 3941 1256 4001 ἦν
1302 3945 1555 4001 κληθεῖσα.
1586 3953 1657 4020 Τῇ
1681 3944 1735 4000 δὲ
1761 3948 1903 4002 νυκτί
1940 3949 2100 4022 ἐκείνῃ

508 4030 713 4103 ἤμελλεν
749 4036 780 4093 ἠ
818 4042 919 4089 τῶν
965 4036 1225 4108 ἐγκαινίων
1256 4038 1415 4109 ἡμέρα
1442 4044 1533 4092 τοῦ
1559 4038 1929 4115 προλεχθέντος
1956 4039 1975 4077 ί
2013 4043 2096 4096 εὑο

508 4124 717 4198 κτηρίου
750 4124 1048 4195 ἐπιφαίνειν,
1089 4133 1151 4201 τῇ
1190 4134 1282 4186 τῆς
1330 4129 1521 4204 σαρκὸς
1560 4127 1707 4201 ἡδονῇ
1733 4133 2016 4197 νικηθεῖσα,
2044 4134 2099 4188 ἐκ

511 4222 606 4270 τοῦ
633 4218 816 4281 ἑαυτῆς
844 4218 1028 4294 ἀνδρὸς
1058 4221 1496 4296 ἐγκρατεὺσασθαι
1525 4224 1609 4277 οὐκ
1629 4222 1869 4283 ἠδυνήθη.
1907 4226 2106 4300 Πρωΐας

510 4304 567 4361 δὲ
595 4306 768 4363 λοιπὸν
793 4312 1083 4382 γενομένης,
1113 4316 1182 4380 μή
1210 4312 1544 4370 εὐλαϐηθεῐσα
1579 4318 1672 4373 τήν
1712 4317 1975 4389 γενομένην
2013 4326 2107 4379 τῆς

512 4400 705 4472 σαρκὸς
734 4398 1062 4467 ἡδυπάθειαν,
1091 4404 1347 4479 προελθεῖν
1377 4414 1402 4452 8
1443 4407 1739 4482 ῄρετίσατο,
1770 4410 1829 4465 τὸ
1871 4417 1970 4466 τῶν
2013 4414 2103 4469 ἀν·

579 4520 608 4596 ς
634 4512 817 4596 ροιὺη
840 4516 1034 4596 sitan;
1062 4523 1233 4596 ταῦτα
1256 4520 1551 4596 κατέφαγεν.
1593 4551 1599 4559 ·

580 4582 609 4666 ις
640 4584 1140 4666 Κεθςάναστάντος
1181 4584 1265 4644 οὑν
1306 4582 1464 4646 αὑτοῧ
1496 4594 1549 4649 ἐκ
1576 4601 1667 4656 τῆς
1706 4596 1867 4666 εὐχῆς
1902 4599 2102 4661 καὶτῆς

504 4658 772 4739 ἐκκλησίας
797 4658 1075 4739 ἐξελθόντος
1101 4672 1455 4739 παραχρῆμα.

581 4740 604 4768 ο
637 4730 815 4795 Colb.,
848 4738 942 4787 τοῦ
973 4730 1212 4791 ποιητοῦ.

575 4798 603 4836 ἀ
638 4801 690 4853 In
718 4802 907 4858 eodem
939 4800 1075 4858 Cod.
1106 4803 1300 4875 legitur
1324 4805 1425 4861 sim
1469 4808 1660 4877 liciter,
1687 4811 1990 4869 ἑπισκὸπου.

579 4879 603 4907 ε
628 4868 708 4924 Ita
737 4871 837 4927 Ed.
870 4889 992 4931 cum
1022 4874 1155 4935 Rea.
1200 4876 1300 4933 Ms.
1332 4824 1483 4935 Catii.
1520 4882 1680 4935 habet
1729 4885 1778 4935 ἐν
1826 4892 1934 4935 τοῖς
1973 4907 1990 4935 η

562 4879 603 4959 ,ο
628 4868 708 4924 Ita
737 4871 837 4927 Ed.
870 4889 992 4931 cum
1022 4868 1300 4947 Rengs.
1332 4868 1483 4935 Colb.
1520 4868 1680 4937 habet
1729 4885 1778 4937 ἐν
1826 4892 1934 4945 τοῖς
1973 4905 2102 4958 γειτ-

506 4963 673 4998 νιωσι.

633 5154 1371 5238 “navsse-aspidem.

501 5224 608 5356 Ms:
630 5224 849 5284 Addunt
877 5224 1342 5305 EscaSi,'videtur,
1374 5237 1483 5308 vel,
1510 5240 1641 5295 mihi
1660 5241 1882 5313 videtur,
1911 5242 2094 5301 invitis

582 5381 598 5450 ξ
628 5370 927 5457 Iudertulu
957 5389 1099 5457 nunc
1142 5375 1297 5457 1951i,
1326 5380 1453 5457 urbs
1481 5387 1801 5457 episcopalis
1826 5389 2089 5447 Umbriae.

577 5443 591 5492 i
628 5443 1146 5521 Primugfl‘hepd.eg
1190 5443 1305 5504 Val.
1348 5450 1455 5519 CL,
1497 5443 1758 5521 spiritibus
1785 5443 2086 5519 immundi}.

499 5511 794 5602 Secundus
810 5515 1024 5602 :rheod.
1051 5528 1105 5573 et
1126 5519 1378 5602 Longip.,
1400 5511 1662 5602 spiritibus
1675 5511 1943 5602 ’ὴξάιῖρἷἶέζ

574 5584 601 5623 ιι
630 5586 1107 5672 De-fjefensoribus
1140 5584 1318 5672 agi.th
1344 5584 1489 5662 saepe
1533 5597 1584 5650 in
1638 5584 2092 5672 episto‘l'i'srvLege

538 5660 803 5742 raisertim
828 5661 987 5742 epist:
1022 5661 1149 5742 olim
1178 5660 1273 5742 ἓξ,
1304 5664 1342 5719 l.
1374 5660 1445 5729 iv,
1478 5660 1689 5742 nuncii
1715 5686 1768 5737 v,
1808 5675 1964 5741 epist.
1993 5660 2087 5742 ‘25,

523 5728 611 5784 nd.
643 5728 729 5794 13,
754 5730 839 5813 ubi
862 5728 1119 5813 quidquid
1164 5736 1229 5789 ad
1260 5728 1445 5793 eorum
1491 5728 1765 5813 ofﬁcium,
1788 5728 2088 5810 institutio:

495 5811 644 5864 netu.
675 5804 1149 5877 conditionemque
1169 5819 1393 5878 spectat,
1426 5809 1732 5881 exponitur.

585 5009 605 5048 ί
640 5010 827 5081 Colb.,
866 5019 1135 5093 εὑκτηρίου
1173 5020 1396 5096 ἐπιφὺειν
1432 5031 1612 5099 τῇ.....
1652 5023 1804 5091 ἡδονῇ
1839 5029 2099 5086 κινηθεῖσα
2129 4998 2188 5059 D

2209 3766 2326 3834 ejus
2348 3776 2647 3837 acceperat,
2667 3782 2791 3823 cum
2812 3768 3001 3825 eadem
3023 3783 3184 3826 socru
3204 3785 3301 3826 sua
3320 3772 3387 3827 ad
3406 3770 3797 3829 dedicationem

2211 3859 2436 3914 oratorii
2482 3859 2628 3916 beati
2674 3859 2980 3917 Sebastiani
3028 3862 3281 3933 martyris
3326 3862 3499 3919 fuerat
3555 3865 3800 3920 invitata.

2207 3951 2376 4010 Nocte
2400 3968 2533 4010 vero
2555 3955 2746 4011 eadem
2769 3970 2873 4026 qua
2899 3956 3262 4027 subsequente
3292 3957 3385 4013 die
3412 3957 3481 4013 ad
3508 3957 3802 4014 dedicatio-

2210 4061 2331 4102 nem
2355 4048 2597 4118 praedicti
2628 4048 2847 4105 oratorii
2880 4050 3053 4107 fuerat
3082 4059 3119 4086 ω
3152 4064 3492 4122 processura,
3520 4053 3799 4123 voluptate

2210 4141 2391 4196 carnis
2416 4141 2647 4209 devicta,
2674 4157 2707 4196 a
2727 4142 2850 4199 viro
2873 4157 2971 4198 suo
3001 4158 3121 4199 sese
3147 4144 3418 4200 abstinere
3444 4158 3553 4199 non
3590 4145 3796 4214 potuit;

2213 4248 2445 4306 cumque
2472 4251 2635 4293 mane
2663 4237 2808 4293 iacto
2835 4238 3218 4295 conscientiam
3269 4240 3569 4296 deterreret
3609 4255 3803 4310 perpeo

2211 4338 2349 4384 trata
2371 4338 2399 4366 ιι
2425 4330 2606 4386 carnis
2633 4331 2939 4403 delectatio,
2978 4334 3377 4402 processionem
3408 4347 3537 4388 vero
3567 4332 3802 4405 impera-

2210 4430 2294 4477 ret
2335 4422 2681 4492 verecundia,
2733 4424 2854 4497 plus
2897 4425 3227 4483 erubescens
3253 4425 3455 4481 vultum
3496 4427 3802 4492 hominum,

2286 4530 2304 4571 ι
2340 4534 2549 4615 Germ.,
2570 4536 2821 4615 L_o_ngip_.,
2850 4538 2966 4594 Val.
3000 4540 3121 4615 (‘31.,
3148 4541 3360 4614 primus
3402 4542 3649 4605 Carnot..
3685 4543 3800 4615 Big.

2209 4612 2265 4681 et
2292 4611 2562 4681 secundus
2593 4609 2823 4675 Theod.,
2852 4627 2971 4666 usu.
3004 4609 3320 4668 Retiriemus
3346 4629 3499 4681 ausu,
3524 4609 3805 4671 suadenti-

2207 4674 2307 4731 bus
2334 4677 2451 4733 aliis
2476 4680 2605 4735 Mss.
2631 4690 2686 4735 et
2712 4696 2855 4739 vers.
2887 4683 3094 4738 Graeca.

2270 4747 2635 4829 ω-Ριλοσεᾴετε,
2650 4752 2791 4824 apud
2810 4752 3173 4829 Ambrosium,
3192 4755 3507 4829 Gregorium
3518 4798 3535 4824 ,
3551 4759 3802 4829 aliosque

2210 4820 2608 4895 ecclesiasticos
2632 4820 2905 4895 auctores,
2930 4823 3192 4895 signiﬁcat
3218 4820 3333 4882 loca
3355 4820 3730 4893 sacra'adire;
3750 4840 3804 4885 et

2209 4890 2485 4965 religionis
2514 4908 2676 4965 causa
2698 4894 2765 4949 ad
2792 4910 2853 4950 ea
2884 4890 2943 4951 Se
2971 4890 3243 4965 conferre,
3267 4907 3359 4952 aut
3380 4902 3544 4954 etiam
3572 4915 3693 4957 rem
3706 4890 3802 4955 sa-

2211 4975 2358 5017 cram
2402 4962 2597 5020 iacere.
2633 4963 2943 5036 Gregorius,
2971 4968 3007 5022 Ι.
3049 4968 3176 5023 olim
3211 4962 3285 5037 1v,
3308 4973 3468 5038 epist.
3499 4972 3570 5028 '59
3604 4991 3617 5027 :
3646 4973 3805 5027 Nun-

2209 5048 2362 5108 quam
2391 5050 2507 5108 cam
2552 5051 2611 5090 eo
2648 5040 2922 5108 procedere
2945 5055 3248 5108 pnesumas.
3288 5040 3454 5107 Idem,
3490 5041 3529 5096 l.
3561 5044 3695 5099 olim
3725 5059 3801 5105 si,

2209 5105 2368 5183 epist.
2401 5105 2490 5174 59,
2520 5105 2665 5183 nunc
2683 5106 2758 5183 ς48⁸
2783 5109 2904 5164 llbri
2933 5105 3046 5176 int,
3072 5110 3359 5165 hortandus
3383 5105 3455 5167 est
3482 5111 3803 5183 (Januarius

2206 5176 2494 5251 episcopus
2521 5178 2768 5251 Calarit.)
2794 5188 2851 5234 at
2874 5183 3072 5251 quoties
3099 5183 3325 5245 aliquam
3367 5176 3657 5238 molestiam
3681 5203 3801 5241 sen-

2204 5249 2351 5315 serit,
2377 5265 2479 5304 non
2508 5249 2774 5322 procedat,
2796 5249 2899 5306 hoc
2927 5262 3009 5307 est
3046 5251 3365 5308 sacriﬁcium
3395 5271 3500 5311 non
3527 5257 3795 5321 celebret,

2203 5329 2265 5374 ut
2284 5330 2432 5390 patet
2450 5336 2517 5393 ex
2534 5322 2787 5393 epistola:
2815 5331 3090 5379 contextu.
3115 5324 3252 5380 Vide
3267 5326 3481 5393 Ambr.,
3504 5342 3675 5382 serm.
3704 5328 3797 5393 Π,

2204 5392 2836 5469 etconsuleMenardum
2864 5393 3083 5469 in_notis
3104 5395 3171 5450 ad
3202 5407 3551 5469 sacrament.,
3575 5413 3630 5469 p.
3657 5392 3796 5455 olim

2204 5463 2330 5529 177,
2363 5473 2419 5519 et
2445 5463 2510 5519 ad
2539 5466 2881 5521 concordiam
2915 5465 3073 5536 Reg.,
3103 5481 3156 5536 p.
3185 5466 3311 5522 746.

2278 5544 2306 5571 ιι
2339 5536 2417 5591 Ex
2443 5536 2797 5611 Hieronymo,
2821 5538 2882 5611 in,
2925 5538 3151 5611 Apolog.
3178 5539 3244 5593 ad
3273 5539 3608 5607 Pammach.,
3642 5550 3802 5611 patet

2201 5606 2478 5683 Romanos
2500 5622 2602 5683 pro
2629 5606 2837 5683 piaculo
2871 5606 3123 5683 habuisse
3164 5611 3419 5683 ecclesias
3469 5606 3622 5669 adire
3644 5606 3802 5683 post

2200 5680 2446 5754 copulam
2475 5679 2635 5754 etiam
2668 5679 2865 5754 licitam
2903 5698 2915 5731 :
2952 5681 3143 5746 Quare,
3189 5682 3382 5751 inquit,
3434 5684 3503 5736 ad
3535 5679 3801 5754 nmriyres

2198 5749 2274 5821 ire
2319 5766 2422 5803 non
2474 5750 2701 5821 audent?
2750 5750 2922 5814 Quare
2964 5768 3068 5805 non
3116 5749 3472 5821 ingrediuntur
3509 5749 3803 5812 ecclesias?

2198 5820 2327 5876 lla'c
2358 5820 2572 5889 mulier,
2610 5820 2749 5876 haud
2799 5823 2959 5876 dubie
3006 5820 3214 5879 sacram
3247 5825 3637 5882 Eucharisﬁam
3670 5844 3801 5897 per-
