3998 6356
196 294 274 351 ΞΜ
1441 288 1775 349 DIALOGOF

1883 290 1893 348 l
1931 288 2137 348 LIBER
2174 287 2214 345 Ι.

3358 297 3466 353 202.

196 426 333 483 quam
364 407 454 462 Dei
474 405 738 476 judicium
773 411 1042 475 metuens,
1064 418 1188 461 cum
1217 419 1373 462 socru
1405 423 1505 463 sua
1528 420 1553 447 ιι
1577 408 1643 463 ad
1672 408 1766 463 de-

1883 412 2084 484 ὶρὼπων
2114 407 2298 479 μᾶλλον
2330 406 2601 481 πρόσωπον
2647 406 2950 480 ἐρυθριῶσα,
3002 405 3031 464 ἦ
3067 412 3157 467 τήν
3191 417 3279 466 τοῦ
3325 420 3459 468 Grec

196 501 493 558 dicationem
522 499 749 555 oratorii
777 501 1057 570 processit.
1095 498 1220 553 Mox
1256 515 1384 555 vero
1420 508 1476 555 ut
1514 501 1756 570 reliquiae

194 596 321 653 beati
345 593 647 649 Sebastiani
691 594 942 666 martyris
968 594 1260 650 oratorium
1312 597 1571 667 ingressae
1617 607 1764 665 sunt,

198 689 425 745 eamdem
458 677 727 757 praedicta
757 698 1017 743 matronae
1038 705 1230 744 nurum
1261 690 1527 760 malignus
1548 692 1767 760 spiritus

192 780 420 850 arripuit,
452 790 508 834 et
553 794 737 836 coram
765 780 911 835 omni
942 782 1140 851 populo
1171 797 1365 839 vexare
1392 785 1575 853 coepit.
1610 782 1767 853 Ejus-

196 875 297 928 dem
325 887 455 926 vero
485 871 709 927 oratorii
740 871 1022 943 presbyter
1043 872 1169 928 dum
1203 888 1321 929 eam
1356 872 1767 929 vehementissi-

193 982 264 1024 me
284 966 468 1023 vexari
497 966 859 1037 conspiceret,
904 983 969 1021 ex
1015 966 1169 1021 altari
1204 968 1444 1036 protinus
1484 966 1765 1022 sindonem

194 1062 313 1125 tulit,
351 1074 582 1129 eamque
615 1059 863 1129 operuit;
893 1059 986 1115 sed
1022 1059 1166 1115 hunc
1213 1060 1371 1115 simul
1400 1070 1621 1129 repente
1650 1058 1767 1114 dia-

197 1156 344 1212 bolus
390 1154 604 1208 invasit.
653 1152 721 1207 Et
753 1154 873 1223 quia
919 1153 1060 1208 ultra
1091 1155 1233 1209 vires
1270 1153 1441 1207 voluit
1480 1152 1765 1223 quidquam

193 1263 537 1319 praesumere,
570 1247 885 1317 compulsus
912 1257 994 1303 est
1023 1261 1351 1319 cognoscere
1382 1248 1433 1301 in
1466 1262 1561 1302 sua
1606 1260 1769 1301 vexa-

197 1340 327 1396 tione
354 1339 483 1408 quid
513 1347 676 1393 esset.
712 1338 777 1391 Hi
830 1353 959 1393 vero
1006 1340 1096 1407 qui
1146 1338 1391 1405 aderant,
1440 1337 1671 1407 puellam
1716 1338 1769 1391 in

198 1433 435 1489 manibus
458 1448 521 1488 ex
552 1430 792 1487 oratorio
820 1431 1084 1488 sublatam
1118 1432 1186 1486 ad
1237 1432 1451 1487 domum
1500 1432 1767 1501 propriam

194 1525 619 1594 deportaverunt.
675 1524 917 1594 Cumque
958 1525 1096 1579 hanc
1126 1524 1377 1593 antiquus
1407 1523 1580 1577 hostis
1607 1536 1775 1577 vexa-

193 1616 330 1671 tione
360 1614 607 1670 continua
655 1614 1009 1670 vehementer
1035 1624 1309 1680 attereret,
1358 1615 1644 1685 prepinqui
1686 1615 1768 1668 sui

200 1724 305 1765 eam
339 1709 628 1765 carnaliter
649 1719 913 1775 amantes,
943 1716 1001 1764 et
1022 1708 1251 1763 amando
1274 1717 1679 1778 persequentes,
1701 1706 1769 1762 ad

1874 503 2036 577 κρίσιν
2070 498 2365 571 φοϐηθεῖσα,
2400 495 2503 549 ὅθεν
2530 497 2659 566 μετά
2678 505 2767 555 τῆς
2805 497 2987 556 ἑαυτῆς
3011 502 3255 575 πενθερᾶς
3283 505 3356 563 εἰς
3376 506 3466 560 τὸν

1874 593 2193 668 ἑγκαινισμόν
2216 599 2302 648 τοῦ
2335 592 2598 666 εύκτηρίου
2616 591 2878 665 προῆλθεν.
2909 592 3066 647 ἰινίκα
3087 591 3140 646 δέ
3162 596 3227 649 τά
3255 594 3468 667 λείψανα

1874 692 1965 742 τοῦ
1997 686 2143 757 ἁγίου
2175 686 2433 762 μάρτυρος
2463 683 2800 738 Σεϐαστιανοῦ
2831 687 2881 739 ἐν
2910 692 2980 754 τῷ
3019 687 3269 762 εύκτηρίῳ
3302 688 3470 750 εἰσῆλ-

1877 780 1980 843 θον,
2019 783 2107 836 τήν
2134 779 2509 852 προλεχθεῖσαν
2549 785 2639 837 τῆς
2677 779 2945 850 ματρώνης
2982 781 3178 851 νύμφην
3203 820 3218 845 ,
3266 788 3473 857 πνεῦμα

1874 869 2087 944 πονηρὸν
2111 878 2392 941 κρατῆσαν,
2420 870 2622 922 ἐνώπιον
2650 870 2841 928 παντὸς
2860 877 2952 923 τοῦ
2977 870 3103 925 λαοῦ
3140 870 3472 943 δαιμονισθῆ-

1875 984 1959 1016 ναι
1996 962 2285 1018 πεποίηκεν.
2317 971 2369 1013 ‘0
2399 957 2452 1013 δέ
2490 968 2579 1014 τοῦ
2623 962 2890 1035 εὐκτηρίου
2935 964 3310 1040 πρεσϐύτερος,
3339 990 3467 1040 σφο-

1875 1049 2009 1128 δρῶς
2031 1055 2221 1111 ταύτην
2252 1051 2655 1123 δαιμονιζομένην
2682 1052 3024 1123 θεασάμενος,
3064 1056 3115 1109 ἐκ
3152 1064 3242 1112 τοῦ
3295 1059 3475 1115 θυσια-

1875 1149 2087 1221 στηρίου
2119 1150 2208 1205 τήν
2231 1144 2433 1200 σινδόνα
2459 1146 2647 1213 λαϐὼν,
2681 1149 2870 1208 ταύτην
2905 1149 3185 1205 ἐσκέπασε.
3229 1156 3475 1226 Παραυτά

1876 1238 1931 1295 δὲ
1970 1242 2055 1294 καί
2084 1241 2155 1299 εἰς
2181 1241 2329 1293 αὐτόν
2352 1239 2376 1292 ὁ
2405 1237 2634 1300 διάϐολος
2656 1242 2848 1300 εἰσῆλθε
2866 1283 2879 1307 ,
2910 1240 2995 1298 διά
3021 1246 3079 1299 τὸ
3106 1246 3239 1320 ύπέρ
3270 1256 3292 1285 ε
3321 1245 3477 1303 δύναιο

1877 1355 1960 1405 μιν
1986 1331 2164 1387 τοῦτόν
2200 1354 2250 1386 τι
2285 1332 2657 1406 ἀποτολμῆσαι⁹
2696 1335 2779 1391 ἵνα
2819 1337 2869 1390 ἐν
2916 1344 2979 1409 τῇ
3022 1337 3209 1393 ἑαυτοῦ
3254 1342 3475 1411 ὀχλήσει

1878 1427 2271 1495 συνωθούμενος,
2305 1433 2405 1496 γνῷ
2428 1427 2478 1478 τί
2502 1426 2642 1480 ἔστιν
2673 1422 2699 1481 ὃ
2726 1428 2991 1482 πέπονθεν.
3023 1431 3081 1484 Οἵ
3104 1427 3157 1484 δὲ
3187 1432 3351 1488 ἐκεῖσε
3388 1436 3475 1488 εύ-

1872 1521 2116 1596 ρεθέντες,
2150 1530 2240 1582 τήν
2289 1527 2438 1600 κόρην
2487 1528 2536 1579 ἐν
2574 1532 2693 1585 ταῖς
2743 1531 2932 1598 χερσὶν
2969 1529 3024 1581 ἐκ
3068 1536 3161 1583 τοῦ
3208 1532 3474 1607 εύκτηρίου

1876 1608 2111 1683 ἄραντες,
2139 1626 2209 1675 εἰς
2229 1618 2314 1671 τὸν
2345 1615 2467 1671 ἴδιον
2498 1614 2629 1672 οἷκον
2658 1620 2940 1693 ἀπήγαγον.
2967 1630 3039 1674 Ἐν
3060 1617 3163 1693 ὅσῳ
3194 1620 3247 1677 δέ
3275 1626 3470 1685 ταύτην

1874 1701 1900 1757 ὁ
1928 1705 2227 1779 ἀρχέκακος
2262 1709 2447 1783 ἐχθρὸς
2476 1709 2795 1785 σφοδροτάτῃ
2823 1712 2915 1786 βίᾳ
2942 1712 3113 1783 ὀχλῶν
3143 1715 3433 1787 συνέτριϐεν
3453 1756 3474 1783 ,

202 1801 539 1856 obtinendum
568 1801 756 1856 salutis
784 1800 1081 1857 remedium
1110 1799 1371 1855 maleﬁcis
1396 1799 1767 1867 tradiderunt;

1883 1796 1921 1848 οί
1963 1797 2177 1855 πλησίον
2221 1802 2381 1861 αὐτῆς
2433 1811 2739 1872 σωματικῶς
2788 1805 2941 1862 αύτήν
2987 1805 3325 1877 ἀγαπῶντες,
3382 1809 3473 1862 καί

195 1902 246 1948 ut
270 1893 387 1962 ejus
422 1894 653 1947 animam
701 1891 943 1949 funditus
982 1892 1406 1962 exstinguerent,
1437 1892 1593 1962 cujus
1622 1892 1771 1947 carni

192 1986 400 2054 magicis
458 1986 663 2040 artibus
710 1986 778 2040 ad
841 1994 1055 2054 tempus
1113 1985 1367 2055 prodesse
1420 1993 1768 2039 conarentur.

193 2076 347 2133 Docta
373 2088 454 2133 est
478 2079 658 2146 itaque
680 2077 747 2133 ad
773 2078 1015 2145 ﬂuvium,
1053 2087 1213 2149 atque
1238 2078 1292 2133 in
1323 2092 1514 2148 aquam
1558 2093 1767 2144 mersa;

187 2170 357 2241 ibique
384 2172 588 2228 diutius
619 2173 1076 2228 incantationibus
1102 2188 1261 2244 agere
1304 2172 1533 2227 maleﬁci
1576 2173 1771 2226 molie-

186 2260 393 2330 bantur,
424 2272 480 2317 ut
506 2264 550 2318 is
574 2263 662 2332 qui
691 2278 810 2319 eam
843 2265 1115 2319 invaserat
1162 2263 1411 2318 diabolus
1434 2263 1630 2318 exiret.
1662 2261 1769 2317 Sed

186 2356 315 2410 miro
359 2354 748 2425 omnipotentis
779 2356 873 2412 Dei
916 2355 1134 2426 judicio,
1192 2355 1315 2410 dum
1356 2365 1474 2411 arte
1519 2369 1770 2424 perversa

186 2462 315 2502 unus
360 2449 430 2503 ab
474 2463 537 2504 ea
566 2448 868 2518 repellitur,
901 2449 957 2503 in
988 2462 1107 2504 eam
1138 2448 1315 2503 subito
1361 2448 1503 2519 legio
1532 2447 1769 2503 intravit.

185 2539 357 2610 Coepit
382 2555 450 2595 ex
476 2541 580 2596 hoc
605 2540 699 2596 illa
716 2550 798 2596 tot
827 2541 1062 2596 motibus
1084 2542 1295 2612 agitari,
1322 2550 1399 2596 tot
1422 2541 1643 2596 vocibus
1661 2541 1772 2597 cla-

184 2635 526 2706 moribusque
557 2645 921 2706 perstrepere,
967 2647 1101 2703 quot
1147 2635 1423 2707 Spiritibus
1465 2634 1768 2690 tenebatur.

183 2725 329 2783 Tunc
360 2728 496 2783 inito
518 2728 746 2784 consilio
776 2739 1028 2798 parentes
1056 2728 1174 2797 ejus
1212 2742 1323 2783 sua;
1369 2727 1611 2798 perﬁdiae
1653 2727 1770 2783 cul-

182 2833 299 2890 pam
336 2822 590 2888 fatentes,
617 2822 753 2875 hanc
783 2820 852 2876 ad
880 2820 1242 2876 venerabilem
1292 2821 1469 2876 virum
1506 2820 1771 2875 Fortuna-

182 2922 292 2971 tum
324 2916 642 2987 episcopum
665 2914 958 2981 duxerunt,
983 2916 1141 2985 eique
1163 2915 1514 2984 reliquerunt.
1540 2914 1655 2980 Qua
1678 2912 1771 2969 ille

179 3017 457 3078 suscepta,
488 3008 673 3063 multis
703 3023 763 3064 se
784 3008 973 3063 diebus
1017 3022 1080 3063 ac
1102 3008 1348 3062 noctibus
1374 3008 1429 3061 in
1470 3007 1769 3062 orationem

178 3098 374 3165 dedit;
399 3108 656 3169 tantoque
681 3099 865 3154 annisu
894 3098 1143 3169 precibus
1186 3097 1448 3161 incubuit,
1490 3106 1690 3168 quanto
1716 3106 1771 3153 et

178 3189 233 3244 in
283 3204 399 3244 uno
448 3204 678 3259 corpore
723 3199 904 3246 contra
953 3206 1013 3247 se
1055 3191 1315 3247 assistere
1346 3189 1570 3262 legionis
1601 3191 1771 3245 aciem

288 3240 391 3244 ___-
456 3240 674 3259 ---την
726 3240 904 3246 -_-_.-_
953 3240 1012 3247 η
1056 3240 1314 3247 ,,----,--
1346 3240 1567 3262 --οηπ
1603 3240 1771 3245 _-_--_

178 3282 410 3339 invenit.
436 3282 465 3322 δ
490 3284 624 3339 Cum
649 3300 755 3341 non
779 3294 900 3357 post
942 3287 1145 3342 multos
1166 3285 1281 3342 dies
1307 3285 1379 3341 ita
1405 3299 1587 3340 sanam
1614 3294 1774 3355 atque
1804 3240 1849 3305 Ο

182 3374 508 3431 incolumem
538 3375 793 3443 reddidit,
828 3392 891 3432 ac
919 3378 965 3432 si
994 3380 1047 3433 in
1082 3392 1145 3434 ea
1192 3377 1280 3448 jus
1327 3377 1606 3448 proprium
1660 3375 1776 3431 dia-

182 3464 337 3523 bolus
370 3483 646 3539 nunquam
672 3468 968 3525 habuisset.

1882 1887 2189 1953 σπεύδοντες
2231 1889 2317 1947 διὰ
2345 1900 2436 1951 τῆς
2479 1896 2751 1967 θεραπείας
2788 1898 3049 1972 σωτηρίας
3080 1898 3238 1955 αὐτήν
3263 1907 3470 1968 τυχεῖν,

1875 1981 2167 2050 φαρμακούς
2191 1982 2316 2054 αὐτῇ
2342 1987 2695 2057 προσήγαγον,
2725 1982 2865 2044 ὅπως
2891 1987 2950 2039 τὸ
2978 1992 3129 2057 σῶμα
3164 1994 3279 2046 ταῖς
3314 2009 3473 2060 μαγι-

1875 2079 1984 2131 καῖς
2021 2073 2232 2143 τέχναις
2272 2075 2403 2146 πρὸς
2446 2077 2616 2150 καιρὸν
2656 2076 3061 2146 ἐπιμελήσασθαι
3104 2078 3344 2147 θέλοντες,
3381 2084 3475 2140 τήν

1876 2161 2056 2233 ψυχήν
2103 2164 2156 2218 ἐκ
2202 2163 2405 2238 βάθρων
2450 2166 2727 2221 σϐἑσωσιν.
2756 2168 3040 2239 ’Δπηνέχθη
3088 2176 3357 2245 τοιγαροῦν
3402 2172 3476 2231 εἰς

1874 2259 2137 2327 ποταμόν,
2176 2261 2258 2313 καί
2289 2260 2338 2312 ἑν
2374 2267 2447 2333 τῷ
2476 2258 2627 2316 ὕδατι
2657 2261 2927 2331 βληθεῖσα,
2957 2262 3165 2323 πολλαῖς
3199 2262 3475 2325 ἐπιλα).ιαῖς

1876 2349 1922 2402 οί
1958 2353 2207 2424 φαρμακοὶ
2237 2352 2596 2425 χρησάμενοι,
2639 2352 2908 2408 ἐϐούλοντο
2948 2351 3076 2409 ὅτιὸ
3118 2354 3297 2414 ἐπιϐάς
3345 2357 3477 2430 αὐτῇ

1876 2436 2110 2499 διάϐολος
2136 2440 2478 2504 ἐξελεύσηται.
2508 2441 2653 2499 ’Δλλά
2676 2444 2945 2515 θαυμαστή
2974 2452 3065 2501 τοῦ
3087 2446 3472 2517 παντοδυνάμου

1877 2536 2007 2585 Θεοῦ
2032 2534 2061 2590 ή
2083 2534 2251 2604 κρίσις
2277 2536 2497 2606 γέγονεν.
2525 2533 2599 2589 Ἐν
2630 2533 2739 2607 ὅσῳ
2764 2539 2861 2613 γάρ
2890 2536 2975 2593 διά
2998 2546 3090 2599 τῆς
3122 2540 3476 2614 ἐξεστραμμέ-

1876 2645 1963 2686 νης
1994 2628 2183 2696 τέχνης
2220 2626 2245 2681 ὁ
2280 2624 2349 2688 εἷς
2379 2626 2571 2700 δαίμων
2601 2630 2688 2683 ἀπ’
2718 2631 2872 2690 αύτῆς
2913 2629 3190 2700 διωχθῆναι
3220 2630 3477 2705 προσεδο-

1876 2722 2023 2788 κᾶτο,
2069 2717 2206 2793 ἄφνω
2245 2724 2316 2782 είς
2356 2724 2514 2782 αύτήν
2539 2720 2564 2759 ά
2601 2724 2782 2797 λεγεών
2812 2725 3055 2785 εἰσῆλθεν.
3082 2722 3302 2799 ’Ἠρξατο
3333 2722 3421 2781 οὖν
3444 2728 3477 2787 ἦ

1877 2810 1996 2886 κόρη
2024 2814 2247 2888 τοσαύτῃ
2277 2812 2473 2873 δονήσει
2518 2820 2611 2870 τοῦ
2661 2820 2899 2887 σώματος
2946 2818 3344 2891 συντρίϐεσθαι,
3394 2819 3476 2876 καί

1878 2908 2164 2967 τοσαύταις
2189 2907 2423 2964 ὑλακτεῖν
2452 2918 2658 2983 φωναῖς,
2691 2913 2821 2966 ὥστε
2851 2921 2983 2968 πᾶσι
3014 2915 3225 2991 φανερὸν
3248 2917 3476 2986 γενέσθαι.

1878 2998 1979 3054 ύπό
2007 3000 2228 3061 πλήθους
2259 3000 2500 3073 δαιμόνων
2530 3006 2682 3064 αὐτὴν
2705 3006 3089 3076 βασανίζεσθαι.
3122 3009 3245 3064 Τότε
3276 3008 3321 3062 οί
3343 3010 3479 3062 ταύ-

1878 3115 1972 3155 της
1990 3103 2151 3167 γονεῖς
2180 3096 2364 3167 βουλήν
2404 3099 2594 3170 ἀγαθήν
2645 3100 3059 3170 βουλευσάμενοι,
3091 3104 3176 3155 καί
3221 3102 3279 3156 τὸ
3319 3098 3477 3157 αἴτιον

1880 3196 1945 3260 τῇ
1974 3189 2165 3244 ἑαυτῶν
2190 3192 2411 3265 ἀπιστίᾳ
2444 3190 2851 3267 ἐπιγράψαντες,
2884 3200 3073 3253 ταύτην
3112 3195 3243 3267 πρὸς
3278 3194 3362 3247 τὸν
3395 3195 3477 3246 εύ-

1878 3281 2191 3338 λαϐἐστατον
2222 3280 2382 3357 ἄνδρα
2405 3288 2744 3361 Φορτουνᾶτον
2770 3285 2854 3338 τὸν
2884 3286 3158 3339 ἐπίσκοπον
3190 3286 3473 3358 ἀπήγαγον,

1885 3380 1909 3409 ε
1941 3371 2165 3442 δεόμενοι
2204 3375 2357 3429 αὐτοῦ
2398 3375 2649 3447 βοηθῆσαι
2689 3384 2751 3449 τῇ
2779 3378 3159 3451 χειμαζομένῃ⁶·
3184 3375 3304 3452 παρ’
3339 3380 3480 3451 αὐτῷ

1881 3463 1936 3520 δέ
1962 3466 2155 3522 ταύτην
2197 3464 2617 3534 καταλείψαντες,
2664 3468 3024 3543 ἀνεχώρησαν.
3058 3479 3113 3523 '0
3143 3466 3197 3523 δὲ
3226 3475 3313 3523 τοῦ
3346 3474 3481 3524 Θεοῦ

182 3556 446 3635 ἅνθρωπος
471 3557 659 3619 ταύτην
688 3558 978 3631 δεξάμενος,
1010 3562 1094 3617 καί
1121 3562 1205 3614 ἐπὶ
1237 3560 1427 3621 πολλὰς
1472 3561 1662 3636 ἡμέρας
1697 3562 1782 3615 καί
1820 3557 2004 3615 νύκτας
2029 3556 2076 3609 ἐν
2118 3564 2179 3631 τῇ
2210 3556 2340 3630 πρὸς
2369 3558 2490 3611 Θεὸν
2530 3555 2701 3617 δεήσει
2729 3560 2908 3615 ἑαυτὸν
2951 3559 3211 3626 δεδωκὼς,
3248 3564 3479 3634 τοσαύτῃ

182 3656 397 3732 ἐπιμονῇ
432 3666 538 3719 ταῖς
572 3660 763 3730 εὐχαῖς
792 3661 1086 3733 ἐχρήσατο,
1122 3655 1243 3712 ὅσον
1282 3663 1371 3716 τήν
1408 3665 1499 3716 τῆς
1541 3656 1780 3729 λεγεῶνος
1818 3654 2009 3711 πληθύν
2035 3656 2125 3710 τήν
2160 3653 2210 3705 ἓν
2250 3659 2324 3725 τῷ
2361 3652 2435 3705 ἑνί
2479 3656 2683 3725 σώματι
2729 3649 2914 3721 οὖσαν,
2948 3655 3306 3729 ἀνθισταμένην
3339 3656 3485 3729 αύτῷ

182 3743 355 3822 εὗρεν.
380 3752 448 3803 Οὐ
472 3753 603 3822 μετὰ
630 3751 817 3810 πολλὰς
872 3749 924 3805 δέ
966 3752 1160 3825 ἡμέρας
1202 3745 1349 3809 οὗτος
1389 3750 1540 3807 αὐτήν
1586 3748 1701 3820 ύγιῆ
1735 3750 1823 3801 καὶ
1859 3744 2147 3818 ἑρῥωμένην
2175 3750 2282 3804 τοῖς
2332 3750 2560 3816 γονεῦσιν
2602 3744 2877 3812 ἀπέδωκεν,
2927 3749 2995 3808 ὡς
3039 3744 3120 3802 ὅτε
3161 3744 3397 3803 οὐδέποτε
3429 3748 3484 3801 ἓν

184 3844 317 3917 αὐτῇ
346 3843 373 3898 ὁ
396 3843 626 3906 διάϐολος
656 3846 889 3909 ἐξουσίαν
917 3842 1096 3915 ἴσχεν.

265 3935 429 4006 196
468 3935 589 3989 Alio
616 3949 829 4005 quoque
852 3943 1092 4004 tempore
1118 3932 1256 3988 idem
1283 3931 1367 3986 vir
1394 3929 1778 4000 omnipotentis

186 4026 288 4083 Dei
312 4028 547 4083 famulus
577 4044 646 4083 ex
673 4027 899 4083 obsesso
928 4027 1158 4098 quodam
1187 4025 1403 4081 homine
1444 4025 1780 4093 immundum

182 4120 438 4190 Spiritum
469 4121 727 4176 excussit.
758 4121 861 4189 Qui
892 4120 1157 4191 malignus
1187 4120 1407 4189 spiritus
1450 4134 1572 4175 cum
1594 4134 1783 4189 vespe-

180 4223 440 4269 rascente
466 4214 577 4283 jam
605 4214 691 4269 die
722 4222 985 4269 secretam
1013 4213 1083 4267 ab
1114 4212 1421 4267 hominibus
1453 4212 1637 4267 horam
1668 4225 1786 4266 cer-

182 4316 369 4375 neret,
404 4308 745 4377 peregrinum
776 4305 1083 4375 quempiam
1132 4320 1252 4360 esse
1283 4320 1343 4360 se
1371 4304 1653 4369 simulans,
1675 4303 1783 4357 cir-

182 4398 333 4457 coire
365 4401 533 4472 coepit
562 4400 792 4456 civitatis
824 4400 1028 4469 plateas
1074 4406 1131 4454 et
1185 4398 1418 4454 clamare
1463 4416 1475 4452 :
1526 4397 1569 4453 Ο
1609 4397 1781 4451 virum

180 4502 438 4548 sanctum
488 4490 843 4547 Fortunatum
895 4491 1239 4561 episcopum!
1295 4505 1421 4546 ecce
1469 4488 1593 4559 quid
1623 4486 1785 4543 fecit?

184 4587 539 4656 peregrinum
563 4586 841 4641 hominem
871 4585 938 4641 de
964 4584 1200 4656 hospitio
1226 4599 1324 4640 suo
1352 4585 1573 4655 expulit.
1591 4585 1783 4650 Quaero

2146 3928 2231 3984 Ἐν
2263 3927 2394 4001 ἄλλῳ
2418 3933 2583 3985 τοίνυν
2609 3938 2789 4006 καιρῷ,
2818 3927 2843 3983 ό
2871 3928 3152 3998 σεϐάσμιος
3182 3924 3331 3987 οὗτος
3354 3928 3487 4002 ἀνήρ

1882 4025 1909 4082 ὁ
1946 4025 1963 4063 τ
2000 4025 2225 4087 ἀληθινὸς
2255 4032 2347 4082 τοῦ
2381 4023 2771 4095 παντοδυνάμου
2803 4030 2929 4079 Θεοῦ
2975 4022 3183 4090 δοῦλος,
3223 4020 3484 4094 ἄνθρωπόν

1885 4142 1999 4178 τινα
2038 4121 2141 4175 ὑπὸ
2194 4120 2486 4191 πνεύματος
2537 4118 2821 4188 ἀκαθάρτου
2876 4116 3235 4190 κρατούμενον,
3283 4110 3366 4168 διὰ
3392 4121 3484 4175 τῆς

1887 4213 2037 4287 ἁγίας
2065 4215 2226 4269 αὐτοῦ
2256 4213 2421 4283 εὐχῆς
2448 4212 2813 4284 ἠλευθέρωσεν.
2842 4210 2908 4263 Τὸ
2936 4206 2988 4262 δὲ
3018 4207 3306 4271 ἐξεληλυθός
3328 4228 3486 4266 πονη-

1891 4308 1976 4383 ρὸν
2014 4311 2231 4380 πνεῦμα,
2266 4306 2393 4380 πρὸς
2424 4305 2647 4378 ἑσπέραν
2690 4300 2787 4363 ἤδη
2826 4300 2993 4356 λοιπόν
3027 4310 3118 4361 τῆς
3156 4301 3348 4375 ήμέρας
3386 4300 3490 4354 κλι-

1890 4400 2113 4461 νούσης,
2151 4400 2354 4457 καὶτῆς
2391 4397 2569 4457 νυκτὸς
2611 4394 2941 4459 ἐπελθούσης,
2963 4394 3166 4449 πάντων
3195 4394 3246 4447 ἄν
3282 4393 3489 4465 ἡσυχίᾳ

1892 4490 2066 4558 ὅντων,
2099 4492 2230 4555 ξένον
2255 4491 2368 4545 τινα
2398 4488 2578 4544 ἑαυτὸν
2599 4489 3085 4563 προσποιησάμενον
3108 4524 3123 4551 ,
3154 4487 3248 4544 τὰς
3270 4492 3362 4542 τῆς
3389 4482 3487 4536 πό-

1890 4588 2013 4648 λεως
2033 4586 2280 4644 πλατείας
2308 4585 2541 4658 γυρεύειν
2561 4582 2769 4658 ἤρξατο,
2794 4584 2990 4656 κράζων
3007 4584 3093 4634 καὶ
3108 4580 3282 4650 λέγων·
3307 4573 3370 4627 *Ω
3390 4580 3483 4628 τοῦ

184 4680 276 4736 ubi
309 4681 662 4751 requiescere
685 4680 933 4747 debeam,
958 4690 1012 4735 et
1032 4680 1085 4734 in
1116 4680 1331 4735 civitate
1357 4677 1475 4749 ejus
1504 4692 1612 4733 non
1634 4679 1775 4732 inve-

1888 4681 2033 4753 ἁγίου
2054 4679 2232 4755 ἀνδρὸς
2256 4680 2600 4751 Φορτουνάτου
2630 4683 2721 4731 τοῦ
2756 4676 3049 4731 ἐπισκόπου·
3079 4676 3131 4727 τί
3176 4671 3443 4727 πεποίηκεν
3468 4686 3487 4735 ;

184 4770 303 4827 nio.
326 4770 485 4827 Tunc
506 4771 724 4843 quidam
752 4773 807 4826 in
833 4771 1070 4841 lepitio
1100 4785 1221 4827 cum
1245 4784 1412 4825 uxore
1440 4783 1536 4824 sua
1579 4776 1635 4824 et
1662 4782 1786 4839 par-

185 4868 315 4923 vulo
346 4867 465 4922 tilio
490 4865 557 4921 ad
588 4879 788 4935 prunas
810 4864 1053 4931 sedebat,
1078 4865 1168 4934 qui
1190 4878 1374 4920 vocem
1401 4864 1515 4933 ejus
1541 4862 1788 4928 audiens,

185 4969 244 5017 et
271 4961 409 5033 quid
434 4961 721 5032 episcopus
742 4962 793 5017 ei
816 4960 1003 5017 fecerit
1050 4961 1349 5031 requirens,
1381 4961 1522 5014 hunc
1550 4955 1794 5011 invitavit

184 5051 460 5124 hospitio,
492 5054 685 5110 sedere
717 5068 900 5108 secum
942 5053 1094 5123 juxta
1145 5067 1346 5124 prunas
1377 5051 1522 5106 fecit.
1551 5050 1793 5119 Cumque

186 5140 446 5202 vicissim
462 5146 640 5217 aliqua
663 5145 1159 5211 confabularentur,
1190 5145 1463 5213 parvulum
1484 5142 1601 5212 ejus
1624 5140 1790 5194 lilium

184 5239 341 5298 idem
366 5236 639 5311 malignus
660 5240 880 5310 spiritus
912 5238 1128 5305 invasit,
1162 5247 1320 5309 atque
1345 5237 1403 5293 in
1423 5236 1637 5292 easdem
1663 5250 1792 5305 pru-

186 5383 558 5459 cepit,_quod
606 5381 925 5459 coniugibus
972 5391 1093 5453 post
1127 5395 1276 5459 _opus
1310 5379 1536 5459 carnale
1572 5377 1783 5459 legibus

184 5451 585 5531 ecclesiasticis
609 5451 1084 5531 est'inierdictum.
1127 5451 1267 5531 bege
1304 5451 1575 5531 ςεηπξᾷιη
1611 5451 1788 5531 Omnis

186 5528 356 5583 homo
387 5527 455 5583 de
484 5527 907 5593 consecratione,
942 5526 1068 5581 dist.
1125 5525 1181 5590 2,
1212 5521 1265 5578 et
1312 5521 1541 5593 Mabill.,
1565 5521 1616 5573 in
1646 5521 1786 5573 notis

186 5599 256 5655 ad
285 5597 462 5672 epist.
488 5598 727 5672 Vaselini
757 5592 987 5672 abbatis,
1023 5606 1061 5651 t.
1094 5596 1111 5649 ι
1149 5594 1367 5672 Annal,
1402 5592 1610 5672 p.546:
1665 5662 1674 5672 _
1728 5659 1759 5672 Η

261 5682 292 5710 α
325 5659 548 5735 Νοεωη
580 5671 783 5741 primus
810 5659 1031 5724 Carnot.
1058 5676 1114 5721 et
1145 5669 1249 5722 duo
1290 5659 1518 5729 Theod.,
1542 5662 1610 5714 ad
1641 5659 1759 5715 dedi
1771 5691 1789 5701 -

184 5744 435 5799 candum
455 5741 757 5795 oratorium.

260 5813 294 5857 1³
332 5813 424 5869 Ita
452 5812 633 5882 legere
654 5824 850 5882 cogunt
888 5811 1015 5866 Mss.
1059 5808 1256 5865 Excusi
1296 5815 1631 5863 mutaverunt
1679 5821 1789 5857 cum

504 5908 779 5968 PATROL.
810 5903 1130 5966 LXXVII.

1888 4770 1996 4828 ἰδού
2019 4774 2117 4845 γὰρ
2136 4771 2267 4834 ξένον
2287 4768 2542 4846 ἴνθρωπον
2554 4772 2608 4823 ἐκ
2621 4774 2709 4823 τοῦ
2726 4767 2914 4821 κελλίου
2929 4768 3081 4822 αὐτοῦ
3095 4761 3316 4825 ἐξέϐαλε.
3335 4768 3481 4819 Ζητῶ

1892 4872 1917 4909 3
1948 4884 2047 4919 που
2081 4861 2259 4933 ὤφελον
2289 4862 2574 4919 ἀναπαῆναι
2599 4856 2778 4929 [Forte
2803 4856 2904 4925 leg.
2929 4848 3365 4921 ἀναπαυσθῆναι],
3391 4855 3483 4906 καί

1894 4956 1945 5009 ἒν
2062 4953 2201 5009 πόλει
2222 4954 2373 5007 αὐτοῦ
2405 4952 2559 5007 τόπον
2590 4950 2690 5018 ούχ
2713 4948 2951 5019 εὑρίσκω.
2981 4943 3183 5002 Ταύτης
3224 4940 3278 4996 δὲ
3323 4951 3489 5016 φωνῆς

1898 5050 2023 5123 ἀνήρ
2040 5068 2117 5107 τις
2138 5046 2380 5108 ἀκούσας,
2404 5045 2452 5097 ἐν
2468 5052 2536 5110 τῷ
2560 5039 2681 5112 οἴκῳ
2704 5039 2883 5103 αὐτοῦ,
2908 5034 3016 5107 ἅμα
3031 5042 3121 5095 τῆς
3139 5034 3323 5089 ἑαυτοῦ
3351 5056 3486 5105 συμ-

1900 5143 2011 5197 ϐίου
2028 5145 2112 5196 καί
2127 5144 2313 5213 σεμνοῦ
2330 5134 2538 5193 παιδίου
2556 5135 2775 5207 παράτῇ
2791 5136 2934 5205 πυρᾷ
2949 5129 3295 5201 καθεζόμενος,
3310 5136 3490 5186 τοῦτον

1899 5233 2136 5301 καλέσας,
2188 5232 2269 5283 καὶ
2297 5226 2611 5291 ἐπιζητήσας
2649 5223 2701 5279 τί
2722 5223 2906 5277 “αύτοῦ
2946 5220 2970 5276 ὁ
3004 5222 3285 5283 ἐπίσκοπος
3308 5224 3491 5278 πεποί-

2016 5388 2155 5425 nam.

1897 5390 2174 5508 "1045153.,
2198 5439 2409 5509 δύναμίν
2438 5460 2491 5492 τι
2520 5436 2813 5508 άποτολμᾷν
2832 5443 3064 5495 ποιῆσαι.

1968 5511 1995 5550 d
2029 5515 2216 5578 Iidem,
2247 5514 2476 5581 λεγαιὼν.

1912 5659 1924 5677 ι
1973 5594 1996 5623 ο
2026 5585 2184 5674 ἰξεεη
2206 5574 2434 5655 ’δεόμενοι
2459 5584 2542 5637 καί
2564 5581 2971 5658 παρακαλοῦντες
2988 5578 3141 5638 αὐτὸν
3157 5574 3490 5649 βοηθῆσαι...

1979 5678 2275 5712 εγαοησαν.

1899 5679 2275 5734 υπεχαρησαν.

1975 5727 1995 5766 ί
2031 5732 2186 5797 lleg.,
2223 5726 2249 5782 ὃ
2277 5726 2465 5786 ἀληθῶς
2494 5732 2605 5782 τοῦ.

1975 5812 1996 5847 8
2036 5801 2183 5868 Μεθ’»,
2209 5820 2311 5855 που
2341 5799 2533 5871 ὀφείλω.
