3998 6356
238 318 330 381 Ἇὶδὸ

1492 320 1941 383 DIALOGORUM
1983 320 2187 380 LIBER
2220 321 2258 380 l.

3388 326 3494 384 206

240 445 377 504 'l'uue
395 441 538 499 idem
560 441 720 499 miles
748 450 944 514 equum
965 456 1142 512 suum,
1170 454 1331 514 quem
1375 440 1656 498 celerrimo
1695 442 1800 498 mi-

1915 443 1990 498 ἓπὶ
2013 446 2104 501 τήν
2132 447 2220 498 τοῦ
2247 434 2415 497 ἶππὸυ
2442 440 2652 517 κεφαλὴν
2674 441 2759 499 τόν
2785 442 2948 501 τύπον
2969 445 3061 499 τοῦ
3094 446 3322 520 σταυροῦ
3341 446 3492 505 ποιή-

242 538 390 599 ratuli
409 536 637 607 imperio
658 551 688 591 a
718 552 813 593 sua
841 540 1056 593 vesania
1078 536 1210 593 vidit
1236 538 1596 604 immutatum,
1615 536 1795 591 ‘eidem

244 641 405 691 sancto
432 630 551 685 viro
596 630 834 687 decrevit
863 629 1216 687 oil‘eren‘dum.
1246 631 1414 698 Quem
1466 644 1585 686 cum
1629 631 1798 685 succi-

240 739 349 796 pere
369 722 459 777 ille
483 732 764 792 renueret,
799 724 911 792 ipse
937 738 1064 780 vero
1088 724 1139 778 in
1165 724 1432 794 precibus,
1465 738 1531 778 ne
1559 722 1800 791 despice-

238 823 371 873 retur
398 814 517 884 ejus
538 815 761 882 oblatio,
797 822 1185 885 perseveraret,
1220 824 1435 873 sanctus
1466 813 1548 869 vir
1567 814 1797 869 mediam

234 909 441 965 duarum
472 908 706 977 partium
732 909 871 961 viam
899 916 1112 977 tenens,
1163 922 1216 964 et
1264 909 1573 980 petitionem
1614 906 1801 962 militis

234 1001 443 1068 audivit,
472 1010 527 1056 et
554 1014 749 1057 munus
768 1002 1013 1073 recipere
1043 1016 1143 1072 pro
1165 1002 1399 1057 exhibita
1424 1003 1618 1057 virtute
1646 1014 1799 1055 recu-

232 1095 380 1158 savit;
424 1093 575 1162 prius
629 1108 858 1164 namque
904 1094 1125 1165 dignum
1173 1094 1400 1165 pretium
1454 1092 1701 1165 praebuit,
1747 1099 1802 1146 et

230 1194 402 1257 postea
470 1200 666 1256 equum
717 1186 808 1255 qui
865 1184 964 1242 sibi
1020 1185 1343 1241 offerebatur
1391 1186 1615 1254 accepit.
1666 1182 1799 1251 Quia

234 1277 359 1334 enim
411 1278 460 1333 si
510 1293 617 1334 non
659 1279 977 1349 susciperet,
1005 1293 1127 1334 eum
1168 1278 1478 1334 contristari
1506 1290 1802 1347 conspexe-

232 1379 320 1435 rat,
375 1371 646 1428 charitate
690 1382 917 1443 cogente
964 1372 1093 1430 emit
1130 1372 1270 1444 quod
1301 1372 1663 1428 necessarium
1692 1384 1798 1425 non

233 1464 474 1521 habebat.

1907 552 2025 603 σας,
2057 543 2235 592 πᾶσαν
2266 538 2424 593 αὐτοῦ
2447 541 2536 597 τήν
2561 535 2764 593 λύσσαν
2789 539 2860 601 εἷς
2897 536 3164 613 πραότητα
3196 533 3489 610 particular

1913 628 2045 685 ὥστε
2076 630 2362 706 πραότερον
2402 631 2556 686 αὐτὸν
2595 629 2781 701 μᾶλλον
2826 626 3000 686 ἔκτοτε
3027 629 3256 704 γενέσθαι
3274 626 3408 705 ύπέρ
3436 627 3495 684 τό

1907 724 2176 799 πρότερον,
2208 723 2371 803 πρίνῆ
2398 731 2488 785 την
2515 726 2709 781 λύσσαν
2738 726 2922 784 ἐκείνην
2959 731 3092 801 σχῇ.
3132 722 3255 779 Τότε
3278 722 3303 777 ὁ
3328 743 3498 799 στρα-

1908 820 2093 879 τιώτης
2113 820 2289 879 ἐκεῖνος
2309 820 2393 873 τόν
2416 819 2601 875 ἑαυτοῦ
2616 821 2791 884 ἵππον,
2821 817 2970 897 ὅνπερ
2989 818 3255 892 θαυμασία
3273 812 3499 871 κελεύσει

1909 911 2176 971 συντόμως
2218 913 2269 965 ἐκ
2320 918 2410 971 τῆς
2449 910 2643 972 λύσσης
2693 910 2888 966 ἐαθέντα
2939 910 3205 967 ἐθεάσατο,
3250 914 3323 980 τῷ
3372 905 3497 977 ἁγίῳ

1902 1004 2070 1075 τούτῳ
2099 1002 2242 1079 ἀνδρὶ
2268 1005 2607 1077 προσενέγκαι
2629 1001 2811 1080 ἔκρινε.
2841 1013 2863 1042 ο
2892 1008 2969 1061 Μή
3000 1000 3307 1077 βουλομένου
3336 996 3389 1052 δὲ
3412 1001 3499 1053 τὸν

1901 1096 2057 1151 ἵππον
2082 1100 2174 1150 τοῦ
2198 1095 2477 1151 ἐπισκόπου
2507 1094 2768 1161 δέξασθαι,
2796 1096 2954 1154 αὐτὸς
2985 1094 3229 1165 άπέμενεν
3260 1090 3497 1146 ἱκετεύων
3596 1152 3597 1155 η

1904 1192 1974 1259 μή
2005 1190 2442 1263 παροικτρωθῆναι
2482 1192 2571 1247 τήν
2610 1186 2775 1242 αὐτοῦ
2824 1186 3136 1262 προσφοράν.
3183 1194 3239 1238 'O
3270 1181 3324 1238 δὲ
3355 1179 3498 1254 ἅγιος

1905 1279 2031 1353 ἀνὴρ
2052 1275 2199 1339 οὗτος
2216 1319 2229 1342 ,
2259 1279 2417 1348 μέσην
2443 1275 2556 1332 ὁδὸν
2581 1281 2868 1349 κρατήσας,
2897 1279 2982 1331 καὶ
3003 1280 3092 1335 τὴν
3118 1280 3207 1330 τοῦ
3234 1275 3495 1349 στρατιώ-

1905 1390 1994 1427 του
2021 1370 2222 1433 αἴτησιν
2264 1372 2551 1444 ἐπλήρωσε,
2596 1374 2678 1427 καὶ
2725 1373 2783 1427 τὸ
2828 1366 2985 1444 δῶρον
3034 1368 3273 1433 δέξασθαι
3316 1366 3401 1423 διὰ
3441 1366 3498 1421 τό

1904 1466 2158 1537 γενόμενον
2186 1467 2359 1535 θαῦμα
2383 1467 2473 1518 οὐκ
2497 1464 2727 1523 ἠθέλησε.
2757 1462 3005 1538 Πρότερον
3035 1456 3121 1516 οὖν
3154 1458 3350 1516 δικαίαν
3371 1458 3398 1497 ἀ
3421 1480 3500 1517 τι·

234 1560 322 1624 μὴν
346 1554 601 1621 δεδωκὼς,
633 1558 749 1611 τότε
805 1558 887 1613 τόν
926 1559 1083 1613 ἵππον
1118 1558 1203 1613 τόν
1232 1556 1651 1633 προσενεχθέντα
1691 1556 1827 1627 αύτῷ
1877 1554 2096 1620 ἐδέξατο.
2149 1559 2207 1611 El
2248 1563 2317 1629 μή
2358 1561 2455 1635 γάρ
2501 1563 2683 1613 τοῦτον
2728 1555 2900 1610 λαϐεῖν
2947 1552 3280 1620 κατεδέξατο,
3310 1560 3438 1611 πάνυ
3473 1552 3499 1608 ό

234 1652 543 1723 στρατιώτης
575 1651 798 1711 θλιϐἦναι
824 1653 1044 1726 ἤμελλεν.
1084 1660 1186 1714 Τῆς·
1228 1650 1313 1708 οὖν
1344 1654 1545 1725 ἀγάπης
1584 1649 1996 1726 ἀναγκαζούσης,
2020 1651 2293 1727 ἠγόρασεν,
2327 1648 2487 1724 οὗπερ
2520 1652 2699 1727 χρείαν
2720 1651 2807 1704 οὐκ
2828 1646 2991 1721 εἶχεν.

293 1743 477 1814 Neque
504 1744 606 1799 hoc
651 1744 812 1800 silere
856 1746 922 1801 de
978 1746 1141 1815 hujus
1166 1746 1269 1801 viri
1296 1746 1581 1803 virtutibus
1612 1746 1802 1812 debeo,

1982 1742 2110 1800 Οὐδὲ
2132 1750 2286 1799 τοῦτο
2310 1744 2781 1819 παρασιωπηθῆναι
2809 1740 3001 1797 δίκαιον
3032 1740 3182 1815 κρίνω
3202 1741 3256 1795 ἐκ
3288 1747 3388 1795 τῶν
3408 1740 3497 1794 τοῦ

240 1839 369 1908 quod
398 1847 527 1893 ante
556 1838 670 1893 dies
694 1839 807 1895 fere
834 1839 1119 1895 duodecim
1148 1841 1359 1911 agnovi.
1400 1842 1624 1908 Quidam
1649 1855 1801 1895 nam-

233 1936 328 2001 Que
351 1932 419 1985 ad
446 1943 536 1986 me
563 1929 827 1986 deductus
848 1940 931 1987 est
954 1947 1115 1989 senex
1145 1947 1377 2003 pauper;
1406 1937 1563 2003 atque
1590 1940 1647 1986 ut
1675 1931 1805 1985 mihi

236 2036 414 2078 senum
444 2023 733 2078 collocatio
756 2038 877 2080 esse
897 2038 1112 2095 semper
1129 2025 1372 2080 amabilis
1391 2024 1547 2091 solet,
1570 2023 1805 2079 studiose

231 2114 360 2170 hunc
387 2115 537 2171 unde
565 2123 709 2171 esset
731 2116 1009 2187 inquisivi,
1041 2118 1130 2187 qui
1152 2131 1212 2173 se
1255 2131 1375 2173 esse
1407 2116 1474 2172 de
1512 2114 1804 2171 Tudertina

230 2206 439 2262 civitate
470 2208 765 2277 respondit.
815 2208 912 2263 Cui
944 2208 1158 2278 inquam
1221 2228 1234 2264 :
1285 2210 1479 2276 Quaeso
1508 2217 1580 2275 te,
1625 2207 1802 2275 Pater,

228 2308 344 2352 num
374 2298 728 2354 Fortunatum
757 2302 1068 2371 episcopum
1101 2301 1275 2357 nosti?
1301 2301 1401 2369 Qui
1426 2302 1501 2356 ait
1526 2319 1539 2354 :
1568 2299 1724 2367 Novi,
1751 2306 1809 2354 et

229 2386 359 2444 bene
384 2391 535 2445 novi.
560 2391 713 2448 Tunc
754 2393 871 2462 ipse
911 2392 1165 2464 subjunxi
1196 2410 1212 2450 :
1240 2393 1353 2460 Die,
1408 2408 1559 2464 rogo,
1608 2392 1655 2447 si
1703 2406 1800 2464 qua

229 2479 368 2538 illius
398 2481 661 2537 miracula
688 2484 851 2549 nosti,
878 2492 933 2539 et
959 2484 1285 2539 desideranti
1336 2482 1465 2539 mibi
1515 2481 1688 2553 qualis
1726 2483 1808 2537 vir

230 2572 379 2630 fuerit
420 2577 721 2632 innotesce.
777 2577 878 2644 Qui
924 2577 999 2632 ait
1030 2592 1045 2631 :
1073 2576 1245 2632 Homo
1297 2576 1391 2632 ille
1426 2576 1583 2647 longe
1617 2575 1711 2630 fuit
1737 2576 1806 2630 ab

226 2664 340 2722 istis
367 2668 677 2725 hominibus
702 2682 838 2739 quos
863 2669 1106 2725 videmus
1136 2670 1315 2725 modo.
1369 2667 1501 2724 Nam
1547 2668 1804 2740 quidquid

225 2760 293 2815 ab
316 2764 673 2831 omnipotenti
706 2763 815 2818 Deo
838 2762 1009 2834 petiit,
1042 2763 1112 2818 ita
1143 2762 1267 2818 dum
1310 2772 1520 2833 peteret
1548 2763 1806 2833 impetra-

226 2853 321 2907 vit.
343 2854 514 2924 Cujus
542 2854 645 2911 hoc
672 2870 835 2911 unum
862 2868 1028 2912 narro
1048 2858 1389 2925 miraculum,
1412 2858 1551 2928 quod
1574 2856 1641 2913 ad
1671 2872 1809 2928 pra:-

225 2957 352 3001 sens
409 2947 596 3002 animo
648 2949 903 3004 occurrit.
952 2948 1195 3016 Quadam
1248 2962 1478 3020 namque
1529 2950 1616 3006 die
1647 2948 1807 3005 Gothi

220 3033 378 3105 juxta
408 3038 757 3094 Tudertinam
784 3040 1054 3096 civitatem
1082 3050 1362 3109 venerunt,
1394 3042 1485 3111 qui
1534 3042 1600 3096 ad
1630 3050 1805 3111 partes

1910 1836 2058 1909 ἁγίου
2104 1839 2288 1891 τούτου
2336 1835 2518 1913 ἀνδρὸς
2550 1843 2573 1872 ⁸
2602 1834 2882 1906 δυνάμεων.
2935 1832 3062 1909 ὅπερ
3105 1834 3206 1909 πρὸ
3252 1840 3352 1889 τῶν
3399 1829 3502 1888 δώ·-

1909 1924 2027 1983 ὃεκα
2046 1930 2241 1983 τούτων
2268 1929 2467 2003 ἡμερῶν
2506 1925 2683 1998 ἔγνων.
2719 1928 2882 2000 Γέρων
2906 1926 3007 1997 γάρ
3037 1944 3116 1985 τις
3143 1923 3363 1994 πτωχός
3388 1921 3501 1982 ἦλθε

1908 2022 2037 2099 πρός
2062 2040 2143 2093 με.
2172 2031 2257 2082 Ὠς
2283 2018 2338 2074 δὲ
2365 2020 2647 2094 προσφιλής
2682 2038 2768 2091 μοι
2801 2018 3019 2073 πάντοτε
3058 2020 3159 2074 τῶν
3198 2012 3447 2093 γερόντων
3471 2016 3502 2076 ἡ

1908 2117 2173 2185 συντυχία
2200 2115 2454 2189 ὑπάρχει,
2496 2118 2762 2181 νουνεχῶς
2801 2112 2976 2166 τοῦτον
2998 2106 3149 2164 πόθεν
3185 2109 3321 2164 ἐστίν
3347 2108 3502 2184 ἠρξά-

1909 2228 2011 2279 μην
2050 2209 2337 2283 ἐπερωτᾷν
2369 2204 2513 2265 ὅστις
2549 2204 2632 2259 καί
2680 2204 2780 2258 ἀπὸ
2832 2204 2921 2264 τῆς
2974 2200 3168 2264 πόλεως
3212 2196 3504 2278 Τουδίρεως

1910 2299 2092 2355 ἔαυτόν
2120 2296 2247 2355 εἶναι
2278 2298 2521 2371 ἔφασκεν.
2553 2296 2678 2371 Ἐγώ
2718 2293 2772 2351 δέ
2801 2296 3041 2369 προσθείς
3070 2292 3230 2349 ε’πον”
3254 2298 3386 2350 Αἰτῶ
3418 2310 3501 2360 σε,

1910 2396 2095 2466 πάτερ,
2119 2395 2458 2468 Φορτουνᾶτον
2488 2390 2572 2445 τὸν
2608 2389 2883 2443 ἐπίσκοπον
2923 2390 3215 2460 γινώσκεις
3257 2388 3415 2447 Αὐτός
3450 2378 3503 2439 δὲ

1912 2486 2220 2562 ἀποκριθεὶς,
2252 2478 2382 2539 εἵπε⁶
2414 2485 2672 2547 Γινώσκω,
2706 2484 2788 2536 καί
2814 2482 2952 2536 πάνυ
2979 2480 3141 2539 καλῶς
3170 2480 3320 2534 αὐτὸν
3358 2479 3503 2551 γινώο

1912 2592 2035 2633 σκω.
2067 2574 2191 2649 Ἐγὼ
2216 2572 2303 2629 οὖν
2330 2576 2459 2654 πρὸς
2485 2576 2634 2631 αὐτὸν
2661 2572 2804 2646 ἔφην’
2830 2576 2979 2641 Εἰπὲ,
3004 2570 3251 2639 δυσωπῶ,
3284 2573 3366 2625 ἐάν
3393 2593 3503 2628 τινα

1911 2675 2013 2724 τῶν
2051 2671 2210 2723 αὑτοῦ
2253 2669 2531 2740 θαυμάτων
2575 2667 2845 2741 γινώσκῃς,
2888 2667 2974 2719 καὶ
3017 2660 3381 2735 ἐπιθυμοῦντός
3408 2683 3502 2733 μου

1916 2760 1937 2800 ί
1973 2762 2212 2838 διηγῆσαι
2256 2763 2431 2825 ὁποῖος
2469 2765 2596 2837 ἀνὴρ
2642 2762 2876 2837 ὑπῆρχε.
2902 2760 3022 2817 Τότε
3060 2760 3084 2815 ό
3114 2761 3272 2836 γέρων
3302 2762 3504 2835 ἀποκριο

1912 2854 2035 2918 θεὶς,
2067 2850 2223 2909 εἶπεν
2246 2854 2303 2909 '0
2332 2857 2457 2929 ἀνήρ
2501 2855 2679 2913 ἐκεῖνος
2716 2853 2914 2927 μακράν
2946 2850 3186 2929 ὑπῆρχεν
3224 2855 3249 2897 8
3278 2850 3379 2907 διπό
3406 2855 3504 2905 τῶν

1912 2938 2188 3021 ἀνθρώπων
2233 2955 2325 3008 τῆς
2359 2951 2536 3021 γενεᾶς
2584 2948 2777 3006 ταύτης
2818 2943 2882 2999 ὧν
2923 2950 3008 2999 νῦν
3046 2945 3350 3017 θεωροῦμεν.
3400 2940 3505 2999 Εἴτι

1912 3046 2014 3119 γάρ
2040 3047 2183 3120 παρὰ
2206 3050 2295 3099 τοῦ
2325 3040 2715 3113 πωτοὸυνάμου
2748 3044 2882 3096 Θεοῦ
2909 3043 3099 3115 ᾐτεῖτο,
3122 3033 3150 3074 δ
3166 3038 3337 3097 εὐθέως
3356 3041 3506 3092 τοῦτο

221 3130 509 3186 Ravennae
534 3133 905 3203 properabant,
938 3142 993 3191 et
1022 3135 1156 3191 duos
1198 3144 1392 3207 parvos
1437 3137 1689 3206 puerulos
1739 3136 1807 3193 de

1915 3141 2210 3213 ἐλάμϐανεν.
2241 3138 2325 3194 Ἐν
2372 3139 2429 3195 δέ
2473 3142 2525 3194 ἐκ
2552 3143 2655 3193 τῶν
2701 3136 2860 3194 αὺτοῦ
2906 3136 3200 3207 θαυμάτων,
3254 3133 3378 3210 ὅπερ
3421 3154 3506 3203 μοι

220 3224 575 3292 possessione
603 3225 949 3295 abstulerant,
1006 3242 1123 3299 qua:
1156 3229 1423 3298 possessio
1446 3228 1681 3298 praefata:
1706 3228 1808 3285 Tu-

221 3314 457 3373 dertina
478 3318 679 3375 civitati
708 3319 1037 3391 subjacebat.
1056 3321 1169 3378 Hoc
1192 3336 1311 3379 cum
1337 3324 1455 3378 viro
1471 3323 1809 3379 sanctissimo

225 3404 526 3465 Fortunato
572 3412 877 3467 nuntiatum
905 3414 1114 3479 luisset,
1167 3416 1411 3484 protinus
1457 3416 1622 3483 misit,
1651 3425 1810 3487 atque

223 3500 449 3556 eosdem
473 3502 681 3559 Gothos
703 3500 772 3560 ad
784 3519 855 3561 se
882 3507 1095 3562 evocari
1125 3505 1270 3563 fecit.
1294 3508 1440 3576 Quos
1468 3504 1666 3563 blando
1697 3523 1811 3563 ser-

227 3605 393 3648 mone
441 3594 741 3667 alloquens,
789 3613 975 3653 eorum
1032 3600 1177 3669 prius
1224 3600 1425 3655 studuit
1464 3603 1810 3669 asperitatem

229 3682 473 3751 placare,
505 3701 565 3739 ac
590 3697 714 3757 post
741 3688 939 3756 intulit,
967 3690 1187 3747 dicens:
1212 3691 1380 3758 Quale
1401 3692 1560 3747 vultis
1581 3693 1810 3762 pretium

225 3774 394 3844 dabo,
425 3788 480 3833 et
510 3781 764 3848 puerulos
801 3798 936 3853 quos
989 3785 1285 3841 abstulistis
1314 3786 1541 3855 reddite,
1576 3787 1813 3859 mihique

226 3867 336 3925 hoc
364 3872 554 3940 gratia:
580 3882 776 3930 vestrae
806 3892 998 3933 munus
1028 3880 1282 3949 pmbete.
1311 3881 1461 3937 Tunc
1486 3882 1533 3938 is
1553 3883 1641 3953 qui
1672 3885 1816 3951 prior

226 3978 420 4021 eorum
452 3983 571 4024 esse
603 3971 908 4041 videbatur,
959 3978 1237 4046 respondit
1279 3979 1465 4036 dicens
1499 4000 1511 4033 :
1548 3978 1813 4052 Quidquid

220 4059 377 4113 aliud
404 4062 671 4133 praecipis,
698 4064 874 4123 facere
905 4070 1076 4138 parati
1114 4084 1320 4140 sumus,
1351 4088 1473 4128 nam
1521 4073 1653 4131 istos
1681 4091 1814 4145 pue-

223 4152 379 4208 rulos
398 4155 705 4213 nullatenus
724 4158 1031 4217 reddemus.
1045 4162 1145 4218 Cui
1160 4166 1497 4221 venerandus
1517 4168 1598 4221 vir
1617 4167 1814 4223 blande

220 4245 471 4302 minatus
496 4257 600 4314 est,
623 4249 808 4306 dicens
836 4270 847 4305 :
882 4254 1178 4311 Contristas
1207 4272 1313 4324 me,
1340 4264 1367 4295 α
1391 4258 1484 4325 ﬁli,
1512 4268 1565 4314 et
1589 4274 1693 4313 non
1722 4274 1817 4314 au-

218 4335 308 4390 dis
330 4335 556 4395 Patrem
585 4348 731 4397 tuum
754 4360 766 4395 :
786 4345 892 4399 noli
916 4361 1004 4402 me
1018 4348 1355 4415 contristare,
1375 4350 1403 4388 δ
1432 4364 1499 4405 ne
1523 4366 1628 4406 non
1653 4364 1817 4422 expe-

220 4428 336 4485 diat
368 4432 495 4487 tibi.
533 4433 637 4489 Sed
658 4436 797 4492 idem
828 4440 1032 4496 Gothus
1062 4442 1115 4496 in
1145 4442 1324 4497 cordis
1351 4444 1432 4498 sui
1456 4444 1665 4501 feritate
1696 4458 1819 4515 per-

1913 3237 2041 3310 πρὸς
2070 3236 2127 3290 τὸ
2156 3236 2315 3312 παρὸν
2350 3233 2400 3289 έν
2432 3240 2505 3306 τῷ
2532 3234 2759 3306 λογισμῷ
2790 3226 3081 3296 ὑπεισῆλθε,
3132 3224 3145 3267 ί
3180 3229 3507 3301 διηγήσεσθαι

1914 3334 2250 3402 πειράσομαι.
2280 3324 2359 3379 Ἐν
2396 3330 2487 3396 μιᾷ
2524 3327 2690 3399 ἡμέρᾳ
2722 3324 2931 3382 πλησίον
2967 3326 3052 3384 τῆς
3089 3322 3283 3383 πόλεως
3323 3316 3508 3376 Τουδέ-

1914 3436 2063 3494 ρεως,
2116 3417 2286 3471 Γότθοι
2329 3416 2630 3479 κατέλαϐον,
2671 3414 2850 3476 οἵτινες
2888 3412 2970 3469 ἐπὶ
2998 3416 3065 3468 τά
3094 3414 3221 3489 μέρη
3249 3406 3506 3475 Ῥαϐέννης

1912 3511 2217 3585 ἀνήρχοντο.
2237 3510 2331 3561 Δύο
2354 3503 2441 3562 οὖν
2464 3506 2647 3563 παιδία
2663 3509 2825 3581 σεμνά
2850 3508 2949 3562 άπὸ
2970 3509 3227 3578 κτήματος
3252 3506 3264 3555 i
3292 3504 3503 3561 ὑποκει-

1915 3605 2064 3672 μένου
2080 3602 2360 3676 ίπῄρασαν.
2378 3608 2465 3661 Ὦς
2480 3595 2564 3659 οὖν
2585 3600 2750 3671 τούτῳ
2765 3607 2837 3671 τῷ
2853 3599 3122 3671 ἁγιωτάτῳ
3139 3594 3285 3670 ἀνδρί
3295 3609 3507 3671 Φορτου-

1915 3696 2048 3764 νάτῳ
2067 3693 2303 3763 ἐμηνύθη,
2325 3694 2504 3752 εὐθέως
2526 3692 2813 3755 ἀπέστειλε,
2834 3693 2914 3746 καὶ
2940 3692 3056 3751 τοὺς
3080 3688 3263 3749 αύτούς
3292 3688 3508 3749 Γότθους

1915 3788 2047 3860 πρὸς
2086 3785 2263 3839 ἑαυτὸν
2302 3786 2775 3858 μεταστειλάμενος,
2806 3784 2991 3860 ἤρξατο
3027 3785 3243 3844 τούτους
3271 3783 3508 3838 κολακευ-

1916 3886 2073 3939 τικοῖς
2104 3880 2269 3951 λόγοις
2296 3881 2699 3956 προσφέρεσθαι.
2733 3880 2883 3933 θέλων
2914 3877 3159 3955 πρότερον
3191 3882 3278 3937 τήν
3316 3876 3508 3932 τούτων

1918 3971 2274 4048 καταπράξῦναι
2314 3970 2649 4049 τραχύτητα.
2682 3972 2831 4028 Μετὰ
2863 3969 2915 4027 δὲ
2944 3978 3095 4027 τοῦτο
3120 3974 3237 4043 περὶ
3258 3977 3356 4026 τῶν
3382 3990 3510 4026 παι·

1919 4063 2037 4121 δίων
2057 4066 2203 4138 λόγον
2225 4068 2400 4126 αὐτοῖς
2423 4071 2704 4140 προήγαγε,
2736 4066 2915 4138 λέγων’
2934 4066 3059 4121 οἵαν
3083 4063 3240 4121 θέλετε
3263 4069 3413 4135 τιμήν
3438 4061 3511 4118 δί-

1919 4154 2071 4229 δωμι,
2101 4162 2185 4213 καὶ
2212 4162 2335 4218 τοὺς
2354 4157 2547 4218 παῖδας
2584 4158 2671 4218 οὓς
2711 4161 2927 4232 ἐπῄρατε
2968 4155 3185 4213 ἀπόδοτέ
3214 4173 3326 4230 μοι;
3357 4158 3511 4213 τοῦτο

1919 4252 2019 4327 γάρ
2042 4252 2188 4322 ύμῶν
2212 4253 2513 4316 ποιούντων,
2540 4251 2755 4323 μεγάλην
2798 4272 2881 4321 μοι
2910 4246 3070 4323 χάριν
3107 4249 3510 4313 καταϐάλλεσθε,

1920 4348 2007 4398 καὶ
2046 4348 2114 4404 ὡς
2152 4343 2177 4381 ¹ί
2207 4342 2284 4399 ὅτι
2322 4342 2484 4420 δῶρόν
2521 4364 2606 4419 μοι
2650 4348 2833 4405 αὖτοὺς
2862 4346 3144 4419 παρέχετε,
3199 4345 3359 4419 χάριν
3398 4345 3513 4413 ύμῖν

1922 4436 2171 4510 ὁμολογῶ.
2204 4444 2367 4494 Τοῦτο
2396 4437 2450 4493 δέ
2488 4439 2513 4493 ό
2551 4447 2753 4517 πρῶτος
2788 4442 2950 4495 αὐτῶν
2980 4440 3206 4499 ἀκούσας
3240 4437 3504 4511 ἀπεκρίθη,

219 4539 485 4595 manens,
520 4531 766 4601 negando
794 4532 1062 4591 discessit.
1114 4536 1210 4593 Die
1239 4552 1368 4593 vero
1397 4540 1561 4594 altera
1609 4538 1808 4609 digres-

1920 4531 2098 4604 λέγωψ
2127 4530 2236 4587 Εἴτι
2258 4535 2372 4604 ἡμῖν
2402 4530 2417 4569 ¹
2439 4535 2696 4595 κελεύσεις
2724 4532 2862 4599 ἄλλο,
2888 4534 3080 4607 ἕτοιμοί
3101 4537 3252 4602 ἔσμεν
3277 4537 3509 4595 ποιῆσαι,

219 4631 413 4681 eurus,
442 4636 629 4677 rursus
651 4623 717 4678 ad
747 4626 1058 4695 episcopum
1088 4630 1256 4699 venit,
1279 4645 1437 4700 quem
1468 4631 1674 4688 eisdem
1694 4646 1815 4689 vere

217 4706 305 4763 bis
340 4726 449 4779 pro
477 4714 748 4781 praedictis
778 4718 1017 4785 puerulis
1055 4721 1249 4776 iterum
1276 4723 1562 4792 episcopus
1586 4726 1813 4794 rogavit.

215 4797 477 4872 Cumque
507 4804 574 4858 ad
604 4807 937 4863 reddendum
989 4812 1141 4867 nullo
1196 4814 1359 4869 modo
1388 4816 1693 4871 consentire
1724 4832 1817 4871 vo-

218 4888 448 4959 luisset,
493 4898 839 4955 contristatus
894 4902 1178 4973 episcopus
1204 4906 1340 4961 dixit
1370 4924 1383 4960 :
1418 4908 1541 4964 Scio
1571 4910 1689 4979 quia
1722 4910 1817 4965 tibi

213 4999 328 5043 non
363 4991 589 5060 expedit
618 4994 761 5062 quod
792 5008 878 5052 me
904 4997 1221 5054 eontristato
1248 5000 1501 5057 discedis.
1552 5000 1683 5071 Quae
1715 4998 1820 5060 Go-

210 5080 347 5140 thus
394 5084 568 5140 verba
600 5086 866 5159 despexit,
908 5099 1068 5162 atque
1105 5094 1171 5149 ad
1215 5093 1509 5167 bOSpitium
1542 5110 1813 5166 reversus,

282 5270 311 5298 ε
330 5262 523 5344 μῦθοι
544 5266 622 5344 ﬁ_li
646 5282 674 5321 a
704 5264 959 5325 German.
984 5268 1170 5329 Norm.
1198 5283 1255 5330 et
1276 5274 1387 5332 fere
1413 5278 1663 5333 omnibus
1680 5277 1805 5333 Mss.

200 5328 449 5401 Legitur
476 5332 527 5389 in
544 5328 744 5393 'Grzeca
770 5355 907 5395 vers.

279 5403 311 5492 ξ
350 5404 591 5492 ξξξοῠεί,
604 5411 990 5492 reluctantibus
1020 5413 1171 5492 Μέετ,
1196 5434 1315 5473 nam
1337 5435 1439 5474 non
1460 5421 1665 5489 expedit
1686 5419 1802 5492 tibi.

246 5544 260 5563 ο
284 5484 312 5514 ε
350 5474 441 5529 Ita
470 5480 795 5535 restituimus
817 5498 883 5539 ex
914 5484 1038 5541 Mss.
1068 5474 1220 5543 Prius
1258 5474 1538 5561 legebatur,
1561 5508 1574 5545 :
1600 5498 1669 5561 μὴ
1692 5491 1817 5563 βου·-

194 5545 505 5619 λομενος...
532 5552 835 5614 ὗπίσκοπος.

191 5616 303 5746 3':
339 5618 527 5689 "93-:
570 5629 718 5695 τιμήν
763 5624 946 5683 δέδωκε
988 5638 1062 5705 τῷ
1113 5634 1404 5708 στρατίωτῇ
1447 5636 1530 5688 καὶ
1571 5632 1687 5688 τότε
1729 5632 1814 5687 τὸν

305 5710 389 5745 ον.
421 5742 431 5746 ,

267 5710 389 5746 πον.
421 5742 433 5754 ,

267 5762 829 5838 ξῆῆεεοο-θανμάτων.

266 5827 295 5875 ί
308 5827 495 5901 8e31,
511 5827 763 5908 διήγὴσαι,
782 5855 901 5897 cum
915 5849 1135 5901 accentu
1148 5840 1697 5915 inantepenult.,-et
1707 5842 1819 5915 qui-

1920 4626 2030 4681 ἕπεί
2058 4629 2174 4686 τοὺς
2206 4625 2401 4689 παῖδας
2429 4626 2651 4690 τούτους
2681 4629 2908 4701 οὐδαμῶς
2933 4629 3205 4685 ἀποδοῦναι
3230 4624 3511 4693 δυνάμεθα.

1920 4722 2044 4796 Πρὸς
2084 4718 2136 4773 ὃν
2172 4720 2198 4776 ὁ
2229 4723 2513 4794 σεϐάσμιος
2552 4721 2702 4785 οὗτος
2735 4726 2856 4797 ἀνὴρ
2887 4726 3015 4795 μετά
3052 4720 3344 4797 πραότητος
3378 4713 3508 4772 sim“

1922 4814 2122 4874 Θλίϐεις
2141 4835 2224 4884 με,
2248 4817 2443 4885 τέκνον,
2467 4815 2544 4872 ὅτι
2564 4820 2652 4871 οὐκ
2674 4819 2871 4876 ἀκούεις
2900 4837 3002 4886 μου
3040 4820 3129 4869 τοῦ
3157 4813 3350 4887 πατρός
3390 4830 3508 4867 σου.

1922 4914 2009 4968 Μή
2036 4910 2243 4985 θελήσῃς
2281 4932 2341 4981 με
2382 4911 2582 4981 θλίῲαι,
2627 4914 2693 4980 μή
2721 4929 2831 4969 πως
2872 4912 2954 4961 καὶ
2985 4910 3041 4962 ού
3073 4910 3304 4984 συμφέρῃ
3331 4931 3433 4963 σοι.
3457 4908 3514 4962 ὀ

1925 4995 2016 5055 οὖν
2056 5002 2209 5062 αὐτὸς
2243 5001 2420 5061 Γότθος
2454 5004 2504 5054 ἂν
2530 5008 2592 5074 τῇ
2629 5008 2719 5060 τῆς
2763 4996 2971 5074 καρδίας
2991 5000 3143 5055 αὐτοῦ
3172 4999 3509 5074 ἀνημερότητι

1924 5099 2191 5171 διαμένων,
2225 5106 2295 5173 μὴ
2335 5102 2559 5159 πεισθεὶς
2604 5100 2951 5174 ἀνεχώρησεν.
3000 5109 3077 5154 Ἐν
3105 5095 3225 5175 ἄλλῃ
3258 5098 3311 5156 δέ
3348 5102 3510 5175 ἡμέρᾳ

1915 5276 2037 5332 dem
2054 5278 2262 5332 melius:
2281 5285 2357 5332 est
2373 5279 2513 5332 enim
2528 5278 2753 5331 secunda
2770 5293 2993 5347 persnna
3006 5282 3330 5348 imperativi.
3348 5284 3504 5338 Entr.

1992 5357 2017 5431 ξ
2045 5348 2219 5431 idem,
2249 5350 2349 5431 an}
2372 5358 2461 5410 τῆς
2481 5353 2658 5422 γενεᾶς
2676 5351 2873 5431 ταύτης
2898 5350 2960 5415 ἧς
2982 5360 3069 5431 viis
3092 5355 3401 5431 θεωροῦμεν.

1992 5415 2017 5453 ¹²
2043 5417 2219 5509 Coll):
2248 5427 2399 5509 τοῦτο
2426 5415 2642 5509 πόἐντοτε
2668 5423 2964 5495 ἐλάμϐανεν.
2996 5421 3127 5493 Reg.
3152 5467 3166 5489 ,
3190 5415 3353 5481 ’τοῦτο
3381 5420 3511 5484 πάν·

1918 5510 2019 5549 τως
2044 5490 2331 5560 ἐλάμϐανεν.
2363 5492 2426 5543 ὢν
2454 5490 2540 5564 οὖν
2564 5495 2613 5547 ἐκ
2641 5501 2739 5549 τῶν
2757 5490 2950 5551 ’τούτου
2972 5490 3263 5568 θαυμάτων.

2005 5560 2014 5596 ί
2051 5562 2199 5621 Mss,
2230 5562 2591 5621 διηγήσασθαι.

2051 5584 2199 5621 mss,
2230 5584 2591 5621 cm'yns'otavm.

2005 5585 2014 5596 -
2051 5585 2199 5627 Mss,
2230 5585 2591 5633 ωηγηςασυαι.

1998 5631 2018 5714 Ii
2052 5631 2235 5714 iidem,
2257 5637 2625 5714 .‘Jngastpévou,
2653 5647 2744 5714 τῆς
2773 5641 2929 5714 αὐτῆς
2955 5639 3147 5699 πόλεως
3167 5637 3472 5714 τουδόρεῳς.

1920 5770 1950 5829 λ
1996 5702 2204 5790 κρίὶῡεη
2239 5706 2307 5765 ὡς
2338 5702 2497 5782 δῶρόν
2528 5702 2826 5777 μοιναύτούς
2849 5714 3173 5783 παρέχοντες
3203 5702 3362 5785 χάρίν
3389 5709 3511 5775 ὁμο·

1953 5793 2071 5829 ww.

1953 5793 2211 5902 W‘widem.
2246 5843 2483 5914 κελεύεις.
2509 5849 2647 5919 quod
2670 5848 2917 5906 Latinum
2943 5848 3153 5908 ﬁdelius
3178 5849 3372 5908 reddit.
