3998 6356
433 306 537 365 907

1646 297 1887 355 SANCTI
1929 287 2254 355 GREGORII
2296 292 2507 351 MAGNI

3617 298 3724 358 308

434 434 528 487 τῆς
549 418 741 484 πόλεως
764 418 1118 498 ἐξερχόμενος,
1152 417 1298 473 πάλιν
1330 416 1457 493 πρὸς
1490 416 1576 469 τὸν
1599 414 1875 469 ἐπίσκοπον
1893 412 2027 473 ἦλθε.

2149 412 2354 468 eosdem
2380 421 2574 480 pueros
2594 407 2664 463 de
2684 405 2879 477 quibus
2899 404 3178 478 agebatur,
3204 410 3358 480 equis
3374 411 3713 483 superimpo.

432 526 555 580 Τοῖς
585 515 636 571 δέ
665 517 835 576 αὐτοῖς
866 513 1032 585 λόγοις
1064 513 1176 585 περὶ
1215 517 1312 565 τῶν
1360 508 1742 585 προλεχθέντων
1783 504 2018 570 παιδίων,

431 610 619 690 ἤρξατο
642 603 832 667 αὖθιςὸ
863 608 1146 665 ἐπίσκοπος
1176 601 1505 679 παρακαλεῖν.
1542 607 1615 659 Μὴ
1638 599 1932 670 πειθομένου
1969 597 2024 653 δέ

431 706 589 759 αὐτοῦ
619 705 787 757 ταῦτα
814 696 1114 762 ἀποδοῦναι,
1147 704 1172 731 τί
1199 695 1397 754 Θλίϐεις
1425 713 1509 763 με,
1534 690 1560 747 6
1587 692 1864 750 ἐπίσκοπος
1891 686 2021 745 εἶπε·

429 807 712 859 πίστευσον
739 797 821 857 ὅτι
848 794 959 855 οἶδα
982 798 1040 851 οὐ
1059 797 1330 868 συμφέρειν
1360 814 1465 860 σοι,
1502 791 1579 848 ὅτι
1612 792 1894 861 θλιϐόμενον
1932 811 2024 843 κα·

429 902 756 973 ταλιμπάνων
784 921 845 970 με
874 900 1191 973 ἀναχωρεῖς.
1223 895 1594 964 Βδελυξάμενος
1622 891 1673 947 δέ
1704 891 1730 947 6
1758 892 1940 951 Γότθος
1960 891 2027 947 τὰ

430 999 634 1073 ῥήματα
659 996 818 1050 αὐτοῦ
838 1036 851 1057 ,
890 996 975 1047 καί
1005 994 1074 1052 εἰς
1106 995 1163 1047 τό
1202 988 1453 1050 ἄπληκτον
1486 988 1636 1042 αὐτοῦ
1664 983 2027 1061 ὑποστρέψας,

431 1091 765 1151 τούςιαύτούς
791 1087 977 1149 παῖδας
1005 1090 1123 1159 περὶ
1146 1083 1210 1139 ὧν
1241 1085 1265 1139 ὁ
1290 1083 1566 1143 ἐπίσκοπος
1592 1081 1888 1155 παρεκάλει,
1916 1086 2029 1140 τοῖς

431 1185 611 1245 ἵπποις
636 1181 996 1238 1’ἐπιϐιϐάσαι
1231 1180 1359 1250 μετὰ
1409 1185 1509 1233 τῶν
1556 1177 1831 1251 ἀνθρὼπων
1873 1175 2026 1229 αὐτοῦ

434 1276 780 1351 προέπεμψεν.
807 1266 1025 1347 Ὁμοίως
1050 1272 1102 1327 δὲ
1131 1276 1213 1328 καί
1246 1273 1401 1332 αὐτός
1425 1271 1609 1330 ἐπιϐάς
1642 1277 1716 1339 τῷ
1740 1270 1886 1341 ἷππῴ
1913 1288 2031 1322 κατ·

434 1368 641 1425 όπισθεν
682 1370 848 1424 αὐτῶν
888 1366 1167 1425 ἠκολούθει.
1208 1364 1282 1417 Ἐν
1322 1363 1375 1418 δέ
1416 1372 1479 1438 τῇ
1671 1360 1812 1415 πόλει
1843 1358 2033 1435 ἔμπρο-

435 1462 552 1514 σθεν
579 1468 669 1520 τῆς
698 1459 965 1517 ἐκκλησίας
993 1463 1083 1512 τοῦ
1117 1456 1261 1528 ἁγίου
1292 1458 1484 1529 Πέτρου
1508 1455 1681 1518 ἐλθὼν,
1728 1458 1827 1508 τοῦ
1868 1455 2030 1507 ἵππου

434 1552 588 1606 αὑτοῦ
611 1549 635 1605 6
662 1552 792 1611 ποὺς
825 1551 1093 1608 ὀλισθήσεις
1111 1588 1125 1612 ,
1169 1551 1253 1601 καὶ
1286 1548 1395 1617 μετ’
1422 1548 1577 1602 αὐτοῦ
1600 1548 1917 1615 συμπεσὼν,
1948 1543 2033 1598 τὸν

434 1655 456 1680 π
491 1644 650 1719 μηρὸν
677 1650 767 1698 τοῦ
808 1644 961 1698 αὐτοῦ
988 1648 1024 1694 Γ
1031 1638 1181 1696 ότθου
1214 1639 1455 1707 ἔκλασεν,
1499 1642 1635 1695 ὥστε
1666 1641 1725 1693 τὸ
1757 1640 1940 1693 ὀστοῦν
1962 1638 2034 1699 είς

432 1734 522 1791 δύο
548 1736 673 1810 μέρη
716 1736 965 1809 γενέσθαι.
1008 1740 1196 1789 Τοῦτον
1218 1731 1273 1788 δὲ
1304 1734 1347 1787 οἱ
1390 1734 1662 1807 παρόντες,
1697 1740 1812 1793 ταῖς
1844 1733 2031 1805 χερσίν

2129 508 2259 561 sitos
2294 519 2414 559 cum
2449 503 2614 575 200
2638 502 2749 557 suis
2781 502 3083 557 hominibus
3136 504 3414 573 przemisit.
3447 506 3566 575 Ipse
3597 522 3723 565 vero

2126 599 2305 653 statim
2355 599 2652 652 ascendens
2673 612 2868 666 equum
2891 596 3216 653 subsecutus
3245 607 3371 654 est.-
3394 600 3638 669 Cumque
3666 602 3721 658 in

2127 691 2313 746 eadem
2330 689 2551 744 civitate
2583 698 2707 745 ante
2722 690 2860 744 beati
2893 690 3037 746 Petri
3070 692 3298 761 apostoli
3318 693 3601 749 ecclesiam
3631 710 3721 751 ve-

2128 783 2313 848 nisset,
2338 779 2351 818 ι
2391 796 2529 850 equo
2547 780 2664 851 ejus
2682 796 2775 851 pes
2799 782 2981 850 lapsus
3004 791 3109 849 est;
3134 783 3223 854 qui
3245 800 3367 839 cum
3397 799 3463 841 eo
3488 786 3714 854 corruit,

2128 888 2181 932 et
2210 877 2327 947 ejus
2350 892 2480 932 coxa
2516 892 2637 931 mox
2661 877 2829 931 tracta
2862 889 2964 946 est,
2992 877 3060 933 ita
3087 886 3144 933 ut
3165 880 3218 933 in
3240 878 3445 935 duabus
3476 882 3721 949 partibus

2130 986 2192 1026 os
2218 980 2360 1026 esset
2406 971 2660 1026 divisum.
2690 972 2842 1026 ’l‘unc
2863 970 3065 1026 levatus
3098 972 3149 1025 in
3170 972 3433 1042 manibus,
3465 974 3722 1030 reductus

2131 1073 2214 1120 est
2243 1065 2308 1119 ad
2344 1063 2659 1133 hospitium.
2687 1062 2789 1130 Qui
2819 1060 3048 1118 festinus
3080 1062 3246 1128 misit,
3273 1072 3330 1118 et
3372 1079 3569 1133 pueros
3591 1076 3724 1133 quos

2132 1159 2471 1229 praemiserat
2530 1158 2761 1224 reduxit,
2809 1165 2865 1213 et
2918 1157 3032 1211 viro
3082 1156 3378 1212 venerabili
3431 1156 3723 1213 Fortunato

2135 1250 2429 1313 mandavit,
2460 1250 2646 1306 dicens
2675 1268 2686 1303 :
2724 1250 2877 1319 Rogo
2908 1260 2982 1316 te,
3018 1250 3197 1315 Pater,
3223 1252 3375 1307 mitte
3404 1251 3469 1304 ad
3500 1267 3589 1305 me
3608 1251 3725 1305 dia-

2133 1360 2325 1401 conum
2374 1354 2544 1398 tuum.
2587 1343 2747 1412 Cujus
2781 1342 3041 1397 diaconus
3068 1343 3196 1397 dum
3229 1343 3295 1395 ad
3339 1342 3609 1411 jacentem
3638 1355 3727 1396 ve-

2133 1438 2321 1499 nisset,
2354 1450 2549 1505 pueros
2579 1450 2714 1505 quos
2744 1434 3082 1490 redditurum
3113 1448 3173 1489 se
3201 1432 3458 1504 episcopo
3503 1434 3726 1490 omnino

2135 1539 2446 1601 negaverat,
2474 1530 2541 1583 ad
2567 1528 2806 1584 medium
2838 1527 3081 1594 deduxit,
3112 1541 3315 1596 eosque
3335 1525 3563 1581 diacono
3584 1526 3725 1582 illius

2135 1622 2392 1689 reddidit,
2427 1621 2613 1676 dicens
2638 1638 2650 1673 :
2672 1620 2837 1685 Vade,
2857 1629 2910 1674 et
2932 1618 3019 1674 dic
3048 1618 3267 1673 domino
3290 1632 3409 1673 meo
3440 1618 3725 1687 episcopo:

2136 1716 2268 1783 Quia
2298 1713 2626 1769 maledixisti
2652 1712 2804 1779 mibi,
2837 1727 2965 1768 ecce
2988 1724 3274 1779 percussus
3293 1726 3440 1773 sum;
3471 1710 3565 1765 sed
3596 1722 3726 1778 pue-

433 1825 674 1903 ἅραντες,
701 1831 753 1884 έν
772 1838 846 1902 τῷ
872 1829 1113 1899 ἀπλῆκτῳ
1141 1830 1301 1883 αὐτοῦ
1332 1830 1620 1899 ἀπήγαγον.
1660 1827 1921 1900 ιιαρευθύς
1947 1819 2035 1879 οὖν
2069 1823 2112 1882 Β
2142 1823 2229 1862 Γοδ
2259 1822 2392 1877 quos
2418 1806 2681 1876 (Ιυαῖδίδίίν
2709 1806 2911 1874 reaper
2932 1812 2986 1859 ει
3006 1818 3102 1874 ΡΠ)
3118 1817 3225 1869 mea
3252 1816 3402 1871 Γθῧον
3428 1801 3724 1855 imm-Cede-

431 1923 564 1992 μετά
591 1920 823 1983 σπουδῆς
845 1922 1050 1987 πολλῆς,
1081 1919 1390 1980 ἀποστείλας
1420 1921 1541 1980 τούς
1572 1917 1771 1979 παῖδας
1814 1919 2032 1973 ἀνθυπί-

435 2011 677 2085 στρεψεν,
708 2012 901 2088 οὕσπερ
945 2010 1003 2071 ἦν
1052 2011 1392 2087 προπέμψας,
1445 2013 1566 2085 περί
1591 2008 1658 2064 ὧν
1689 2010 1713 2064 6
1752 2012 2031 2070 ίπίσκοπος

431 2103 724 2180 παρεκάλει.
759 2105 863 2157 Καὶ
885 2110 959 2177 τῷ
984 2104 1120 2174 αὐτῷ
1146 2102 1416 2173 σεϐασμίῳ
1445 2099 1589 2176 ἀνδρί
1615 2098 1938 2176 Φορτουνάτου
1959 2107 2032 2173 τῷ

432 2195 699 2266 ἕπισκόπῳ
726 2193 963 2261 ἐδήλωσε,
994 2195 1168 2268 λέγων·
1218 2193 1491 2272 Παρακαλῶ
1532 2214 1612 2256 σε,
1663 2195 1794 2263 τίμιε
1842 2185 2028 2267 πάτερ,

431 2288 734 2345 ἀπόστειλον
775 2289 904 2367 πρός
943 2309 1003 2359 με
1044 2288 1129 2344 τὸν
1172 2286 1399 2343 διάκονόν
1439 2308 1556 2341 σου.
1586 2283 1838 2344 Ἐλθὸντος
1865 2283 1918 2340 δέ
1943 2290 2035 2339 τοῦ

434 2378 671 2435 διακόνου
700 2380 832 2454 πρὸς
859 2380 1031 2444 αὐτὸν,
1056 2382 1176 2440 τοὺς
1206 2376 1397 2439 παῖδας
1425 2376 1514 2440 οὓς
1538 2378 1867 2433 παντάπασιν
1900 2376 2035 2430 ἀπο-

434 2471 609 2531 δοῦναι
631 2474 1003 2539 διανεϐάλλετο,
1035 2479 1109 2535 είς
1133 2477 1287 2546 μέσον
1314 2476 1540 2547 ἀγαγὼν,
1562 2476 1778 2536 τούτους
1807 2482 1880 2545 τῷ
1920 2472 2037 2529 δια·

438 2566 566 2639 κόνῳ
591 2567 847 2632 ἀπέδωκε,
877 2568 1049 2639 λέγων’
1077 2563 1286 2622 ”Δπελθε
1308 2570 1389 2621 καί
1416 2567 1525 2620 εἰπέ
1548 2574 1621 2636 τῷ
1657 2567 1816 2642 κυρίῳ
1846 2586 1941 2637 μου
1965 2572 2039 2639 τῷ

437 2657 701 2732 έπισκόπῳ
721 2674 734 2690 ⁸
760 2657 882 2714 Ἰδού
907 2656 971 2714 δι’
1001 2655 1068 2713 ὧν
1094 2652 1122 2695 δ
1149 2658 1431 2733 κατηράσω
1459 2678 1519 2732 με
1556 2658 1907 2728 πεπληγμένος
1938 2664 2041 2711 κεῖ·

440 2772 555 2822 μαι.
584 2751 727 2807 ’Δλλά
772 2753 899 2812 τοὺς
940 2748 1133 2811 παῖδας
1184 2750 1383 2827 οὕσπερ
1430 2752 1624 2815 ἐζήτεις
1651 2749 1903 2813 ἀπόλαϐε,
1956 2751 2043 2803 καί

441 2845 578 2920 ὑπὲρ
606 2845 725 2916 ἐμοῦ
751 2885 766 2911 ,
796 2844 1043 2911 δυσωπῶ,
1071 2846 1354 2922 πρεσϐείαν
1396 2846 1623 2910 ποίησον,
1657 2842 1796 2904 ὅπως
1826 2842 1912 2899 διὰ
1951 2849 2043 2904 τῆς

438 2936 587 3008 ἀγίσς
616 2958 712 2993 σου
740 2939 930 3009 εὐχῆς,
959 2940 1143 2999 ἰάσεως
1168 2940 1344 3010 τύχω.
1378 2938 1653 3009 Δεξάμενος
1682 2935 1738 2992 δὲ
1764 2938 1886 2997 τοὺς
1914 2942 2043 2990 παῖ-

439 3024 535 3090 δας
560 3030 685 3105 παρ’
707 3031 865 3086 αὐτοῦ
893 3029 1188 3097 όδιάκονος,
1213 3033 1345 3108 πρὸς
1365 3032 1451 3087 τόν
1479 3032 1751 3085 ἐπίσκοπον
1789 3030 2044 3103 ὑπέστρε-

440 3118 525 3192 ψε.
555 3125 656 3178 Καί
683 3130 854 3179 ταῦτα
876 3126 1018 3199 αύτῷ
1051 3134 1072 3161 ⁸
1102 3126 1415 3200 ἀπαγγείλας
1438 3166 1453 3191 ,
1497 3126 1725 3199 παρευθύ
1761 3123 1786 3177 6
1834 3108 2046 3183 εὐσεϐης

2132 1900 2421 1969 Susceptos
2467 1900 2649 1969 itaque
2698 1896 2949 1968 puerulos
2998 1895 3257 1950 diaconus
3286 1893 3352 1947 ad
3399 1893 3714 1960 episcOpuiu

2136 1994 2369 2061 reduxit,
2402 2004 2440 2031 ω
2465 1996 2551 2049 cui
2580 1992 2914 2049 benedictam
2943 2005 3135 2061 aquam
3164 1989 3486 2046 venerabilis
3522 1988 3719 2042 Fortu-

2135 2098 2290 2144 natus
2321 2088 2499 2143 statim
2525 2088 2687 2151 dedit,
2720 2087 2905 2142 dicens
2938 2104 2950 2138 :
2991 2084 3140 2139 Vade
3179 2083 3356 2147 citius,
3391 2091 3444 2135 et
3473 2094 3591 2135 eam
3621 2092 3721 2133 suo

2138 2195 2233 2251 per
2250 2179 2483 2249 jacentis
2504 2194 2699 2246 corpus
2727 2176 2952 2247 projice.
2970 2175 3217 2230 Perrexit
3247 2173 3427 2241 itaque
3445 2169 3726 2235 diaconus,

2135 2283 2299 2345 atque
2342 2274 2408 2329 ad
2456 2273 2689 2329 Gothum
2736 2272 3121 2341 introgressus,
3171 2266 3504 2323 benedictam
3535 2277 3731 2333 aquam

2140 2382 2301 2435 super
2330 2364 2574 2420 membra
2606 2364 2752 2418 illius
2779 2361 3029 2434 aspersit.
3057 2361 3163 2416 Res
3204 2360 3340 2414 mira
3364 2369 3417 2414 et
3441 2358 3733 2413 vehemen-

2142 2469 2227 2516 ter
2255 2458 2546 2530 stupenda!
2592 2472 2718 2513 mox
2751 2468 2811 2512 ut
2861 2471 2996 2525 aqua
3028 2454 3307 2510 benedicta
3348 2451 3511 2508 Gothi
3540 2464 3732 2506 coxam

2144 2553 2393 2622 contigit,
2448 2552 2517 2605 ita
2550 2551 2724 2605 omnis
2755 2550 2987 2604 fractura
3041 2547 3266 2603 solidata
3314 2556 3416 2611 est,
3472 2552 3526 2599 et
3573 2541 3735 2599 saluii

2149 2645 2390 2715 pristinae
2428 2658 2562 2698 coxa
2591 2641 2858 2706 restituta,
2884 2652 2941 2695 ut
2964 2640 3095 2696 hora
3125 2640 3314 2695 eadem
3340 2638 3407 2692 de
3448 2637 3587 2692 lecto
3616 2649 3738 2690 sur-

2142 2748 2317 2807 geret,
2348 2746 2403 2791 et
2431 2750 2656 2791 ascenso
2680 2749 2819 2805 equo
2848 2735 2918 2789 ita
2945 2741 3181 2804 coeptum
3214 2733 3316 2787 iter
3361 2738 3564 2803 ageret,
3598 2744 3662 2784 ac
3690 2728 3740 2789 SI

2149 2832 2353 2887 nullam
2384 2845 2635 2901 umquam
2667 2829 2943 2885 laesionem
2968 2828 3207 2899 corporis
3239 2827 3560 2897 pertulisset.
3590 2824 3741 2879 Fac-

2149 2934 2367 2994 tumque
2395 2932 2559 2979 estut
2589 2922 2681 2995 qui
2712 2930 2900 2979 sancto
2930 2922 3045 2977 viro
3076 2921 3367 2976 Fortunato
3396 2933 3590 2989 pueros
3609 2931 3746 2972 cum

2146 3019 2315 3090 pretio
2345 3017 2572 3074 reddere
2597 3017 2915 3073 obedientiaa
2940 3015 3213 3086 subjectus
3244 3013 3438 3081 noluit,
3487 3026 3581 3067 eos
3617 3011 3749 3066 sine

2148 3113 2320 3183 pretio
2352 3127 2511 3180 pcena
2534 3112 2787 3167 subactus
2806 3120 2831 3147 ιι
2854 3110 3027 3165 daret.
3058 3108 3149 3163 His
3179 3108 3338 3178 igitur
3369 3104 3592 3175 expletis
3612 3113 3746 3158 stuo

439 3210 591 3276 οὗτος
615 3218 739 3296 ἀνὴρ
766 3221 1136 3296 Φορτουνᾶτος,
1161 3219 1489 3292 εὐλογημένον
1519 3215 1661 3293 ὕδωρ
1697 3212 1866 3286 τούτῳ
1889 3212 2036 3269 δεδω·

2150 3207 2307 3261 debat
2336 3205 2510 3260 adhuc
2557 3219 2723 3260 senex
2751 3204 2819 3259 de
2867 3218 2931 3258 eo
2966 3189 3023 3257 et
3052 3202 3159 3256 alia
3205 3215 3443 3256 narrare.
3473 3198 3577 3255 Sed
3605 3197 3748 3266 quia

440 3311 560 3375 κὼς,
591 3310 889 3367 ἀπέστειλεν
909 3312 1085 3378 αὐτόν,
1127 3312 1313 3385 λέγων·
1344 3307 1551 3367 ’Δπελθε
1582 3312 1629 3364 ἐν
1669 3311 1849 3382 τάχει,
1879 3310 1961 3363 καί
1988 3308 2046 3363 τὸ

443 3400 580 3479 ὕδωρ
610 3412 759 3462 τοῦτο
801 3409 972 3462 ἓπάνω
1022 3414 1113 3464 τοῦ
1160 3409 1403 3477 σώματος
1450 3408 1607 3461 αὐτοῦ
1653 3405 1822 3479 ρᾇον.
1865 3409 1963 3457 Τοῦ
1992 3400 2046 3457 δὲ

444 3492 671 3551 διακόνου
704 3500 1027 3564 ἀπελθόντος,
1069 3502 1156 3554 καί
1197 3502 1331 3572 πρὸς
1375 3500 1459 3554 τὸν
1505 3499 1684 3555 Γότθον
1714 3496 2047 3560 εἰσελθόντος,

446 3586 501 3642 τὸ
531 3590 859 3663 εύλογημένον
889 3590 1029 3668 ὕδωρ
1060 3594 1228 3648 ἐπάνω
1274 3598 1375 3645 τῶν
1419 3591 1582 3661 μελῶν
1619 3591 1773 3644 αὐτοῦ
1828 3586 2046 3660 ἕρῥανε⁶

2150 3301 2396 3359 nonnulli
2408 3300 2636 3355 aderant
2655 3299 2721 3353 ad
2735 3312 2869 3369 quos
2890 3296 3252 3353 exhortandos
3266 3294 3585 3363 occupabar,
3604 3292 3755 3361 jam-

2152 3410 2256 3466 que
2286 3392 2393 3448 diei
2422 3392 2627 3445 tan‘faor
2654 3390 2783 3445 hora
2814 3390 3147 3455 incubuerat,
3175 3384 3495 3442 venerabilis
3533 3381 3750 3437 Fortu-

2154 3486 2263 3539 nati
2287 3485 2424 3539 facta
2454 3483 2545 3538 diu
2576 3481 2708 3536 mihi
2730 3480 2918 3535 audire
2941 3495 3046 3534 non
3074 3477 3243 3548 licuit,
3278 3492 3398 3547 qum
3443 3475 3646 3541 audire,
3700 3472 3756 3532 si

2156 3581 2333 3647 liceat,
2362 3591 2576 3647 semper
2606 3574 2745 3630 volo.
3304 3570 3307 3573 λ

450 3688 669 3758 πρᾶγμα
708 3682 760 3738 δέ
803 3686 993 3742 συνέϐη
1036 3685 1329 3754 θαυμαστὸν
1370 3687 1454 3738 καί
1511 3684 1688 3756 φρίκης
1738 3676 1905 3743 ἄξιον·
1966 3676 2109 3734 ἡνίκα
2147 3674 2248 3747 γάρ
2295 3672 2353 3725 τὸ
2397 3668 2536 3744 ὕδωρ
2577 3674 2667 3723 τοῦ
2708 3669 2873 3741 μηροῦ
2919 3670 3011 3719 τοῦ
3057 3663 3239 3718 Γότθου
3287 3662 3477 3732 ἥψατο,
3526 3664 3680 3715 πᾶσα
3725 3659 3759 3718 II

447 3779 691 3853 συντριϐἡ
734 3780 886 3838 ἐκείνη
930 3780 1234 3855 έστερεὼθη,
1268 3780 1348 3833 καί
1368 3778 1415 3830 έν
1453 3782 1516 3851 τῇ
1554 3776 1781 3850 προτέρᾳ
1811 3774 1961 3846 ὑγεία
1985 3772 2011 3826 6
2043 3771 2204 3846 μηρός
2232 3770 2385 3823 αὐτοῦ
2410 3766 2759 3821 άπεκατέστη’
2792 3764 2841 3816 έν
2867 3763 2990 3833 αὐτῇ
3027 3758 3080 3815 δέ
3127 3768 3187 3833 τῇ
3248 3760 3356 3834 ὥρᾳ
3390 3759 3441 3811 ἐκ
3466 3763 3554 3811 τοῦ
3583 3755 3759 3827 κρσιιϐ⁹

454 3871 619 3927 ϐάτου
656 3873 907 3939 ἀναστάς,
951 3876 1035 3927 καί
1081 3881 1154 3942 τῷ
1207 3873 1353 3941 ἵππῳ
1401 3870 1554 3925 αὐτοῦ
1598 3866 1810 3929 ἐπιϐάς,
1843 3861 1863 3902 ί
1896 3867 1946 3918 ἓν
1999 3870 2061 3938 τῇ
2100 3858 2202 3934 ὁδῷ
2328 3859 2514 3933 ἤρξατο
2555 3852 2824 3925 ἐπορεύθη,
2872 3854 2939 3913 ὡς
2980 3849 3057 3906 ὅτι
3095 3858 3121 3896 8
3151 3848 3262 3904 οὐδὲ
3303 3852 3421 3920 μίαν
3469 3846 3657 3919 βλάϐην
3705 3848 3764 3900 ἐν

449 3973 521 4037 τῷ
554 3969 756 4034 σώματι
797 3966 954 4021 αὐτοῦ
994 3964 1053 4024 ἧν
1080 3966 1376 4034 ὑπομείνας.
1426 3962 1601 4035 Γέγονε
1650 3956 1704 4013 δὲ
1751 3964 1923 4018 τοῦτο,
1968 3955 2049 4010 ἵνα
2086 3954 2209 4013 τούς
2252 3948 2444 4008 παῖδας
2485 3948 2684 4020 οὕσπερ
2721 3947 2851 4017 μετά
2881 3946 3163 4013 τιμήματος
3192 3948 3265 4013 τῷ
3302 3940 3427 4013 ἀγίῳ
3462 3936 3597 4010 ἀνδρί
3628 3948 3765 4010 Φορ-

452 4062 682 4131 τουνάτῳ
728 4067 801 4115 τῶ
827 4057 1093 4131 ἓπισκόπῳ
1146 4055 1537 4113 ἀποδοῦναι’ώκ
1587 4052 1743 4117 ἤθελε,
1782 4050 1983 4105 κολάσει
2037 4048 2389 4117 ὑποκείμενος,
2420 4041 2579 4116 δῶρον
2625 4042 2813 4100 αὐτούς
2843 4035 2871 4075 ιλ
2903 4036 3227 4113 ἀποστρέψῃ.
3251 4042 3351 4094 Τῆς
3388 4032 3663 4103 διηγήσεως
3706 4030 3769 4087 δέ

453 4155 645 4215 ταύτης
673 4154 1040 4231 πληρωθείσης,
1063 4151 1230 4210 ἤθελεν
1258 4152 1418 4220 ἀκμήν
1439 4149 1466 4205 6
1492 4151 1653 4225 γίρων
1679 4150 1765 4203 καί
1793 4144 1919 4202 ἄλλα
1939 4146 2051 4202 τινὰ
2089 4144 2211 4217 περὶ
2249 4142 2400 4197 αὐτοῦ
2441 4159 2527 4210 μοι
2558 4135 2918 4209 διηγήσασθαι.
2956 4133 3102 4187 Ἀλλὰ
3129 4130 3213 4187 διά
3248 4133 3307 4185 τὸ
3351 4129 3558 4189 πολλοὺς
3603 4148 3769 4203 παρ-

455 4246 582 4305 εἶναι
634 4224 751 4308 τοὺς
800 4248 925 4322 παρ’
974 4249 1110 4321 ἡμῶν
1156 4246 1496 4323 νουθετεῖσθαι
1554 4243 1863 4316 ὀφείλοντας,
1922 4242 2004 4295 καί
2049 4237 2221 4295 λοιπὸν
2264 4236 2460 4306 σχολήν
2505 4230 2644 4304 ἄγειν
2694 4236 2761 4302 μὴ
2815 4229 3107 4299 δυνάμενος,
3156 4228 3326 4281 λοιπὸν
3371 4224 3425 4280 δέ
3479 4219 3610 4278 καίί
3657 4232 3770 4285 τῆς

458 4348 653 4423 ἡμέρας
682 4346 811 4420 πρὸς
841 4346 1062 4418 ἑσπέραν
1092 4341 1186 4401 ἤδη
1216 4341 1499 4406 κλινούσης,
1527 4338 1697 4393 πλεῖόν
1731 4357 1781 4393 τι
1813 4338 1932 4409 περὶ
1975 4340 2076 4390 τῶν
2113 4330 2272 4407 ἔργων
2316 4336 2409 4386 τοῦ
2459 4326 2746 4396 σεϐασμίου
2805 4322 2985 4399 ἀνδρὸς
3036 4322 3378 4400 Φορτουνάτου
3422 4316 3633 4375 ἀκοῦσαί
3692 4335 3773 4387 μα

460 4444 552 4497 οὐκ
583 4446 595 4492 1
628 4444 948 4520 ηὐκαίρησεν.
979 4438 1138 4517 "Amp
1172 4442 1213 4494 εἰ
1262 4436 1486 4494 ἐνδεκτόν
1530 4437 1766 4512 ὑπῆρχε,
1808 4431 2042 4493 διηνεκῶς
2079 4433 2276 4487 ἀκούειν
2300 4431 2489 4492 ἤθελον.

524 4538 604 4593 ἰν
626 4536 678 4593 δέ
705 4514 827 4613 ἄλλῃ
857 4536 1020 4610 ἡμέρᾳ
1052 4535 1078 4590 6
1108 4514 1257 4595 αὐτὸς
1289 4538 1450 4609 γέρων
1480 4539 1698 4608 πρᾶγμα
1736 4535 1855 4608 περί
1895 4532 2036 4585 αὐτοὶ

2236 4528 2341 4584 Sed
2373 4527 2462 4583 die
2487 4526 2593 4581 alia
2615 4524 2754 4579 idem
2806 4535 2969 4578 senex
3016 4534 3129 4576 rem
3166 4518 3233 4575 de
3254 4516 3347 4573 illo
3377 4517 3540 4587 magis
3569 4514 3775 4573 adhuc

455 4634 640 4705 μᾶλλον
665 4634 1083 4705 θαυμασιώτερον
1104 4628 1400 4701 διηγὰσατο,
1420 4630 1596 4702 λέγων·
1620 4638 1695 4681 Ἐν
1721 4634 1784 4699 τῇ
1810 4627 1936 4699 αὐτῇ
1956 4633 2050 4685 τῆς

456 4726 748 4804 Τουδέρεως
768 4727 933 4791 πόλει,
962 4726 1085 4801 ἀνήρ
1113 4744 1191 4783 τις
1216 4722 1499 4798 Μάρκελλος
1525 4720 1550 4757 k
1582 4718 1809 4790 τοῦνομα
1852 4724 2050 4790 σεμνῶς

458 4823 864 4893 πολιτευόμενος,
919 4818 1030 4893 ἅμα
1073 4817 1220 4874 δυσίν
1272 4818 1429 4872 αὑτοῦ
1482 4814 1717 4885 ἀδελφαῖς
1762 4817 2005 4867 κατοικῶν
2030 4848 2045 4874 ,

532 5009 559 5037 λ
585 4998 739 5064 Mss.,
771 5004 1065 5061 ἀποδοῦναι.
1097 5004 1337 5065 λυπηθείς
1364 5001 1390 5057 6
1412 5002 1688 5060 ἐπίσκοπος
1705 4992 1813 5052 εἷπε
1835 4996 2046 5052 πίστευ-

458 5092 549 5155 σον
566 5068 679 5155 cide:
712 5071 794 5129 ὅτι
816 5076 874 5128 οὐ
902 5079 1147 5151 συμφέρει
1171 5098 1275 5133 σοι.

528 5142 558 5183 δ
592 5144 778 5211 Iidem,
811 5142 1234 5215 ἐπιϐάσοίςμετὰ.

534 5227 556 5289 f
582 5215 738 5289 MSS},
769 5219 837 5272 T6
858 5222 1085 5289 μήρον...
1120 5219 1348 5279 ἐκλάσθη.

528 5287 555 5324 ά
584 5286 765 5366 9011»,
797 5286 1067 5366 κατηράσω
1089 5313 1193 5366 μοι.

534 5368 559 5436 ξ
589 5358 829 5436 pterque
851 5355 1263 5436 Ms'._,_c'¢7r§'773_z_).s
1290 5363 1512 5436 παρευθύ
1542 5355 1628 5415 οὖν
1656 5358 1701 5413 6.

532 5429 554 5468 ί
589 5429 756 5508 156%.,
782 5431 1031 5508 ἐπορεύθη
1168 5430 1285 5508 ῥδὸν
1310 5429 1463 5488 αύτοῦ
1499 5435 1566 5492 ὡς

535 5511 562 5575 β
591 5502 769 5575 Colb.,
795 5502 899 5558 una
921 5518 1071 5565 voce,
1100 5502 1354 5575 οὐδεμίαν.

537 5570 566 5650 If
592 5573 636 5650 μ
648 5585 856 5644 terque,
880 5575 1207 5650 ὑποστρέψῃ.

544 5646 562 5686 ί
590 5638 871 5724 Β-εζςηίτὴξν
895 5638 1169 5724 ἡμέραν.
1186 5647 1473 5724 κλίνουσαν.
1494 5646 1571 5724 ΔΙιὲὶ
1594 5646 1752 5701 etiam
1776 5640 1928 5699 Colb.
1954 5638 2056 5694 hoc

466 5717 584 5777 solo
613 5717 936 5775 dis—crimine
956 5717 1096 5789 quod
1130 5719 1311 5786 habet,
1343 5718 1706 5773 ἑπικλίνουσαν.

538 5790 553 5867 ξ
594 5790 719 5867 Mss.
730 5832 744 5857 ,
771 5790 1086 5867 εὐκαίρησεν.

541 5860 565 5899 ⁸
594 5861 802 5931 lidem.,
833 5860 1052 5937 ὀνόματι.

2159 4625 2460 4682 mirabilem
2515 4621 2776 4685 narravit,
2832 4615 3153 4673 dicens:|n
3208 4612 3401 4667 eadem
3458 4606 3777 4665 Tudertina

2159 4717 2291 4775 urbe
2316 4715 2605 4773 Marcellus
2634 4712 2877 4785 quidam,
2907 4709 3063 4764 bona:
3086 4704 3317 4761 actionis
3339 4703 3438 4767 vir,
3466 4714 3582 4756 cum
3610 4697 3777 4755 dua-

2161 4812 2260 4866 bus
2292 4808 2573 4865 sororibus
2592 4806 2707 4863 suis
2734 4802 3007 4861 habitabat
3038 4818 3053 4855 :
3083 4799 3171 4870 qui
3196 4795 3476 4854 eveniente
3498 4791 3773 4852 molestia

2230 4986 2252 5027 ι
2285 4987 2362 5042 lia
2391 4986 2521 5042 Mss.
2554 4984 2706 5052 Quod
2736 4981 3085 5039 emendantes
3114 4976 3363 5034 Editores
3394 4979 3767 5028 mutaverunt

2157 5063 2233 5127 in,
2263 5059 2377 5128 equi
2406 5060 2533 5128 ejus.
3307 5116 3320 5128 .
3455 5115 3468 5128 ι
3662 5112 3679 5122 _

2234 5076 2699 5197 mog‘quezjembened.
2726 5142 2911 5197 usum,
2930 5133 2982 5180 et
3003 5139 3095 5197 ex
3120 5137 3218 5197 usu
3249 5115 3582 5197 miraculum,
3616 5112 3776 5197 vide

2159 5202 2313 5275 apud
2334 5186 2627 5275 Epiphanq
2659 5203 2717 5275 in
2747 5186 2971 5275 hzer."50
3000 5193 3266 5275 EblonitL,
3293 5206 3363 5275 ηε.
3390 5186 3490 5275 12,
3519 5192 3582 5275 οε,

2160 5255 2745 5337 Ῑῆιοῖἰιιάιίοοδίῧδ,
2797 5269 2884 5324 uhi
2935 5269 3165 5339 relertur
3217 5255 3413 5339 Eucliae
3466 5255 3776 5339 cujusdam

2164 5347 2332 5401 lilium
2380 5334 2446 5399 ab
2488 5334 2881 5415 Chrysostomo
2911 5334 3318 5415 aqme___bened.
3364 5334 3689 5415 aspersioue
3741 5345 3778 5383 a

2164 5418 2352 5472 morbo
2383 5401 2820 5484 despera'tissimo
2856 5401 3368 5484 fuisse‘liberatum.
3406 5401 3537 5484 Yinle
3584 5401 3779 5484 etiam

2166 5468 2309 5543 llis-t7.
2334 5468 2573 5555 ifripart.
2598 5468 2748 5551 iii'x,
2780 5484 2867 5538 ubi
2892 5497 2965 5555 ex;
2989 5478 3316 5555 Theodorito
3344 5471 3593 5555 refertur,
3621 5468 3779 5555 Mar-

2162 5560 2356 5616 cellum
2376 5543 2626 5628 Apameae
2644 5543 2812 5627 episc.
2834 5553 3059 5628 jussisse
3083 5564 3273 5628 aquam
3298 5543 3495 5628 bcncd.
3515 5543 3777 5628 aSpergi.
3830 5552 3839 5579 -'

2166 5632 2315 5696 Quod
2344 5617 2467 5683 άιιῆι
2496 5617 2915 5701 [αἱδεείίαι-ιιὺη,
2962 5617 3159 5677 daemon
3191 5620 3392 5691 effugit,
3433 5631 3535 5669 non
3581 5617 3786 5684 ferens

2162 5719 2305 5771 aqua:
2328 5704 2584 5756 virtutem.
2879 5768 2910 5771 Α,
3536 5757 3548 5768 _

2236 5784 2263 5811 ιι
2296 5773 2585 5839 Gnssanv.,
2641 5768 2997 5826 renitentibus
3042 5765 3164 5821 aliis
3211 5772 3322 5821 tum
3360 5764 3604 5827 excusis,
3638 5764 3785 5822 tum

2170 5861 2331 5904 manu
2357 5845 2612 5912 exaratis,
2641 5852 2848 5897 coactus
2878 5839 3105 5895 donavit.
