3998 6356
267 358 377 420 ωθ

1553 347 1999 406 DIALOGORUM
2038 348 2238 404 LIBER
2277 351 2317 406 1.

3452 354 3557 413 210

268 452 536 526 corporis,
565 459 594 490 ι
622 451 741 521 ipso
784 446 1145 504 sacratissimo
1162 424 1576 516 vesperascente
1591 442 1703 514 jam
1726 442 1862 499 Sab-

1989 447 2205 522 ἱσθενείᾳ
2251 455 2517 520 σωματικῇ
2564 450 2858 520 περιέπεσε.
2887 445 2975 506 Καί
2999 447 3050 505 ἓν
3086 448 3215 526 αὐτῇ
3258 456 3321 526 τῇ
3360 447 3559 527 ἕσπᾶρᾳ

278 548 413 607 bato
453 544 711 616 paschali,
740 541 1025 597 defunctus
1049 550 1151 596 est.
1184 539 1347 609 Cujus
1375 553 1572 607 corpus
1603 551 1724 592 cum
1759 537 1867 590 lon-

282 642 409 714 gius
436 646 580 695 esset
607 635 966 703 efferendum,
983 633 1072 689 die
1093 632 1281 689 eodem
1305 632 1520 704 sepeliri
1536 647 1641 687 non
1672 632 1865 702 potuit.

274 735 523 803 Cumque
550 744 702 785 mora
731 737 875 784 esset
905 727 1162 797 temporis
1187 725 1254 780 ad
1281 724 1603 795 explendum
1633 724 1867 780 debitum

268 830 595 901 sepulturae,
628 839 845 881 sorores
864 822 1007 893 ejus,
1036 831 1210 877 morte
1254 819 1372 890 ejus
1413 819 1651 886 afflictae,
1679 832 1871 874 cucur-

269 931 470 984 rerunt
498 923 692 977 flentes
729 918 798 975 ad
848 916 1208 974 venerabilem
1261 915 1437 968 virum
1493 913 1869 979 Fortunatum,

270 994 437 1086 eique
495 1012 705 1083 magnis
756 1009 979 1065 vocibus
1026 1008 1263 1062 clamare
1291 1016 1619 1073 ceperunt:
1660 1005 1871 1061 Scimus

276 1110 407 1180 quia
439 1104 807 1177 apostolorum
830 1102 994 1156 vitam
1022 1110 1196 1165 tenes,
1225 1100 1466 1168 leprosos
1491 1096 1741 1167 mundas,
1767 1113 1872 1153 ca:-

271 1217 370 1257 cos
398 1199 692 1265 illuminas,
740 1196 881 1261 veni,
928 1204 985 1250 et
1011 1192 1272 1249 resuscita
1305 1200 1574 1246 mortuum
1605 1199 1868 1246 nostrum.

274 1292 386 1362 Qui
411 1306 534 1346 mox
562 1298 620 1343 ut
641 1287 892 1358 cognovit
921 1301 1106 1341 earum
1137 1284 1356 1340 fratrem
1384 1282 1717 1350 defunctum,
1741 1284 1872 1339 ﬂere

274 1385 396 1455 ipse
425 1382 585 1437 etiam
616 1380 683 1435 de
726 1386 901 1434 morte
940 1375 1057 1446 ejus
1110 1375 1298 1445 cmpit,
1340 1375 1525 1445 eisque
1567 1374 1869 1444 respondit,

277 1476 507 1531 dicens:
543 1472 699 1544 ποι
730 1468 1010 1532 Recedite,
1059 1474 1114 1521 et
1155 1466 1272 1520 hac
1310 1464 1495 1520 dicere
1532 1463 1715 1530 nolite,
1749 1463 1871 1534 quia

278 1564 463 1640 iussio
487 1560 869 1630 omnipotentis
903 1556 998 1612 Dei
1025 1564 1132 1622 est,
1160 1556 1246 1612 cui
1275 1554 1545 1611 contraire
1572 1554 1752 1614 nullus
1778 1555 1875 1609 lio-

279 1660 495 1718 minum
541 1663 734 1725 potest.
762 1652 875 1709 Illis
915 1652 1097 1719 itaque
1138 1648 1557 1714 discedentibus,
1601 1648 1769 1705 tristis
1807 1663 1873 1705 ex

284 1760 466 1811 morte
487 1749 603 1819 ejus
636 1746 835 1802 mansit
860 1746 1164 1815 episcopus.
1189 1743 1563 1813 Subsequente
1585 1751 1763 1798 autem
1784 1742 1873 1797 die

1974 546 2064 596 τοῦ
2094 540 2238 613 ἁγίου
2272 540 2532 596 Σαϐϐἀτου
2552 579 2568 606 ,
2598 550 2690 602 τῆς
2720 543 3051 605 ἀναστάσεως
3087 549 3179 597 τοῦ
3214 541 3390 616 κυρίου
3420 545 3558 613 ἡμῶν

1973 633 2151 692 Ἰησοῦ
2196 640 2424 709 Χριστοῦ
2467 637 2880 708 ἐπιφωσκούσης,
2929 637 3059 691 τέλει
3098 641 3186 690 τοῦ
3228 635 3343 708 βίου
3394 637 3559 711 ἐχρή-

1973 745 2123 780 σατο.
2150 723 2236 779 Ἐκ
2264 730 2453 799 μήκους
2469 724 2531 785 δή
2558 733 2646 781 τοῦ
2678 726 2835 783 τόπου
2867 722 3029 792 ὄντος,
3056 727 3104 781 ἐν
3206 727 3265 781 τὸ
3292 732 3444 798 σῶμα
3476 749 3563 782 τα-

1972 826 2120 891 φῆναι
2163 818 2365 889 ἤμελλεν
2411 829 2473 893 τῇ
2521 822 2653 893 αῦτῇ
2700 826 2791 874 τοῦ
2834 819 2980 891 ἀγίου
3030 820 3291 875 Σαϐϐάτου
3344 819 3561 899 ἑσπέρᾳ,

1973 917 2125 966 τοῦτο
2150 911 2308 981 θάψαι
2334 913 2423 965 οὐκ
2461 910 2801 972 ἠδυνήθησαν.
2849 910 3167 987 Βραδύτητος
3197 906 3281 967 οὖν
3304 915 3564 984 γενομένης

1973 1012 2063 1059 τοῦ
2092 1003 2385 1065 κηδευθῆναι
2410 1006 2578 1072 αὐτόν,
2630 1006 2682 1060 οἱ
2727 1005 2931 1078 ἀδελφαί
2965 1009 3122 1061 αὐτοῦ
3152 1009 3272 1082 περὶ
3299 1014 3391 1063 τοῦ
3417 1009 3567 1062 θανάο

1973 1119 2065 1153 του
2092 1101 2254 1154 αὑτοῦ
2298 1100 2599 1171 θλιϐόμεναι,
2631 1102 2764 1171 πρὸς
2807 1103 2894 1157 τὸν
2945 1102 3225 1172 σεϐάσμιον
3263 1099 3424 1175 ἄνδρα
3448 1114 3567 1175 Φορ-

1974 1197 2222 1248 τουνᾶτον
2268 1194 2354 1247 τὸν
2402 1195 2681 1249 ἐπίσκοπον
2734 1192 3025 1259 κλαίουσαι,
3076 1193 3322 1270 ἔδραμον,
3350 1197 3568 1258 καὶτοῖς

1975 1286 2163 1342 τούτου
2192 1288 2322 1340 ποσί
2360 1287 2490 1355 μετὰ
2538 1291 2824 1358 στεναγμοῦ
2866 1289 2948 1340 καί
2995 1281 3228 1359 δακρύων
3266 1286 3570 1363 προσκυλιν-

1976 1374 2233 1447 δούμεναι,
2279 1375 2478 1448 ἔλεγον
2527 1375 2766 1447 Οἴδαμεν,
2808 1379 2942 1449 τίμιε
2982 1380 3169 1451 πάτερ,
3215 1376 3293 1435 ὄτι
3336 1388 3441 1441 τοῖς
3471 1387 3570 1435 τῶν

1975 1466 2292 1525 ’Δποστόλων
2326 1469 2529 1541 ἴχνεσιν
2577 1472 2923 1538 ἐξακολουθῶν,
2966 1472 3137 1529 πάντα
3166 1472 3265 1529 ὅσα
3314 1477 3403 1531 τὸν
3453 1475 3573 1531 Θεόν

1977 1564 2160 1628 αἰτεῖς,
2210 1562 2509 1634 λαμϐάνεις·
2553 1564 2772 1639 λεπροὺς
2818 1567 2918 1640 γάρ
2964 1566 3275 1642 καθαρίζεις,
3329 1569 3415 1621 καί
3466 1576 3573 1631 τοῖς

1977 1656 2186 1727 τυφλοῖς
2213 1665 2237 1695 ⁸
2274 1657 2333 1711 τὸ
2371 1657 2572 1729 βλέμμα
2608 1662 2825 1730 χαρίζῃ’
2859 1658 2965 1712 ἐλθὲ
3016 1653 3108 1712 οὖν
3150 1662 3235 1714 καί
3276 1659 3361 1715 τὸν
3386 1662 3575 1736 ἀρτίως

1978 1750 2354 1810 τελευτήσαντα
2401 1753 2540 1823 ἡμῶν
2582 1750 2785 1824 ἀδελφόν
2838 1752 3149 1811 ἀνάστησον.
3177 1750 3422 1815 ’Δκούσας
3465 1752 3575 1809 δὲὸ

281 1842 565 1903 Dominico
584 1848 711 1895 ante
735 1836 1081 1905 exsurgentis
1104 1835 1240 1891 lucis
1259 1835 1655 1905 crepusculum,
1670 1834 1875 1889 vocatis

1989 1842 2261 1904 ξπίσκοπος
2306 1847 2427 1919 περὶ
2475 1851 2567 1900 τοῦ
2616 1846 2831 1899 θανάτου
2880 1848 3069 1913 αὐτοῦ,
3120 1847 3254 1902 πάνυ
3295 1847 3534 1906 λυπηθείς
3559 1891 3574 1915 ,

286 1936 505 1995 duobus
524 1933 839 1990 diaconibus
865 1932 999 1998 suis,
1026 1930 1262 2000 perrexit
1283 1929 1351 1984 ad
1375 1930 1595 1984 domum
1612 1928 1875 1994 defuncti;

284 2027 658 2097 accedensque
684 2025 751 2080 ad
782 2025 957 2079 locum
995 2024 1088 2078 ubi
1138 2036 1333 2091 corpus
1354 2022 1572 2092 jacebat
1597 2023 1868 2087 exanime,

286 2121 365 2178 ibi
397 2136 456 2176 se
484 2121 539 2175 in
562 2118 860 2174 orationem
897 2116 1064 2171 dedit.
1099 2115 1325 2185 Expleta
1356 2125 1535 2172 autem
1563 2130 1722 2186 prece
1761 2128 1880 2169 sur-

292 2219 456 2279 rexit,
491 2220 548 2268 et
600 2211 749 2281 juxta
802 2223 1000 2279 corpus
1045 2208 1283 2264 defuncti
1326 2208 1494 2273 sedit;
1546 2222 1653 2262 non
1702 2215 1879 2261 autem

287 2307 483 2380 grandi
516 2320 645 2361 voce
663 2302 976 2360 defunctum
1018 2316 1114 2371 per
1143 2315 1338 2356 nomen
1384 2300 1615 2365 vocavit,
1644 2299 1831 2355 dicens
1862 2316 1877 2355 :

290 2402 484 2458 Frater
517 2398 788 2457 Marcelle.
846 2396 939 2453 llle
980 2406 1178 2463 autem,
1206 2411 1269 2451 ac
1298 2397 1341 2451 si
1372 2395 1563 2452 leviter
1588 2394 1879 2460 dormiens,

297 2496 371 2551 ad
395 2494 623 2550 vicinam
653 2506 837 2547 vocem
862 2490 890 2529 δ
917 2490 1163 2559 quamvis
1205 2489 1469 2545 modicam
1519 2486 1711 2543 fuisset
1734 2486 1883 2542 exci-

290 2596 462 2655 tatus,
513 2585 693 2641 statim
747 2583 938 2639 oculos
992 2583 1223 2652 aperuit,
1273 2592 1431 2651 atque
1468 2581 1535 2635 ad
1574 2581 1883 2650 episcopum

290 2680 614 2751 respiciens,
637 2679 772 2734 dixit
798 2694 813 2732 z
844 2680 889 2734 0
915 2675 1041 2747 quid
1074 2675 1279 2731 feciSti?
1308 2690 1340 2730 ο
1384 2675 1510 2745 quid
1542 2674 1747 2729 fecisti?
1788 2672 1885 2727 Cui

294 2775 582 2846 episcopus
609 2770 902 2842 respondit,
933 2770 1122 2826 dicens
1151 2769 1331 2838 :Quid
1363 2769 1499 2823 feci?
1523 2769 1591 2824 At
1622 2769 1711 2824 ille
1738 2768 1888 2823 :Duo

296 2868 558 2924 hesterno
582 2864 670 2921 die
695 2872 979 2930 venerunt,
1012 2862 1105 2933 qui
1130 2870 1218 2918 me
1247 2861 1525 2932 ejicientcs
1568 2876 1633 2917 ex
1661 2876 1889 2931 corpore

298 2962 359 3019 in
393 2962 592 3015 bonum
616 2958 791 3014 locum
814 2957 1108 3022 duxerunt,
1144 2955 1304 3011 hodie
1332 2964 1510 3011 autem
1535 2971 1672 3011 unus
1694 2956 1891 3010 missus

296 3065 389 3113 est
409 3056 498 3126 qui
530 3054 707 3108 dixit:
731 3050 989 3108 Reducite
1019 3065 1161 3117 eum,
1186 3049 1305 3120 quia
1338 3050 1663 3105 Fortunatus
1684 3049 1893 3118 episco-

298 3162 413 3220 pus
464 3147 518 3201 in
571 3146 786 3199 domum
828 3144 943 3214 ejus
989 3144 1154 3200 venit.
1198 3143 1402 3209 Quibus
1433 3142 1611 3197 verbis
1641 3141 1891 3213 expletis,

1983 1937 2168 1993 κλαίειν
2209 1939 2417 2008 ἤρξατο,
2466 1939 2598 2012 πρὸς
2643 1935 2697 1992 δὲ
2738 1939 2931 1999 ταύτας
2963 1941 3289 2014 ἀποκριθεὶς,
3509 1936 3577 1994 εἷ-

1982 2050 2076 2084 πεν
2096 2045 2110 2061 ⁸
2142 2035 2419 2088 Ἀποστῆτε
2464 2028 2554 2083 ἀπ’
2580 2031 2729 2099 ἐμοῦ,
2753 2026 2780 2065 ά
2808 2033 2892 2083 καί
2930 2038 3097 2086 ταῦτα
3137 2031 3295 2103 λέγειν
3325 2038 3394 2102 μή
3438 2032 3581 2090 θελη-

1985 2141 2131 2181 σητε.
2157 2128 2229 2197 Τῇ
2254 2128 2340 2175 τοῦ
2369 2119 2760 2193 παντοδυνάμου
2786 2124 2886 2196 γάρ
2917 2128 3040 2177 Θεοῦ
3066 2120 3292 2177 κελεύσει
3320 2124 3351 2180 ἡ
3392 2123 3579 2177 τούτου

1984 2216 2247 2276 τελείωσις
2274 2215 2466 2285 γέγονε,
2499 2216 2582 2267 καί
2615 2211 2743 2290 ὅπερ
2767 2216 2986 2270 αἰτεῖσθε
3017 2219 3106 2273 τήν
3130 2216 3251 2286 ἐμήν
3280 2214 3582 2289 ὑπερϐαίνει

1987 2306 2219 2378 δύναμιν.
2252 2308 2732 2381 ’Υποχωρησάντων
2752 2306 2804 2362 δὲ
2827 2310 2990 2363 αὐτῶν
3011 2303 3143 2379 μετά
3166 2308 3350 2374 λύπης,
3384 2307 3578 2381 ἔμεινεν

1987 2408 2051 2477 τῇ
2079 2401 2276 2477 ἑσπέρᾳ
2306 2398 2332 2455 ὁ
2363 2400 2662 2460 ἔπίσκοπος.
2698 2409 2721 2437 θ
2756 2401 2858 2475 Πρὸ
2887 2408 2976 2456 τοῦ
3013 2400 3066 2456 δὲ
3094 2402 3283 2477 ἡμέραν
3312 2409 3403 2458 τοῦ
3434 2402 3583 2477 ἀγίου

1988 2494 2184 2563 πάσχα
2227 2490 2536 2564 διαυγάσαι,
2580 2493 2681 2547 ύπό
2707 2494 2793 2549 τόν
2818 2489 3014 2570 ὄρθρον,
3044 2495 3264 2556 καλέσας
3300 2493 3393 2549 δύο
3417 2493 3587 2551 διακό-

1989 2605 2111 2645 νους
2128 2585 2306 2650 αὐτοῦ,
2322 2589 2395 2647 εἰς
2416 2586 2500 2640 τὸν
2517 2581 2647 2640 οἷκον
2665 2594 2758 2642 τοῦ
2778 2588 3047 2649 τεθνεῶτος
3062 2590 3157 2644 σύν
3178 2590 3354 2650 αὐτοῖς
3375 2590 3587 2649 ἀπῆλθε.

1986 2678 2279 2753 Προσελθών
2326 2677 2380 2732 δὲ
2424 2686 2497 2750 τῷ
2542 2679 2681 2750 τόπῳ
2724 2682 2776 2734 ἐν
2876 2683 2935 2737 τὸ
2961 2689 3113 2753 σῶμα
3150 2678 3364 2753 ἄψυχον
3400 2680 3587 2749 ἔκειτο,

1994 2771 2099 2825 εκεῖ
2124 2771 2304 2827 ἑαυτὸν
2332 2772 2403 2833 είς
2426 2773 2587 2843 εύχήν
2615 2770 2820 2828 δέδωκε.
2846 2775 3211 2851 Πληρῶσαντος
3237 2774 3291 2829 δὲ
3313 2772 3469 2831 αὐτοῦ¹
3497 2780 3589 2835 τήν

1994 2867 2182 2937 εύχην,
2233 2867 2438 2933 ἀνέστη,
2487 2869 2570 2920 καί
2614 2867 2821 2925 πλησίον
2869 2874 2961 2923 τοῦ
3011 2869 3280 2930 τεθνεῶτος
3324 2870 3587 2928 ἕκαθέσθη.

2000 2957 2022 2997 ί
2044 2967 2200 3036 Σεμνῇ
2227 2958 2279 3014 δὲ
2301 2968 2362 3035 τῇ
2387 2969 2519 3037 φωνῇ
2554 2966 2732 3016 τοῦτον
2770 2962 2820 3026 ἐξ
2863 2961 3109 3032 ὀνόματος
3139 2962 3340 3016 ἐκάλεσε
3359 3006 3372 3030 ,
3405 2962 3557 3037 λέγων
3574 2977 3588 2992 ⁸

1996 3054 2193 3129 ’Λδελφὲ
2221 3056 2494 3128 Μάρκελλε.
2524 3062 2624 3115 Τῆς
2647 3053 2700 3110 δέ
2718 3063 2880 3126 φωνῆς
2900 3057 3093 3115 ταύτης
3114 3054 3139 3109 ὁ
3168 3056 3413 3115 νεθνηκώς
3438 3055 3593 3109 ἀκού-

2000 3168 2122 3214 σας,
2169 3150 2235 3206 ὡς
2267 3145 2346 3200 ὅτι
2386 3147 2582 3219 ἐλαφρῷ
2625 3145 2768 3219 ὕπνῳ
2814 3145 3073 3200 ἐκάθευδεν
3117 3146 3464 3211 ἐξυπνισθεὶς,
3513 3147 3594 3198 καί

298 3259 438 3301 mox
485 3257 551 3298 ex
598 3240 906 3295 infirmitate
954 3237 1244 3304 convaluit,
1276 3247 1330 3294 et
1361 3238 1414 3291 in
1445 3236 1544 3293 hac
1559 3237 1666 3291 vita
1696 3236 1884 3292 diutius

1997 3242 2119 3299 τούς
2147 3239 2429 3312 ὀφθαλμούς
2457 3239 2698 3310 ἀνεῴξας,
2731 3238 2859 3312 πρὸς
2892 3240 2975 3293 τὸν
3014 3240 3289 3292 ἐπίσκοπον
3328 3239 3591 3303 ἀτενίσας,

305 3334 535 3393 mansit.
569 3333 677 3388 Nec
708 3342 883 3388 tamen
910 3331 1239 3388 credendum
1269 3340 1352 3386 est
1379 3331 1500 3401 quin
1532 3330 1705 3384 locum
1737 3343 1895 3400 quem

304 3436 595 3499 acceperat
616 3427 869 3497 perdidit,
901 3425 1026 3496 quia
1069 3424 1289 3480 dubium
1322 3440 1426 3480 non
1455 3432 1535 3479 est
1565 3424 1705 3494 quod
1728 3423 1895 3477 inter-

304 3522 538 3579 cessoris
568 3518 653 3575 sui
684 3520 934 3590 precibus
957 3521 1131 3590 potuit
1162 3530 1281 3590 post
1311 3529 1539 3576 mortem
1587 3519 1780 3575 melius
1819 3519 1899 3572 vi-

308 3630 460 3680 vere,
489 3614 578 3685 qui
628 3621 682 3669 et
724 3622 849 3668 ante
896 3622 1123 3670 mortem
1155 3613 1359 3669 studuit
1404 3613 1756 3682 omnipotenti
1788 3612 1899 3667 Deo

311 3707 551 3777 placere.
585 3705 692 3762 Sed
723 3720 818 3760 cur
846 3705 1011 3761 multa
1056 3705 1122 3760 de
1169 3705 1287 3776 ejus
1327 3706 1432 3761 vita
1482 3705 1728 3771 dicimus,
1777 3719 1897 3760 cum

315 3811 462 3853 nunc
483 3811 651 3866 usque
676 3796 744 3851 ad
769 3811 966 3867 corpus
996 3795 1137 3851 illius
1192 3803 1271 3850 tot
1291 3796 1550 3850 virtutum
1579 3795 1898 3850 documenta

313 3890 633 3946 teneamus?
668 3889 1038 3945 Dmmoniacos
1063 3889 1260 3959 quippe
1281 3888 1581 3953 absolvere,
1610 3902 1783 3958 aegros
1807 3902 1901 3942 cu-

313 3998 442 4041 rare
462 3984 672 4052 quoties
692 3998 758 4038 ex
783 3982 889 4039 ﬁde
917 3983 1133 4051 petitur,
1160 3990 1217 4036 ut
1242 3982 1395 4036 vivus
1425 3987 1779 4035 consueverat
1798 3979 1901 4033 hoc

313 4077 685 4135 indesinenter
713 4076 909 4143 facere,
934 4083 990 4130 et
1012 4073 1150 4143 apud
1180 4084 1390 4129 mortua
1419 4088 1514 4127 sua
1560 4087 1681 4127 ossa
1714 4085 1897 4141 persc-

317 4184 493 4228 verat.
523 4171 627 4227 Sed
659 4171 809 4236 libet,
836 4171 1015 4237 Pctre,
1040 4169 1217 4225 adhuc
1243 4169 1308 4224 ad
1341 4169 1567 4225 Valeria:
1613 4167 1903 4238 provinciae

312 4276 503 4339 partes
524 4266 845 4321 narrationis
869 4280 1004 4321 meae
1023 4265 1184 4320 verba
1209 4264 1488 4330 reducere,
1513 4265 1581 4317 de
1602 4262 1793 4331 quibus
1816 4276 1903 4315 me

311 4362 515 4418 eximia
543 4360 697 4415 valde
724 4359 979 4415 miracula
1024 4373 1091 4413 ex
1120 4371 1215 4413 ore
1244 4356 1568 4413 venerabilis
1599 4354 1899 4420 Fortunati,

310 4453 471 4522 cujus
500 4452 657 4523 longe
704 4454 951 4522 superius
980 4451 1297 4507 memoriam
1342 4450 1441 4504 feci
1477 4447 1712 4518 (Scilicet
1754 4446 1903 4500 initio

313 4562 432 4617 cap.
462 4546 541 4616 4),
595 4546 820 4615 contigit
867 4546 1101 4600 audisse.
1153 4545 1253 4612 Qui
1295 4543 1487 4599 crebro
1538 4542 1602 4596 ad
1646 4556 1733 4597 me
1762 4554 1904 4595 nunc

2001 3329 2159 3388 εἶπεν
2188 3334 2249 3386 Τί
2274 3341 2298 3379 Β
2326 3332 2598 3393 ἐποίησας;
2629 3332 2758 3406 Πρός
2786 3327 2837 3384 ὃν
2865 3330 2889 3383 ό
2920 3330 3197 3390 ἐπίσκοπος
3226 3332 3492 3403 ἀπεκρίθη,
3517 3331 3594 3386 λέ-

2000 3440 2120 3499 γων⁵
2171 3425 2226 3476 τί
2265 3424 2506 3485 ἐποίησας
2556 3422 2711 3482 Αύτὸς
2742 3420 2795 3475 δὲ
2824 3416 2955 3475 εἶπε⁹
2985 3427 3061 3495 Τῇ
3087 3422 3215 3493 χθίς
3262 3423 3446 3495 ἡμέρᾳ,
3502 3419 3594 3499 δύο

2001 3518 2134 3575 τινὲς
2162 3512 2302 3574 ἦλθον
2332 3511 2462 3589 πρός
2490 3534 2552 3585 με
2572 3553 2585 3577 ,
2629 3515 2675 3567 οἵ
2700 3534 2831 3575 τινες
2855 3515 2907 3569 ἐκ
2932 3519 3024 3569 τοῦ
3053 3517 3292 3586 σώματος
3319 3513 3502 3570 τούτου
3532 3538 3593 3588 με

2002 3606 2350 3681 ἐξαγαγόντες,
2393 3610 2467 3667 εἰς
2496 3606 2650 3661 τόπον
2682 3608 2818 3661 πάνυ
2854 3607 2997 3661 καλόν
3023 3628 3084 3679 με
3116 3609 3398 3679 ἀπήγαγον.
3437 3613 3596 3681 Σήμε-

2002 3720 2091 3776 ρον
2118 3699 2172 3755 δέ
2214 3696 2284 3760 εἷς
2319 3699 2652 3764 ἀποσταλεὶς,
2684 3695 2853 3755 εἶπεν·
2893 3699 3282 3775 ’Δποστρέψατε
3313 3701 3483 3771 αὐτὸν,
3516 3701 3596 3759 ὅτι

2003 3797 2347 3868 Φορτουνᾶτος
2392 3790 2417 3845 ὁ
2456 3792 2730 3853 ἐπίσκοπος
2770 3796 2843 3854 εἰς
2867 3793 2949 3848 τὸν
2989 3789 3116 3847 οἷκον
3142 3794 3302 3848 αύτοῦ
3326 3792 3455 3852 ἦλθε.
3488 3803 3598 3851 Τῶν

2004 3884 2059 3941 δὲ
2106 3880 2346 3959 ῥημάτων
2393 3885 2587 3940 τούτων
2623 3884 3009 3963 πληρωθέντων,
3037 3886 3263 3960 παρευθύ
3293 3888 3377 3939 καί
3415 3886 3470 3939 ἐκ
3505 3893 3599 3947 τῆς

2005 3979 2157 4035 νόσου
2186 3979 2459 4048 ἐνίσχυσε,
2496 3980 2580 4031 καί
2616 3978 2667 4031 ἔν
2702 3978 2869 4052 ταύτῃ
2903 3984 2966 4051 τῇ
3008 3981 3109 4051 ζωῇ
3146 3973 3234 4035 ἔτη
3260 3971 3290 4011 δ
3317 3976 3473 4031 πλείω
3503 3975 3601 4033 διέ·

2006 4090 2163 4143 μεινε.
2208 4071 2512 4139 Πιστεύομεν
2559 4066 2612 4125 δὲ
2657 4067 2734 4125 ὅτι
2763 4067 2876 4123 οὐδὲ
2915 4068 3069 4124 τόπον
3100 4064 3151 4122 ὃν
3186 4065 3368 4125 ἔλαϐεν
3404 4066 3421 4106 ί
3458 4072 3601 4125 ἀπώ-

2004 4165 2122 4220 λεσε
2153 4167 2235 4218 καί
2264 4161 2545 4237 δισταγμός
2590 4164 2638 4216 ἓν
2679 4165 2845 4234 τούτῳ
2885 4164 2973 4217 ούκ
3000 4161 3134 4218 ἔστι.
3178 4169 3280 4217 τοῦ
3317 4165 3417 4241 γάρ
3442 4166 3602 4236 εὐχο-

2008 4260 2157 4329 μένου
2186 4258 2315 4334 ύπέρ
2337 4258 2484 4310 αὐτοῦ
2506 4263 2621 4315 ταῖς
2648 4257 2975 4326 πρεσϐείαις,
3007 4254 3223 4315 ἠδυνήθη
3259 4256 3441 4327 μᾶλλον
3470 4258 3601 4330 μετά

2008 4353 2065 4407 τό
2094 4353 2367 4407 ἀναστῆναι
2400 4351 2550 4405 αὐτὸν
2580 4350 2635 4403 ἐκ
2668 4358 2856 4424 νεκρῶν
2882 4350 3079 4424 βέλτιον
3109 4355 3278 4415 ζῆσαι.
3302 4348 3482 4411 Ὀστις
3521 4353 3602 4406 καί

2007 4445 2109 4521 πρὸ
2148 4447 2369 4499 θανάτου
2408 4448 2695 4519 ἠγωνίσατο
2733 4453 2805 4517 τῷ
2851 4444 3223 4517 παντοδυνάμῳ
3273 4452 3382 4515 Θεῷ
3427 4446 3602 4517 εὐαρε-

2009 4546 2218 4596 στῆσαι.
2251 4540 2311 4591 Τί
2336 4537 2389 4593 δέ
2422 4538 2583 4593 πολλά
2611 4541 2727 4617 περί
2756 4548 2848 4601 τῆς
2876 4546 2965 4596 τοῦ
2992 4543 3240 4616 μακαρίου
3268 4542 3451 4596 τούτου
3475 4551 3598 4615 Φορ-

315 4651 493 4706 usque
520 4637 760 4700 veniens,
790 4636 915 4691 dum
946 4636 1081 4691 facta
1108 4636 1505 4691 mibi'veterum
1538 4643 1743 4699 narrat,
1765 4647 1884 4688 nov:

2008 4633 2259 4688 τουνάτου
2287 4631 2541 4693 πολιτείας
2564 4633 2807 4706 λέγομεν;
2838 4636 3009 4708 Μέχρι
3030 4636 3128 4711 γάρ
3159 4637 3245 4689 καί
3274 4640 3365 4689 τοῦ
3408 4630 3602 4708 παρόν-

309 4728 611 4784 refectiune
639 4744 724 4785 me
744 4729 921 4783 satiat.

2006 4746 2125 4790 τος,
2159 4726 2209 4779 ἐν
2239 4727 2253 4776 1
2290 4721 2329 4798 ᾦ
2358 4728 2417 4781 τὸ
2455 4728 2619 4797 τίμιον
2658 4728 2815 4782 αὐτοῦ
2861 4734 3014 4785 σῶμα
3057 4728 3373 4788 κατάκειται.
3413 4727 3600 4787 πλῆθος

311 4818 582 4891 θαυμάτων
626 4823 948 4878 ἐπιτελεῖται.
1002 4811 1389 4892 Δαιμονιοῦντας
1423 4824 1524 4897 γάρ
1569 4822 1620 4875 ἐκ
1665 4828 1756 4881 τῆς
1796 4828 1895 4876 τῶν
1935 4821 2233 4895 ἀκαθάρτων
2262 4823 2566 4891 πνευμάτων
2595 4820 2824 4879 δουλείας
2862 4821 3138 4895 ἐλευθεροῖ,
3188 4820 3416 4880 ἀσθενεῖς
3456 4824 3602 4896 θερα-

308 4919 482 4981 πεύει,
509 4920 594 4973 καί
631 4923 768 4972 πᾶσι
812 4924 920 4976 τοῖς
958 4922 1157 4975 πιστῶς
1198 4918 1401 4971 αἰτοῦσι
1440 4917 1534 4976 τάς
1586 4917 1750 4974 ἰάσεις
1786 4916 2034 4989 παρέχει.
2079 4915 2320 4991 Καθάπερ
2361 4916 2461 4989 γάρ
2499 4916 2546 4967 ἐν
2592 4921 2653 4989 τῇ
2706 4914 2947 4986 παρούσῃ
2979 4918 3079 4982 ζωῇ
3134 4917 3253 4987 περί
3304 4911 3369 4967 εἶν
3408 4916 3602 4976 ἀόκνως

309 5018 467 5066 τοῦτο
494 5019 661 5065 ποιεῖν
696 5008 808 5070 ἔθος
848 5006 995 5081 εἶχε,
1029 5013 1112 5063 καί
1142 5011 1270 5081 μετά
1306 5015 1394 5067 τήν
1424 5010 1643 5063 ἐντεῦθεν
1682 5009 2017 5080 μετάστασιν,
2061 5017 2123 5083 τῇ
2152 5014 2241 5063 τοῦ
2289 5006 2685 5077 παντοδυνάμου
2737 5013 2866 5060 Θεοῦ
2908 5005 3112 5080 χάριτι,
3153 5007 3203 5063 ἐν
3230 5015 3303 5081 τῷ
3332 5010 3483 5082 τιμίῳ
3514 5013 3603 5064 αύ-

306 5110 399 5159 τοῦ
430 5106 629 5174 σώματι
656 5105 721 5157 τά
748 5104 877 5158 αὐτὰ
904 5102 1268 5157 ἐπιτελοῦνται.
1295 5099 1475 5161 Ἡδέως
1512 5099 1565 5154 δὲ
1606 5101 1771 5163 τ’·ἀλιν,
1806 5099 1978 5176 Πέτρε,
2014 5096 2040 5135 ¹ί
2082 5101 2202 5174 περὶ
2244 5105 2344 5154 τῶν
2398 5105 2565 5172 μερῶν
2591 5103 2681 5156 τῆς
2725 5095 2966 5171 Βαλερίας
2990 5099 3175 5173 χώρας
3202 5104 3292 5157 τήν
3334 5108 3422 5154 τοῦ
3455 5101 3600 5171 λόγου

306 5197 540 5271 διήγησιν
584 5196 852 5269 ἐπανάγω,
892 5198 1013 5269 περί
1047 5194 1111 5251 ὧν
1151 5198 1365 5270 μέγιστα
1387 5197 1651 5267 θαυμάσια
1682 5196 1867 5250 συνέϐη
1912 5214 1975 5263 με
2016 5194 2231 5248 ἀκοῦσαι
2279 5193 2331 5246 ἔκ
2375 5192 2625 5264 στόματος
2681 5192 3021 5263 Φορτουνάτου
3068 5200 3159 5247 τοῦ
3207 5195 3441 5269 ἀνωτέρω
3479 5196 3600 5269 παρ’

306 5293 454 5361 ἡμῶν
514 5290 968 5360 μνημονευθέντος.
1032 5286 1179 5350 ὅστις
1237 5290 1399 5365 μέχρι
1455 5294 1544 5342 τοῦ
1600 5288 1854 5364 παρόντος
1894 5288 2210 5363 συχνότερον
2258 5286 2384 5361 πρός
2432 5305 2493 5357 με
2534 5280 2552 5322 ί
2593 5284 2938 5360 παραϐάλλειν
2986 5284 3159 5342 εἴωθε·
3214 5292 3300 5343 καί
3338 5292 3432 5352 τάς
3484 5297 3584 5344 τῶν

303 5382 552 5457 ἀρχαίων
584 5378 781 5454 ἀνδρῶν
822 5380 1009 5455 ἀρετάς
1045 5400 1131 5450 μοι
1163 5377 1506 5451 διηγούμενος,
1538 5384 1725 5453 νεαρᾶς
1750 5379 2062 5451 εὐφροσύνης
2088 5397 2149 5450 με
2181 5378 2368 5452 πληροῖ

389 5502 416 5529 ⁸
443 5491 723 5554 German.,
756 5490 983 5560 Longip.
1037 5499 1091 5544 et
1135 5489 1402 5544 secundus
1431 5488 1659 5553 Theod.,
1694 5491 1804 5556 ipso
1826 5505 1901 5542 sa-

302 5564 603 5623 cratissimo
624 5579 827 5632 vespere
854 5565 1156 5617 ascendente
1169 5562 1283 5629 jam
1319 5560 1547 5615 Sabbura
1578 5563 1753 5627 pascli.

380 5636 410 5676 ιι
439 5634 694 5691 German.
710 5630 774 5687 ‘et
802 5634 1041 5705 pleriQue
1066 5633 1272 5699 Norm.,
1299 5634 1524 5702 quantvis
1547 5632 1751 5685 modica
1773 5630 1898 5703 [uisa

298 5715 383 5766 ut
413 5708 690 5762 excitatus;

384 5792 407 5820 ε
433 5778 677 5847 Uterque
698 5779 819 5843 MS.,
845 5778 903 5833 τό
932 5779 1151 5851 βλέπειν.

382 5852 406 5887 ά
437 5851 591 5914 Mss.,
620 5854 703 5905 καί
732 5857 965 5907 τοιαῦτα.

386 5932 412 5960 ⁸
443 5920 603 5992 Βθεο,
636 5926 828 5980 καὶτοῦ
856 5923 972 5978 θεοῦ
996 5919 1251 5994 δεομενος.
1284 5920 1385 5989 πρὸ
1412 5922 1519 5979 τοῦ.

2085 5486 2106 5527 ί
2131 5490 2275 5566 Erg.
2306 5494 2461 5566 μικρᾷ
2492 5487 2546 5566 δὲ
2570 5496 2632 5566 τῇ
2655 5498 2791 5566 φωνῇ
2811 5493 2898 5547 τὸν
2921 5494 3091 5566 αύτόν.

2018 5613 2024 5621 ,
2081 5571 2106 5632 ξς
2131 5562 2224 5616 llis
2254 5561 2436 5616 verbis
2465 5561 2946 5632 absolvitur-caput
2977 5564 3079 5618 hoc
3110 5563 3163 5617 in
3186 5561 3338 5618 Coll).

2078 5630 2109 5669 Ῑι
2142 5634 2297 5702 lteg.,
2331 5633 2416 5687 ἕπί
2436 5632 2611 5687 πλείω.

2090 5702 2103 5741 ί
2137 5704 2304 5766 Idem,
2353 5704 2608 5775 ἀπῲλεσε.
2642 5703 2800 5775 (Sic.)

2086 5786 2099 5849 ξ
2143 5775 2308 5849 fdem,
2338 5775 2386 5828 ἐν
2404 5773 2442 5848 ᾧ
2470 5776 2629 5849 τόπῳ.
2653 5773 2731 5830 Et
2752 5773 2909 5849 paulo
2930 5783 3050 5847 post
3072 5775 3453 5847 δαιμονιῶντας.

2081 5843 2107 5922 ξ
2143 5845 2302 5922 Βεςο,
2326 5843 2562 5922 περὶτῶν
2583 5843 2768 5922 μερῶνξ
2804 5843 2961 5919 (Sid)

2088 5912 2108 5957 ι
2141 5912 2294 5990 Begu
2328 5912 2707 5989 παραγίνεσθάι.
