3998 6356
230 377 332 438 215

1514 378 1961 439 DIALOGORUM
1999 377 2203 433 LIBER
2243 375 2283 430 l.

3407 341 3514 418 sui

232 502 436 573 functi,
464 516 628 575 seque
653 516 837 559 coram
884 503 1025 559 lecto
1071 500 1214 558 illius
1259 514 1381 558 cum
1425 500 1679 574 lacrymis
1705 508 1732 537 ι
1762 498 1814 555 in

1932 500 2108 559 ίκεῖνος
2142 500 2242 571 ’γάρ
2281 496 2621 556 ἐτελεύτησεν.
2647 498 2817 548 Τοῦτο
2851 489 2905 546 δέ
2934 488 2961 544 ό
2988 487 3342 561 πρεσϐύτερος
3368 485 3519 541 ἁκού-

232 611 433 661 terram
460 597 630 655 dedit.
675 597 913 668 Cumque
942 596 1289 653 vehementer
1315 594 1501 662 ﬂeret,
1531 594 1583 649 in
1624 602 1825 649 terram

232 704 390 765 caput
421 692 700 761 tunderet,
728 707 895 762 seque
922 706 1073 748 reum
1122 689 1310 746 mortis
1347 689 1491 744 illius
1534 689 1819 753 clamaret,

232 798 457 863 repente
512 788 560 844 is
609 788 703 860 qui
752 785 1037 843 defunctus
1092 784 1267 840 fuerat
1315 784 1549 838 animam
1598 780 1819 850 recepit.

229 885 384 955 Quod
410 884 541 941 dum
565 881 718 938 multi
743 881 834 955 qui
858 878 1276 936 circumstabant
1301 876 1632 947 aspicerent,
1660 871 1825 928 admi-

210 978 454 1035 -rationis
485 976 711 1032 vocibus
732 973 963 1040 emissis,
994 978 1273 1042 ceperunt
1296 967 1526 1039 amplius
1553 966 1681 1022 llere
1711 977 1824 1037 prae

226 1069 449 1141 gaudio.
496 1066 741 1137 Cumque
796 1079 919 1120 eum
970 1062 1303 1133 requirerent
1356 1059 1445 1115 ubl
1496 1057 1688 1125 fuerit,
1734 1054 1822 1112 vel

226 1164 503 1235 quomodo
532 1162 810 1230 rediisset,
844 1160 917 1216 ait
950 1176 961 1211 :
989 1158 1137 1215 Tetri
1183 1156 1338 1213 valde
1380 1164 1538 1213 erant
1578 1152 1823 1209 homines

227 1258 317 1328 qui
352 1273 441 1311 me
480 1256 777 1322 ducebant,
806 1269 870 1309 ex
914 1266 1142 1324 quorum
1189 1265 1284 1306 ore
1327 1259 1381 1304 et
1413 1248 1634 1304 naribus
1684 1245 1823 1315 ignis

228 1348 450 1415 exibat,
486 1362 643 1417 quem
694 1346 926 1401 tolerare
976 1359 1084 1400 non
1131 1351 1391 1413 poteram.
1435 1341 1679 1410 Cumque
1726 1352 1823 1408 per

228 1445 463 1500 obscura
492 1442 609 1497 loca
654 1457 741 1497 me
770 1441 1056 1507 ducerent,
1090 1438 1267 1494 subito
1315 1436 1553 1513 pulchrae
1600 1435 1821 1490 visionis

228 1534 256 1576 1³
278 1535 503 1609 juvenis
526 1550 643 1591 cum
665 1533 786 1589 aliis
815 1532 969 1588 nobis
994 1531 1248 1588 euntibus
1272 1530 1485 1585 obviam
1511 1527 1684 1584 factus
1709 1535 1818 1593 est,

229 1631 321 1701 qui
351 1645 442 1684 me
489 1622 820 1682 trahentibus
848 1626 982 1681 dis-it
1009 1642 1024 1678 :
1057 1623 1319 1679 Reducite
1346 1621 1526 1686 illum,
1560 1618 1681 1690 quia
1724 1620 1821 1676 Se-

230 1733 395 1774 verus
419 1719 696 1788 presbyter
721 1714 951 1785 plangit,
975 1714 1094 1783 ejus
1114 1712 1254 1767 enim
1282 1710 1533 1782 lacrymis
1562 1709 1818 1763 Dominus

224 1826 350 1867 eum
379 1810 616 1865 donavit.
651 1808 750 1877 Qui
784 1807 988 1863 scilicet
1036 1805 1268 1862 Severus
1308 1803 1552 1874 protinus
1579 1802 1647 1858 de
1679 1811 1819 1856 terra

1930 614 2052 658 σας,
2081 593 2167 647 καί
2196 587 2477 668 σύντρομος
2515 586 2807 661 γενόμενος,
2834 584 3024 658 ἤρξατο
3052 587 3076 617 ⁸
3109 576 3404 656 ὀδύρεσθαι,
3434 580 3517 631 καί

1927 689 2119 765 μεγάλῃ
2161 694 2223 757 τῇ
2251 692 2381 759 φωνῇ
2414 686 2648 757 φονευτήν
2676 680 2858 735 ἑαυτὸν
2888 673 3071 731 τούτου
3112 673 3298 728 καλεῖν.
3332 671 3518 723 κλαίων

1926 783 2090 838 τοίνυν
2111 777 2382 835 κατέλαϐεν
2407 778 2455 830 ἐν
2478 771 2519 849 ᾧ
2537 776 2598 829 τὸ
2614 768 2777 846 «σῶμα
2800 776 2893 826 τοῦ
2918 768 3312 826 τελευτήσαντος
3332 761 3513 830 ἔκειτο,

1927 878 2013 934 καί
2039 875 2220 931 ἑαυτὸν
2252 870 2542 947 ἔμπροσθεν
2568 873 2658 923 τοῦ
2684 866 2936 939 κραϐάτου
2965 864 3116 919 αὐτοῦ
3151 857 3169 897 ί
3202 864 3275 919 εἰς
3303 865 3396 931 γῆν
3427 854 3518 926 ἔρ-

1926 967 2070 1045 ῥιψε,
2099 966 2284 1023 τούτου
2320 956 2383 1021 δὲ’
2402 960 2636 1041 σφοδρῶς
2663 960 2941 1023 κλαίοντος,
2978 958 3061 1010 καί
3084 960 3175 1014 τήν
3199 951 3409 1025 κεφαλήν
3446 955 3519 1012 είς

1926 1066 2015 1122 τὴν
2039 1069 2133 1133 γῆν
2156 1057 2631 1132 προσαράσσοντος,
2671 1054 2759 1107 καί
2787 1051 2967 1105 ἑαυτὸν
2998 1046 3156 1103 αἴτιον
3184 1052 3272 1103 τοῦ
3293 1045 3512 1100 θανάτου

1926 1157 2088 1212 αὐτοῦ
2126 1148 2252 1207 εἶναι
2275 1151 2534 1227 λέγοντος,
2565 1143 2699 1219 ἄφνω
2734 1142 2761 1199 6
2794 1142 3103 1200 τελευτηκοῖκ
3144 1143 3234 1197 τήν
3274 1136 3457 1207 ψυχὴν
3486 1143 3514 1182 α

1926 1247 2155 1307 ἀνέλαϐε.
2177 1251 2339 1299 Τοῦτο
2363 1241 2414 1297 δὲ
2436 1240 2483 1295 οί
2502 1243 2839 1316 περιεστῶτες
2860 1231 3183 1303 θεασάμενοι,
3215 1231 3299 1285 καί
3322 1227 3516 1304 σφόδρα

1927 1342 2012 1396 ἐπί
2040 1347 2113 1411 τῷ
2154 1336 2379 1407 θαύματι
2423 1331 2786 1404 ἐκπλαγέντες,
2833 1328 3050 1402 ἤρξαντο
3090 1324 3173 1378 ἐπί
3211 1322 3385 1377 πλεῖον
3420 1322 3519 1376 ἀπὸ

1927 1437 2106 1509 χαρᾶς
2135 1430 2344 1494 κλαίειν,
2372 1429 2459 1482 καί
2483 1430 2665 1481 τοῦτον
2695 1422 2973 1496 ἐπερωτᾷν,
3004 1420 3063 1474 τὸ
3092 1423 3191 1472 ποῦ
3216 1413 3276 1475 ἦν
3297 1418 3382 1471 καί
3410 1423 3521 1476 πῶς

1924 1506 2273 1601 ύπίστρεψενς
2306 1521 2459 1582 Αὐτὸς
2505 1516 2559 1574 δὲ
2597 1516 2887 1587 ἀποκριθεὶς
2928 1508 3085 1567 εἶπεν·
3134 1506 3342 1585 Ἀνδρος
3388 1510 3545 1569 τινὲς-

1924 1599 2137 1699 σοϐαροί
2165 1616 2364 1693 σφόδρα
2382 1613 2513 1675 ἦσαν
2531 1654 2546 1678 ,
2581 1613 2626 1667 οἷ
2652 1612 2783 1671 τινές
2822 1629 2885 1678 με
2915 1605 3223 1683 παρέλαϐον,
3255 1599 3321 1657 ὧν
3348 1604 3401 1657 ἐκ
3425 1608 3517 1657 τοῦ

1923 1696 2181 1786 στόματος
2210 1713 2293 1765 καί
2328 1715 2428 1765 τῶν
2455 1709 2598 1784 ῥινῶν
2643 1710 2750 1780 πῦρ
2791 1703 3037 1778 ὶξήρχετο
3056 1739 3070 1763 ,
3100 1696 3224 1771 ὅπερ
3250 1697 3516 1770 ὑποφέρειν

1922 1807 2011 1861 ούκ
2039 1802 2317 1871 ἠδυνάμην.
2341 1800 2417 1853 Ἐν
2447 1795 2557 1866 ὅσῳ
2578 1795 2633 1851 δέ
2659 1794 2743 1851 διά
2774 1798 3039 1849 σκοτεινῶν
3061 1786 3229 1845 τόπων
3251 1808 3312 1857 με
3340 1795 3519 1862 περιῆ-

226 1905 496 1973 surrexit,
531 1904 687 1973 eique
718 1901 1086 1972 paenitentiam
1117 1900 1293 1969 agenti
1320 1913 1479 1969 opem
1506 1912 1619 1953 suae
1648 1897 1814 1951 inter-

1932 1921 2032 1976 γον,
2058 1896 2195 1971 ἄφνω
2217 1898 2477 1954 νεανίσκος
2504 1893 2639 1947 πάνυ
2671 1888 2906 1951 εὔοπτος,
2935 1888 3066 1956 μετὰ
3094 1888 3178 1940 καὶ
3208 1885 3390 1958 ἐτέρων
3412 1889 3458 1937 ἓν
3488 1878 3519 1920 ³³

226 1996 489 2053 cessionis
536 1995 787 2071 praebuit.
821 1992 891 2049 Et
918 1993 1043 2047 dum
1073 2005 1171 2066 per
1197 1992 1312 2049 dies
1342 2000 1546 2061 septem
1577 1989 1645 2044 de
1688 2002 1812 2059 per-

224 2090 447 2162 petratis
476 2088 646 2157 culpis
694 2087 1056 2155 paenitentiam
1088 2099 1231 2154 aeger
1272 2085 1543 2141 redivivus
1567 2090 1773 2162 _ageret
1794 2121 1812 2149 ,

224 2155 409 2236 octava
442 2180 529 2235 die
554 2155 707 2233 laetus
735 2177 807 2234 de
831 2191 1059 2247 corpore
1085 2175 1277 2231 exivit.
1304 2155 1604 2245 Perpende,
1635 2172 1813 2239 Petre,

224 2286 427 2343 quaeso,
459 2271 602 2325 hunc
628 2271 696 2325 de
724 2284 831 2341 quo
859 2270 1125 2339 loquimur
1170 2270 1428 2325 Severum
1448 2307 1465 2336 ,
1494 2280 1653 2338 quam
1683 2264 1817 2318 dile-

223 2377 367 2425 ctum
398 2368 651 2425 Dominus
674 2367 930 2435 attendit.
959 2382 1116 2437 quem
1139 2366 1445 2426 contristari
1475 2377 1576 2422 nec
1600 2361 1668 2419 ad
1700 2373 1815 2417 nio.

222 2461 399 2518 dieum
432 2463 668 2530 pertulit.

1924 1994 2210 2049 ἀπαντήσει
2256 1989 2372 2058 ἡμῖν
2398 1984 2589 2058 γέγονε,
2630 1983 2718 2035 καί
2750 1980 2883 2054 πρὸς
2918 1979 3036 2038 τούς
3067 1978 3318 2049 σύροντάς
3347 1995 3408 2045 με
3453 1970 3520 2030 εἷ·

1923 2100 2033 2140 πεν·
2068 2075 2453 2152 ’Υποστρέψατε
2503 2074 2679 2142 αὑτὸν,
2722 2070 2801 2127 ὅτι
2838 2078 3053 2143 Σευῆρος
3091 2066 3119 2125 6
3166 2066 3520 2142 πρεσϐύτερος

1923 2176 2083 2231 κλαίει
2111 2173 2230 2247 περί
2263 2171 2437 2225 αὐτοῦ.
2479 2174 2595 2226 Τοῖς
2632 2166 2733 2239 γάρ
2773 2165 2958 2218 ἐκείνου
2998 2159 3245 2231 δάκρυσιν
3285 2158 3311 2214 6
3350 2161 3521 2236 κύριος

1925 2268 2074 2323 αὐτὸν
2103 2262 2419 2339 ἐδωρήσατο.
2451 2269 2506 2313 Ὀ
2544 2256 2596 2312 δὲ
2634 2257 2791 2315 αὐτὸς
2830 2262 3039 2331 Σευῆρος
3085 2251 3517 2323 όπρεσϐύτερος,

1921 2357 1982 2419 ἐκ
2017 2367 2108 2419 τῆς
2147 2364 2239 2428 γῆς
2268 2352 2518 2418 ἀναστὰς,
2566 2352 2646 2409 καί
2685 2357 2758 2419 τῷ
2801 2354 2911 2415 Θεῷ
2959 2347 3373 2420 εὐχαριστήσας,
3411 2349 3519 2404 τοῖς

1926 2455 2047 2526 περί
2076 2450 2339 2524 μετανοίας
2386 2446 2556 2518 λόγοις
2600 2449 2782 2500 τοῦτον
2818 2443 3143 2501 νουθετήσας,
3186 2441 3268 2494 καί
3304 2436 3386 2493 διά
3427 2444 3517 2496 τῆς

220 2558 386 2611 αὖτοῦ
414 2557 573 2628 εὐχῆς
597 2558 809 2629 ἱλασμὸν
854 2562 953 2617 τῶν
990 2552 1312 2630 άμαρτιῶνὸ
1355 2554 1570 2613 ἀσθενής
1608 2530 1970 2622 κομισάμενος,
2019 2541 2233 2612 ἑϐδόμην
2278 2538 2467 2616 ἡμέραν
2505 2538 2554 2591 ἐν
2600 2542 2659 2608 τῇ
2695 2538 2799 2611 ζωῇ
2847 2530 3013 2608 ταύτῃ
3050 2528 3379 2606 ὑποστρέψας
3426 2550 3517 2584 πε-

218 2656 421 2718 ποίηκε,
460 2659 580 2729 περί
617 2662 718 2709 τῶν
761 2654 901 2723 αὐτῷ
946 2650 1315 2727 πεπραγμένων
1351 2651 1616 2723 μετάνοιαν
1652 2644 1810 2719 ἄγων.
1849 2651 1922 2715 Τῇ
1957 2640 2011 2696 δὲ
2040 2637 2187 2712 ὀγδόῃ
2240 2637 2405 2710 ἡμέρᾳ
2454 2632 2857 2706 εὐφραινόμενος,
2891 2630 3020 2704 πρὸς
3057 2631 3226 2701 κύριον
3277 2626 3517 2699 ἐξεδήμη-

216 2768 329 2804 σεν.
361 2747 684 2807 Κατανὸησον
707 2742 866 2802 οὖνέν
894 2747 1020 2822 ποίᾳ
1043 2746 1305 2818 ἀγαπήσει
1344 2743 1371 2801 6
1412 2745 1589 2821 κύριος
1638 2746 1851 2815 Σευῆρον
1912 2734 1999 2791 τὸν
2042 2727 2393 2808 πρεσϐύτερον
2436 2721 2611 2798 εἶχεν,
2662 2722 2715 2778 ὃν
2768 2720 2888 2777 οὐδὲ
2940 2722 3071 2794 πρὸς
3117 2721 3252 2793 ὥραν
3294 2720 3516 2778 θλιϐἧναι

217 2862 493 2901 ηνεσγςετο.

292 2863 345 2896 εσ
394 2863 493 2897 ετο.

292 2863 463 2986 Ρέτιι.
494 2930 821 2986 Admiranda
862 2939 987 2986 sunt
1023 2930 1178 2985 valde
1205 2931 1343 2998 haec,
1372 2942 1493 3000 quae
1522 2942 1609 2983 me
1647 2924 1807 2997 205

214 3026 442 3085 invenio
488 3039 629 3079 nunc
658 3027 823 3093 usque
850 3023 1091 3079 latuisse.
1132 3021 1239 3078 Sed
1272 3021 1399 3093 quid
1438 3035 1559 3077 esse
1582 3019 1810 3076 dicimus

213 3119 373 3190 quod
408 3117 567 3172 modo
592 3118 723 3177 tales
750 3117 845 3175 viri
871 3123 1145 3189 nequeunt
1168 3114 1397 3175 inveniri

288 3292 536 3350 Gnucon.
572 3294 707 3365 Ego,
742 3294 919 3363 Petre,
950 3295 1148 3350 multos
1187 3294 1319 3349 tales
1362 3293 1415 3348 in
1464 3293 1568 3349 hoc
1607 3290 1807 3347 saeculo

215 3409 319 3450 nec
362 3394 519 3448 modo
548 3393 741 3448 deesse
768 3392 1061 3448 existimo:
1094 3405 1272 3462 neque
1300 3391 1443 3446 enim
1473 3390 1519 3445 si
1559 3390 1684 3444 talia
1732 3388 1806 3442 si-

217 3503 324 3560 gna
354 3501 459 3541 non
491 3486 722 3553 iaciunt,
750 3485 874 3539 ideo
903 3484 1036 3539 tales
1065 3497 1174 3539 non
1210 3491 1354 3538 sunt.
1389 3481 1525 3535 Viue
1573 3493 1807 3550 namque

218 3593 349 3635 vera
378 3577 659 3635 estimatio
686 3578 742 3632 in
774 3576 971 3633 virtute
998 3584 1083 3632 est
1110 3588 1335 3647 operum
1354 3612 1371 3638 ,
1404 3588 1509 3629 non
1542 3572 1594 3627 in
1624 3583 1803 3628 osten-

1932 3564 2101 3622 ιύτούς
2144 3561 2284 3615 τοιού

220 3670 377 3725 sione
420 3668 712 3739 signorum.
744 3666 878 3727 Nam
923 3676 1048 3725 sunt
1082 3667 1347 3737 plerique,
1378 3665 1471 3737 qui
1517 3665 1617 3721 etsi
1657 3665 1807 3734 signa

222 3774 336 3821 non
372 3756 603 3827 faciunt,
630 3760 784 3831 signa
830 3767 1010 3821 tamen
1053 3758 1375 3818 facientibus
1415 3757 1660 3828 dispares
1700 3774 1807 3814 non

220 3862 371 3911 εειωι.

295 4028 470 4085 Ps'ra.
498 4026 652 4085 Unde
679 4026 846 4096 mihi,
876 4040 1030 4098 rogo,
1054 4025 1270 4087 ostendi
1298 4033 1509 4095 potest,
1536 4025 1682 4096 quod
1705 4024 1814 4082 sint

217 4120 438 4193 quidam
464 4120 552 4191 qui
574 4120 732 4191 signa
757 4134 868 4177 non
893 4119 1123 4183 iaciunt.
1150 4126 1206 4175 et
1230 4125 1408 4173 tamen
1432 4117 1585 4188 signa
1610 4114 1813 4175 iacien-

218 4212 366 4269 tibus
392 4212 682 4268 dissimiles
708 4227 817 4266 non
846 4210 1012 4271 sunt?

294 4305 537 4365 Gnaeos.
564 4303 957 4375 Numquidnam
987 4301 1165 4363 nescis
1186 4300 1438 4373 quoniam
1463 4299 1662 4357 Paulus
1685 4313 1812 4369 apo—

217 4398 393 4456 stolus
420 4399 577 4459 Petro
598 4397 961 4468 apostolorum
989 4394 1165 4466 primo
1185 4394 1240 4452 in
1268 4394 1568 4464 principatu
1594 4406 1813 4465 aposto-

218 4494 328 4551 lico
357 4493 522 4549 frater
548 4491 671 4547 est?

298 4585 466 4640 Pera.
495 4584 620 4640 Scio
646 4584 824 4654 plane,
869 4597 971 4638 nec
997 4581 1222 4643 dubium
1250 4586 1334 4637 est
1360 4580 1486 4651 quia
1524 4578 1627 4636 etsi
1652 4577 1815 4633 mini-

222 4696 348 4745 mus
372 4680 611 4739 omnium
638 4678 1039 4745 apostolorum.
1068 4678 1192 4747 plus
1216 4685 1393 4735 tamen
1438 4674 1690 4732 omnibus
1731 4673 1812 4733 la~

223 4775 503 4938 1mﬁngar.
528 4864 642 4939 15.)
669 4863 909 4920 Gnsoon.
939 4862 1093 4931 Quod
1119 4862 1258 4918 bene
1283 4861 1397 4931 ipse
1428 4858 1809 4925 reminisceris,

1991 2920 2164 2967 IIETP.
2204 2906 2400 2968 ’Ὄντως
2441 2904 2714 2975 θαυμαστὰ
2754 2902 2854 2956 εἰσι
2901 2896 3124 2975 σφόδρα,
3176 2896 3309 2972 ἅπερ
3354 2900 3516 2974 μέχρι

1920 3012 2011 3065 τοῦ
2040 3000 2203 3074 206
2229 2998 2485 3073 παρόντος
2516 3000 2608 3053 τὴν
2648 2995 2770 3064 ἐμὴν
2808 2990 3118 3047 διελάνθανεν
3144 2986 3356 3047 εἴδησιν⁸
3382 2993 3433 3042 τί
3462 2988 3516 3042 δὲ

1917 3104 2072 3155 τοῦτο
2100 3090 2222 3150 εἶναι
2247 3092 2475 3165 λέγομεν,
2500 3085 2578 3144 ὅτι
2597 3094 2820 3144 τοιοῦτοι
2841 3082 3023 3161 ἄνδρες
3043 3085 3224 3156 ἀρτίας
3250 3082 3514 3157 εύρεθῆναι

1921 3194 1979 3247 ού
1997 3190 2235 3247 δύνανται
2251 3230 2265 3253 ,

1991 3292 2157 3337 PPHI‘.
2188 3278 2335 3351 Ἐγὼ,
2367 3277 2543 3348 Πέτρε,
2574 3271 2787 3330 πολλούς
2816 3268 3080 3327 τοιούτους
3102 3264 3294 3342 ἄνδρας
3314 3268 3403 3320 καί
3429 3270 3515 3318 νῦν

1916 3378 1967 3431 ἐν
1995 3384 2068 3448 τῷ
2093 3372 2271 3443 κόσμῳ
2300 3368 2463 3436 τούτῳ
2492 3360 2613 3419 εἶναι
2647 3364 2735 3416 οὐκ
2772 3364 2999 3431 ἀπιστῷ·
3039 3357 3153 3412 οὐδέ
3182 3360 3281 3433 ’γάρ
3312 3358 3393 3411 ἐὰν
3424 3378 3517 3416 au-

1920 3477 2039 3541 μεῖα
2066 3470 2284 3523 τοιαῦτα
2309 3460 2368 3514 ού
2391 3461 2598 3515 ποιοῦσι
2624 3459 2733 3519 νῦν,
2766 3448 2783 3488 ί
2819 3453 2877 3509 ού
2906 3451 3052 3524 παρὰ
3082 3446 3271 3513 τούτου
3300 3454 3371 3520 μή
3394 3444 3518 3504 εἶναι

2267 3557 2405 3613 ὅτους
2456 3548 2881 3609 ἀπιστηθήσεται.
2926 3543 3185 3605 Πολιτείας
3225 3534 3312 3597 οὖν
3344 3543 3512 3598 ἐνθέου

1915 3656 2183 3730 διάγνωσις
2209 3654 2262 3706 ἐν
2283 3656 2346 3723 τῇ
2369 3653 2469 3707 τῶν
2494 3642 2655 3721 ἔργων
2679 3644 2918 3717 ὑπάρχει
2945 3638 3177 3711 δυνάμει,
3211 3641 3295 3692 καὶ
3317 3639 3439 3709 οὐχί
3462 3640 3514 3692 ἐν

1913 3756 1977 3825 τῇ
2006 3754 2108 3804 τῶν
2138 3746 2363 3814 σημείων
2394 3737 2649 3805 ἐπιδείξει·
2677 3737 2777 3792 εἰσί
2802 3736 2901 3809 ’γὰρ
2928 3732 3185 3796 πλεῖστοι,
3216 3732 3393 3792 οἵτινες
3418 3751 3512 3788 ση-

1916 3848 2035 3915 μεῖα
2063 3841 2153 3912 μὲν
2178 3839 2238 3892 ού
2274 3840 2505 3901 ποιοῦσι,
2533 3837 2632 3889 τῶν
2679 3827 2733 3887 δὲ
2769 3830 2837 3886 τά
2872 3834 3059 3900 σημεῖα
3083 3825 3361 3881 ποιούντων
3399 3818 3513 3876 ἀνό-

1917 3955 2053 4005 μοιοι
2078 3935 2171 3991 οὐκ
2192 3933 2313 3988 εἰσί.

1984 4038 2154 4089 ΠΕΤΡ.
2189 4025 2341 4081 Πόθεν
2362 4042 2447 4093 μοι
2466 4062 2482 4088 ,
2508 4020 2818 4096 παρακαλῶ,
2860 4018 3013 4073 τοῦτο
3044 4008 3395 4082 ἐπιδειχθῆναι
3423 4005 3515 4063 δύ-

1916 4142 2085 4187 ναται,
2121 4118 2203 4178 ὅτε
2229 4121 2332 4177 εἰσί
2352 4138 2483 4177 τινες
2511 4114 2559 4172 οί
2580 4118 2650 4186 μή
2678 4117 2946 4173 ποιοῦντες
2965 4114 3177 4181 σημεῖα,
3207 4107 3294 4161 καὶ
3326 4110 3424 4159 τῶν
3446 4105 3514 4159 τά

1917 4221 2107 4288 σημεῖα
2135 4213 2410 4270 ποιούντων
2430 4208 2649 4279 ἀνόμοιοι
2672 4206 2759 4263 οὐκ
2785 4206 2912 4267 εἰσίῖ

1985 4315 2152 4363 ΓΡΒΓ.
2179 4306 2257 4361 Μή
2291 4303 2371 4356 τοί
2393 4320 2450 4371 γε
2490 4301 2545 4353 ού
2572 4300 2854 4373 γινώσκεις,
2891 4292 2973 4350 ὅτι
3012 4293 3204 4353 Παῦλος
3229 4289 3254 4347 ὁ
3283 4290 3511 4346 ἀπόστο-

1914 4398 1999 4459 λος
2034 4394 2248 4469 ἀδελφὸς
2276 4394 2513 4468 ὑπάρχει
2540 4392 2589 4444 ἐν
2618 4399 2680 4465 τῇ
2724 4386 2985 4461 ἀπυστόλῃ
3014 4387 3205 4463 Πέτρου
3240 4387 3254 4434 l
3290 4390 3380 4441 τοῦ
3421 4404 3510 4438 κο-

1916 4491 2133 4568 ρυφαίου
2169 4494 2268 4543 τῶν
2298 4484 2625 4549 ἀποστόλων,

1985 4592 2156 4637 ΠΕΤΡ.
2192 4578 2452 4651 ’Δσφαλῶς
2485 4571 2617 4646 οἶδα,
2646 4572 2671 4610 ⁸⁸
2701 4576 2785 4629 καί
2818 4571 3104 4646 δισταγμὸς
3133 4571 3184 4625 ἕν
3222 4568 3391 4637 τούτῳ
3426 4565 3513 4619 οὐκ

1914 4672 2080 4733 ἔστιν’
2104 4672 2209 4728 ἀλλ’
2235 4666 2326 4726 οὖν
2345 4690 2426 4743 γε,
2452 4671 2497 4727 εἰ
2517 4671 2603 4725 καί
2622 4667 2918 4744 μικρότερος
2937 4666 3140 4721 πάντων
3164 4666 3264 4715 τῶν
3285 4656 3511 4713 ἀποστό-

1915 4768 2014 4827 λων
2038 4769 2173 4831 ἐστὶ,
2207 4763 2224 4803 ¹
2256 4768 2414 4821 πλείω
2440 4764 2644 4822 πάντων
2672 4764 2933 4821 ἐκοπίασε.

1988 4871 2159 4916 I‘PlII‘.
2208 4860 2377 4918 Καθὼς
2421 4858 2718 4917 ἐπίστασαι,
2754 4854 2935 4928 Πέτρος
2964 4851 3011 4902 ἐν
3138 4844 3373 4919 θαλασσῇ
3402 4852 3511 4908 τοῖς

222 4962 415 5017 Petrus
448 4971 470 4999 ε
504 4975 667 5035 super
692 4975 842 5019 mare
871 4958 1093 5028 Pedibus
1134 4954 1424 5013 ambulavit
1454 4953 1670 5025 (Matth.
1698 4951 1811 5023 14),

1932 4957 2040 5009 rran
2076 4953 2447 5031 περιεπάτησε,
2496 4948 2691 5007 Παῦλος
2729 4945 2782 5000 δέ
2826 4945 2875 4996 ἐν
2911 4951 2973 5013 τῇ
3011 4940 3245 5013 θαλάσσῃ
3289 4942 3511 5011 ναυαγίῳ

220 5053 421 5111 Paulus
445 5055 497 5108 in
525 5054 659 5111 mari
688 5051 1018 5125 naufragium
1050 5050 1264 5123 pertulit
1292 5047 1377 5119 (11
1405 5047 1526 5103 Cor.
1551 5046 1641 5118 il.)
1668 5063 1680 5099 ε
1708 5043 1733 5083 ἀ
1762 5055 1817 5101 et

220 5145 279 5201 in
308 5160 414 5205 uno
444 5145 744 5215 eodemque
789 5144 1058 5199 elemento
1088 5142 1159 5197 ibi
1191 5141 1383 5196 Paulus
1422 5140 1502 5195 ire
1542 5155 1663 5195 cum
1695 5138 1815 5195 navi

219 5254 333 5297 non
364 5239 564 5310 potuit,
596 5238 686 5293 ubi
719 5237 905 5292 Petrus
935 5234 1153 5305 pedibus
1179 5235 1280 5290 iter
1307 5233 1451 5290 fecit.
1481 5234 1676 5303 Aperte
1707 5232 1803 5300 igi-

300 5424 333 5456 ⁶
360 5415 570 5473 Primus
600 5411 830 5477 Theod.,
860 5413 913 5466 in
941 5412 1210 5466 terrentia
1237 5412 1517 5465 orationem
1541 5411 1703 5466 dedit.

296 5485 332 5528 ὶ
356 5486 676 5555 ϐοηψθηά..
699 5485 903 5557 juvenis
931 5486 1191 5557 apparuit.

303 5570 328 5599 ε
360 5554 608 5627 Plerique
637 5554 766 5610 mss.
797 5558 851 5610 in
883 5555 1012 5607 mari
1031 5596 1046 5618 ,
1076 5556 1157 5609 vel
1188 5570 1412 5627 m_mare
1439 5554 1561 5623 ped.

293 5629 327 5668 ιι
355 5630 413 5685 In
438 5623 624 5684 Germ.
653 5635 707 5681 et
732 5627 982 5681 omnibus
1010 5627 1194 5680 Norm.
1220 5624 1302 5679 En
1325 5627 1377 5678 in
1407 5642 1529 5679 uno.
1562 5624 1616 5677 In
1644 5623 1813 5679 tribus

218 5702 511 5771 Sangerm.
536 5706 611 5771 se!
652 5698 837 5771 Regio,
866 5698 1077 5771 legitur,
1107 5688 1216 5771 iibi‘
1247 5696 1460 5771 Paulus,
1507 5706 1612 5751 etc.
1644 5696 1717 5750 At
1750 5697 1812 5771 in

220 5767 481 5902 signibus
515 5770 722 5835 Norm.,
744 5767 839 5823 ubi
876 5767 1071 5821 Paulus
1099 5770 1171 5823 ire
1202 5784 1313 5823 cum
1344 5770 1459 5823 navi
1487 5783 1590 5823 non
1619 5768 1812 5841 potuit,

220 5864 237 5902 ι
313 5890 328 5902 .
353 5855 461 5900 etc.

216 5848 297 5903 ibi
313 5890 328 5914 ,
353 5855 461 5900 etc.

303 5911 330 5955 δ
360 5914 542 5977 (3011).,
574 5915 759 5971 κλαίειν
782 5915 870 5969 καί
901 5911 1170 5978 ὀδύρεσθαι

1923 5045 2244 5125 περιέπεσεν*
2296 5041 2405 5097 ἰδού
2452 5042 2522 5101 εἰς
2566 5038 2618 5091 ἓν
2661 5040 2745 5090 καί
2788 5036 2914 5091 αύτό
2952 5035 3011 5089 τὸ
3053 5043 3334 5108 στοιχεῖον,
3380 5036 3427 5089 ἐν
3472 5033 3512 5109 ᾧ

1920 5138 2110 5198 Παῦλος
2132 5138 2262 5213 μετά
2287 5136 2461 5191 πλοίου
2488 5131 2797 5207 πορευθῆναι
2818 5128 2908 5184 ούκ
2930 5126 3170 5197 ἠδυνήθη,
3192 5129 3377 5198 Πέτρος
3400 5135 3512 5186 τοῖς

1918 5235 2041 5287 ποσί
2068 5234 2159 5289 τήν
2199 5227 2488 5301 ὁδοιπορίαν
2518 5223 2788 5281 πεποίηκε.
2820 5220 3035 5300 Φωερόν
3063 5214 3151 5277 οὖν
3178 5220 3507 5283 καθέστηκεν,

1994 5408 2015 5448 ί
2050 5409 2201 5475 MSS.,
2232 5409 2364 5479 μετὰ
2389 5406 2617 5480 δακρύων
2645 5406 2717 5464 εἰς
2739 5409 2831 5465 τήν
2856 5410 2968 5477 γῆν.

1990 5490 2015 5529 ε
2048 5477 2303 5549 Uterque,
2332 5477 2571 5533 eumsi.

1988 5549 2017 5589 δ
2050 5552 2234 5615 Iidem,
2261 5554 2567 5609 ὑπαντήσει.

1996 5622 2013 5661 ί
2051 5624 2183 5692 Reg.
2216 5624 2274 5677 ού
2302 5625 2445 5695 παρὰ
2471 5623 2659 5694 τούτῳ,
2682 5618 2839 5674 Colb.
2866 5617 3089 5693 οὐπαρά
3102 5620 3279 5673 τοῦτο.

1995 5694 2009 5745 i
2055 5696 2185 5764 Reg.
2217 5694 2503 5748 ἀποστόλου
2537 5698 2621 5747 καί
2651 5711 2827 5764 κορυφ.

1995 5712 2009 5745 t
2055 5712 2185 5764 ὕες.
2217 5712 2503 5748 αποστοΑου
2537 5715 2621 5747 και
2651 5712 2773 5764 κορυ
2815 5728 2827 5742 .

1995 5764 2022 5803 κ
2052 5766 2178 5820 MSS.
2211 5769 2296 5819 καί
2322 5766 2628 5835 πέπεισμαι,
2660 5768 2742 5818 καί
2768 5712 3049 5833 ἕστημός

2000 5836 2017 5876 ¹
2055 5837 2185 5909 Reg.
2218 5839 2389 5893 πλεῖον
2413 5839 2634 5894 πάντων.
