3998 6356
276 318 379 377 217

1501 308 1943 367 DIALOGORUM
1980 308 2181 368 LIBER
2222 308 2299 365 Ill.

3450 310 3557 369 218

279 428 494 487 Domini
544 428 802 485 Paulinus
852 434 1046 482 cuncta
1093 439 1212 495 quae
1240 433 1267 462 ι
1296 423 1364 480 ad
1410 422 1665 494 episcopii
1710 437 1865 478 usum

1977 423 2058 479 ὑπ’
2085 426 2254 479 αὑτῶν
2282 423 2804 495 αἰχμαλωτισθέντες,
2842 427 2901 481 ὶκ
2942 432 3033 487 τῆς
3069 434 3164 500 γῆς
3194 426 3388 487 ταύτης
3418 428 3469 481 ἐν
3498 434 3560 504 τῇ

282 527 481 584 habere
526 525 699 594 potuit
745 519 974 591 captivis
1006 519 1477 590 indigentibusque
1510 517 1733 590 largitus
1762 524 1864 572 est.

280 619 521 688 Cumque
546 617 656 688 jam
678 614 811 671 nihil
833 614 1053 670 omnino
1074 623 1381 684 superesset
1400 614 1541 684 quod
1565 612 1870 683 petentibus

233 670 257 809 ξ
281 670 725 780 da—repottiisset,
750 707 981 778 quodam
1014 706 1100 762 die
1143 670 1395 776 quaedam
1416 670 1597 761 .vidua
1628 704 1865 770 advenit,

236 796 249 825 "
278 818 403 873 quae.
427 817 455 855 a
481 800 623 870 regis
648 798 1006 853 Vandalorum
1031 812 1234 868 genero
1253 811 1409 853 suum
1434 796 1597 852 filium
1620 797 1674 851 in
1699 798 1869 867 capti.

228 879 235 891 ’
278 894 709 951 vitalem-fuisse
752 895 970 949 ductum
1020 893 1327 964 perhibuit,
1360 902 1519 963 atque
1547 908 1574 945 a
1608 892 1723 946 viro
1769 892 1865 947 Dei

276 989 396 1058 ejus
434 987 661 1057 pretium
709 985 1026 1054 postulavit,
1054 986 1098 1041 si
1133 986 1269 1040 forte
1313 986 1459 1040 illius
1487 984 1734 1041 dominus
1766 984 1868 1041 hoc

278 1081 592 1152 dignaretur
633 1078 897 1148 accipere,
931 1087 986 1133 et
1035 1077 1175 1134 hunc
1205 1077 1529 1134 concederet
1556 1080 1621 1132 ad
1652 1080 1864 1149 propria

277 1190 545 1231 remeare.
572 1174 677 1230 Sed
701 1174 779 1228 vir
797 1172 892 1227 Dei
921 1187 1245 1242 magnopere
1272 1174 1473 1242 petenti
1503 1172 1714 1228 femina:
1742 1173 1869 1243 quid

278 1269 413 1323 dare
455 1268 717 1337 potuisset
746 1266 1044 1336 inquirens,
1071 1265 1202 1321 nihil
1248 1265 1389 1335 apud
1419 1281 1479 1321 se
1508 1266 1649 1320 aliud
1681 1266 1784 1321 nisi
1813 1281 1872 1322 se

282 1360 516 1428 invenit,
540 1361 845 1430 petentique
875 1361 1085 1416 feminae
1108 1360 1406 1429 respondit,
1431 1361 1616 1416 dicens
1633 1377 1645 1413 :
1662 1360 1867 1427 Mulier,

287 1457 459 1528 330
476 1453 613 1525 quod
643 1454 843 1523 possim
868 1453 996 1510 dare
1023 1468 1129 1509 non
1158 1453 1351 1519 habeo,
1376 1452 1472 1507 sed
1500 1451 1869 1522 memetipsum

285 1548 442 1612 tolle,
470 1562 676 1602 servum
710 1560 799 1602 me
833 1545 971 1616 juris
1020 1547 1090 1600 tui
1134 1560 1255 1601 esse
1294 1546 1577 1615 profitere,
1610 1554 1769 1614 atque
1816 1556 1873 1601 ut

282 1640 458 1695 ﬁlium
481 1648 627 1694 tuum
649 1640 900 1709 recipias,
918 1654 1004 1695 me
1025 1640 1142 1695 vice
1163 1640 1305 1694 illius
1325 1640 1378 1694 in
1399 1638 1674 1695 servitium
1700 1640 1871 1694 trade.

284 1733 442 1802 Quod
473 1734 561 1790 illa
589 1749 654 1790 ex
682 1750 775 1790 ore
806 1736 936 1789 tanti
966 1734 1065 1790 viri
1092 1735 1333 1801 audiens,
1364 1735 1667 1791 irrisionem
1698 1736 1873 1804 potius

1972 521 2128 597 χώρα
2154 528 2246 581 τῆς
2272 526 2500 592 ’Λφρικῆς
2524 521 2912 591 ἀπηνέχθησαν.
2945 530 3001 574 ‘0
3022 517 3076 576 δὲ
3097 526 3188 574 τοῦ
3212 527 3337 576 Θεοῦ
3368 518 3562 594 ἄνθρω-

1970 632 2068 672 πος
2096 612 2338 674 Παυλῖνος
2374 613 2544 667 πάντα
2578 610 2677 668 ὅσα
2705 615 2776 673 εἰς
2802 617 2891 671 τήν
2916 618 3010 669 τοῦ
3046 615 3349 669 ἰπισκοπίου
3380 618 3566 690 χρείαν

1971 701 2110 775 εἶχε,
2140 712 2249 764 τοῖς
2290 705 2644 777 αἰχμαλώτοις
2689 709 2769 760 καί
2811 715 2915 767 τοῖς
2958 705 3207 781 δεομένοις
3239 704 3259 744 ί
3302 706 3565 779 διέμεινεν.

1968 794 2137 852 Ἦνίκα
2182 795 2235 852 ὂί
2280 797 2451 852 λοιπὸν
2477 837 2490 862 ,
2538 794 2680 853 οὐδέν
2726 799 2862 867 αὐτῷ
2906 799 3238 854 παντάπασιν
3278 799 3567 873 ὑπελείφθη,

1970 891 2096 965 ὅπερ
2122 899 2229 952 τοῖς
2260 894 2463 947 αἰτοῦσι
2488 890 2657 947 δοῦναι
2684 901 2707 939 Β
2742 893 2940 964 ὀφείλοι,
2988 894 3151 969 ἡμέρᾳ
3193 894 3291 948 τινί
3324 896 3468 968 χήρα
3492 916 3571 957 τις

1969 997 2097 1065 γυνή
2124 992 2253 1068 πρὸς
2290 991 2438 1046 αὑτὸν
2468 990 2603 1056 ἦλθε,
2644 992 2884 1065 λέγουσα,
2928 992 3015 1046 τὸν
3054 994 3242 1052 ταύτης
3281 992 3388 1046 υἱὸν
3427 993 3573 1065 παρά

1970 1094 2063 1143 τοῦ
2092 1088 2336 1160 ’γαμϐροῦ
2371 1093 2461 1141 τοῦ
2491 1083 2519 1122 δ
2548 1088 2695 1164 ρηγός
2727 1095 2827 1143 τῶν
2863 1086 3161 1143 Οὑανδάλων
3190 1090 3238 1141 ἐν
3280 1097 3343 1160 τῇ
3372 1090 3572 1157 αἰχμα-

1971 1180 2135 1254 λωσίᾳ
2164 1181 2497 1251 ἐπενεχθῆναι
2513 1179 2541 1249 ,ἶ
2561 1185 2647 1236 καὶ
2685 1184 2829 1257 παρά
2860 1189 2952 1236 τοῦ
2995 1182 3259 1259 ἀνθρώπου
3299 1188 3390 1237 τοῦ
3442 1188 3571 1238 Θεοῦ

1972 1277 2063 1331 τήν
2100 1274 2118 1309 ί
2149 1279 2298 1343 τιμὴν
2328 1275 2486 1328 αὑτοῦ
2529 1278 2729 1346 ᾐτεῖτο,
2760 1274 2846 1328 ἐὰν
2890 1276 2967 1327 καί
3007 1274 3298 1343 καταξιώσῃ
3329 1273 3354 1328 ό
3399 1274 3573 1349 κύριος

1974 1368 2135 1421 αὑτοῦ
2180 1369 2371 1427 ταύτην
2402 1368 2593 1433 λαϐεῖν,
2631 1370 2714 1423 καί
2747 1375 2929 1423 τοῦτον
2966 1374 3367 1442 παραχωρῆσαι
3407 1372 3478 1430 εἰς
3506 1368 3575 1426 τά

1972 1454 2078 1512 ἴδια
2103 1458 2453 1533 ὑποστρέψαι.
2490 1468 2545 1511 ¹Ο
2576 1456 2632 1513 δὲ
2657 1464 2745 1513 τοῦ
2770 1463 2897 1514 Θεοῦ
2934 1454 3198 1535 ἅνθρωπος
3232 1459 3363 1530 μετά
3401 1460 3573 1523 πάσης

1976 1549 2209 1611 σπουδῆς
2248 1556 2327 1605 καὶ
2372 1553 2660 1627 προθυμίας
2701 1554 3046 1618 ἐπιζητήσας,
3090 1553 3175 1607 ἐάν
3210 1575 3260 1607 τι
3299 1555 3568 1628 περιεὺρῃ,

1976 1640 2102 1718 ὅπερ
2131 1651 2195 1719 τῇ
2218 1646 2439 1715 αἰτούσῃ
2469 1649 2667 1718 γυναικί
2690 1653 2992 1724 παρασχεῖν
3019 1648 3035 1697 1
3074 1647 3260 1719 ὀφείλῃ,
3289 1646 3427 1702 οὐδὲν
3448 1646 3573 1723 παρ’

1978 1734 2148 1807 ἐαυτῷ
2169 1733 2287 1789 ἄλλο
2317 1759 2366 1791 τι
2396 1733 2557 1811 εὗρεν,
2585 1740 2627 1792 εἰ
2660 1744 2729 1808 μή
2760 1736 2963 1805 ἑαυτὸν,
2992 1741 3075 1793 καὶ
3102 1739 3228 1810 πρός
3265 1739 3419 1799 αὑτήν
3448 1740 3574 1797 ἁπε-

286 1828 523 1885 credidit
548 1844 708 1899 quam
738 1828 1181 1899 compassionem.
1212 1829 1280 1884 At
1306 1829 1417 1897 ille,
1452 1838 1508 1884 ut
1536 1838 1650 1885 erat
1671 1828 1749 1884 vir
1770 1830 1869 1885 elo-

1986 1829 2151 1904 κρίθη,
2176 1829 2352 1901 λέγων·
2568 1836 2744 1897 Γύναι,
2775 1836 2827 1887 τί
2864 1854 2947 1888 σοι
2970 1831 3302 1905 δωρήσασθαι
3330 1836 3416 1888 οὑκ
3436 1834 3573 1907 ἔχω.

284 1921 691 1991 quentissimus,
722 1919 749 1957 ι)
780 1929 940 1991 atque
985 1921 1227 1991 apprime
1271 1921 1630 1976 exterioribus
1668 1936 1877 1990 quoque

280 2012 475 2067 studiis
504 2011 763 2079 eruditus,
808 2011 1070 2067 dubitanti
1107 2011 1322 2068 femina:
1350 2012 1507 2068 citius
1538 2013 1801 2083 persuasit
1823 2022 1879 2067 ut

284 2103 469 2159 audita
512 2103 790 2169 crederet,
822 2114 879 2159 et
923 2121 1018 2173 pro
1048 2105 1353 2174 receptione
1382 2106 1477 2160 lilii
1508 2107 1591 2162 sui
1628 2108 1682 2161 in
1710 2109 1878 2163 servi-

284 2196 419 2250 tium
467 2196 772 2265 episcopum
818 2195 1030 2252 tradere
1076 2212 1181 2253 non
1224 2197 1517 2253 dubitaret.
1573 2198 1877 2256 Perrexere

282 2286 446 2356 igitur
488 2287 699 2357 utrique
740 2286 806 2342 ad
847 2287 1106 2345 Africam.
1134 2289 1455 2346 Procedenti
1494 2300 1673 2347 autem
1727 2293 1870 2360 regis

286 2391 510 2447 genero,
542 2377 630 2446 qui
676 2378 794 2447 ejus
837 2378 1006 2433 ﬁlium
1052 2378 1307 2450 habebat,
1337 2380 1494 2436 vidua
1537 2392 1786 2453 rogatura
1814 2398 1875 2440 se

284 2468 494 2535 obtulit,
520 2483 584 2524 ac
612 2470 758 2540 prius
790 2472 943 2541 petiit
982 2479 1043 2526 ut
1066 2473 1115 2527 ei
1146 2472 1313 2528 ﬁlium
1344 2473 1547 2529 donare
1575 2474 1869 2531 debuisset.

281 2560 441 2627 Quod
470 2574 589 2615 cum
619 2565 699 2615 vir
725 2561 983 2618 barbarus
1018 2573 1040 2603 ο
1078 2564 1245 2636 typho
1295 2567 1563 2635 superbiae
1606 2568 1868 2637 turgidus,

281 2649 478 2722 gaudio
522 2653 844 2708 transitoria:
874 2655 1243 2726 prosperitatis
1274 2657 1488 2713 inﬂatus
1510 2698 1525 2723 ,
1560 2674 1670 2714 non
1699 2660 1874 2716 solum

282 2748 487 2812 facere.
520 2749 614 2805 sed
640 2751 800 2805 etiam
830 2751 1017 2807 audire
1036 2751 1356 2820 despiceret,
1385 2754 1547 2809 vidua
1575 2756 1869 2827 subjunxit,

281 2838 468 2897 dicens
494 2858 508 2894 :
534 2841 672 2898 Ecce
695 2842 835 2896 hunc
856 2842 1127 2899 hominem
1148 2860 1248 2915 pro
1263 2859 1330 2901 eo
1350 2846 1607 2901 vicarium
1630 2847 1868 2917 praebeo,

286 2933 629 2988 solummodo
661 2934 908 3004 pietatem
940 2936 993 2990 in
1026 2950 1113 2992 me
1136 2937 1363 3003 exhibe,
1390 2938 1627 3009 mihique
1654 2941 1870 2995 unicum

281 3026 456 3081 ﬁlium
488 3027 675 3084 redde.
724 3029 961 3099 Cumque
1002 3030 1093 3087 ille
1132 3033 1341 3087 venusti
1368 3027 1553 3089 vultus
1597 3034 1869 3091 hominem

281 3122 683 3190 conspexisset,
710 3136 865 3192 quam
894 3134 1063 3180 artem
1108 3134 1292 3180 nosset
1321 3125 1617 3195 inquisivit.
1658 3126 1756 3183 Cui
1789 3130 1872 3185 vir

1981 1921 2093 1993 ’Βμέ
2120 1921 2174 1977 δὲ
2204 1922 2383 1978 ἔαυτόν
2428 1923 2625 1989 δοῦλον,
2658 1930 2753 1979 σοῦ
2800 1926 3107 1990 ύπεξούσιον
3147 1925 3348 1997 δίδωμι,
3380 1931 3462 1983 καί
3489 1930 3572 1987 ἵνα

1979 2014 2066 2069 τὸν
2090 2014 2199 2068 υἱὸν
2222 2015 2504 2089 ἀπολάϐῃς,
2533 2017 2622 2087 ἕμέ
2654 2015 2707 2069 δέ
2733 2016 2841 2071 ἀντ’
2871 2019 3027 2073 αὑτοῦ
3058 2021 3129 2079 εἰς
3157 2018 3385 2076 δουλείαν
3407 2028 3573 2098 παρόι·Ι

1977 2105 2084 2169 δος.
2116 2108 2303 2167 Ἐκείνη
2331 2106 2384 2163 δέ
2415 2110 2466 2161 ἐκ
2505 2115 2594 2164 τοῦ
2634 2111 2893 2181 στόματος
2925 2112 3155 2167 τοιούτου
3197 2112 3377 2188 ἀνδρὸς
3420 2123 3573 2173 τοῦτο

1977 2203 2249 2257 ἀκούσασα
2294 2204 2576 2275 ἕμπαιγμὸν
2623 2204 2808 2274 μᾶλλον
2828 2248 2842 2271 ,
2891 2206 3023 2281 ἥπερ
3078 2210 3397 2279 συμπάθειαν
3446 2206 3573 2268 εἶναι

1975 2295 2301 2351 ἆπίστευσεν.
2326 2298 2485 2357 Δὺτὸς
2509 2296 2561 2351 δὲ
2582 2297 2746 2371 λόγιος
2766 2300 2889 2385 ἀνὴρ
2910 2304 2998 2355 καί
3019 2302 3269 2372 ἀγχίνους
3288 2304 3571 2380 ὑπάρχων,

1975 2392 2059 2444 καί
2095 2390 2160 2444 τὰ
2204 2388 2305 2453 ἔξω
2352 2391 2628 2463 φιλοπόνως
2672 2391 3097 2465 πεπαιδευμένος,
3141 2404 3204 2469 τῇ
3250 2394 3570 2472 δισταζούσῃ

1973 2484 2174 2554 γυναικί
2218 2485 2428 2555 ταχέως
2476 2489 2781 2558 παρῄνεσεν,
2836 2484 2975 2549 ὅπως
3036 2487 3101 2542 τὰ
3146 2488 3396 2559 λεχθέντα
3442 2492 3572 2566 αὐτῇ

1976 2574 2128 2633 ἀληθῆ
2173 2572 2296 2632 εἶναι
2323 2578 2599 2648 πιστεύσῃ,
2633 2581 2716 2631 καὶ
2743 2576 2828 2633 διὰ
2858 2582 2948 2637 τὴν
2974 2584 3063 2635 τοῦ
3092 2581 3206 2635 υἱοῦ
3240 2583 3397 2642 αὑτῆς
3416 2582 3572 2656 δινὰρσ

1976 2667 2150 2741 ρυσιν,
2183 2668 2268 2722 τὸν
2314 2668 2588 2724 ἐπίσκοπον
2627 2672 2698 2730 εἰς
2739 2668 2969 2728 δουλείαν
3008 2670 3333 2747 παραδοῦναι
3358 2679 3427 2745 μή
3468 2671 3573 2729 δει-

2206 2758 2593 2836 Ἐπορεύθησαν
2653 2764 2817 2818 τοίνυν
2864 2767 2937 2824 εἰς
2985 2764 3216 2841 ’Δφρικήν
3275 2766 3568 2842 ἀμφότεροι.

1975 2856 2401 2931 Προσερχομίνου
2444 2852 2499 2909 δέ
2536 2860 2631 2910 τοῦ
2663 2856 2898 2930 γαμϐροῦ
2943 2862 3033 2911 τοῦ
3074 2857 3246 2933 ρηγὸς,
3295 2854 3437 2919 ὅστις
3484 2858 3571 2913 τόν

1974 2949 2084 3003 υἱὸν
2116 2950 2273 3008 αὐτῆς
2296 2943 2459 3020 εἶχεν,
2491 2949 2523 3007 ἡ
2558 2952 2705 3021 χήρα
2745 2950 3027 3025 προσῆλθεν
3057 2951 3197 3017 αὑτῷ
3229 2946 3570 3018 δυσωποῦσα,

1975 3037 2118 3103 ὅπως
2144 3042 2229 3097 τόν
2258 3041 2365 3095 υίόν
2403 3042 2560 3101 αὑτῆς
2606 3040 2861 3112 ἀπολάϐῃ.
2895 3052 2949 3095 ‘0
2989 3040 3041 3096 δὲ
3084 3043 3347 3118 βάρϐαρος
3386 3044 3571 3107 ἐκεῖνος

1975 3135 2103 3209 ἀνὴρ
2142 3142 2216 3207 τῷ
2248 3135 2388 3207 τύφῳ
2424 3142 2516 3193 τῆς
2550 3134 2919 3206 ὑπερηφανείας
2947 3134 3368 3210 ὑπεραιρόμενος,
3393 3137 3481 3188 καί

281 3218 384 3274 Dei
432 3217 687 3273 Paulinus
714 3219 1013 3289 respondit,
1055 3220 1239 3277 dicens
1268 3238 1281 3275 :
1312 3221 1495 3278 Artem
1525 3222 1737 3292 quidem
1769 3224 1869 3277 ali-

1977 3228 2309 3305 παρεχομὲνῃ
2350 3232 2500 3301 χαρᾷ
2543 3234 2634 3285 τῆς
2672 3224 3066 3285 κατευοδώσεως
3110 3227 3460 3298 φυσιούμενος,
3510 3229 3569 3281 οὑ

286 3326 448 3382 quam
497 3311 699 3377 nescio,
729 3312 823 3368 sed
855 3313 1072 3368 hortum
1110 3315 1247 3369 bene
1276 3315 1522 3370 excolere
1552 3316 1684 3371 scio.
1718 3317 1868 3384 Quod

282 3406 367 3459 vir
397 3401 423 3441 ιι
455 3404 671 3474 gentilis
696 3406 855 3462 valde
882 3407 1112 3461 libenter
1139 3408 1366 3476 accepit,
1391 3422 1511 3463 cum
1543 3407 1597 3462 in
1628 3408 1870 3463 nutrien-

282 3495 369 3551 dis
390 3496 624 3551 oleribus
642 3497 763 3565 quia
790 3499 995 3567 peritus
1010 3507 1154 3554 esset
1175 3498 1397 3553 audivit.
1419 3500 1665 3568 Suscepit
1690 3501 1870 3571 itaque

284 3601 518 3652 servnm,
549 3598 603 3643 et
634 3589 843 3659 roganti
870 3588 1044 3644 viduae
1073 3589 1307 3645 reddidit
1341 3589 1528 3643 lilium.
1564 3590 1680 3657 Quo
1710 3605 1867 3646 acce-

284 3686 405 3750 pto,
435 3678 586 3734 vidua
636 3680 705 3733 ab
753 3680 1002 3736 Africana
1051 3681 1269 3752 regione
1316 3681 1582 3736 discessit.
1618 3682 1871 3739 Paulinus

284 3786 414 3826 vero
450 3772 733 3827 excolendi
764 3772 906 3828 horti
948 3775 1183 3843 suscepit
1223 3790 1425 3829 curam.
1460 3774 1699 3844 Cumque
1726 3776 1868 3832 idem

282 3863 430 3933 regis
470 3880 631 3936 gener
676 3865 871 3921 crebro
916 3866 1290 3937 ingrederetur
1338 3868 1572 3932 hortum,
1606 3883 1871 3938 suumque

284 3958 628 4013 hortulanum
677 3959 919 4028 quaedam
950 3961 1279 4030 requireret,
1311 3970 1366 4015 et
1393 3962 1689 4030 sapientem
1717 3962 1872 4016 valde

284 4066 411 4107 esse
439 4052 703 4107 hominem
749 4052 987 4121 videretf,
1021 4053 1225 4108 amicos
1272 4055 1434 4121 coepit
1480 4064 1535 4108 et
1579 4055 1871 4109 familiares

283 4144 571 4213 deserere,
601 4154 656 4201 et
704 4145 903 4214 smpius
947 4160 1068 4199 cum
1118 4161 1215 4199 suo
1266 4146 1548 4200 hortulano
1598 4146 1866 4215 colloqui,

282 4247 447 4307 atque
474 4239 591 4308 ejus
621 4237 961 4293 sermonibus
986 4237 1260 4293 delectari.
1309 4234 1407 4292 Cui
1452 4238 1706 4293 Paulinus
1737 4253 1874 4307 quo-

284 4333 416 4390 tidie
463 4334 529 4389 ad
561 4342 585 4371 ⁶
618 4348 858 4388 mensam
915 4333 1215 4389 odoriferas
1274 4334 1616 4403 virentesque
1674 4333 1872 4388 herbas

287 4428 502 4484 deferre
527 4436 903 4495 consueverat,
927 4436 982 4483 et
1012 4437 1232 4498 accepto
1258 4443 1394 4497 pane
1421 4427 1500 4483 ad
1518 4442 1702 4484 curam
1732 4424 1873 4481 horti

1970 3320 2119 3393 μόνον
2147 3326 2301 3374 τοῦτο
2332 3327 2564 3383 ποιῆσαι,
2607 3317 2729 3371 ἀλλὰ
2769 3320 2855 3371 καὶ
2893 3319 3115 3371 ἀκοῦσαι
3154 3315 3475 3380 ίϐδελύξατο.
3518 3327 3570 3374 Ἦ

1972 3411 2024 3468 δέ
2058 3416 2202 3485 χήρα
2230 3412 2539 3486 προσέθετο,
2566 3410 2805 3481 λέγουσα*
2833 3407 2961 3463 ἰδοὺ
2989 3409 3072 3463 τὸν
3098 3405 3361 3484 ἄνθρωπον
3388 3415 3571 3464 τοῦτον

1974 3506 2265 3574 ἀντίσωμον
2286 3504 2415 3580 ὑπὲρ
2446 3503 2603 3556 αὑτοῦ
2632 3503 2877 3574 παρέχω·
2910 3500 3051 3573 μόνον
3076 3504 3291 3559 ποίησον
3315 3501 3561 3576 εὐσπλαγ-

1974 3600 2130 3667 χνὶαν
2171 3598 2243 3655 εἰς
2274 3596 2381 3665 ἐμὲ,
2422 3597 2506 3648 καί
2544 3593 2627 3647 τόν
2666 3600 2901 3665 μονογενῆ
2943 3613 3041 3662 μου
3082 3594 3191 3647 υἱόν
3230 3590 3419 3653 ἀπόδος
3459 3614 3568 3665 μοι.

1974 3684 2187 3748 Ἐκεῖνος
2213 3685 2268 3741 δὲ
2309 3687 2468 3759 ἱλαρῷ
2505 3688 2769 3761 προσώπῳ
2797 3687 2885 3741 τὸν
2921 3682 3179 3760 ἄνθρωπον
3223 3686 3566 3757 θεασάμενος,

1974 3783 2125 3835 ποίαν
2153 3782 2343 3850 τέχνην
2383 3780 2656 3834 ἐπίσταται
2687 3780 3020 3843 ὶπεζήτησεν⁹
3058 3778 3083 3833 ὁ
3118 3778 3169 3834 δὲ
3191 3786 3283 3834 τοῦ
3321 3787 3448 3835 Θεοῦ
3481 3778 3572 3835 ἄν·

1972 3878 2176 3950 θρωπος
2220 3875 2486 3939 Παυλῖνος,
2536 3875 2782 3948 ἀπεκρίθη
2823 3875 2988 3942 αὑτῷ,
3039 3874 3213 3945 λέγων·
3259 3874 3454 3945 Τέχνην
3481 3876 3570 3946 μὲν

1976 3964 2062 4023 οῦν
2090 3991 2199 4023 τινα
2238 3970 2328 4022 οὑκ
2359 3970 2677 4037 ἐπίσταμαι,
2710 3976 2865 4025 κῆπον
2894 3964 2947 4021 δὲ
2972 3966 3134 4026 καλῶς
3170 3967 3573 4037 ὶπιμελῆσασθαε

1973 4065 2225 4134 γινώσκω.
2258 4066 2417 4116 Τοῦτο
2442 4059 2495 4114 δὲ
2523 4060 2549 4113 ό
2578 4060 2759 4119 ἐθνικὸς
2786 4060 2909 4136 ἀνὴρ
2932 4059 3113 4118 ἐκεῖνος
3134 4060 3383 4123 ἀκούσας,
3414 4059 3572 4123 ἡδέως

1975 4157 2106 4209 πάνυ
2149 4154 2375 4220 ἐδέξατο,
2410 4151 2488 4208 ὅτι
2525 4154 2573 4206 ἐν
2612 4162 2674 4225 τῇ
2717 4160 2807 4207 τοῦ
2839 4155 2998 4209 κήπου
3030 4152 3288 4229 ἐπιμελείᾳ
3327 4152 3575 4229 ἔμπειρος

1977 4246 2239 4319 ὑπῆρχεν.
2267 4243 2496 4308 Ἐδίξατο
2519 4237 2604 4297 οῦν
2629 4243 2777 4297 αὑτὸν
2798 4240 2993 4307 δοῦλον,
3016 4246 3101 4297 καί
3119 4253 3181 4319 τῇ
3201 4246 3572 4324 παρακαλούσῃ

1977 4341 2177 4410 γυναικί
2218 4338 2304 4392 τὸν
2342 4337 2451 4391 υἱόν
2496 4338 2652 4398 αὑτῆς
2688 4334 3022 4403 ἀποδέδωκεν,
3065 4335 3116 4391 ίν
3144 4339 3375 4395 λαϐοῦσα
3404 4336 3431 4377 ¹¹
3472 4342 3571 4396 ἁπό

1977 4440 2070 4493 τῆς
2094 4433 2142 4485 ἄν
2169 4431 2367 4508 Ἀφρικῇ
2402 4432 2581 4503 χώρας
2612 4430 2984 4502 ὑπεχώρησεν.
3023 4441 3078 4486 '0
3117 4430 3173 4487 δι
3202 4434 3442 4494 Παυλῖνος
3481 4437 3572 4493 τὴν

363 4618 386 4645 ι
442 4608 496 4663 in
554 4609 746 4674 Editis,
806 4608 1054 4677 episcopi,
1103 4608 1457 4663 renitentibus
1509 4608 1637 4662 Mss.
1685 4602 2107 4677 Angl.,Dsolis
2153 4607 2521 4679 imperatorib.
2574 4606 2681 4663 ΟΡ.
2728 4607 3054 4663 tribuerunt.
3106 4609 3332 4677 Quidam
3380 4618 3563 4668 tamen

284 4680 498 4744 Norm..
540 4681 748 4747 Germ.,
781 4679 1014 4744 Theod.,
1063 4687 1191 4746 etc.,
1224 4680 1519 4747 Graecoque
1551 4679 1866 4747 interprete.

360 4750 387 4788 δ
421 4751 533 4805 Duo
558 4751 764 4805 Getnet.
798 4760 850 4803 et
880 4751 1051 4815 Prat.,
1079 4758 1228 4818 atque
1258 4767 1289 4803 a
1330 4751 1568 4820 primqu
1586 4750 1868 4820 juventutis

286 4824 419 4895 ﬂore
440 4824 673 4895 distincte
698 4832 746 4875 et
774 4823 927 4895 digne
952 4822 1202 4875 eruditus.

369 4903 391 4929 ε
442 4894 567 4947 Mss.
606 4891 812 4956 Germ.,
858 4892 1044 4946 Norm.
1086 4900 1138 4946 et
1186 4892 1458 4961 plerique,
1493 4902 1635 4961 typo.
1668 4890 1744 4947 De
1774 4892 1872 4948 hac

288 4978 425 5020 voce
452 4963 574 5019 vitle
600 4963 637 5017 l.
669 4978 795 5017 χχιιι
827 4964 1040 5029 Moral.,
1077 4978 1132 5016 ιι.
1161 4961 1252 5029 25,
1282 4973 1336 5017 et
1362 4963 1400 5016 I.
1432 4978 1620 5025 χχχιιι,
1654 4978 1708 5016 ιι.
1740 4963 1793 5016 6.

367 5031 392 5072 ἀ
430 5035 544 5089 Νοιι
576 5033 719 5103 quod
766 5033 1084 5089 ldololatriae
1114 5034 1322 5088 deditus
1365 5044 1529 5096 esset,
1562 5033 1763 5102 gentilis
1793 5033 1875 5088 tli-

288 5108 432 5163 citur
479 5111 622 5173 (erat
665 5104 807 5159 enim
858 5104 1226 5171 Christianus,
1257 5107 1357 5159 etsi
1410 5105 1659 5168 Arianus,
1691 5114 1747 5157 ut
1790 5105 1879 5159 alii

291 5178 566 5247 Vandali),
598 5176 692 5231 sed
719 5191 785 5230 eo
812 5191 973 5231 sensu
997 5190 1102 5247 quo
1123 5175 1584 5247 Romaniigentilgs
1610 5176 1876 5247 vocabant

290 5244 552 5305 barbaros
605 5248 766 5303 etiam
826 5248 925 5302 sibi
982 5244 1289 5302 foederatos.
1344 5246 1475 5301 Vide
1518 5244 1774 5316 Cangium
1821 5246 1875 5301 in

290 5320 535 5375 Glossar.

375 5399 400 5428 ⁸
446 5392 518 5446 Ita
562 5391 717 5454 Mss.,
751 5390 834 5444 vel
884 5389 1126 5444 odoratas
1150 5431 1165 5456 ,
1196 5397 1319 5454 aut,
1349 5389 1555 5444 adoras.
1598 5387 1872 5458 Nusquam

290 5471 479 5517 autem
502 5464 743 5532 legimus,
777 5461 917 5515 olera
949 5469 1007 5514 ut
1034 5462 1087 5515 in
1118 5461 1362 5516 Excusis.
1394 5461 1723 5531 Suffragatur
1748 5459 1872 5516 huic

290 5534 424 5603 lect.
457 5534 628 5589 ϐιαιο.
659 5534 939 5603 interpres.

374 5602 396 5642 ί
430 5604 595 5670 Editi,
618 5602 844 5660 διέδωκε.

370 5684 398 5751 ε
427 5675 551 5751 διες,
575 5675 1024 5751 easne-Mm
1052 5682 1162 5751 ιειᾷ.

368 5742 400 5783 ¹ι
425 5749 539 5811 Ῥήξ
564 5742 703 5816 apud
730 5742 921 5803 mediae
942 5742 1029 5802 aet'.
1052 5742 1273 5803 'Gr'aecos
1294 5747 1432 5801 idem
1459 5752 1540 5801 est
1565 5745 1703 5815 quod
1736 5746 1888 5815 βασι-

292 5817 415 5880 λεῦς
440 5817 579 5889 apud
608 5818 873 5889 antiquos,
894 5818 943 5873 id
968 5826 1050 5874 est
1070 5833 1198 5886 rex;
1226 5832 1418 5875 nomen
1442 5826 1622 5873 autem
1648 5817 1887 5891 βασιλεὺς

1975 4683 2146 4759 etiam
2166 4682 2444 4759 Persarum
2460 4679 2674 4759 regibus
2700 4697 2711 4733 :
2735 4680 2871 4759 alios
2893 4695 3022 4734 vero
3045 4693 3390 4759 quoscunque
3409 4682 3569 4759 ρᾗεις

1976 4752 2341 4822 appellabant.
2393 4750 2481 4806 Sic
2534 4750 2689 4804 Anna
2740 4750 3015 4805 Comnena
3057 4749 3111 4802 in
3158 4763 3258 4822 sua
3303 4749 3567 4822 rAle'xiade

1977 4818 2269 4897 Henricum
2296 4822 2363 4878 IV
2388 4822 2767 4897 imperatorem
2794 4828 2950 4897 vocat
2970 4822 3101 4897 ρἧα
3130 4818 3568 4897 defusum“.

1976 4894 2276 4970 Notandum
2302 4907 2434 4949 vero
2460 4890 2513 4947 in
2547 4892 2641 4946 Ms.
2660 4891 2849 4970 _Begio
2886 4890 2985 4958 pro
3010 4890 3216 4970 Ῥῆνος..
3235 4890 3336 4962 legi
3362 4890 3561 4970 ἆμηρᾶ,

1978 4980 2086 5034 quo
2115 4965 2331 5020 nomine
2356 4977 2512 5035 reges
2539 4962 2677 5032 apud
2723 4961 2928 5035 Arabes
2955 4961 3416 5035 nuncupabantnr,
3450 4961 3560 5023 e'tc.

1980 5030 2243 5091 Gussnnv.
2264 5065 2335 5079 --
2366 5030 2445 5105 Ex
2475 5030 2731 5105 hac'voce
2759 5030 2988 5105 arabica
3013 5031 3150 5105 idem
3178 5033 3428 5105 coniecit,
3462 5037 3560 5093 Ms.

1989 5106 2213 5176 Regium
2235 5123 2262 5161 a
2290 5104 2520 5177 quodam
2550 5103 2725 5177 Arabe
2752 5101 2917 5177 fuisse
2942 5101 3294 5177 descriptum}
3318 5106 3571 5164 Fortasse

1990 5171 2149 5233 etiam
2181 5194 2246 5234 ex
2276 5171 2525 5232 versione
2553 5173 2804 5237 Arabica,
2836 5171 2903 5227 de
2929 5187 3030 5241 qua
3061 5171 3457 5241 in’prrefatione
3485 5180 3575 5234 di-

1987 5258 2156 5309 ctum,
2204 5250 2317 5303 haec
2369 5260 2469 5301 vox
2520 5248 2573 5319 in
2612 5243 3287 5319 Graecam_translationem
3335 5249 3572 5319 irrepsit.

1992 5319 2274 5387 Signilicat
2301 5325 2477 5389 autem
2510 5315 2809 5389 Dominum.
2852 5314 3017 5389 Deea
3042 5318 3262 5389 consule
3290 5314 3570 5389 Cangi'um,

1986 5386 2097 5461 tum
2130 5391 2182 5445 in
2225 5392 2390 5461 gloss.
2438 5386 2557 5453 Gn,
2594 5396 2705 5441 tum
2747 5386 2799 5441 in
2840 5387 2981 5443 notis
3026 5388 3093 5443 ad
3136 5386 3491 5447 Joinvillteum
3521 5403 3577 5449 et

1984 5459 2322 5517 Cinnamum.

2064 5533 2084 5572 ί
2117 5532 2544 5610 Με.,-τὸ.τίμημα
2564 5536 2730 5610 ᾐτεῖτο
2753 5529 2886 5610 ὑπέρ
2918 5533 3242 5607 δααῤῥὺσιως
3262 5531 3349 5591 ἐὰν
3367 5527 3473 5610 ἆρα
3494 5534 3578 5592 ιιι

2064 5552 2084 5572 ⁸
2117 5552 2240 5602 ωιτη,
2263 5555 2321 5587 το
2347 5552 2544 5603 τιμημα
2564 5552 2730 5605 ῃτειτο
2753 5552 2853 5587 υπε
2918 5555 2951 5587 α

1989 5606 2200 5667 θελήσας
2234 5605 2259 5661 ὁ
2290 5601 2457 5677 κύριος
2487 5603 2645 5659 αὑτοῦ
2676 5604 2734 5659 τὸ
2759 5552 2951 5658 λαϐεῖν.

2064 5680 2078 5749 ξ
2118 5678 2215 5749 Ms.
2226 5719 2239 5741 ,
2276 5676 2459 5749 ὀφείλῃ.

2065 5748 2087 5787 ι
2122 5748 2241 5817 Ms.,
2268 5744 2367 5803 ἀπό
2395 5757 2486 5809 τῆς
2507 5744 2739 5823 ’Δφρικῆς
2768 5748 2969 5821 χώρας.
