3998 6356
520 335 626 391 225

1732 319 1975 377 SANCTI
2012 319 2340 377 GREGORII
2382 323 2595 379 MAGNI

3692 327 3793 385 εει

512 449 640 523 πρὸς
671 446 756 502 τὸν
803 445 1134 520 πατριάρχην
1176 440 1262 496 τὸν
1302 440 1461 495 ἵππον
1507 440 1765 511 παρευθύς
1807 437 2101 504 ἆπὶστειλε,

2220 451 2403 506 equum
2432 436 2544 506 ipse
2574 436 2894 506 possideret,
2931 451 3085 506 quem
3113 437 3215 507 juri
3260 453 3357 492 suo
3386 438 3627 493 setlen-zlu
3648 439 3797 499 dedi-

510 541 761 599 δυσωπῶν
782 540 863 592 ἶνα
894 536 1045 609 ὅνπερ
1084 534 1239 595 αὐτὸς
1265 536 1541 595 καθεσθείς,
1565 540 1639 605 τῷ
1670 529 1778 601 ἰδίῳ
1810 531 1963 591 αὐτὸς
1996 528 2101 606 ὅρῳ

510 637 837 707 καθηγίασεν,
870 636 1048 685 τοῦτον
1082 627 1359 688 διαπαντὸς
1388 626 1612 697 κατέχῃ.
1660 627 1778 698 Περί
1801 624 1985 678 τούτου
2014 627 2100 677 τοῦ

510 730 655 802 ἁγίου
689 725 863 803 ἀνδρὸς
886 728 969 778 καί
994 723 1163 794 ἕτερον
1187 724 1357 791 θαῦμα
1378 722 1430 776 ἐκ
1457 724 1557 774 τῶν
1577 717 1831 793 ἡμετέρων
1863 715 2101 790 πρεσϐυ-

508 816 608 878 τῶν
642 822 849 877 ἀκήκοα.
881 814 1082 887 ’Ἕλενον
1131 816 1227 891 γὰρ
1261 810 1339 869 ὅτι
1375 815 1425 865 ἑν
1467 808 2001 873 Κωνσταντινουπόλει,
2033 810 2103 867 εἰς

508 918 601 972 τὴν
626 909 784 969 πόλην
816 914 906 969 τὴν
934 908 1240 977 καλουμένην
1277 905 1507 980 χρυσέαν
1524 944 1539 966 ,
1572 901 1794 962 ἐλθόντος
1822 901 1975 955 αὐτοῦ
1997 939 2012 963 ,
2040 900 2105 953 τὰ

510 990 672 1063 πλήθη
699 1010 798 1059 τῶν
827 1003 961 1056 λαῶν
990 1004 1059 1062 είς
1086 1000 1364 1055 ἀπάντησιν
1411 998 1568 1051 αὐτοῦ
1597 992 1768 1053 ἦλθον
1794 996 1877 1045 καί
1902 992 2109 1046 ἐνώπιον

2217 537 2413 584 casset.
2445 528 2521 584 De
2559 544 2666 601 quo
2694 532 2855 583 etiam
2902 529 3028 583 illud
3063 530 3306 585 mirabile
3336 546 3364 583 a
3394 534 3593 585 nostris
3623 536 3796 589 senio-

2210 619 2357 676 ribus
2380 621 2585 674 narrari
2614 622 2769 686 solet,
2794 621 2933 690 quod
2965 621 3016 675 in
3050 621 3641 689 Constantiuopolitana
3666 627 3793 683 urbe

2212 714 2277 769 ad
2312 724 2519 783 portam
2557 731 2677 785 qua:
2722 726 2935 771 vocatur
2964 716 3138 773 Aurea
3164 758 3178 783 ,
3211 718 3453 783 veniens,
3484 720 3799 787 populorum

2212 806 2431 862 turbiss
2463 808 2564 862 sibi
2616 807 3050 872 occurrentibus,
3102 807 3155 862 in
3211 816 3501 878 conspectu
3559 811 3794 865 omnium

2211 900 2416 970 roganti
2447 914 2591 955 caeco
2635 902 2814 956 lumen
2863 901 3113 967 reddidit,
3148 912 3201 956 et
3252 917 3411 958 manu
3462 905 3796 973 superposita

2215 993 2491 1049 oculorum
2526 994 2775 1049 tenebras
2805 994 3024 1063 fugavit.

508 1098 715 1152 πάντων
759 1094 926 1166 τυφλῷ
968 1091 1295 1147 δυσωποῦντι
1341 1089 1525 1153 αὐτὸν,
1552 1088 1611 1141 τὸ
1655 1093 1756 1158 φῶς
1787 1082 2095 1149 ἀποδέδωκε,
2137 1089 2228 1145 τὴν
2254 1096 2416 1164 χεῖρα
2445 1091 2541 1163 γάρ
2572 1091 2732 1146 αὐτοῦ
2763 1091 3020 1155 ἐπιθήσας,
3061 1089 3116 1144 ἐκ
3161 1095 3261 1143 τῶν
3298 1090 3558 1159 ὀφθαλμῶν
3588 1090 3646 1148 τὸ
3688 1093 3804 1147 σκό-

510 1208 597 1249 τος
623 1185 981 1261 ἐφυγάδευσεν.

1152 1323 1372 1369 ΚΕΦΛΛ.
1413 1313 1485 1370 Γ’.

990 1431 1109 1506 Περὶ
1133 1428 1421 1499 ’Δγαπητοΰ
1453 1428 1621 1483 πάπα.

583 1524 653 1578 Οὐ
678 1523 806 1594 μετὰ
827 1522 983 1577 πολύν
1010 1520 1062 1576 δέ
1092 1520 1303 1597 χρόνον,
1331 1525 1424 1576 τοῦ
1451 1526 1551 1573 τῶν
1578 1518 1773 1574 Γότθων
1801 1518 2102 1590 πράγματος

512 1618 916 1690 κατεπείγοντος,
933 1613 1055 1669 καίὸ
1078 1616 1470 1690 μακαριώτατος
1493 1614 1616 1685 ἀνὴρ
1631 1610 1914 1683 ’Λγαπητὸς
1932 1608 1957 1663 ὁ
1978 1605 2077 1664 ταύ
2090 1636 2106 1649 ο

512 1728 605 1767 της
626 1715 717 1767 τῆς
746 1714 843 1761 τῶν
864 1708 1117 1778 Ῥωμαίων
1138 1710 1284 1779 ἁγίας
1306 1711 1393 1761 τοῦ
1416 1711 1542 1758 Θεοῦ
1566 1702 1827 1764 ἐκκλησίας
1848 1703 2105 1775 πατριάρ-

512 1819 617 1874 χης
665 1798 941 1872 γενόμενος,
982 1797 1031 1874 ᾖ,
1081 1796 1287 1873 εὐδοκία
1340 1802 1504 1861 Θεοῦ,
1553 1800 1659 1850 νυνί
1708 1794 1934 1851 δουλεύω
1982 1797 2102 1867 ἐγὼ,

512 1892 646 1971 πρὸς
666 1890 1020 1947 ’1ουστινιανὸν
1043 1891 1129 1946 τὸν
1154 1890 1368 1961 βασιλέα
1397 1898 1420 1924 ⁸
1442 1889 1694 1943 ἀνέϐαλεν.
1723 1886 2103 1963 ’Δπερχομὲνου

512 1982 567 2040 δέ
592 1985 745 2038 αὐτοῦ
786 1987 835 2039 ἐν
879 1992 989 2043 τοῖς
1034 1992 1124 2044 τῆς
1171 1981 1400 2043 ἐλλάδος
1447 1984 1685 2057 μέρεσιν,
1725 1982 1776 2036 ἵν
1819 2002 1917 2035 τινι
1945 1981 2109 2055 ἡμέρᾳ

513 2076 841 2152 προσηνέχθη
863 2077 1003 2147 αὐτῷ
1032 2071 1297 2149 ἅνθρωπος
1315 2074 1483 2145 χωλὸς
1511 2072 1598 2128 καὶ
1621 2072 1647 2111 b
1673 2073 1881 2146 βουεὸς,
1906 2072 2031 2149 πρὸς
2053 2073 2109 2127 τὸ

513 2169 713 2226 ἰαθῆναι
734 2168 835 2221 ὐπὸ
864 2169 1043 2221 αὐτοῦ.
1075 2165 1257 2229 Ὅστις
1281 2166 1396 2223 οὔτε
1426 2169 1615 2222 οίονοῦν
1638 2169 1775 2245 ρῆμα
1803 2167 2110 2240 φθέγξασθαι

513 2257 754 2323 ἠδύνατο,
780 2256 896 2313 οὔτε
925 2260 975 2311 ἐκ
1006 2268 1097 2320 τῆς
1123 2269 1216 2333 γῆς
1244 2281 1363 2315 ποτε
1390 2262 1689 2319 ἀναστῆναι.
1712 2256 1876 2313 Ἠνίκα
1906 2258 1958 2314 δέ
1986 2266 2108 2313 τοῦ·

519 2372 604 2406 τον
637 2361 658 2388 ο
693 2350 848 2425 δακρ·ὶ
860 2372 998 2412 οντες
1030 2353 1073 2406 οί
1104 2353 1314 2410 πλησίον
1340 2354 1491 2407 αὐτοῦ
1518 2362 1587 2421 τῇ
1614 2353 1923 2427 πατριάρχῃ
1950 2372 2112 2428 προσ-

512 2449 746 2518 ήνεγκαν,
775 2444 799 2499 ὁ
824 2452 914 2499 τοῦ
942 2452 1067 2500 Θεοῦ
1097 2443 1359 2519 ἄνθρωπος
1389 2446 1635 2514 ἐπιμελῶς
1670 2446 1997 2512 ἐπεζήτησεν,
2024 2447 2111 2500 ἐὰν

514 2536 695 2608 ἔχωσι
722 2543 892 2594 πίστιν
918 2542 1037 2615 περί
1062 2548 1153 2600 τῆς
1181 2542 1333 2594 αὐτοῦ
1368 2544 1575 2600 ἰάσεως.
1600 2541 1751 2595 Αὐτοὶ
1774 2537 1826 2593 δέ
1857 2540 1906 2594 ἐν
1931 2547 1990 2611 τῇ
2018 2544 2108 2592 τοῦ

509 2637 638 2686 Θεοῦ
667 2630 891 2702 δυνάμει,
923 2635 990 2693 ὡς
1012 2633 1065 2687 ἐκ
1086 2640 1177 2693 τῆς
1198 2634 1464 2707 άρχηγίας
1479 2635 1681 2707 ιηὲτρου
1706 2636 1794 2691 τήν
1822 2629 1999 2685 ἐλπίδα
2018 2638 2110 2689 τῆς

510 2728 693 2783 τούτου
716 2730 970 2801 σωτηρίας
991 2726 1331 2804 ’ὁδραιωμὲνην
1349 2728 1563 2788 ἑαυτοὺς
1592 2727 1737 2798 ἔχειν
1759 2726 2102 2799 ὡμολόγησαν,

509 2820 625 2876 τότε
640 2822 864 2895 παρευθύ
889 2818 1296 2879 ὁεύλαϐἐστατος
1318 2816 1465 2880 οὗτος
1487 2820 1612 2893 ἀνὴρ
1629 2828 1689 2890 τῇ
1711 2821 1843 2893 εὐχῇ
1864 2818 2122 2908 ἐπέκλινεη

509 2917 590 2969 καί
632 2918 720 2972 τήν
763 2921 854 2973 τῆς
903 2913 1220 2984 λειτουργίας
1250 2911 1537 2965 ἀκολουθίαν
1566 2911 1860 2972 ἐπιτελέσας
1882 2950 1896 2975 ,
1924 2910 2105 2965 θυσίαν

506 3008 713 3062 ἐνώπιον
735 3014 823 3062 τοῦ
848 3005 1238 3062 παντοδυνάαου
1261 3011 1390 3059 Θεοῦ
1412 3010 1746 3081 προσήνεγκε.
1772 3005 2105 3063 Τελεσθείσης

506 3096 561 3154 δὲ
603 3109 692 3161 τῆς
734 3100 1085 3175 λειτουργίας,
1120 3095 1175 3151 ἐκ
1221 3102 1310 3152 τοῦ
1355 3098 1725 3171 θυσιαστηρίου
1768 3096 1986 3160 ἐξελθὼν,
2016 3100 2106 3150 τοῦ

508 3192 688 3263 χωλοῦ
722 3195 814 3249 τήν
858 3198 1016 3266 χεῖρα
1048 3190 1317 3263 ἐκράτησε,
1346 3192 1538 3250 παντὸς
1565 3197 1656 3244 τοῦ
1685 3189 1804 3243 λαοῦ
1841 3209 2103 3261 παρεστη-

504 3285 646 3345 κότος
671 3288 1099 3359 καὶ-θεωροῦντος,
1125 3287 1210 3339 καὶ
1237 3290 1411 3339 τοῦτον
1440 3283 1621 3343 εὐθέως
1644 3284 1696 3336 ὲκ
1720 3291 1811 3343 τῆς
1839 3290 1932 3353 γῆς
1964 3283 2011 3334 ἐν
2041 3288 2103 3356 τῇ

506 3373 609 3450 ἰδίᾳ
636 3384 735 3429 τῶν
751 3356 928 3431 ποδῶν
959 3379 1142 3433 στάσει
1167 3376 1444 3434 ἀνέστησε.
1481 3373 1560 3429 Ἐκ
1589 3372 1642 3428 δὲ
1671 3379 1763 3430 τοῦ
1794 3372 2097 3428 δεσποτικοῦ

507 3468 743 3534 σώματος
773 3468 821 3519 ἐν
851 3476 925 3541 τῷ
950 3470 1171 3539 στόματι
1195 3470 1353 3524 αὐτοῦ
1382 3468 1579 3542 βαλὼν,
1608 3474 1937 3545 παραχρῆμα
1964 3469 2045 3521 καί
2073 3466 2105 3523 ἡ

511 3558 643 3611 πάνυ
675 3560 703 3614 ἡ
731 3554 757 3591 d
785 3559 949 3627 βουϐἡ
972 3560 1183 3630 γλῶσσα
1212 3562 1369 3619 ἐκείνη
1394 3558 1561 3626 ἐλύθη,
1598 3562 1681 3613 καί
1706 3558 1871 3613 λαλεῖν
1894 3559 2102 3633 ἤρξατο.

2825 1312 3051 1368 CAPUT
3104 1312 3192 1368 Ill.

2631 1428 2708 1482 De
2750 1438 2927 1483 sancto
2968 1430 3185 1500 Agapito
3215 1446 3370 1501 papa.

2281 1520 2407 1575 Post
2437 1534 2541 1574 non
2596 1521 2820 1575 multum
2870 1536 2999 1577 vero
3046 1523 3323 1592 temporis,
3362 1522 3611 1593 exigente
3641 1540 3799 1581 causa

2215 1600 2641 1680 Gotltorum,'vir
2685 1629 2897 1684 quoque
2943 1612 3287 1670 beatissimus
3334 1615 3592 1687 Agapitus
3646 1617 3804 1687 hujus

2212 1715 2412 1761 sancta:
2442 1706 2699 1760 Romana:
2731 1706 2989 1761 Ecclesiae
3019 1706 3257 1777 pontifex
3282 1747 3297 1773 ,
3323 1708 3408 1763 cui
3442 1708 3551 1763 Deo
3576 1708 3801 1779 dispen-

2212 1809 2365 1855 sante
2391 1798 2660 1864 deservio,
2689 1798 2757 1853 ad
2782 1799 3144 1855 Iustinianum
3174 1801 3473 1871 principem
3497 1801 3524 1839 ιι
3550 1804 3805 1859 accessit.

2211 1891 2309 1946 Cui
2356 1890 2529 1944 adhuc
2570 1892 2808 1961 pergenti
2848 1891 3078 1961 quadam
3111 1891 3197 1947 die
3234 1892 3289 1946 in
3319 1892 3651 1948 Gmciarum
3693 1896 3805 1963 jam

2214 1986 2448 2057 partibus
2475 1985 2748 2041 curandus
2776 1986 2987 2041 oblatus
3015 1995 3100 2042 est
3126 1996 3310 2042 mutus
3340 1995 3395 2042 et
3422 1987 3647 2043 claudus
3670 2030 3687 2054 ,
3715 1991 3806 2057 qui

2212 2094 2385 2149 neque
2406 2078 2513 2132 ulla
2541 2078 2703 2133 verba
2730 2078 2911 2143 edere,
2946 2093 3118 2148 neque
3144 2094 3210 2134 ex
3243 2089 3386 2135 terra
3412 2094 3644 2150 unquam
3675 2095 3803 2135 sur-

2211 2186 2339 2243 gere
2372 2171 2606 2226 valebat.
2655 2170 2896 2241 Cumque
2948 2172 3089 2227 hunc
3126 2171 3413 2243 propinqui
3440 2172 3582 2226 illius
3612 2172 3808 2229 ﬂentes

2211 2262 2552 2329 obtulissent,
2587 2262 2674 2318 vir
2718 2262 2929 2317 Domini
2970 2262 3202 2318 sollicite
3246 2264 3525 2334 requisivit
3552 2280 3619 2319 an
3652 2281 3808 2321 cura-

2214 2355 2373 2411 tionis
2405 2354 2545 2409 illius
2577 2354 2835 2409 baberent
2864 2353 3044 2409 ﬁdem.
3078 2354 3178 2410 Cui
3204 2354 3334 2411 dum
3365 2356 3418 2412 in
3451 2356 3655 2413 virtute
3687 2359 3804 2425 Dei,

2213 2467 2278 2507 ex
2306 2450 2620 2507 auctoritate
2649 2450 2815 2518 Petri,
2841 2450 3219 2507 ﬁxam‘salutis
3247 2453 3390 2509 illius
3419 2468 3569 2523 spem
3603 2456 3805 2510 habere

2212 2557 2271 2597 se
2317 2542 2581 2609 dicerent,
2618 2542 2862 2611 protinus
2908 2544 3247 2600 venerandus
3286 2545 3367 2600 vir
3394 2547 3623 2602 orationi
3653 2547 3807 2603 incu-

2210 2634 2356 2701 buit,
2386 2646 2439 2689 et
2466 2635 2751 2689 missarum
2795 2636 3052 2691 solemnia
3094 2652 3341 2707 exorsus,
3386 2638 3710 2696 sacriﬁcium
3757 2643 3807 2698 in

2211 2735 2500 2794 conspectu
2524 2726 2615 2781 Dei
2641 2728 3025 2796 omnipotentis
3055 2730 3369 2787 immolavit.
3401 2731 3519 2800 Quo
3546 2744 3794 2801 peracto,

2212 2817 2279 2871 ab
2325 2818 2479 2872 altari
2525 2821 2731 2885 exiens,
2765 2820 2941 2875 claudi
2989 2837 3205 2877 manum
3251 2825 3442 2894 tenuit,
3470 2835 3627 2895 atque
3652 2828 3800 2881 assi-

2212 2919 2390 2967 stente
2414 2920 2467 2966 et
2496 2912 2789 2981 aspiciente
2824 2915 3038 2983 populo,
3068 2930 3192 2970 eum
3218 2931 3343 2971 mox
3373 2932 3401 2969 a
3427 2925 3567 2973 terra
3589 2918 3640 2972 in
3671 2934 3807 2989 pro-

2210 3002 2343 3077 priis
2370 3004 2645 3075 gressibus
2666 3005 2857 3061 erexit.
2890 3005 3130 3078 Cumque
3160 3009 3210 3064 ei
3241 3009 3577 3065 Dominicum
3602 3025 3808 3080 corpus

2212 3097 2268 3153 in
2297 3112 2357 3151 os
2388 3095 2644 3161 mitteret,
2674 3098 2764 3153 illa
2809 3097 2899 3152 diu
2942 3109 3088 3153 muta
3136 3100 3202 3156 ad
3250 3102 3571 3172 loquendum
3619 3104 3807 3175 lingua

2212 3191 2385 3246 soluta
2414 3200 2516 3246 est.
2567 3190 2741 3245 Mirati
2767 3207 2956 3247 omnes
2984 3192 3113 3249 ﬂere
3143 3211 3251 3265 pra:
3279 3198 3470 3266 gaudio
3502 3209 3807 3268 cmperunt,

2212 3299 2506 3354 eorumque
2532 3295 2739 3340 mentes
2785 3286 2925 3342 illico
2951 3298 3125 3344 metus
3153 3298 3207 3345 et
3236 3293 3536 3346 reverentia
3581 3294 3811 3361 invasit,

2214 3391 2338 3432 cum
2373 3376 2625 3432 videlicet
2650 3388 2935 3434 cernerent
2960 3380 3087 3449 quid
3118 3382 3375 3451 Agapitus
3400 3383 3571 3438 facere
3604 3384 3659 3440 in
3693 3386 3811 3439 vir-

2218 3476 2329 3524 tute
2369 3468 2582 3523 Domini
2610 3484 2676 3524 ex
2716 3470 2984 3540 adjutorio
3015 3472 3157 3528 Petri
3200 3474 3478 3543 potuisset.

507 3648 876 3717 Θαυμάσαντες
899 3647 951 3702 δὲ
972 3652 1157 3710 πάντες
1181 3650 1223 3702 οἱ
1250 3658 1602 3727 παρεστῶτες,
1620 3652 1715 3704 σύν
1742 3657 1803 3723 τῇ
1828 3654 1977 3718 χαρᾷ
2002 3644 2233 3721 δακρύων
2261 3642 2590 3714 ἐπληροῦντο,
2616 3644 2737 3701 τοὺς
2776 3639 2831 3696 δὲ
2855 3642 3131 3714 λογισμοὺς
3160 3644 3323 3698 αὐτῶν
3348 3642 3498 3716 φόϐος
3525 3644 3808 3719 κατέσχεν,

509 3743 867 3800 κατανοοῦντές
899 3749 922 3779 ⁸
951 3763 1000 3797 τι
1022 3742 1307 3815 ’Δγαπητὸς
1354 3744 1405 3796 ἐν
1452 3751 1515 3817 τῇ
1547 3740 1755 3813 δυνάμει
1782 3748 1870 3796 τοῦ
1906 3742 2083 3816 κυρίου
2114 3741 2167 3792 ἐκ
2193 3744 2285 3798 τῆς
2312 3735 2546 3808 βοηθείας
2580 3737 2768 3813 Πέτρου
2795 3744 3004 3795 ποιῆσαι
3031 3736 3261 3796 ἐδυνήθη.

1040 3837 1202 3907 286
1230 3843 1459 3892 ΚΕΦΑΛ.
1490 3836 1557 3890 A’.

672 3933 785 4005 Περί
810 3931 987 3985 Δατίου
1012 3930 1296 3987 ἐπισκόπου
1329 3931 1523 3991 πόλεως
1556 3928 1576 3967 ί
1607 3928 1937 3985 Μεδιολάνων.

586 4029 656 4077 Ἐν
693 4030 799 4082 τοῖς
840 4022 1052 4097 χρόνοις
1100 4029 1191 4076 τοῦ
1231 4024 1385 4077 αὐτοῦ
1431 4022 1685 4093 βασιλέως
1729 4020 2105 4086 ’1ουστινιανοῦ,

510 4118 686 4175 Δάτιος
710 4114 735 4170 ὁ
756 4123 848 4175 τῆς
868 4113 1177 4169 Μεδιολάνων
1203 4112 1397 4174 πόλεως
1426 4115 1711 4173 ἐπίσκοπος
1732 4153 1746 4178 ,
1786 4111 1870 4168 διὰ
1894 4118 2110 4187 πρᾶγμα

511 4214 602 4267 τῆς
631 4210 851 4267 πίστεως
883 4207 930 4259 ἐν
984 4207 1504 4263 Ιςωνσταντινουπὸλει
1543 4207 1835 4281 ἀπήρχετο.
1882 4206 2107 4260 Καταλα-

514 4297 690 4361 6όντος
731 4300 783 4354 δὲ
820 4302 978 4355 αὐτοῦ
1009 4303 1078 4360 εἰς
1107 4301 1375 4374 Κόρινθον,
1409 4296 1542 4353 οἷκον
1584 4300 1885 4373 εὐρύχωρον
1935 4299 2003 4357 εἰς
2051 4298 2109 4354 τὸ

510 4393 831 4451 ἆπληκεῦσαι
861 4396 1014 4449 αὐτὸν
1038 4396 1217 4457 ἐζήτει,
1252 4390 1395 4452 ὅστις
1418 4397 1590 4447 πᾶσαν
1628 4395 1718 4450 τὴν
1751 4388 1990 4445 συνοδίαν
2013 4391 2110 4444 αὐ-

515 4491 606 4539 τοῦ
654 4492 901 4559 χωρῆσαι
949 4483 1246 4543 δυνήσηται.
1300 4490 1377 4543 Μὴ
1426 4485 1746 4560 εὑρίσκοντος
1801 4482 1853 4538 δέ
1909 4484 2064 4539 αὐτοῦ
2092 4522 2104 4543 .

509 4574 757 4632 ἱθεοίσατο
804 4574 932 4631 οἷκον
988 4576 1179 4649 ὑψηλὸν
1220 4580 1304 4634 καί
1354 4579 1673 4653 εὐαρμόστου
1719 4580 1976 4653 μεγέθους,
2026 4582 2110 4633 καί

2833 3829 3058 3885 CAPUT
3098 3830 3189 3886 Ν.

2498 3919 2578 3975 De
2610 3918 2628 3959 ί
2660 3919 2816 3976 Datio
2839 3921 3214 3977 Mediolanensi
3243 3925 3497 3996 episcopo.

2288 4018 2451 4088 285
2478 4014 2729 4084 Ejusdem
2796 4032 3007 4088 quoque
3074 4018 3329 4086 principis
3392 4030 3633 4090 tempore
3683 4039 3816 4083 cum

2219 4108 2402 4164 Datius
2429 4108 2840 4163 Mediolanensis
2872 4110 3022 4164 urbis
3049 4111 3335 4181 episcopus
3365 4126 3522 4166 causa
3553 4113 3685 4170 fidei
3722 4133 3815 4173 ex-

2221 4210 2391 4269 actus,
2427 4202 2490 4255 ad
2523 4201 3168 4271 Constantinopolitanam
3194 4203 3377 4259 urbem
3404 4218 3680 4275 pergeret,
3710 4211 3815 4266 Co-

2214 4294 2453 4348 rinthum
2482 4292 2719 4349 devenit.
2753 4294 2853 4363 Qui
2884 4295 3010 4349 dum
3043 4295 3243 4365 largam
3274 4297 3489 4352 domum
3519 4298 3581 4351 ad
3621 4301 3816 4373 hospi-

2214 4389 2433 4443 tandum
2464 4398 2756 4458 quaereret,
2790 4405 2908 4459 quae
2936 4390 3247 4446 comitatum
3274 4391 3419 4447 illius
3462 4402 3631 4448 totum
3666 4394 3816 4454 ferre

2212 4483 2497 4552 potuisset,
2530 4492 2584 4537 et
2614 4484 2701 4537 vix
2731 4484 3016 4551 inveniret,
3066 4485 3280 4553 aspexit
3310 4487 3520 4541 eminus
3574 4487 3814 4546 domum

2213 4576 2562 4647 congruentis
2591 4575 2998 4645 magnitudinis,
3029 4590 3255 4647 eamque
3282 4577 3379 4632 sibi
3410 4584 3709 4649 praeparari
3747 4585 3816 4639 ad

510 4678 691 4726 τοῦτον
722 4670 1080 4741 ἐτοιμασθῆναι
1110 4672 1251 4742 αὐτῷ
1307 4676 1379 4732 εἰς
1421 4672 1480 4727 τὸ
1519 4673 2100 4748 ἀπληκεῦσαιπροσέτα-

2220 4666 2588 4735 hospitandum
2657 4667 2836 4737 jussit.
2917 4668 3159 4738 Cumque
3235 4668 3475 4739 ejusdem
3552 4672 3659 4727 loci
3726 4677 3817 4731 in-

508 4764 606 4827 ξεν.
641 4765 698 4818 Οί
745 4763 797 4819 δέ
836 4763 1023 4820 τούτου
1050 4772 1137 4819 τοῦ
1167 4764 1326 4819 τόπου
1357 4766 1594 4842 πάροικοι
1622 4764 1813 4839 ἔλεγον,
1848 4770 1916 4835 μή
1957 4762 2105 4819 δύνα-

519 4857 640 4909 σθαί
681 4879 794 4912 τινα
838 4860 883 4911 ἐν
921 4861 1061 4933 αὐτῷ
1102 4859 1483 4920 είσοικισθῆναι,
1516 4856 1598 4912 διὰ
1624 4859 1680 4913 τὸ
1709 4857 1911 4918 πολλοῖς
1934 4857 2106 4913 λοιπὸν

520 4942 666 4999 ἔτεσι
691 4948 775 4999 τὸν
804 4945 1032 5002 διάϐολον
1060 4945 1237 5004 αὐτόθι
1278 4954 1546 5010 κατοικεῖν,
1594 4950 1677 5001 καί
1719 4944 1907 5001 τούτου
1950 4949 2108 5019 χάριν

515 5035 734 5092 διάκενον
763 5040 916 5093 αὐτὸν
945 5043 1239 5107 άπομεῖναι.
1284 5052 1339 5095 '0
1365 5038 1420 5095 δέ
1459 5039 1831 5098 εὐλαϐέστατος
1857 5041 1979 5114 ἀνὴρ
2012 5040 2106 5093 Δά-

517 5147 625 5188 τιος
665 5129 923 5200 ἀπεκρίθη,
951 5130 1134 5202 λέγων’
1165 5139 1434 5202 Μενοῦνγε,
1473 5129 1557 5185 διὰ
1587 5135 1740 5185 τοῦτο
1781 5129 1828 5183 ἐν
1872 5137 1943 5198 τῷ
1993 5127 2110 5197 οἴκῳ

515 5220 681 5289 τούτῳ
705 5227 1011 5294 παροικῆσαι
1039 5222 1310 5294 ὀφείλομεν,
1341 5222 1404 5280 δι’
1434 5220 1460 5278 ὁ
1490 5224 1547 5279 τὸ
1572 5223 1789 5301 πονηρὸν
1828 5229 2029 5292 πνεῦμα
2058 5223 2105 5275 ἐν

586 5366 612 5395 ι
644 5358 719 5412 Ms
730 5402 739 5413 .
750 5398 763 5422 ,
792 5359 1012 5417 ἀνῆλθεν.

585 5427 614 5466 δ
646 5430 767 5494 Ms.,
802 5430 991 5502 ﬁmSég,
1035 5428 1327 5502 Utrumque
1373 5432 1590 5500 dicitur,
1618 5443 1675 5490 et
1719 5441 1921 5489 mutum
1966 5432 2101 5489 elin-

517 5514 806 5576 ειιοιειιιυοΔ
824 5501 1108 5576 significat.
1130 5501 1376 5576 Consule
1406 5505 1581 5559 Gloss.
1615 5506 1860 5562 Graecum
1890 5503 2103 5576 Cangii:

588 5582 616 5678 ἔ
642 5570 762 5696 £18.,
783 5570 1082 5716 ἒακέὐοντες
1098 5572 1141 5628 oi
1162 5576 1495 5647 προσήκοντες
1508 5578 1664 5650 αὐτῷ,
1679 5586 1752 5648 τῷ
1768 5570 2097 5653 πατριάρχῃ.

696 5658 765 5711 3.,
830 5669 867 5698 ω
908 5652 958 5704 ἡ.

696 5658 765 5711 3.,
790 5652 958 5711 βωϐἠ.

591 5721 615 5789 ξ
644 5713 768 5789 _M_S-,
791 5713 887 5789 tiri
913 5716 938 5772 ὁ
964 5713 1263 5789 Ἀγαπητὸς.

592 5779 615 5821 ί
644 5779 767 5851 Ms.,
796 5779 1113 5846 Μεδιολάνου.

593 5862 617 5901 8
647 5850 821 5927 BigOt.
854 5868 906 5916 et
937 5860 1113 5925 Becc.,
1144 5860 1213 5915 ibi
1240 5874 1435 5916 occurr.

2209 4758 2343 4814 cola:
2387 4760 2648 4825 dicerent,
2701 4762 2751 4815 in
2785 4776 2846 4815 ea
2878 4760 3021 4816 hunc
3050 4776 3271 4817 manere
3300 4777 3406 4817 non
3438 4777 3620 4833 posse,
3679 4768 3815 4837 quia

2213 4852 2394 4907 multis
2421 4852 2531 4922 jam
2563 4854 2717 4909 annis
2749 4855 2887 4908 hanc
2925 4853 3169 4909 diabolus
3214 4854 3538 4911 inhabitaret
3561 4895 3578 4923 ,
3639 4867 3812 4930 atque

2213 4943 2338 4998 ideo
2368 4958 2535 5000 vacua
2586 4944 2955 5011 remansisset,
3003 4947 3085 5001 vir
3130 4948 3451 5003 venerabilis
3482 4949 3671 5005 Datius
3722 4968 3814 5008 re.

2212 5035 2450 5104 spondit,
2480 5036 2663 5091 dicens
2699 5053 2713 5091 :
2748 5037 2860 5091 lmo
2890 5037 3010 5092 ideo
3043 5037 3299 5108 hospitari
3332 5039 3384 5092 in
3412 5038 3571 5094 domo
3600 5042 3805 5099 eadem

2214 5127 2495 5195 debemus,
2545 5131 2587 5184 si
2622 5131 2759 5185 hanc
2803 5132 3027 5200 spiritus
3073 5133 3338 5203 malignus
3377 5132 3588 5202 invasit,
3642 5146 3701 5191 et
3733 5136 3808 5191 ab

2214 5234 2276 5277 ea
2304 5222 3040 5281 hominuminhabitationem
3058 5224 3273 5295 repulit.
3295 5224 3348 5279 In
3372 5239 3433 5280 ea
3461 5226 3622 5297 igitur
3648 5228 3662 5279 ι
3700 5230 3812 5285 sibi

2278 5357 2309 5398 ιι
2342 5361 2417 5416 De
2448 5361 2548 5415 hac
2573 5361 2779 5431 Agapiti
2810 5360 2875 5416 ad
2897 5361 3258 5417 Iustinianum
3292 5359 3630 5428 profectione
3661 5362 3812 5419 dixi~

2204 5447 2325 5487 mus
2354 5434 2405 5486 in
2446 5432 2560 5487 Vita
2599 5432 2901 5487 Cassiodori
2927 5474 2940 5498 ,
2985 5434 3021 5487 Ι.
3055 5450 3115 5498 n,
3147 5447 3198 5488 c.
3231 5433 3283 5496 5,
3312 5447 3461 5489 num.
3492 5433 3546 5503 4,
3577 5434 3631 5488 in
3665 5435 3805 5504 line,

2205 5513 2258 5558 et
2287 5506 2333 5559 5.

2285 5575 2406 5631 iDe
2452 5576 2602 5631 Datio
2631 5590 2840 5647 quoque
2890 5577 3088 5632 dictum
3145 5576 3196 5631 in
3248 5574 3434 5632 eadem
3487 5575 3807 5634 Cassiodori

2212 5646 2353 5705 Vita.
2381 5648 2414 5699 I.
2446 5664 2501 5715 ll,
2536 5664 2584 5703 (ι.
2616 5649 2669 5714 5,
2706 5646 2767 5703 ης
2794 5649 2846 5715 5,
2881 5658 2936 5704 et
2964 5664 3081 5718 cap.
3113 5649 3163 5714 7,
3198 5665 3252 5703 n.
3283 5648 3335 5702 5.

2287 5720 2300 5767 t
2338 5719 2480 5792 Prat.
2532 5729 2586 5775 et
2635 5721 2900 5792 secundus
2946 5719 3176 5792 Gentet.,
3227 5720 3323 5775 sibi
3366 5720 3545 5792 parari
3582 5721 3810 5782 uelum.

2213 5788 2562 5847 Consentiunt
2587 5792 2682 5847 Ed.
2716 5790 2877 5848 Gilnt.
2907 5799 2961 5847 et
2992 5790 3163 5845 Vatic.
