3998 6356
524 278 616 337 251

1760 284 1996 343 sanan
2035 278 2360 340 causam!
2398 240 2627 341 uictu

3694 282 3798 342 232

523 406 662 469 ξατο,
687 406 771 459 καὶ
800 404 931 476 μίγα
957 399 1129 475 κέρδος
1156 403 1291 474 αὐτῷ
1319 408 1723 480 προσενεχθῆναι
1770 406 2107 477 ὡμολόγησεν,

2219 400 2464 456 hortatus
2488 398 2628 453 hunc
2647 395 2841 453 blande
2856 400 2959 463 est,
2984 403 3043 452 ut
3061 397 3344 467 perficeret
3366 398 3507 469 quod
3527 401 3794 472 cuipiam;

521 498 600 557 ὅτι
622 500 769 574 ἁγίου
790 498 970 574 ἀνδρὸς
994 496 1176 569 ψυχήν
1204 500 1252 551 ἒν
1286 501 1541 573 σφάλματι
1568 502 1817 560 ἀπωλείας
1845 501 2119 580 ἐπέκλινεν.

520 591 733 653 ’Βκεῖνος
762 591 814 648 δέ
838 592 863 647 ό
883 591 1098 665 πονηρὸς
1124 589 1320 663 δαίμων
1345 592 1370 647 6
1581 602 1746 650 ταῦτα
1774 594 2112 669 ἀπαγγεῡας,

522 690 762 762 προσθείς
790 684 918 741 εἷπε·
964 688 1137 762 Μέχρι
1184 688 1381 747 ταύτης
1420 684 1512 749 τῆς
1537 687 1886 765 παρελθούσης
1926 688 2113 759 ἡμέρας

522 781 579 835 ού
607 778 826 836 διέλιπον
854 781 999 836 αὐτὸν
1038 780 1281 850 ἐνοχλῶν,
1316 782 1399 834 καί
1439 782 1522 836 τόν
1564 780 1802 852 λογισμὸν
1832 782 1986 835 αὐτοῦ
2012 802 2115 835 πα-

521 871 749 948 ρασύραι
777 874 865 928 οὐκ
888 872 1153 932 ήδυνήθην⁹
1184 874 1310 945 χθὲς
1337 871 1391 927 δὲ
1420 874 1548 949 πρὸς
1588 872 1810 947 ἑσπέραν
1838 874 2111 938 πεποίηκα,

525 965 667 1027 ὅπως
704 974 807 1027 τοῖς
855 968 1100 1027 ὀπισθίοις
1132 975 1224 1027 τῆς
1275 968 1421 1039 ἱερᾶς
1467 968 1714 1040 παρθένου
1767 968 2000 1037 ἐμπαθῶς
2049 974 2113 1041 τῇ

520 1062 678 1134 οἰκείᾳ
708 1064 849 1136 χειρί
878 1060 1087 1132 ἅψηται.
1120 1062 1239 1116 Τότε
1287 1060 1313 1116 ό
1354 1062 1577 1137 πονηρός
1617 1060 1846 1121 διάϐολος
1896 1064 1980 1116 καί
2021 1067 2110 1116 τοῦ

524 1152 835 1228 ἀνθρωπίνου
865 1155 1040 1226 γένους
1068 1155 1291 1226 ἀρχαῖος
1336 1155 1548 1229 ἐχθρός,
1597 1161 1772 1210 τοῦτον
1813 1153 2111 1210 κολακευτι-

523 1251 620 1305 κῶς
640 1245 1136 1321 προσκαλεσάμενος,
1168 1243 1280 1317 ἔφη’
1310 1242 1473 1322 Ὀπερ
1495 1248 1701 1323 ἐνήρξω,
1732 1252 1957 1301 σπεῦσον
1984 1246 2113 1303 πλη⁹

520 1342 699 1415 ρῶσαι,
748 1338 828 1391 ἵνα
873 1338 922 1389 ἐν
1066 1340 1264 1393 πτώσει
1295 1339 1454 1393 αὐτοῦ
1497 1341 1561 1394 σύ
1592 1340 1743 1411 μόνος
1784 1341 1973 1409 μεταξύ
2012 1345 2112 1391 τῶν

520 1426 707 1483 λοιπῶν
734 1428 790 1482 τό
815 1436 906 1488 τῆς
930 1431 1073 1489 νίκης
1105 1437 1131 1466 ⁸
1159 1429 1279 1501 βαῖν
1298 1433 1576 1505 κρατήσῃς.
1604 1437 1786 1486 Ταῦτα
1807 1427 1893 1484 οὖν
1930 1429 1955 1485 ό
1984 1427 2111 1484 Ἰου-

519 1514 661 1580 δαῖος
687 1526 951 1594 γρηγορῶν
976 1520 1305 1590 θεασάμενος,
1337 1522 1387 1575 ἐν
1416 1522 1607 1594 μεγάλῃ
1638 1519 1795 1595 δειλίᾳ
1824 1523 1906 1575 καὶ
1925 1518 1952 1558 ι’
1987 1541 2110 1575 στε-

516 1613 748 1685 νοχωρία
771 1613 1091 1687 περιέπεσεν.
1124 1622 1178 1665 ‘0
1203 1611 1258 1667 δὲ
1283 1612 1488 1667 πάντων
1508 1620 1611 1668 τῶν
1636 1616 1939 1685 πνευμάτων
1968 1635 2111 1692 πρω-

518 1704 676 1758 τεύων
718 1702 970 1770 διάϐολος,
1020 1705 1222 1765 τούτοις
1270 1703 1566 1779 ἐπέτριψεν,
1617 1706 1700 1762 ἵνα
1738 1706 2103 1772 ἐπιζητήσωσι,

2219 500 2479 562 quatenus
2506 491 2675 547 ruina:
2707 489 2849 546 illius
2878 490 3208 562 singularem
3256 492 3652 550 inter‘caateros
3680 498 3794 567 pal-

2218 601 2360 641 mam
2412 594 2639 643 leneret.
2701 585 2946 657 Cumque
2971 585 3191 642 Judaeus
3236 588 3327 658 qui
3374 589 3667 647 advenerat
3696 594 3795 653 hoc

2215 679 2444 750 vigilans
2490 687 2763 747 cerneret,
2819 688 2875 734 et
2931 694 3140 750 magna:
3183 679 3487 737 formidinis
3533 685 3797 743 anxietate

2215 772 2528 842 palpitaret,
2583 773 2650 827 ab
2678 772 2868 827 eodem
2895 771 3087 842 spiritu
3115 772 3205 842 qui
3255 774 3464 830 cunctis
3492 775 3600 831 illic
3643 779 3791 833 obse-

2214 866 2504 933 quentibus
2521 874 2750 935 praeerat
2770 864 2980 934 jussum
3004 875 3087 921 est
3109 874 3165 920 ut
3191 867 3531 937 requirerent
3549 869 3789 937 quisnam

2215 968 2358 1013 esset
2384 958 2474 1014 ille
2502 959 2593 1028 qui
2619 958 2799 1029 jacere
2824 958 2880 1013 in
2911 958 3110 1029 templo
3134 958 3323 1015 eodem
3349 965 3795 1031 praesumpsrsset.

2212 1050 2383 1118 Quem
2414 1052 2636 1122 maligni
2666 1052 2885 1120 spiritus
2915 1060 3221 1123 pergentes,
3252 1061 3305 1108 et
3323 1053 3573 1110 subtilius
3594 1055 3795 1110 intuen‘

2214 1148 2315 1209 tes,
2344 1143 2521 1198 crucis
2548 1144 2805 1214 mysterio
2834 1143 3101 1214 signatum
3129 1143 3402 1211 viderunt,
3432 1146 3795 1216 mirantesque

2214 1237 2500 1294 dixerunt:
2525 1238 2619 1294 Vae
2643 1280 2659 1306 ,
2684 1254 2787 1306 γε,
2818 1253 2908 1294 vas
2936 1254 3162 1294 vacuum
3204 1248 3259 1295 et
3281 1239 3570 1311 signatum.
3600 1241 3795 1307 Quibus

2212 1326 2315 1384 hoc
2337 1331 2796 1400 renuntiantibus,
2812 1342 3002 1387 cuncta
3028 1332 3118 1385 illa
3138 1332 3493 1401 malignorum
3515 1333 3793 1401 spirituum

2213 1421 2371 1477 turba
2399 1422 2682 1493 disparuit.
2713 1422 2932 1478 Judaus
2964 1438 3095 1478 vero
3121 1425 3214 1493 qui
3247 1425 3364 1480 haec
3391 1423 3620 1493 viderat,
3654 1424 3794 1481 illico

2209 1515 2464 1582 surrexit,
2504 1525 2665 1585 atque
2688 1515 2755 1570 ad
2798 1516 3109 1586 episc0pum
3148 1516 3252 1571 sub
3282 1515 3629 1573 festinatione
3678 1532 3793 1587 per-

2208 1605 2376 1661 venit.
2404 1606 2575 1672 Quem
2609 1608 2663 1661 in
2693 1606 2935 1663 Ecclesia
2965 1621 3062 1661 sua
3090 1608 3396 1676 reperiens,
3431 1623 3679 1663 seorsum
3712 1618 3791 1663 tu-

2211 1696 2272 1752 lit
2290 1737 2307 1766 ,
2336 1713 2441 1767 qua
2485 1698 2779 1754 tentatione
2804 1708 3084 1769 urgeretur
3113 1699 3405 1771 inquisivit.
3438 1700 3537 1756 Cui
3562 1701 3794 1758 confiteri

515 1797 592 1856 τίς
618 1792 721 1873 ἄρα
746 1799 884 1852 ἐστίν
912 1797 937 1852 ὀ
967 1799 1017 1851 ἐν
1036 1807 1108 1868 τῷ
1130 1806 1234 1873 ναῷ
1257 1800 1429 1855 αὐτῶν
1453 1800 1800 1859 κατακλιθῆναι
1827 1800 2105 1873 τολμήσας.

2217 1788 2500 1862 episcopus
2556 1793 2903 1848 tentationem
2969 1806 3119 1848 suam
3165 1793 3556 1848 verecundatus
3609 1794 3792 1849 noluit.

513 1896 624 1944 Τῶν
671 1888 726 1944 δὲ
768 1899 1002 1966 πονηρῶν
1044 1895 1352 1964 πνευμάτων
1390 1894 1520 1969 πρὸς
1547 1896 1700 1950 αὐτὸν
1730 1895 1996 1961 ἐλθόντων,
2027 1897 2113 1950 καί

514 1981 761 2052 ἐπιμελῶς
804 1986 1305 2055 καταμανθανόντων,
1354 1987 1658 2059 θεασάμενοι
1710 1986 1862 2042 αὐτὸν
1913 1994 1986 2057 τῷ
2018 2010 2114 2047 σησ-

514 2077 638 2147 μείῳ
652 2080 744 2130 τοῦ
756 2084 984 2153 σταυροῦ
1010 2080 1431 2155 ἐσφραγισμένον,
1451 2080 1807 2149 θαυμάσαντες
1833 2075 1992 2134 εἴτι-ον’
2016 2083 2112 2134 Βά-

513 2167 622 2234 ϐαι,
644 2174 826 2229 σκεῦος
842 2179 864 2207 ε
879 2168 1137 2248 σάϐουρόν
1154 2172 1241 2226 καὶ
1259 2173 1656 2245 ἐσφραγισμένον
1674 2172 1818 2247 ύπάρ
1824 2192 1932 2243 χει.
1951 2179 2111 2229 Τοῦτο

513 2258 567 2316 δὲ
593 2264 755 2317 αὐτῶν
780 2264 1129 2333 μηνυσὸωτων,
1161 2270 1308 2320 πᾶσα
1330 2266 1484 2324 ἐκείνη
1513 2267 1544 2324 ή
1573 2274 1672 2321 τῶν
1699 2273 1929 2343 πονηρῶν
1958 2286 2112 2321 πνευ-

512 2357 684 2423 μάτων
700 2361 917 2431 ταραχή
948 2355 1167 2429 ἄφαντος
1186 2359 1404 2431 γέγονεν.
1436 2366 1491 2410 ‘0
1527 2358 1580 2415 δέ
1609 2356 1858 2418 Ἰουδαῖος
1886 2357 1911 2414 ό
1943 2364 2111 2415 ταῦτα

523 2447 855 2517 θεασάμενος,
880 2448 1059 2510 εύθίως
1087 2450 1298 2515 ἀνέστη,
1341 2452 1424 2505 καί
1448 2449 1577 2526 πρὸς
1609 2449 1693 2504 τόν
1720 2450 1999 2507 ἐπίσκοπον
2022 2471 2113 2521 με·

512 2537 581 2592 τὰ
606 2535 838 2597 σπουδῆς
862 2539 1173 2593 κατέϐαινεν.
1204 2539 1282 2594 Ἐν
1325 2538 1379 2595 δὲ
1424 2548 1487 2615 τῇ
1535 2538 1774 2615 ἐκκλησίᾳ
1800 2546 1985 2597 τοῦτον
2024 2545 2111 2595 εύ-

513 2630 631 2705 ρὼν,
666 2628 777 2683 κατ’
805 2627 935 2684 ὶδίαν
984 2630 1134 2686 αὐτόν
1179 2630 1369 2698 ἔλαϐε,
1423 2634 1509 2686 καί
1560 2630 1684 2707 παρ’
1726 2634 1887 2688 αὐτοῦ
1933 2634 2112 2703 μαθεῖν

512 2718 745 2783 ἐπεζήτει
794 2723 921 2790 ποίῳ
968 2731 1245 2801 πειρασμῷ
1287 2723 1595 2794 συνέχεται.
1642 2721 1701 2777 Ὀ
1736 2722 1791 2779 δὲ
1835 2726 2109 2786 ἐπίσκοπος

514 2807 828 2882 αἰδούμενος,
860 2814 947 2868 οὐκ
973 2814 1113 2875 ἤθελε
1137 2816 1220 2870 τὸν
1249 2814 1432 2871 ἑαυτοῦ
1461 2818 1743 2893 πειρασμόν
1774 2814 2107 2891 ὁμολογῆσαι.

512 2902 635 2959 Τότε
659 2903 684 2959 6
713 2902 947 2968 Ἰουδαῖος
968 2902 1128 2962 εἶπεν·
1154 2909 1296 2979 Ούχὶ
1318 2915 1380 2982 τῇ
1410 2914 1503 2963 τοῦ
1532 2914 1661 2962 Θεοῦ
1702 2907 1855 2982 δούλῃ
1882 2918 1944 2984 τῇ
1974 2907 2111 2983 δείνᾳ

510 2992 722 3070 αἰσχρῷ
762 2998 901 3069 πόθῳ
929 3001 1053 3060 τοὺς
1083 2999 1366 3071 ὀφθαλμοὺς
1407 3001 1787 3077 ἐπεστήρισας;
1819 3000 1877 3055 '0
1919 3000 1973 3057 δὲ
2002 3004 2113 3058 ἐπί-

511 3104 700 3147 σκοπος
730 3091 818 3143 καὶ
862 3089 946 3143 ἐπί
986 3090 1191 3151 τούτοις
1233 3085 1263 3127 ἀ
1294 3094 1508 3164 ἠρνεῖτο.
1542 3094 1779 3167 Προσθείς
1819 3090 1871 3148 δέ
1908 3092 1935 3147 6
1979 3092 2107 3148 ’1ου-

2214 1882 2347 1939 Cum
2379 1899 2508 1940 vero
2552 1885 2888 1941 ille‘diceret
2916 1886 3059 1955 quod
3090 1886 3147 1941 in
3182 1885 3269 1940 illa
3319 1886 3407 1940 tali
3458 1887 3553 1942 Dei
3602 1888 3794 1945 famula

2212 1976 2359 2047 pravi
2387 1978 2591 2033 amoris
2618 1978 2803 2032 oculos
2832 1977 3129 2049 iniecisset,
3181 1988 3344 2050 atque
3392 1981 3567 2035 adhuc
3593 1981 3797 2049 episco-

2214 2082 2315 2138 pus
2343 2078 2582 2138 negaret,
2614 2067 2879 2137 adjunxit,
2911 2068 3097 2125 dicens
3126 2086 3137 2122 :
3162 2070 3343 2136 Quare
3371 2084 3535 2140 negas
3564 2071 3711 2142 quod
3732 2073 3795 2126 in-

2212 2156 2464 2226 quireris,
2497 2158 2588 2228 qui
2617 2158 2682 2211 ad
2712 2158 2817 2213 hoc
2845 2174 3016 2229 usque
3060 2174 3283 2229 vespere
3308 2160 3564 2217 hesterno
3606 2163 3798 2231 perdu-

2212 2258 2334 2303 ctus
2363 2263 2443 2317 es,
2476 2259 2535 2303 ut
2566 2252 2865 2318 posteriora
2910 2250 3051 2307 illius
3081 2251 3231 2322 alapa
3279 2252 3510 2308 ferires?
3560 2254 3639 2307 Ad
3690 2270 3798 2325 qua:

2213 2358 2464 2399 nimirum
2511 2346 2675 2400 verba
2720 2346 3118 2415 deprehensum
3146 2364 3206 2404 se
3238 2350 3526 2421 episcopus
3552 2353 3796 2421 intuens,

2212 2432 2489 2491 humiliter
2554 2435 2834 2493 confessus
2890 2448 2973 2494 est
3034 2440 3177 2510 quod
3247 2443 3395 2511 prius
3455 2444 3799 2512 pertinaciter

2212 2529 2447 2597 negavit.
2490 2527 2655 2601 Cujus
2695 2530 2863 2586 ruinae
2905 2540 2961 2587 et
3008 2533 3345 2589 verecundia
3390 2535 3532 2591 idem
3580 2538 3797 2592 Judaeus

2212 2620 2524 2689 consulens,
2556 2623 2785 2692 qualiter
2815 2623 2917 2679 hoc
2945 2626 3313 2695 cognovisset,
3343 2626 3427 2683 vel
3454 2643 3574 2697 qua:
3598 2629 3649 2683 in
3680 2644 3797 2685 con-

2210 2723 2373 2768 ventu
2402 2714 2758 2783 malignorum
2802 2716 3086 2786 spirituum
3130 2717 3199 2773 de
3237 2732 3304 2773 eo
3344 2719 3677 2787 audivisset,
3725 2722 3797 2777 in-

2210 2805 2427 2861 dicavit.
2456 2806 2611 2873 Quod
2638 2808 2731 2863 ille
2759 2823 3081 2880 agnoscens,
3127 2824 3187 2865 se
3216 2810 3284 2865 ad
3313 2818 3513 2866 terram
3546 2813 3789 2881 protinus

2212 2898 2266 2953 in
2298 2900 2600 2955 orationem
2631 2901 2799 2957 dedit.
2833 2904 3065 2973 Moxque
3086 2903 3155 2960 de
3196 2918 3294 2960 suo
3344 2904 3650 2961 habitaculo
3697 2921 3795 2962 non

2210 2991 2383 3047 solum
2422 2993 2667 3049 eamdem
2712 2994 2805 3048 Dei
2850 2994 3137 3063 famulam,
3190 2997 3287 3053 sed
3336 3011 3555 3053 omnem
3586 3012 3796 3069 quoque

2212 3083 2491 3152 feminam,
2541 3101 2660 3155 quae
2692 3086 2746 3140 in
2776 3086 2893 3158 ejus
2924 3088 3033 3143 illic
3060 3089 3321 3159 obsequio
3351 3088 3667 3157 habitabat,
3713 3104 3795 3146 ex-

510 3170 679 3242 δαῖος,
709 3173 820 3233 εἷπε
839 3192 854 3208 ⁸
891 3180 982 3234 Διά
1006 3180 1057 3235 τί
1084 3181 1321 3253 ἅρνεῖσαι
1346 3178 1470 3259 ὅπερ
1512 3183 1635 3255 παρ’
1665 3184 1785 3251 ἐμοῦ
1818 3183 2109 3255 ἐρωτᾶσαις

2218 3177 2370 3245 pulit.
2399 3178 2456 3232 In
2481 3178 2673 3234 eodem
2696 3193 2827 3234 vero
2853 3180 3054 3250 templo
3086 3181 3374 3251 Apollinis,
3404 3182 3545 3238 beati
3575 3183 3795 3239 Andre:

509 3268 630 3340 ούχί
658 3271 821 3346 μέχρι
849 3268 1034 3327 τούτου
1073 3274 1423 3343 κατηνέχθης,
1467 3270 1544 3327 ὅτι
1584 3273 1712 3343 χθές
1741 3274 1867 3352 πρὸς
1889 3274 2113 3350 ἑσπέραν

511 3370 618 3423 τοῖς
646 3366 839 3426 ταύτης
862 3368 1112 3427 ὀπισθίοις
1137 3367 1377 3437 ἐμπαθῶς
1416 3375 1480 3443 τῇ
1513 3369 1655 3439 χειρί
1688 3388 1785 3423 σου
1829 3373 2115 3442 προσήγγι-

511 3470 645 3517 cur;
673 3454 801 3510 Τότε
825 3455 850 3509 6
878 3457 1151 3518 ἐπίσκοπος
1187 3465 1296 3519 τοῖς
1325 3456 1509 3514 τούτου
1549 3460 1749 3533 ῥήμασι
1777 3458 2109 3535 διελεγχθεὶς,

512 3548 646 3615 μετά
673 3548 846 3607 πάσης
867 3553 1329 3625 ταπεινοφροσύνης
1366 3552 1683 3625 ὡμολόγησεν
1704 3596 1716 3617 ,
1762 3552 1892 3629 ὅπερ
1927 3556 2113 3631 πρότε-

512 3658 598 3711 ρον
631 3647 854 3714 στερεῶς
875 3647 1096 3717 ἠρνεῖτο.
1133 3644 1297 3698 Θίλων
1332 3643 1386 3699 δὲ
1416 3644 1442 3699 ό
1470 3643 1713 3706 Ἰουδαῖος
1736 3652 1825 3706 τήν
1853 3649 2107 3718 αἰσχύνην

512 3738 602 3788 τοῦ
652 3734 943 3805 σφάλματος
990 3740 1144 3792 αὐτοῦ
1188 3741 1683 3812 παραμυθήσασθαι,
1732 3742 1918 3817 ἤρξατο
1969 3741 2109 3817 αύτῷ

513 3822 796 3897 διηγεῖσθαι
818 3834 929 3889 πῶς
974 3834 1129 3885 τοῦτο
1173 3826 1372 3903 διέγνω,
1418 3833 1501 3885 καὶ
1538 3830 1696 3887 ὁποῖα
1723 3838 1843 3909 περί
1879 3836 2034 3891 αὐτοῦ
2063 3837 2111 3890 ἐν

512 3924 585 3986 τῷ
613 3920 973 3993 συναθροῐσμῷ
993 3926 1093 3976 τῶν
1120 3928 1354 3997 πονηρῶν
1378 3924 1684 3992 πνευμάτων
1709 3925 1910 3983 ἀκήκοε.
1934 3933 2111 3982 Ταῦτα

512 4006 567 4064 δὲ
605 4009 631 4064 6
669 4011 949 4073 ἐπίσκοπος
982 4014 1212 4076 ἀκούσας
1246 4017 1333 4070 καί
1373 4016 1639 4090 ἓπιγνούς,
1670 4018 1852 4079 εύθέως
1882 4022 1929 4073 ἐν
2044 4029 2109 4096 γῇ

512 4104 850 4175 κατακλιθείς,
880 4106 1063 4163 ἑαυτὸν
1091 4111 1166 4168 εἰς
1194 4108 1353 4179 εὐχήν
1384 4106 1587 4164 δέδωκε.
1619 4119 1951 4185 Παραχρῆμα
1986 4110 2036 4166 δέ
2058 4113 2112 4165 ἐκ

2217 3270 2445 3339 apostoli
2493 3280 2715 3340 repente
2761 3272 3055 3327 oratorium
3103 3271 3263 3339 fecit,
3294 3284 3456 3345 atque
3512 3277 3663 3330 omni
3714 3273 3793 3329 illa

2220 3362 2515 3416 tentatione
2545 3360 2722 3417 carnis
2760 3362 3002 3418 funditus
3033 3364 3226 3419 caruit.
3254 3364 3497 3420 Judaeum
3541 3381 3692 3432 vero,
3723 3380 3797 3419 cu-

2215 3455 2302 3525 jus
2332 3455 2541 3510 visione
2570 3463 2731 3526 atque
2761 3457 3130 3527 increpatione
3156 3458 3392 3513 salvatus
3421 3468 3525 3525 est,
3551 3458 3621 3513 ad
3653 3466 3798 3513 atter-

2218 3562 2341 3602 nam
2373 3549 2603 3605 salutem
2634 3551 2813 3604 traxit.
2844 3549 2977 3605 Nam
2998 3534 3347 3606 sacramentis
3378 3552 3499 3606 Iidei
3520 3551 3795 3613 imbutum,

2218 3648 2378 3710 atque
2405 3657 2541 3712 aqua
2585 3643 2923 3712 baptismatis
2953 3644 3322 3710 emundatum,
3367 3644 3434 3699 ad
3462 3655 3669 3699 sancta:
3701 3644 3793 3697 Ec-

2218 3732 2397 3788 clesia;
2419 3734 2681 3803 gremium
2723 3734 2996 3804 perduxit.
3030 3734 3226 3805 Sicque
3270 3738 3464 3791 factum
3493 3745 3577 3791 est
3620 3744 3679 3790 ut
3706 3735 3797 3789 He-

2217 3824 2393 3881 braeus
2416 3828 2580 3895 idem,
2614 3827 2740 3882 dum
2768 3828 2929 3883 saluti
2957 3832 3149 3885 aliena:
3176 3830 3461 3893 consuluit,
3495 3830 3798 3909 perveniret

2219 3921 2286 3975 ad
2312 3908 2485 3989 suam,
2517 3931 2572 3978 et
2597 3922 2937 3992 omnipotens
2979 3923 3122 3979 Deus
3170 3924 3293 3979 inde
3332 3925 3558 3978 alterum
3608 3923 3677 3976 ad
3711 3923 3798 3974 bo-

2218 4028 2343 4070 nam
2375 4016 2537 4070 vitam
2567 4016 2889 4086 perduceret
2916 4056 2932 4084 ,
2982 4016 3122 4072 unde
3152 4018 3204 4073 in
3236 4017 3374 4074 bona
3427 4016 3532 4070 vita
3575 4015 3797 4071 alterum

2221 4109 2564 4165 custodisset.

511 4201 600 4251 τοῦ
627 4196 975 4265 ἐπισκοπείου,
1009 4192 1072 4254 οὔ
1098 4201 1249 4274 μόνον
1276 4205 1367 4261 τὴν
1396 4208 1485 4257 τοῦ
1515 4208 1639 4258 Θεοῦ
1678 4201 1859 4263 δούλην
1899 4205 2103 4269 ἐκείνην,
2150 4203 2272 4261 ἀλλὰ
2308 4208 2393 4260 καὶ
2445 4211 2619 4260 πᾶσαν
2658 4206 2874 4271 θηλείαν,
2907 4208 3066 4281 ἥνπερ
3108 4208 3180 4269 εἷς
3208 4205 3294 4265 τήν
3329 4208 3483 4266 αὐτῆς
3521 4203 3799 4279 ὑπουργίαν

512 4283 676 4360 εἶχεν,
706 4292 1009 4360 ἀπεϐάλετο,
1035 4295 1120 4351 τόν
1149 4294 1203 4350 δέ
1232 4295 1348 4351 ναὸν
1375 4304 1463 4352 τοῦ
1490 4296 1796 4359 ’Λπόλλωνος
1841 4300 2099 4376 εύκτήριον
2135 4304 2225 4352 τοῦ
2262 4301 2516 4373 μακαρίου
2539 4308 2561 4334 °
2588 4297 2817 4370 ’Δνδρέου
2846 4306 2936 4354 τοῦ
2968 4297 3273 4354 Ἁποστόλου
3304 4300 3595 4356 πεποίηκεν.
3620 4294 3798 4352 ’Δπηλο

509 4380 638 4456 λάγη
669 4382 723 4439 δὲ
750 4393 841 4444 τοῦ
862 4396 953 4448 τῆς
984 4390 1172 4462 σαρκὸς
1205 4392 1358 4446 αὐτοῦ
1399 4399 1692 4467 πειρασμοῦ
1713 4431 1727 4457 ,
1759 4394 1945 4469 χάριτι
1987 4400 2114 4449 Θεοῦ
2144 4395 2400 4456 παντελῶς
2438 4396 2487 4458 ἐξ
2528 4398 2682 4449 αὑτοῦ
2724 4396 3075 4454 άπελαθέντος.
3123 4394 3216 4448 Τόν
3248 4391 3299 4447 δέ
3335 4380 3700 4445 ἰουδαίονντόν
3726 4387 3803 4444 διὰ

510 4486 601 4541 τῆς
630 4480 884 4540 ὀπτασίας
921 4487 1102 4537 τοῦτον
1130 4483 1415 4555 ἐλέγξαντα,
1442 4486 1569 4560 πρὸς
1596 4490 1686 4544 τὴν
1720 4487 1915 4543 αἰώνιον
1963 4488 2218 4564 σωτηρίαν
2249 4487 2603 4542 ἐπεσπάσατο.
2651 4489 2726 4540 Τὰ
2750 4488 2846 4564 γὰρ
2876 4490 3131 4562 μυστήρια
3151 4493 3243 4544 τῆς
3263 4485 3488 4543 πίστεως
3526 4489 3707 4538 τοῦτον
3736 4479 3803 4535 δι·

510 4566 688 4635 δάξας,
717 4572 804 4626 καί
826 4566 900 4641 τῷ
928 4567 1022 4627 τοῦ
1049 4573 1410 4644 βαπτίσματος
1448 4573 1600 4631 ὕδατι
1627 4577 1931 4652 καθαρίσας,
1957 4580 2027 4640 εἰς
2056 4580 2141 4633 τόν
2169 4586 2261 4638 τῆς
2288 4578 2434 4652 όιγίας
2479 4580 2741 4639 ἐκκλησίας
2770 4579 2952 4634 κόλπον
2988 4579 3190 4652 ἤγαγεν.
3220 4575 3366 4632 Οὕτω
3393 4579 3560 4632 τοίνυν
3589 4578 3801 4649 γέγονεν.

512 4664 642 4716 ὥστε
679 4664 767 4718 τόν
805 4663 1038 4738 Ἑϐραῖον
1069 4665 1154 4721 τὸν
1177 4667 1249 4726 εἰς
1282 4664 1301 4704 ί
1333 4671 1424 4725 τήν
1452 4668 1626 4745 ἐτέρου
1662 4677 1920 4747 σωτηρίαν
1950 4676 2325 4749 συντρέχοντα,
2359 4679 2431 4735 εἰς
2458 4680 2548 4735 τήν
2578 4673 2704 4729 ἰδίαν
2732 4682 3068 4733 καταντῆσαι.
3095 4675 3183 4727 Καὶ
3211 4672 3237 4727 6
3274 4670 3666 4742 παντοδύναμος
3692 4671 3803 4729 Θεὸς

511 4755 563 4808 ἐκ
600 4759 782 4813 τούτου
827 4759 999 4834 ἕτερον
1036 4761 1109 4821 ει⁹ς
1148 4766 1278 4827 ζωήν
1308 4764 1498 4838 ἀγαθήν
1534 4766 1740 4841 ἤγαγεν,
1775 4766 1887 4822 ὅθεν
1911 4766 2055 4823 ἄλλον
2077 4771 2126 4823 ἐν
2301 4771 2619 4842 φυλαχθῆναι
2643 4770 2937 4829 ηὐδόκησεν.

583 4860 753 4905 IETP.
787 4850 948 4911 τοῦτο
986 4856 1045 4911 τό
1095 4859 1298 4932 γεγονός
1336 4865 1554 4935 πρᾶγμα
1603 4859 1731 4935 ὅπερ
1778 4862 1987 4931 ἀκήκοα,
2025 4865 2111 4920 καί

2294 4863 2461 4917 Pera.
2496 4864 2603 4918 lies
2626 4862 2743 4919 bzec
2770 4871 2917 4933 gesta
2946 4874 3104 4931 quam
3134 4858 3334 4926 audivi,
3366 4865 3419 4912 et
3447 4866 3649 4912 metum
3681 4852 3805 4909 mihi

514 4940 665 5012 φόϐον
694 4964 782 5013 μοι
807 4949 1034 5019 παρέχει
1059 4952 1144 5006 καί
1172 4948 1349 5007 ἐλπίδα
1378 4954 1652 5030 σωτηρίας-

583 5046 821 5092 [ῬΗΓΟΡ.
866 5040 1015 5097 Οὕτω
1055 5045 1141 5101 καί
1167 5043 1375 5121 ἁρμόζει
1423 5054 1489 5119 τῇ
1536 5053 1629 5102 τοῦ
1677 5054 1806 5103 Θεοῦ
1855 5051 1992 5120 ἡμᾶς
2033 5052 2112 5105 εύ-

514 5127 821 5207 σπλαγχνίᾳ
849 5134 1069 5191 πάντοτε
1097 5144 1124 5183 8
1150 5140 1468 5207 πεποιθέναι,
1497 5142 1579 5196 καί
1608 5145 1697 5200 τήν
1730 5144 1978 5218 ήμετέραν
2005 5141 2108 5199 δει-

516 5215 625 5313 λιάν
647 5222 928 5281 ἀσθένειαν.
958 5224 1081 5284 Ἰδού
1109 5232 1208 5310 γάρ
1236 5235 1320 5290 καί
1346 5239 1437 5295 τήν
1458 5230 1553 5295 τοῦ
1581 5215 1899 5311 παραδείσου
1934 5236 2111 5313 κέδρον

512 5308 853 5375 σαλευθεῖσαν
901 5308 1220 5396 ἠκούσαμεν,
1272 5326 1378 5383 ἀλλ’
1418 5328 1508 5383 οὐκ
1553 5308 1930 5400 ἐκριξωθεῐσανο
1976 5308 2119 5398 ὅπως

591 5461 621 5493 ι
647 5453 724 5537 De
746 5456 845 5537 hac
870 5475 1005 5537 voce
1028 5465 1254 5537 ejusque
1280 5465 1485 5537 origine
1508 5466 1625 5523 fuse
1647 5467 1861 5525 disserit
1881 5467 2109 5525 doctiss.

522 5524 757 5605 Ca_ngi_us
778 5530 832 5585 in
862 5524 1191 5601 Gloss.'Gr.',
1223 5524 1393 5605 queui
1412 5540 1648 5596 consule.

588 5594 618 5686 ξ
642 5599 774 5686 £13.,
794 5611 1128 5686 στενοχωρία
1149 5594 1393 5666 κατέστη.

590 5676 614 5706 ⁸
642 5669 756 5751 Χοι
791 5669 1205 5751 Graecoiia'rbara
1249 5694 1277 5732 a
1317 5682 1530 5751 saburra
1580 5681 1839 5751 derivata,
1897 5698 2112 5739 uacuum

516 5740 858 5815 signiﬁcans;
902 5749 1042 5814 quod
1075 5763 1239 5803 naves
1277 5750 1499 5804 saburra
1548 5766 1643 5807 seu
1687 5740 1849 5809 arena
1877 5764 2112 5810 oneratae

518 5823 703 5867 vacua:
761 5828 1099 5876 censeantur.
1156 5820 1231 5876 De
1276 5836 1338 5877 ea
1374 5822 1566 5893 legesis
1607 5822 1886 5896 Cangium.
1922 5827 1978 5882 In
2010 5826 2115 5887 Me,

2220 4955 2421 5027 praebet
2447 4964 2502 5011 et
2530 4969 2703 5026 spem.

2294 5050 2538 5106 Gnaeos.
2572 5048 2767 5119 Utique
2815 5048 2893 5102 sic
2921 5053 3134 5118 oportet
3161 5052 3218 5099 et
3240 5043 3310 5100 de
3338 5041 3431 5097 Dei
3464 5055 3564 5096 nos
3600 5050 3804 5106 semper

2219 5146 2565 5202 miseratione
2615 5143 2913 5208 conﬁdere,
2945 5150 2998 5197 et
3027 5140 3095 5197 de
3124 5149 3303 5195 nostra
3334 5136 3648 5192 infirmitate
3698 5132 3804 5185 for-

2219 5240 2444 5296 midare.
2476 5240 2617 5297 Ecce
2646 5238 2789 5295 enim
2822 5236 3055 5308 paradisi
3086 5234 3302 5290 cedrum
3345 5243 3662 5287 concussam
3713 5237 3804 5278 au-

2224 5333 2472 5403 divimus,
2506 5335 2603 5391 sed
2633 5348 2740 5390 non
2772 5332 3037 5397 evulsam,
3089 5337 3352 5400 quatenus
3378 5322 3606 5379 infirmis
3658 5314 3807 5374 nobis

2223 5468 2584 5581 Regulegitur
2610 5474 2749 5527 κενὸν
2768 5470 3089 5581 καίὲσαπρόν.

2402 5560 2425 5581 ει
2502 5548 2757 5581 ληνέων-..
2889 5565 2937 5581 η,
2964 5564 3010 5581 .-.
3035 5561 3089 5581 m

2350 5537 2473 5619 bis;
2502 5548 2827 5619 ἠρνήσατο...
2856 5542 2938 5599 δια
2964 5537 3015 5597 τί
3035 5543 3160 5615 ἀρνῇ
3186 5537 3332 5615 ὅπερ.

2296 5625 2321 5692 ξ
2465 5657 2478 5681 ,
2507 5616 2717 5692 Πέτρου.

2244 5682 2267 5693 “
2301 5684 2321 5722 ί
2357 5686 2479 5754 Μ8.,
2508 5693 2580 5749 εἰς
2603 5682 2693 5742 τοῦ
2716 5688 2906 5758 ἐτέρου.

2297 5768 2321 5804 κ
2354 5757 2495 5812 Ειιὶι.
2528 5760 2717 5829 Vatic.,
2741 5757 3082 5818 πεποιηκέναι.
