3998 6356
195 275 296 333 233

1399 263 1848 325 DIALOGORUM
1889 263 2090 323 LIBER
2130 263 2198 322 lli

3354 268 3457 327 254

193 391 333 450 etde
379 384 497 462 ejus
545 389 903 447 concussione
948 393 1202 449 nascatur
1225 385 1409 453 timor,
1453 394 1509 442 et
1539 385 1607 440 de
1655 385 1774 455 ejus

1896 361 1984 444 τοῖς
2015 378 2312 438 ἀσθενοῦσιν
2332 381 2473 450 ἡμῖν,
2508 373 2592 434 διά
2612 381 2702 451 μὲν
2721 385 2812 440 τῆς
2837 378 3120 443 σαλεύσεως
3139 383 3296 448 αὐτῆς
3313 387 3463 461 φόϐος

204 483 475 547 stabilitate
504 482 722 539 ﬁducia.

773 575 1000 634 CAPUT
1039 573 1179 630 VIII.

370 669 447 725 De
469 677 495 707 ι
521 667 822 724 Constantio
851 669 1068 738 Aquiuw
1095 663 1315 721 civitatis
1344 663 1598 734 episcopo.

261 763 417 836 293
463 761 563 816 Vir
613 777 825 832 quoque
873 759 1202 817 venerabilis
1251 757 1376 812 vitae
1422 753 1777 812 Constantius

193 858 408 926 Aquiuae
437 855 668 910 civitatis
694 855 977 925 episcopus
1008 854 1129 919 fuit,
1161 851 1254 923 qui
1281 864 1453 919 nuper
1477 848 1780 919 praedeces-

192 949 321 1004 soris
350 949 452 1003 mei
494 956 733 1018 tempore
770 947 941 1002 beatae
989 945 1270 1001 memoriae
1292 941 1320 981 δ
1353 940 1576 998 Joannis
1626 954 1780 1009 papa:

192 1041 471 1098 defunctus
520 1049 625 1095 est.
677 1039 833 1095 Hunc
884 1038 1183 1109 prephetia:
1233 1035 1485 1091 habuisse
1532 1033 1779 1104 spiritum

192 1131 344 1186 multi
369 1138 650 1195 testantur,
681 1129 772 1199 qui
792 1144 914 1184 eum
946 1128 1283 1183 familiariter
1302 1127 1444 1182 scire
1465 1133 1777 1194 potuerunt.

191 1220 356 1290 Cujus
400 1223 536 1276 inter
578 1221 744 1276 multa
791 1219 892 1275 hoc
941 1219 1123 1275 ferunt
1169 1217 1405 1287 religiosi
1457 1229 1781 1285 veracesque

191 1313 287 1369 viri
317 1313 408 1384 qui
441 1323 734 1384 prasentes
765 1311 1022 1377 fuerunt,
1068 1312 1212 1382 quod
1261 1311 1314 1366 in
1360 1310 1450 1366 die
1488 1308 1668 1365 obitus
1697 1307 1780 1362 sui

192 1421 310 1464 cum
359 1422 388 1461 a
437 1405 908 1463 circumstantibus
950 1405 1159 1462 civibus
1209 1413 1397 1476 utpote
1444 1403 1781 1460 discessurus

191 1501 353 1560 Pater
396 1511 503 1557 tam
541 1498 786 1555 amabilis
837 1501 1175 1556 amarissime
1223 1499 1600 1570 plangeretur,
1657 1510 1782 1551 eum

192 1593 372 1649 ﬂendo
399 1593 774 1662 requisieruut,
806 1591 1048 1648 dicentes
1074 1609 1089 1648 :
1122 1593 1295 1659 Quem
1330 1601 1452 1662 post
1481 1599 1567 1656 te,
1597 1589 1781 1659 Pater,

193 1683 544 1742 habebimus?
559 1683 765 1753 Quibus
793 1685 906 1754 ipse
923 1685 1083 1741 Pater
1098 1700 1194 1752 per
1217 1683 1515 1756 prophetia:
1536 1684 1782 1755 spiritum

1876 478 2098 548 γένηται,
2130 476 2316 553 θάρσος
2341 473 2394 530 δέ
2418 472 2501 530 διά
2523 478 2613 533 τήν
2640 476 2796 536 αὐτῆς
2826 476 3200 546 σταθηρότητα.

2401 565 2562 638 294
2605 576 2818 624 ama.
2859 565 2924 623 ιε’.

2021 665 2138 738 Περὶ
2166 665 2521 720 Κωνσταντίου
2551 662 2826 718 ἐπισκόπου
2854 663 3049 724 πόλεως
3085 664 3318 718 Δκυίνου.

1949 749 2092 828 ’Δνήρ
2132 776 2210 816 τις
2253 755 2385 809 πάνυ
2423 751 2437 788 ί
2471 763 2534 830 τῇ
2565 760 2667 830 ζωῇ
2694 754 3099 819 εύλαϐἐστατος,
3126 755 3470 819 κωνστάντιος

1878 843 2120 916 τοῦνομα,
2155 848 2430 909 ἐπίσκοπος
2458 855 2549 908 τῆς
2577 846 2798 902 ’Λκυίνου
2825 847 3017 909 πόλεως
3039 848 3301 926 τῦπῆρχεν,
3324 848 3468 912 ὅστις

1879 939 1937 994 ού
1956 940 2058 1014 πρὸ
2086 938 2271 994 πολλοῦ
2303 940 2495 1010 χρόνου
2525 941 2610 995 ἐπί
2634 947 2725 996 τοῦ
2753 941 3179 1016 προηγησαμένου
3207 962 3270 1012 με
3297 940 3467 998 Ἰωάν-

1879 1049 1969 1085 νου
2014 1038 2106 1086 τοῦ
2145 1033 2192 1086 ἐν
2233 1035 2460 1108 μακαρίᾳ
2617 1039 2788 1107 μνήμη
2827 1037 3090 1107 γενομένου
3128 1035 3468 1110 πατριάρχου

1881 1123 2198 1182 ἐτελεύτησε.
2227 1132 2413 1179 Τοῦτον
2440 1126 2750 1198 προφητείας
2781 1128 3049 1198 ἐσχηκέναι
3077 1128 3321 1202 χάρισμα
3347 1130 3470 1184 πολ·

1881 1213 1958 1269 λοί
1987 1221 2358 1292 μαρτυροῦσιν,
2386 1217 2430 1269 οἷ
2459 1216 2595 1270 πάνυ
2622 1218 2781 1278 καλῶς
2809 1220 2966 1274 αὐτὸν
2999 1220 3345 1292 ἐπιστάμενοι,
3378 1221 3470 1276 ἄν·

1883 1305 2001 1384 δρες
2029 1307 2246 1366 ἀληθινοί
2273 1313 2353 1363 καί
2392 1306 2685 1373 σπουδαῖοι,
2717 1310 2895 1370 οἵτινες
2920 1306 3034 1380 ὄψει
3057 1313 3304 1384 παρόντες
3335 1312 3470 1386 άπερ

1883 1398 2151 1473 διηγοῦντο
2181 1402 2459 1455 θεάσασθαι
2487 1400 2722 1472 ἔφασκον.
2771 1406 2965 1458 Τούτου
2996 1404 3045 1456 ἐν
3175 1405 3337 1479 ἡμέρᾳ
3378 1415 3471 1468 τῆς

1882 1493 2121 1554 τελευτῆς
2167 1495 2320 1550 αὐτοῦ
2368 1494 2619 1558 ἐλθόντος,
2649 1496 2836 1558 πάντες
2865 1497 2910 1549 οἱ
2942 1505 3034 1556 τῆς
3074 1497 3270 1557 πόλεως
3313 1499 3470 1554 αὐτοῦ

1883 1586 2116 1652 πολίται,
2146 1587 2212 1646 ὥς
2242 1587 2576 1656 ποθεινοτάτῳ
2608 1588 2791 1660 πατρί,
2829 1589 2912 1643 καί
2945 1586 3038 1646 ’ἤδη
3078 1588 3319 1660 τελευτᾷν
3347 1591 3470 1660 μέλ-

1885 1675 2040 1744 λοντι,
2070 1685 2401 1753 παρεστῶτες
2435 1677 2582 1732 αὐτόν
2628 1675 2818 1733 ἔκλαιον
2836 1718 2851 1743 ,
2888 1678 3134 1740 κλαίοντες
3160 1678 3214 1735 δέ
3244 1684 3474 1756 ἠρώτουν

193 1779 486 1849 respondit,
512 1778 737 1834 dicens:
763 1778 892 1833 Post
909 1777 1302 1843 Constantium,
1318 1777 1632 1842 mulionem;
1657 1784 1777 1845 post

1896 1771 2045 1832 ὠτόν,
2075 1769 2320 1842 λέγοντες·
2353 1773 2472 1824 Τίνα
2491 1771 2621 1839 μετὰ
2640 1790 2720 1836 σε,
2749 1771 2939 1846 πάτερ,
2967 1771 3178 1844 ποιμένα
3199 1774 3475 1844 ἐσχηκέναι

196 1869 796 1937 mulionem,fullonem.
809 1870 855 1926 0
873 1878 946 1936 te,
964 1870 1250 1940 Aquine,et
1263 1869 1363 1924 hoc
1377 1868 1561 1924 habes.
1574 1867 1777 1935 Quibus

192 1962 488 2032 prOphetiae
515 1961 693 2018 verbis
721 1962 910 2029 editis,
941 1963 1065 2017 vitm
1096 1961 1351 2032 spiritum
1381 1959 1652 2016 exhalavit
1679 1973 1777 2014 ex-

193 2061 445 2109 tremum.
479 2053 596 2122 Quo
648 2053 930 2120 defuncto,
977 2054 1098 2124 ejus
1141 2053 1398 2109 Ecclesia:
1449 2051 1778 2122 pastoralem

192 2144 428 2214 suscepit
461 2158 642 2199 curam
673 2144 920 2202 Andreas
946 2145 1208 2201 diaconus
1237 2145 1383 2200 illius
1407 2187 1423 2214 ,
1467 2145 1562 2214 qui
1604 2160 1778 2214 quon-

193 2232 307 2290 dam
345 2235 398 2290 in
426 2236 650 2292 stabulis
697 2237 950 2293 itinerum
999 2252 1214 2293 cursum
1255 2247 1568 2293 servaverat
1611 2251 1780 2307 equo-

192 2318 329 2382 rum.
364 2328 538 2398 Atque
567 2329 669 2385 hoc
699 2345 763 2384 ex
793 2331 891 2385 hac
914 2331 1021 2386 vita
1045 2330 1328 2400 subducto,
1352 2330 1420 2386 ad
1437 2331 1781 2400 episcOpatus

194 2418 439 2474 ordinem
481 2430 505 2460 ε
545 2419 772 2479 Jovinus
821 2423 1117 2479 accersitus
1165 2433 1288 2494 est,
1341 2424 1431 2493 qui
1485 2423 1538 2476 in
1593 2422 1780 2477 eadem

191 2512 324 2568 urbe
359 2511 487 2568 fullo
519 2514 710 2571 fuerat.
739 2515 856 2583 Quo
903 2515 1078 2571 adhuc
1124 2516 1415 2585 superstite
1436 2560 1450 2583 ,
1485 2515 1557 2569 ita
1601 2516 1780 2572 cuncti

191 2604 582 2662 inhabitatores
609 2608 844 2663 civitatis
877 2607 1020 2664 illius
1047 2616 1103 2663 et
1134 2608 1485 2663 barbarorum
1514 2606 1708 2677 gladiis
1729 2615 1785 2664 et

190 2696 510 2766 pestilentiae
538 2699 873 2754 immanitate
901 2698 1095 2754 vastati
1120 2707 1276 2765 sunt,
1307 2707 1365 2754 ut
1394 2708 1512 2768 post
1553 2705 1784 2753 mortem

191 2784 340 2842 illius
372 2802 471 2844 nec
507 2790 628 2860 quis
675 2791 959 2860 episcopus
1007 2789 1196 2856 ﬁeret,
1246 2805 1346 2847 nec
1389 2791 1584 2861 quibus
1634 2790 1787 2846 ﬁeret

190 2876 422 2934 inveniri
469 2882 749 2950 potuisset.
781 2883 871 2938 Sic
900 2886 1081 2954 itaque
1110 2885 1374 2954 completa
1426 2892 1509 2939 est
1537 2883 1638 2938 viri
1689 2883 1785 2939 Dei

188 2972 500 3042 sententia,
548 2985 810 3044 quatenus
859 2987 979 3046 post
1026 2976 1306 3032 decessum
1346 2976 1574 3032 duorum
1604 2991 1665 3032 se
1700 2991 1788 3033 se-

188 3068 476 3138 quentium
496 3067 613 3138 ejus
642 3070 876 3125 Ecclesia
909 3079 1179 3141 pastorem
1210 3071 1434 3127 minime
1464 3070 1708 3128 haberet.

1881 1862 2147 1933 μέλλομεν;
2191 1861 2318 1935 Πρός
2355 1859 2444 1922 οὓς
2471 1858 2557 1916 διὰ
2601 1867 2688 1915 τοῦ
2720 1870 2811 1922 τῆς
2839 1867 3150 1937 προφητείας
3179 1869 3471 1936 πνεύματος

1880 1956 2138 2032 ἀπεκρίθη,
2177 1954 2365 2025 λέγων·
2398 1956 2534 2009 Μετὰ
2565 1955 2903 2010 κωνστάντιον
2938 1955 2952 2004 i
2993 1957 3304 2032 σταυλάρην,
3345 1962 3478 2030 μετὰ

1881 2045 2175 2121 σταυλάρην
2196 2047 2390 2120 κναφέα.
2414 2048 2540 2101 Οὐαί
2563 2067 2668 2113 σοι,
2679 2047 2825 2108 πόλις
2846 2045 3069 2113 ’Λκυίνη,
3106 2048 3188 2107 ὅτι
3212 2054 3297 2106 καὶ
3324 2059 3478 2108 τοῦτο

1882 2136 2034 2211 ἴχεις
2055 2140 2349 2208 ὑπομεῖναι.
2373 2145 2551 2195 Ταῦτα
2569 2137 2656 2195 διὰ
2677 2147 2768 2200 τῆς
2795 2143 3105 2215 προφητείας
3127 2147 3284 2198 εἰπὼν
3302 2147 3364 2200 τά
3387 2150 3480 2221 ρήο

1882 2253 2023 2301 ματα
2036 2233 2094 2287 τὸ
2109 2238 2199 2292 τῆς
2219 2235 2350 2295 ζωῆς
2367 2232 2506 2292 τέλος
2518 2229 2740 2298 ἐδέξατο.
2765 2235 2962 2289 Τούτου
2985 2233 3038 2290 δὲ
3052 2235 3480 2305 τελευτήσαντος,

1881 2330 1971 2383 τήν
1996 2328 2325 2397 ποιμαντικήν
2359 2324 2596 2402 φροντίδα
2627 2334 2720 2385 τῆς
2763 2330 2925 2387 αὐτῆς
2967 2327 3233 2390 ἐκκλησίας
3275 2328 3480 2394 ἐδέξατο

1883 2415 2119 2494 ’Δνδρέας
2149 2415 2175 2472 ό
2200 2419 2384 2475 τούτου
2406 2415 2651 2482 διάκονος,
2683 2416 2826 2480 ὅστις
2847 2422 2972 2476 ποτέ
2983 2428 3083 2476 τῶν
3104 2432 3480 2500 στρατιωτικῶν

1884 2509 2105 2586 βερέδων
2128 2511 2248 2571 τούς
2273 2511 2531 2571 σταύλους
2549 2517 2648 2566 τῶν
2666 2511 2842 2568 ἶππων
2870 2513 3146 2584 ἐφύλασσε.
3176 2519 3268 2569 Καὶ
3295 2519 3480 2573 τούτου

1885 2602 1940 2662 δὲ
1969 2601 2022 2658 ἐκ
2049 2610 2142 2663 τῆς
2175 2600 2446 2676 παρούσης
2475 2607 2608 2667 ζωῆς
2653 2603 3102 2677 ὑποχωρήσαντος
3128 2643 3144 2669 ,
3177 2609 3246 2667 εἰς
3277 2609 3363 2663 τὸν
3391 2618 3480 2672 τῆς

1885 2697 2166 2755 ἐπισκοπῆς
2214 2695 2406 2770 βαθμὸν
2451 2694 2670 2757 ἰωεῖνος
2710 2691 2736 2734 κ
2769 2702 3114 2765 κατήντησεν,
3144 2697 3290 2762 ὅστις
3329 2702 3376 2754 ἐν
3419 2710 3481 2776 τῇ

1887 2788 2020 2860 αύτῇ
2063 2787 2202 2843 πόλει
2229 2789 2440 2858 κναφεύς
2465 2788 2700 2862 ύπῆρχε.
2743 2791 2941 2845 Τούτου
2985 2788 3038 2845 δέ
3069 2789 3151 2847 ἐτι
3198 2793 3482 2867 περιόντος,

1887 2884 2071 2943 πάντες
2101 2882 2149 2936 οέ
2177 2887 2266 2941 τήν
2310 2883 2468 2940 αὐτην
2495 2883 2641 2938 πόλιν
2671 2889 3027 2945 κατοικοῦντες
3055 2885 3157 2940 ύπό
3182 2887 3484 2964 βαρϐάρων,

1888 2977 2116 3050 μακαίρα
2142 2977 2226 3029 καί
2255 2976 2384 3045 λιμῷ
2411 2977 2704 3050 πικροτάτῳ
2724 2979 3130 3049 κατεφθάρησανο
3161 2981 3293 3035 ὥστε
3317 2981 3486 3038 λοιπὸν

1889 3071 2024 3141 μετὰ
2065 3071 2153 3126 τὸν
2198 3070 2382 3124 τούτου
2426 3070 2636 3125 θάνατον
2679 3071 3021 3145 εὑρίσκεσθαι,
3053 3075 3179 3141 μήτε
3226 3073 3309 3127 τόν
3357 3076 3489 3146 ὀφείς

1812 3155 1859 3218 C
1889 3163 2040 3216 λοντα
2078 3160 2308 3228 γενέσθαι
2337 3159 2637 3225 ἐπίσκοπον,
2666 3163 2792 3228 μήτε
2835 3162 2981 3213 τίνων
3007 3165 3297 3231 γενήσεται.
3336 3162 3486 3217 Οὕτω

189 3255 366 3309 τοίνυν
403 3255 435 3312 ἡ
473 3260 565 3309 τοῦ
594 3255 855 3330 ἀνθρώπου
904 3261 994 3311 τοῦ
1025 3263 1151 3312 Θεοῦ
1185 3254 1475 3332 πρόῥρησις
1512 3257 1789 3330 ἐπληρώθη,
1823 3256 1953 3311 ὥστε
1977 3249 2150 3306 λοιπὸν
2177 3249 2308 3322 μετὰ
2333 3253 2422 3307 τήν
2447 3247 2620 3313 ἔξοδον
2645 3254 2745 3302 τῶν
2780 3246 2875 3302 δύο
2920 3255 3020 3304 τῶν
3057 3249 3173 3319 μετ’
3213 3250 3364 3307 αὐτὸν
3407 3271 3485 3325 γε

189 3345 432 3419 τούτων,
456 3349 486 3406 ἡ
514 3349 640 3407 αὖτή
668 3349 907 3407 ἐκκλησία
943 3347 956 3384 ¹
994 3351 1210 3421 ποιμένα
1238 3350 1410 3406 λοιπόν
1439 3355 1508 3420 μή
1536 3356 1674 3422 σχῇ.

817 3459 1044 3516 CAPUT
1082 3460 1151 3515 IX

388 3551 468 3606 De
485 3551 777 3624 Erigdiano
808 3553 1053 3608 Lucensis
1076 3553 1292 3608 civitatis
1317 3554 1576 3625 episc0po.

271 3639 378 3699 Sed
407 3659 582 3714 neque
613 3643 714 3698 hoc
744 3644 955 3710 sileam,
977 3647 1117 3715 quod
1151 3653 1401 3700 narrante
1429 3645 1544 3700 viro
1565 3657 1785 3701 venera-

193 3732 287 3793 bili
314 3733 342 3771 ἀ
374 3729 636 3791 V'énantio
675 3736 909 3793 Lunensi
957 3739 1214 3807 episcopo
1258 3752 1346 3793 me
1391 3744 1514 3791 ante
1565 3735 1784 3792 biduum

195 3828 419 3897 contigit
449 3830 752 3899 agnovisse.
782 3839 805 3867 ε
826 3829 1057 3885 Lucana:
1087 3846 1317 3900 namque
1347 3829 1629 3896 Ecclesiae,
1653 3830 1786 3884 sibi-

196 3929 310 3975 met
337 3919 356 3958 τ
391 3922 700 3993 propinqua:
721 3964 737 3990 ,
770 3923 934 3978 fuisse
965 3924 1114 3977 mine
1139 3923 1354 3977 virtutis
1385 3923 1555 3977 virum
1583 3931 1608 3969 ε
1633 3921 1785 3992 Frig-

194 4011 416 4069 dianum
443 4020 658 4073 nomine
685 4017 919 4072 narravit
946 4019 1256 4088 episcopum
1285 4033 1300 4074 :
1332 4016 1484 4087 cujus
1525 4018 1629 4072 hoc
1659 4017 1778 4086 opi-

195 4104 534 4161 natissimum
584 4123 614 4162 a
670 4110 880 4164 cunctis
951 4109 1069 4163 illic
1129 4108 1491 4164 habitantibus
1561 4115 1787 4163 testatur

195 4200 486 4254 memorari
527 4202 843 4256 miraculum
869 4241 885 4268 ,
931 4200 1070 4270 quod
1099 4200 1126 4238 ιι
1157 4201 1381 4257 Anseris
1423 4200 1654 4266 ﬂuvius,
1695 4200 1784 4270 qui

194 4289 526 4361 iuxtaillius
557 4294 703 4350 urbis
735 4309 920 4350 muros
952 4296 1228 4364 inﬂuebat,
1263 4309 1409 4366 saepe
1436 4296 1785 4351 inundatione

197 4381 336 4438 facta
358 4398 554 4440 cursus
584 4386 668 4440 sui
697 4386 906 4442 alveum
937 4402 1190 4459 egressus
1237 4403 1335 4457 per
1375 4402 1532 4457 agros
1559 4387 1784 4442 dill‘undi

197 4486 581 4546 consueverat,
630 4485 689 4532 ut
738 4495 965 4550 quaeque
1013 4489 1127 4536 sata
1173 4489 1230 4537 et
1259 4481 1493 4550 plantata
1529 4483 1788 4551 reperiret

198 4579 487 4628 everteret.
512 4571 756 4642 Cumque
788 4574 890 4630 hoc
914 4577 1103 4630 crebro
1135 4575 1310 4643 fieret,
1341 4583 1396 4630 et
1417 4589 1607 4642 magna
1632 4576 1781 4644 ejus-

199 4661 318 4718 dem
341 4663 445 4719 loci
477 4663 680 4719 incolas
709 4667 1003 4720 necessitas
1032 4679 1267 4737 urgeret,
1298 4667 1424 4721 dato
1453 4665 1628 4721 studio
1657 4680 1786 4736 ope-

201 4752 308 4820 ris,
354 4770 478 4811 eum
522 4771 617 4826 per
663 4756 778 4812 loca
821 4739 944 4811 alia'
970 4757 1218 4813 derivare
1267 4758 1442 4813 conati
1493 4766 1639 4812 sunt.
1678 4757 1784 4813 Sed

2525 3459 2736 3509 suum.
2778 3451 2854 3509 ε’.

2029 3545 2148 3620 Περί
2192 3541 2488 3618 Φριγδιανοῦ
2529 3545 2808 3600 ἐπισκόπου
2833 3543 3029 3607 πόλεως
3052 3553 3092 3582 ω
3117 3546 3343 3611 Λούκης.

1958 3637 2083 3695 Ούδὲ
2111 3646 2262 3693 τοῦτο
2289 3639 2698 3712 παρασιωπῆσω,
2733 3635 2859 3694 ὅπερ
2886 3639 3029 3714 παρά
3058 3644 3151 3694 τοῦ
3181 3640 3487 3701 εὐλαϐεστά-

1887 3749 1981 3786 του
2013 3727 2193 3804 ἀνδρὸς
2222 3730 2480 3783 Βεναντίου
2509 3735 2596 3784 τοῦ
2629 3735 2721 3788 τῆς
2756 3739 2792 3782 Λ
2805 3726 2955 3790 ούνης
2984 3728 3178 3792 πόλεως
3202 3733 3488 3792 ἐπισκόπου

1888 3824 1990 3901 πρὸ
2012 3821 2102 3878 δύο
2142 3825 2346 3893 ἡμερῶν
2367 3821 2716 3893 διηγουμένου,
2742 3824 2931 3882 συνέϐη
2959 3845 3020 3895 με
3055 3827 3289 3884 ἀκοῦσαι.
3315 3837 3390 3882 ἰν
3413 3839 3486 3900 τῷ

1889 3917 2182 3980 πλησιάζειν
2203 3918 2301 3992 γάρ
2324 3915 2472 3969 αὐτόν
2498 3924 2558 3990 τῇ
2582 3915 2723 3970 πόλει
2743 3917 2934 3988 Λούκῃ,
2949 3915 3174 3990 διηγεῖτο
3197 3925 3314 3994 περί
3337 3933 3487 3997 θριγ-

1891 4009 2058 4066 διανοῦ
2095 4015 2187 4066 τοῦ
2215 4018 2307 4070 τῆς
2343 4011 2500 4070 αὐτῆς
2538 4009 2800 4070 ἐκκλησίας
2835 4008 3117 4066 ἐπισκόπου
3154 4019 3335 4069 τοῦτον
3362 4016 3488 4070 Θαυ-

1890 4105 2083 4176 μασίας
2130 4101 2386 4175 δυνάμεως
2417 4103 2677 4176 ὑπάρχειν
2708 4100 2867 4176 ἄνδρα
2887 4144 2899 4167 ,
2932 4107 3050 4178 περὶ
3088 4101 3149 4157 οὗ
3183 4109 3267 4160 καὶ
3293 4108 3485 4169 πάντες

1896 4198 1940 4251 οἱ
1969 4197 2122 4252 ἐκεῖσε
2152 4201 2505 4254 κατοικοῦντες
2526 4191 3082 4268 μαρτυροῦσιν.”Ελεγε
3114 4195 3186 4260 δὲ,
3223 4196 3303 4254 ὅτι
3333 4198 3359 4253 ό
3388 4203 3486 4256 Δύ-

1891 4291 2040 4365 σάρις
2079 4289 2306 4358 ποταμός
2348 4289 2565 4345 πλησίον
2594 4293 2693 4342 τῶν
2723 4289 2940 4357 τειχέων
2975 4297 3067 4350 τῆς
3105 4291 3262 4352 αὐτῆς
3291 4293 3487 4354 πόλεως

1891 4385 2233 4460 παρέρχεται.
2261 4382 2562 4440 Πλειστάκις
2584 4378 2637 4434 δέ
2660 4387 2686 4415 η
2711 4381 3070 4454 καταϐροχίας
3093 4385 3370 4452 γινομένης,
3393 4393 3486 4445 τῆς

1890 4477 2022 4539 ἰδίας
2053 4480 2219 4536 κοίτης
2245 4475 2272 4530 ὁ
2301 4475 2528 4548 ποταμὸς
2555 4475 2884 4550 ἐξερχόμενος
2906 4515 2920 4539 ,
2951 4477 3072 4535 τοὺς
3109 4476 3486 4540 πλησιάζοντας

1892 4574 2088 4648 ἀγρούς
2118 4570 2421 4634 ἐπικλύζων,
2453 4571 2620 4624 πάντα
2654 4571 2720 4625 τά
2757 4569 2890 4642 φυτά
2919 4572 3003 4622 καί
3030 4573 3118 4626 την
3150 4569 3484 4644 ἐργαζοβνην

1889 4673 1980 4738 γῆν
2007 4664 2354 4736 κατέστρεφεν.
2397 4659 2469 4714 Ἐν
2505 4659 2559 4714 δὲ
2585 4667 2659 4733 τῷ
2688 4661 3024 4735 συχνοτέρως
3051 4665 3204 4713 τοῦτο
3231 4660 3481 4728 γίνεσθαι,

1891 4755 2082 4830 μεγάλη
2108 4757 2225 4814 τούς
2254 4755 2416 4808 ἐκεῖσε
2440 4759 2812 4829 παροικοῦντας
2833 4749 3028 4823 ἀνάγκη
3051 4757 3314 4816 κατεῖχεν.
3336 4747 3483 4806 Ὅθεν

200 4849 444 4915 quamvis
471 4849 671 4904 diutius
704 4849 1005 4904 laboratum
1046 4850 1262 4916 fuisset,
1311 4867 1340 4904 a
1385 4849 1601 4920 proprio
1631 4850 1779 4908 alveo

1896 4849 2072 4908 πολλὴν
2101 4848 2342 4924 ἐργασίαν
2382 4848 2464 4898 καί
2507 4843 2733 4902 σπουδὴν
2778 4839 3184 4910 καταϐαλόμενοι,
3217 4837 3279 4894 δι’
3295 4839 3482 4912 ἐτέρων

270 4951 295 4978 ι
330 4943 403 4996 De
457 4941 686 5014 Aquinar
721 4941 856 5014 urbe
897 4952 950 5014 et
978 4940 1290 5014 Constantio
1336 4944 1618 5014 episcopo,
1667 4944 1787 5000 vide

201 5011 242 5066 Ι.
270 5027 430 5083 inc.
460 5011 547 5066 16.
574 5011 783 5066 Colitur
809 5013 896 5083 die
926 5013 950 5065 I
985 5012 1334 5083 Septembris.

268 5081 296 5121 ιι
327 5082 546 5155 scilicet
572 5083 792 5138 Joannis
823 5081 911 5155 III,
942 5085 1029 5154 qui
1059 5081 1147 5138 an.
1175 5084 1274 5139 561
1307 5089 1496 5140 sedere
1526 5086 1709 5155 coepit.

271 5163 295 5191 ε
334 5153 431 5207 Hic
460 5153 589 5208 Mss.
637 5169 740 5208 non
771 5152 974 5209 οοάοηί
990 5164 1072 5209 est
1110 5156 1288 5210 lectio.
1319 5156 1372 5211 In
1396 5152 1784 5213 Gemeticensi-

195 5221 299 5278 bus
327 5223 553 5293 legimus
580 5223 798 5296 Jobinus
819 5226 1008 5296 ascitus
1023 5234 1117 5279 est.
1147 5225 1204 5280 In
1231 5225 1785 5296 Compend.,Jovinur

195 5305 495 5359 assunzptus
522 5306 614 5350 est.
635 5295 688 5348 lu
702 5295 938 5350 secundo
950 5296 1157 5352 Theod.
1173 5295 1378 5351 accitus
1391 5309 1485 5352 εει.
1501 5298 1781 5365 German.,

194 5365 381 5438 gdAep.
415 5366 524 5419 0rd.
547 5365 768 5438 Jubinus
793 5368 998 5421 sortitus
1024 5368 1400 5438 estaPlerique
1432 5370 1614 5424 Norm.
1643 5371 1782 5424 idem

195 5434 425 5496 habent.
456 5437 654 5492 omisso
682 5438 768 5502 ad,
799 5446 853 5492 et
880 5448 1082 5492 mutato
1108 5434 1330 5494 Jubinus
1360 5442 1411 5492 in
1435 5441 1670 5493 Iovinus.

267 5505 411 5579 {Ad
426 5522 580 5576 quem
602 5516 658 5579 et
677 5508 742 5562 de
763 5523 868 5576 quo
891 5511 1070 5578 plures
1092 5521 1302 5565 exstant
1327 5509 1485 5579 Greg.
1509 5510 1783 5576 Epistolas,

194 5577 412 5652 scilicet
437 5579 529 5634 lib.
564 5578 694 5634 olim
721 5594 775 5652 ut
802 5620 818 5645 ,
848 5577 993 5652 nunc
1021 5597 1092 5645 tv,
1125 5585 1283 5652 epist.
1312 5581 1372 5635 2i
1405 5577 1460 5636 ei.
1483 5581 1573 5648 22,
1604 5595 1666 5635 ac
1688 5581 1781 5636 lib.

193 5665 250 5719 ν,
284 5651 416 5706 olim
447 5667 520 5716 tv,
547 5652 704 5720 epist.
728 5649 784 5714 7,
816 5650 944 5705 alias
966 5651 1020 5709 5.

271 5731 299 5762 ο
330 5723 473 5777 Luca
497 5722 625 5776 urbs
649 5722 872 5777 Etruria:
894 5738 1035 5778 nunc
1063 5721 1228 5778 libera
1259 5731 1311 5778 et
1335 5721 1628 5791 respublica
1654 5722 1784 5779 satis

192 5802 355 5869 pota,
385 5794 450 5850 ad
473 5793 720 5850 Auserim
750 5805 845 5846 seu
869 5794 1146 5849 Sarculum
1174 5796 1254 5859 IL,
1288 5795 1443 5865 vulgo
1472 5793 1709 5850 Serchio.

569 5891 844 5956 Ρηιυιοῐ..
869 5883 1187 5948 LXXVII.

1973 4939 1994 4978 ί
2030 4941 2106 4995 Ex
2142 4940 2266 4994 Mss.
2297 4938 2387 4993 alii
2411 4937 2482 4991 ita
2514 4937 2742 4999 habent;
2777 4934 2889 4999 alii,
2922 4931 3300 5001 propinquum;
3329 4934 3475 5003 quod

1894 5011 2128 5069 refertur
2156 5012 2221 5065 ad
2253 5019 2494 5064 sanctum
2527 5006 2893 5075 Frigdianum.

1966 5093 1992 5131 ε
2025 5082 2232 5138 Gemet.
2261 5091 2313 5135 et
2343 5081 2483 5150 plur.
2510 5071 3140 5150 Norm.,_F_rigidianum.
3176 5071 3479 5150 Innsancto-

1889 5170 2010 5211 rum
2037 5144 2565 5220 catalogum'relatus
2594 5155 2678 5220 est
2691 5145 2894 5220 _Frigd.
2917 5144 2984 5199 ad
3013 5144 3156 5220 diem
3187 5144 3478 5220 I8_Martii.

1963 5223 1993 5263 ¹ι
2023 5215 2303 5286 German”
2321 5219 2428 5274 duo
2445 5217 2675 5284 Theod.,
2691 5217 2916 5287 Lougip.
2934 5223 2988 5271 et
3004 5215 3241 5286 plerique
3263 5215 3479 5282 Norm.,

1890 5296 2126 5352 Anseris.

1967 5364 1987 5439 ξ
2023 5365 2150 5439 his"
2177 5365 2319 5439 πάνυ.
2330 5360 2607 5439 σπουδαῖος
2630 5363 2716 5419 καί
2735 5369 2797 5439 τῇ
2825 5365 2950 5436 ζωῇ.

1963 5435 1980 5510 ᾗ
2020 5437 2141 5510 MS“
2172 5435 2532 5510 στοιυλαύριον.

1961 5507 1986 5546 ¹¹
2019 5507 2113 5561 Ms.
2125 5546 2140 5572 ,
2171 5507 2455 5576 εἰσάγεται.

1965 5577 1993 5651 ξ
2019 5579 2142 5651 his,
2163 5573 2383 5651 ποιμένα
2404 5578 2488 5651 οὐκ
2513 5573 2699 5651 ἴσχεν.
3073 5643 3090 5651 _
3348 5646 3361 5651 Δ
3425 5639 3442 5651 θ

1959 5648 2000 5672 ’³
2025 5649 2099 5704 lta
2129 5649 2227 5704 Ms.
2252 5661 2374 5704 cum
2408 5647 2528 5719 ipso
2557 5643 2748 5703 Latino
2774 5652 2953 5710 textu;
2984 5643 3125 5702 unde
3145 5646 3399 5710 corrupte
3425 5643 3479 5694 in

1890 5721 1989 5778 Ed.
2017 5722 2244 5782 Actium.

1961 5801 1986 5831 υ
2018 5793 2138 5854 Ma.
2172 5796 2552 5873 πολυϐροχίας.

3047 5878 3088 5970 8
