3998 6356
210 324 299 381 237

1423 310 1865 370 ῡῐΑιιΟϐΟὶίυὶΙ
1904 309 2102 367 LIBER
2142 309 2226 366 ill.

3346 314 3452 371 253

209 433 317 490 Jesu
336 437 385 486 et
405 436 730 484 elementum
762 424 1126 483 irrationabiie
1145 423 1314 482 sancti
1342 425 1445 480 viri
1476 425 1757 494 praeceptis

1885 424 2026 479 τόπον
2052 422 2387 497 ὑποστρέψας
2421 419 2628 487 ἐξελθεῖν
2656 432 2748 481 τοῦ
2779 427 2957 483 λοιποῦ
2986 431 3064 489 «ἃς
3086 430 3154 487 τὰ
3179 446 3333 487 «me;
3358 439 3452 490 τῆς

149 535 160 565 τ
210 522 455 581 obedivii?

1877 516 2135 578 ἐκκλησίας
2164 518 2251 570 οὐκ
2280 513 2573 584 ἐτόλμησεν.
2604 518 2679 571 Ἐν
2708 526 2780 589 τῷ
2807 529 2829 560 ο
2858 507 3127 596 πράγματι
3151 516 3239 579 οὖν
3263 525 3454 594 τούτῳ,

211 620 363 692 Πέτρε,
395 617 423 673 ἡ
452 613 732 689 σκληρότης
759 620 858 669 τῶν
885 609 913 650 ἀ
944 611 1239 672 ἀνυπηκόων
1286 614 1558 690 ἀνθρώπων
1604 609 2010 681 καταισχύνεται
2034 650 2049 674 ,
2080 608 2161 665 ὄτι
2191 611 2240 665 ἐν
2268 618 2329 682 τῇ
2358 607 2565 682 δυνάμει
2592 616 2685 668 τοῦ
2715 615 2889 689 κυρίου
2915 622 3081 675 Ἰησοῦ
3109 617 3170 675 τὸ
3195 637 3339 675 στοα-

210 718 335 783 χεῖον
362 707 422 765 τὸ
446 714 518 779 μὴ
539 704 591 761 ὂν
608 706 823 780 λογικὸν,
850 713 940 763 τοῦ
960 706 1104 778 ἁγίου
1128 704 1309 782 ἀνδρὸς
1329 714 1401 777 τῷ
1416 710 1776 781 προστάγματι
1811 703 2121 762 ὑπήκουσεν.

798 797 1023 855 CAPUT
1065 798 1154 853 XI.

493 889 574 945 De
595 890 843 946 Cerbonio
872 889 1153 960 Papulonii
1189 893 1449 962 episcopo.

267 985 352 1040 Vir
379 997 595 1055 quoque
617 984 739 1037 vitae
767 982 1087 1036 venerabilis
1115 990 1139 1019 ι
1164 981 1462 1038 Cerbonius
1485 981 1766 1050 Populonii

204 1078 503 1149 episcopus,
534 1088 777 1154 magnam
823 1072 1009 1128 diebus
1060 1074 1263 1135 nostris
1316 1075 1617 1129 sanctitatis
1655 1089 1767 1129 sua:

204 1158 553 1240 probationem
602 1162 769 1221 dedit.
804 1163 937 1220 Nam
982 1178 1104 1220 cum
1158 1165 1540 1236 hospitalitatis
1588 1166 1765 1221 studio

204 1259 335 1318 valde
363 1266 508 1315 esset
532 1257 794 1325 intentus,
821 1256 911 1313 die
938 1257 1166 1328 quadam
1196 1267 1537 1315 transeuntes
1570 1258 1767 1314 milites

203 1340 415 1422 hospitio
462 1350 740 1421 suscepit,
808 1364 941 1419 quos
1006 1350 1198 1407 Gothis
1261 1352 1766 1422 supervenientibus

203 1436 494 1511 abscondit,
524 1457 815 1511 eorumque
846 1443 1008 1496 vitam
1042 1443 1106 1499 ab
1140 1442 1358 1499 illorum
1402 1446 1639 1514 nequitia
1668 1447 1763 1501 ab.-

200 1530 491 1592 econdendo
521 1533 774 1589 servavit.
810 1533 966 1615 297
998 1532 1151 1601 Quod
1177 1535 1299 1590 dum
1326 1535 1626 1592 Gothorum
1649 1538 1765 1609 regi

202 1630 390 1703 perﬁdo
433 1629 618 1686 Totilze
648 1631 946 1687 nuntiatum
979 1632 1195 1699 luisset,
1223 1633 1553 1690 crudelitatis
1579 1636 1771 1689 imma-

201 1725 423 1781 nissima:
468 1725 701 1780 vaasania
744 1740 1057 1795 succensus,
1108 1726 1247 1781 hunc
1272 1728 1336 1782 ad
1366 1728 1542 1783 locum
1573 1729 1662 1798 qui
1700 1728 1769 1783 ab

201 1824 371 1872 octavo
403 1815 562 1885 hujus
590 1812 740 1871 urbis
771 1815 1023 1871 milliario
1056 1817 1271 1873 Merulis
1291 1817 1508 1882 dicitur,
1532 1817 1618 1872 ubi
1640 1828 1767 1872 tunc

2500 803 2710 852 ΚΕΦΔΛ.
2740 797 2834 855 IA'.

1888 909 1891 917 ·
1978 886 2094 959 Περὶ
2124 885 2399 954 Κερϐονίου
2432 886 2710 943 ἐπισκόπου
2736 890 2929 951 πόλεως
2957 892 3331 947 Ποπουλωνίου.

1943 990 1997 1032 ‘0
2038 990 2097 1052 τῇ
2143 981 2372 1056 πολιτείᾳ
2415 984 2788 1045 εὐλαϐέστατος
2829 987 2954 1061 ἀνὴρ
2984 988 3246 1063 ιερϐόνιος
3293 987 3321 1042 ὃ
3370 996 3460 1042 τοῦ

1872 1072 2224 1133 Ποπουλωνὶου
2270 1076 2563 1139 ἐπίσκοπος,
2598 1080 2842 1149 μεγίστην
2870 1080 2918 1132 ἐν
2946 1089 3058 1141 ταῖς
3082 1083 3297 1154 ἡμέραις
3323 1083 3461 1151 ἡμῶν

1872 1172 1962 1223 τῆς
1992 1164 2278 1236 ἁγιωσύνης
2303 1167 2458 1222 αὐτοῦ
2477 1165 2729 1231 ἀπόδειξιν
2750 1166 2951 1224 δέδωκε.
2976 1170 3116 1244 Πάσῃ
3135 1174 3238 1245 γὰρ
3262 1168 3462 1243 σπονδῇ

1872 1262 1963 1316 τὴν
1996 1267 2017 1293 θ
2050 1258 2321 1330 φιλοξενίαν
2351 1259 2647 1330 μετεδίωκεν
2665 1302 2680 1326 ,
2709 1259 2852 1323 ὅστις
2881 1264 2929 1315 ἐν
2958 1264 3121 1337 ἡμέρᾳ
3145 1266 3262 1325 τινί,
3295 1284 3459 1334 στρα-

1872 1351 2059 1409 τιώτας
2086 1352 2507 1427 παρερχομένους
2529 1350 2928 1423 ὑποδεξάμενος,
2962 1352 3309 1423 ἐξενοδόχησι.
3355 1360 3463 1408 Τῶν

1875 1437 1929 1493 δὲ
1961 1442 2154 1495 Γότθων
2181 1432 2507 1519 ἐπελθοντοον,
2536 1445 2748 1504 τούτους
2778 1444 3115 1519 κατέκρυψεν,
3144 1446 3232 1501 καί
3255 1449 3344 1504 τήν
3368 1445 3464 1499 αὖ·

1874 1539 1973 1589 τῶν
2003 1539 2133 1598 ζωήν
2153 1537 2203 1588 ἐκ
2217 1544 2307 1596 τῆς
2330 1537 2525 1590 ὶκεῑνων
2544 1540 2790 1610 πονηρίας
2808 1544 2870 1610 τῇ
2894 1538 3164 1609 ἀποκρνϐᾔ
3186 1535 3350 1605 298
3368 1534 3465 1590 διι-

1876 1623 2077 1695 φύλαξε.
2109 1633 2267 1681 Τοῦτο
2292 1624 2345 1681 δέ
2376 1625 2403 1679 ό
2426 1635 2525 1682 τῶν
2550 1609 2747 1682 Γότθόυν
2906 1627 2931 1682 ὅ
2958 1626 3216 1686 δυσσεϐὴς
3250 1626 3465 1687 Tarda:

1875 1715 2124 1781 ἀκούσας,
2156 1722 2218 1790 τῇ
2248 1722 2442 1790 πονηρᾷ
2468 1721 2547 1773 καὶ
2576 1718 2769 1790 ἀνυγιεῑ
2791 1718 3013 1789 ὠμότητι
3039 1719 3318 1781 ἄακανθείς.
3342 1722 3466 1773 τοῦ·

1873 1829 1959 1861 τον
1990 1810 2061 1868 εἰς
2092 1809 2175 1862 τὸν
2204 1811 2357 1864 τόπον
2397 1813 2482 1865 τὸν
2511 1812 2814 1882 καλούμενον
2843 1812 3087 1888 Μέρουλις
3108 1852 3123 1876 ,
3152 1813 3255 1867 ἀπὸ
3286 1808 3465 1883 ὀγδόου

199 1908 299 1991 ipse
324 1922 452 1963 cum
494 1908 733 1964 exercitu
764 1907 1025 1977 sedebat,
1065 1911 1228 1980 jussit
1276 1911 1503 1979 deduci,
1538 1926 1766 1981 eumque

1885 1898 2031 1952 ιιιλίου
2084 1908 2174 1959 τῆς
2225 1902 2379 1960 αὐτῆς
2433 1901 2623 1961 πόλεως
2666 1903 2920 1957 ἐκέλευσεν
2951 1904 3325 1973 ἀπενεχθῆναι,
3352 1898 3468 1957 ἔνθα

199 2001 244 2057 in
272 2001 573 2072 spectaculo
622 2003 802 2073 populi
852 2003 992 2059 ursis
1041 2004 1107 2059 ad
1158 2005 1525 2060 devorandum
1556 2004 1762 2074 projici.

200 2088 424 2165 Cumque
454 2094 596 2151 idem
620 2111 715 2151 rex
738 2096 972 2166 perﬁdus
1002 2099 1054 2152 in
1083 2098 1199 2167 ipso
1225 2114 1436 2170 quoque
1459 2109 1767 2169 spectaculo

199 2186 515 2241 consedisset
546 2186 614 2241 ad
654 2187 1043 2258 inspiciendam
1086 2190 1581 2260 mortem.epis<30pi
1604 2230 1619 2255 ,
1649 2205 1769 2245 ma-

198 2292 286 2347 gna
317 2279 502 2351 populi
534 2279 685 2333 turba
711 2279 997 2336 conﬂuxit.
1028 2280 1177 2337 Tunc
1202 2283 1488 2352 episcopus
1514 2283 1771 2339 deductus

198 2369 247 2425 in
272 2371 501 2427 medium
532 2382 633 2435 est,
667 2382 826 2442 atque
853 2373 919 2426 ad
952 2372 1068 2443 ejus
1096 2382 1321 2429 mortem
1350 2375 1771 2429 immanissimus

198 2474 340 2514 ursus
369 2460 693 2530 exquisitus,
727 2462 816 2531 qui
848 2461 975 2516 dum
1010 2462 1240 2518 humana
1263 2464 1503 2519 membra
1532 2463 1764 2519 crudeli-

199 2554 273 2604 ter
310 2559 560 2621 carperet
587 2594 601 2619 ,
637 2551 766 2607 saevi
795 2552 937 2624 regis
964 2552 1203 2607 animum
1235 2554 1477 2610 satiaret.
1513 2554 1775 2609 Dimissus

196 2641 361 2710 itaque
390 2656 552 2697 ursus
580 2657 649 2697 ex
684 2656 846 2699 cavea
878 2654 959 2699 est
987 2661 1001 2698 :
1035 2645 1121 2714 qui
1147 2660 1411 2701 accensus
1443 2655 1500 2700 et
1528 2649 1775 2702 concitus

194 2733 501 2804 episcopum
544 2735 725 2804 petiit,
771 2735 865 2789 sed
907 2735 1082 2791 subito
1126 2752 1238 2792 suae
1266 2737 1497 2792 feritatis
1542 2738 1773 2807 oblitus,

194 2824 394 2881 deﬂexa
425 2827 657 2893 cervice,
692 2827 1067 2898 submissoque
1099 2829 1373 2885 humiliter
1406 2830 1578 2899 capite
1598 2875 1611 2897 ,
1637 2830 1775 2885 lam-

192 2914 317 2971 bere
342 2918 581 2987 episcOpi
612 2917 775 2987 pedes
803 2919 964 2988 cmpit
984 2960 999 2986 ,
1028 2928 1085 2973 ut
1112 2924 1358 2991 patenter
1394 2921 1645 2976 omnibus
1677 2921 1774 2975 da-

191 3018 337 3063 retur
376 3010 597 3081 intelligi
631 3012 753 3081 quia
800 3026 926 3083 erga
971 3011 1116 3067 illum
1158 3014 1330 3071 virum
1376 3014 1471 3070 Dei
1518 3025 1570 3071 et
1612 3015 1777 3072 ferina

188 3097 358 3154 corda
385 3108 569 3155 essent
591 3100 889 3170 hominum,
919 3113 974 3159 et
1000 3106 1153 3173 quasi
1186 3104 1419 3160 humana
1461 3107 1774 3165 bestiarum.

190 3182 352 3265 Tunc
394 3192 619 3261 populus
656 3194 742 3264 qui
782 3195 846 3248 ad
878 3196 1247 3267 spectaculum
1282 3205 1503 3252 venerat
1543 3199 1777 3266 mortis,

1874 1991 2028 2050 αὐτὸς
2059 1991 2175 2046 τότε
2204 1994 2335 2061 μετὰ
2359 1997 2449 2046 τοῦ
2488 1998 2712 2063 στρατοῦ
2741 1994 2901 2047 αὐτοῦ
2931 1994 3206 2059 ἱκαθέζετο,
3234 1995 3320 2047 καί
3340 1995 3467 2046 τοῦ·

1873 2103 1956 2137 τον
1978 2083 2061 2137 ἐπὶ
2089 2084 2274 2143 παντὸς
2312 2089 2401 2137 τοῦ
2439 2084 2561 2139 λαοῦ
2580 2123 2595 2148 ,
2627 2088 2700 2145 εὶς
2725 2085 2884 2160 βορὰν
2907 2092 3014 2145 τοῖς
3052 2082 3227 2157 ὅρκοις
3269 2083 3468 2157 ῥιφῆναι

1877 2178 2178 2254 προσέταξε.
2219 2184 2317 2232 Τοῦ
2369 2177 2423 2233 δέ
2472 2180 2623 2233 αὐτοῦ
2664 2176 3086 2235 δυσσεϐεστὰτου
3322 2178 3374 2230 ἓν
3398 2183 3471 2246 τῷ

1880 2268 2129 2341 συνεδρίῳ
2148 2276 2240 2325 τοῦ
2270 2271 2395 2325 λαοῦ
2414 2272 2734 2331 καθεσθέντος
2757 2273 2888 2344 πρὸς
2907 2273 2966 2326 τὸ
2989 2273 3245 2345 θεωρῆσαι
3272 2269 3358 2323 τὸν
3381 2271 3470 2323 τοῦ

1878 2361 2155 2417 ἐπισκόπου
2185 2362 2415 2427 θάνατον,
2452 2360 2469 2397 ί
2503 2363 2696 2433 μεγάλη
2720 2370 2809 2419 τοῦ
2835 2363 2957 2418 λαοῦ
2993 2367 3208 2437 ταραχὴ
3236 2360 3470 2418 συνῆλθε.

1876 2459 1974 2509 Τοῦ
2005 2452 2060 2509 δέ
2098 2454 2374 2509 ἐπισκόπου
2407 2456 2455 2508 ἐν
2484 2463 2557 2527 τῷ
2584 2458 2727 2527 μέσῳ
2768 2456 3090 2525 ἐνεχθέντος,
3120 2462 3146 2500 Β
3179 2449 3333 2525 ἄρκος
3362 2452 3470 2507 λίαν

1876 2545 2159 2617 πικροτάτη
2189 2545 2316 2621 πρὸς
2343 2546 2426 2599 τὸν
2453 2548 2639 2601 τούτου
2668 2546 2878 2600 θάνατον
2895 2543 3257 2608 ἐπιζητηθίῑσει
3268 2541 3471 2614 εὑρέθη.

1878 2639 1987 2697 ἥτις
2016 2638 2305 2710 ἀνθρώπινα
2346 2641 2564 2707 σώματα
2608 2637 2887 2708 ὠμοτάτως
2913 2633 3335 2710 διασπαράσσειν
3358 2632 3472 2687 εἴω-

1878 2726 1980 2795 θεν,
2025 2730 2160 2783 ὥστε
2209 2734 2299 2787 τὴν
2338 2735 2429 2783 τοῦ
2458 2730 2714 2803 ἀλιτηρίου
2744 2730 2899 2801 ῥηγός
2929 2728 3109 2799 ψυχήν
3137 2725 3319 2798 δυνηθῇ
3343 2724 3472 2784 πλη-

1878 2828 2178 2897 ροφορῆσαι.
2208 2820 2564 2881 Ἀπολυθείσης
2591 2816 2674 2874 οὖν
2701 2830 2790 2881 τῆς
2819 2816 2979 2893 ἄρκου
3012 2821 3066 2873 ἐκ
3109 2825 3199 2874 τοῦ
3233 2817 3470 2891 ζωγρίου,

1880 2909 2176 2971 σπουδαίως
2219 2916 2349 2982 μετὰ
2392 2914 2635 2969 πλείστου
2684 2915 2845 2983 θυμοῦ
2892 2913 3021 2986 πρὸς
3065 2913 3151 2967 τὸν
3194 2912 3474 2966 ἐπίσκοπον

1880 3000 2120 3076 ἔδραμεν.
2167 3000 2346 3075 Λῖςννης
2394 3002 2447 3058 δὲ
2490 3012 2579 3065 τῆς
2633 3003 2762 3063 ἰδίας
2806 3002 3077 3079 θηριωδίας
3119 3004 3474 3067 ἐπιλησθιῖσα,

1882 3092 2094 3148 κλίνασα
2119 3094 2202 3148 τὸν
2242 3095 2524 3170 τράχηλον,
2555 3100 2646 3154 τὴν
2693 3093 2747 3151 δὲ
2786 3096 2996 3168 κεφαλήν
3020 3096 3123 3150 ὑπὸ
3156 3098 3277 3155 τοὺς
3314 3092 3475 3155 πόδας

1884 3193 1975 3242 τοῦ
2002 3189 2282 3243 ἐπισκόπου
2312 3187 2341 3225 δ
2374 3189 2709 3254 ἐπιλαϐοῦσα,
2742 3193 2876 3259 μετά
2907 3193 3080 3251 πάσης
3118 3190 3474 3249 ταπεινότητας

189 3294 392 3351 magno
420 3280 653 3338 clamore
686 3298 870 3340 versus
901 3296 984 3340 est
1023 3285 1080 3341 in
1111 3284 1519 3341 admirationem
1548 3303 1773 3343 venera-

308 3373 344 3388 .,
408 3368 455 3388 ...
629 3373 648 3388 .
711 3366 725 3388 .
1059 3377 1089 3388 _.
1283 3376 1291 3388 .
1387 3375 1399 3388 .
1666 3381 1675 3388 ,

1885 3281 2101 3340 τούτους
2130 3280 2316 3349 λείχειν
2356 3280 2560 3354 ἤρξατο.
2586 3280 2742 3335 Ὥστε
2767 3288 2992 3355 φανερῶς
3032 3285 3165 3335 πᾶσι
3193 3279 3475 3349 δειχθῆναι.

194 3372 375 3429 tionis.
408 3368 560 3427 Tunc
586 3373 650 3428 ad
679 3366 795 3445 ejus
826 3377 1181 3430 reverentiam
1214 3375 1497 3433 colendam
1530 3394 1621 3435 rex
1664 3381 1777 3449 ipse

194 3472 469 3534 permotus
513 3474 632 3535 est,
700 3468 895 3538 quippe
963 3483 1084 3523 cum
1143 3484 1250 3540 quo
1298 3485 1531 3539 superno
1576 3470 1781 3539 judicio

198 3564 376 3613 actum
406 3566 556 3637 erat.
584 3569 643 3614 ut
668 3556 759 3629 qui
789 3558 956 3615 Deum
985 3561 1133 3630 sequi
1168 3561 1313 3631 prius
1338 3562 1390 3616 in
1421 3560 1779 3618 custodienda

196 3649 300 3705 vita
320 3651 559 3720 episcopi
574 3649 766 3721 noluit,
786 3652 972 3706 saitem
988 3652 1052 3706 ad
1069 3654 1531 3708 mansuetudinem
1554 3652 1777 3709 bestiam

197 3748 531 3812 sequeretur.
570 3740 673 3799 Cui
704 3746 779 3799 rei
824 3744 877 3798 hi
922 3744 1011 3815 qui
1045 3755 1169 3801 tunc
1218 3756 1509 3814 praesentes
1568 3748 1784 3805 fuerunt

197 3834 377 3893 adhuc
423 3836 662 3892 nonnulli
713 3850 1034 3907 supersunt,
1087 3852 1309 3909 eamque
1337 3856 1458 3896 cum
1499 3841 1643 3897 omni
1673 3843 1781 3899 illic

198 3926 396 3995 populo
424 3943 483 3982 se
510 3927 710 3983 vidisse
736 3934 1025 3983 testantur.
1055 3926 1134 3985 De
1162 3945 1266 4001 quo
1293 3931 1453 3987 etiam
1486 3936 1599 3988 viro
1636 3930 1783 3989 aliud

197 4031 416 4088 quoque
444 4021 756 4076 miraculum
782 4019 1045 4077 Venautio
1076 4022 1310 4079 Lunensi
1360 4024 1614 4094 episcopo
1659 4043 1784 4081 nar-

197 4117 362 4164 rante
390 4113 626 4181 cognovi.
657 4112 714 4167 in
745 4117 807 4168 ea
854 4128 1084 4183 namque
1114 4110 1397 4185 Populonii
1438 4118 1665 4173 ecclesia
1695 4119 1783 4174 cui

198 4214 435 4271 ptirent
456 4207 755 4275 sepulcrum
786 4207 884 4263 sibi
917 4210 1262 4278 prteparavit.
1292 4210 1395 4265 Sed
1428 4226 1546 4267 cum
1578 4209 1786 4284 Lango-

198 4291 495 4351 bardorum
526 4312 656 4368 gens
688 4299 740 4353 in
773 4299 981 4354 italiam
1012 4300 1235 4356 veniens
1264 4313 1454 4357 cuncta
1485 4312 1782 4373 vastasset,

207 4393 234 4432 δ
262 4396 331 4451 ad
364 4397 529 4453 livam
560 4398 789 4455 insulam
842 4404 1087 4457 recessit.
1121 4402 1220 4470 Qui
1266 4404 1545 4474 ingruente
1574 4405 1789 4474 aegritu-

204 4487 331 4545 dine
354 4491 424 4546 ad
457 4501 683 4549 mortem
712 4495 933 4549 veniens
954 4537 967 4560 ,
1001 4495 1215 4549 clericis
1245 4496 1356 4550 suis
1388 4496 1597 4565 sibique
1622 4498 1782 4553 obse-

205 4586 497 4653 quentibus
526 4586 805 4661 praecepit,
840 4588 1024 4644 dicens
1056 4605 1070 4643 :
1103 4588 1158 4643 in
1202 4590 1452 4658 sepulcro
1498 4606 1619 4647 meo
1649 4591 1793 4660 quod

1886 3370 1968 3426 ὅτι
1987 3374 2059 3432 εἰς
2086 3373 2169 3425 τόν
2196 3379 2286 3427 τοῦ
2312 3378 2443 3426 Θεοῦ
2475 3369 2736 3448 ἄνθρωπον
2761 3374 2943 3426 ἐκεῖνον
2961 3373 3015 3426 αἱ
3036 3378 3134 3428 τῶν
3152 3374 3334 3443 θηρίων
3355 3389 3477 3443 καρ-

1882 3448 2001 3516 δίαι
2032 3464 2102 3521 εἰς
2141 3464 2235 3521 τὰς
2283 3469 2380 3517 τῶν
2428 3463 2699 3536 ἀνθρώπων
2732 3463 3150 3534 μετεϐλήθησαν,
3200 3462 3253 3517 ad
3288 3458 3344 3515 δέ
3372 3466 3479 3515 τῶν

1883 3555 2152 3632 ἀνθρώπων
2198 3552 2371 3625 ὅμοιαι
2417 3557 2598 3628 θηρίων
2636 3557 2879 3629 ἐγένοντο.
2909 3556 3031 3612 Τότε
3062 3554 3199 3615 ἄπας
3226 3554 3252 3609 ὁ
3282 3554 3423 3619 λαὸς,
3446 3552 3479 3609 ὁ

1884 3644 2127 3698 συνελθὼν
2172 3645 2257 3699 τόν
2295 3646 2501 3701 θάνατον
2554 3647 2708 3701 αὐτοῦ
2748 3648 3066 3712 θεάσασθαι,
3095 3649 3311 3721 μεγίστῃ
3345 3652 3479 3720 φοινῇ

1882 3736 2096 3810 ἤρξαντο
2125 3742 2214 3795 τὴν
2242 3738 2500 3794 εὐλάϐειαν
2544 3739 2695 3793 αὐτοῦ
2724 3741 3016 3809 θαυμάζειν.
3059 3742 3269 3811 Ὁμοίως
3298 3737 3351 3793 δὲ
3394 3740 3480 3793 καί

1885 3829 2035 3890 αὐτὸς
2076 3829 2222 3902 ἆρἠξ
2269 3836 2357 3890 την
2405 3828 2585 3903 ἆνιωθεν
2633 3834 2894 3905 γενομένην
2934 3838 3100 3909 κρίσιν
3146 3835 3480 3903 θεασάμενος,

1885 3924 2115 3997 μεγάλως
2140 3926 2286 3979 αὐτὸν
2317 3925 2561 3981 σέϐεσθαι
2583 3916 2794 4000 ἤρξατο.
2827 3931 2914 3985 Καὶ
2939 3926 2964 3982 ὁ
2994 3935 3065 3996 τῷ
3094 3934 3203 3999 Θεῷ
3230 3927 3481 4002 πρότερον

1887 4016 2225 4075 ἀκολουθῆσαι
2253 4024 2322 4088 μη
2350 4018 2564 4082 θελήσας
2581 4059 2596 4084 ,
2624 4020 2754 4093 πρὸς
2782 4020 2839 4074 τὸ
2866 4026 2955 4079 την
2979 4024 3111 4083 ζωὴν
3147 4026 3241 4075 τοῦ
3272 4017 3481 4073 tame.

1889 4131 1987 4165 που
2018 4110 2249 4183 φυλάξαι,
2282 4109 2517 4181 ἔσχατον
2560 4114 2629 4175 εἰς
2669 4119 2759 4173 τήν
2803 4122 2903 4169 τῶν
2938 4112 2954 4149 ί
2986 4115 3171 4189 θηρίων
3211 4114 3481 4187 πραότητα

1893 4200 2227 4261 ἠκολούθησε.
2294 4204 2485 4257 Τούτου
2528 4200 2580 4257 δέ
2622 4211 2708 4258 τοῦ
2752 4206 3014 4275 θαύματος
3058 4206 3243 4263 πάντες
3285 4205 3331 4257 οἱ
3371 4204 3484 4260 τότε

1897 4292 2054 4345 ἐκεῖσε
2083 4291 2330 4365 παρόντες
2360 4288 2614 4349 αὐτόπται
2641 4294 2926 4367 γεγόνασιν.
2974 4297 3083 4350 Οὐκ
3114 4297 3266 4368 ὀλίγοι
3308 4293 3361 4348 δὲ
3401 4296 3485 4350 καί

1897 4383 2063 4457 μέχρι
2090 4389 2179 4438 τοῦ
2215 4390 2301 4437 νῦν
2332 4387 2577 4460 περίεισιν
2602 4426 2617 4451 ,
2649 4388 2821 4447 οἵτινες
2850 4393 3001 4443 τοῦτο
3039 4388 3321 4443 θεάσασθαι
3355 4388 3485 4455 μετά

1896 4476 2087 4536 παντὸς
2116 4481 2201 4529 τοῦ
2243 4476 2364 4529 λαοῦ
2408 4476 2593 4532 ἐκείνου
2631 4486 2978 4556 μαρτυροῦσι.
3026 4481 3147 4549 Περὶ
3171 4480 3358 4539 τούτου
3386 4480 3482 4531 τοῦ

1897 4573 2042 4646 ἁγίου
2071 4571 2249 4649 ἀνδρὸς
2275 4576 2444 4650 ἕτερον
2471 4578 2659 4651 θαῦμα,
2689 4583 2931 4650 Βεναντίῳ
2959 4587 3032 4649 τῷ
3052 4578 3318 4647 δπισκόπῳ
3343 4576 3484 4630 Δού-

204 4672 336 4727 mihi
370 4677 668 4745 praeparavi
715 4678 995 4748 Populonii
1046 4694 1131 4735 me
1176 4681 1377 4748 ponite.
1406 4680 1504 4735 Cui
1548 4682 1624 4735 illi
1663 4698 1779 4737 cum

1898 4696 1986 4736 νης
2018 4676 2345 4749 ἀφηγουμένῳ
2375 4678 2583 4736 ἀκήκοα.
2628 4684 2701 4735 Ἑν
2740 4688 2802 4755 τῇ
2846 4682 2971 4747 αὐτῇ
3008 4684 3099 4733 τοῦ
3132 4677 3479 4732 Ποπουλωνίου

207 4767 492 4825 dicerent:
521 4771 726 4842 Corpus
766 4782 912 4827 tuum
947 4773 1072 4828 iiiuc
1111 4773 1336 4844 qualiter
1383 4773 1639 4830 reducere
1664 4790 1789 4845 pos-

204 4870 395 4916 sumus
421 4903 435 4927 ,
485 4862 575 4932 qui
627 4876 659 4917 a
702 4862 1066 4937 Langobardis
1112 4865 1282 4921 teneri
1329 4866 1445 4921 ioca
1477 4867 1662 4922 eadem
1688 4907 1704 4932 ,
1737 4876 1792 4923 et

283 4999 498 5074 a_Vide_
516 5000 791 5074 Martyrol.
822 5002 1003 5067 Rom.,
1027 5002 1097 5056 20
1120 5004 1314 5074 Octob.
1343 5004 1639 5074 Populonia
1674 5009 1805 5065 civi-

203 5077 288 5125 tas
315 5070 552 5127 Etruriae
580 5070 709 5126 olim
730 5074 1079 5129 celeberrima
1109 5072 1178 5128 de
1201 5086 1307 5144 qua
1332 5076 1379 5129 i.
1404 5070 1439 5128 πὶ
1469 5076 1689 5134 Αῐηοὶό.

464 5165 750 5230 §excentos
763 5165 835 5230 illi
856 5165 1061 5217 dederat
1078 5164 1343 5230 Populonia
1367 5177 1523 5222 mater

468 5226 716 5288 EXpertos
741 5228 857 5277 belli
876 5230 1104 5290 juvenes.

201 5311 297 5388 Ea
317 5310 528 5388 excisa,
562 5312 719 5367 sedes
743 5313 1071 5388 episcopalis
1092 5313 1163 5368 ad
1185 5313 1411 5388 Massam
1446 5315 1675 5373 Etruriae
1698 5332 1793 5388 ορ.

198 5381 407 5455 pidum
430 5381 625 5455 cultum
652 5392 707 5455 et
733 5381 967 5451 amplum
1002 5401 1107 5441 non
1131 5388 1285 5455 longe
1306 5385 1511 5441 distans
1540 5381 1795 5446 translata

202 5458 327 5529 est.
366 5450 657 5529 Populonia
683 5454 734 5506 in
768 5450 970 5529 uestris
1003 5456 1128 5529 Mss.
1165 5450 1389 5529 iut'apud
1423 5462 1793 5529 geographos,

202 5522 369 5599 varia
402 5522 889 5599 sor-_titurnnmina;
917 5524 1207 5597 Paputonia
1227 5567 1243 5595 ,
1284 5522 1667 5599 Papu'lonium';
1693 5522 1799 5586 P05-

202 5596 440 5666 ptdorra,
471 5590 819 5664 Popularium.

278 5665 312 5707 δ
350 5665 415 5719 In
453 5668 717 5735 plerisque
752 5670 902 5733 Mss.,
944 5665 1116 5736 Elba,
1150 5684 1246 5724 seu
1286 5666 1469 5723 Helba.
1502 5668 1672 5724 insula
1717 5682 1801 5730 est

205 5734 492 5819 gyrrh‘eni
522 5734 1531 5819 maris,contrafopuloniamLquam
1562 5741 1800 5819 celebrat

203 5804 369 5878 Virg.
399 5806 439 5862 ι.
476 5823 505 5862 x
539 5805 773 5876 Eneid.,
820 5810 891 5867 ob
933 5804 1272 5871 500'miiites
1317 5804 1501 5867 Tu'rno
1543 5810 1799 5870 adversus

1896 4778 2152 4852 ἐκκλησίᾳ,
2188 4776 2244 4839 ἧς
2273 4782 2356 4835 καί
2380 4783 2630 4856 προέστη,
2666 4790 2837 4853 μνῆμα
2868 4783 3034 4852 ἐαυτῷ
3065 4785 3362 4849 ἡτοίμασεν.
3395 4784 3487 4840 Ὦς

1906 4874 1960 4931 δὲ
1987 4886 2086 4934 τῶν
2130 4878 2496 4953 Δογγοϐὁιρδων
2522 4883 2581 4938 τό
2608 4884 2744 4955 γένος
2782 4883 2853 4940 εἰς
2879 4886 2970 4940 τήν
2996 4879 3206 4934 ἰταλίαν
3243 4875 3376 4951 ἦλθε,
3405 4882 3489 4942 και

1919 5009 2146 5069 Ᾱῑιιθοω
2175 5013 2478 5082 praeliaturo
2507 5016 2558 5070 in
2589 5014 2887 5070 subsidium
2910 5015 3130 5073 missos.

2495 5108 2583 5158 Ast
2608 5106 2706 5165 Ilva
2731 5114 2980 5158 trecentos

2036 5167 2198 5217 Insula
2221 5168 2534 5218 inexhaustis
2556 5169 2811 5231 chalybum
2833 5183 3075 5232 generosa
3093 5172 3324 5231 letalis.

1981 5260 2005 5325 εξ
2036 5250 2132 5325 bis.
2144 5289 2160 5313 ,
2192 5253 2581 5325 προστάγματι.

1978 5318 2005 5356 ά
2033 5319 2130 5373 MS.
2141 5358 2156 5383 ,
2184 5318 2433 5378 ἀνηκόων.

1977 5398 1998 5463 εξ
2025 5390 2150 5463 bis,
2180 5398 2242 5463 τῇ
2274 5393 2519 5463 φιλοξενίᾳ
2541 5392 2839 5463 μετέδωκεν.

1902 5457 1997 5588 3"
2025 5452 2156 5527 Ms.,
2188 5452 2291 5515 καί
2309 5452 2505 5535 μεγάλη
2527 5452 2616 5521 τοῦ
2643 5465 2765 5522 λαοῦ
2796 5464 3036 5537 συνήχθη
3070 5465 3097 5522 ὃ
3126 5467 3367 5545 μήγυριςο
3397 5470 3490 5524 τοῦ

1935 5553 1979 5587 ε.

1975 5612 1999 5650 8
2031 5602 2411 5678 Hanc_vocer_n,
2445 5620 2543 5675 pro
2566 5605 2772 5672 ἄρκτος,
2795 5608 3041 5678 usurpari
3075 5607 3333 5666 observat
3350 5606 3486 5665 Cane

1901 5674 2046 5749 gius,
2061 5684 2125 5749 _et
2156 5674 2392 5749 plurimis
2414 5678 2658 5734 adductis
2681 5674 2945 5749 exemplis
2963 5678 3171 5749 probat.

1978 5744 2007 5782 h
2029 5746 2153 5809 Ms.,
2181 5746 2533 5806 ὑποϐαλοῦσα.

1984 5816 1998 5853 ί
2032 5815 2153 5883 Ms.,
2182 5818 2454 5890 προϐάτων
2474 5820 2781 5890 πραότηται.
