3998 6356
160 374 285 501 ξ’ὶιι

1442 391 1886 450 DIALOGORUM
1921 390 2128 447 LIBER
2168 390 2258 445 ΙΙΙ.

3367 389 3472 443 242

205 517 402 585 perant,
435 508 848 563 immensitatem
881 505 1072 577 pluvias
1099 505 1242 562 i'erre
1284 520 1392 561 non
1422 514 1660 576 possent.
1696 506 1768 561 Et
1800 536 1811 568 Α

1915 528 1926 560 ρ
1960 513 2035 580 τῷ
2062 511 2150 563 τοῦ
2190 510 2387 580 τροχοῦ
2435 505 2836 581 περιωρισμένος
2874 507 3226 579 σφραγίσματι
3250 521 3262 534 '
3297 500 3469 580 αᾍνης

204 603 319 660 dum
363 615 551 670 magna
588 600 747 655 nimis
794 599 1071 655 inundatio
1122 599 1301 665 ﬁeret,
1352 599 1490 654 intra
1530 600 1775 655 eamdem

203 691 618 764 designationem
651 692 834 749 circuli
870 691 923 746 in
952 707 1056 761 qua
1099 692 1182 765 vir
1222 690 1439 748 Domini
1472 692 1780 764 Fulgentius

202 787 373 852 stetit,
406 800 473 841 ne
502 800 610 839 una
637 784 855 854 quidem
899 784 1092 854 pluvia:
1121 793 1269 856 gutta
1296 786 1597 843 descendit.
1626 785 1776 852 Quod

202 878 320 937 dum
364 877 477 949 regi
520 876 893 933 crudelissimo
939 877 1240 933 nuntiatum
1279 887 1456 945 esset,
1492 878 1583 934 illa
1626 894 1781 935 mens

202 972 353 1028 effera
381 972 449 1026 ad
480 986 727 1043 magnam
751 972 872 1042 ejus
896 974 1251 1028 reverentiam
1286 988 1441 1029 versa
1470 982 1587 1043 est,
1623 973 1780 1044 cujus

201 1079 408 1137 pinnam
432 1064 582 1133 prius
610 1062 902 1120 insatiabili
930 1062 1115 1119 furore
1158 1064 1395 1120 sitiebat.
1425 1063 1516 1122 Sic
1536 1066 1786 1135 omnipo-

203 1165 315 1213 tens
343 1156 485 1211 Deus
521 1166 708 1211 contra
731 1158 901 1213 elatas
928 1158 1221 1215 carnalium
1254 1167 1495 1225 mentes,
1533 1159 1785 1229 potentiae

200 1264 304 1306 sine
338 1251 591 1305 miracula
614 1266 709 1319 per
728 1252 1013 1322 deSpectos
1039 1261 1321 1322 cperatur;
1346 1261 1406 1308 ut
1430 1253 1521 1323 qui
1549 1253 1785 1323 superbe

200 1352 381 1399 contra
413 1354 679 1414 praecepta
702 1344 942 1401 veritatis
963 1360 1023 1401 se
1045 1345 1279 1415 elevant,
1305 1360 1493 1402 eorum
1516 1345 1786 1402 cervicem

200 1437 392 1495 veritas
418 1452 515 1507 per
542 1438 773 1493 humiles
804 1448 1036 1508 premat.

1881 601 2151 674 ἀστραπαί
2178 602 2262 656 καὶ
2287 599 2517 675 βρονταί,
2551 602 2634 653 καὶ
2660 599 2891 657 τοσαύτη
2929 600 3119 672 ἀνάγκη
3152 600 3357 675 βροχῆς
3387 603 3474 671 γέ·

1879 714 2041 768 γονεν,
2073 695 2209 749 ὥστε
2237 697 2307 763 μή
2345 690 2584 748 δύνασθαι
2610 692 2877 765 ὐπενέγκαι
2903 698 2992 751 τήν
3017 701 3109 752 τῆς
3138 692 3342 766 βροχῆς
3364 695 3479 766 βίαν

1881 789 2002 847 τοὺς
2028 790 2119 843 την
2149 786 2377 850 ἐξουσίαν
2410 790 2503 841 τοῦ
2540 785 2753 856 φυλάξαι
2802 785 2955 841 αὐτόν
2990 785 3253 846 λαϐόντας.
3302 782 3479 839 Ἔνδον

1889 877 1944 935 δέ
1972 886 2062 939 τῆς
2089 882 2184 933 τοῦ
2210 885 2409 951 τροχοῦ
2459 875 2857 940 διατυπώσεως,
2891 875 3001 932 ἔλθοι
3045 875 3071 931 ό
3107 883 3201 933 τοῦ
3234 882 3364 932 Θεοῦ
3394 873 3482 930 ἄν·

1889 973 2089 1050 Θρωπος
2114 970 2476 1044 φυλαττόμενος
2502 970 2707 1037 ἵστατο,
2739 966 2848 1023 οὐδὲ
2876 969 2969 1041 μία
2997 970 3139 1044 ῥανὶς
3159 977 3250 1029 τῆς
3278 970 3481 1043 βροχῆς

1891 1061 2027 1125 ἦλθε.
2050 1069 2216 1119 Τοῦτο
2241 1061 2295 1117 δέ
2316 1070 2389 1133 τῷ
2410 1064 2655 1133 ὠμοτάτῳ
2678 1064 2793 1139 ρηγί
2822 1060 3157 1133 μηνύσαντες,
3188 1060 3214 1115 ό
3238 1059 3481 1138 θηριώδης

1892 1156 2078 1216 ἐκεῖνος
2104 1155 2346 1227 λογισμὸς
2364 1194 2378 1218 ,
2408 1154 2673 1228 ἀκορέστῳ
2702 1153 2845 1222 θυμῷ
2878 1154 2963 1207 ἐπὶ
2988 1153 3045 1207 τό
3091 1153 3374 1227 βασανίσαι
3399 1154 3486 1206 τὸν

1892 1248 2164 1303 ἐπίσκοπον
2177 1247 2511 1317 ἐκκαιόμενος,
2538 1249 2610 1306 εἰς
2622 1247 2863 1319 μεγίστην
2881 1245 3136 1299 εὐλάϐειαν
3151 1243 3400 1318 ἐπέστρεᾴ
3411 1264 3481 1297 εν.

1893 1342 2073 1403 οὕτως
2095 1338 2179 1397 οὖν
2207 1339 2596 1410 παντοδύναμος
2618 1340 2742 1400 Θεὸς
2768 1345 2899 1394 κατά
2927 1346 3027 1395 τῶν
3141 1341 3314 1409 γνώμῃ
3343 1339 3490 1392 ἐπαι-

1891 1436 2115 1508 ρομένων
2144 1441 2236 1495 τῆς
2260 1431 2565 1493 δυναστείας
2592 1433 2745 1487 αὐτοῦ
2776 1433 2843 1487 τὰ
2871 1433 3129 1501 θαυμάσια
3156 1429 3205 1481 ἐν
3232 1436 3338 1489 τοῖς
3366 1426 3484 1499 βδε-

202 1525 529 1599 λυσσομένοις
578 1532 868 1609 ἐργάζεται⁶
920 1530 1060 1595 ὅπως
1106 1534 1151 1588 oi
1208 1534 1424 1593 ἑαυτοὺς
1463 1532 1795 1608 ὑπερηφάνως
1831 1531 1963 1587 κατὰ
1984 1536 2083 1586 τῶν
2108 1526 2521 1603 προσταγμάτων
2546 1534 2638 1587 τῆς
2683 1526 2915 1589 ἀληθείας
2955 1523 3304 1597 διεγείροντες,
3329 1524 3414 1581 τὸν

201 1621 397 1678 τούτων
419 1621 679 1697 τράχηλον
700 1624 731 1681 ἡ
759 1622 965 1683 ἀλήθεια
988 1620 1071 1678 διὰ
1094 1629 1192 1677 τῶν
1211 1622 1613 1697 ταπεινοφρόνων
1641 1618 1973 1694 κατακὰμψῃ.

793 1712 1021 1769 CAPUT
1062 1712 1201 1770 XIII.

377 1804 451 1859 De
479 1803 779 1859 Herculum
812 1804 1084 1860 Perusina?
1118 1807 1341 1861 civitatis
1369 1808 1628 1878 ερὶεεορο.

272 1894 455 1964 Nuper
474 1910 692 1965 quoque
719 1895 969 1954 Floridus
1000 1898 1336 1955 venerabilis
1362 1899 1487 1954 vitae
1516 1901 1799 1969 episcopus

2517 1718 2726 1767 KEOAA.
2768 1709 2865 1766 II".

2022 1809 2141 1881 Περί
2167 1805 2497 1878 Ἐρκουλάνου
2526 1804 2810 1859 ἐπισκόπου
2840 1803 3035 1863 πόλεως
3066 1805 3367 1878 Περουσίας.

1974 1894 2208 1971 Φλόριδος
2251 1895 2279 1951 ό
2323 1895 2695 1954 εὐλαϐέστατος
2741 1894 3019 1955 ἐπίσκοπος
3071 1894 3224 1949 τοῦτό
3267 1915 3353 1966 μοι
3389 1898 3498 1949 νυνί

205 1988 443 2044 narravit
463 1987 733 2056 quoddam
764 1990 1118 2047 memorabile
1145 1992 1301 2048 valde
1334 1992 1657 2049 miraculum
1678 2035 1694 2060 ,
1717 1993 1799 2050 di-

1915 1988 2184 2061 Ξιηγήσατο
2221 1991 2281 2045 τὸ
2322 1993 2518 2060 μνήμης
2548 1985 2684 2051 ἄξιον
2703 1988 2896 2057 θαῦμα.
2927 1984 3098 2059 ’Ἔλεγε
3130 1985 3183 2041 δὲ
3211 1987 3397 2053 οὕτως,
3421 1987 3499 2042 ὅτι

207 2092 333 2133 cens
360 2093 382 2131 :
420 2078 511 2133 Vir
539 2080 913 2137 sanctissimus
939 2082 1267 2140 Herculanus
1294 2087 1522 2141 nutritor
1547 2102 1696 2143 meus
1723 2129 1738 2153 ,
1772 2096 1799 2125 ι

204 2167 479 2227 Perusina:
528 2173 761 2229 civitatis
803 2176 1092 2247 episcopus
1126 2179 1267 2248 fuit,
1295 2193 1360 2235 ex
1392 2181 1804 2237 conversatione

204 2267 519 2321 monasterii
547 2266 616 2322 ad
646 2268 998 2326 sacerdotalis
1035 2271 1243 2327 ordinis
1262 2276 1488 2343 gratiam
1518 2274 1800 2331 deductus.

207 2354 397 2416 Totila:
425 2368 603 2415 autem
632 2362 820 2428 perﬁdi
847 2364 991 2433 regis
1024 2365 1392 2433 temporibus,
1426 2367 1673 2423 eamdem
1705 2383 1801 2422 ur-

207 2450 327 2508 bem
370 2450 399 2490 1’
436 2452 593 2508 annis
641 2464 849 2524 septem
889 2457 1162 2513 continuis
1205 2458 1504 2515 Gothorum
1536 2462 1804 2516 exercitus

208 2544 440 2609 obsedit,
470 2561 536 2599 ex
567 2562 671 2615 qua
698 2547 855 2602 multi
886 2549 1085 2605 civium
1115 2551 1383 2621 fugerunt,
1407 2551 1497 2621 qui
1528 2551 1685 2607 famis
1712 2567 1807 2621 pe-

207 2635 437 2692 riculum
464 2635 609 2693 ferre
633 2653 742 2693 non
775 2649 1040 2708 poterant.
1069 2641 1228 2697 Anno
1258 2657 1387 2698 vero
1409 2643 1638 2714 septimo
1666 2658 1803 2699 non-

206 2727 333 2783 dum
386 2727 570 2797 ﬁnito,
616 2731 894 2787 obsessam
945 2733 1134 2788 urbem
1178 2733 1481 2790 Gothorum
1534 2736 1807 2792 exercitus

206 2820 449 2876 intravit.
484 2821 635 2877 Tunc
661 2838 852 2879 comes
880 2827 968 2893 qui
1002 2825 1180 2881 eidem
1221 2826 1481 2882 exercitui
1534 2837 1764 2896 praeerat
1787 2866 1803 2893 ,

202 2914 274 2969 ad
296 2928 486 2985 regem
517 2915 745 2973 Totilam
791 2919 1007 2975 nuntios
1039 2920 1219 2989 misit,
1252 2922 1545 2991 exquirens
1583 2923 1713 2992 quid
1741 2922 1810 2977 de

207 3007 467 3078 episcopo
500 3009 586 3063 vel
616 3012 809 3078 popqu
831 3011 945 3066 ﬁeri
963 3011 1203 3082 juberet.
1226 3011 1324 3068 Cui
1355 3014 1516 3085 θοι
1542 3013 1636 3068 ille
1672 3028 1811 3083 pra:-

206 3098 397 3167 cepit,
450 3097 675 3154 dicens:
710 3100 975 3171 Episcopo
1021 3104 1168 3172 prius
1221 3119 1251 3157 a
1298 3108 1501 3160 vertice
1541 3119 1712 3175 usque
1743 3105 1810 3159 ad

208 3188 539 3245 ealcaneum
570 3191 843 3261 corrigiam
870 3194 1029 3262 tolle,
1070 3204 1126 3251 et
1173 3205 1297 3251 tunc
1336 3205 1498 3267 caput
1543 3198 1661 3267 ejus
1700 3212 1815 3251 am-

208 3292 382 3352 puta;
419 3297 633 3340 omnem
668 3300 795 3341 vero
825 3289 1086 3357 populum
1129 3289 1221 3358 qui
1259 3288 1370 3343 illic
1418 3291 1667 3345 inventus
1697 3299 1809 3356 est,

209 3375 397 3446 gladio
421 3379 728 3450 exstingue.
761 3380 909 3436 Tunc
949 3381 1090 3436 idem
1129 3395 1314 3437 comes
1343 3383 1703 3438 venerabilem
1734 3383 1815 3437 vi-

212 3475 337 3521 rum
397 3464 757 3523 ilerculahum
811 3470 1122 3541 episcopum
1180 3485 1343 3540 super
1398 3471 1548 3526 urbis
1602 3486 1815 3526 murum

212 3553 507 3613 deductum
528 3560 706 3628 capite
736 3563 1041 3629 truncavit,
1074 3563 1302 3634 ejusque
1328 3573 1508 3619 cutem
1532 3562 1646 3631 jam
1675 3580 1820 3618 mor-

217 3647 297 3702 tui
326 3663 361 3703 a
390 3650 591 3706 vertice
620 3666 792 3722 usque
821 3654 888 3707 ad
919 3654 1235 3711 calcaneum
1265 3655 1483 3721 incidit,
1517 3664 1574 3710 ιιι
1600 3670 1665 3710 ex
1695 3653 1817 3724 ejus

218 3753 449 3809 corpore
494 3741 728 3812 corrigia
777 3744 986 3799 sublata
1018 3734 1319 3803 videretur.
1353 3747 1580 3816 Moxque
1618 3761 1818 3818 corpus

220 3830 367 3888 illius
390 3843 540 3888 extra
569 3849 781 3889 murum
802 3835 1046 3905 projecit.
1071 3838 1223 3893 Tunc
1249 3839 1489 3908 quidam,
1516 3838 1819 3893 humanita-

221 3923 293 3979 u's
324 3925 523 3994 pietate
550 3928 836 3997 compulsi,
864 3939 888 3967 ο
912 3930 1210 3986 abscissum
1232 3941 1392 4001 caput
1420 3933 1622 3988 cervici
1652 3947 1820 4004 appo-

221 4026 442 4092 nentes,
470 4032 589 4073 cum
614 4034 722 4074 uno
751 4022 973 4089 parvulo
1003 4021 1225 4087 infante,
1260 4025 1351 4092 qui
1381 4024 1491 4078 illic
1520 4024 1820 4079 exstinctus

222 4106 483 4164 iuventus
507 4118 585 4165 est
596 4110 749 4181 juxta
772 4128 1004 4180 murum,
1041 4129 1240 4183 corpus
1264 4115 1504 4185 episcopi
1526 4117 1821 4185 sepultura:

222 4201 582 4258 tradiderunt.
618 4205 860 4276 (lumque
890 4216 1011 4276 post
1041 4207 1290 4262 eamdem
1320 4208 1524 4263 caedem
1565 4208 1652 4263 die
1691 4224 1823 4277 qua-

220 4294 533 4365 dragesimo
568 4312 664 4354 rex
692 4298 865 4354 Totila
907 4301 1156 4371 jussisset
1201 4310 1259 4356 ut
1304 4303 1447 4355 cives
1498 4300 1650 4357 urbis
1679 4302 1821 4357 illius

222 4386 316 4459 qui
348 4388 590 4457 quolibet
618 4390 843 4459 dispersi
872 4402 1055 4447 essent
1102 4392 1170 4447 ad
1198 4408 1316 4448 eam
1351 4406 1469 4448 sine
1496 4393 1677 4461 aliqua
1709 4402 1822 4446 tre-

223 4478 504 4549 pidatione
534 4493 879 4551 remearent,
911 4484 962 4539 hi
996 4486 1088 4555 qui
1114 4485 1261 4553 prius
1294 4486 1491 4541 famem
1534 4485 1782 4556 fugerant
1807 4526 1821 4550 ,

224 4571 449 4628 vivendi
481 4574 690 4631 licentia
718 4585 941 4646 accepta
961 4578 1169 4633 reversi
1189 4588 1335 4633 sunt.
1366 4578 1495 4645 Sed,
1520 4577 1674 4646 cujus
1696 4578 1823 4631 vita:

224 4676 417 4719 eorum
437 4666 720 4737 episcopus
749 4668 926 4724 fuerat
946 4685 1234 4741 memores,
1262 4672 1350 4726 ubi
1381 4672 1651 4741 sepultum
1679 4681 1824 4726 esset

226 4770 427 4827 corpus
458 4759 603 4816 illius
628 4762 964 4831 quaesierunt
985 4804 998 4828 .
1036 4772 1094 4819 ut
1124 4764 1225 4819 hoc
1244 4763 1398 4831 juxta
1432 4764 1692 4818 honorem
1723 4762 1822 4816 de-

227 4780 427 4827 corpus
458 4780 603 4816 unus
628 4780 964 4831 queesrerunt
985 4804 998 4828 ,
1036 4780 1094 4819 υι
1124 4780 1225 4819 1100
1276 4780 1398 4818 uxta
1432 4780 1692 4818 honorem
1723 4780 1822 4816 ae-

227 4848 403 4908 bitum
452 4853 510 4908 in
552 4840 796 4911 Ecclesia
843 4856 984 4911 beati
1032 4856 1176 4912 Petri
1221 4780 1453 4926 airostoli
1513 4856 1822 4911 bumarent.

226 4940 477 5014 Cumque
504 4944 636 5001 itum
663 4955 808 5002 esset
838 4947 903 5001 ad
935 4948 1245 5016 sepulcrum
1265 4990 1281 5014 ,
1308 4947 1508 5004 etl‘ossa
1535 4955 1679 5002 terra
1698 4988 1714 5015 ,
1743 4946 1831 5001 in-

228 5046 502 5091 vencrunt
549 5051 743 5105 corpus
775 5040 923 5106 pueri
970 5040 1171 5109 pariter
1214 5039 1453 5107 bumati,
1502 5052 1693 5110 utpote
1719 5040 1831 5111 jam

226 5124 325 5181 die
355 5127 792 5198 quadragesimo,
831 5132 952 5186 tabe
978 5142 1310 5202 corruptum,
1336 5142 1392 5187 et
1410 5132 1687 5189 vermibus
1716 5130 1828 5201 ple-

228 5231 408 5285 num;
439 5233 636 5288 corpus
659 5235 789 5277 vero
812 5222 1049 5293 episc0pi
1073 5237 1138 5279 ac
1159 5222 1207 5279 si
1228 5222 1318 5280 die
1340 5222 1533 5280 eodem
1562 5230 1708 5280 esset
1735 5235 1826 5278 se-

324 5422 356 5450 ⁸
385 5412 521 5469 Urbs
540 5424 621 5471 est
648 5415 874 5471 Etruriae
900 5416 1255 5472 celeberrima
1293 5416 1359 5471 ad
1407 5415 1643 5472 Tiberim
1676 5456 1691 5480 ,
1722 5416 1835 5486 epi-

228 5492 473 5558 scopatu
504 5495 558 5540 et
584 5487 860 5543 acadetnia
884 5486 1126 5556 insignis.
1150 5486 1329 5554 Longa
1353 5487 1470 5558 ejus
1490 5486 1701 5543 obsidio
1718 5527 1733 5551 ,
1766 5487 1836 5558 de

273 5570 347 5611 ua
380 5554 486 5622 hic,
518 5572 677 5623 quam
704 5560 906 5612 munita
935 5554 1116 5625 fuerit,
1153 5554 1455 5627 probatfln
1486 5558 1673 5612 eadem
1701 5556 1835 5612 urbe

273 5572 347 5611 ua
380 5572 486 5622 mc,
518 5572 677 5623 quam
704 5572 906 5612 munita
935 5572 1116 5625 merit,
1153 5572 1366 5627 probat.
1397 5572 1455 5612 In
1486 5572 1673 5612 eadem
1701 5572 1835 5612 urbe

230 5572 313 5684 ᾗ.
339 5627 615 5698 Antonius
645 5630 713 5685 ab
742 5631 984 5698 Augusto
1020 5631 1278 5686 obsessus
1319 5632 1714 5698 fameicoactus
1752 5637 1836 5682 est

233 5697 581 5754 deditionem
629 5697 848 5768 [ποιοί
886 5700 1032 5759 unde
1076 5699 1416 5773 proverbium
1462 5697 1715 5754 Perusina
1755 5699 1836 5769 [a-

233 5787 375 5825 mes.

318 5842 351 5880 ι)
386 5842 608 5908 Quidam
639 5844 1034 5901 subodorantur
1077 5845 1360 5914 legendum
1398 5842 1653 5899 mensibus
1678 5882 1693 5907 ,
1728 5856 1834 5897 non

238 5913 411 5973 armis
433 5916 864 5987 septem.£orum
885 5913 1208 5991 conjecturae
1231 5917 1408 5990 nullus
1434 5930 1463 5973 e
1485 5915 1611 5973 Mss.
1637 5915 1836 5973 nostris

1845 3426 1893 3489 C

1904 2081 1932 2137 ό
1970 2081 2250 2155 ἆγιὼτατος
2289 2081 2415 2155 ἀνὴρ
2465 2078 2788 2154 Ἐρκουλᾶνος
2816 2078 2843 2133 ὁ
2878 2077 3163 2154 ἀναθρέψας
3202 2078 3377 2144 αὐτὸν,
3411 2086 3503 2138 τῆς

1902 2172 2099 2235 πόλεως
2128 2177 2413 2251 Ιιερουσίας
2442 2174 2721 2234 ἐπίσκοπος
2748 2174 2968 2245 γέγονεν,
2994 2176 3049 2226 ἐκ
3084 2180 3177 2233 τῆς
3218 2180 3503 2241 μοναχικής

1904 2270 2224 2343 ἀναστροφῆς
2261 2270 2331 2330 εἰς
2360 2268 2444 2322 τόν
2470 2275 2564 2327 τῆς
2594 2264 2877 2341 ἱερωσύνης
2906 2265 3102 2335 βαθμὸν
3148 2265 3328 2342 χάριτι
3374 2269 3505 2318 Θεοῦ

1906 2362 2171 2433 ἀναχθεὶς.
2205 2367 2327 2420 Τοῖς
2364 2358 2417 2414 δέ
2466 2366 2681 2432 χαιροῐς
2728 2364 2819 2413 τοῦ
2865 2355 3156 2417 δυσσεϐοῦς
3191 2356 3376 2411 Τοτίλα
3416 2360 3508 2409 τοῦ

1906 2456 2082 2533 ρησγός,
2113 2458 2203 2512 την
2240 2454 2393 2511 αὐτην
2420 2451 2564 2507 πόλιν
2595 2450 2728 2507 ἐπτὰ
2766 2448 2853 2507 ἔτη
2886 2446 3184 2510 σπουδαίως
3213 2448 3507 2522 ἐπολιόρκη-

1908 2567 1996 2601 σεν
2025 2545 2051 2600 ό
2076 2552 2177 2600 τῶν
2206 2543 2407 2598 Γότθων
2429 2543 2675 2617 στρατός.
2703 2545 2779 2600 Μή
2805 2539 3069 2611 δυνάμενοι
3099 2538 3153 2594 δέ
3176 2545 3266 2600 τήν
3291 2541 3512 2612 ἀνάγκην

1908 2644 2001 2695 τοῦ
2024 2638 2173 2707 λιμοῦ
2201 2632 2230 2673 ἀ
2262 2638 2531 2707 ὐπενέγκαι
2552 2676 2568 2701 ,
2595 2634 2769 2690 πολλοί
2812 2636 2867 2689 ἐκ
2916 2644 3012 2690 τῶν
3057 2633 3277 2689 πολιτῶν
3309 2631 3507 2705 ἔφυγον.

1910 2728 2071 2785 Οὔπω
2098 2728 2152 2784 δὲ
2172 2735 2263 2785 τοῦ
2286 2726 2500 2799 ἑϐδόμου
2536 2737 2559 2766 ⁸
2595 2728 2793 2800 χρόνου
2816 2728 3182 2800 πληρωθέντος,
3206 2729 3364 2803 ἥνπερ
3394 2727 3513 2781 ἐποο

1910 2821 2138 2897 λεόρκουν
2164 2818 2306 2875 πόλιν
2335 2820 2379 2874 οί
2410 2820 2597 2886 Γότθοι,
2637 2818 2945 2894 παρέλαϐον.
2976 2818 3100 2873 Τότε
3128 2817 3154 2873 ό
3182 2818 3340 2888 κόμης
3367 2816 3392 2872 ό
3418 2822 3512 2871 τοῦ

1913 2916 2065 2971 αὐτοῦ
2111 2920 2337 2989 στρατοῦ
2380 2917 2645 2988 προεστὼς
2693 2915 2827 2986 πρὸς
2865 2912 3080 2968 Τοτίλαν
3106 2914 3193 2968 τὸν
3221 2912 3353 2987 ῥῆγα
3383 2910 3516 2967 ἁπέ-

1913 3008 2105 3064 στειλεν
2143 3010 2345 3081 ἐρωτῶν
2374 3011 2495 3077 περὶ
2522 3015 2613 3063 τοῦ
2638 3008 2914 3062 ἐπισκόπου
2944 3010 3026 3063 καί
3053 3013 3143 3061 τοῦ
3173 3007 3324 3073 λαοῦ,
3350 3007 3400 3062 τί
3430 3026 3514 3061 κε·

1913 3100 2047 3157 λεύει
2069 3104 2258 3163 αὐτοὺς
2275 3103 2523 3174 γενέσθαι.
2549 3112 2603 3153 Ὁ
2634 3098 2687 3154 δέ
2898 3099 3150 3153 ἐκέλευσεν
3170 3098 3515 3171 αὐτῷ,λέιγων’

1916 3201 2013 3249 Τοῦ
2036 3192 2321 3249 ἐπισκόπου
2349 3200 2548 3267 πρῶτον
2572 3193 2674 3247 ἀπὸ
2700 3200 2793 3252 τῆς
2815 3200 3033 3265 κορυφῆς
3057 3193 3153 3251 ἕως
3181 3198 3271 3251 τῆς
3299 3191 3518 3264 πτέρνης

1924 3285 1944 3324 ί
1971 3288 2121 3362 λωρίν
2161 3289 2217 3341 ἐκ
2244 3294 2332 3344 τοῦ
2377 3285 2630 3358 δέρματος
2674 3282 2899 3359 ἕπαρον,
2926 3287 3009 3337 καὶ
3036 3284 3147 3338 τότε
3185 3288 3277 3341 την
3307 3281 3519 3353 κεφαλήν

1923 3380 2080 3434 αὐτοῦ
2108 3380 2355 3449 ἀπότεμε,
2386 3378 2558 3431 πάντα
2579 3375 2633 3431 δέ
2661 3378 2748 3431 τόν
2774 3376 2891 3430 λαόν
2922 3376 3009 3430 τόν
3032 3376 3195 3428 ἐκεῖσε
3227 3372 3517 3448 εὑρεθέντα,

1921 3473 1974 3526 ἐν
2000 3472 2243 3544 μαχαίρᾳ
2286 3468 2595 3524 ἀπόκτεινον.
2641 3467 2761 3523 Τότε
2789 3466 2815 3521 ό
2846 3467 2998 3525 αὐτὸς
3027 3464 3179 3536 κόμης
3207 3465 3291 3519 τὸν
3320 3461 3522 3516 εὐλαϐέο

1921 3582 2112 3619 στατον
2143 3559 2303 3636 ἄνδρα
2331 3560 2646 3635 Ἐρκουλὰνον
2682 3560 2768 3614 τὸν
2798 3560 3075 3613 ἐπίσκοπον
3102 3554 3273 3611 ἐπάνω
3301 3561 3401 3611 τῶν
3421 3574 3523 3611 τει·

1921 3656 2062 3728 χέων
2090 3663 2181 3715 τῆς
2211 3654 2408 3714 πόλεως
2437 3654 2729 3725 ἀνενέγκας,
2752 3656 2844 3711 τήν
2865 3650 3070 3722 assulis
3096 3649 3252 3704 αὐτοῦ
3276 3648 3520 3720 ἀπέτεμε.

1919 3755 2106 3822 Νεκροῦ
2137 3746 2193 3803 δὲ
2222 3749 2380 3804 αὐτοῦ
2407 3747 2580 3802 λοιπόν
2621 3743 2784 3814 ὄντος,
2818 3745 2919 3800 ἀπὸ
2945 3752 3038 3805 τῆς
3067 3750 3284 3818 κορυφῆς
3310 3742 3405 3802 ἕως
3430 3749 3521 3804 τῆς

1922 3844 2145 3915 πτέρνης
2170 3844 2229 3897 τὸ
2260 3840 2427 3917 δέρμα
2454 3839 2750 3912 διέσχισεν,
2777 3841 2862 3894 ἵνα
2890 3848 3014 3910 φανῇ
3067 3839 3122 3891 ἐκ
3157 3843 3247 3890 τοῦ
3285 3838 3525 3905 σώματος

1922 3937 2083 3991 αὐτοῦ
2129 3936 2281 4009 λωρὶν
2333 3935 2633 4009 ἐπαρθῆναι.
2688 3934 2893 3992 Εὐθέως
2934 3929 3074 3985 δὲτὸ
3105 3940 3346 3999 σκήνωμα
3372 3929 3526 3983 αὐτοῦ

1924 4025 2027 4093 ἔξω
2055 4032 2146 4081 τοῦ
2173 4028 2389 4097 τείχους
2417 4023 2616 4102 ἔρριψε.
2650 4024 2775 4079 Τότε
2802 4025 2933 4083 τινές
2956 4022 3243 4097 ἀνθρωπίνῃ
3268 4019 3526 4092 εὐσπλαγ-

1926 4124 2054 4196 χνίᾳ
2084 4121 2364 4179 νικηθέντες
2387 4159 2403 4184 ,
2426 4123 2517 4177 τήν
2551 4119 2854 4173 ἐκκοπεῖσαν
2878 4114 3037 4170 αὐτοῦ
3064 4112 3277 4187 κεφαλὴν
3298 4118 3371 4183 τῷ
3394 4132 3527 4186 τρα-

1927 4216 2073 4286 χήλῳ
2119 4216 2491 4271 ἐπιστήσαντες
2514 4249 2531 4275 ,
2571 4208 2681 4280 ἅμα
2724 4209 2829 4268 ἑνός
2875 4214 3063 4278 σεμνοῦ
3114 4205 3318 4262 παιδίου
3363 4204 3527 4259 ἐκεῖσε

1930 4307 2245 4378 ἐσφαγμένου
2276 4302 2605 4376 ίεύρεθέντος,
2648 4299 2861 4357 πλησίον
2906 4304 2999 4353 τοῦ
3027 4297 3241 4368 τείχους
3282 4296 3340 4351 τό
3379 4302 3531 4363 σῶμα

1926 4406 2017 4456 τοῦ
2045 4397 2324 4452 ἐπισκόπου
2351 4403 2413 4470 τῇ
2439 4401 2572 4468 ταφῇ
2595 4390 2914 4468 παρέδωκαν.
2947 4391 3098 4445 Μετὰ
3130 4387 3182 4444 δέ
3221 4389 3412 4444 ταύτην
3440 4388 3529 4441 την

1930 4488 2143 4555 ἅλωσιν,
2172 4487 2539 4563 παρελθουσῶν
2590 4486 2792 4559 ἡμερῶν
2838 4483 3243 4555 τεσσαράκοντα,
3298 4478 3529 4531 ἐκέλευσε

1928 4584 2140 4643 Τότιλας
2168 4581 2194 4636 ό
2217 4583 2327 4659 ρἠ,
2354 4581 2441 4635 ἵνα
2472 4577 2603 4635 ὅπου
2631 4575 2677 4633 δ’
2698 4574 2756 4631 ἂν
2784 4578 2830 4631 oi
2855 4586 2947 4637 τῆς
2982 4575 3173 4633 πόλεως
3209 4569 3393 4626 ἐκείνης
3430 4588 3528 4621 ποο

1931 4677 2065 4733 λῐται
2098 4674 2584 4749 διεσκορπίσθησαν,
2620 4672 2691 4732 είς
2731 4672 2888 4728 αὐτὴν
2919 4666 3039 4723 ἄνευ
3074 4674 3164 4724 τῆς
3190 4664 3396 4717 οίασοῦν
3424 4657 3530 4713 δει-

1932 4769 2044 4831 λίας
2071 4764 2463 4844 ὑποστρέψωσι.
2509 4764 2701 4822 Πάντες
2742 4756 2828 4815 οὖν
2868 4759 2913 4813 οί
2954 4757 3037 4812 διὰ
3065 4758 3149 4810 τόν
3176 4751 3314 4822 λιμόν
3356 4752 3533 4824 πρώην

1935 4862 2196 4938 φυγόντες,
2232 4861 2317 4914 καί
2335 4854 2426 4914 τοῦ
2454 4861 2541 4932 ζῇν
2568 4853 2741 4910 ἄδειαν
2766 4852 3025 4939 λαϐόνὶες,
3057 4850 3109 4902 ἐν
3135 4847 3261 4920 αὐτῇ
3284 4846 3533 4920 ὑπέστρε-

1937 4936 2061 5029 ψαν.
2103 4954 2527 5026 ’Υπομνησθέντες
2556 4948 2612 5005 δέ
2653 4948 2803 5006 ποίας
2848 4936 2978 5007 Cori-9
3007 4942 3031 4996 ό
3061 4942 3337 5000 ἐπίσκοπος
3365 4936 3543 4994 αῦτῶιι

1938 5051 2134 5124 γέγονε,
2166 5053 2266 5103 ποῦ
2303 5045 2361 5099 τὸ
2391 5032 2545 5112 σῶμα
2575 5041 2732 5093 αὐτοῦ
2762 5034 3062 5104 τεθαμμένον
3090 5033 3329 5108 ὑπῆρχεν
3357 5032 3535 5096 ἐζήτη-

1940 5163 2074 5207 σαν,
2118 5139 2261 5199 ὅπως
2291 5143 2443 5193 τοῦτο
2482 5140 2545 5210 τῇ
2582 5128 3013 5205 κεχρεωστημένῃ
3041 5135 3162 5201 τιμῇ
3190 5126 3238 5179 ἐν
3263 5133 3325 5201 τῇ
3361 5123 3534 5181 ἐκκλη·
3596 5148 3599 5149 ⁷

1945 5249 2038 5320 σία
2055 5251 2146 5301 τοῦ
2167 5242 2420 5318 μακαρίου
2443 5237 2630 5311 Πέτρου
2651 5239 2736 5291 τοῦ
2754 5231 3063 5289 ’Δποστόλου
3085 5229 3335 5300 θάψωσιν.
3357 5227 3534 5284 ’Δπελ-

1940 5414 2110 5471 favet.
2144 5412 2322 5470 Potuit
2349 5410 2455 5467 dici
2485 5408 2707 5480 obsessa
2731 5400 3265 5480 hmc_urbs_quandju
3294 5398 3537 5480 Totilaz,

1941 5486 2311 5561 Gothorumve
2334 5479 2603 5539 exercitus
2626 5493 2814 5550 agrum
2839 5472 3160 5532 Perusinum
3187 5472 3431 5529 Romano
3451 5472 3566 5561 vi-x

1942 5557 2541 5631 οἱηυῃιοοουρξιζωιιο,
2617 5624 2629 5631 _
2826 5622 2840 5631 .
3185 5615 3200 5631 .

2018 5609 2310 5700 ξ”ιὶίιὶιὲτῖ
2337 5609 2765 5695 Με.,ιώεεὶειιιη,
2793 5622 2860 5679 ab
2888 5618 3093 5684 abcido,
3114 5615 3205 5674 vel
3230 5609 3482 5687 abscide.“

2012 5698 2040 5739 ἀ
2071 5698 2196 5769 usi,
2222 5702 2509 5771 ὑπομεῖναι.

2020 5782 2044 5846 ξ
2225 5767 2478 5846 τοιῖἑπτᾴ
2506 5769 2716 5846 χρόνον.

2021 5841 2040 5883 ί
2074 5839 2196 5914 Μ5.,
2229 5843 2405 5920 λῶρον.
2432 5839 2731 5915 Δι’ᾗοειορ,
2754 5839 2922 5910 Αωρίν.
