3998 6356
907 203 914 208 ~
941 205 1037 218 ...ςα-

425 263 531 319 247
1638 254 1875 311 SANCTI
1917 251 2249 308 GHEGORII
2284 250 2497 307 MAGNI
3597 245 3707 304 2.58

421 374 658 447 ἀδελφοὶ,
689 375 963 432 παύσασθε
985 374 1186 438 λοιπον,
1214 371 1343 427 πολὺ
1377 373 1474 446 γὰρ
1518 369 1749 441 ἐκάμετε.
1777 368 2006 439 Ἐνέγκας
2043 367 2098 424 δὲ
2131 368 2351 443 τροφὰς,
2397 366 2527 437 μετὰ
2567 361 2652 418 τὸν
2691 361 2943 419 τοσούτου
2988 362 3218 432 καμάτου
3273 363 3452 427 κόπον,
3494 367 3713 429 τούτους

420 473 750 544 εὐφρανθῆναι
782 471 1044 527 πεποίηκε.
1096 469 1449 543 Κορεσθίντων
1496 465 1550 521 δέ
1595 467 1783 530 αὐτῶν,
1823 461 1958 521 εἶπεν
2010 467 2204 526 αὐτοῖς’
2257 468 2343 520 Μή
2399 463 2636 519 θελήσατε
2681 466 2770 514 τοῦ
2815 458 2995 512 λοιποῦ
3045 457 3191 512 κακὸν
3239 458 3456 530 πρᾶξαι,
3512 454 3603 514 εἴτι
3656 459 3714 516 δὲ

423 564 609 637 χρείαν
645 559 701 615 ἔκ
740 566 831 615 τοῦ
871 564 1029 617 κήπου
1062 556 1238 628 ἔχετε,
1280 557 1364 615 διὰ
1410 565 1500 618 τῆς
1542 555 1740 612 εἰσόδου
1795 557 2080 627 ἐλευθερίως
2119 554 2384 632 έρχόμενοι
2425 553 2734 616 αἰτήσασθε,
2782 553 2863 606 καὶ
2891 549 3002 619 μετ’
3025 549 3254 622 εὐλογίας
3290 548 3492 613 λάϐετε,
3525 551 3622 606 ἀπὸ
3658 550 3716 610 δὲ

425 661 521 711 τῆς
566 656 658 705 τοῦ
702 650 988 720 κλέμματος
1041 648 1299 724 ἁμαρτίας
1354 647 1611 703 ἐνδόσατε.
1659 648 1883 722 Παρευθὺ
1935 645 1988 701 δέ
2041 647 2251 716 λάχανα
2295 646 2613 714 συναχθῆναι
2674 643 2949 706 κελεύσας,
2993 642 3211 701 τούτους
3262 643 3565 715 φορτωθῆναι
3614 665 3717 702 πε.

421 745 620 800 ποίηκε.
670 743 846 814 Γέγονε
877 739 930 795 δέ
977 741 1108 795 ὥστε
1154 740 1200 793 οἰ
1229 745 1300 801 εἰς
1340 742 1425 796 τὸν
1450 749 1609 800 κῆπον
1641 741 1726 797 ὲπί
1757 741 1814 795 τὸ
1841 738 2019 812 κλέψαι
2057 740 2300 804 ἐλθόντες,
2332 740 2426 794 σὺν
2470 745 2544 811 τῷ
2578 739 2748 811 μισθῷ
2793 742 2886 793 τοῦ
2938 736 3166 807 καμάτου
3210 737 3374 792 αὐτῶν
3415 737 3683 807 ἐμπεπλησ
3705 773 3718 785 ο

421 833 581 905 μένοι,
608 834 692 886 καί
710 831 952 893 ἀϐλαϐεῖς
979 831 1390 909 ὑποστρέψωσιν.

501 933 573 979 Ἐν
605 923 738 995 ἄλλῳ
763 927 927 981 τοίνυν
955 934 1129 1001 καιρῷ,
1156 926 1276 989 ξένοι
1308 928 1440 986 τινές
1476 925 1603 1002 πρὸς
1631 925 1786 980 αὑτὸν
1813 924 2017 994 ἐλεημο·
2041 975 2043 986 ,

2193 925 2314 980 Alio
2364 937 2581 996 quoque
2634 931 2881 991 tempore
2929 928 3275 976 accesserunt
3317 921 3382 974 ad
3411 935 3534 976 eum
3567 936 3716 991 pere-

425 1020 586 1078 σύνην
623 1023 893 1085 ζητοῦντες
932 1021 1279 1095 παρεγένοντο,
1327 1018 1525 1097 ῥακὼδη
1580 1020 1759 1090 ἱμάτια
1799 1024 2022 1091 ἠμφιασ-

429 1112 590 1183 μᾶνοι·
617 1113 750 1167 ὥστε
771 1114 992 1184 γυμνοὺς
1017 1114 1204 1172 αὐτοὺς
1231 1112 1547 1186 θεωρεῖσθαι.
1579 1113 1781 1166 Τούτων
1815 1108 1869 1166 δέ
1908 1111 2026 1179 ἰμά-

432 1225 520 1260 τια
554 1212 581 1242 ⁸
609 1203 734 1274 παρ’
762 1206 917 1259 αὐτοῦ
945 1206 1278 1274 αἰτουμένων,
1315 1213 1580 1276 μυστικῶς
1618 1205 1778 1259 αὐτῶν
1809 1203 2023 1258 λαλούνο

431 1315 552 1360 των,
587 1292 896 1371 ὁᾶνθρωπος
926 1302 1016 1350 τοῦ
1048 1303 1176 1351 Θεοῦ
1198 1299 1430 1362 ἀκήκοεν,
1460 1294 1604 1358 ὅστις
1629 1297 1718 1352 ἕνα
1741 1304 1839 1352 τῶν
1867 1298 2027 1368 μαθη-

431 1396 534 1443 τῶν
557 1389 711 1443 αὺτοῦ
739 1385 768 1425 δ
795 1388 1308 1462 προσκαλεσάμενος,
1348 1399 1612 1460 μυστικῶς
1644 1391 1902 1445 ἐκέλευσεν
1928 1391 2028 1444 αὖ·

431 1487 529 1548 τῷ,
556 1478 730 1551 λέγων·
762 1476 974 1534 ’Δπελθε
1017 1482 1065 1534 ἐν
1104 1483 1261 1554 ἐκείνῃ
1291 1489 1353 1555 τῇ
1395 1482 1486 1555 ὕλῃ
1508 1520 1520 1541 ,
1554 1483 1624 1541 εἰς
1660 1479 1801 1535 τόνδε
1828 1481 1912 1536 τὸν
1938 1476 2028 1535 τό-

432 1590 548 1635 πον,
573 1573 656 1626 καὶ
678 1571 916 1646 εὑρήσεις
941 1571 1146 1648 δένδρον
1162 1573 1466 1645 ὑπόκουφον,
1496 1575 1546 1627 ἐν
1569 1575 1709 1648 αὐτῷ
1736 1573 2027 1647 ἑρεῦνησον,

432 1663 516 1730 καί
543 1662 675 1735 ἅπερ
700 1666 941 1733 εὑρήσεις
965 1666 1146 1735 ἱμάτια
1169 1663 1327 1738 ἄγαγε
1347 1686 1452 1736 μοι.
1477 1664 1724 1719 ’Δπελθών
1751 1664 1804 1720 δὲ
1834 1665 1858 1719 ὁ
1883 1663 2031 1721 ἆδελ-

432 1755 521 1827 96;
550 1755 714 1816 καθὼς
759 1755 1046 1831 ἐπετράπη,
1094 1761 1182 1812 καί
1225 1760 1559 1821 ἐπιζητήσας,
1588 1755 1705 1833 εὗρε
1748 1758 1805 1811 τὸ
1834 1754 2032 1831 δένδρον

431 1848 520 1900 καί
540 1847 824 1932 τάίμάτια.
855 1857 1030 1906 Ταῦτα
1055 1848 1108 1903 δέ
1139 1852 1360 1922 ἀγαγὼν,
1389 1851 1502 1905 κατ’
1530 1849 1662 1904 ἰδίαν
1694 1855 1766 1917 τῷ
1787 1847 2035 1906 διδασκά-

436 1937 509 2011 λῳ
530 1938 766 1994 δέδωκεν.
796 1938 958 2014 ’Δπερ
988 1941 1014 1996 6
1043 1947 1132 1996 τοῦ
1156 1948 1283 1997 Θεοῦ
1315 1939 1574 2016 ἅνθρωπος
1611 1940 1889 2011 δεξάμενος,
1927 1949 2036 2002 τοῖς

437 2032 618 2097 ξένοις,
670 2034 842 2094 οἵτινες
887 2036 956 2096 ὡς
999 2033 1140 2092 δῆθεν
1185 2039 1366 2108 γυμνοί
1398 2036 1576 2106 ἰμάτια
1606 2042 1837 2111 ᾐτοῦντο,
1870 2041 2040 2091 ταῦτα

436 2119 671 2190 δέδωκεν,
702 2125 854 2180 εἰπὼν
893 2127 1026 2201 πρὸς
1056 2127 1257 2186 αὐτοὺς·
1287 2124 1494 2184 Ἐπειδὴ
1533 2129 1714 2199 γυμνοί
1741 2128 2031 2200 ὑπάρχετε,

437 2218 615 2278 λάϐετε
637 2227 808 2277 ταῦτα
825 2224 910 2277 καί
934 2220 1238 2278 ἐνδύσασθε.
1267 2224 1590 2294 Θεασάμενοι
1619 2219 1707 2277 οὖν
1735 2225 1869 2278 αὐτά
1904 2225 2065 2294 ἐκεῐο,

2126 1015 2264 1088 grini
2289 1015 2504 1088 quidam
2548 1012 2971 1069 misericordiam
3015 1011 3380 1081 postulantes,
3417 1012 3598 1066 scissis
3628 1027 3716 1069 ve-

2126 1109 2316 1174 stibus,
2364 1107 2555 1178 pannis
2585 1104 2776 1171 obsiti,
2824 1104 2892 1158 ita
2945 1111 3004 1157 ut
3047 1117 3188 1173 pene
3229 1103 3357 1158 nudi
3386 1104 3717 1161 viderentur.

2127 1201 2369 1270 Cumque
2411 1200 2553 1254 hunc
2581 1197 2901 1254 vestimenta
2933 1205 3197 1266 peterent,
3230 1211 3418 1253 eorum
3448 1196 3611 1251 verba
3645 1197 3721 1251 vir

2130 1293 2340 1348 Domini
2380 1293 2574 1348 tacitus
2603 1290 2834 1354 audivit;
2867 1290 2958 1360 qui
2985 1306 3149 1346 unum
3180 1307 3248 1347 ex
3292 1291 3569 1362 discipulis
3611 1290 3721 1348 suis

2130 1385 2378 1457 protinus
2429 1385 2652 1439 silenter
2694 1381 2929 1452 vocavit,
2982 1382 3140 1453 eique
3181 1382 3454 1452 praecepit,
3497 1383 3720 1438 dicens:

2131 1477 2300 1541 Vade,
2334 1485 2494 1547 atque
2523 1477 2578 1530 in
2609 1475 2698 1531 illa
2725 1476 2865 1531 silva
2908 1475 2963 1530 in
2994 1475 3114 1531 loco
3145 1475 3234 1529 tali
3262 1488 3448 1530 cavam
3479 1478 3724 1536 arborem

2132 1571 2380 1642 require;
2423 1579 2481 1625 et
2510 1569 2829 1626 vestimenta
2866 1585 2985 1640 quae
3035 1569 3090 1625 in
3133 1585 3197 1626 ea
3239 1568 3518 1626 inveneris
3558 1569 3724 1626 defer.

2133 1661 2372 1732 Cumque
2413 1661 2706 1729 discipulus
2757 1660 3017 1726 abiisset,
3061 1659 3312 1716 arborem
3360 1660 3501 1715 sicut
3558 1661 3727 1720 fuerat

2132 1753 2338 1825 iussum
2389 1752 2707 1824 requisivit,
2755 1753 3070 1807 vestimenta
3116 1753 3352 1822 reperit,
3403 1760 3459 1808 et
3506 1753 3727 1809 latenter

2135 1846 2327 1902 detulit
2354 1846 2628 1917 magistro.
2680 1846 2809 1913 Qua:
2840 1846 2919 1900 vir
2951 1844 3047 1899 Dei
3077 1845 3399 1915 suscipiens,
3435 1845 3728 1914 peregrinis

2139 1938 2296 1994 nudis
2326 1947 2488 2008 atque
2519 1938 2822 2007 petentibus
2861 1938 3108 1993 ostendit
3147 1949 3200 1994 et
3236 1938 3482 2008 prmbuit,
3513 1938 3728 1993 dicens:

2137 2031 2350 2096 Venite,
2381 2032 2503 2103 quia
2547 2031 2676 2088 nudi
2712 2031 2866 2098 estis,
2904 2047 3033 2088 ecce
3075 2032 3246 2086 tollite
3267 2071 3282 2098 ,
3311 2041 3364 2088 et
3395 2032 3585 2088 vestite
3617 2047 3729 2090 vos.

2141 2123 2264 2180 [iam
2309 2124 2388 2179 illi
2432 2126 2735 2190 intuentes,
2773 2133 3199 2194 recognoverunt
3243 2139 3365 2193 qua:
3420 2133 3732 2193 posuerant,

2143 2233 2444 2289 magnoque
2479 2217 2682 2287 pudore
2711 2217 3041 2273 consternati
3092 2225 3245 2284 sunt;
3278 2228 3334 2272 et
3377 2218 3471 2287 qui
3514 2216 3732 2272 fraudu-

439 2335 534 2382 νοι,
563 2317 648 2372 καί
679 2317 1017 2389 ἐπιγνοῦντες,
1045 2316 1125 2372 ὅτι
1164 2317 1296 2390 ἅπερ
1330 2316 1563 2392 ἔκρυψαν
1597 2328 1619 2354 θ
1653 2321 1785 2381 εἰσι,
1817 2320 2032 2389 μεγίστη

2150 2310 2315 2366 lenter
2345 2309 2666 2366 vestimenta
2699 2308 3014 2380 quarebant
3039 2308 3236 2380 aliena,
3277 2308 3489 2366 confusi
3516 2325 3732 2380 recepe-

440 2407 657 2484 έντροπή
685 2411 872 2470 αὐτοὺς
898 2411 1176 2480 κατέσχεν.
1207 2419 1280 2464 Ἐν
1310 2408 1413 2481 ὅσῳ
1439 2409 1493 2464 δέ
1527 2411 1658 2481 μετὰ
1689 2408 1832 2464 δόλου
1859 2410 2037 2480 ἱμάτια

439 2500 683 2578 ἀλλότρια
707 2504 937 2569 ἐζήτουν,
969 2503 1436 2576 καταισχυνόμενοι
1463 2504 1528 2559 τὰ
1555 2501 1660 2559 ἴδια
1689 2502 1962 2559 ἀπέλαϐον.

513 2596 592 2652 Ἐν
621 2594 753 2669 ἄλλῳ
781 2599 933 2654 πάλιν
961 2607 1119 2676 καιρῷ
1151 2607 1264 2659 ταῖς
1297 2600 1482 2654 τούτου
1523 2599 1710 2668 εὐχαῖς
1743 2597 1916 2652 ἑαυτόν
1959 2618 2039 2658 τις

439 2690 858 2770 παρατιθέμενος,
891 2691 986 2749 δύο
1011 2689 1267 2764 σπυρίδας
1297 2687 1466 2763 ἄρτων
1490 2689 1699 2768 πλήρεις
1737 2691 1878 2758 αὐτῷ
1914 2690 2040 2745 ἀπέ-

439 2779 654 2836 στειλεν’
691 2781 716 2834 ὀ
755 2778 814 2835 δέ
853 2782 1005 2840 αὐτὸς
1031 2787 1154 2840 παῖς
1179 2784 1271 2838 τήν
1297 2783 1418 2848 μίαν
1460 2780 1509 2843 ἐξ
1540 2777 1709 2834 αὓτῶν
1755 2780 1806 2833 ἐν
1836 2786 1898 2852 τῇ
1939 2775 2040 2848 όδῷ

443 2869 730 2945 ἀπέκρυψε,
762 2875 852 2929 τήν
882 2869 935 2926 δὲ
975 2871 1154 2946 ἑτέραν
1198 2873 1330 2946 πρὸς
1378 2872 1462 2926 τὸν
1509 2867 1769 2946 ἄνθρωπον
1791 2876 1881 2926 τοῦ
1912 2874 2040 2924 Θεοῦ

441 2962 718 3036 imi/«15"
777 2967 861 3019 καί
912 2969 1001 3023 τήν
1051 2962 1251 3022 αἴτησιν
1303 2971 1392 3020 τοῦ
1439 2965 1834 3025 ἀποστείλαντος
1885 2965 2042 3020 αὐτόν

442 3057 723 3131 ἀνήγγειλε,
753 3064 940 3114 τοῦτον
959 3056 1045 3114 διὰ
1071 3066 1172 3114 τῶν
1210 3057 1384 3132 δώρων
1409 3067 1472 3132 τῇ
1509 3061 1644 3131 εὐχῇ
1687 3059 1847 3113 αὐτοῦ
1875 3079 2043 3132 παρα-

444 3152 720 3222 τιθέμενος.
747 3163 802 3206 Ὁ
830 3150 884 3206 δέ
903 3159 995 3208 τοῦ
1025 3160 1152 3208 Θεοῦ
1176 3151 1460 3227 ἄνθρωπος,
1490 3153 1674 3228 ἱλαρῶς
1702 3158 1866 3208 ταῦτα
1900 3150 2044 3217 δεξά-

447 3262 617 3312 μενος,
645 3243 733 3298 τόν
776 3245 925 3298 αὐτόν
969 3243 1132 3300 παῖδα
1156 3247 1424 3308 νουθετῶν,
1454 3243 1568 3318 ἔφη·
1595 3247 1752 3320 Χάριν
1783 3243 1814 3299 ἕ
1817 3267 1902 3314 χω
1930 3247 2039 3316 μέν,

446 3331 566 3388 ἀλλὰ
588 3333 738 3402 βλέπε
768 3337 858 3393 τήν
885 3334 1119 3412 σπυρίδα
1146 3337 1202 3395 ἣν
1224 3339 1274 3391 ἐν
1299 3346 1361 3411 τῇ
1393 3335 1491 3410 ὀδῷ
1518 3336 1730 3401 ἔθηκας,
1772 3342 1840 3408 μή
1861 3337 2048 3407 τολμή-

446 3443 544 3496 σῃς
581 3424 752 3493 ἀφυῶς
795 3425 926 3498 αὐτῇ
966 3427 1200 3498 ἐγγίσαι,
1234 3429 1513 3488 εὐσυνέτως
1539 3427 1592 3482 δέ
1619 3428 1810 3498 μᾶλλον
1829 3467 1843 3492 ,
1872 3426 2046 3488 ἐπειδή

449 3509 560 3585 ὄφις
587 3514 636 3566 ἐν
663 3516 796 3587 αὐτῇ
819 3516 1034 3581 εἰσῆλθε,
1069 3520 1154 3571 καί
1175 3520 1258 3572 ἐὰν
1280 3521 1450 3589 ἀφυῶς
1473 3521 1662 3576 ταύτην
1691 3522 1882 3592 ἐπᾶραι
1909 3519 2047 3576 θελή-

451 3622 566 3675 σῃς,
600 3602 789 3668 μέλλεις
820 3604 921 3659 ὑπὸ
959 3613 1050 3659 τοῦ
1090 3603 1246 3676 ὄφεως
1267 3606 1538 3678 δηχθῆναι.
1584 3607 1794 3669 Τούτοις
1842 3608 1895 3663 δέ
1935 3618 2048 3670 τοῖς

2138 2412 2263 2459 IIII
2283 2415 2398 2458 sua.

2212 2588 2335 2645 Alio
2374 2601 2587 2658 quoque
2614 2596 2859 2659 tempore
2906 2588 3123 2658 quidam
3158 2604 3218 2645 se
3257 2589 3375 2662 ejus
3402 2591 3735 2650 orationibus

2141 2681 2551 2748 commendans,
2582 2692 2796 2750 sportas
2834 2682 2968 2737 duas
3012 2683 3196 2752 plenas
3240 2683 3514 2738 alimentis
3557 2685 3611 2739 ei
3652 2700 3737 2754 per

2145 2791 2370 2847 puerum
2410 2776 2725 2843 transmisit,
2762 2792 2990 2847 quarum
3022 2792 3182 2832 unam
3226 2777 3368 2833 idem
3391 2793 3522 2847 puer
3561 2777 3736 2834 subri-

2144 2870 2283 2941 puit,
2315 2877 2476 2938 atque
2512 2869 2568 2924 in
2605 2869 2797 2925 itinere
2835 2869 3154 2925 abscondit:
3181 2886 3343 2926 unam
3386 2886 3516 2927 vero
3556 2871 3633 2926 ad
3653 2872 3738 2928 Dei

2145 2960 2418 3016 hominem
2462 2960 2674 3027 detulit,
2707 2972 2761 3016 et
2801 2963 3113 3031 petitionem
3147 2961 3290 3018 illius
3330 2964 3423 3032 qui
3464 2978 3525 3019 se
3554 2965 3606 3019 ei
3652 2980 3739 3036 per

2147 3054 2370 3110 lenium
2402 3054 2877 3111 commendaverat
2905 3058 3196 3112 enarravit.
3228 3058 3396 3125 Quam
3425 3061 3503 3113 vir
3529 3057 3739 3115 Domini

2146 3147 2379 3217 benigne
2407 3148 2740 3217 suscipiens,
2783 3149 3031 3206 eumdem
3073 3166 3296 3220 puerum
3328 3152 3632 3219 admonuit,
3665 3154 3738 3210 di-

2147 3241 2550 3297 censzcratias
2593 3241 2824 3310 agimus,
2867 3242 2962 3297 sed
3005 3243 3151 3309 vide,
3198 3256 3444 3313 sportam
3486 3261 3651 3315 quam
3690 3248 3738 3302 iu

2148 3334 2341 3389 itinere
2363 3333 2590 3404 posuisti
2616 3349 2684 3388 ne
2712 3334 2928 3390 incaute
2948 3345 3166 3408 tangere
3196 3353 3508 3407 praesumas,
3544 3341 3668 3411 quia
3691 3341 3738 3398 in

2151 3440 2269 3480 eam
2298 3440 2521 3494 serpens
2553 3425 2824 3496 ingressus
2863 3437 2968 3483 est.
3010 3429 3140 3484 Esto
3168 3444 3297 3500 ergo
3337 3432 3627 3500 sollicitus,
3675 3447 3737 3489 ne

2152 3515 2200 3570 si
2229 3516 2415 3571 tollere
2445 3516 2661 3572 incaute
2689 3517 2947 3583 volueris,
2987 3534 3018 3574 a
3057 3532 3310 3589 serpente
3339 3522 3576 3578 feriaris.
3623 3524 3738 3592 Qui-

2154 3605 2253 3662 bus
2285 3607 2461 3662 verbis
2504 3622 2638 3676 puer
2685 3608 2841 3665 valde
2871 3610 3158 3675 contusus,
3192 3613 3488 3668 exsultavit
3529 3615 3738 3684 quidem

452 3691 622 3764 λόγοις
649 3693 847 3769 σφόδρα
873 3695 899 3750 6
922 3703 1044 3756 παῖς
1065 3702 1482 3768 καταισχυνθεὶς,
1509 3701 1654 3754 πάλιν
1680 3700 2043 3770 ἠγαλλιάσατο,

2154 3698 2296 3769 quod
2320 3709 2546 3754 mortem
2569 3701 2820 3769 evaserit,
2846 3701 2942 3756 sed
2966 3701 3130 3758 tristis
3149 3701 3177 3740 τι
3199 3703 3264 3758 ad
3288 3704 3556 3760 modicum
3582 3706 3739 3762 factus

454 3780 542 3838 ὅτι
567 3783 649 3838 τὸν
674 3783 889 3841 θάνατον
921 3787 1169 3859 ἀπέφυγε.
1214 3785 1311 3859 Κᾷν
1344 3792 1442 3862 γὰρ
1472 3791 1690 3864 στυγνός
1719 3795 1850 3868 πρὸς
1889 3793 2051 3866 ὀλίγον

455 3873 654 3944 ἐγένετο
679 3872 767 3931 δεά
789 3880 880 3935 τήν
900 3879 1176 3948 αἰσχύνην,
1205 3877 1330 3937 πλήν
1372 3878 1507 3953 ὅμως
1537 3882 1837 3957 σωτηριὼδη
1877 3885 2051 3956 βάσα-

457 3982 541 4020 νον
567 3968 756 4026 ταύτην
795 3965 1019 4033 ἐδέξατο.
1060 3967 1416 4045 Ὑποστρέψας
1460 3971 1514 4028 δέ
1556 3977 1628 4034 εἰς
1672 3982 1760 4035 τήν
1800 3977 2049 4050 σπυρίδα,

458 4058 618 4118 καθὼς
645 4057 670 4112 ὁ
697 4064 791 4113 τοῦ
846 4065 976 4114 Θεοῦ
1024 4056 1277 4136 ἄνθρωπος
1315 4073 1575 4138 προεῖπεν,
1618 4062 1784 4142 εὗρεν,
1825 4065 1902 4124 ὅτι
1944 4066 2052 4140 ὄφις

459 4149 649 4208 ταύτην
677 4151 963 4228 ἐπεκράτει.
996 4150 1160 4213 Οὗτος
1200 4157 1364 4210 τοίνυν
1405 4165 1467 4230 τῇ
1505 4155 1712 4228 δυνάμει
1753 4168 1844 4221 τῆς
1871 4161 2050 4236 ir,qu-

460 4246 599 4302 τείας
619 4285 633 4307 ,
665 4246 750 4298 καί
780 4251 844 4318 τῇ
872 4249 964 4299 τοῦ
995 4251 1306 4318 προφητικοῦ
1337 4249 1626 4317 πνεύματος
1676 4252 1858 4326 χάριτι
1893 4273 2051 4306 κατα-

459 4326 818 4401 λαμπόμενος,
846 4333 1019 4389 πάντα
1045 4336 1113 4389 τά
1158 4336 1522 4409 παρερχόμενα
1564 4342 1851 4412 πράγματα
1895 4363 2053 4397 κατα-

460 4419 660 4492 λείψας,
703 4425 840 4482 πάνυ
891 4426 1184 4500 καρτερικός
1231 4427 1279 4480 ἐν
1319 4435 1380 4502 τῇ
1431 4431 1562 4502 εὐχῇ
1593 4431 1852 4504 ὑπῆρχεν,
1903 4435 1971 4494 ὧς
1998 4455 2053 4490 τε

459 4511 688 4586 μεγάλως
726 4516 777 4568 ἐν
806 4516 976 4589 τούτῳ
1020 4514 1319 4593 διαπρέπειν
1365 4519 1533 4582 αὐτόν.
1581 4519 1665 4574 Ἓν
1713 4520 1766 4577 δέ
1820 4525 1869 4577 ἐν
1913 4529 2056 4600 αὐτῷ

459 4614 676 4683 πρᾶγμα
703 4594 962 4683 μεμπτέον
981 4612 1301 4685 νομιζόμενον
1331 4609 1458 4669 εἶναι
1500 4616 1782 4692 ἐθεωρεῐτο.
1815 4594 2052 4680 Teo-mitia

2158 3800 2273 3854 est,
2317 3793 2439 3860 quia
2471 3793 2713 3862 quamvis
2745 3793 3013 3849 salubrem
3045 3810 3290 3865 pmnam,
3323 3807 3501 3852 tamen
3531 3797 3739 3868 pertulit

2157 3882 2530 3938 verecundiam
2567 3898 2738 3938 suam.
2772 3885 2872 3954 Qui
2907 3901 3156 3943 reversus
3200 3889 3267 3942 ad
3299 3899 3557 3960 sportam,
3593 3900 3740 3946 caute

2159 3991 2225 4031 ac
2251 3976 2479 4032 sollicite
2503 3978 2752 4044 attendit,
2782 3979 2878 4034 sed
2905 3995 3024 4035 eam
3048 3981 3180 4050 jam,
3215 3983 3352 4038 sicut
3381 3984 3461 4037 vir
3491 3984 3587 4038 Dei
3614 3999 3740 4052 prae-

2158 4069 2390 4134 dixerat,
2419 4083 2643 4139 serpens
2673 4070 2907 4127 tenebat.
2949 4071 3047 4126 Hic
3077 4071 3255 4142 itaque
3284 4088 3404 4127 cum
3432 4075 3633 4130 virtute
3658 4075 3743 4130 ab—

2158 4161 2447 4229 Stinetttim,
2477 4172 2784 4232 contemptu
2814 4179 2992 4218 rerum
3023 4166 3434 4232 transeuntium,
3457 4168 3742 4236 prophetia:

2156 4254 2371 4322 spiritu,
2418 4253 2678 4309 orationis
2719 4254 3017 4310 intentione
3062 4265 3210 4311 esset
3259 4256 3743 4325 incomparabiliter

2161 4345 2438 4416 prmditus,
2473 4360 2638 4400 unum
2669 4355 2784 4400 erat
2809 4346 2953 4415 quod
2993 4347 3045 4401 in
3077 4361 3144 4402 eo
3184 4347 3607 4417 reprehensibile
3633 4362 3744 4404 esse

2159 4437 2460 4505 videbatur,
2487 4436 2631 4508 quod
2660 4451 3041 4508 nonnunquam
3073 4448 3219 4495 tanta
3248 4441 3298 4497 ei
3327 4439 3508 4496 lattitia
3554 4443 3742 4508 iuerat,

2161 4537 2222 4585 ut
2251 4528 2355 4584 illis
2386 4537 2464 4584 tot
2489 4528 2775 4586 virtutibus
2821 4529 2923 4587 nisi
2948 4531 3175 4587 sciretur
3205 4546 3325 4588 esse
3353 4532 3564 4603 plenus,
3608 4531 3743 4588 nullo

2160 4621 2321 4676 modo
2351 4620 2684 4676 crederetur.

459 4703 564 4777 γὰρ
588 4702 872 4777 εὐφροσύνη
899 4711 1143 4775 συνεχῶς
1169 4703 1220 4759 ἐν
1249 4707 1388 4780 αὐτῷ
1414 4707 1676 4785 ὑπῆρχεν,
1711 4707 1792 4766 ὅτι
1840 4714 1882 4765 εἰ
1911 4717 1980 4783 μή
2005 4733 2084 4775 τις
2115 4715 2268 4771 αὐτόν
2302 4715 2537 4787 ἐγίνωσκε
2581 4713 2861 4778 τοσαύταις
2906 4714 3181 4787 δυνάμεσιν
3219 4714 3438 4787 ἔμπλεον
3477 4713 3624 4786 εἶναι,
3667 4720 3744 4775 οὺς

464 4787 642 4863 δαμῶς
669 4796 791 4867 περί
819 4794 971 4849 αὐτοῦ
993 4795 1317 4852 ἐπίστευσεν.

534 4885 711 4934 ΠΕΤΡ.
742 4885 802 4934 Τί
827 4891 981 4939 τοῦτο
1009 4880 1138 4941 εἶναι
1158 4889 1386 4961 λέγομεν,
1419 4890 1548 4945 αἰτῶ
1587 4906 1679 4958 σε;
1712 4893 1885 4967 Οίκείᾳ
1924 4915 2043 4971 προ·

2235 4895 2402 4949 Pern.
2463 4894 2758 4964 Quidnam,
2811 4911 2992 4965 quaeso
3041 4907 3122 4968 te,
3177 4901 3279 4956 hoc
3324 4916 3445 4958 esse
3491 4902 3748 4960 dicimus?

471 4972 612 5027 θέσει
642 4972 952 5046 χαυνότερον
977 4978 1062 5035 τὸν
1089 4988 1182 5041 τῆς
1222 4983 1530 5057 εὐφροσύνης
1567 4987 1776 5057 χαλινόν
1810 4990 1994 5064 ἐπῇρε,
2029 4989 2059 5050 ἧ

467 5065 752 5127 τοσαύταις
791 5064 1067 5141 δυνάμεσιν
1096 5077 1356 5143 αὐξάνων,
1399 5082 1478 5134 καί
1521 5089 1613 5142 τῆς
1651 5083 1839 5138 τούτου
1875 5082 2059 5153 ψυχῆς

470 5155 900 5230 έπιλαμπομένης,
927 5165 1056 5242 πρὸς
1082 5171 1171 5225 τήν
1194 5175 1465 5244 παροῦσαν
1496 5174 1664 5249 χαρὰν
1702 5177 2057 5251 παρεσύρετο;

470 5313 612 5384 nus:
644 5300 899 5384 Δρισανίαι
924 5308 1189 5384 Γραικιστί
1213 5309 1272 5384 αξ
1292 5315 1531 5384 πρασιαὶ.
1562 5311 1618 5368 In
1649 5313 1782 5369 Cob.
1810 5311 1974 5384 Regio
1993 5314 2068 5371 le-

473 5371 636 5508 stur,
682 5371 1181 5450 λασὼια,⁹πρασιαι
1226 5371 1387 5448 (for'te
1436 5387 1678 5457 πρασιαὶ)
1720 5389 1787 5442 τά
1828 5371 1918 5458 μή,
1959 5396 2064 5442 etc.

527 5456 807 5508 uocunque
858 5445 1019 5500 modo
1069 5446 1217 5501 locus
1265 5449 1352 5503 hic
1399 5451 1624 5508 legatur.
1663 5457 1933 5508 discrepat
1962 5456 2064 5508 Za-

527 5456 807 5526 uocunqug
858 5445 1027 5526 modo,
1069 5445 1352 5526 l_ncu_s'l_t_ic
1399 5445 1624 5526 legatur,
1659 5445 1933 5526 discrepat
1962 5456 2066 5512 Za-

476 5512 690 5597 clotarias
713 5511 1131 5597 βέβριθερβ
1155 5519 1393 5577 oleribus
1415 5511 2068 5597 intellig'itﬂquardespa-

477 5584 570 5637 tiis
598 5584 810 5665 incultis
838 5584 1143 5665 borti_dixit
1170 5600 1384 5665 sanctus
1411 5584 1626 5652 Doctor.
1679 5584 1768 5654 Sic
1810 5584 2066 5665 explicari

477 5662 722 5736 possunt.
753 5656 916 5736 verba
962 5657 1147 5736 Graeca
1173 5678 1189 5721 ,ε
1229 5661 1464 5722 Oleribus
1508 5667 1753 5736 fodiendo
1807 5656 2065 5726 ruituram

473 5739 584 5809 qua
611 5725 907 5797 indigebant
931 5728 1280 5791 adhibuerunt.

2168 4985 2369 5056 Sponte
2395 4985 2495 5043 sibi
2527 4987 2727 5042 lzetitiae
2777 4986 2927 5042 trena
2979 4988 3210 5058 laxabat,
3243 5008 3311 5046 an
3359 5003 3437 5048 tot
3467 4995 3744 5050 virtutibus

2171 5080 2394 5151 pollens,
2408 5079 2696 5150 aliquando
2717 5081 2784 5136 ad
2810 5097 3046 5152 presens
3067 5086 3316 5156 gaudium
3337 5089 3499 5146 etiam
3522 5092 3744 5149 renitens

2169 5174 2287 5244 ejus
2307 5173 2516 5228 animus
2538 5172 2886 5229 trahebatur?

2246 5322 2272 5397 ξι
2303 5313 2425 5379 Ms.,
2457 5309 2617 5369 αὐτοῦ
2639 5313 2797 5369 αἰτεῖν
2823 5311 3099 5386 μελλόντων
3126 5319 3209 5372 καί
3239 5326 3537 5397 μυατηριῶς
3568 5318 3642 5376 ἴτε
3666 5319 3746 5375 λει-

2170 5387 2408 5442 λούντων.

2243 5455 2270 5496 δ
2300 5456 2424 5521 MS.,
2473 5459 2989 5531 προσκαλεσάμενος,
3037 5458 3259 5534 κρυφίως
3303 5457 3444 5530 αὺτῷ
3500 5462 3742 5525 ἓκᾶευσε,

2169 5529 2340 5603 λέγων.

2246 5611 2269 5639 ε
2299 5599 2424 5666 Ms.,
2458 5602 2559 5656 εἱσι
2601 5601 2686 5656 καὶ
2722 5603 3127 5660 κατανοήσαντες
3173 5601 3505 5672 μεγίστην...

2175 5674 2279 5781 ϐενέ
2313 5741 2538 5813 Longip.
2573 5752 2626 5800 et
2656 5743 2868 5815 plurimi
2890 5743 3100 5812 Norm.,
3127 5744 3422 5801 admodum.

3547 5603 3743 5658 κατέλα·
