3998 6356
162 311 315 367 .249

1411 306 1860 365 DIALOGORIJM
1897 305 2099 363 LIBER
2140 308 2219 363 Ill.

3367 318 3471 380 250

284 427 513 482 Gneoon.
552 422 738 492 Magna
778 429 884 487 est,
932 421 1111 487 Petre,
1151 425 1530 493 ommpotentis
1558 423 1653 479 Dei
1698 424 1783 479 di-

1961 435 2199 481 I‘PHI‘OP.
2228 428 2453 500 Μεγάλη,
2487 431 2638 504 Πέτρε
2655 471 2667 493 ,
2701 430 2932 504 ὑπάρχει
2958 439 3051 487 τοῦ
3080 435 3468 510 παντοδυνάμου

221 516 493 589 spensatio,
518 525 571 569 et
592 516 905 583 plerumque
922 512 1180 585 contingit
1198 523 1256 570 ut
1274 513 1438 586 308
1456 514 1650 585 quibus
1669 528 1786 570 ma-

174 678 183 693 '
218 611 326 685 jora
354 609 486 664 bona
533 614 768 675 prastat,
802 605 1047 675 quaedam
1077 608 1283 661 minora
1330 622 1437 661 non
1487 608 1702 671 tribuat,
1726 616 1789 663 ut

174 709 186 745 ἑ·
220 717 417 771 witper
442 714 627 755 eorum
656 698 863 752 animus
888 696 1079 752 habeat
1102 698 1245 753 unde
1275 712 1337 755 se
1365 699 1478 769 ipse
1505 697 1789 767 reprehen-

174 780 177 788 ’
218 796 322 859 dat;
353 801 612 864 quatenus
637 790 763 845 dum
809 799 1062 859 appetunt
1106 788 1326 859 perfecti
1360 805 1503 856 esse,
1534 806 1635 847 nec
1660 806 1785 861 pos-

215 895 355 949 sunt,
388 895 441 941 et
470 883 713 939 laborant
757 882 809 935 in
848 880 950 936 hoc
990 880 1132 953 quod
1174 896 1281 936 non
1309 891 1654 951 acceperunt,
1686 897 1788 939 nec

214 990 379 1035 tamen
432 974 725 1033 laborando
754 972 1065 1044 praevalent,
1104 973 1156 1028 in
1188 973 1270 1029 his
1297 990 1416 1045 qua:
1443 984 1661 1045 accepta
1692 974 1789 1030 ha-

214 1072 327 1126 bent
355 1084 417 1124 se
447 1067 664 1123 minime
692 1065 973 1132 extollant,
1004 1065 1099 1121 sed
1124 1066 1329 1122 discant
1353 1068 1474 1138 quia
1504 1081 1570 1121 ex
1590 1078 1789 1123 semet-

148 1172 181 1199 ⁸
212 1162 330 1232 ipsis
375 1160 578 1230 majora
610 1168 636 1198 ι
667 1159 804 1214 bona
846 1172 950 1213 non
980 1157 1208 1225 habent,
1247 1158 1337 1228 qui
1387 1160 1439 1214 in
1483 1159 1787 1229 semetipsis

211 1254 417 1311 vincere
445 1268 602 1323 parva
628 1252 753 1307 vitia
784 1261 943 1322 atque
967 1262 1208 1308 extrema
1237 1267 1342 1309 non
1375 1261 1621 1323 possunt.
1652 1252 1788 1310 Hinc

210 1356 284 1404 est
322 1346 467 1402 enim
498 1345 639 1415 quod
670 1344 930 1415 perducto
961 1342 1216 1399 Dominus
1261 1345 1329 1399 ad
1360 1355 1555 1402 terram
1598 1359 1786 1414 repro-

209 1437 469 1494 missionis
501 1438 717 1506 populo,
757 1446 980 1492 cunctos
1012 1435 1178 1491 fortes
1220 1445 1380 1507 atque
1422 1447 1783 1507 praepotentes

208 1530 533 1585 adversarios
560 1529 677 1599 ejus
703 1530 1068 1599 exstinguens,
1094 1527 1437 1584 Philisthmos
1463 1539 1622 1600 atque
1643 1528 1788 1585 Cha-

207 1634 419 1675 nanreos
448 1619 646 1674 diutius
673 1620 989 1684 reservavit,
1023 1628 1105 1685 ut,
1134 1618 1272 1675 sicut
1310 1620 1569 1689 scriptum
1599 1632 1701 1689 est,
1732 1621 1787 1678 in

205 1713 276 1768 eis
301 1713 634 1780 experiretur
655 1712 814 1768 Israel
835 1710 987 1782 (Jud.
1014 1727 1093 1775 tu,
1117 1711 1172 1782 4)
1197 1729 1211 1778 ;
1236 1712 1358 1782 quia
1380 1727 1784 1784 nonnunquam,

1892 524 2018 574 Θεοῦ
2044 522 2074 578 ἠ
2102 522 2371 592 οἰκονομία.
2399 517 2543 576 Ὀθεν
2569 522 2802 585 πολλάκις
2828 525 3124 596 συμϐαίνει,
3157 527 3236 585 ὅτι
3276 534 3471 603 μεγάλοι

1891 611 2050 681 307
2082 614 2248 683 ἀγαθά
2282 635 2388 671 τισι
2424 617 2771 688 παρέχουσα,
2818 627 3138 695 παραχωρεῖ
3180 622 3229 677 ἐν
3272 625 3475 687 τούτοις

1893 709 1977 762 καί
2002 708 2156 782 μικρά
2181 707 2514 777 ἐλαττώματα
2541 709 2924 773 ὑπολείπεσθαι,
2953 712 3038 767 ἶνα
3065 714 3281 769 πάντοτε
3303 717 3475 771 αὐτῶν

1891 798 1923 855 ἡ
1950 795 2104 867 ψυχὴ
2127 794 2236 871 ἔχῃ
2267 796 2376 852 ὅθεν
2400 798 2575 871 ὀφείλει
2603 801 2789 859 ἑαυτὴν
2815 802 3122 867 ὗποπιέζετν
3151 804 3234 859 ’ίνα
3277 803 3329 860 ἐν
3364 804 3475 878 ὅσῳ

1890 889 2312 959 ὑπολαμϐάνουσι
2332 891 2508 948 τέλειοι
2534 887 2658 947 εἶναι
2677 932 2692 957 ,
2719 895 2805 949 καί
2833 894 3151 969 εὑρίσκουσιν
3182 897 3396 959 ἑαυτοὺς
3427 900 3478 955 ἔν

1890 979 2242 1053 ἐλαττώμασιν
2288 978 2457 1048 ὄντας,
2501 986 2732 1057 κάμνωσι
2757 984 2925 1042 λοιπόν
2964 989 3013 1042 ἐν
3038 991 3262 1055 τούτοις,
3298 988 3478 1071 οἵσπερ

1891 1074 1982 1128 οὐκ
2002 1072 2204 1130 ἔλαϐον.
2227 1073 2357 1129 Οὐδὲ
2383 1078 2479 1151 γὰρ
2508 1085 2783 1138 κοπιῶντες
2817 1076 2883 1133 δι’
2919 1080 3114 1134 ίκείνων
3150 1089 3247 1136 τῶν
3288 1103 3476 1159 κατορ-

1892 1168 2137 1238 θωμάτων
2156 1209 2171 1236 ,
2212 1166 2380 1246 ὧνπερ
2416 1170 2653 1231 λαϐόντες
2683 1168 2880 1242 ἔχουσι
2899 1214 2911 1232 ,
2945 1170 3185 1228 δύνανται
3208 1182 3308 1230 τῶν
3328 1175 3480 1231 ίλατ-

1892 1263 2139 1329 τωμάτων
2167 1264 2514 1333 κατισχύσαι,
2541 1263 2621 1317 ἶνα
2647 1267 2715 1334 μὴ
2744 1262 3144 1339 ὑπεραίρωνται.
3182 1262 3261 1318 Ἐκ
3295 1268 3480 1320 τούτου

1891 1350 1981 1409 οὖν
2022 1356 2466 1427 ἐπιγινώσκουσιν,
2500 1352 2582 1410 ὅτι
2609 1353 2720 1410 οὐδὲ
2745 1359 2835 1415 τὰς
2878 1359 3123 1430 μεγίστας
3165 1359 3349 1430 ἀρετάς
3396 1357 3480 1430 ἀφ’

1892 1445 2087 1503 ἑαυτῶν
2122 1445 2342 1518 ἔχουσιν
2361 1488 2375 1513 ,
2406 1448 2587 1507 οἵτινες
2614 1448 2769 1523 μικρά
2804 1451 2887 1502 καί
2917 1446 3169 1520 οὐδαμινά
3209 1450 3481 1520 σφάλματα

1892 1546 2092 1596 νικῆσαι
2119 1541 2179 1593 οἰ)
2206 1537 2461 1594 δύνανται.
2504 1540 2737 1593 Τοιοῦτόν
2778 1561 2830 1594 τι
2866 1540 2965 1615 γάρ
3001 1540 3114 1594 ἐστι
3140 1542 3221 1595 καί
3259 1541 3318 1595 τὸ
3347 1543 3397 1596 ἐν

1890 1627 1997 1702 θείᾳ
2017 1636 2182 1705 γραφῇ
2211 1632 2447 1701 κείμενον,
2474 1631 2758 1703 εἰσαγαγών
2784 1633 2885 1707 γάρ
2920 1632 2970 1684 ἕν
3004 1640 3066 1707 τῇ
3098 1640 3163 1707 γῇ
3190 1641 3282 1693 τῆς
3318 1633 3481 1706 ἐπαγ-

1892 1719 2061 1793 γελίας
2088 1721 2175 1777 τόν
2197 1721 2311 1776 λαόν
2331 1727 2419 1777 τοῦ
2450 1719 2651 1795 ἰσραηλ
2678 1720 2704 1776 ὁ
2730 1723 2924 1793 κύριος,
2953 1725 3150 1784 πάντας
3169 1727 3290 1785 τοὺς
3319 1725 3368 1778 iv
3391 1723 3482 1781 δυ-

206 1815 258 1861 υι
281 1805 480 1860 tlictutn
511 1815 617 1873 est,
655 1804 733 1860 eis
760 1805 923 1859 etiam
951 1804 1145 1873 quibus
1170 1819 1362 1874 magna
1402 1804 1542 1859 dona
1570 1806 1780 1873 tribuit,

1901 1811 2041 1882 νάμει
2072 1815 2156 1866 καί
2180 1813 2339 1883 ἰσχῦί
2375 1811 2663 1874 ἀντιδίκους
2705 1816 2872 1870 αὐτῶν
2915 1816 3291 1891 ίξωλόθρευσεν.
3322 1815 3401 1873 ἐκ
3428 1816 3484 1875 di

204 1911 352 1967 parva
394 1898 642 1968 quaedam
684 1895 1127 1966 repreliensibilia
1162 1896 1451 1967 relinquit,
1484 1909 1542 1952 ut
1568 1911 1784 1967 semper

204 1985 426 2044 habeant
450 1997 636 2044 contra
665 1987 807 2059 quod
840 1988 1037 2046 bellum
1077 1998 1289 2058 gerant,
1324 1998 1379 2044 et
1407 1989 1633 2045 devictis
1661 2004 1780 2045 ma-

202 2080 309 2150 gnis
329 2079 577 2137 hostibus
603 2088 837 2135 mentem
864 2094 970 2134 non
992 2079 1225 2149 erigant,
1247 2080 1459 2149 quando
1485 2094 1580 2136 eos
1607 2080 1785 2137 adhuc

202 2172 481 2229 adversarii
520 2174 683 2229 etiam
715 2171 922 2227 minimi
955 2170 1197 2241 fatigant.
1238 2171 1323 2227 Fit
1357 2172 1536 2242 itaque
1563 2182 1621 2226 ut
1646 2173 1787 2229 miro

203 2265 352 2323 modo
384 2281 494 2321 una
523 2262 822 2332 eademque
867 2277 1018 2319 mens
1066 2271 1122 2319 et
1160 2264 1356 2320 virtute
1385 2263 1605 2333 polleat,
1635 2272 1691 2319 et
1718 2278 1786 2320 ex

202 2356 504 2413 inﬁrmitate
526 2357 805 2421 lassescat,
833 2362 1097 2425 quatenus
1125 2363 1181 2410 et
1203 2353 1233 2394 ιι
1261 2369 1327 2411 ex
1356 2363 1509 2424 parte
1536 2364 1784 2410 constru-

202 2460 281 2507 cta
306 2453 396 2516 sit,
427 2458 485 2505 et
511 2464 577 2504 ea
608 2456 760 2518 parte
787 2461 847 2503 se
872 2446 1170 2515 conspiciat
1194 2461 1317 2503 esse
1341 2446 1698 2514 destructam,
1726 2455 1789 2502 ut

200 2558 289 2614 per
325 2544 533 2599 bonum
562 2540 703 2611 quod
746 2540 958 2610 quaerit,
989 2548 1045 2593 et
1072 2538 1272 2595 habere
1316 2554 1424 2593 non
1451 2539 1610 2606 valet,
1654 2537 1788 2593 illud

200 2645 368 2691 servet
398 2634 676 2692 humiliter
706 2632 851 2703 quod
894 2631 1073 2688 habet.
1123 2631 1230 2687 Sed
1260 2631 1388 2702 quid
1420 2632 1613 2688 mirum
1642 2633 1788 2703 quod

198 2728 295 2786 hoc
322 2729 392 2786 de
415 2729 633 2783 homine
660 2726 909 2792 dicimus,
938 2724 1151 2796 quando
1180 2724 1272 2781 illa
1302 2739 1532 2795 superna
1557 2725 1706 2795 regio
1732 2723 1788 2780 in

197 2821 402 2879 civibus
426 2821 541 2876 suis
564 2835 630 2876 ex
657 2828 811 2890 parte
838 2818 1035 2874 damna
1058 2817 1297 2887 pertulit,
1328 2826 1384 2873 et
1412 2833 1476 2872 ex
1505 2826 1656 2886 parte
1683 2818 1793 2873 ior-

198 2914 318 2971 titer
364 2911 540 2977 stetit,
581 2920 644 2966 ut
671 2910 829 2966 electi
858 2909 1166 2979 angelorum
1214 2908 1437 2979 spiritus
1481 2908 1611 2965 dum
1657 2909 1792 2965 alios

199 3018 292 3070 per
317 3001 627 3073 superbiam
667 3000 928 3057 cecidisse
972 2999 1363 3070 conspicerent,
1394 3000 1497 3070 ipsi
1525 3010 1672 3056 tanto
1698 3016 1791 3055 ro-

196 3094 410 3151 bustius
440 3100 638 3162 quanto
658 3091 904 3148 humilius
929 3090 1173 3147 starent?
1203 3090 1284 3146 llli
1312 3106 1440 3162 ergo
1459 3091 1666 3162 regioni
1687 3106 1789 3148 sua

195 3189 367 3245 etiam
419 3186 736 3243 detrimenta
781 3184 1144 3257 proiecerunt,
1196 3198 1319 3255 quae
1366 3184 1433 3239 ad
1475 3185 1790 3240 aaternitatis

195 3291 395 3339 statum
419 3295 489 3336 ex
508 3287 658 3350 parte
685 3293 795 3334 sua:
816 3275 1195 3333 destructionis
1224 3284 1307 3332 est
1336 3275 1561 3332 solidius
1590 3276 1794 3331 instru-

197 3382 300 3431 cta.
344 3374 602 3444 Sicergo
641 3383 698 3429 et
736 3374 789 3428 in
828 3385 1146 3442 unaquaque
1181 3370 1361 3425 anima
1399 3370 1596 3441 agitur,
1641 3379 1698 3424 ut
1735 3369 1793 3426 in

198 3465 517 3523 humilitatis
543 3465 841 3521 custodiam
869 3463 1155 3536 aliquando
1180 3461 1249 3519 ad
1278 3462 1428 3518 lucra
1458 3462 1689 3517 maxima
1719 3476 1790 3517 ex

201 3558 424 3612 minimo
446 3556 646 3612 damno
676 3564 939 3612 servetur.

1893 1910 1991 1957 τῶν
2042 1904 2337 1959 ⁶διλισταίων
2366 1909 2453 1960 καί
2489 1910 2778 1961 Χαναναίων
2818 1907 2948 1968 τίως
3000 1906 3314 1978 διεφύλαξεν,
3364 1910 3483 1978 ἵνα,

1894 1994 2059 2054 καθώς
2088 1995 2393 2073 γέγραπται,
2441 1994 2493 2049 ἕν
2532 1995 2707 2054 αὐτοῖς
2753 1997 3068 2071 σωφρονισθῇ
3108 1995 3134 2050 ὁ
3174 1996 3389 2072 Ἰσραήλ.
3413 1999 3485 2053 Οὐ

1891 2085 1993 2160 γάρ
2022 2084 2264 2150 πάντοτε,
2293 2088 2456 2147 καθώς
2482 2085 2659 2160 ὶρῤίθη
2683 2087 2865 2146 αὐτοῖς
2891 2087 3250 2160 περιεπάτουν.
3284 2090 3370 2143 καί
3400 2086 3485 2148 διά

1892 2183 2049 2233 τοῦτο
2074 2174 2146 2239 οἷς
2174 2180 2393 2252 μέγιστα
2419 2177 2558 2256 δῶρα
2585 2179 2876 2256 παρέσχεν,
2899 2181 2987 2233 καί
3013 2180 3168 2253 μικρά
3189 2200 3304 2235 τινα
3339 2180 3486 2235 ἐλατ-

1894 2275 2109 2343 τώματα
2132 2274 2335 2335 τούτοις
2367 2274 2651 2331 κατέλιπεν
2687 2274 2771 2327 ἶνα
2808 2274 3026 2329 πάντοτε
3068 2272 3246 2344 ἔχωσι
3283 2272 3392 2343 μεθ’
3422 2270 3486 2329 ὧν

1892 2361 1920 2402 ⁸³
1950 2365 2166 2436 πόλεμον
2192 2370 2533 2441 κροτήσωσιν,
2563 2368 2648 2421 καί
2671 2366 2925 2437 μεγίστων
2954 2366 3153 2440 ἐχθρῶν
3179 2363 3300 2441 παρ’
3324 2367 3487 2421 αὐτῶν

1892 2457 2213 2525 νικηθέντων,
2257 2466 2332 2531 τῷ
2367 2458 2597 2532 λογισμῷ
2636 2462 2706 2528 μὴ
2751 2457 3041 2531 ίπαρθῶσιν
3066 2497 3083 2521 ,
3132 2455 3254 2513 ὅταν
3300 2459 3485 2520 αὐτοὺς

1894 2551 2058 2620 ἀκμὴν
2087 2550 2131 2604 οί
2158 2548 2398 2606 ἀντίδικοι
2424 2552 2511 2606 καί
2536 2570 2618 2606 τοι
2638 2553 2808 2627 μικροί
2834 2545 2975 2609 ὄντες
3003 2550 3346 2620 ἀνθιστάμενοι
3381 2542 3488 2605 θλί··

1897 2639 2074 2695 ϐωσιν.
2106 2648 2403 2714 Θανμαστῷ
2429 2638 2484 2695 δὲ
2511 2641 2685 2718 τρόπῳ
2726 2644 2880 2695 τοῦτο
2922 2640 3136 2710 γίνεται,
3181 2636 3375 2699 όπωςό
3417 2634 3486 2699 εἷς

1894 2728 2027 2783 καίό
2057 2730 2211 2789 αὑτός
2239 2729 2503 2803 λογισμὸς,
2543 2736 2606 2804 τῇ
2785 2726 2997 2798 δυνάμει
3038 2728 3312 2802 ἀναϐάλλῃ,
3341 2736 3404 2803 τῇ
3432 2726 3488 2784 δέ

1896 2820 2130 2895 ἀσθενείᾳ
2150 2821 2391 2891 ἀτονήσῃ·
2422 2822 2553 2875 ὥστε
2584 2819 2636 2874 ἐκ
2671 2820 2859 2895 μέρους
2888 2817 3268 2892 ᾠκοδομημένον
3306 2819 3487 2875 ἑαυτὸν

1894 2915 2153 2987 θεώμενος,
2178 2913 2229 2967 ἔκ
2244 2916 2433 2991 μέρους
2456 2913 2509 2969 δέ
2533 2914 2684 2970 πάλιν
2710 2915 3120 2979 καταπίπτοντα,
3148 2911 3233 2969 διὰ
3250 2920 3344 2968 τοῦ
3363 2915 3489 2988 άγοε-

1898 3006 2007 3071 θοῦ,
2041 3000 2205 3080 οὗπερ
2236 3010 2381 3070 ζητεῖ
2399 3008 2694 3077 ἐπιτυχεῖν,
2723 3008 2811 3061 καί
2834 3007 2892 3059 οὐ
2917 3004 3128 3061 δύναται
3147 3008 3329 3072 ἐκεῖνο,
3358 3003 3488 3081 ὅπερ

1898 3094 1931 3151 ἔ
1932 3117 2043 3168 χει,
2074 3098 2472 3173 ταπεινοφρόνως
2516 3099 2748 3169 φυλάξαι.
2798 3103 2854 3153 τί
2898 3096 2953 3152 δὲ
2991 3100 3279 3169 θαυμαστὸν
3308 3101 3353 3152 εἰ
3371 3100 3489 3174 περι

1896 3190 2173 3265 ἀνθρώπων
2198 3198 2365 3246 ταῦτα
2388 3187 2627 3264 λίγομενς
2657 3186 2821 3245 Ὀπου
2848 3209 2905 3262 γε
2942 3192 3030 3244 καί
3061 3198 3086 3226 ε
3118 3187 3346 3265 οὓράνιος
3374 3196 3489 3260 χῶ-

1895 3302 1983 3360 ρος
2024 3285 2075 3335 iv
2109 3289 2222 3344 τοῖς
2260 3282 2446 3338 ἑαυτοῦ
2484 3281 2714 3340 πολίταις
2743 3286 2962 3355 μερικῶς
2990 3281 3168 3353 ζημίαν
3212 3277 3231 3315 ί
3274 3280 3490 3349 ὑπομεί-

1895 3395 2010 3439 νας,
2042 3375 2087 3428 οί
2116 3374 2281 3429 λοιποί
2308 3374 2665 3446 στερεωτέρως
2694 3373 3001 3429 ἐστάθησαν.
3038 3372 3114 3425 Τά
3148 3373 3249 3447 γὰρ
3288 3370 3490 3427 ἐκλεκτᾶ

1892 3469 1992 3519 τῶν
2028 3463 2251 3534 άγγίλων
2287 3460 2527 3533 τάγματα
2546 3503 2561 3527 ,
2605 3467 2654 3514 ἐν
2684 3459 2785 3531 ὅσῳ
2813 3458 2994 3521 ἄλλους
3014 3458 3097 3516 διὰ
3118 3468 3210 3521 τῆς
3231 3462 3491 3537 ὑπερηφα·

1891 3556 2005 3615 νίας
2040 3554 2300 3614 πεσόντας
2338 3555 2610 3609 ἐθεάσαντο
2630 3592 2645 3620 ,
2678 3553 2826 3609 αὐτοὶ
2861 3558 3106 3609 τοσοῦτον
3148 3552 3489 3627 ἰσχυρότεροι

198 3652 481 3725 γεγόνασιν,
531 3648 650 3705 ὅσον
706 3652 791 3705 καί
832 3647 1234 3723 ταπεινοφρόνως
1278 3648 1538 3702 ἵστανται.
1580 3642 1793 3707 Ἐκείνης
1855 3647 1946 3717 μίν
1986 3651 2087 3720 γὰρ
2138 3655 2229 3708 τῆς
2277 3643 2523 3723 πατρίδος
2566 3647 2596 3704 ἡ
2649 3647 2805 3716 ζημία
2847 3643 3126 3720 προέκοψεν
3172 3647 3243 3706 είς
3282 3646 3489 3702 αἷωνίαν

200 3742 435 3819 ἵδρυσιν,
463 3743 549 3798 καί
575 3740 662 3799 διά
696 3749 789 3803 τῆς
827 3747 1035 3815 infami;
1076 3736 1406 3797 καταλύσεως
1447 3742 1667 3810 στερεῶς
1706 3736 2041 3795 ἀνεκαινίσθη.
2086 3736 2235 3792 Οὕτω
2287 3738 2452 3790 τοίνυν
2492 3737 2579 3789 καί
2628 3736 2679 3790 ίν
2710 3742 2825 3794 ταῖς
2874 3755 3023 3789 τινων
3076 3735 3347 3807 συμϐαίνει
3389 3737 3492 3804 ψυε

204 3842 353 3906 χαῖς,
378 3834 469 3887 ἵνα
493 3834 545 3887 ἐν
568 3841 630 3908 τῇ
659 3831 854 3907 φυλακῇ
881 3840 973 3891 τῆς
1010 3828 1468 3908 ταπεινοφροσύνης
1485 3866 1499 3893 ,
1538 3828 1611 3887 εἰς
1648 3824 1798 3901 κέρδη
1833 3827 2052 3902 μέγιστα
2071 3830 2124 3883 ἐκ
2153 3835 2339 3903 μικρᾶς
2366 3829 2548 3899 ζημίας
2575 3831 2980 3887 καταντήσωσιν.

276 3925 448 3982 Pz'rn.
489 3924 671 3980 Placet
708 3923 853 3994 quod
890 3922 1049 3977 dicis.

815 4035 1041 4093 CAPUT
1080 4034 1195 4093 XV.

480 4173 555 4229 De
574 4172 830 4245 Eutychio
856 4182 905 4227 et
926 4170 1198 4227 Florentio
1227 4170 1385 4226 seruis
1404 4168 1526 4225 Dei.

270 4302 602 4359 Gnscomus.
662 4298 847 4370 Neque
890 4297 993 4353 hoc
1040 4296 1225 4353 sileam
1274 4296 1417 4366 quod
1463 4311 1530 4351 ex
1576 4297 1796 4369 regione

202 4396 390 4457 eadem
423 4392 750 4452 venerabilis
778 4392 879 4447 viri
904 4389 1142 4449 Sanctuli
1163 4388 1460 4459 presbyteri
1489 4390 1796 4445 narratione

200 4492 462 4565 cognovi;
492 4488 563 4545 de
600 4485 755 4558 cujus
781 4485 959 4541 verbis
988 4483 1103 4554 ipse
1128 4497 1233 4539 non
1262 4481 1497 4550 dubitas,
1530 4484 1648 4551 quia
1678 4485 1795 4549 rjus

205 4585 366 4644 vitam
393 4582 668 4654 iidemque
688 4578 911 4636 minime
930 4577 1166 4648 ignoras.

282 4769 485 4826 Eodem
507 4780 724 4839 quoque
743 4774 985 4834 tempore
1008 4762 1063 4818 in
1083 4759 1293 4817 Nursia:
1315 4762 1606 4829 provinciae
1625 4764 1793 4830 parti.

208 4860 306 4918 bus
331 4863 438 4918 duo
465 4861 567 4916 viri
596 4861 651 4915 in
677 4861 785 4914 vita
811 4866 971 4928 atque
994 4855 1178 4911 habitu
1204 4862 1405 4910 sanctae
1431 4862 1798 4909 conversatio-

206 4956 290 5011 nis
320 4954 657 5019 habitabant,
700 4964 928 5021 quorum
975 4962 1113 5004 unus
1149 4945 1475 5017 Eutycltius,
1506 4944 1645 5000 alter
1673 4959 1800 5001 vero

204 5048 511 5104 Florentius
528 5044 825 5101 dicebatur.
851 5040 960 5098 Sed
981 5040 1122 5095 idem
1145 5037 1437 5109 Eutychius
1460 5037 1512 5090 in
1534 5035 1800 5106 spirituali

205 5141 326 5197 zelo
347 5150 511 5211 atque
530 5138 587 5193 in
608 5138 824 5193 fervore
849 5145 872 5173 ο
898 5133 1110 5189 virtutis
1131 5137 1464 5196 excreverat,
1487 5128 1801 5185 multorum-

201 5245 308 5300 que
327 5230 541 5285 animas
563 5229 628 5284 ad
649 5227 813 5283 Deum
837 5224 1132 5296 perducere
1150 5220 1482 5279 exhortando
1497 5220 1802 5291 satagebat;

204 5322 523 5380 Florentius
553 5336 682 5379 vero
728 5318 1058 5392 simplicitati
1105 5326 1264 5389 atque
1309 5314 1542 5373 orationi
1569 5314 1806 5371 deditam

276 5516 309 5544 ι
352 5504 630 5562 Secundus
670 5504 836 5573 Aud.,
868 5505 1024 5559 dona.

274 5574 307 5616 ιι
354 5577 528 5648 Bigot.
568 5577 846 5642 et.Becc.,
888 5586 936 5648 et
960 5590 1038 5639 ea:
1075 5580 1221 5644 parte
1256 5578 1618 5638 constructam,
1657 5579 1705 5626 et
1741 5585 1807 5626 ex

199 5659 353 5705 uarie
378 5646 727 5717 se‘conspiciat
752 5663 860 5701 esse
878 5646 1210 5699 destructum.

281 5730 304 5757 ε
356 5714 590 5787 Vulgati,
619 5734 675 5772 se
692 5728 1007 5779 exercuerat,
1038 5717 1217 5774 invitis
1247 5714 1375 5771 Mss.

276 5789 305 5830 (³
336 5791 465 5858 Μεη
496 5791 696 5863 πολέμῳ
724 5792 1046 5868 κρατήσωσι.

1973 3933 2141 3981 ΠΕΤΡ.
2171 3921 2400 4002 ’Δρέσκεε
2427 3920 2452 3977 ό
2476 3924 2655 3997 λέγεις.

2511 4045 2725 4094 mssa.
2758 4038 2852 4094 ιε’.

1936 4135 2058 4206 Περί
2087 4134 2353 4205 Εὗτυχίου
2383 4136 2468 4188 καὶ
2495 4132 2812 4218 Φλορεντίου,
2841 4131 2894 4186 iv
2912 4137 2975 4207 τῇ
3002 4132 3159 4207 χώρᾳ
3176 4139 3270 4195 τῆς
3297 4144 3457 4210 Naup-

2635 4223 2775 4262 σιας.

1972 4304 2308 4356 ΣῬΗΓΟΡΙΟΣ.
2334 4293 2460 4350 Οὐδὲ
2484 4301 2635 4351 τοῦτο
2657 4300 3067 4367 παρασιωπῆσαι
3095 4292 3288 4349 δίκαιον
3315 4297 3491 4372 κρίνω,

1905 4388 2029 4471 ὅπερ
2065 4391 2210 4467 παρὰ
2253 4394 2346 4444 τοῦ
2391 4387 2768 4443 εὐλαϐεστάτου
2809 4386 2988 4461 ἀνδρὸς
3040 4385 3348 4459 Σαγκτούλου
3397 4390 3491 4439 τοῦ

1903 4482 2258 4560 πρεσϐυτέρου
2302 4478 2629 4555 διηγουμένου
2669 4477 2959 4550 μεμάθηκα.
2988 4474 3198 4538 Οὗτινος
3216 4486 3314 4533 τῶν
3334 4477 3495 4547 λόγων

1901 4575 2131 4635 ἀλήθειαν
2159 4574 2247 4628 οὐκ
2277 4573 2475 4643 ἀγνοεῖς
2502 4570 2730 4635 πάντως,
2771 4566 2888 4625 οὐδὲ
2933 4576 3023 4629 τῆς
3063 4568 3220 4623 αὑτοῦ
3268 4568 3495 4627 πίστεως

1907 4673 1993 4727 τήν
2021 4666 2303 4722 πολιτείαν.

1972 4756 2140 4819 Οὗτος
2169 4761 2336 4815 τοίνυν
2373 4754 2632 4827 διηγεῖτο,
2668 4752 2753 4811 ὅτι
2779 4755 2830 4807 ἓν
2861 4758 2969 4811 τοῖς
3006 4751 3184 4824 μέρεσι
3209 4755 3300 4808 τῆς
3332 4759 3495 4822 Νουρ-

1906 4853 2020 4911 σίας
2056 4852 2261 4924 χώρας,
2291 4847 2383 4904 δύο
2405 4845 2584 4924 ἄνδρες
2606 4847 2693 4901 ἐπί
2716 4852 2790 4918 τῷ
2816 4845 2953 4915 αὐτῷ
2984 4839 3143 4912 ᾤκουν
3172 4840 3222 4892 ἐν
3246 4847 3318 4909 τῷ
3338 4859 3497 4911 μονα·

1905 4953 2044 5018 χικῷ
2072 4947 2156 4999 καί
2184 4943 2311 5015 ἁγίῳ
2336 4945 2578 5012 σχήματι
2606 4945 2805 5010 σεμνῶς
2835 4924 3085 5006 βιοῦντες.
3117 4930 3193 4997 Ἐξ
3226 4931 3322 4999 ὧν,
3355 4931 3381 4989 ὁ

1906 5032 1976 5095 εἷς
2005 5037 2289 5105 Εὐτύχιςς,
2313 5032 2338 5086 ό
2369 5030 2422 5087 δέ
2444 5031 2613 5107 ἕτερος
2640 5027 2921 5101 Φλορέντιος
2957 5027 3289 5093 ὠνομάζοντο.
3324 5022 3381 5079 Ὀ
3409 5020 3496 5089 οὖν

1908 5128 2167 5197 Εὐτύχιος
2194 5131 2267 5198 τῷ
2290 5115 2617 5192 πνευματικῷ
2640 5118 2771 5186 ζήλῳ
2797 5118 2882 5172 καί
2920 5115 3179 5187 δυνάμεως
3219 5116 3496 5190 θηρμότητι

1907 5218 2294 5292 ὑπεραυξάνωυ,
2345 5212 2538 5267 πολλῶν
2564 5210 2748 5281 ψυχάς
2786 5205 2861 5280 τῷ
2889 5215 2999 5280 Θεῷ
3034 5210 3373 5284 προσενέγκαι
3414 5206 3496 5269 διὰ

1906 5311 2252 5383 παραινέσεως
2272 5308 2566 5380 ἠγωνίζετο.
2593 5311 2651 5359 ‘0
2676 5301 2731 5360 δέ
2754 5303 3067 5381 Φλορίντιος,
3098 5310 3162 5380 τῇ
3190 5302 3377 5376 ἀκακία
3420 5322 3498 5359 και

1984 5496 2166 5571 ἀῗΜεη
2213 5494 2447 5571 οὐράνιος
2488 5492 2671 5571 χορός..
2704 5490 3071 5571 ,νιεΙεοεοισυιιι
3116 5487 3495 5571 lectio,“quam

1910 5557 2228 5631 retinemus.
2276 5557 2464 5622 melius
2488 5557 2745 5621 'éo'ncinit
2790 5557 2981 5620 Latino
3021 5559 3231 5618 textui:
3264 5557 3369 5614 illa'
3400 5576 3491 5616 su-

1911 5657 2068 5711 perna
2103 5639 2263 5709 regio.

1986 5712 2005 5750 ί
2036 5705 2180 5786 bis;
2195 5710 2472 5786 ὑπομείνας
2500 5716 2605 5786 τοῖς
2642 5710 2835 5773 λοιποῖς
2863 5710 3211 5786 στερεωτέραν
3238 5712 3332 5770 τόν
3366 5705 3485 5766 στὰ·

1911 5806 1994 5844 σιν
2024 5779 2391 5863 ἀπειργάσατο.
2416 5783 2485 5843 τὰ
2502 5779 2627 5859 γᾴρ.
2654 5790 2761 5863 etc.
