3998 6356
430 312 537 368 255

1636 297 1874 355 SANCTI
1915 294 2241 351 GliEGORll
2279 297 2489 355 MAGNI

3596 302 3702 360 256

429 427 516 483 τόν
560 425 760 495 λεγομεν
781 464 793 486 ,
841 420 924 478 ὄτι
961 429 1022 497 τῇ
1061 423 1259 479 αἰτήσει
1293 421 1469 485 αὐτοῦ,
1493 420 1733 471 τοσοῦτον
1764 420 1789 448 ⁸
1820 415 2009 489 γέγονεν

2118 411 2258 479 quod
2288 413 2404 482 ejus
2436 415 2515 470 ori
2549 422 2753 469 tantum
2798 412 2973 470 factus
3008 424 3089 470 est
3131 429 3411 486 proximus
3457 418 3703 488 omnipo-

428 516 643 576 πλησίον
672 515 696 569 ό
726 512 1111 583 παντοδύναμος
1132 514 1256 573 Θεός

500 621 736 667 FPHI‘GP.
770 608 908 683 Παρὰ
928 614 1001 680 τῷ
1030 604 1402 677 παντοδυνοὶμῳ
1440 610 1577 673 Θεῷ,
1607 609 1678 672 τῷ
1712 600 1881 671 μόνῳ,
1923 620 2013 654 κα-

427 703 569 777 θαρῷ
598 704 680 755 καί
709 701 878 770 άκάκῳ
908 699 1036 753 κατά
1063 705 1153 757 τήν
1195 699 1351 753 αὐτοῦ
1391 696 1538 768 φύσιν
1564 733 1581 759 ,
1610 693 1797 757 πολλά,
1825 693 2008 765 Πέτρε,

426 774 515 848 καί
603 800 693 852 τῆς
724 793 1033 865 ἀνθρωπίνης
1053 788 1263 867 καρδίας
1292 788 1569 863 καθαρότης
1601 791 1684 842 καί
1711 784 1891 840 ἀκακία
1917 774 2010 837 δύ-

426 905 595 940 ναται.
646 884 705 937 Οί
748 885 845 958 γάρ
872 884 1029 937 αὐτοῦ
1060 883 1383 954 θεράποντες,
1416 881 1472 933 ἐκ
1507 886 1605 935 τῶν
1648 878 1831 951 γηΐνων
1871 876 2011 950 πρά·

425 978 548 1041 ξεων
597 972 736 1035 ὅντες
774 974 1168 1048 κεχωρισμένοι,
1200 972 1352 1046 ἀργόν
1379 993 1431 1026 τι
1471 972 1631 1044 λέγειν
1674 972 1764 1024 οὐκ
1791 967 2007 1025 οἴδασιν·

426 1069 545 1126 ούδέ
587 1072 687 1145 γάρ
724 1071 807 1124 τὸν
836 1070 1027 1123 ἑαυτῶν
1054 1074 1170 1122 νοῦν
1211 1066 1295 1123 διὰ
1334 1066 1569 1141 ῥημάτων
1609 1068 2009 1145 σκορπισθῆναι,

424 1162 455 1224 ἧ
474 1164 775 1235 μολυνθῆναι
805 1167 1194 1235 σῦγχωροῦσιν.
1216 1158 1359 1214 Ὀθεν
1382 1161 1556 1215 λοιπὸν
1592 1161 1735 1234 παρά
1777 1164 1867 1212 τοῦ
1895 1158 2014 1211 ἔαυ-

424 1262 527 1309 τῶν
552 1256 790 1329 ἀρχηγοῦ
820 1259 909 1312 τὴν
932 1254 1153 1311 ύπακοήν
1180 1253 1309 1328 ὑπὲρ
1337 1253 1454 1311 τούς
1485 1248 1665 1310 ἄλλους
1690 1252 2009 1327 εὑρίσκουσι,

423 1342 512 1401 διά
531 1347 589 1399 τὸ
616 1343 857 1400 σπεύδειν
881 1348 1011 1399 κατά
1032 1345 1090 1399 τὸ
1117 1342 1324 1399 δυνατὸν
1347 1346 1522 1403 αὐτοῖς
1551 1343 1599 1396 ἐν
1620 1351 1683 1417 τῇ
1705 1342 2014 1416 καθαρότητι

424 1438 508 1490 καί
534 1436 719 1510 ἀκακία
751 1436 892 1508 αύτῷ
923 1436 1289 1507 ἐξομοιοῦσθαι.
1334 1442 1501 1505 Ἱίμεῖς
1536 1430 1590 1487 δὲ
1616 1440 1725 1492 ταῖς
1753 1439 1840 1489 τοῦ
1883 1429 2010 1485 λαοῦ

422 1535 693 1596 ταραχαῖς
721 1528 1017 1598 μεμιγμένοι
1034 1568 1044 1585 .
1074 1528 1124 1581 ἐν
1153 1534 1224 1597 τῷ
1248 1528 1580 1599 συχνοτέρως
1601 1526 1786 1599 ἀργούς
1808 1525 2008 1598 λόγους,

422 1618 665 1679 πολλάκις
714 1617 765 1674 δέ
802 1622 887 1673 καί
925 1620 1206 1695 βλαϐερούς
1245 1619 1407 1673 λαλεῖν
1445 1620 1611 1689 ἡμᾶς,
1659 1624 1907 1673 τοσοῦτον
1952 1618 2012 1672 τό

421 1712 587 1782 στόμα
615 1720 755 1783 ἡμῶν
795 1719 885 1768 τοῦ
913 1712 1295 1785 παντοδυνάμου
1342 1718 1465 1767 Θεοῦ
1512 1712 1846 1786 μακρύνεται,
1895 1708 2010 1765 ὅσον

2118 512 2234 560 tens
2264 505 2442 561 Deus?

2189 596 2431 654 (incon.
2462 600 2616 670 Apud
2643 600 3024 668 omnipotentis
3069 599 3164 655 Dei
3192 599 3518 671 singularem
3548 617 3707 659 mun-

2116 688 2321 756 ditiam,
2359 698 2518 760 atque
2549 690 2665 760 ejus
2697 691 2995 760 simplicem
3026 700 3274 747 naturam
3324 694 3571 759 multum,
3603 692 3709 749 Pe-
3770 698 3773 699 ⁷

2118 787 2220 845 tre,
2262 779 2479 834 humani
2508 782 2684 836 cordis
2713 782 2974 837 munditia
3005 792 3165 852 atque
3192 784 3506 853 simplicitas
3534 784 3702 841 valet.

2116 871 2229 930 Hoc
2275 874 2445 942 ipsum
2477 889 2706 944 namque
2735 875 2876 945 quod
2904 874 3020 944 ejus
3052 874 3233 939 famuli
3261 891 3291 929 a
3345 878 3573 933 terrenis
3615 892 3713 932 ac-

2116 965 2351 1021 tionibus
2382 970 2684 1036 segregati,
2716 967 2887 1022 otiosa
2920 967 3064 1037 loqui
3093 968 3358 1033 nesciunt,
3388 980 3442 1023 et
3470 982 3709 1025 mentem

2117 1072 2225 1130 per.
2241 1060 2403 1115 verba
2427 1075 2682 1131 spargere
2711 1069 2875 1131 atque
2904 1061 3182 1131 inquinare
3207 1062 3482 1131 devitant,
3515 1074 3713 1119 aucto-
3741 1086 3795 1121 ο

2116 1150 2191 1204 ris
2220 1151 2301 1205 sui
2333 1166 2442 1221 pra:
2468 1154 2679 1208 caeteris
2720 1153 3120 1209 exauditionem
3162 1155 3471 1225 impetrant.
3503 1157 3601 1211 Cui
3657 1159 3716 1211 in

2115 1251 2374 1311 quantum
2408 1245 2790 1313 estpossibilc,
2839 1246 2961 1315 ipsa
2982 1248 3207 1314 puritate
3255 1263 3319 1303 ac
3368 1250 3720 1318 simplicitate

2117 1334 2476 1404 cogitationis,
2495 1339 2645 1407 quasi
2661 1354 2725 1393 ex
2738 1338 2967 1409 quadam
2980 1340 3091 1408 jam
3108 1341 3456 1397 similitudine
3470 1357 3710 1399 concor-

2116 1424 2267 1481 dant.
2299 1426 2407 1482 Nos
2453 1438 2630 1483 autem
2678 1430 2849 1485 turbis
2896 1432 3239 1501 popularibus
3286 1434 3529 1501 admisti,
3580 1436 3716 1493 dum

2117 1516 2424 1587 frequenter
2450 1521 2639 1586 otiosa,
2675 1536 3057 1593 nonnunquam
3086 1539 3213 1579 vero
3244 1522 3263 1561 ί
3292 1529 3453 1582 etiam
3478 1529 3721 1597 graviter

2118 1612 2278 1667 noxia
2306 1612 2599 1682 loquimur,
2634 1630 2697 1671 os
2727 1625 2968 1681 nostrum
3018 1619 3375 1688 omnipotenti
3418 1621 3527 1676 Deo
3562 1630 3718 1679 tanto

2118 1704 2464 1775 longinquum
2496 1707 2576 1772 ﬁt,
2608 1717 2811 1777 quanto
2840 1708 2966 1764 huic
2996 1709 3196 1764 mundo
3224 1711 3548 1780 proximum.
3577 1712 3717 1767 Mul-

421 1812 495 1874 τῷ
537 1806 711 1877 κόσμῳ
754 1807 921 1876 τούτῳ
960 1806 1249 1869 πλησιάζει.
1282 1806 1409 1860 Πολύ
1438 1807 1604 1858 τοίνυν
1647 1805 1732 1858 ἐπί
1771 1805 1838 1857 τά
1877 1804 2009 1857 κάτω

2119 1806 2231 1853 tum
2256 1799 2455 1868 quippe
2483 1798 2736 1855 deorsum
2767 1799 3050 1868 ducimur,
3081 1802 3206 1856 dum
3236 1801 3510 1858 locutione
3536 1805 3718 1859 conti-

422 1896 743 1969 ἆπαγὸμεθα,
776 1897 824 1951 ἐν
854 1906 927 1970 τῷ
956 1906 1016 1973 τῇ
1046 1900 1311 1970 συντυχίᾳ
1337 1896 1545 1956 εὐκόλως
1582 1898 1717 1965 ἡμᾶς
1754 1903 1861 1956 τοῖς
1894 1917 2015 1950 κοσ-

421 1996 587 2059 μικοῖς
614 1991 967 2060 συγγίνεσθαι.
1003 1984 1166 2064 Ὀπερ
1210 1988 1372 2047 καλῶς
1417 1992 1499 2042 καὶ
1541 1986 1567 2042 ό
1606 1987 1844 2053 Ἡσαΐας,
1883 1990 2014 2056 μετὰ

422 2081 483 2136 τὸ
512 2081 788 2155 ἑωρακέναι
818 2081 967 2134 αὐτόν
1002 2080 1083 2136 τόν
1123 2079 1337 2151 βασιλέα
1373 2080 1543 2154 κύριον
1573 2079 1808 2142 Σαϐαὼθ,
1838 2078 2015 2133 ἑαυτὸν

422 2170 452 2213 ι’
481 2175 744 2230 ἐταλάνισε
770 2212 785 2237 ,
826 2174 1000 2246 λέγων·
1041 2170 1115 2223 Ὠ
1146 2173 1303 2233 τάλας
1338 2174 1465 2245 ἐγὼ,
1509 2170 1590 2227 ὅτι
1617 2174 2011 2243 κατανένυγμαι,

422 2262 503 2319 ὅτι
544 2266 821 2341 ἀκάθαρτος
864 2263 951 2328 ὢν,
1001 2267 1084 2318 καὶ
1128 2261 1391 2337 ἀκάθαρτα
1428 2264 1576 2335 χείλη
1607 2262 1764 2334 ἔχων*
1809 2284 2010 2337 φανερο-

422 2360 645 2419 ποίησας
676 2356 809 2413 διατί
835 2359 1096 2431 ἀκάθαρτα
1121 2358 1268 2427 χείλη
1300 2355 1485 2428 ἔσχεν,
1535 2357 1585 2412 ἐν
1611 2365 1684 2429 τῷ
1712 2359 2009 2435 προσϐῆναι,

422 2444 496 2504 Ἐν
524 2452 665 2521 μέσῳ
691 2451 812 2505 λαοῦ
835 2452 1097 2522 ἀκάθαρτα
1119 2451 1267 2521 χείλη
1289 2448 1507 2522 ἔχοντος
1535 2451 1631 2525 ἐγώ
1655 2459 1889 2507 κατοικῶ.
1913 2456 2011 2509 Τήν

421 2544 513 2613 μὲν
543 2538 629 2596 οὖν
678 2544 994 2614 ἀκαθαρσίαν
1041 2550 1142 2598 τῶν
1189 2543 1369 2599 ἐαυτοῦ
1423 2544 1672 2615 χειλέων,
1723 2546 1779 2603 ἣν
1823 2543 2009 2615 ἔσχεν,

421 2632 630 2704 ἤλγησε.
667 2631 815 2691 Πόθεν
844 2634 897 2691 δὲ
926 2638 1116 2694 ταύτην
1154 2638 1521 2698 ἐπεσπάσατο.
1564 2637 1916 2696 ἐδηλοποίησεν
1962 2640 2012 2692 ἐν

609 2733 682 2799 τῷ
707 2729 1145 2801 μεμαρτυρηκέναι
1169 2728 1315 2782 αὐτὸν
1343 2726 1395 2782 ἓν
1420 2731 1560 2799 μέσῳ
1599 2728 1721 2783 λαοῦ
1749 2728 2013 2805 ἀκάθαρτα

424 2818 572 2888 χειλη
592 2815 805 2887 ἔχοντος
822 2828 1089 2874 κατοικεῖν.
1115 2824 1404 2891 ’Δμηχανον
1428 2822 1528 2896 γάρ
1555 2821 1692 2877 ἐστιν
1726 2822 1778 2874 ἐκ
1804 2829 1896 2882 τῆς
1914 2829 2013 2877 τῶν

420 2916 672 2980 κωμικῶν
692 2910 928 2980 γλώσσης
950 2913 1035 2966 τὸν
1053 2916 1167 2966 νοῦν
1186 2917 1256 2982 μὴ
1273 2911 1587 2984 ῥυπωθῆναι,
1607 2913 1658 2965 ἐν
1689 2909 1793 2984 ὅσῳ
1813 2913 1865 2966 ἐν
1884 2933 2012 2966 συν-

419 3004 637 3072 τυχίαις
656 3006 792 3059 τισίν
814 3004 990 3064 όλικῶς
1016 3008 1184 3065 αὐτοῖς
1210 3004 1699 3076 συγκαταϐαίνομεν,
1719 3004 1829 3061 κατ’
1854 3005 2013 3078 ὀλίγον

418 3088 475 3148 δέ
497 3093 753 3156 ἐθίσαντες
767 3096 934 3155 αύτοῖς
951 3097 1342 3167 συντυγχάνειν,
1359 3097 1652 3166 συντυχίαν
1668 3100 1756 3154 τὴν
1775 3098 1897 3166 ἡμῖν
1909 3097 2009 3167 οὐχ

2116 1906 2221 1945 nua
2253 1891 2597 1947 saecularibus
2626 1894 3006 1950 admiscemur.
3028 1894 3179 1961 Quod
3206 1896 3345 1952 bene
3378 1898 3539 1952 Isaias
3565 1907 3719 1965 post-

2115 1998 2275 2054 quam
2303 2000 2483 2056 regem
2510 1986 2793 2041 Dominum
2818 1986 3151 2042 exercituum
3178 1989 3330 2055 vidit,
3349 1989 3401 2043 in
3423 1990 3720 2059 semetipso

2116 2076 2490 2146 reprehendit,
2533 2088 2587 2133 et
2616 2078 2887 2148 paenituit,
2915 2078 3102 2134 dicens
3131 2096 3145 2131 :
3181 2079 3273 2133 Va:
3300 2081 3451 2146 mihi,
3480 2083 3603 2151 quia
3633 2090 3719 2135 ta-

2116 2170 2221 2233 cui,
2248 2172 2368 2240 quia
2390 2172 2465 2224 vir
2494 2172 2719 2241 pollutus
2749 2171 2899 2226 labiis
2929 2174 3037 2244 ego
3059 2189 3171 2226 sum
3193 2170 3349 2244 (Isai.
3382 2189 3455 2237 Vl,
3483 2174 3559 2242 5).
3608 2173 3719 2241 Qui

2115 2274 2212 2314 cur
2244 2260 2442 2328 polluta
2472 2262 2613 2315 labia
2642 2261 2887 2329 haberet,
2919 2271 2944 2311 κ
2975 2264 3208 2332 aperuit,
3240 2280 3363 2319 cum
3391 2264 3670 2334 subjuuxit
3700 2281 3719 2320 :

2115 2351 2184 2407 In
2198 2354 2362 2407 media
2379 2356 2558 2424 papuli
2572 2355 2773 2423 polluta
2796 2354 2933 2410 labia
2955 2356 3180 2411 habentis
3198 2373 3292 2427 ego
3312 2358 3482 2412 habito
3496 2356 3640 2429 (Ibid
3648 2359 3719 2427 .).

2115 2444 2472 2501 Pollutionem
2502 2462 2733 2518 namque
2762 2449 3022 2505 labiorum
3069 2450 3268 2506 habere
3300 2467 3358 2506 se
3388 2451 3588 2518 doluit;
3616 2454 3719 2508 sed

2114 2539 2258 2593 unde
2286 2540 2423 2594 hanc
2443 2543 2793 2608 contraxerit,
2826 2541 3279 2615 indicavit,313
3308 2558 3430 2599 cum
3459 2545 3512 2599 in
3535 2546 3718 2601 medio

2114 2632 2296 2700 populi
2350 2633 2549 2702 polluta
2596 2634 2733 2690 labia
2782 2635 3028 2692 habentis
3050 2652 3109 2693 se
3133 2637 3373 2693 habitare
3423 2639 3717 2708 perhibuit.

2115 2721 2282 2779 Valde
2323 2726 2466 2779 enim
2498 2725 2717 2783 difﬁcile
2759 2737 2842 2783 est
2885 2736 2946 2783 ut
2973 2728 3154 2798 lingua
3186 2732 3522 2787 szecularium
3564 2748 3717 2789 men-

2116 2823 2225 2870 tem
2289 2832 2395 2872 non
2452 2818 2698 2888 inquinet
2756 2834 2915 2885 quam
2981 2821 3193 2891 tangit,
3252 2822 3376 2893 quia
3425 2823 3553 2877 dum
3601 2824 3717 2893 ple-

2114 2923 2341 2978 rumque
2377 2909 2457 2964 eis
2506 2910 2574 2965 ad
2602 2910 2851 2981 quaedam
2903 2910 3169 2982 loquenda
3212 2913 3715 2981 condesceudimus,

2115 3001 2388 3070 paulisper
2416 3004 2651 3067 assueti,
2692 3001 2830 3057 hanc
2859 3002 3029 3073 ipsam
3058 3003 3383 3061 locutionem
3413 3021 3531 3077 quae
3562 3006 3716 3062 nobis

2116 3092 2333 3162 indigna
2355 3100 2440 3149 est
2458 3092 2618 3148 etiam
2644 3093 3035 3149 delectabiliter
3058 3104 3323 3164 tenemus,
3356 3105 3414 3151 ut
3437 3112 3503 3152 ex
3523 3112 3584 3152 ea
3602 3097 3717 3167 jam

416 3182 766 3258 ἁρμόζουσαν,
801 3189 884 3241 καὶ
911 3185 1069 3247 ἡδέως
1093 3190 1279 3246 ταύτην
1310 3193 1645 3261 κρατοῦντες,
1678 3188 1769 3241 οὐκ
1799 3185 1874 3243 ἔτι
1904 3188 2009 3244 λοι-

2118 3186 2296 3241 redire
2327 3200 2433 3241 non
2480 3185 2665 3251 libeat,
2698 3186 2764 3241 ad
2794 3200 2953 3255 quam
2984 3188 3131 3243 velut
3157 3204 3225 3243 ex
3257 3188 3718 3247 condescensione

415 3278 509 3333 πόν
530 3276 641 3334 ούδέ
667 3279 980 3355 ἐπιστρέφειν
1010 3281 1063 3344 ἐξ
1082 3281 1242 3341 αὐτῆς
1266 3282 1401 3352 ἡμᾶς
1432 3280 1605 3336 θέλειν.
1636 3280 1718 3335 Ἐκ
1755 3303 2010 3353 aur/zma-

418 3365 619 3428 ϐάσεως
650 3365 705 3422 δέ
736 3371 786 3422 ἐν
908 3371 1054 3445 άρχῇ
1094 3373 1177 3425 ἐπὶ
1214 3372 1406 3429 ταύτην
1454 3370 1674 3433 ἐλθόντες
1694 3413 1710 3439 ,
1741 3373 1911 3427 λοιπὸν
1940 3381 2010 3444 τῷ

416 3453 519 3514 ἔθει
546 3462 634 3512 καί
660 3460 839 3529 βιαίως
863 3464 980 3532 ἡμῖν
998 3465 1330 3537 περιγίνεται.
1358 3461 1503 3518 Ὀθεν
1542 3469 1625 3519 καί
1659 3467 1932 3537 συμϐαίνει
1960 3467 2012 3521 ἐκ

416 3553 519 3602 τῶν
546 3549 714 3623 ἀργῶν
740 3554 813 3611 εἰς
845 3560 867 3588 ο
896 3554 963 3607 τά
990 3553 1240 3629 βλαϐερά,
1274 3558 1361 3611 καί
1391 3558 1444 3610 ἐκ
1472 3564 1571 3612 τῶν
1603 3559 1824 3633 ἐλαφρῶν
1851 3564 1920 3620 εἰς
1947 3562 2012 3616 τά

417 3641 610 3715 βαρεῖα
638 3643 842 3718 ῥήματα
872 3646 1006 3715 ἡμᾶς
1034 3656 1371 3707 καταντῆσαι.
1422 3653 1512 3730 Καὶ
1556 3649 1728 3704 λοιπὸν
1758 3654 1816 3705 τὸ
1844 3654 2011 3724 στόμα

418 3734 559 3805 ὐμῶν
588 3736 731 3810 παρὰ
775 3744 849 3803 τῷ
895 3736 1261 3813 παντοδυνάμῳ
1312 3748 1423 3813 Θεῷ
1461 3750 1707 3797 τοσοῦτον
1754 3765 2010 3818 παρεισα-

418 3826 625 3882 κούεται
645 3827 696 3881 ἓν
713 3835 777 3904 τῇ
798 3830 1016 3896 αἰτήσει,
1045 3828 1165 3885 ὅσον
1194 3832 1278 3886 ἐπὶ
1297 3832 1473 3887 πλεῖον
1509 3833 1778 3903 μολύνεται
1915 3860 2011 3907 μα-

416 3919 537 3991 ταίᾳ
558 3923 842 3997 συντυχίᾳ,
869 3924 1095 4000 καθάπερ
1118 3927 1200 3980 καί
1222 3927 1538 4002 γέγραπται,
1573 3924 1652 3983 ὄτι
1691 3927 1716 3982 ὁ
1754 3929 2010 4005 άποστρέο

417 4031 521 4080 φων
569 4013 627 4068 τὸ
674 4008 768 4076 οὖς
814 4016 974 4071 αὐτοῦ
1008 4023 1098 4072 τοῦ
1144 4024 1213 4091 μή
1259 4016 1287 4053 ά
1330 4020 1545 4076 ἀκοῦσαι
1592 4022 1763 4092 νόμον,
1791 4025 1822 4081 ἡ
1870 4025 2007 4095 εύχή

417 4101 579 4158 αὐτοῦ
601 4095 886 4169 άτῖόϐλητος
915 4106 1088 4164 ἔσται.
1112 4112 1171 4164 Τί
1200 4108 1253 4165 δὲ
1280 4111 1570 4183 θαυμαστόν
1591 4153 1606 4178 ,
1638 4114 1717 4167 ἐάν
1746 4118 2007 4178 αἰτοῦντές

416 4213 468 4249 τε
487 4197 629 4271 παρὰ
656 4201 856 4273 κυρίου,
890 4199 1056 4276 βραδὺ
1084 4203 1474 4273 ύπακουόμεθα,
1514 4204 1690 4267 οἵτινες
1728 4207 1818 4262 ὑπ’
1851 4211 2006 4265 αύτοῦ

2116 3277 2261 3333 ducti
2284 3278 2527 3333 venimus
2552 3277 2727 3333 inviti.
2754 3278 2952 3350 Sicque
2974 3280 3031 3333 ﬁt
3060 3288 3116 3334 ut
3138 3280 3205 3335 ab
3226 3279 3415 3336 otiosis
3436 3281 3502 3335 ad
3530 3283 3714 3348 noxia,

2117 3387 2147 3427 a
2175 3373 2384 3429 levibus
2414 3371 2481 3426 ad
2509 3371 2755 3441 graviora
2780 3372 2945 3428 verba
2964 3374 3279 3439 veniamus;
3304 3383 3361 3430 et
3382 3388 3441 3429 os
3468 3384 3716 3430 nostrum

2115 3463 2184 3519 ab
2211 3463 2570 3533 omnipotenti
2618 3462 2843 3518 Domino
2877 3473 3023 3518 tanto
3047 3463 3158 3535 jam
3190 3465 3370 3521 minus
3399 3468 3715 3521 exaudiatur

2118 3558 2170 3611 in
2199 3571 2380 3626 preco,
2411 3567 2612 3626 quanto
2638 3556 2871 3624 amplius
2897 3557 3204 3626 inquinatur
3230 3559 3395 3613 stulta
3419 3558 3713 3626 locutione,

2114 3648 2235 3717 quia
2267 3647 2408 3702 sicut
2433 3647 2693 3716 scriptum
2723 3656 2806 3702 est
2838 3665 2851 3701 :
2887 3646 2989 3714 Qui
3017 3650 3194 3703 avertit
3238 3666 3415 3702 aurem
3462 3666 3611 3704 suam
3650 3667 3716 3705 ne

2115 3738 2292 3792 audiat
2322 3738 2504 3809 legem,
2528 3739 2692 3793 oratio
2719 3744 2829 3807 eius
2851 3740 2948 3793 erit
2970 3740 3291 3795 exsecrabilis
3316 3740 3497 3809 (Prov.
3523 3757 3711 3807 utut,

2116 3835 2197 3905 9).
2226 3834 2364 3903 Quid
2393 3849 2522 3904 ergo
2564 3833 2760 3889 mirum
2792 3834 2839 3889 si
2868 3834 3202 3904 postulantes
3229 3836 3379 3892 tarde
3422 3852 3453 3889 a
3486 3836 3716 3894 Domino

2116 3926 2383 3995 audimur,
2416 3926 2507 3997 qui
2536 3927 2934 3995 praecipientem
2976 3928 3260 3983 Dominum
3308 3937 3401 3982 aut
3427 3928 3576 3983 tarde
3621 3938 3716 3984 aut

2115 4017 2267 4073 nullo
2296 4017 2457 4073 modo
2487 4017 2771 4073 audimus?
2793 4018 2859 4073 Et
2881 4018 3008 4089 quid
3034 4019 3230 4075 mirum
3258 4021 3303 4076 si
3329 4018 3634 4076 Florentius
3659 4021 3716 4077 in

2117 4126 2281 4181 prece
2311 4125 2407 4165 sua
2436 4109 2598 4167 citius
2626 4120 2709 4165 est
2744 4111 2987 4181 auditus,
3034 4111 3126 4184 qui
3176 4113 3231 4169 in
3275 4114 3559 4183 praeceptis
3603 4114 3715 4169 suis

2118 4204 2401 4259 Dominum
2431 4204 2589 4258 citius
2617 4203 2821 4259 audivit

416 4288 787 4365 οκελευόμεθα,
818 4292 848 4353 ἦ
878 4292 1146 4369 βραδέως,
1178 4294 1208 4355 ἧ
1242 4297 1499 4357 παντελῶς
1533 4300 1689 4354 αὐτοῦ
1726 4302 1832 4372 οὐχ
1878 4306 2235 4373 ὑπακούομεν;
2284 4299 2384 4351 Οὔκ
2425 4295 2564 4351 ἔστιν
2610 4292 2696 4352 οὖν
2744 4297 3056 4369 θαυμαστὸν,
3080 4299 3123 4353 εί
3145 4298 3281 4355 καίό
3326 4298 3615 4373 Φλορέντιος
3665 4300 3715 4355 ἐν

413 4389 479 4457 ᾧ
508 4384 643 4457 εὐχῇ
682 4387 839 4443 αὐτοῦ
887 4392 1075 4460 τάχιον
1122 4391 1456 4456 ὐπηκούσθη,
1502 4389 1643 4453 ὅστις
1686 4394 1736 4447 ἐν
1782 4396 1939 4466 τάχει
1976 4403 2075 4451 τῶν
2104 4400 2193 4451 τοῦ
2225 4394 2399 4465 κυρίου
2425 4392 2685 4448 ὑπήκουσε
2712 4389 3150 4467 προσταγμάτων.

398 4504 401 4507 ·
483 4485 651 4535 ΠΕΤΡ.
682 4479 835 4535 Ούδέν
865 4482 975 4538 ἐστι
1010 4484 1199 4552 λοιπὸν,
1230 4484 1359 4562 ὅπερ
1396 4490 1723 4565 ἀποκριθῆναι
1764 4488 1999 4563 δύναμαι,

2184 4489 2353 4544 Psrn.
2384 4486 2530 4543 Nihil
2554 4496 2638 4544 εει
2665 4486 2807 4557 quod
2835 4488 3147 4559 responderi
3181 4488 3352 4544 valeat
3395 4501 3598 4560 aperta:
3623 4507 3712 4546 ra-

411 4567 730 4642 δωεῳγμένης
752 4572 927 4628 λοιπόν
957 4583 1133 4647 σαφῶς
1161 4585 1253 4637 τῆς
1283 4577 1578 4652 ἀπολογίας.
1668 4639 1683 4647 ,

483 4673 725 4721 [‘PHI‘OP.
769 4668 1035 4740 Εύτύχιος
1071 4668 1125 4724 δὲ
1149 4669 1174 4724 ό
1208 4676 1300 4725 τοῦ
1322 4671 1693 4749 προλεχθέντος
1716 4674 2005 4749 Φλορεντίου

411 4753 463 4808 ἐν
508 4764 570 4828 τῇ
612 4763 702 4811 τοῦ
752 4761 925 4831 κυρίου
965 4757 1065 4828 ὁδῷ
1108 4764 1326 4832 γεγονὼς
1373 4760 1777 4838 συνοδοιπόρος,
1827 4764 2009 4837 μᾶλλον

412 4846 542 4915 μετά
568 4845 783 4903 θάνατον
832 4846 1151 4924 ἐλαμπρύνθη
1191 4859 1252 4923 τῇ
1293 4859 1390 4905 τῶν
1416 4856 1639 4924 σημείων
1679 4853 1912 4926 δυνάμει.
1950 4858 2009 4911 Οἱ

410 4935 510 5010 γάρ
547 4943 638 4996 τῆς
665 4937 858 4999 πόλεως
890 4942 1078 5000 ἐκείνης
1114 4940 1354 5005 πολῖται,
1394 4944 1556 4999 πολλὰ
1592 4944 1857 5018 θαυμάσια
1886 4953 2008 5019 περὶ

410 5024 568 5082 αὐτοῦ
596 5023 934 5102 διηγούμενοι,
976 5041 1130 5089 τοῦτο
1154 5042 1356 5109 πρῶτον
1401 5033 1602 5109 ἔλεγον,
1638 5036 1766 5115 ὅπερ
1802 5044 1883 5097 καὶ
1909 5045 2003 5114 μί-

414 5137 514 5208 χρι
534 5125 633 5170 τῶν
659 5119 858 5195 χρόνων
878 5129 978 5177 τῶν
1008 5124 1378 5201 Λογγοϐάρδων
1404 5124 1635 5202 ἔφθασεν.
1669 5132 1761 5186 Διά
1787 5134 1888 5208 γάρ
1913 5141 2000 5189 τοῦ

411 5205 685 5279 ἐνδύματος
730 5211 884 5267 αὐτοῦ
907 5256 923 5281 ,
976 5212 1004 5269 ὁ
1054 5215 1440 5291 παντοδύναμος
1488 5221 1615 5280 Θεὸς
1675 5205 2002 5304 πχνοτέρως

483 5372 511 5439 ξ
540 5363 663 5439 his,
689 5368 854 5439 γέγονε
880 5370 1057 5439 ταχύς
1079 5369 1124 5426 ό.

481 5432 513 5474 ⁵
542 5433 639 5488 M8.
653 5477 666 5502 ,
695 5432 973 5503 ἰταλάνιζιζ

483 5512 512 5589 ξ
547 5503 676 5589 ἕδη
705 5512 789 5589 καὶ
904 5511 1200 5589 βλαϐερά...
1233 5532 1303 5574 εις
1326 5515 1392 5571 τά
1421 5515 1607 5588 βαφαὶ.

478 5569 513 5652 ξ
546 5575 669 5654 ᾔδη
693 5585 764 5654 μὴ
788 5569 1091 5654 εἰσακούειύ.

478 5648 514 5725 ’ξ
535 5647 673 5725 _Ms.,
693 5647 1028 5725 :xslsuéfuvot.

487 5702 507 5800 ξ
535 5702 1071 5800 ξῃιγίμιξο,ίὶεξᾟιὶξιίῂ,
1102 5724 1240 5792 quod
1267 5733 1341 5800 est
1368 5725 1590 5796 gravius,
1624 5736 1792 5789 noxia.

478 5789 505 5831 δ
540 5784 976 5854 Εάὶιί,ὀειειιάίι.
1006 5784 1304 5868 compend.
1324 5838 1339 5868 ,
1368 5784 1629 5868 apparuit.

2117 4582 2268 4638 tioni.

2189 4673 2431 4730 Gnaeos.
2461 4672 2755 4745 Eutychius
2785 4688 2914 4729 vero
2934 4719 2947 4743 ,
2979 4675 3069 4745 qui
3100 4675 3336 4744 praedicti
3366 4676 3627 4733 Florentii
3658 4678 3712 4734 in

2118 4766 2203 4821 via
2234 4765 2447 4821 Domini
2470 4767 2647 4821 socius
2676 4765 2868 4833 fuerat,
2903 4763 2929 4802 ιι
2954 4781 3178 4836 magnus
3204 4777 3322 4837 post
3344 4778 3576 4823 mortem
3602 4770 3714 4824 cla-

2115 4858 2222 4913 ruit
2257 4858 2310 4912 in
2344 4860 2541 4913 virtute
2569 4858 2866 4928 signorum.
2893 4857 3023 4912 Nam
3055 4873 3174 4913 cum
3205 4859 3368 4914 multa
3393 4861 3540 4916 cives
3564 4860 3712 4916 urbis

2115 4950 2259 5007 illius
2288 4950 2352 5006 de
2380 4966 2447 5008 eo
2468 4950 2679 5007 soleant
2708 4965 2928 5007 narrare
2959 4951 3237 5021 miracula,
3263 4951 3391 5007 illud
3423 4962 3602 5008 tamen
3627 4965 3710 5011 cst

2114 5044 2483 5114 prmcipuum,
2535 5042 2679 5113 quod
2726 5056 2898 5112 usque
2942 5043 3009 5096 ad
3065 5043 3182 5099 ham
3230 5043 3707 5113 Langobardorum

2113 5146 2356 5205 tempora
2381 5135 2721 5206 omnipotens
2751 5133 2892 5190 Deus
2921 5149 3019 5205 per
3043 5135 3419 5193 vestimentum
3447 5138 3592 5194 illius
3614 5152 3708 5193 as-

2108 5229 2263 5287 sidue
2292 5229 2610 5300 dignabatur
2633 5229 2869 5300 operari.
2901 5228 3033 5285 Nam
3056 5231 3263 5302 quoties
3290 5230 3467 5304 pluvia
3493 5231 3700 5298 deerat,

2177 5380 2295 5455 {In
2312 5381 2559 5455 Excusis,
2588 5384 2751 5454 magis
2775 5394 2887 5453 post
2909 5397 3141 5443 mortem.
3166 5386 3432 5448 Caeterum
3458 5387 3702 5455 plurima

2103 5451 2155 5530 i_r_i
2203 5452 2354 5530 Italia
2388 5453 2634 5530 visuntur
2661 5451 2920 5511 Ecclesia:
2949 5459 3051 5513 sub
3093 5459 3262 5530 sancti
3313 5451 3558 5530 Eutychii
3606 5476 3701 5517 seu

2101 5524 2315 5596 Eutycii
2348 5526 2565 5581 nomine
2595 5527 2704 5583 Deo
2733 5538 3082 5584 consecratae.
3113 5527 3215 5583 Adi
3243 5524 3559 5584 Bollaridum
3580 5570 3599 5595 ,
3631 5531 3701 5587 ad

2100 5593 2228 5670 l_laii_
2248 5596 2391 5670 diem
2422 5597 2512 5670 25.
2539 5598 2769 5670 Sanctus
2792 5598 3095 5670 Florentius
3118 5614 3248 5655 vero
3276 5600 3415 5655 inter
3444 5593 3704 5670 patrdnos

2102 5665 2360 5722 Ecclesiae
2380 5668 2698 5740 episcopalis
2715 5667 2931 5729 Fuliinii
2963 5672 3020 5728 in
3045 5671 3280 5741 Umbria,
3306 5671 3359 5728 in
3385 5665 3485 5743 qua
3504 5672 3703 5744 jacuit,

2107 5747 2375 5794 εθυδοιυε.
