3998 6356
209 403 306 464 251

1415 385 1865 455 DlALOGORI-IM
1902 391 2103 449 LIBER
2144 394 2233 451 ιιι.

3365 400 3468 458 253

213 530 268 580 et
288 528 419 580 astu
436 520 609 579 nimio
633 527 834 577 terram
860 518 1019 591 longa
1040 515 1252 575 siccitas
1270 515 1549 581 exurebat,
1573 510 1784 571 collecti

1896 512 2296 585 θαυματουργεῖν
2324 515 2352 547 ⁵
2382 506 2642 577 κατηξίου.
2674 510 2836 568 Ἦνίκα
2865 513 3233 599 γάρῇάϐροχία
3259 516 3468 589 ἐγίνετο,

214 618 265 673 in
295 629 450 671 unum
481 615 629 672 cives
656 613 803 669 urbis
833 613 995 678 illius,
1028 612 1144 682 ejus
1168 610 1400 666 tunicam
1429 609 1610 664 levare
1630 614 1788 675 atque

212 710 262 764 in
289 716 579 779 conspectu
601 707 809 762 Domini
839 721 962 762 cum
991 705 1237 774 precibus
1265 702 1460 759 oﬂ'erre
1489 714 1787 756 consueve-

209 814 341 862 rant.
373 800 509 858 Cum
541 817 670 872 qua,
697 800 821 855 dum
853 814 950 869 per
989 814 1144 868 agros
1176 806 1457 868 pergerent
1480 803 1789 860 morantes,

208 909 421 967 repente
450 897 623 967 pluvia
657 897 1006 959 tribuebatur,
1037 909 1155 964 qua:
1185 893 1341 962 plene
1365 903 1560 946 terram
1590 892 1787 945 satiare

208 991 481 1058 potuisset.
514 990 586 1043 Ex
618 1004 719 1060 qua
754 1003 813 1042 re
845 986 1036 1057 patuit,
1071 986 1184 1055 ejus
1215 986 1390 1039 anima
1422 983 1543 1054 quid
1575 982 1787 1038 virtutis

205 1084 363 1149 intus,
396 1084 523 1150 quid
552 1082 729 1137 meriti
758 1081 1002 1147 haberet,
1033 1079 1185 1148 cujus
1207 1078 1339 1134 foris
1367 1088 1580 1135 ostensa
1619 1075 1785 1133 vestis

204 1176 333 1229 iram
359 1174 663 1230 Conditoris
693 1180 977 1229 averteret.

788 1427 1017 1487 CAPUT.
1052 1428 1193 1485 XVI.

416 1521 493 1578 De
525 1520 753 1577 Martiano
782 1521 1030 1577 monacho
1058 1522 1120 1575 de
1147 1528 1317 1577 monte
1342 1519 1591 1576 Marsico.

266 1610 450 1682 Nuper
474 1628 690 1684 quoque
724 1614 779 1670 in
806 1621 958 1683 parte
986 1611 1292 1683 Campania:
1330 1613 1412 1666 vir
1440 1613 1595 1667 valde
1621 1624 1785 1670 vene-

200 1703 382 1758 rabilis
413 1711 440 1740 ι
466 1702 727 1760 Martinus
758 1704 973 1760 nomine
1002 1704 1054 1759 in
1106 1713 1288 1760 monte
1332 1704 1558 1761 Marsico
1599 1703 1785 1759 'solita-

1890 602 1975 653 καί
2008 601 2110 655 ύπὸ
2155 602 2412 673 καύματος
2460 600 2523 657 δι’
2553 600 2833 672 ἔπιμήκους
2881 605 3128 680 ξηρασίας
3154 607 3184 664 ἠ
3218 614 3283 681 γῆ
3316 608 3474 683 ἐφρύ-

1888 712 2023 765 γετο,
2065 694 2396 766 συναγόμενοι
2421 694 2466 749 οί
2502 702 2593 755 τῆς
2632 697 2788 756 αὐτῆς
2815 696 3011 758 πόλεως
3038 698 3263 765 πολῖται,
3305 704 3391 755 καί
3414 701 3476 759 τὸ

1890 784 2071 839 ἐκείνου
2107 782 2124 821 ί
2159 788 2432 862 στιχάριον
2458 787 2830 859 βαστάζοντες,
2863 790 2944 844 καί
2970 796 3125 846 τοῦτο
3154 792 3358 845 ἐνώπιον
3382 814 3474 846 κυ-

1888 878 2000 949 ρίου
2027 878 2154 946 μετά
2182 876 2403 941 δεήσεως
2447 882 2815 956 προσάγοντες,
2860 880 2947 937 διά
2989 890 3088 938 τῶν
3114 885 3282 959 ἀγρῶν
3311 883 3473 955 εύχό-

1887 989 2023 1038 μενοι
2065 967 2365 1044 διήρχοντο,
2412 971 2586 1047 αἴφνης
2616 975 2645 1032 ἡ
2669 974 2842 1049 βροχή
2882 973 3072 1031 ἐδίδοτο
3102 977 3353 1037 πλουσίως
3383 983 3473 1037 την

1887 1070 1978 1134 γῆν
2008 1065 2433 1120 καταπιαίνουσα.
2465 1066 2544 1130 Ἐξ
2577 1062 2638 1120 οὗ
2675 1067 2976 1141 πράγματος
3014 1067 3267 1124 δείκνυται
3304 1068 3474 1131 πόσης

1887 1152 2147 1225 δυνάμεως
2169 1158 2255 1210 καί
2290 1156 2303 1206 i
2344 1155 2666 1218 δικαιοσύνης
2704 1161 2733 1215 ἡ
2760 1160 2942 1213 τούτου
2972 1158 3123 1231 ψυχὴ
3150 1158 3284 1215 ἔνδον
3306 1160 3473 1233 ύπῆρ·

1887 1267 2007 1317 χεν,
2038 1243 2233 1308 οὗτινος
2261 1248 2319 1304 τὸ
2344 1246 2379 1303 ἕ
2379 1250 2448 1312 ξω
2475 1249 2796 1323 περιϐόλαιον
2823 1248 3158 1323 δεικνύμενον,
3198 1255 3281 1306 τὸν
3314 1252 3475 1323 θυμὸν

1886 1345 1974 1393 τοῦ
1996 1345 2206 1396 κτιστοῦ
2225 1340 2559 1416 ἀπέστρεφεν.

2508 1438 2732 1489 metu.
2771 1432 2857 1496 ις’.

2007 1521 2125 1596 Περί
2149 1524 2405 1592 Μαρτίνου
2435 1530 2671 1596 μοναχοῦ
2701 1529 2793 1580 τοῦ
2819 1524 2867 1577 ἐν
2893 1531 2967 1599 τῷ
2988 1522 3095 1599 ὄρει
3112 1527 3348 1603 Μάρσης.

1954 1608 2035 1665 Ἐν
2070 1620 2179 1673 τοῖς
2217 1621 2309 1675 τῆς
2336 1618 2633 1687 Καμπανίας
2672 1618 2910 1690 μέρεσιν,
2959 1618 3005 1671 ἐν
3041 1615 3247 1693 τῷόρει
3286 1626 3361 1692 τῷ
3400 1621 3477 1682 εἷς

1884 1701 2113 1775 Μάρσην,
2144 1705 2269 1779 ἀνήρ
2307 1728 2388 1769 τις
2424 1704 2639 1781 σφόδραέ
2659 1708 3029 1770 εὖλαϐἐστατος
3066 1720 3314 1785 Μαρτῑνος
3348 1707 3475 1767 τοῦ·

199 1793 335 1848 riam
365 1796 527 1849 vitam
557 1795 729 1861 duxit,
754 1796 1041 1865 multisque
1070 1799 1224 1851 annis
1254 1798 1310 1851 in
1333 1810 1497 1866 specu
1518 1797 1786 1866 angustis-

1896 1812 2048 1862 νομα,
2091 1799 2285 1867 μονήρη
2319 1796 2425 1869 βίον
2462 1796 2766 1864 διετέλεσεν,
2803 1799 2948 1862 ὅστις
2985 1803 3068 1856 ἐπι
3101 1802 3314 1863 πολλούς
3342 1802 3478 1878 χρό-

197 1885 339 1941 simo
366 1886 603 1942 inclusus
630 1887 757 1954 fuit,
784 1903 944 1958 quem
990 1890 1138 1944 multi
1167 1904 1232 1945 ex
1260 1890 1457 1944 nostris
1488 1900 1777 1957 noverunt,

1896 1905 2001 1946 MU;
2044 1887 2094 1940 ἐν
2122 1888 2355 1959 σπηλαίῳ
2382 1889 2684 1963 στενωτοίτῳ
2714 1892 2897 1948 ἑαυτὸν
2941 1893 3248 1949 κατέκλεισε.
3278 1902 3472 1950 Τοῦτον

196 1977 424 2047 ejusque
452 1978 658 2034 actibus
685 1989 977 2048 praesentes
1001 1981 1343 2036 exstiterunt.
1377 1981 1453 2037 De
1486 1995 1591 2052 quo
1620 1982 1789 2037 multa

195 2066 308 2137 ipse
358 2079 412 2124 et
435 2070 629 2126 'beatte
674 2071 1017 2147 memoriae-3'
1062 2087 1197 2143 papa
1238 2073 1453 2144 Pelagio
1504 2073 1788 2131 decessore

196 2175 345 2225 meo,
370 2171 427 2217 et
448 2163 568 2217 aliis
593 2162 1005 2233 religiosissimis
1028 2166 1158 2221 viris
1190 2166 1526 2221 narrantibus
1567 2166 1783 2236 agnovi.

194 2253 365 2325 Cujus
388 2255 492 2312 hoc
514 2258 830 2313 miraculum
856 2260 1085 2328 primum
1108 2258 1227 2326 fuit,
1256 2260 1396 2330 quod
1420 2276 1540 2317 mox
1569 2271 1624 2315 ut
1651 2275 1710 2317 se
1734 2260 1788 2317 in

195 2347 443 2417 pradicti
476 2349 673 2404 montis
704 2349 967 2406 foramine
1008 2352 1252 2416 contulit,
1300 2368 1365 2408 cx
1396 2360 1545 2421 petra
1576 2352 1787 2422 eadem,

193 2454 315 2508 qua:
350 2442 402 2495 in
428 2441 720 2512 semetipsa
742 2454 979 2497 concava
1004 2452 1286 2514 angustum
1317 2459 1539 2513 specum
1569 2445 1788 2512 fecerat,

193 2543 350 2598 aqua
375 2530 516 2586 stilla
545 2534 811 2602 prorupit,
841 2549 962 2602 quae
989 2535 1221 2589 Martino
1247 2536 1338 2591 Dei
1366 2536 1567 2591 famulo
1608 2537 1662 2592 in
1689 2551 1789 2592 usu

192 2624 509 2692 quotidiano
530 2624 831 2694 sufﬁceret,
855 2636 912 2682 et
940 2642 1039 2684 nec
1066 2628 1183 2697 plus
1210 2629 1441 2696 adesset,
1476 2645 1575 2685 nec
1600 2644 1792 2687 neces-

190 2718 343 2775 sitati
370 2719 609 2779 deesset.
644 2720 759 2788 Qua
802 2720 859 2776 in
900 2737 961 2778 re
1006 2722 1242 2779 ostendit
1282 2724 1619 2795 omnipotens
1649 2724 1791 2781 Deus

190 2819 449 2882 quantam
478 2811 561 2867 sui
590 2811 775 2867 famuli
803 2826 989 2868 curam
1020 2820 1251 2882 gereret,
1279 2814 1365 2869 cui
1396 2820 1606 2869 vetusto
1628 2814 1793 2873 mira-

189 2902 319 2957 culo
358 2910 540 2971 potum
568 2904 623 2957 in
651 2903 941 2960 solitudine
972 2919 1042 2960 ex
1076 2914 1241 2974 petrte
1281 2904 1477 2963 duritia
1519 2907 1795 2962 ministra-

188 3002 271 3047 ret
304 2992 502 3051 fNum.
530 2994 626 3063 ιχ)
671 2995 838 3066 316
858 2994 964 3052 Sed
985 2996 1235 3066 antiquus
1264 2997 1433 3052 hostis
1459 2998 1675 3055 hmani
1696 3014 1791 3068 ge-

188 3085 374 3152 neris,
400 3085 516 3154 ejus
532 3094 561 3123 ι
576 3086 777 3144 viribus
797 3086 1064 3153 invidens,
1080 3089 1222 3143 hunc
1242 3089 1435 3144 usitata
1461 3090 1791 3158 artepellere

188 3191 259 3230 ex
290 3190 367 3231 eo
394 3190 556 3245 specu
585 3178 801 3235 molitus
818 3188 920 3237 est.
952 3180 1086 3236 Nam
1108 3178 1136 3221 ἀ
1165 3181 1391 3237 amicam
1418 3183 1521 3238 sibi
1539 3184 1787 3250 bestiam,

1888 1973 1943 2030 δέ
1970 1974 2207 2033 πλεῖστοι
2229 1983 2315 2032 καί
2343 1981 2398 2034 ἐκ
2418 1988 2519 2035 τῶν
2539 1983 2794 2055 ἡμετέρων
2814 1985 3108 2054 ἐγνώρισαν,
3138 1987 3224 2038 καί
3252 1986 3347 2043 τὰς
3386 1987 3477 2039 αύ-

1888 2072 1979 2120 τοῦ
2010 2068 2218 2142 πράξεις
2239 2069 2490 2144 παρόντες
2510 2072 2908 2137 κατώπτευσαν,
2940 2077 3059 2148 περὶ
3082 2070 3140 2126 οὗ
3162 2075 3297 2146 κᾲγώ
3319 2074 3478 2134 αὐτὸς

1888 2156 2049 2211 πολλὰ
2086 2158 2231 2233 παρά
2267 2164 2357 2212 τοῦ
2388 2159 2437 2211 ἐν
2465 2161 2689 2234 μακαρίᾳ
2730 2168 2794 2235 τῇ
2834 2164 3003 2235 μνήμῃ
3034 2162 3279 2235 Πελαγίου
3324 2168 3415 2218 τοῦ
3447 2159 3479 2202 ε

1890 2249 2312 2323 προηγησαμένου
2344 2269 2428 2322 με,
2476 2254 2562 2305 καὶ
2592 2236 2753 2305 ἄλλων
2802 2251 3094 2307 σπουδαίων
3140 2252 3330 2329 ἀνδρῶν
3370 2252 3484 2314 διη-

1889 2341 2139 2409 γουμένων
2161 2341 2437 2410 μεμάθηκα.
2479 2349 2667 2397 Τοῦτον
2698 2338 2789 2398 οὖν
2820 2351 3023 2417 πρῶτον
3051 2345 3226 2416 θαῦμα
3245 2348 3365 2418 περί
3390 2346 3485 2398 αὐ-

1890 2437 1978 2487 τοῦ
2004 2429 2290 2507 διηγοῦντο,
2322 2434 2458 2490 οὕτω
2497 2438 2793 2507 φάσκοντες,
2833 2435 2912 2493 ὅτι
2948 2440 3090 2497 ἡνίκα
3124 2438 3302 2494 ἑαυτὸν
3332 2441 3379 2493 ἐν
3404 2447 3483 2511 τῷ

1890 2527 2118 2596 σπηλαίῳ
2162 2534 2256 2581 τοῦ
2306 2529 2673 2605 προλεχθέντος
2712 2527 2865 2605 ὅρους
2904 2532 3239 2598 κατέκλεισεν,
3287 2534 3342 2585 ἐκ
3386 2540 3483 2593 τῆς

1890 2617 2089 2692 πέτρας
2112 2621 2248 2679 νοτίς
2272 2617 2461 2680 ὕδατος
2482 2618 2706 2689 ἐξεδόθη,
2742 2619 2843 2681 ὅση
2878 2624 3107 2700 Μαρτίνῳ
3135 2631 3207 2693 τῷ
3235 2630 3323 2678 τοῦ
3349 2630 3483 2679 Θεοῦ

1890 2705 2057 2780 δούλῳ
2084 2712 2155 2769 εἰς
2190 2714 2375 2786 χρείαν
2418 2713 2748 2790 καθημερινὴν
2781 2713 2992 2790 διήρκει,
3035 2713 3151 2770 οὔτε
3191 2712 3275 2770 οὖν
3310 2716 3485 2772 πλεῖον

1891 2803 2241 2877 προσετίθετο,
2265 2800 2382 2859 οὔτε
2408 2805 2458 2857 ἐν
2685 2804 3024 2881 διελίμπανεν.
3057 2806 3132 2862 Ἐν
3213 2814 3486 2887 πράγματι

1892 2891 1921 2948 ὃ
1944 2893 2465 2984 παντοδύναμοςθεὸς
2492 2895 2760 2967 ἐπέδειξεν,
2793 2899 2963 2957 πόσην
2984 2902 3232 2984 μέριμναν
3250 2905 3367 2964 περὶ
3391 2905 3482 2958 τοῦ

1892 2981 2074 3040 δούλου
2104 2988 2264 3043 αὐτοῦ
2288 2983 2453 3059 εἶχεν.
2485 2991 2618 3044 Κατὰ
2653 2991 2756 3067 γάρ
2782 2992 2843 3047 τό
2866 2981 3046 3047 πάλαι-
3063 2995 3232 3066 Θαῦμα
3256 2997 3314 3049 τό
3344 2996 3396 3049 ἐν
3417 3000 3488 3069 τῇ

1894 3076 2084 3151 ἐρήμῳ,
2113 3081 2198 3133 καί
2223 3081 2392 3153 τούτῳ
2418 3079 2574 3136 πότον
2596 3083 2652 3135 ἐκ
2675 3088 2769 3143 τῆς
2794 3090 2887 3137 τοῦ
2913 3084 3050 3137 λίθου
3073 3085 3344 3157 ξηρότητος
3368 3083 3484 3143 διης-

1894 3171 2121 3230 κὸνησεν.
2153 3182 2211 3225 '0
2236 3173 2399 3243 315
2427 3170 2483 3228 δέ
2514 3171 2532 3211 1
2567 3174 2794 3249 ἀρχαῖος
2816 3176 3004 3248 ἐχθρός
3038 3183 3129 3229 τοῦ
3157 3183 3258 3231 τῶν
3284 3176 3485 3252 ἀνθρώ·
3508 3254 3511 3255 ν

188 3275 511 3336 serpentem
538 3269 759 3338 scilicet,
789 3271 1079 3342 ingressus,
1104 3273 1247 3332 hunc
1272 3273 1341 3329 ab
1370 3275 1557 3331 eadem
1583 3276 1789 3331 habita-

1896 3283 2004 3317 πων
2027 3266 2203 3336 γένους
2233 3274 2349 3343 ταῖς
2376 3268 2562 3321 ἐκείνου
2592 3268 2842 3337 φθονήσας
2879 3266 3150 3336 δυνάμεσι,
3183 3276 3247 3343 τῇ
3282 3268 3489 3326 συνήθει

188 3357 342 3414 tione
370 3358 569 3428 ejicere
596 3359 736 3416 facto
763 3369 971 3419 terrore
988 3372 1211 3421 conatus
1242 3375 1351 3423 est.
1372 3365 1554 3436 Coepit
1581 3368 1784 3423 etenim

190 3463 420 3518 serpens
449 3450 500 3503 in
530 3459 553 3487 ε
582 3452 892 3520 speluncam
923 3453 1106 3511 venire
1129 3455 1280 3512 solus
1301 3472 1424 3513 cum
1447 3458 1583 3526 solo,
1613 3472 1787 3530 eoque

192 3546 389 3593 orante
415 3553 472 3593 se
502 3551 628 3595 ante
655 3540 807 3596 illum
829 3551 1091 3607 sternere,
1118 3554 1316 3603 etcum
1338 3548 1567 3606 cubante
1590 3551 1789 3621 pariter

192 3630 416 3687 cubare.
447 3631 553 3687 Sed
584 3633 666 3688 vir
694 3643 912 3690 sanctus
941 3637 1161 3692 omnino
1211 3640 1635 3710 imperterritus,
1667 3644 1785 3714 ejus

192 3718 279 3775 ori
306 3736 522 3776 manum
549 3723 635 3779 vel
681 3724 871 3793 pedem
899 3728 1243 3795 extendebat,
1270 3731 1459 3788 dicens
1490 3752 1502 3787 :
1535 3736 1593 3790 Si
1622 3736 1791 3793 licen-

196 3810 332 3866 tiam
379 3814 632 3882 accepisti
663 3824 721 3869 ut
747 3815 923 3885 ferias,
956 3833 1056 3888 ego
1083 3836 1188 3876 non
1220 3824 1497 3892 prohibeo.
1549 3824 1788 3898 Cumque

193 3901 301 3957 hoc
331 3904 585 3960 continue
629 3921 723 3976 per
754 3908 1043 3965 triennium
1086 3922 1379 3982 gereretur,
1428 3917 1516 3973 die
1559 3920 1787 3988 quadam

191 3996 454 4065 antiquus
485 3998 653 4055 hostis
682 4011 824 4056 tanta
857 4003 957 4058 bac
999 4005 1116 4076 ejus
1160 4007 1466 4067 fortitudine
1508 4012 1679 4069 victus
1707 4015 1789 4071 in-

191 4086 447 4154 fremuit,
471 4103 632 4160 seque
662 4106 757 4162 per
780 4092 1042 4151 devexum
1071 4100 1268 4154 montis
1301 4102 1436 4157 tatus
1463 4103 1518 4158 in
1545 4106 1790 4176 praecipi-

190 4181 337 4236 tium
368 4196 586 4252 serpens
612 4186 778 4254 dedit,
810 4188 1093 4259 omniaque
1112 4193 1325 4248 arbusta
1353 4195 1453 4250 loci
1478 4197 1619 4253 illius
1642 4200 1789 4257 flam-

190 4286 286 4327 ma
310 4288 378 4328 ex
400 4289 460 4329 se
487 4286 718 4333 exeunte
737 4281 1121 4337 concremavit.
1143 4284 1241 4351 Qui
1271 4284 1322 4339 in
1345 4301 1411 4340 eo
1429 4290 1569 4357 quod
1593 4292 1791 4348 montis

193 4365 345 4420 latus
389 4380 555 4423 omne
597 4369 926 4440 combussit,
980 4358 1202 4444 cog'ente
1251 4378 1614 4447 omnipotente
1659 4382 1788 4451 Deo,

200 4466 516 4515 monstrare
537 4462 843 4531 compulsus
862 4472 1192 4534 est,quantas
1211 4467 1421 4524 virtutis
1444 4470 1634 4538 fuerat,
1656 4471 1677 4509 ί
1698 4488 1792 4543 per

198 4564 368 4620 quem
398 4551 573 4607 victus
600 4553 941 4611 abscedebat.
970 4555 1281 4627 Perpende,
1313 4575 1516 4631 quaeso,
1568 4562 1667 4619 iste
1710 4564 1794 4620 vir

1890 3355 2047 3409 αὐτοῦ
2073 3356 2240 3430 τέχνῃ
2276 3357 2555 3422 ἀποδιῶξαι
2592 3365 2772 3416 τοῦτον
2809 3360 2864 3412 ἐκ
2901 3366 2990 3414 τοῦ
3019 3360 3271 3417 σπηλαίου
3304 3361 3489 3434 ἠγωνί-

1891 3451 2027 3513 ζετο.
2054 3446 2198 3503 Ὀθεν
2228 3449 2312 3504 ἐπὶ
2335 3450 2471 3523 φίλον
2493 3452 2649 3505 αὐτοῦ
2682 3452 2850 3528 θηρίον
2887 3447 2996 3524 ὅφιν
3025 3452 3278 3517 εἰσελθὼν,
3299 3458 3491 3509 τοῦτον

1891 3544 2114 3615 ἐκφοϐεῖν
2137 3544 2401 3616 ἐπειρᾶτο⁶
2422 3546 2639 3616 νομίζων
2665 3544 2750 3601 διὰ
2782 3540 2871 3602 τοῦ
2904 3545 3088 3619 φόϐου,
3115 3554 3208 3608 τῆς
3236 3548 3489 3608 κατοικίας

1889 3634 1988 3693 τοῦ
2020 3637 2272 3696 σπηλαίου
2300 3635 2486 3694 τοῦτον
2506 3636 2778 3695 ἐπιδιώκειν.
2800 3636 3017 3717 ’Ἤρξατο
3045 3634 3134 3694 οὖν
3156 3638 3183 3696 ό
3207 3636 3316 3711 ὄφις
3337 3641 3384 3695 ἐν
3409 3646 3489 3714 τῷ

1891 3733 2123 3801 σπηλαίῳ
2168 3732 2496 3807 εὑρίσκεσθαι
2535 3729 2687 3804 μόνος
2726 3733 2857 3805 πρὸς
2894 3731 3060 3803 μόνον.
3090 3733 3383 3803 Εύχομένου
3428 3729 3487 3788 δέ

1889 3820 1983 3878 τοῦ
2008 3822 2178 3895 ἁγίου,
2212 3822 2496 3899 ἔμπροσθεν
2521 3822 2685 3880 αὑτοῦ
2725 3824 2752 3881 ὁ
2795 3822 2900 3900 ὄφις
2938 3821 3183 3885 ἦπλοῦτο.
3209 3822 3402 3880 Τούτου
3428 3822 3486 3880 δέ

1891 3920 2323 3988 μετακύπτοντος,
2346 3927 2385 3954 ω
2418 3920 2600 3991 ὁμοίως
2623 3921 2763 3989 αύτῷ
2788 3916 2938 3976 πάλιν
2958 3920 3260 3975 συνέκυπτε.
3284 3918 3487 3974 Παντά-

1891 4032 2050 4067 πασιν
2075 4006 2162 4069 οὖν
2191 4010 2389 4083 ἀφόϐως
2415 4008 2657 4083 διαμένων
2678 4009 2705 4065 ὃ
2733 4009 2873 4086 ἅγιος
2902 4006 3054 4071 οὗτος
3089 4012 3237 4085 ἀνὴρ,
3261 4017 3333 4083 τῷ
3358 4009 3487 4064 ἐκεί·

1890 4125 1977 4160 νου
2007 4105 2233 4173 στόματι
2251 4110 2344 4162 τήν
2380 4101 2565 4159 ἑαυτοῦ
2604 4106 2782 4177 χεῖρα,
2813 4103 2845 4165 ἦ
2880 4108 2962 4159 καί
2990 4105 3077 4159 τὸν
3106 4102 3245 4159 πόδα
3270 4110 3299 4141 τι
3329 4122 3487 4179 παρε-

1891 4198 2026 4265 τίθη,
2056 4196 2231 4271 λέγων·
2259 4197 2372 4256 Ἐἀν
2403 4196 2575 4254 ἄδειαν
2604 4196 2793 4257 ἔλαϐες
2828 4194 2918 4251 τοῦ
2945 4195 3144 4274 βλάψαι
3168 4217 3254 4269 με,
3294 4196 3390 4270 ἐγώ
3427 4197 3487 4253 οὐ

1894 4288 2094 4343 κωλύω.
2123 4287 2205 4342 Ἐν
2233 4286 2272 4362 ᾧ
2297 4287 2353 4345 δέ
2380 4285 2532 4347 τοῦτο
2568 4286 2910 4349 ἀδιαλείπτως
2934 4290 3098 4367 μέχρι
3126 4289 3350 4363 τριετίας
3387 4288 3487 4361 ἐγί-

1893 4399 2029 4446 νετο,
2061 4379 2113 4432 ἐν
2142 4400 2237 4434 τινι
2264 4381 2431 4455 ἡμέρᾳ
2457 4379 2482 4435 ὁ
2509 4381 2798 4455 ἀρχέκακος
2828 4380 3016 4456 ἐχθρὸς
3043 4382 3147 4441 ὑπὸ
3180 4388 3266 4441 τῆς
3295 4379 3487 4436 τοσαύ-
3576 4388 3581 4391 ⁷

1894 4493 1987 4533 της
2018 4467 2172 4528 αὐτοῦ
2207 4472 2467 4546 ὑπομονῆς
2498 4477 2584 4529 καί
2619 4471 2882 4548 δυνάμεως
2918 4475 3135 4534 νικηθεῑς
3175 4471 3375 4547 ἕσρυξεν
3406 4468 3488 4523 καὶ

1896 4568 2076 4626 ἐαυτὸν
2097 4566 2123 4623 ό
2150 4564 2259 4641 ὄφις
2284 4568 2384 4623 ὑπὸ
2405 4568 2461 4624 τὸ
2486 4569 2714 4624 ἐκλεῖπον
2735 4570 2889 4642 μέρος
2907 4565 3000 4626 τοῦ
3023 4564 3176 4646 ὅρους
3196 4565 3331 4621 κατά
3354 4562 3487 4618 πλά-

193 4641 415 4699 Domini
454 4644 507 4699 in
545 4654 573 4694 ε
600 4660 707 4717 quo
733 4648 929 4703 mentis
957 4651 1159 4707 vertice
1188 4652 1352 4719 stetit,
1397 4655 1486 4723 qui
1516 4669 1637 4710 cum
1679 4670 1789 4712 ser-

1899 4683 2006 4735 γιον
2034 4663 2106 4722 εἰς
2132 4661 2349 4735 κρημνόν
2382 4658 2586 4717 δέδωκε.
2619 4662 2790 4717 Πάντα
2817 4660 2871 4717 δέ
2896 4662 2960 4716 τά
2982 4656 3075 4714 τοῦ
3103 4655 3270 4714 τόπου
3298 4655 3489 4713 ἐκάκου
3518 4688 3535 4697 —

192 4748 365 4808 pente
394 4753 491 4810 per
521 4739 807 4796 triennium
831 4740 1001 4811 jacuit
1027 4757 1270 4802 securus.

1904 4753 2059 4820 δάση,
2083 4755 2168 4810 καί
2190 4750 2299 4808 ὅλον
2328 4753 2389 4808 τὸ
2412 4754 2562 4826 μέρος
2588 4754 2751 4809 έκεῖνο
2776 4749 2871 4808 τοῦ
2896 4750 3048 4827 ὅρους
3075 4756 3138 4824 τῇ
3178 4748 3319 4820 φλογί
3346 4754 3409 4820 τῇ
3434 4745 3493 4810 ἐξ

193 4836 365 4891 αύτοῦ
393 4834 760 4913 ἐκπορευομένη
785 4834 868 4891 διά
893 4843 987 4899 τῆς
1006 4840 1242 4903 καύσεως
1260 4841 1501 4917 ἐμάρανε·
1531 4838 1627 4899 τοῦ
1650 4848 2042 4923 παντοδυνάμου
2072 4844 2198 4905 8εοῦ
2221 4854 2247 4886 °
2268 4848 2651 4922 ἀναγκάσαντος
2672 4846 2824 4902 αὐτὸν
2852 4838 3095 4905 ἐπιδεῖξαι
3114 4838 3282 4900 πὸσης
3315 4839 3490 4915 ὑπῆρ-

190 5034 307 5151 0c:
337 5025 483 5151 lbnter
509 5035 727 5085 sanctos
755 5039 1002 5101 receptus
1037 5042 1120 5089 est
1172 5040 1227 5089 et
1253 5034 1453 5089 relatus
1472 5034 1544 5092 ad
1560 5036 1702 5094 diem
1724 5036 1795 5093 24

304 5113 338 5151 0
383 5138 397 5151 .

240 5098 558 5242 cllroilgclagio
581 5168 647 5235 ll,
678 5173 765 5242 qui
790 5174 1156 5242 pontificatum
1186 5176 1318 5231 adiit
1341 5192 1427 5231 an.
1451 5175 1578 5231 579.

188 5311 238 5366 Μ
271 5250 299 5279 ο
334 5240 555 5363 Ειοιέεῇ,
583 5240 1009 5314 εἱειεύἰίιιιιὶὺιιε.
1032 5247 1522 5303 contradicentibus
1543 5249 1796 5307 omnibus

245 5324 334 5366 ss.
365 5325 465 5365 nos
488 5325 578 5366 ns.

245 5324 334 5366 SS.
365 5324 578 5366 DOSII'IS.

266 5377 301 5463 εξ
342 5379 550 5461 [fr-imus
577 5382 825 5454 Carnot.,
856 5402 970 5439 cum
1012 5388 1178 5443 amica
1205 5390 1302 5444 sibi
1341 5390 1517 5461 bestia,
1566 5402 1796 5463 serpente

185 5452 320 5507 scil.
359 5450 631 5521 ingressus.
810 5450 821 5454 ⁷
1090 5474 1093 5479 ·

269 5535 301 5563 ο
336 5524 456 5599 Duo
481 5522 687 5599 Gemet.
713 5535 767 5581 et
800 5527 1037 5599 plerique
1060 5530 1242 5595 Norm.
1266 5546 1386 5588 cum
1409 5533 1646 5595 secundo
1670 5536 1799 5587 Car-

182 5608 291 5653 um.
324 5636 345 5663 ,
378 5598 431 5649 in
460 5596 703 5664 spelunca
730 5596 1126 5655 inveniri'solus.

270 5665 296 5708 ί
333 5668 414 5743 Er
445 5666 575 5743 Mss.
600 5669 879 5743 Anounulti,
905 5686 935 5723 a
955 5688 1056 5743 quo
1084 5674 1245 5727 victus
1269 5674 1431 5737 absc.,
1464 5673 1577 5740 alii,
1610 5673 1698 5743 qui
1728 5673 1801 5726 vi-

181 5747 312 5801 ctus
340 5741 450 5792 abs.
481 5736 569 5795 Sic
600 5739 738 5796 inter
760 5736 988 5796 caeteros
1014 5736 1427 5801 Germanensis.
1452 5736 1597 5800 idem
1622 5736 1802 5800 'babet

182 5810 473 5880 interpres
501 5807 597 5864 Gr.
822 5844 827 5853 ς

1974 5054 2002 5095 s
2030 5037 2277 5095 Editores
2315 5042 2590 5090 mutarunt
2618 5030 2796 5087 mentis
2823 5031 2876 5085 in
2906 5031 3114 5097 montis,
3144 5037 3332 5089 contra
3354 5027 3489 5088 Mss.

1898 5115 2090 5171 saltem
2117 5115 2420 5164 nostrorum
2448 5104 2609 5162 ﬁdem

1972 5183 2002 5225 ιι
2039 5182 2136 5237 Ms.
2147 5218 2162 5244 ,
2193 5177 2397 5235 εύδόκει.

1977 5254 1994 5294 ί
2040 5241 2272 5308 ΒονόΙνο
2298 5262 2415 5316 qua:
2452 5245 2519 5303 ad
2558 5244 2695 5300 hanc
2720 5257 2907 5300 vocem
2936 5241 3493 5316 observavimus,_su-

1897 5340 2017 5396 pra,
2041 5324 2079 5396 l_.
2122 5336 2162 5389 ι,
2203 5310 2330 5388 θερί
2371 5317 2426 5385 9,
2467 5317 2572 5373 col.
2626 5316 2750 5385 190,
2806 5324 2929 5373 nota
2957 5315 2985 5370 λ
3014 5314 3203 5386 (Nobis
3232 5314 3332 5370 col.
3366 5310 3469 5363 198
3566 5366 3567 5369 η

1902 5392 2010 5452 ᾖσι.
2038 5392 2097 5463 i).

1976 5468 1990 5536 ᾗ
2042 5461 2164 5529 MS»,
2194 5461 2501 5536 ἁγιωσύνης.

1972 5534 2001 5622 ξ
2042 5538 2165 5622 bis"
2193 5534 2596 5622 προηγουμένου.

1982 5607 1997 5646 ¹
2048 5608 2171 5680 Μβον
2209 5607 2520 5680 anima:-

1975 5690 2015 5717 ω
2056 5677 2180 5742 Ms.,
2212 5675 2383 5746 ὅμοιος
2410 5678 2588 5731 αὐτοῦ.

1976 5759 2005 5788 ﬁ
2152 5790 2166 5815 ,
2196 5751 2473 5822 παρετίθει.

1989 5830 2013 5857 ⁰
2055 5821 2152 5874 MS.
2163 5860 2177 5883 ,
2207 5821 2579 5886 ἀναγκάζοντος.
