3998 6356
418 217 525 280 £39
1608 208 1853 267 SANCTI
1891 204 2215 263 GREGORII
2255 205 2461 265 MAGNI
3593 210 3700 267 360

418 356 488 412 χε
518 334 802 406 δυνάμεως,
838 327 982 390 ὅστις
1012 327 1233 387 ’νικηθείς
1259 326 1692 398 κατησχυμμένος
1733 325 2060 397 ἀνεχώρησε.
2093 330 2120 358 ⁸
2153 322 2491 386 Βατανόησον,
2524 321 2645 376 αἰτῶ
2663 358 2677 386 ,
2710 321 2760 373 ἑν
2785 322 2911 397 ποία
2933 316 3026 379 τοῦ
3058 322 3169 384 νοὸς
3188 333 3375 400 κορυφῇ
3404 322 3579 385 ἔστηὸ
3610 322 3701 383 rei

419 428 551 491 Θεοῦ
601 428 865 506 ἄνθρωπος
905 422 1075 491 οὗτος,
1128 422 1272 485 ὅστις
1314 424 1444 495 μετά
1484 417 1642 495 ὄφεως
1679 422 1900 495 τριετίαν
1924 420 2215 491 ἀμερίμνως
2244 415 2271 454 δ
2307 419 2619 478 συνοίκησιν.

493 537 665 585 ΠΕΤΡ.
685 532 757 601 Τῇ
788 525 913 599 ἀκοῇ
938 523 1022 577 καί
1046 518 1166 594 μόνῃ
1190 517 1373 574 δειλιῶ.

491 624 730 671 ΓΡΗΓΟΡ.
762 622 818 667 '0
936 616 1038 689 ζωῇ
1073 610 1445 671 εύλαϐέστατος
1482 604 1631 668 οὗτος
1660 609 1810 684 ἀνὴρ,
1841 628 1891 660 εν
1931 614 2005 677 τῷ

418 713 607 786 πρώτῳ
639 708 832 786 χρόνῳ,
865 709 915 761 ὲν
1025 704 1203 761 ἑαυτὸν
1226 705 1277 759 ἒν
1299 699 1371 759 τῶ
1408 703 1640 775 σπηλαίῳ
1669 702 2004 769 κατέκλεισεν,

419 800 603 875 ὥρισεν
646 796 787 860 ὅπως
824 794 915 855 τοῦ
954 793 1134 853 λοιποῦ
1166 803 1380 870 γυναῖκα
1406 800 1475 865 μὴ
1518 796 1777 861 θεάσηται,
1812 795 1915 865 οὐχ
1941 796 2009 855 ὡς

419 895 509 950 τὴν
535 888 687 963 φύσιν
716 887 1141 961 βδελυσσόμενος,
1172 886 1297 941 ἀλλὰ
1322 894 1395 959 τῷ
1424 882 1636 958 κινδύνῳ
1676 878 1769 941 τοῦ
1794 905 2010 961 πειρασ-

421 979 521 1059 μοῦ
548 986 858 1058 φοϐούμενος
886 988 1205 1055 περιπεσεῖν,
1228 975 1299 1051 τῷ
1327 982 1381 1034 ὲκ
1406 975 1497 1035 τοῦ
1521 979 1867 1054 θεωρουμένου
1888 978 2009 1033 κάλ-

421 1078 541 1139 λους
563 1080 912 1149 συμϐαίνοντι.
939 1080 1067 1134 Γυνὴ
1093 1073 1145 1129 δέ
1166 1095 1245 1135 τις
1279 1067 1429 1127 τούτο
1459 1072 1747 1140 ἀκούσασα,
1780 1080 1803 1108 ο
1834 1072 2011 1141 τεθαρο

423 1172 648 1251 ρηκότως
677 1174 746 1231 εἰς
784 1171 841 1225 τὸ
878 1165 994 1244 ἔρος
1035 1166 1229 1233 ἀνῆλθε,
1258 1168 1339 1220 καί
1374 1167 1443 1225 είς
1474 1165 1718 1242 τὸ⁴αύτοῦ
1768 1162 2012 1221 σπηλαῐον

423 1260 644 1323 ἀναιδῶς
668 1263 992 1335 παρεγένετο.
1024 1255 1185 1318 Οὗτος
1227 1255 1279 1312 δέ
1308 1258 1486 1330 μικρὸν
1513 1257 1565 1310 ἐκ
1593 1260 1786 1329 μήκους
1823 1256 2028 1312 ταύτῃ-Α

423 1356 725 1424 θεασάμενος
777 1353 1087 1428 ἐρχομένην,
1135 1353 1216 1405 καὶ
1268 1351 1319 1404 ἐκ
1370 1357 1469 1405 τῶν
1516 1348 1729 1418 ἱματίων
1780 1348 2014 1419 ἐπιγνούς

423 1455 644 1518 γυναῖκα
673 1446 825 1503 αὐτὴν
852 1441 994 1505 εἶναι,
1031 1442 1209 1497 ἑαυτὸν
1233 1446 1305 1501 εἰς
1332 1442 1494 1512 εύχην
1525 1438 1731 1504 δέδωκε,
1763 1440 1845 1493 καί
1873 1440 1922 1491 ἐν
1950 1446 2013 1513 τῇ

422 1546 486 1613 τῇ
515 1542 603 1597 τήν
626 1538 807 1594 ἑαυτοῦ
835 1533 948 1607 ὄψιν
978 1535 1319 1608 ἐπεστήριξεν.
1354 1540 1606 1588 Τοσοῦτον
1638 1530 1698 1586 δέ
1726 1532 2015 1601 ηπλωμὲνος

423 1631 471 1684 ἐν
499 1638 561 1704 τῇ
596 1632 728 1707 εὐχῇ
759 1627 1249 1705 προσεκαρτέρησεν,
1296 1626 1390 1688 ἕως
1435 1621 1491 1679 ού
1528 1629 1585 1678 τὸ
1630 1621 1826 1683 άναιδές
1854 1625 2014 1679 ἐκεῖνο

422 1710 623 1795 γύναιον
675 1723 923 1780 ἀτονῆσαν
974 1718 1027 1773 ἐκ
1070 1728 1161 1779 τῆς
1222 1715 1427 1793 θυρίδος
1470 1721 1561 1771 τοῦ
1614 1715 1805 1770 κελλίου
1854 1716 2013 1770 αὐτοῦ

423 1810 642 1874 ἀπέστη.
669 1813 985 1869 Κατελθοῦσα
1014 1806 1098 1865 οὖν
1121 1812 1175 1865 ἐκ
1202 1816 1289 1865 τοῦ
1321 1805 1492 1882 ὅρους,
1525 1808 1572 1859 ἐν
1600 1814 1661 1882 τῇ
1689 1808 1819 1879 αὐτῇ
1855 1806 2016 1882 ἡμέρᾳ

2034 515 2087 574 Α
2185 510 2349 566 Parit.
2383 510 2577 567 Auditu
2608 524 2799 584 paveo.

2182 604 2421 661 Gnaeos.
2454 605 2546 660 Vir
2577 605 2680 661 iste
2713 605 2839 661 vitae
2868 605 3220 675 venerabilis,
3252 607 3569 666 inclusionis
3591 624 3709 667 suae

2112 706 2355 766 tempore
2386 698 2580 768 primo,
2630 698 2942 756 decreverat
2984 710 3042 756 ut
3084 700 3223 756 ultra
3270 702 3549 758 mulierem
3597 719 3705 759 non

2110 789 2336 855 videret,
2366 806 2470 845 non
2512 792 2635 861 quia
2664 793 3050 861 aspernabatur
3074 807 3284 861 sexum,
3317 795 3410 849 sed
3457 810 3526 850 ex
3574 810 3705 851 con-

2114 882 2366 950 templata
2382 884 2561 953 Specie
2580 886 2889 940 tentationis
2912 888 3184 942 incurrere
3200 886 3475 942 metuebat
3491 888 3703 945 vitium.

2113 972 2262 1041 Quod
2307 976 2551 1047 quaedam
2601 978 2793 1032 mulier
2838 977 3057 1035 audiens
3086 1022 3101 1047 ,
3152 978 3405 1034 audacter
3465 980 3710 1036 ascendit

2117 1076 2371 1131 montem,
2397 1079 2556 1139 atque
2583 1071 2649 1123 ad
2678 1068 2795 1139 ejus
2827 1085 3044 1140 specum
3067 1072 3409 1141 impudenter
3438 1073 3707 1144 prorupit.

2119 1161 2186 1212 At
2226 1160 2315 1215 ille
2347 1160 2503 1229 paulo
2532 1161 2743 1233 longius
2770 1163 3005 1228 intuens,
3038 1173 3091 1220 ct
3120 1165 3378 1219 venientis
3407 1166 3473 1219 ad
3503 1181 3563 1220 se
3590 1181 3709 1222 mu-

2113 1252 2305 1307 liebria
2332 1254 2640 1310 indumenta
2672 1256 3026 1324 conspiciens,
3059 1271 3179 1312 sese
3210 1257 3263 1311 in
3294 1258 3589 1312 orationem
3614 1259 3711 1313 de-

2116 1344 2213 1411 dit,
2240 1345 2291 1398 in
2319 1354 2515 1400 terram
2547 1346 2737 1402 faciem
2766 1348 3054 1417 depressit,
3084 1359 3136 1406 et
3163 1364 3229 1405 eo
3258 1363 3426 1421 usque
3464 1360 3708 1418 prostra-

2118 1444 2201 1491 tus
2224 1436 2413 1505 jacuit,
2444 1452 2551 1507 quo
2576 1438 2859 1508 impudens
2903 1442 3096 1496 mulier
3142 1456 3173 1495 a
3220 1440 3453 1496 fertestra
3496 1441 3710 1496 cellula:

2118 1529 2260 1586 illius
2284 1527 2501 1601 fatigata
2532 1533 2826 1590 recederet.
2858 1536 2989 1601 Quae
3010 1536 3099 1592 die
3128 1536 3340 1601 eodem,
3374 1550 3496 1590 mox
3542 1528 3596 1590 ut
3643 1536 3714 1593 de

2120 1631 2302 1675 monte
2324 1621 2624 1690 descendit,
2645 1625 2807 1680 vitam
2836 1626 3024 1693 ﬁnivit,
3056 1637 3112 1681 ut
3140 1641 3208 1681 ex
3236 1627 3424 1682 mortis
3447 1627 3562 1696 ejus
3585 1640 3715 1681 sen-

2122 1714 2290 1768 tentia
2317 1714 2536 1770 daretur
2573 1716 2796 1787 intelligi
2830 1720 2950 1783 quia
2997 1718 3151 1773 valde
3200 1719 3550 1786 omnipotenti
3594 1719 3718 1776 Deo

2123 1805 2417 1877 displicuit,
2448 1807 2592 1878 quod
2624 1808 2742 1878 eius
2770 1807 3029 1866 famulum
3061 1825 3199 1865 ausu
3239 1812 3481 1880 Improbe
3510 1819 3720 1867 conm-

421 1910 511 1965 τήν
533 1910 664 1969 ζωήν
694 1905 1000 1977 ἐπλήρωσεν.
1024 1901 1106 1956 Ἐκ
1124 1910 1215 1961 τῆς
1246 1898 1473 1959 δοθείσης
1497 1894 1584 1951 οὖν
1605 1896 1771 1967 ψήφου
1794 1904 1866 1971 τῷ
1890 1900 2016 1953 ταύ·
2045 1892 2093 1952 Β
2120 1898 2298 1954 stavit.

426 2019 517 2057 της
538 1978 733 2066 θανάτῳ
760 1998 891 2049 πᾶσι
931 1995 1181 2068 γνώριμος
1203 1991 1416 2067 γέγονεν,
1441 1986 1517 2043 ὅτι
1559 1985 1757 2059 σφόδρα
1796 1995 1869 2063 τῷ
1894 1986 2255 2061 παντοδονάμῳ
2302 1997 2410 2060 Θεῷ
2465 1992 2722 2066 ἀπήρεσε,
2773 1996 2862 2046 τοῦ
2894 1993 3085 2050 ταύτην
3117 1998 3181 2066 τῇ
3218 1992 3374 2063 τόλμῃ
3407 1993 3494 2048 τόν
3524 1991 3717 2047 (aurei

425 2085 602 2147 δόῡλον
627 2086 876 2145 λυπῆσαι.

496 2178 573 2233 Ἐν
611 2177 740 2249 ἄλλῳ
782 2176 949 2233 τοίνυν
985 2184 1143 2253 καιρῷ
1176 2174 1367 2230 πολλῶν
1406 2174 1540 2245 μετὰ
1580 2171 1813 2234 σπουδῆς
1852 2176 2017 2245 εύχῆς

426 2273 585 2348 χάριν
614 2272 743 2347 πρὸς
773 2272 925 2326 αὐτὸν
954 2269 1364 2346 συντρεχόντων,
1394 2270 1475 2322 καί
1502 2275 1593 2327 τῆς
1617 2266 1737 2322 ὁδοῦ
1764 2268 1873 2325 λίαν
1902 2289 2018 2324 στε-

424 2352 508 2430 νῆς
536 2364 910 2439 ὑπαρχούσης,
944 2361 1008 2417 δι’
1040 2360 1095 2429 ἧς
1136 2363 1266 2436 πρὸς
1295 2361 1446 2416 αὐτὸν
1484 2360 1788 2435 ἀνηρχοντο’
1835 2362 1887 2414 ἐν
1918 2362 2017 2437 γάρ

424 2466 487 2535 τῇ
514 2460 604 2511 τοῦ
637 2454 787 2531 ὅρους
815 2455 1004 2529 πλαγίᾳ
1031 2450 1339 2526 διακειμένη,
1370 2454 1532 2527 μέχρι
1559 2452 1649 2507 τοῦ
1677 2452 2018 2525 πληρώματος

425 2557 516 2610 τῆς
547 2550 869 2613 ἀναϐάσεως,
917 2549 966 2601 ὲν
1008 2544 1046 2621 ᾧ
1086 2549 1143 2611 τὸ
1188 2549 1343 2603 αὐτοῦ
1384 2547 1564 2607 κελλίον
1600 2548 1835 2620 ὑπῆρχε,
1882 2550 2016 2603 πάνυ

425 2642 677 2704 δύσϐατος
706 2641 782 2711 ἦν’
815 2639 1016 2698 παιδίον
1044 2635 1134 2696 οὖν
1168 2645 1348 2715 σεμνόν
1386 2640 1547 2702 ἀδεῶς
1578 2642 1937 2717 πορευόμενον,
1964 2644 2018 2697 ἐκ

426 2742 516 2813 τού
545 2734 708 2808 ὕψους
738 2741 825 2790 τοῦ
861 2728 1007 2809 ὅρους
1048 2735 1229 2801 πεσὸν,
1256 2734 1419 2813 μέχρι
1455 2744 1546 2795 τῆς
1579 2735 1908 2807 ὑποκειμένης
1944 2740 2019 2809 τῷ

426 2825 535 2907 ὄρει
554 2827 778 2888 κοιλάδος
800 2828 1116 2897 κατηνέχθη.
1149 2835 1201 2878 Ἦ
1224 2825 1277 2885 δέ
1300 2826 1431 2887 αύτή
1457 2827 1619 2887 κοιλὰς
1641 2828 1696 2882 ἐκ
1716 2834 1804 2883 τοῦ
1828 2825 2014 2897 ὕψους,

426 2926 513 2997 τού
544 2917 709 2998 ὅρους,
746 2922 924 2992 ὥσπερ
954 2923 1025 2979 εἰς
1046 2919 1203 2990 βυθὸν
1233 2921 1431 2990 κειμένη
1458 2922 1745 2996 θεωρεῖται.
1778 2921 2019 2990 Τοσούτῳ

426 3016 526 3093 γὰρ
556 3011 675 3083 ὕψει
706 3012 764 3066 τὸ
810 3008 923 3085 ὅρος
964 3014 1115 3067 ἐκεῖνο
1144 3014 1458 3091 ύπέρκειται,
1498 3013 1631 3069 ὥστε
1656 3014 1723 3065 τά
1753 3012 1803 3064 ἐν
1834 3019 1896 3082 τῇ
1921 3029 2018 3066 χοε·

425 3100 535 3181 λάδι
580 3103 775 3180 δένδρα,
823 3107 909 3160 καί
951 3126 1030 3159 τοι
1071 3106 1368 3178 παμμεγέθη
1412 3105 1743 3182 ὑπάρχοντα,
1791 3104 2017 3177 καθάπερ

424 3180 600 3274 θάμνοι
625 3206 737 3261 τοῖς
767 3199 819 3253 ἐκ
841 3206 930 3255 τοῦ
962 3197 1127 3269 ὕψους
1155 3205 1241 3261 τοῦ
1262 3191 1423 3274 ὄρους
1449 3200 1696 3273 θεωροῦσι
1713 3200 2017 3267 νομίζονται.

424 3288 502 3349 Ἐν
537 3300 749 3368 ταραχῇ
792 3294 959 3346 τοίνυν
998 3292 1236 3363 γέγονασι
1282 3291 1469 3351 πάντες
1505 3289 1553 3345 οἱ
1594 3289 1888 3363 ἐρχόμενοι,
1933 3292 2018 3349 καί

427 3384 553 3452 μετὰ
583 3377 812 3444 σπουδῆς
834 3387 918 3437 καί
939 3381 1196 3459 φροντίδος
1223 3383 1436 3455 ἤρξαντο
1464 3386 1656 3446 ζητεῖν,
1678 3387 1778 3437 ποῦ
1804 3383 1863 3436 τὸ
1890 3384 2015 3440 σκή-

2196 2174 2316 2229 Alio
2344 2188 2557 2245 quoque
2588 2182 2831 2244 tempore
2859 2173 2985 2229 dum
3013 2174 3163 2230 multi
3193 2175 3260 2229 ad
3290 2176 3430 2230 hunc
3468 2172 3717 2245 religiosa

2119 2262 2403 2321 devotione
2422 2277 2823 2331 concurrerent,
2845 2276 3005 2335 atque
3028 2273 3173 2322 arcta
3194 2277 3338 2322 esset
3368 2267 3558 2322 semita
3587 2279 3717 2337 qua

2118 2356 2175 2412 in
2204 2358 2409 2415 devexo
2436 2360 2634 2417 montis
2664 2361 2833 2417 latere
2855 2361 2922 2417 ad
2946 2362 3064 2432 ejus
3090 2362 3335 2417 cellulam
3366 2370 3721 2433 properantes

2119 2449 2369 2510 ducebat.
2402 2468 2533 2522 puer
2565 2453 2836 2522 parvulus,
2872 2454 3084 2509 incaute
3108 2455 3377 2524 gradiens,
3423 2470 3491 2510 ex
3519 2455 3719 2513 eode-

2120 2555 2305 2601 monte
2333 2534 2550 2614 cecidit,
2583 2556 2639 2603 et
2662 2561 2833 2617 usque
2857 2548 2923 2603 ad
2953 2550 3143 2604 vallem
3172 2552 3399 2617 corruit,
3429 2560 3580 2621 quae,
3610 2551 3720 2606 sub

2120 2648 2301 2693 monte
2329 2638 2520 2695 eodem
2550 2639 2674 2707 sita,
2706 2640 2859 2709 quasi
2888 2640 2943 2694 in
2973 2640 3239 2710 profundo
3264 2641 3609 2711 conspicitur.
3652 2642 3713 2699 Ιι

2120 2728 2240 2783 loco
2266 2729 2463 2800 quippe
2492 2730 2682 2785 eodem
2712 2739 2856 2785 tanta
2886 2745 3042 2788 mons
3066 2732 3182 2802 ipse
3211 2733 3493 2789 altitudine
3519 2748 3718 2790 exere.

2122 2820 2216 2886 vit,
2238 2831 2297 2876 ut
2312 2822 2530 2878 arbusta
2548 2821 2805 2891 ingentia,
2826 2840 2945 2892 quas
2965 2840 3030 2881 es
3053 2824 3244 2881 eadem
3266 2825 3405 2883 valle
3421 2828 3713 2898 prodeunt,

2121 2930 2187 2969 ex
2214 2924 2395 2971 monte
2420 2916 2801 2986 aspicientibus
2822 2919 2971 2987 quasi
2997 2928 3020 2957 ο
3042 2918 3235 2983 frateta
3258 2935 3383 2977 esse
3405 2924 3689 2978 videantur

2122 3008 2427 3064 Perturbati
2456 3011 2635 3078 itaque
2664 3019 2788 3066 sunt
2809 3014 2989 3068 cuncti
3017 3014 3115 3084 qui
3131 3014 3441 3084 veniebant,
3473 3026 3715 3071 summa-

2121 3117 2225 3172 que
2250 3119 2379 3159 cura
2407 3106 2689 3172 quaesitum
2716 3116 2799 3162 est
2828 3106 3001 3162 sicubi
3025 3118 3222 3178 corpus
3248 3108 3416 3178 elapsi
3443 3112 3589 3180 pueri
3616 3123 3716 3179 po-

2120 3194 2309 3253 tuisset
2339 3194 2590 3250 inveniri.
2616 3194 2747 3261 Quis
2771 3195 2915 3252 enim
2942 3196 3083 3253 aliud
3112 3199 3216 3253 nisi
3239 3199 3563 3255 exstinctum
3587 3213 3718 3258 cre-

2121 3283 2271 3340 deret
2290 3286 2312 3340 i
2332 3286 2450 3355 quis
2480 3286 2565 3343 vel
2590 3302 2785 3357 corpus
2805 3288 2874 3343 ad
2894 3298 3091 3345 terram
3114 3290 3381 3361 integrum
3407 3292 3720 3362 pervenisse

2120 3380 2502 3448 suspicaretur,
2542 3378 2561 3419 ί
2593 3380 2723 3437 dum
2764 3382 3097 3451 interpositis
3145 3383 3338 3453 ubique
3380 3385 3613 3454 scapulis
3660 3385 3718 3444 in

427 3498 571 3551 νῳμα
605 3484 695 3532 τοῦ
732 3478 975 3537 πεσόντος
1010 3476 1216 3543 παιδίου
1258 3475 1532 3535 δυνηθῶσιν
1566 3476 1750 3551 εὑρεῖν.
1781 3477 1867 3538 Τίς
1904 3470 1932 3511 εί
1964 3472 2017 3531 δὲ

2127 3479 2302 3540 partes
2323 3470 2553 3542 discerpi
2582 3474 2874 3543 potuisset?
2898 3473 3007 3531 Sed
3026 3476 3316 3545 requisitus
3338 3491 3471 3548 puer
3502 3479 3553 3534 in
3574 3476 3719 3534 valle

428 3570 605 3631 τοῦτον
630 3570 671 3622 εἰ
696 3573 764 3640 μη
793 3568 1041 3625 τεθνεῶτα
1073 3570 1334 3645 εὑρεθῆναι
1371 3568 1690 3645 προσεδόκα;
1736 3569 1765 3628 ἦ
1789 3571 1865 3629 τίς
1905 3571 2021 3625 ἀκέ-

429 3648 570 3735 ραιον
598 3659 656 3715 τό
683 3664 923 3733 σκήνωμα
946 3664 996 3725 ἓν
1016 3668 1076 3735 τῇ
1101 3660 1293 3725 κοιλάδι
1311 3663 1500 3734 φθάσαι
1526 3661 1755 3727 ὑπενόει,
1784 3665 1865 3718 καί
1894 3664 2023 3733 οὐχί

429 3751 864 3830 διεσπαραγμὲνον
909 3754 960 3807 ἐν
1007 3759 1067 3827 τῇ
1105 3754 1334 3825 τοσαύτῃ
1378 3761 1472 3814 τῆς
1513 3763 1816 3827 καταγωγῆς
1854 3758 2019 3828 popa};

430 3843 851 3919 Ἐπιζητήσαντες
882 3836 969 3898 οὖν
992 3846 1043 3899 ἄν
1069 3852 1131 3921 τῇ
1152 3844 1342 3901 κοιλάδι
1371 3847 1429 3901 τὸ
1465 3844 1689 3911 παιδίον,
1722 3843 1870 3919 εὗρον
1899 3848 2023 3902 αὐτὸ

432 3939 487 3991 ού
512 3936 662 4010 μόνον
690 3942 808 4004 ζῶν,
836 3938 961 3992 ἀλλὰ
982 3940 1066 3993 καί
1088 3938 1226 4008 ύγιᾶς
1252 3941 1404 3999 πάνυ.
1430 3936 1552 3994 Τότε
1581 3942 1715 3995 πᾶσι
1744 3937 2021 3998 κατάδηλον

430 4030 643 4101 γέγονεν,
676 4027 753 4085 ὅτι
791 4026 875 4085 διὰ
907 4038 999 4089 τῆς
1032 4031 1194 4100 εὐχῆς
1228 4037 1317 4085 τοῦ
1356 4030 1727 4089 εὐλαϐεστάτου
1767 4033 2021 4106 Μαρτίνου

432 4121 657 4184 ἀϐλαϐὴς
687 4124 713 4178 ὁ
747 4132 870 4185 παῖς
907 4126 961 4178 ἐκ
990 4129 1082 4178 τοῦ
1111 4125 1339 4179 τοιούτου
1380 4126 1656 4196 πτώματος
1685 4122 2016 4195 διεφυλάχθη.

431 4216 509 4271 Ἐν
531 4217 670 4289 αὐτῷ
880 4221 1044 4272 τοίνυν
1062 4226 1133 4292 τῷ
1158 4217 1388 4288 σπηλαίῳ
1408 4222 1623 4292 κρημνὸς
1647 4214 1831 4273 ἄνωθεν
1856 4218 2019 4291 ύπίρ-

430 4331 613 4376 κειται,
639 4313 685 4364 ἐν
770 4312 1094 4383 ἀπόσπασμα
1125 4312 1260 4367 λίθου
1284 4313 1450 4366 ἐπάνω
1468 4320 1557 4372 τῆς
1580 4312 1750 4370 κέλλης
1769 4316 2019 4387 Μαρτίνου

432 4404 738 4477 κρεμάμενον
782 4406 1070 4483 ἐθεωρεῐτο,
1130 4404 1339 4463 θάνατον
1378 4404 1517 4474 αύτῷ
1562 4401 1665 4458 καθ’
1709 4404 1898 4478 ἡμέραν
1935 4406 2024 4469 καί

429 4501 626 4565 πτῶσιν
672 4502 763 4556 τῆς
802 4496 973 4557 κε’λλης
1015 4495 1276 4563 ᾀπειλοῦν.
1317 4497 1609 4570 Μασκάτωρ
1652 4494 1703 4551 δέ
1752 4494 1777 4550 ὁ
1817 4496 2022 4564 ἀνεψιὸς

430 4588 785 4665 Ἀρμενταρίου
825 4594 915 4644 τοῦ
964 4587 1310 4662 ξλλουστρίου,
1358 4588 1486 4657 μετὰ
1528 4587 1743 4661 πλήθους
1787 4596 2022 4663 γεωργῶν

429 4681 555 4753 πρὸς
586 4682 731 4736 αὐτὸν
762 4681 911 4735 ἐλθὼν
947 4682 1242 4754 παρεκάλει,
1276 4683 1358 4743 ἵνα
1393 4684 1450 4739 ἐκ
1474 4687 1562 4741 τοῦ
1593 4682 1900 4739 σπηλαίουνό

431 4778 555 4825 Θεοῦ
589 4766 846 4847 ἅνθρωπος
878 4773 1084 4841 ἐξελθεῖν
1106 4774 1319 4844 ἀξιῲσῃ.
1350 4772 1489 4835 ὅπως
1516 4773 1601 4832 τὸν
1627 4774 2023 4843 ἀποσπασθέντα

2125 3564 2373 3620 inventus
2403 3574 2487 3622 est
2531 3581 2638 3625 non
2666 3567 2838 3623 solum
2865 3569 3039 3639 vivus,
3073 3570 3171 3627 sed
3199 3572 3358 3627 etiam
3407 3572 3714 3629 incolumis.

2125 3657 2275 3712 Tunc
2302 3656 2508 3715 cunctis
2538 3667 2783 3729 patenter
2811 3661 3047 3717 innotuit
3092 3663 3234 3734 quod
3270 3664 3394 3720 ideo
3439 3662 3559 3720 ltedi
3604 3679 3717 3722 non

2126 3752 2315 3821 potuit,
2348 3753 2469 3821 quia
2493 3753 2638 3808 hunc
2664 3755 2717 3809 in
2742 3769 2871 3811 casu
2900 3770 2998 3811 suo
3024 3755 3236 3812 Martini
3262 3758 3434 3814 oratio
3456 3760 3711 3827 portavit.

2125 3844 2182 3900 ln
2208 3860 2372 3915 specu
2402 3862 2531 3903 vero
2562 3847 2704 3903 illius
2729 3849 2889 3920 317
2922 3865 3115 3921 magna
3134 3850 3366 3922 desuper
3392 3865 3552 3922 rupes
3580 3851 3717 3907 emi-

2124 3939 2328 4006 nebat,
2373 3955 2497 4010 qute
2532 3955 2656 3996 eum
2686 3956 2752 3995 ex
2798 3951 2948 4011 parte
2994 3943 3184 4015 exigua
3232 3943 3401 3999 monti
3444 3942 3719 3999 videretur

2123 4030 2301 4097 allixa,
2335 4032 2547 4087 Martini
2575 4032 2729 4087 cella:
2758 4035 3088 4103 prominens,
3118 4048 3300 4090 casum
3332 4047 3487 4090 suum
3531 4026 3719 4104 quoti-

2124 4123 2233 4191 die,
2265 4133 2320 4179 et
2346 4124 2488 4181 illius
2537 4124 2812 4180 interitum
2862 4127 3063 4181 ruitura
3111 4126 3432 4183 minabatur.
3466 4126 3546 4182 Ad
3578 4129 3718 4183 hanc

2127 4222 2153 4261 ε
2182 4214 2446 4271 Mascator
2475 4216 2695 4271 illustris
2726 4218 2823 4272 viri
2852 4218 3174 4274 Armentarii
3205 4232 3403 4288 nepos,
3436 4233 3557 4274 cum
3603 4230 3719 4274 ma-

2124 4322 2227 4379 gna
2256 4309 2581 4365 rusticorum
2610 4288 2955 4367 multitudine
2999 4313 3239 4381 veniens,
3290 4312 3613 4382 precabatur
3656 4321 3720 4369 ut

2126 4400 2206 4455 vir
2236 4401 2330 4456 Dei
2356 4400 2426 4457 de
2469 4414 2631 4472 specu
2660 4404 2852 4459 eodem
2878 4404 3186 4473 dignaretur
3234 4403 3401 4473 exire,
3455 4414 3717 4474 quatenus

2122 4492 2153 4528 ιι
2179 4493 2292 4563 ipse
2322 4495 2579 4550 ruituram
2611 4511 2797 4566 rupem
2843 4511 2907 4551 ea
2942 4504 3123 4552 monte
3154 4498 3414 4567 potuisset
3458 4499 3715 4569 evellere,

2122 4592 2284 4654 atque
2314 4586 2365 4640 in
2396 4600 2561 4655 specu
2605 4601 2703 4641 suo
2734 4587 2829 4641 Dei
2857 4588 3085 4643 famulus
3110 4588 3219 4658 jam
3250 4600 3473 4644 securus
3504 4587 3717 4645 habita-

2125 4684 2230 4731 ret.
2259 4678 2496 4747 Cumque
2522 4679 2624 4733 boc
2653 4680 2731 4734 vir
2752 4678 2848 4734 Dei
2872 4692 3212 4752 nequaquam
3243 4681 3632 4752 acquiesceret,
3662 4676 3719 4740 ei

2125 4770 2265 4841 quod
2291 4780 2473 4839 posset
2500 4781 2559 4829 ut
2584 4773 2784 4831 iaceret
2808 4775 3089 4843 praeepit,
3117 4784 3172 4832 et
3201 4777 3315 4846 ipse
3344 4776 3396 4831 in
3424 4777 3577 4833 cella:
3603 4790 3721 4834 sua

433 4863 485 4914 ἐκ
516 4870 602 4916 τοῦ
637 4871 859 4938 κρημνοῦ
898 4866 1060 4931 λίθον,
1112 4868 1197 4921 ἐὰν
1241 4865 1441 4938 δυνηθῇ,
1486 4867 1676 4940 ἐπάρῃ,
1728 4870 1810 4919 καί
1851 4866 2017 4921 λοιπόν

2127 4864 2398 4918 remotiori
2427 4878 2486 4919 se
2518 4875 2668 4934 parte
2716 4865 2961 4922 contulit.
2995 4869 3049 4924 Si
3097 4877 3274 4923 tamen
3320 4868 3511 4940 ingens
3545 4870 3719 4926 moles

436 4955 719 5030 ἀμερίμνως
742 4958 766 5012 ὁ
792 4965 881 5013 τοῦ
910 4965 1036 5015 Θεοῦ
1057 4958 1233 5021 δοῦλος
1258 4962 1307 5016 ἐν
1336 4970 1409 5036 τῷ
1431 4956 1571 5033 αύτῷ
1592 4959 1824 5030 σπηλαίῳ
1852 4982 2025 5015 κατοι-

434 5048 586 5120 κήσῃ.
614 5057 667 5100 '0
696 5044 747 5101 δέ
777 5055 862 5102 τοῦ
886 5056 1012 5103 Θεοῦ
1040 5048 1303 5126 ἅνθρωπος
1344 5049 1576 5123 οὐδαμῶς
1605 5053 1739 5120 αύτῷ
1770 5053 1819 5104 ἐν
1855 5048 2024 5122 τούτῳ

435 5145 701 5212 συνῄνεσε,
731 5142 859 5200 πλὴν
879 5140 1014 5213 ὅμως
1039 5145 1311 5212 ἐκέλευσεν,
1334 5146 1414 5201 ’ἱνα
1440 5143 1562 5221 ὅπερ
1584 5144 1797 5205 δύναται
1817 5146 2020 5219 ποιήσῃ.

436 5232 589 5294 Αὐτὸς
615 5231 668 5287 δὲ
696 5234 742 5287 ἐν
768 5231 840 5308 τῷ
875 5231 1115 5299 ἰδιάζοντι
1144 5239 1283 5315 μέρει
1305 5244 1394 5295 τοῦ
1424 5238 1612 5295 κελλίου
1644 5238 1823 5299 ἑαυτὸν
1858 5241 2027 5300 ἐποίη-

510 5375 535 5405 “
577 5368 739 5430 Edili,
770 5368 1067 5429 κατανόησον
1094 5368 1181 5427 οὖν
1212 5375 1394 5429 αὐτῶν.

507 5435 535 5475 δ
574 5442 669 5496 MS.
682 5481 696 5506 ,
727 5445 1020 5512 συνῴκισεν.

455 5537 460 5545 ·
576 5514 702 5589 MS”
732 5516 1064 5589 τεθαρῥηκῦια
1088 5516 1159 5589 είς
1187 5516 1264 5568 τὸ.

508 5575 537 5617 (ί
575 5583 697 5651 Ms.,
722 5586 800 5646 τίς
820 5575 1051 5643 δειτοῦτο
1079 5588 1121 5639 εἰ
1148 5591 1215 5654 μὴ
1242 5584 1490 5647 τεθνηκός.

514 5659 540 5727 ξ
569 5654 687 5727 Υειι.
716 5654 797 5712 Cl.
830 5667 884 5727 et
910 5656 1133 5727 Longip.
1170 5654 1366 5727 habent
1392 5658 1629 5727 (retecta.

517 5721 540 5761 ί
571 5722 783 5785 Primus
811 5721 1054 5796 (ἕωλοι,
1079 5721 1203 5780 dum
1229 5721 1499 5793 impositis.

2124 4966 2329 5027 rueret,
2359 4958 2579 5017 dubium
2610 4973 2717 5016 non
2746 4968 2861 5015 erat
2887 4960 3031 5030 quod
3060 4960 3222 5017 simul
3251 4969 3306 5017 et
3347 4976 3566 5033 specum
3615 4962 3716 5019 de-

2126 5061 2385 5121 strueret,
2417 5063 2471 5108 et
2501 5054 2788 5109 Martinum
2819 5063 3053 5111 necaret.
3086 5055 3270 5126 Itaque
3311 5056 3437 5112 dum
3484 5074 3546 5115 ea
3596 5072 3720 5128 qua:

2128 5154 2347 5200 venerat
2375 5144 2658 5201 multitudo
2684 5152 2989 5210 conaretur,
3021 5145 3068 5202 si
3100 5156 3300 5216 posset,
3331 5148 3450 5206 sine
3480 5148 3720 5218 periculo

2130 5236 2228 5291 viri
2259 5230 2373 5305 Dei,
2406 5238 2595 5307 ingens
2624 5237 2773 5305 illud,
2806 5239 2947 5308 quod
2977 5239 3210 5311 desuper
3254 5241 3592 5307 incubuerat,
3634 5254 3721 5297 sa-

2198 5382 2224 5421 s
2260 5372 2476 5451 Eseusi,
2506 5371 2767 5429 Mascator
2795 5376 2898 5445 (vel
2931 5374 3218 5439 Masculus)
3244 5378 3462 5436 illustris
3492 5385 3587 5451 vir,
3620 5386 3721 5438 Ar-

2125 5448 2376 5512 mentarii,
2405 5455 2508 5501 etc.

2199 5516 2228 5554 ιι
2258 5516 2505 5587 Longip.,
2536 5519 2634 5587 ipsi
2659 5518 2936 5593 (nimirum
2966 5521 3245 5592 rustici)...
3272 5526 3576 5593 potuissent,
3609 5535 3721 5585 etc.

2129 5589 2258 5657 Qua:
2289 5598 2581 5659 sequuntur
2610 5604 2625 5648 :
2658 5589 2798 5645 Dum
2819 5608 2880 5651 ea
2908 5608 3022 5660 quas
3044 5589 3249 5648 uenerat
3272 5589 3723 5653 multitudomu-

2127 5666 2449 5736 rstur,_etc.,
2482 5670 2578 5736 et_:
2609 5672 2774 5736 utatur
2803 5665 2918 5733 ipsa
2952 5680 3108 5734 quam
3128 5669 3449 5721 conabantur
3474 5669 3726 5736 evellere;

2131 5730 2270 5799 haec,
2289 5731 2526 5801 inquam,
2546 5730 2833 5790 lectionem
2846 5730 3358 5807 msaLongipontani
3378 5730 3731 5798 conﬁrmant}
