3998 6356
192 264 287 326 261

1417 261 1863 322 ΒῑΑΙιΟϐΟΒυΜ
1904 260 2106 323 LlBEll
2146 260 2233 319 Ill.

3351 251 3461 325 262

190 399 311 440 xum
346 381 553 453 levare,
602 383 807 441 cunctis
854 383 1176 453 videntibus,
1218 391 1440 457 repente
1482 397 1570 440 res
1620 382 1769 447 valde

1880 402 1983 437 σεν.
2013 382 2111 435 Οὐκ
2147 377 2205 439 ἧν
2235 377 2288 435 δὲ
2324 376 2584 445 διστάξαι,
2622 376 2699 433 ὅτι
2726 378 2806 433 ἐὰν
2834 378 2891 435 τὸ
2918 380 3123 453 μέγεθος
3153 382 3333 439 ἐκείνου
3362 392 3459 442 τοῦ

190 475 515 543 admirabilis
542 478 783 549 contigit,
816 478 937 549 quia
970 478 1138 539 moles
1164 476 1282 553 ipsa
1310 493 1467 553 quam
1498 476 1769 537 conaban-

192 583 278 629 tur
304 574 553 639 evellere,
576 575 760 633 subito
805 574 874 632 ab
919 572 1121 635 eisdem
1166 572 1527 633 laborantibus
1568 570 1769 639 evulsa.

189 682 257 722 ne
276 667 543 738 spelunea:
567 667 778 729 Martini
801 675 998 723 tectum
1024 674 1284 738 tangeret,
1312 666 1506 725 saltum
1530 664 1698 732 dedit,
1720 671 1775 726 et

191 759 339 827 quasi
367 760 511 816 servi
560 760 655 816 Dei
698 760 975 818 lmsionem
1025 758 1252 831 fugiens,
1300 758 1508 829 longius
1558 758 1770 815 cecidit.

185 850 337 918 Quod
362 852 429 908 ad
448 852 661 922 jussum
685 851 1065 923 omnipotentis
1093 851 1189 907 Dei
1212 850 1450 921 angelico
1475 851 1773 909 ministerio

186 952 359 998 actum
391 944 664 1016 intelligit,
698 946 785 1016 qui
818 945 1001 1000 divina
1031 944 1365 1016 providentia
1393 944 1609 1018 disponi
1656 960 1771 1001 om.

183 1038 266 1093 nia
289 1038 525 1095 ﬁdeliter
553 1040 743 1097 credit.
778 1049 805 1081 ι
838 1039 933 1101 llic
953 1054 1072 1099 cum
1102 1041 1330 1110 primum
1354 1053 1418 1096 se
1442 1040 1495 1097 in
1518 1039 1768 1099 eumdem

180 1138 418 1185 montem
464 1131 724 1201 contulit,
770 1132 1002 1193 necdum
1038 1131 1225 1189 clauso
1270 1146 1431 1209 specu
1480 1130 1766 1198 habitans,

178 1216 205 1256 δ
232 1229 429 1279 catena
470 1222 574 1283 sibi
619 1220 796 1279 ferrea
820 1224 1012 1292 pedem
1042 1223 1255 1294 ligavit,
1286 1238 1513 1297 eamque
1541 1238 1673 1281 saxo
1702 1238 1770 1283 ex

178 1321 329 1380 parte
354 1313 528 1375 altera
551 1313 742 1381 altisit,
772 1330 841 1370 ne
862 1314 914 1371 ei
942 1315 1078 1371 ultra
1100 1315 1287 1371 liceret
1310 1314 1579 1386 progredi,
1608 1328 1769 1385 quam

176 1413 384 1467 calcare
413 1405 655 1477 ejusdem
683 1407 949 1477 quantitas
978 1406 1315 1463 tendebatur.
1356 1406 1509 1473 Quod
1538 1406 1618 1461 vir
1649 1406 1770 1465 vita

176 1496 505 1559 venerabilis
532 1498 855 1559 Benedictus
879 1498 1124 1566 audiens,
1146 1498 1298 1569 cujus
1330 1509 1351 1537 ο
1382 1497 1628 1568 superius
1656 1513 1770 1555 mer

176 1590 405 1668 muriam
430 1589 561 1658 feci,
588 1592 638 1647 ei
671 1606 768 1662 per
796 1592 1117 1662 discipulum
1146 1605 1303 1647 suum
1335 1589 1592 1647 mandare
1614 1602 1764 1646 cura-

174 1680 248 1743 vit
278 1698 294 1735 :
324 1681 388 1739 Si
417 1696 607 1740 servus
632 1683 730 1741 Dei
755 1698 835 1751 es,
860 1699 971 1743 non
996 1691 1175 1741 teneat
1198 1691 1253 1740 te
1276 1689 1463 1739 catena
1490 1680 1644 1744 ferri,
1670 1679 1765 1739 sed

1876 474 2012 537 λίθου
2046 476 2323 539 πεπτώκοι,
2351 470 2477 553 ὁμοῦ
2509 473 2589 530 καί
2619 476 2713 532 τήν
2739 472 2908 539 κέλλην
2938 474 3225 548 συνέτριϐε,
3256 480 3340 533 καί
3372 478 3461 535 τὸν

1874 573 2123 643 Μαρτῖνον
2148 565 2395 639 ἐφόνευεν.
2431 567 2510 621 Ἐν
2537 563 2641 637 ὅσῳ
2665 562 2718 620 δὲ
2746 565 2809 622 τὸ
2841 563 2976 622 neat
3004 558 3190 629 πλῆθος
3219 575 3309 622 τοῦ
3339 568 3459 626 λαοῦ

1876 664 2165 737 ἠγωνίζετο,
2210 662 2315 726 ἵνα,
2362 662 2444 716 ἐὰν
2471 658 2703 716 δύνανται
2737 657 2858 715 ἄνευ
2894 658 3118 718 κινδύνου
3148 668 3237 717 τοῦ
3276 656 3473 721 δούλου

1874 764 1965 812 τοῦ
1997 763 2146 821 Θεοῦ,
2172 757 2255 811 τὸν
2283 753 2465 811 όίνωθεν
2503 754 2822 811 ἐπικλίναντα
2852 756 3148 831 παμμεγέθη
3170 756 3303 815 λίθον
3334 758 3458 814 ἐπά-

1874 872 2026 925 ρωσι,
2060 852 2262 905 πάντων
2312 851 2625 923 θεωρούντων
2663 853 2878 927 πρᾶγμα
2905 851 3090 910 συνέϐη
3116 849 3316 925 σφόδρα
3340 852 3461 907 θαυ-

1874 945 2092 1015 μαστόν.
2125 945 2194 998 Τὸ
2228 946 2325 1019 γὰρ
2361 950 2450 1001 τοῦ
2479 944 2615 997 λίθου
2651 943 2977 1014 άπόκλασμα,
3011 941 3134 1018 ὅπερ
3161 944 3463 1019 ἠγωνίζοντο

1873 1039 2199 1103 ἀποσπάσαι,
2240 1033 2411 1109 αἴφνης
2438 1034 2528 1092 ἀπ’
2556 1035 2718 1090 αὐτῶν
2750 1043 2847 1091 τῶν
2876 1035 3157 1106 καμνόντων
3186 1036 3460 1092 ἀνασπασ-

1873 1131 1969 1199 θέν,
2001 1130 2083 1183 ἵνα
2225 1136 2249 1174 8
2279 1135 2353 1199 τῷ
2400 1128 2601 1201 κεράμῳ
2629 1134 2720 1187 τῆς
2757 1125 2924 1185 κέλλης
2964 1129 3215 1199 Μαρτίνου
3256 1129 3456 1203 ἐγγίσῃ,

1872 1227 1959 1278 καί
1997 1224 2172 1296 ὥσπερ
2198 1225 2286 1279 τὴν
2326 1218 2515 1290 βλάϐην
2539 1225 2625 1273 τοῦ
2658 1215 2834 1273 δούλου
2867 1224 2957 1274 τοῦ
2989 1223 3117 1272 Θεοῦ
3152 1221 3460 1293 ἀποφεῦγον,

1872 1317 2082 1388 μήκοθεν
2111 1314 2311 1370 ἔπεσεν.
2345 1310 2507 1392 Ὅπερ
2539 1310 2623 1367 διὰ
2661 1320 2752 1372 τῆς
2786 1318 2875 1373 τοῦ
2915 1310 3299 1382 παντοδυνάμου
3330 1318 3462 1368 Θεοῦ

1873 1409 2149 1467 κελεύσεως
2176 1405 2414 1481 άγγελικῇ
2447 1405 2705 1481 ὑπηρεσία
2733 1405 3031 1478 πραχθῆναι
3060 1406 3294 1460 πιστεύει
3332 1409 3461 1473 πᾶς,

1873 1499 2017 1561 ὅστις
2057 1501 2192 1572 θεῐκῇ
2229 1500 2441 1572 προνοίᾳ
2476 1495 2771 1557 διοικεῖσθαι
2804 1496 2870 1550 τά
2894 1496 3062 1553 πάντα
3091 1501 3285 1556 πιστῶς
3320 1494 3461 1549 ἐλπί-

1874 1597 1971 1657 ζει.
2003 1604 2056 1646 Ὁ
2085 1593 2243 1652 αὐτὸς
2274 1591 2322 1645 ἐν
2341 1591 2509 1665 ἀρχῇ,
2549 1586 2631 1645 ὅτε
2664 1590 2714 1642 ἐν
2744 1595 2815 1657 τῷ
2838 1584 2943 1663 ὄρει
2970 1587 3149 1644 ἑαυτὸν
3177 1583 3458 1653 ἐκδέδωκεν,

1873 1684 1930 1737 ού
1965 1683 2136 1755 μέντοι
2175 1681 2501 1752 κεκλασμένῳ
2545 1674 2571 1713 λ
2611 1687 2684 1755 τῷ
2724 1678 2894 1751 κελλίῳ
2936 1679 2983 1731 ἐν
3022 1680 3160 1747 αῦτῷ
3198 1684 3461 1746 κατοικῶν,

178 1781 369 1840 catena
413 1772 632 1832 Christi.
662 1776 747 1837 Ad
788 1791 949 1847 quam
995 1791 1183 1833 vocem
1228 1775 1483 1832 Martinus
1528 1775 1768 1844 protinus

1880 1774 2051 1830 όιλύσει
2080 1770 2265 1845 σιδηρᾷ
2284 1775 2369 1826 τόν
2396 1772 2580 1827 ἑαυτοῦ
2612 1766 2743 1824 πόδα
2766 1767 2959 1827 ἔδησεν.
2988 1769 3070 1824 Ἐκ
3098 1769 3151 1823 δέ
3173 1767 3264 1825 τοῦ
3286 1770 3464 1847 ἐτέρου

173 1864 419 1921 eamdem
451 1867 767 1936 compedem
791 1868 976 1931 solvit,
1009 1868 1102 1922 sed
1134 1881 1401 1937 nunquam
1424 1865 1767 1935 postmodum

173 1951 407 2013 solutum
431 1955 659 2015 tetendit
678 1957 873 2026 pedem
898 1961 1038 2016 ultra
1056 1957 1236 2015 locum
1260 1972 1364 2028 quo
1384 1956 1605 2029 ligatum
1628 1955 1768 2013 hunc

175 2046 399 2113 tendere
428 2060 802 2121 consueverat,
849 2061 1008 2124 atque
1054 2052 1108 2109 in
1141 2059 1285 2109 tanto
1336 2066 1395 2109 se
1435 2050 1608 2120 spatio
1651 2052 1767 2107 sine

173 2145 365 2195 catena
402 2143 661 2209 coercuit,
693 2143 747 2201 in
779 2154 978 2216 quanto
1006 2154 1063 2201 et
1106 2155 1263 2203 antea
1312 2147 1504 2215 ligatus
1545 2154 1763 2202 mansnt.

174 2228 270 2297 Qui
297 2229 429 2287 dum
460 2248 521 2289 se
558 2236 897 2303 postmodum
944 2238 995 2292 in
1026 2234 1268 2306 ejusdem
1299 2237 1405 2293 loci
1449 2251 1613 2307 specu
1639 2250 1768 2292 con-

170 2322 444 2388 clusisset,
474 2325 637 2395 erepit
662 2327 825 2382 etiam
854 2326 1145 2398 discipulos
1175 2328 1375 2384 habere
1394 2370 1407 2395 ,
1439 2327 1529 2398 qui
1555 2328 1622 2383 ab
1651 2327 1768 2397 ejus

171 2426 609 2481 specugseorsum
640 2416 961 2487 habitantes,
997 2419 1063 2474 ad
1106 2434 1262 2477 usum
1290 2420 1413 2475 vita:
1462 2435 1653 2491 aquam
1701 2419 1769 2477 de

172 2515 332 2572 puteo
353 2504 570 2563 haurire
597 2518 1010 2565 consueverant.
1037 2510 1143 2567 Sed
1169 2511 1309 2569 limis
1337 2512 1393 2570 in
1419 2527 1525 2583 quo
1548 2512 1616 2569 ad
1637 2511 1768 2569 hau-

169 2596 419 2655 riendum
439 2615 633 2670 aquam
653 2602 814 2659 situla
837 2602 1172 2673 dependebat
1196 2605 1383 2661 crebro
1400 2604 1766 2674 rumpebatur.

174 2688 323 2746 Unde
353 2692 549 2747 factum
579 2702 663 2749 est
694 2703 753 2748 ut
794 2695 1042 2752 eamdem
1070 2706 1313 2759 catenam
1345 2712 1503 2768 quam
1535 2711 1600 2755 ex
1632 2698 1768 2767 pede

168 2794 264 2838 suo
295 2784 383 2838 vir
414 2783 624 2841 Domini
651 2786 894 2843 solverat
920 2788 1038 2857 ejus
1061 2788 1308 2859 discipuli
1332 2798 1597 2860 peterent,
1622 2803 1769 2845 came

171 2888 274 2942 que
308 2874 423 2930 iuni
461 2877 843 2947 adiungerent,
871 2889 1033 2950 atque
1070 2881 1124 2935 in
1158 2881 1247 2937 illa
1276 2881 1491 2939 situlam
1516 2882 1765 2953 ligarant.

169 2964 251 3021 Ει
278 2982 391 3037 quo
415 2968 527 3038 jam
560 2979 801 3043 tempore
837 2972 1059 3045 contigit
1087 2983 1144 3030 ut
1175 2975 1315 3030 idem
1340 2974 1483 3031 {unis
1513 2984 1565 3030 et
1594 2976 1767 3049 quoti—

165 3058 258 3115 die
293 3060 587 3129 tingeretur
607 3077 762 3135 aqua,
786 3075 845 3122 et
871 3066 1017 3123 nullo
1046 3067 1207 3124 modo
1237 3080 1593 3139 rumperetur.
1618 3069 1760 3137 Quia

1872 1870 2059 1943 μέρους
2089 1866 2280 1924 ταύτην
2314 1873 2388 1939 τῷ
2424 1864 2542 1934 λίθῳ
2576 1863 2906 1937 προσέπηξεν,
2935 1863 3017 1916 ἵνα
3060 1858 3153 1917 τοῦ
3182 1858 3364 1917 λοιποῦ
3391 1864 3464 1933 μή

1871 1959 2053 2031 δυνηθῇ
2085 1957 2311 2022 ἐξελθεῖν,
2342 1960 2386 2009 εί
2410 1960 2478 2027 μή
2510 1950 2629 2009 ὅσον
2665 1954 2725 2008 τὸ
2751 1962 2842 2014 τῆς
2871 1952 3099 2013 ἁλύσεως
3126 1954 3309 2031 μέτρον
3347 1953 3465 2010 ἐτά-

1869 2071 1974 2104 νυε.
2014 2044 2177 2103 Τοῦτο
2210 2046 2263 2104 δὲ
2294 2046 2318 2101 ό
2350 2057 2412 2118 τῇ
2443 2052 2544 2123 ζωῇ
2587 2046 2956 2107 εὐλαϐέστατος
2994 2046 3118 2127 ἀνὴρ
3158 2045 3463 2113 Βενέδικτος,

1872 2139 2065 2202 οὗτινος
2094 2141 2327 2212 ἀνωτέρω
2355 2140 2527 2211 μνείαν
2570 2142 2874 2211 πεποίημαι,
2906 2137 3153 2200 ἀκούσας,
3192 2134 3255 2193 δι’
3280 2139 3465 2195 οἰκείου

1875 2234 2030 2288 αὐτοῦ
2050 2227 2277 2303 μαθητοῦ
2307 2230 2532 2290 δηλῶσαι
2563 2232 2701 2301 αὐτῷ
2722 2231 3007 2308 ἐφρόντισε⁶
3050 2232 3145 2285 Εάν
3176 2227 3193 2266 ί
3222 2228 3400 2293 δοῦλος
3421 2223 3468 2287 εἷ

1871 2323 1961 2381 τοῦ
1999 2333 2148 2393 Θεοῦ,
2194 2330 2265 2396 μή
2297 2347 2353 2380 σε
2402 2328 2645 2401 κρατήσει
2684 2323 2865 2397 ἅλυσις
2908 2321 3117 2400 σιδηρᾶ,
3159 2322 3262 2379 ἀλλ’
3302 2326 3332 2382 ἡ
3371 2328 3462 2381 τοῦ

1870 2424 2095 2496 Χριστοῦ
2142 2417 2345 2480 ἅλυσις.
2383 2419 2512 2495 Πρὸς
2557 2420 2751 2477 ταύτην
2790 2416 2844 2473 δέ
2891 2423 2982 2477 τήν
3030 2423 3190 2492 φωνὴν
3231 2416 3465 2492 παρευθύ

1870 2521 2118 2588 Μαρτῖνος
2145 2519 2234 2573 τήν
2266 2518 2361 2567 τοῦ
2387 2511 2543 2572 ποδός
2585 2507 2745 2567 αύτοῦ
2789 2509 2969 2567 ἅλυσιν
3007 2508 3185 2580 ἔλυσε,
3230 2515 3316 2567 καί
3352 2510 3466 2581 οὐδᾷ

1872 2626 1992 2659 ποτε
2024 2606 2071 2657 ἐν
2109 2605 2308 2679 ὑστέρῳ
2344 2606 2433 2660 τὸν
2478 2602 2615 2659 πόδα
2660 2604 2921 2675 λελυμένον
2960 2604 3193 2671 ἐξέτεινεν
3238 2599 3335 2673 ἔξω
3372 2603 3466 2660 τοῦ

1872 2698 2057 2763 τόπου,
2085 2694 2145 2751 οὗ
2181 2694 2239 2757 ἦν
2270 2699 2441 2759 ἐθίσας
2466 2694 2726 2767 δεδεμένον
2747 2695 2896 2750 αὐτὸν
2925 2697 3160 2751 τανύσαι⁶
3187 2696 3237 2750 έν
3258 2691 3313 2753 δέ
3338 2717 3467 2765 τοσ-

1873 2792 2008 2861 ούτῳ
2034 2788 2367 2861 διαστήματι,
2410 2786 2527 2847 όίνευ
2569 2789 2800 2855 ἁλύσεως
2821 2790 2971 2845 αὐτόν
2991 2791 3191 2847 ἀπιέναι
3217 2791 3468 2869 παρεχῶς

1871 2904 1972 2957 ρει,
2003 2884 2074 2945 εἰς
2111 2881 2235 2939 ὅσον
2262 2886 2342 2939 καὶ
2380 2884 2632 2961 πρότερον
2670 2881 2931 2953 δεδεμένος
2963 2886 3121 2951 άπίει.
3154 2884 3232 2938 Ἐν
3260 2884 3472 2959 ὑστέρῳ

1872 2974 1927 3035 δέ
1954 2978 2089 3048 μετά
2113 2976 2171 3031 τὸ
2198 2976 2375 3035 ἑαυτὸν
2402 2976 2452 3031 ἐν
2480 2983 2554 3050 τῷ
2590 2976 2824 3047 σπηλαίῳ
2853 2974 3127 3048 ἐγκλεῖσαι,
3157 2976 3340 3051 ἤρξατο
3366 2974 3468 3043 λοιη

1873 3069 1968 3124 πὸν
1998 3071 2083 3127 καὶ
2107 3068 2333 3140 μαθητάς
2356 3065 2623 3138 δέχεσθαι.
2655 3065 2671 3116 5
2712 3068 3009 3143 Παραμέρος
3032 3065 3086 3121 δὲ
3106 3060 3196 3121 τοῦ
3218 3064 3467 3125 σπηλαίου

164 3155 325 3211 enim
354 3156 716 3218 catenam‘.viri
743 3159 837 3215 Dei
862 3159 1001 3219 funis
1030 3160 1122 3217 ille
1146 3161 1389 3233 contigit,
1417 3162 1532 3233 ipse
1556 3175 1766 3233 quoque

1880 3157 2026 3216 κύτοῦ
2072 3156 2349 3227 οἰκοῦντες,
2398 3161 2471 3220 εἰς
2515 3163 2607 3218 τὴν
2653 3157 2846 3214 ἑαυτῶν
2878 3160 3063 3233 χρείαν
3100 3154 3240 3230 ὕδωρ
3280 3156 3333 3208 ἐκ
3372 3147 3468 3208 τοῦ

167 3252 236 3309 ad
266 3248 298 3289 εί
363 3251 692 3309 tolerandam
731 3269 926 3326 aquam
955 3294 970 3323 ,
1015 3254 1143 3311 ferri
1187 3256 1241 3313 in
1291 3270 1353 3315 se
1397 3255 1765 3314 fortitudinem

170 3344 357 3400 traxit.

1874 3256 2080 3331 φρέατος
2118 3252 2347 3311 ἤντλουν.
2377 3252 2445 3306 Τὸ
2475 3248 2529 3304 δέ
2556 3251 2787 3320 σχοινίον
2815 3251 2867 3304 έν
2960 3251 2990 3306 ἡ
3016 3245 3043 3283 ¹ί
3072 3248 3221 3301 σίκλα
3249 3243 3464 3316 ἐδέδετο,

1868 3346 1930 3403 δι’
1959 3344 2017 3407 ἧς
2045 3348 2103 3401 τὸ
2134 3343 2272 3420 ὕδωρ
2300 3344 2528 3408 ἤντλουν,
2565 3343 2899 3417 συχκτέρως
2924 3340 3183 3396 έκόπτετο.
3207 3336 3349 3392 Ὀθεν
3373 3341 3470 3396 τήν

172 3439 376 3504 δυσιν,
403 3440 563 3515 ἥνπερ
584 3442 641 3497 ὲκ
666 3438 758 3497 τοῦ
782 3441 940 3505 ποδὸς
965 3444 1125 3499 αὐτοῦ
1157 3441 1183 3497 ό
1216 3450 1309 3497 τοῦ
1340 3447 1468 3499 Θεοῦ
1505 3439 1768 3516 ἅνθρωπος
1806 3435 2008 3502 ἔλυσεν,
2041 3436 2087 3492 οἱ
2109 3436 2328 3507 μαθηταὶ
2356 3435 2513 3493 αὐτοῦ
2547 3432 2898 3505 αἰτησάμενοι,
2927 3431 3119 3488 ταύτην
3147 3438 3221 3502 τῷ
3250 3429 3469 3501 σχοινίῳ

172 3535 221 3588 έν
250 3541 319 3610 τῇ
345 3534 495 3608 σίκλᾳ
521 3533 875 3610 προσέδησαν.
912 3533 1119 3592 ’Έκτοτε
1145 3534 1199 3591 δὲ
1237 3537 1346 3591 καθ’
1386 3537 1575 3609 ἡμέραν
1615 3535 1665 3589 ἐν
1701 3539 1776 3605 τῷ
1812 3528 1963 3586 ὕδατι
1995 3529 2052 3583 τὸ
2093 3529 2327 3599 σχοινίον
2362 3524 2682 3601 βρεχόμενον
2715 3522 2952 3607 οὐδαμῶς
2980 3531 3071 3579 τοῦ
3092 3523 3265 3578 λοιποῦ
3290 3523 3469 3582 ἐκόπη.

174 3628 238 3683 Τό
261 3630 361 3705 γὰρ
388 3631 620 3698 σχοινίον
640 3630 794 3683 έκεῖνο
814 3626 1091 3704 προσδεθέν
1113 3635 1176 3704 τῇ
1198 3635 1289 3685 τοῦ
1310 3630 1577 3703 ἀνθρώπου
1616 3628 1707 3681 τοῦ
1734 3628 1862 3703 Θεοῦ
1890 3620 2089 3684 ἁλύσει,
2120 3622 2212 3678 την
2234 3623 2326 3678 τοῦ
2350 3614 2564 3692 σιδήρου
2588 3614 2796 3686 δύναμιν
2816 3616 2888 3675 εἰς
2909 3611 3087 3670 έαυτόν
3108 3614 3470 3677 ἐπεσπάσατο,

247 3723 416 3778 Perit.
449 3723 610 3779 Facta
640 3723 756 3780 haec
789 3724 1016 3795 placent,
1050 3724 1173 3794 quia
1204 3722 1372 3790 mira;
1403 3731 1459 3779 et
1498 3721 1773 3788 multum,

176 3814 302 3886 quia
332 3814 584 3873 recentia.

653 3906 817 3977 320
851 3903 1078 3961 CAPUT
1118 3904 1283 3961 xvu.

297 3998 372 4055 De
391 3999 635 4054 monac/to
658 4014 723 4054 ea
747 4008 916 4054 monte
936 3998 1264 4082 argentario,
1294 3998 1380 4067 qui
1410 4005 1665 4052 mortuum

833 4079 1109 4125 suscitavit.

250 4164 579 4229 CBBGOBIUS.
608 4163 815 4220 Nostris
842 4163 1003 4220 modo
1043 4163 1371 4232 temporibus
1406 4162 1625 4235 quidam
1654 4160 1761 4229 vir,

176 4258 630 4330 Quadragesimus
656 4258 905 4326 nomine,
944 4266 966 4294 ι’
998 4259 1309 4315 Buxentinm
1339 4257 1597 4314 Ecclesia:
1639 4254 1765 4313 sub-

177 4353 439 4410 diaconus
465 4351 561 4408 luit
625 4352 717 4423 qui
746 4353 923 4408 ovium
952 4366 1171 4408 suarum
1197 4366 1410 4422 gregem
1444 4365 1665 4420 pascere
1710 4348 1766 4411 in

178 4445 426 4515 ejusdem
454 4445 685 4501 Aureliae
720 4445 956 4513 partibus
984 4443 1210 4500 solebat.
1240 4442 1402 4512 Cujus
1433 4441 1586 4499 valde
1616 4455 1769 4497 vera-

1945 3724 2117 3770 IlE’l'P.
2146 3713 2279 3773 Πάνυ
2318 3719 2423 3773 τοῖς
2455 3716 2615 3771 πᾶσιν
2648 3710 2929 3782 ἀρέσκουσι
2974 3714 3135 3763 ταῦτα
3161 3710 3227 3764 τά
3274 3708 3471 3779 θαύμας

1874 3830 1959 3875 τα,
1986 3807 2291 3883 πλειοτέρως
2318 3802 2373 3865 δέ
2401 3802 2484 3861 διά
2502 3804 2560 3861 τὸ
2588 3803 2897 3882 προσφάτως
2917 3802 3041 3858 αὐτὰ
3066 3802 3333 3874 γεγονέναι.

2410 3898 2575 3971 319
2596 3904 2820 3954 ΚΕΦΔΛ.
2850 3895 2941 3953 tz'.

1874 3999 1989 4073 Περὶ
2018 4001 2107 4052 τοῦ
2135 3993 2363 4073 ἑλθόντος
2390 3998 2627 4073 μοναχοῦ
2656 3992 2881 4073 artaret?
2909 3984 3058 4063 ὅρους
3086 3994 3176 4047 τοῦ
3205 3987 3469 4062 ’Δργεντας

2283 4062 2422 4140 ρίου,
2449 4062 2534 4119 καί
2553 4062 2725 4138 νεκρὸν
2755 4062 3057 4137 ἐγείραντος.

1946 4166 2286 4221 [ῬΗΓΟΡΙΟΣ.
2348 4156 2558 4232 ’Δρτίως
2615 4155 2698 4209 ἐπί
2745 4160 2845 4210 τῶν
2902 4150 3158 4228 ἡμετέρων
3223 4147 3469 4225 χρόνων,

1876 4249 2314 4329 κουαδραγέσιμὸς
2356 4271 2435 4310 τις
2481 4246 2656 4318 ὀνόμα,
2701 4243 3030 4306 ὐποδιάκονος
3073 4250 3165 4304 τῆς
3199 4238 3217 4278 ί
3264 4243 3469 4307 Βουξεν·

1875 4354 1989 4410 τίας
2042 4348 2315 4406 ἐκκλησίας
2362 4343 2652 4419 ὑπάρχων,
2709 4348 2799 4400 τήν
2844 4347 2942 4396 τῶν
2985 4337 3260 4413 προϐάτων
3309 4335 3471 4391 αὐτοῦ

1876 4446 2092 4513 ποίμνην
2116 4442 2171 4493 ὲν
2196 4447 2302 4501 τοῖς
2323 4436 2530 4511 μέρεσιν
2550 4432 2794 4507 Αὐρηλίας
2824 4430 2938 4491 ἔθος
2967 4426 3110 4503 εἶχεν
3128 4432 3219 4484 τοῦ
3250 4427 3468 4499 βόσκειν.

180 4539 258 4593 cis
284 4539 387 4593 viri
430 4536 738 4593 narratione
785 4552 872 4593 res
916 4537 1049 4591 mira
1098 4535 1348 4603 innotuit,
1395 4549 1514 4604 qua:
1558 4540 1768 4590 secreto

1880 4535 2056 4597 Ὀστις
2083 4540 2303 4611 πρᾶγμα
2332 4534 2590 4605 θαύματος
2618 4531 2806 4603 πλῆρες
2830 4526 2976 4604 ἀνδρί
2996 4550 3091 4583 τινι
3119 4521 3312 4598 σφόδρα
3352 4520 3467 4580 an»

182 4628 357 4685 fuerat
382 4639 553 4699 gesta.
583 4629 635 4683 ls
662 4644 913 4700 namque,
944 4637 1002 4684 ut
1030 4628 1405 4701 praediximus,
1440 4627 1566 4683 dum
1596 4625 1771 4697 gregis

184 4722 268 4775 sui
290 4721 348 4776 in
375 4721 591 4778 Aurelia
626 4736 807 4777 curam
838 4728 1067 4792 gereret,
1093 4721 1144 4777 in
1184 4720 1374 4777 diebus
1417 4717 1657 4790 ejusdem
1689 4717 1772 4773 vir

182 4809 283 4866 fuit
306 4826 339 4869 e
360 4822 560 4879 monte,
602 4813 691 4882 qui
725 4810 744 4850 ί
779 4810 1128 4882 Argentarius
1154 4819 1396 4879 vocatur,
1450 4809 1771 4865 venerabilis

183 4903 331 4972 vitae,
362 4906 451 4975 qui
476 4904 716 4961 habitum
745 4904 1027 4971 monachi,
1052 4918 1209 4981 quem
1248 4902 1619 4975 praetendebat
1646 4917 1769 4974 spe—

258 5077 285 5105 λ
316 5068 640 5141 Compend.,
671 5070 754 5125 hic
783 5087 898 5124 cum
942 5070 1157 5139 primus.
1200 5065 1433 5138 Uterque
1479 5063 1768 5132 Theoder.,

183 5140 268 5213 hic
297 5156 410 5213 cum
440 5140 602 5213 prius.

254 5210 288 5253 ι
320 5208 530 5268 Primus
555 5213 799 5274 (ἴοι-ποι..
830 5221 1063 5267 catenam
1091 5212 1187 5266 sibi
1225 5214 1444 5281 ferream
1470 5210 1540 5264 ad
1568 5208 1770 5281 pedem.

266 5295 290 5323 ε
322 5282 579 5339 Nimirum
614 5293 722 5338 toto
748 5283 885 5338 libro
915 5282 1171 5338 secundo.

265 5350 295 5391 δ
328 5351 533 5409 Primus
560 5353 780 5410 Carnot.
800 5396 814 5421 ,
846 5354 914 5407 ad
944 5352 1219 5408 tollendam
1248 5354 1449 5420 aquam.

267 5434 295 5461 ο
325 5422 423 5479 Ms.
448 5424 556 5481 fere
584 5440 773 5483 omnes
797 5419 1120 5480 Baxentina'.
1146 5419 1447 5494 Legendum
1475 5433 1648 5478 tamen
1676 5419 1778 5494 Ba-

183 5495 438 5569 gentime.
479 5497 631 5569 Apud
676 5496 907 5553 Plinium
938 5498 1200 5569 leguntur
1230 5492 1523 5569 'Bttxentini
1572 5492 1774 5569 populi.

184 5566 492 5638 Buxentum
528 5562 661 5628 olim
708 5569 834 5625 urbs
863 5562 1181 5638 episcopalis
1211 5582 1223 5620 :
1257 5562 1683 5638 nunc‘Castrum
1722 5562 1778 5619 in

182 5634 425 5711 Lucania
454 5638 612 5711 vulgo
642 5633 1262 5711 PisciotaCAliis'Atamen
1285 5644 1366 5691 est
1392 5633 1777 5711 Polycartrum.

188 5710 240 5784 si
259 5710 421 5777 baro,
453 5705 606 5784 cujus
633 5711 720 5771 hic
744 5714 938 5784 magna
962 5709 1136 5781 capia,
1167 5720 1360 5767 nomen
1390 5705 1644 5764 habuisse
1672 5718 1784 5763 cre-

186 5779 361 5836 ditur.

1881 4630 2111 4699 θεστάτῳ
2139 4626 2442 4699 διηγήσατο.
2473 4623 2599 4702 ὅπερ
2626 4630 2887 4695 μυστικῶς
2911 4618 2969 4683 ἦν
3016 4618 3267 4693 πραχθέν.
3300 4613 3468 4683 Καθὼς

1882 4719 1935 4776 δέ
1962 4726 2227 4798 προεῖπον,
2280 4711 2434 4777 οὗτος
2475 4719 2565 4776 τῂν
2611 4721 2712 4775 τῶν
2756 4714 2949 4767 οἰκείων
2990 4708 3150 4762 αὐτοῦ
3197 4703 3468 4778 προϐάτων

1879 4811 2158 4885 ἐπιμέλειαν
2179 4811 2228 4865 ἐν
2246 4817 2359 4873 τοῖς
2383 4808 2591 4883 μέρεσιν
2617 4804 2865 4881 Αὐρηλίας
2893 4800 3214 4867 ποιούμενος,
3258 4797 3308 4850 ἓν
3345 4793 3467 4850 ἐκείρ

1880 4928 1990 4969 ναις
2018 4914 2132 4968 ταῖς
2159 4906 2395 4982 ἡμέραις,
2424 4904 2550 4976 ἀνήρ
2574 4920 2654 4959 τις
2695 4898 2748 4959 ἐκ
2774 4901 2865 4952 τοῦ
2889 4889 3041 4968 ὅρους
3080 4896 3172 4946 τοῦ
3205 4889 3468 4963 λεγομένου

1958 5059 1979 5101 ί
2011 5058 2162 5119 Mons
2192 5060 2247 5115 in
2276 5052 2469 5114 Tuscia
2496 5055 2636 5110 inter
2660 5058 2871 5121 portum
2899 5043 3141 5105 Herculis
3162 5058 3216 5106 et
3236 5046 3466 5109 Telamo-

1882 5133 1968 5189 nis
1990 5144 2283 5189 excurrens
2312 5130 2365 5183 in
2395 5139 2565 5182 mare.
2598 5123 2753 5181 Unde
2778 5121 3008 5179 Rutilius
3038 5136 3052 5173 :

2037 5213 2277 5263 Funditur
2305 5212 2358 5260 in
2390 5208 2580 5259 medias
2601 5214 2740 5267 mons
2765 5204 3093 5267 Argentarius
3124 5203 3293 5257 tinctus.

1883 5277 2021 5331 llinc
2050 5275 2315 5329 Aureliam
2344 5274 2398 5327 in
2428 5268 2623 5326 Tuscia
2656 5266 2822 5325 fuisse
2846 5266 3189 5338 eonjicimus.

1958 5352 1982 5418 β
2017 5346 2134 5418 MS.,
2166 5352 2277 5406 τοῖς
2306 5345 2562 5418 κεράμοις.
2641 5416 2649 5418 _

1956 5414 1982 5452 1‘
2012 5408 2131 5481 Ms.,
2161 5424 2233 5486 τῷ
2259 5408 2492 5486 σπηλαίῳ
2521 5416 2572 5467 ἐν
2599 5416 2738 5482 αὐτῷ
2768 5415 3012 5486 κατοικῶν
3036 5408 3234 5486 ιΞιλύσειΣ

1962 5489 1977 5524 ί
2010 5477 2133 5554 Ms.,
2165 5477 2339 5548 δοῦλος
2364 5477 2474 5541 εἴηξ
2498 5490 2566 5557 μή
2591 5505 2650 5539 σε
2682 5477 2911 5558 κρατήσῃ
2941 5480 3126 5544 ἅλυσις
3155 5477 3361 5554 σιδηρᾶ.

1962 5558 1974 5637 _i
2016 5559 2111 5637 his.
2123 5601 2136 5624 ,
2169 5561 2501 5637 napajté‘owt‘.

1957 5627 1985 5667 ¹ί
2016 5630 2137 5696 Ms.,
2169 5627 2352 5685 σύτλα.
2375 5627 2390 5637 ’
2948 5632 2953 5633 “

1920 5691 2522 5827 ί(ιιὶἶῇἰτίέ.Βουζεντίιιιεκ..
2559 5702 2784 5761 αὐτοῦ...
2824 5698 3034 5778 μέρεσιν
3076 5692 3363 5774 uelim“;
3409 5691 3465 5751 α

1889 5785 1968 5831 διο
1993 5785 2152 5831 ιιιιεο.
