3998 6356
541 318 646 386 203

1760 313 2002 376 SANC'I‘I
2041 312 2371 374 GREGORH
2412 313 2628 375 MAGNI

3704 306 3807 383 283

537 442 909 519 Ἀργενταρίου,
938 447 1010 510 τῷ
1037 442 1302 513 μοναχικῷ
1327 439 1564 511 σχήματι
1596 439 1966 509 κεκοσμημένος
1986 481 2000 501 ,
2033 442 2118 493 καὶ

2223 432 2326 499 cie,
2358 434 2600 488 moribus
2630 431 2897 503 explebat.
2925 428 3020 488 Hic
3041 432 3218 504 itaque
3243 432 3307 489 ad
3339 429 3640 495 Ecclesiam
3666 437 3802 498 beati

534 547 598 617 τῇ
619 545 722 612 ζωῇ
746 537 1116 594 ε’ύλαϐἑστατος
1139 533 1398 606 ὑπάρχων
1417 571 1432 596 ,
1463 533 1513 584 ἐν
1538 540 1599 606 τῇ
1624 537 1715 586 τοῦ
1749 533 2001 605 μακαρίου
2028 531 2119 584 Πέ-
2141 587 2147 592 _

532 652 657 706 τρου
704 637 793 686 τοῦ
839 630 1114 703 κορυφαίου
1159 633 1261 680 τῶν
1288 625 1606 681 ’Λποστὸλων
1652 623 1922 696 ἐκκλησίᾳ,
1953 624 2004 676 ἐκ
2029 629 2116 678 τοῦ

533 725 689 779 αὑτοῦ
733 718 881 796 ὅρους
927 718 1134 793 ἥοχετο,
1187 715 1302 778 ἔθος
1352 716 1490 787 ἔχων
1533 714 1647 771 κατ’
1694 717 1920 770 ἐνιαυτὸν
1969 721 2122 770 τοῦτο

531 821 717 869 ποιεῖν.
749 811 831 865 Ἐν
861 808 916 865 δὲ
959 818 1032 880 τῷ
1064 807 1178 879 οἴκῳ
1212 814 1302 864 τοῦ
1332 808 1702 884 προλεχθέντος
1753 805 2121 879 Κουαδραγεσί-

531 925 632 978 μου
662 908 751 958 τοῦ
777 900 1104 958 ὑποδιακόνου
1135 898 1352 956 πάντοτε
1383 902 1620 964 ἐξενίζετο
1643 942 1656 966 ,
1697 901 1861 960 καθώς
1903 899 1927 953 6
1970 902 2120 962 αὐτὸς

530 994 854 1056 ὑποδιάκονος
885 993 1178 1066 διηγήσατο.
1227 995 1318 1047 Καὶ
1357 996 1470 1049 τότε
1515 988 1602 1046 οὖν
1630 995 1678 1046 ἐν
1709 1001 1780 1062 τῷ
1821 991 1939 1062 οἴκῳ
1962 997 2119 1047 αὑτοῦ

530 1086 838 1160 ὑποδεχθεὶς
865 1086 890 1142 6
915 1086 1219 1162 προρρηθεὶς
1247 1085 1500 1156 μοναχὸς,
1528 1082 1578 1138 ἕν
1610 1105 1706 1139 τινι
1741 1085 1906 1159 ἡμέρᾳ
1931 1088 2003 1144 εἰς
2031 1090 2120 1143 τήν

531 1182 800 1242 ἐκκλησίαν
837 1184 1134 1256 ἀπηρχετο,
1166 1180 1378 1238 πλησίον
1413 1185 1502 1233 τοῦ
1534 1177 1673 1232 οἴκου
1716 1175 1810 1234 τοῦ
1843 1177 2119 1233 ὑποδιακό-

531 1295 618 1330 νου
642 1275 1010 1350 ὑπάρχουσαν.
1043 1275 1389 1344 Πτωχοτάτης
1411 1271 1464 1327 δέ
1505 1294 1635 1333 τινος
1669 1273 1896 1344 γυναικὸς
1938 1273 2119 1345 σύνεγ-

528 1389 625 1442 γυς
669 1354 907 1426 οἰκούσης
937 1365 962 1421 6
991 1366 1117 1440 ἀνὴρ
1147 1367 1463 1430 ἐτελεύτησε,
1496 1368 1582 1420 καί
1615 1366 1740 1420 κατά
1767 1367 1826 1421 τὸ
1847 1364 1978 1432 ἔθος,
2002 1372 2120 1421 τοῦ⁸

527 1479 613 1514 τον
657 1457 953 1519 λούσαντες,
985 1458 1069 1510 καί
1113 1462 1218 1516 τοῖς
1265 1455 1486 1525 ίματίοις
1510 1464 1536 1492 ⁸
1569 1456 1992 1528 ἐνταφιάσαντες,
2033 1461 2120 1513 καί

525 1557 600 1620 τῷ
621 1548 833 1619 σαϐάνῳ
861 1547 1284 1626 περιειλὶσαντες,
1312 1555 1404 1607 τῆς
1440 1547 1665 1622 ἑσπέρας
1698 1548 2114 1614 καταλαϐούσης,

523 1639 685 1709 θάψαι
715 1640 862 1694 αὐτὸν
884 1641 972 1694 οὑκ
1001 1637 1335 1698 ἠδυνήθησαν.
1385 1637 1631 1712 Ἐγγιστα
1661 1637 1714 1694 δέ
1743 1646 1835 1695 τοῦ
1875 1643 2118 1710 σώματος

523 1737 614 1784 τοῦ
636 1735 900 1791 τεθνεῶτος
929 1734 958 1790 ἡ
988 1735 1133 1806 χήρα
1153 1737 1277 1805 γυνή
1303 1733 1776 1807 παρακαθεσθεῖσα,
1809 1735 1856 1785 ἐν
1884 1735 2114 1804 μεγίστῳ

523 1821 759 1895 κλαυθμῷ
787 1827 877 1881 τὴν
900 1821 1063 1878 νύκτα
1092 1821 1361 1884 διετέλεσε,
1385 1830 1506 1882 ταῖς
1530 1819 1801 1896 ὀδυνηραῖς
1828 1831 2010 1893 φωναῖς
2031 1827 2117 1876 καὶ

523 1919 596 1983 τῷ
617 1913 779 1988 θρήνῳ
804 1913 887 1967 τὸν
913 1913 1067 1967 πόνον
1092 1913 1552 1986 παραμυθουμένη.
1578 1912 1657 1966 Ἐν
1679 1911 1732 1966 δέ
1756 1921 1828 1985 τῷ
1867 1915 2119 1984 ἐπιμὸνως

522 2013 674 2061 τοῦτο
703 2008 959 2077 γίνεσθαι,
991 2011 1072 2060 καὶ
1102 2013 1194 2060 τοῦ
1240 2006 1423 2059 κλαίειν
1452 2013 1544 2066 τῆς
1581 2007 1813 2078 γυναικὸς
1853 2009 1942 2062 ούκ
1988 2007 2118 2064 ἔνδε-

522 2093 718 2156 δούσης
738 2136 752 2159 ,
785 2096 810 2150 6
839 2103 932 2150 τοῦ
956 2104 1082 2151 Θεοῦ
1112 2094 1374 2174 ἄνθρωπος
1404 2096 1428 2152 6
1460 2099 1509 2151 ἐν
1537 2106 1609 2170 τῷ
1638 2097 1753 2170 οἴκῳ
1788 2098 2119 2174 Κουαδραγε-

523 2188 678 2257 σίμου
712 2187 1050 2256 ὑποδεχθεὶς,
1077 2191 1376 2261 κατανυγεὶς
1405 2183 1513 2244 εἷπε
1545 2191 1672 2264 πρὸς
1697 2192 1867 2244 αὑτὸν·
1908 2200 2119 2262 Συμπα-

525 2276 607 2330 θεῐ
627 2279 657 2335 ἡ
678 2276 831 2348 ψυχή
853 2298 948 2347 μου
969 2285 1042 2346 τῷ
1063 2278 1198 2348 πόνῳ
1217 2289 1308 2339 τῆς
1321 2280 1550 2351 γυναικὸς
1572 2282 1782 2346 ταύτης,
1800 2281 1921 2335 άλλά
1942 2301 2117 2355 παρα-

523 2367 658 2421 καλῶ
678 2408 694 2433 ,
739 2369 936 2424 ἀνάστα
962 2371 1049 2422 καὶ
1077 2370 1348 2436 εὑξῶμεθα.
1370 2368 1741 2445 Ἐπορεύθησαν
1784 2369 1871 2428 οὑν
1900 2374 2119 2445 ἀμφότε-

525 2479 602 2533 ροι
630 2460 678 2513 ἐν
702 2467 766 2535 τῇ
785 2462 1144 2535 γειτνιαζούσῃ
1167 2463 1418 2538 ἐκκλησίᾳ,
1454 2469 1536 2518 καὶ
1560 2465 1876 2536 ὁμοθυμαδὸν
1905 2467 2117 2532 ἑαυτούς

524 2550 597 2610 εἰς
626 2552 793 2620 εὐχήν
830 2550 1155 2608 ἐπιδέδωκαν.
1204 2550 1480 2625 Ἐπιμόνως
1523 2554 1576 2610 δέ
1620 2558 1899 2628 εύξαμένων
1927 2561 2115 2626 αὐτῶν,

523 2643 662 2703 τέλος
688 2651 748 2718 τῇ
779 2644 914 2718 εὑχῇ
945 2645 1184 2700 ἐπιθεῖναι
1213 2644 1654 2721 κουαδραγέσιμον
1683 2649 1767 2704 τὸν
1789 2648 2118 2707 ὑποδιάκονον

525 2731 553 2790 6
579 2741 667 2790 τοῦ
690 2741 816 2789 Θεοῦ
839 2733 1017 2796 δοῦλος
1045 2741 1294 2813 ᾐτήσατο.
1317 2739 1512 2793 Τούτου
1535 2738 1588 2793 δέ
1615 2741 1875 2814 γεγονότος
1898 2782 1912 2803 ,
1948 2744 1999 2795 ἐκ
2024 2751 2116 2805 τῆς

523 2825 722 2882 ιέσὸδου
751 2835 842 2883 τοῦ
879 2829 1242 2905 θυσιαστηρίου
1272 2831 1404 2884 κόνιν
1428 2831 1742 2901 ἀνελόμενος,
1780 2830 1887 2903 ἅμα
1915 2841 1987 2906 τῷ
2024 2835 2118 2888 αύ-

524 2927 596 2989 τῷ
619 2917 1081 2996 Κουαδραγεσίμῳ,
1113 2923 1244 2995 πρὸς
1269 2923 1327 2976 τὸ
1350 2929 1500 2991 σῶμα
1525 2928 1617 2977 τοῦ
1647 2924 1915 2984 τεθνεῶτος
1949 2943 2118 3004 παρε-

523 3012 740 3084 γένοντο,
771 3013 976 3068 κάκεῖσε
1005 3010 1059 3066 δέ
1100 3011 1282 3067 ἑαυτὸν
1329 3015 1399 3066 εἰς·
1446 3015 1607 3072 εὐνὴν
1647 3011 1877 3068 δέδωκεν.
1917 3027 2001 3076 Ὠς
2029 3012 2118 3070 οὖν

524 3102 774 3174 ἐπιμὸνως
793 3101 1000 3170 ηὔξατο,
1029 3105 1198 3159 οὑκὲτι
1226 3105 1397 3158 λοιπὸν
1425 3127 1492 3165 ως
1520 3106 1576 3160 τὸ
1604 3106 1850 3182 πρότερον
1874 3111 2115 3167 πεποίηκε

2223 523 2365 579 Petri
2396 523 2758 593 apostolorum
2787 524 3043 594 principis
3072 524 3140 579 ab
3165 526 3353 581 eodem
3385 537 3568 585 monte
3597 530 3802 602 Argen-

2221 621 2358 674 tario
2403 617 2555 673 annis
2605 618 2828 689 singulis
2873 619 3060 675 venire
3108 633 3480 690 consueverat,
3528 632 3689 696 atque
3742 627 3803 684 ad

2224 709 2388 774 hunc,
2418 725 2575 779 quem
2605 710 2857 779 praedixi,
2889 710 3363 782 Quadragesimum
3394 714 3802 785 subdiaconnm,

2221 799 2364 855 sicut
2401 801 2514 868 ipse
2563 802 2817 868 narravit,
2850 802 3222 872 hospitalitatis
3269 806 3439 874 gratia
3480 805 3802 862 declinabat.

2223 890 2459 966 Quadam
2490 907 2618 947 vero
2665 893 2772 958 die,
2818 892 2942 948 dum
2990 894 3108 963 ejus
3157 895 3467 965 hospitium,
3515 900 3658 968 quod
3706 917 3805 955 non

2223 981 2380 1052 longe
2412 983 2476 1036 ab
2509 983 2748 1038 Ecclesia
2779 981 2800 1021 τ
2835 984 3040 1050 aberat,
3071 985 3342 1052 intrasset,
3374 987 3652 1057 cujusdam
3680 1006 3806 1058 μου⁶

2222 1074 2456 1144 perculze
2480 1083 2505 1121 ε
2528 1075 2768 1130 mulieris
2791 1075 3013 1130 maritus
3031 1075 3180 1145 juxta
3203 1076 3486 1133 defunctus
3505 1089 3590 1134 est
3615 1099 3628 1134 :
3654 1096 3808 1150 quem

2221 1180 2288 1221 ex
2336 1181 2485 1221 more
2531 1168 2719 1235 lotum,
2764 1168 3096 1224 vestimentis
3149 1169 3414 1237 indutum,
3462 1181 3515 1227 et
3547 1170 3574 1208 ιι
3608 1175 3809 1228 sabano

2223 1258 2594 1324 constrictum,
2624 1259 3033 1327 superveniente
3060 1274 3303 1330 vespere,
3346 1262 3575 1331 sepelire
3617 1265 3808 1334 nequi-

2221 1359 2432 1406 verunt.
2471 1350 2634 1419 lgitttr
2656 1351 2808 1421 juxta
2836 1351 3070 1407 defuncti
3117 1367 3310 1422 corpus
3360 1354 3572 1408 viduata
3619 1356 3813 1411 mulier

2222 1441 2382 1510 sedit,
2413 1457 2535 1512 qua:
2565 1443 2617 1497 in
2661 1443 2868 1513 magnis
2897 1443 3104 1499 fletibus
3133 1453 3341 1500 noctem
3386 1446 3609 1511 ducens,
3642 1449 3814 1503 conti-

2224 1534 2342 1588 nuis
2361 1534 2718 1589 lamentorum
2739 1535 2957 1590 vocibus
2977 1535 3336 1592 satisfaciebat
3354 1537 3547 1593 dolori.
3571 1538 3811 1610 Cumque

2220 1626 2323 1683 hoc
2352 1628 2553 1683 diutius
2582 1630 2749 1686 fieret.
2781 1640 2834 1684 et
2859 1631 2989 1686 flere
3018 1629 3213 1687 mulier
3242 1633 3382 1688 nullo
3432 1635 3594 1690 modo
3635 1651 3814 1693 cessa—

2221 1732 2322 1787 ret,
2356 1721 2436 1776 vir
2467 1723 2577 1788 Dei,
2611 1723 2701 1792 qui
2733 1731 2980 1794 receptus
3011 1722 3240 1793 hospitio
3275 1725 3466 1795 fuerat,
3503 1727 3815 1799 Quadrage—

2147 1801 2193 1862 Β
2219 1814 2358 1870 simo
2384 1816 2710 1871 subdiacono
2749 1826 3102 1886 compunctus
3130 1818 3202 1872 ait
3233 1834 3248 1872 :
3283 1817 3464 1875 Dolori
3495 1820 3657 1890 hujus
3701 1837 3815 1876 mn-

2222 1907 2370 1964 lieris
2397 1910 2572 1964 anima
2598 1925 2714 1964 mea
2737 1913 3092 1980 compatitur;
3117 1928 3268 1985 rogo,
3293 1929 3471 1986 surge,
3494 1922 3550 1970 et
3570 1931 3809 1971 oremus.

2221 2001 2580 2058 Perrexerunt
2623 2005 2782 2073 igitur
2830 2007 3036 2076 utrique
3089 2006 3156 2061 ad
3207 2007 3432 2062 vicinam
3488 2007 3808 2073 ecclesiam,

2224 2108 2450 2164 seseque
2481 2096 2680 2165 pariter
2709 2098 2759 2150 in
2790 2099 3085 2153 orationem
3115 2098 3398 2155 dederunt.
3429 2100 3672 2170 Cumque
3694 2100 3812 2154 diu-

2223 2187 2328 2242 tius
2357 2197 2624 2257 orassent,
2662 2188 2676 2226 ί
2715 2191 2984 2260 complere
3011 2191 3306 2246 orationem
3334 2190 3809 2260 Quadragesimum

2222 2278 2606 2333 subdiaconum
2631 2295 2819 2335 servus
2852 2281 2944 2338 Dei
2968 2283 3137 2350 petiit.
3163 2282 3276 2350 Qua
3297 2283 3558 2352 completa
3587 2285 3658 2336 ab
3680 2284 3811 2337 alta-

2219 2368 2298 2422 ris
2325 2369 2597 2438 crepidine
2646 2372 2917 2440 pulverem
2965 2373 3196 2443 collegit,
3247 2383 3407 2444 atque
3447 2390 3568 2429 cum
3620 2376 3810 2430 eodem

2220 2460 2641 2531 Quadragesimo
2670 2465 2736 2519 ad
2768 2465 3004 2520 defuncti
3053 2481 3246 2535 corpus
3294 2467 3538 2533 accessit,
3589 2481 3812 2537 seseque

2221 2552 2418 2609 ibidem
2450 2555 2504 2609 in
2543 2557 2840 2612 orationem
2870 2557 3034 2613 dedit.
3069 2557 3308 2627 Cumque
3354 2559 3551 2612 diutius
3580 2567 3808 2627 orasset,

2219 2646 2328 2716 jam
2359 2663 2487 2713 non,
2515 2648 2653 2703 sicut
2679 2650 2824 2718 prius
2852 2649 3071 2718 fecerat,
3104 2650 3401 2704 orationem
3429 2648 3693 2718 compleri
3720 2663 3810 2717 per

2221 2738 2604 2795 subdiaconum
2631 2741 2830 2807 voluit,
2862 2742 2955 2795 sed
3002 2743 3115 2811 ipse
3165 2740 3590 2795 benedictionem
3647 2741 3808 2806 dedit,

2220 2832 2509 2900 statimque
2539 2834 2792 2887 surrexit.
2820 2831 2887 2888 Et
2925 2833 3046 2902 quia
3078 2846 3236 2887 manu
3279 2831 3495 2887 dextera
3527 2833 3810 2888 collectum

2219 2924 2495 2994 pulverem
2520 2925 2781 2993 gestabat,
2809 2925 3022 2980 sinistra
3055 2925 3272 2995 palliunt
3299 2940 3406 2994 quo
3433 2922 3600 2979 facies
3623 2925 3810 2980 defun-

2219 3016 2289 3070 cti
2311 3015 2586 3070 velabatur
2607 3016 2844 3071 abstulit.
2873 3017 3023 3084 Quod
3046 3032 3166 3071 cum
3192 3017 3384 3072 mulier
3407 3015 3520 3071 fieri
3543 3025 3810 3082 cerneret,

2219 3107 2589 3162 contradicere
2616 3107 2962 3162 vehementer
2987 3107 3150 3177 coepit
3177 3115 3232 3162 et
3263 3109 3443 3162 mirari
3475 3108 3601 3177 quid
3653 3109 3811 3164 vellet

523 3189 606 3247 διά
650 3201 741 3248 τοῦ
785 3191 1124 3249 ὑποδιακόνου
1175 3195 1317 3254 τέλος
1345 3202 1407 3269 τῇ
1438 3197 1569 3269 εὑχῇ
1597 3194 1624 3233 b
1665 3197 1976 3264 ἐπιτεθεῖναι,
2009 3199 2115 3254 ἀλλ’

2223 3195 2419 3255 facere.
2453 3195 2646 3254 Ahlato
2674 3200 2852 3269 itaque
2876 3199 3058 3269 pallio,
3089 3199 3180 3253 diu
3222 3214 3286 3254 eo
3315 3215 3471 3268 quem
3518 3199 3811 3270 collegerat

522 3286 672 3347 αὐτὸς
713 3293 804 3346 τὴν
855 3288 1085 3359 εὐλογίαν
1131 3286 1336 3351 δέδωκε,
1393 3292 1476 3344 καί
1526 3291 1673 3351 εὐθύς
1719 3293 1773 3346 ἐκ
1816 3300 1907 3353 τῆς
1955 3293 2116 3365 εύχῆς

522 3375 727 3437 ἀνέστη.
764 3378 855 3434 Διά
882 3377 935 3434 δέ
964 3385 1055 3435 τοῦ
1088 3381 1371 3452 βαστάζειν
1415 3382 1569 3438 αὑτὸν
1616 3383 1666 3436 ἐν
1709 3390 1772 3457 τῇ
1807 3381 1942 3454 δεξιᾷ
1973 3387 2117 3459 χειρὶ

523 3466 683 3542 ὅνπερ
713 3471 765 3523 ἐκ
794 3477 881 3524 τοῦ
903 3475 1275 3548 θυσιαστηρίου
1303 3476 1484 3538 συνῆξε
1524 3476 1773 3549 κονιορτὸν
1791 3516 1806 3541 ,
1840 3484 1901 3549 τῇ
1929 3474 2114 3530 εὐωνύ-

525 3577 604 3630 μῳ
629 3561 686 3613 τὸ
715 3560 957 3628 σάϐανον,
985 3561 1114 3639 ὅπερ
1137 3565 1195 3619 τὸ
1217 3565 1490 3638 πρόσωπον
1517 3573 1608 3621 τοῦ
1634 3573 1813 3640 νεκροῦ
1843 3565 2113 3635 ἐκάλυπτε,

525 3658 838 3725 παρεπῇρεν.
869 3659 1031 3708 Τοῦτο
1063 3651 1116 3708 δέ
1153 3657 1183 3712 ἦ
1205 3661 1330 3725 γυνή
1360 3657 1635 3723 θεασαμένη
1658 3699 1671 3722 ,
1705 3658 1991 3731 καταλέγειν
2027 3663 2118 3714 αὑ-

525 3750 596 3814 τῷ
623 3743 841 3815 ἤρξατο,
895 3748 974 3798 καί
1020 3743 1296 3815 θαυμάζειν
1331 3752 1382 3803 τί
1410 3749 1621 3806 ἠθέλησε
1655 3758 1890 3808 ποιῆσαι.
1932 3760 2032 3806 τοῦ
2062 3751 2117 3808 δέ

525 3834 752 3889 σαϐάνου
785 3836 1104 3910 ἐπαρθέντος,
1138 3838 1188 3890 ἐκ
1213 3844 1304 3893 τοῦ
1329 3846 1588 3912 κονιορτοῦ
1605 3880 1619 3904 ,
1645 3837 1804 3917 οὗπερ
1835 3844 1888 3896 ἐκ
1917 3850 2007 3899 τοῦ
2033 3848 2118 3900 θυ-

526 3928 828 3999 σιαστηρίου
876 3928 1080 3992 συνῆξε,
1121 3928 1180 3981 τὸ
1226 3927 1503 4002 πρόσωπον
1545 3937 1636 3984 τοῦ
1666 3939 1840 4007 νεκροῦ
1868 3935 2118 4007 ἐπιμὸνως

527 4015 734 4089 ἔτρεψε.
765 4019 959 4075 Τούτου
999 4017 1053 4074 δέ
1096 4020 1378 4092 γεγονότος,
1420 4032 1754 4098 παραχρῆμα
1804 4025 1830 4081 6
1874 4029 2118 4090 τεθνηκώς

527 4114 620 4167 τήν
651 4109 833 4180 ψυχὴν
862 4111 1134 4177 ἀπέλαϐεν,
1186 4114 1244 4167 τὸ
1295 4120 1448 4184 σῶμα
1498 4113 1552 4169 δέ
1599 4117 1859 4178 σαλεύσας
1886 4120 2004 4181 τούς
2031 4123 2118 4194 ὀφ-

528 4201 746 4282 θαλμούς
775 4203 974 4274 ἠνέῳξε,
1022 4208 1106 4259 καί
1153 4205 1334 4261 ἑαυτὸν
1385 4208 1582 4284 ἐγείρας
1616 4218 1637 4246 ⁸⁵
1670 4211 1993 4272 ἀνεκάθησεν.
2028 4213 2118 4278 Ὠς

530 4289 615 4346 ὅτι
645 4290 697 4346 δέ
715 4295 814 4348 ἀπὸ
841 4294 1001 4349 ὕπνου
1025 4297 1324 4372 βαρυτάτου
1353 4295 1412 4357 ἦν
1435 4299 1766 4368 ἐξυπνισθεὶς,
1799 4307 1850 4357 τί
1878 4308 1998 4380 περί
2022 4308 2115 4360 αὑ-

526 4383 616 4438 τὸν
644 4382 880 4458 ἐγεγόνει,
912 4387 1178 4458 ἐθαύμαζε.
1210 4395 1366 4444 Τοῦτο
1399 4387 1452 4444 δέ
1496 4393 1526 4449 ἡ
1571 4398 1697 4464 γυνή
1739 4393 2045 4466 θεασαμένη,
2083 4387 2117 4457 )2

526 4470 581 4526 ἐκ
599 4479 690 4529 τοῦ
719 4475 903 4529 πολλοῦ
933 4478 1142 4537 πένθους
1170 4480 1458 4539 κατάκοπος
1487 4485 1722 4552 γενομένη
1742 4523 1755 4546 ,
1793 4485 1981 4558 ἤρξατο
2017 4487 2118 4542 ἀπὸ

2221 3290 2444 3359 pulvere
2470 3290 2703 3346 defuncti
2735 3290 2925 3345 facient
2957 3291 3180 3346 fricavit.
3215 3291 3314 3358 Qui
3343 3306 3463 3345 cum
3495 3291 3702 3346 diutius
3728 3293 3811 3346 fri~

2218 3390 2434 3436 caretur
2456 3422 2471 3448 ,
2500 3383 2704 3450 recepit
2734 3381 2987 3448 animam,
3032 3383 3301 3450 oscitavit,
3347 3382 3531 3438 oculos
3581 3384 3810 3454 aperuit,

2218 3487 2447 3541 seseque
2474 3473 2691 3528 elevans
2718 3474 2942 3539 resedit,
2972 3474 3095 3542 quid
3125 3489 3251 3542 erga
3280 3489 3339 3529 se
3368 3484 3616 3544 ageretur
3648 3478 3810 3532 mira-

2220 3574 2304 3620 tus
2334 3574 2438 3631 est,
2465 3581 2529 3621 ac
2569 3566 2615 3622 si
2644 3566 2711 3620 de
2740 3567 3054 3634 gravissimo
3081 3582 3273 3622 somno
3299 3564 3486 3624 fuisset
3525 3570 3812 3625 excitatus.

2217 3657 2370 3724 Quod
2392 3673 2512 3711 cum
2541 3657 2732 3712 mulier
2755 3658 2999 3712 lamentis
3021 3657 3236 3728 fatigata
3265 3659 3623 3728 conspiceret,
3653 3663 3812 3729 coepit

2219 3766 2286 3807 ex
2316 3751 2508 3822 gaudio
2539 3751 2709 3819 magis
2741 3751 2892 3816 flere,
2917 3761 2970 3806 et
2991 3766 3151 3807 voces
3176 3753 3402 3822 amplius
3432 3753 3616 3808 edere.
3645 3754 3812 3821 Quam

2219 3843 2302 3896 vir
2332 3842 2539 3896 Domini
2564 3841 2803 3896 modesta
2831 3841 3189 3910 prohibitione
3211 3846 3561 3912 compescuit,
3586 3844 3773 3899 dicens
3798 3863 3814 3899 ζ

2220 3933 2382 3998 Tace,
2416 3943 2532 3987 tace
2559 3949 2574 3997 ;
2606 3932 2700 3988 sed
2728 3933 2888 4004 321
2923 3933 3108 4002 si'quis
3137 3949 3232 3988 vos
3262 3934 3603 4003 requisiverit
3643 3935 3814 4004 quali-

2221 4033 2302 4080 ter
2333 4025 2528 4078 factum
2556 4025 2647 4090 sit,
2675 4025 2776 4079 hoc
2803 4024 3141 4079 solummodo
3167 4024 3327 4080 dicite
3357 4042 3371 4078 :
3401 4025 3523 4096 quia
3555 4026 3816 4082 Dominus

2218 4117 2376 4174 Jesns
2403 4118 2650 4174 Christus
2687 4133 2852 4187 Opera
2883 4132 2976 4174 sua
3024 4119 3167 4174 fecit.
3217 4118 3358 4174 Dixit
3402 4119 3522 4185 hoc,
3558 4133 3721 4190 atque
3749 4121 3815 4175 ab

2220 4209 2337 4278 ejus
2384 4209 2614 4278 hospitio
2668 4210 2854 4276 exivit,
2901 4209 3375 4280 Quadragesimum
3426 4209 3814 4265 subdiaconum

2222 4301 2465 4369 protinus
2487 4301 2728 4370 reliquit,
2753 4312 2805 4356 et
2829 4301 3018 4356 inloco
3040 4299 3228 4356 eodem
3251 4301 3392 4354 ultra
3418 4316 3521 4354 non
3545 4303 3814 4370 apparuit.

2222 4393 2590 4462 Temporalem
2639 4409 2868 4463 namque
2917 4394 3170 4450 honorem
3223 4393 3450 4464 fugiens,
3495 4394 3607 4462 egit
3657 4405 3713 4448 ιιι
3749 4397 3816 4448 ab

2225 4483 2310 4537 his
2339 4499 2366 4537 a
2399 4485 2588 4553 quibus
2616 4486 2763 4538 visus
2803 4484 2853 4537 in
2895 4493 3035 4538 tattta
3080 4486 3275 4538 virtute
3321 4484 3494 4538 fuerat
3542 4500 3816 4554 nunquam

526 4570 707 4640 χαρᾶς
734 4566 1030 4640 πλειοτέρως
1076 4568 1276 4632 κλαίειν,
1312 4572 1397 4624 καὶ
1436 4573 1601 4640 φωνὰς
1639 4575 1871 4644 μείζονας
1903 4576 2116 4647 ἀφιέναι,

2223 4577 2327 4647 jam
2360 4578 2409 4630 in
2440 4578 2538 4632 hac
2570 4577 2676 4630 vita
2701 4577 2989 4630 videretur.

525 4656 586 4713 ἦν
613 4653 638 4710 6
671 4652 933 4732 ἅνθρωπος
957 4663 1046 4711 τοῦ
1073 4665 1203 4713 Θεοῦ
1235 4662 1367 4728 μετὰ
1394 4658 1695 4733 πραΰτητος
1714 4660 2008 4731 διεκώλυσε,
2045 4669 2221 4743 λέγων·
2250 4672 2439 4735 Σιώπα,
2471 4672 2660 4733 σιώπα,
2688 4672 2882 4724 σιώπα.
2917 4666 3024 4722 Ἐάν
3231 4667 3285 4724 δέ
3309 4690 3388 4730 τις
3408 4674 3551 4740 ὑμᾶς
3580 4669 3816 4744 ἐρωτήσῃ

526 4753 646 4809 πῶς
670 4755 825 4805 τοῦτο
850 4750 1039 4822 γέγονε,
1070 4750 1224 4822 μηδὲν
1251 4748 1366 4804 ἄλλο
1407 4753 1570 4826 ἐρεῖτε
1590 4794 1604 4820 ,
1638 4759 1682 4809 εἰ
1703 4761 1771 4827 μή
1792 4797 1808 4822 ,
1841 4756 1916 4815 ὄτι
1945 4759 1970 4814 6
2007 4760 2187 4838 κύριος
2203 4767 2340 4836 ἡμῶν
2359 4763 2556 4824 Ἰησοῦς
2582 4766 2804 4838 Χριστὸς
2846 4765 2904 4819 τὸ
2948 4763 3099 4839 ἔργον
3137 4772 3291 4821 τοῦτο
3333 4769 3600 4824 πεποίηκε.
3633 4775 3798 4822 Τοῦτο

527 4839 584 4895 δέ
613 4841 773 4896 αὑτοῦ
803 4840 828 4878 (⁵
865 4844 1126 4910 εἰπόντος,
1155 4841 1208 4898 έκ
1231 4850 1323 4898 τοῦ
1368 4841 1509 4898 οἴκου
1551 4849 1710 4909 αὐτῆς
1739 4850 1926 4918 ἐξῆλθε,
1971 4858 2056 4908 καὶ
2103 4855 2547 4931 κουαδραγέσιμον
2594 4856 2646 4912 δέ
2677 4861 2761 4912 τὸν
2790 4857 3115 4913 ὑποδιάκονον
3150 4860 3331 4920 εύθέως
3361 4862 3619 4923 κατέλιπε,
3654 4866 3740 4915 καί
3768 4863 3818 4915 ἐν

527 4939 603 5000 τῷ
630 4933 774 5004 τὸπῳ
813 4934 981 5005 ἐκείνῳ
1025 4940 1115 4990 τοῦ
1159 4935 1336 4989 λοιποῦ
1380 4938 1466 4990 οὑκ
1507 4937 1676 5009 ἐφάνη.
1722 4945 1822 4998 Trin
1858 4944 1958 5018 γὰρ
2007 4943 2321 5021 πρόσκαιρον
2370 4945 2520 5010 δόξαν
2567 4950 2780 5019 φεύγων,
2839 4949 3319 5024 ἐπραγματεύσατο,
3367 4951 3452 5005 ἶνα
3481 4949 3602 5025 παρ’
3646 4946 3721 5009 οἷς
3767 4952 3814 5004 ἐν

529 5024 759 5097 τοσαύτῃ
805 5032 866 5098 τῇ
912 5024 1119 5096 δυνάμει
1163 5027 1421 5098 θαύματος
1468 5030 1736 5104 ἐθεωρήθη,
1778 5036 1957 5102 μηκέτι
1976 5035 2141 5091 λοιπον
2172 5039 2222 5092 ἐν
2249 5040 2414 5112 ταύτῃ
2435 5047 2497 5112 τῇ
2524 5043 2625 5111 ζωῇ
2657 5050 2680 5076 ⁸
2711 5042 2879 5114 θεαθῇ.

600 5123 769 5169 ΠΕΤΡ.
813 5117 872 5167 Τί
902 5115 1350 5186 ὑπολαμϐάνουσιν
1382 5121 1564 5197 ἕτεροι,
1599 5125 1656 5176 οὑ
1701 5127 1931 5193 γινώσκω
1954 5166 1969 5189 ,
2016 5129 2118 5183 ἐπεὶ

2301 5131 2467 5184 Psrn.
2500 5131 2634 5197 Quid
2683 5133 2772 5185 alii
2811 5135 3044 5188 sentiant
3073 5136 3260 5206 ignoro
3287 5154 3302 5192 :
3334 5153 3433 5209 ego
3461 5148 3645 5195 autem
3669 5155 3801 5196 cun—

533 5208 633 5280 ἐγώ
647 5207 848 5261 πάντων
873 5213 974 5261 τῶν
1002 5209 1274 5278 θαυμάτων
1300 5219 1454 5269 τοῦτο
1474 5215 1659 5288 μᾶλλον
1684 5217 1834 5288 κρίνω
1863 5213 1984 5274 εἶναι
2005 5220 2118 5275 θαυ-

2229 5224 2335 5277 ctis
2379 5221 2652 5278 miraculis
2686 5226 2788 5278 hoc
2821 5225 2997 5293 potius
3025 5227 3277 5284 existimo
3323 5207 3442 5286 esse
3471 5231 3813 5297 miraculum,

2290 5336 2315 5414 Ρ
2345 5338 2505 5414 Gilot.
2538 5347 2593 5414 et
2620 5337 2753 5407 pler.
2779 5337 2945 5406 Editi,
2976 5340 3202 5414 sabbato.
3229 5341 3536 5414 Legendnm
3561 5359 3627 5399 ex
3657 5345 3809 5409 Mss,

2215 5408 2429 5462 sabano.
2466 5408 2734 5464 Sabanutn
2767 5419 2947 5463 autem
2989 5410 3126 5465 idem
3177 5423 3259 5466 est
3304 5408 3366 5467 ac
3415 5415 3649 5472 linteum.
3685 5408 3812 5470 Vide

2217 5478 2495 5553 Cangiunt,
2520 5479 2616 5553 _in_
2648 5488 2870 5553 utroque
2894 5480 3124 5553 (Ποεεά
3153 5482 3426 5553 Hugonem
3473 5486 3808 5551 Menardtttn,

2218 5547 2271 5603 in
2304 5547 2442 5604 notis
2469 5549 2535 5602 ad
2567 5549 2656 5603 lib.
2692 5547 2865 5614 Sacr,
2900 5560 3020 5605 nota
3069 5551 3200 5618 526,
3238 5547 3298 5610 ct
3335 5557 3399 5609 ad
3448 5547 3808 5611 Concordiam

2217 5618 2432 5693 Begul.,
2463 5620 2719 5693 pag._610
2747 5623 2965 5693 etSDti;
3000 5638 3095 5678 nec
3139 5639 3244 5679 non
3275 5625 3482 5681 Tlteod.
3531 5627 3812 5693 Ruinart.,

2219 5689 2273 5744 in
2302 5689 2514 5763 not.ad
2553 5689 2750 5763 Victor.
2783 5692 3009 5758 Vitens.,
3033 5709 3088 5763 p.
3117 5694 3240 5750 191.

2283 5760 2311 5884 li
2344 5761 2556 5884 lirimus
2604 5762 2848 5828 Tlteod.,
2897 5760 3139 5834 compleri
3183 5783 3273 5837 per
3315 5768 3468 5824 subd.
3516 5770 3815 5824 oralionem

2305 5848 2352 5884 ιη
2384 5871 2396 5884 .

2219 5847 2396 5884 υυιιηι.

603 5321 786 5407 :Ms”
821 5322 1166 5407 ἀμφιάσαντες
1193 5331 1373 5400 καὶτῷ
1413 5331 1658 5403 Σαμϐάνῳ
1697 5333 2111 5407 περικλύσαντες.

529 5388 712 5469 Ὲοτιει
731 5388 1158 5469 περικλάσαντες.

605 5461 636 5501 δ
666 5461 807 5526 MS“.
821 5465 1124 5522 ἐπιτεθῆναι.

603 5541 629 5613 ξ
659 5530 844 5613 Eoi-te,
869 5535 1172 5613 ἀνεκάθισεν.

602 5601 629 5682 tl
659 5601 848 5682 ﬁdeli-us
875 5602 1176 5682 δίδη-τοῦτο
1199 5608 1252 5664 δέ
1270 5612 1423 5667 εἰπὼν
1451 5614 1621 5678 αὑτοῖς
1641 5617 1827 5682 ἐξῆλθε.

603 5681 632 5754 ξ
659 5673 888 5754 .Additur
912 5676 962 5754 ill
995 5675 1116 5741 Ms..
1147 5682 1487 5754 rrap'Aott‘JTOi'c.

605 5741 628 5782 ἵ
659 5742 882 5820 hottgip.
910 5753 967 5801 et
987 5741 1253 5820 secundus
1275 5741 1507 5820 Thcod.,
1539 5757 1774 5812 habebat.

607 5823 636 5874 β
665 5816 821 5873 Solus
851 5818 1102 5888 L0ngip.,
1134 5824 1361 5876 mulieris
1390 5816 1568 5880 matris
1593 5829 1732 5895 ﬁlius
1757 5828 1864 5895 def.
