3998 6356
183 382 277 440 ⁸205

1422 368 1874 431 οιΑιοοοιιυΜ
1912 370 2114 430 LIBER
2152 369 2240 427 Ill.

3343 366 3452 422 266

181 501 315 572 quod
339 503 404 554 ad
428 505 594 554 vitam
623 496 818 553 mortui
849 493 1098 564 redeunt,
1135 507 1429 565 eorumque
1467 494 1658 551 animae
1687 493 1754 549 ad
1779 540 1788 557 α

1899 497 2208 569 ασιὼτερον,
2247 491 2326 549 ὅτι
2362 489 2408 546 οἱ
2438 489 2768 553 ἀποθανόντες
2809 488 2858 547 ἓν
2890 498 2954 566 τῇ
2984 495 3088 568 ζωῇ
3113 493 3279 565 ταύτῃ
3302 494 3457 548 πάλιν

180 609 390 652 carnem
411 608 476 650 ex
505 592 718 650 occulto
744 599 1081 649 revocantur.

244 779 485 836 GnIGOR.
515 776 571 836 Si
592 775 822 834 visibilia
847 773 1195 844 attendimus,
1228 772 1305 830 ita
1325 787 1553 831 necesse
1583 782 1664 829 est
1695 778 1758 827 ut

182 873 498 936 credamus;
541 872 587 926 si
627 885 756 926 vero
806 868 1094 926 invisibilia
1150 882 1459 938 pensamus,
1512 865 1764 922 nimirum

181 973 424 1029 constat,
473 964 596 1032 quia
653 962 824 1032 majus
875 970 956 1017 est
1009 961 1327 1017 miraculum
1362 959 1765 1031 praedicationis

185 1056 349 1112 verbo
375 1062 536 1125 atque
563 1054 820 1110 orationis
846 1053 1040 1110 solatio
1063 1062 1399 1125 peccatorem
1430 1061 1767 1119 convertere,

180 1165 337 1221 quam
370 1157 398 1186 ι
434 1163 596 1204 carne
626 1156 897 1203 mortuum
917 1147 1262 1205 resuscitare.
1292 1146 1352 1202 In
1379 1146 1482 1202 isto
1510 1145 1652 1200 enim
1683 1158 1770 1200 re-

181 1239 472 1296 suscitatur
499 1252 626 1294 caro
657 1239 851 1294 iterum
892 1239 1172 1307 moritura,
1207 1240 1262 1294 in
1303 1237 1398 1292 illo
1434 1251 1563 1293 vero
1593 1236 1770 1290 anima

182 1331 234 1385 in
260 1338 526 1385 aeternum
555 1329 784 1385 victura.
811 1327 941 1384 Cum
968 1328 1109 1384 enim
1137 1342 1377 1398 propono
1407 1326 1631 1393 duos,in
1667 1341 1770 1397 quo

181 1420 369 1480 horum
396 1422 673 1479 existimas
725 1422 916 1491 majori
948 1423 1142 1477 factum
1173 1422 1367 1477 virtute
1418 1419 1771 1476 miraculum?

185 1515 452 1574 Lazarum
482 1515 703 1587 quippe,
730 1530 889 1586 quem
908 1515 1018 1586 jam
1049 1516 1263 1572 ﬁdelem
1295 1514 1565 1571 credimus
1586 1513 1773 1580 fuisse,

181 1625 347 1667 carne
377 1609 634 1665 Dominus
682 1608 965 1666 suscitavit
1007 1606 1185 1680 (Joan.
1222 1607 1338 1678 x1);
1388 1607 1610 1664 Saulum
1643 1619 1773 1660 vero

180 1703 527 1759 resuscitavit
568 1702 623 1756 in
682 1709 859 1757 mente
903 1701 1042 1773 (Act.
1077 1701 1177 1773 ιιι).
1210 1699 1278 1756 Ει
1307 1699 1522 1770 quidem
1548 1705 1668 1768 post
1693 1711 1778 1752 re-

181 1796 574 1852 surrectionem
625 1794 802 1852 carnis
853 1794 920 1850 de
970 1794 1157 1849 Lazari
1208 1791 1494 1849 virtutibus
1546 1798 1772 1846 tacetur.

1861 588 2265 664 ὑποστρέφουσι,
2298 589 2381 642 καί
2407 587 2457 644 αἱ
2485 583 2661 656 ψυχαί
2689 586 2738 639 ἐν
2766 593 2829 660 τῇ
2849 587 3005 660 σαρκί
3040 586 3244 659 ἀφανῶς
3268 582 3454 641 ἀπόδῖ-

1863 678 2056 737 δονται.

1938 781 2179 829 I‘Plll‘OP.
2231 770 2344 827 Ἐἀν
2389 771 2564 844 μόνοις
2617 779 2726 831 τοῖς
2773 769 3046 845 ὁρωμένοις
3092 771 3459 847 προσέχομεν,

1869 867 2143 937 ἀναγκαῖόν
2172 867 2280 921 ἐστι
2302 871 2456 921 τοῦτο
2479 860 2602 921 εἶναι
2634 868 2804 934 μεῖζον
2837 869 3139 920 πιστεῦσαι’
3177 866 3221 917 εὶ
3255 861 3308 919 δὲ
3341 864 3465 936 περὶ

1871 969 1971 1017 τῶν
2001 963 2226 1019 ἀοράτων
2254 959 2708 1029 ταλαντεύσωμεν,
2742 959 3045 1029 θαυμασίως
3067 955 3355 1019 δείκνυται,
3387 953 3466 1012 ὅτι
3510 957 3526 1022 ί

1874 1053 2043 1124 μεῖζόν
2073 1054 2183 1109 ἐστι
2217 1053 2274 1108 τὸ
2302 1052 2500 1121 θαῦμα,
2538 1058 2630 1111 τῆς
2666 1053 2752 1104 τοῦ
2789 1048 2936 1120 λόγου
2967 1049 3224 1122 κηρύξεως
3252 1070 3469 1124 συντρε-

1875 1146 2102 1217 χούσης,
2134 1146 2214 1199 καί
2242 1150 2334 1204 τῆς
2364 1144 2524 1213 εὐχῆς
2547 1142 2677 1215 πρὸς
2705 1141 2762 1197 τὸ
2790 1142 2875 1199 τὸν
2905 1140 3201 1214 ἁμαρτωλὸν
3231 1143 3470 1215 ἐπιστρέ-

1874 1235 1992 1309 ψαι,
2025 1235 2051 1274 ιι
2080 1237 2210 1312 ’ὅπερ
2239 1244 2330 1292 τοῦ
2368 1243 2414 1289 ἰν
2455 1237 2607 1307 σαρκὶ
2635 1234 2809 1310 νεκρὸν
2843 1235 3151 1292 ἀναστῆσαι.
3184 1231 3261 1289 Ἐν
3302 1232 3471 1303 τούτῳ

1875 1334 1976 1407 γὰρ
2009 1332 2283 1386 ἀνίσταται
2312 1331 2343 1388 ἡ
2372 1328 2501 1404 σάρξ
2523 1327 2670 1384 πάλιν
2695 1328 3117 1389 ἀποθνήσκουσα,
3151 1325 3199 1379 ἐν
3223 1325 3390 1396 ἐκείνῳ
3419 1323 3472 1381 δὲ

1879 1423 2153 1481 ἀνίσταται
2179 1427 2209 1483 ἡ
2239 1424 2392 1494 ψυχὴ
2423 1424 2496 1484 είς
2528 1423 2614 1480 τὸν
2658 1423 2817 1478 αἰῶνα
2865 1425 3024 1485 ζῶσα.
3071 1421 3169 1474 Δύο
3199 1421 3360 1475 τοίνυν
3391 1441 3476 1477 σοι

1883 1517 2170 1591 περιτίθημι
2201 1515 2486 1592 πρόσωπα,
2535 1514 2619 1568 ἶνα
2671 1513 2722 1567 ἐν
2767 1511 2945 1572 αὐτοῖς
2987 1515 3328 1585 κατανοήσῃς,
3377 1507 3477 1570 οἷον

1877 1610 2047 1681 γέγονε
2076 1611 2245 1678 μεῖζον
2273 1613 2335 1682 τῇ
2363 1601 2576 1675 δυνάμει
2603 1606 2660 1661 τὸ
2700 1604 2900 1675 θαῦμα,
2926 1603 3162 1680 Λάζαρον
3192 1601 3350 1679 ὅνπερ
3373 1624 3478 1657 σω-

1879 1707 2108 1771 ματικῶς
2147 1699 2173 1754 ό
2214 1700 2388 1773 κύριος
2416 1699 2470 1753 ἐκ
2494 1704 2684 1774 νεκρῶν
2720 1704 2743 1733 θ
2786 1697 3064 1765 ἀνέστησε,
3096 1699 3180 1755 καὶ
3209 1698 3392 1752 Σαῦλον
3424 1692 3478 1753 ὃν

1886 1794 1985 1848 ἀπὸ
2012 1799 2102 1853 τῆς
2123 1791 2374 1868 ἁμάρτιας
2403 1798 2584 1868 νοερῶς
2611 1791 2798 1867 ἤγειρε.
2834 1795 2925 1848 Καὶ
2950 1795 3071 1868 περὶ
3106 1794 3199 1863 μέν
3237 1798 3336 1848 τῶν
3376 1803 3480 1852 Λα-

183 1887 317 1944 Nam
351 1897 472 1958 post
519 1887 968 1944 resurrectionem
996 1887 1223 1955 animae,
1258 1900 1454 1957 capere
1481 1892 1668 1940 nostra
1696 1883 1779 1938 in-

1896 1890 2046 1966 ξάρου
2077 1887 2356 1958 δυνάμεων,
2385 1889 2513 1958 μετά
2539 1892 2630 1946 τὴν
2658 1888 2810 1942 αὐτοῦ
2853 1888 3128 1942 ἀνάστασιν
3155 1891 3482 1963 παρισιωπή-

183 1983 415 2040 ﬁrmitas
439 1997 543 2038 non
569 1982 711 2038 valet
730 1991 927 2052 quanta
956 1981 1010 2036 in
1058 1995 1214 2037 sacro
1263 1979 1474 2051 eloquio
1515 1978 1584 2033 de
1628 1976 1778 2033 Pauli

185 2077 483 2132 virtutibus
513 2075 772 2133 dicuntur
804 2093 818 2130 :
849 2074 878 2115 δ
905 2076 1048 2146 quod
1086 2075 1230 2132 illius
1256 2074 1633 2146 praedicatione
1658 2088 1782 2129 cru-

182 2169 478 2228 delissima:
534 2169 888 2241 cogitationes
928 2171 995 2226 ad
1045 2170 1258 2241 pietatis
1292 2170 1475 2227 mollia
1505 2184 1781 2226 conversa:

181 2272 306 2318 sunt
336 2265 580 2330 viscera;
612 2263 752 2333 quod
785 2263 923 2318 mori
949 2264 1094 2333 cupit
1128 2279 1227 2335 pro
1255 2261 1532 2330 fratribus,
1571 2264 1625 2317 in
1648 2277 1782 2332 quo-

183 2371 306 2410 rum
339 2358 485 2425 prius
508 2355 956 2426 mortegaudebat
979 2355 1251 2427 (Rom.|x,
1275 2354 1364 2426 5);
1397 2355 1559 2425 quod,
1590 2354 1782 2424 plenus

184 2448 368 2502 omnis
417 2446 699 2516 scripturae
731 2447 978 2513 scientia,
1013 2447 1088 2500 nil
1117 2460 1176 2502 se
1217 2445 1356 2501 scire
1395 2446 1629 2516 iudicat,
1677 2445 1783 2500 nisi

183 2539 462 2596 Christum
499 2539 680 2596 Jesum
707 2581 722 2608 ,
757 2547 812 2596 et
837 2540 981 2596 hunc
1026 2541 1344 2597 cruciﬁxum
1370 2539 1434 2610 (1
1459 2540 1578 2596 Cor.
1603 2556 1662 2610 ll,
1691 2538 1781 2610 ‘2);

183 2633 333 2701 quod
366 2648 461 2704 pro
488 2632 704 2691 Christo
730 2631 895 2702 virgis
933 2631 1165 2689 libenter
1214 2633 1461 2701 caeditur,
1487 2648 1646 2703 quem
1671 2633 1786 2703 gla-

180 2727 292 2783 diis
319 2725 819 2799 insequebatur(11
847 2725 966 2783 Cor.
995 2742 1075 2794 χι,
1107 2725 1238 2798 25)];
1268 2727 1409 2797 quod
1441 2725 1786 2796 Apostolatus

180 2819 399 2876 honore
447 2821 696 2876 sublimis
717 2830 824 2888 est,
856 2820 952 2877 sed
981 2831 1159 2877 tamen
1189 2830 1382 2892 sponte
1431 2822 1486 2877 lit
1531 2822 1787 2892 parvulus

176 2909 236 2968 in
262 2911 450 2967 medio
493 2912 912 2983 discipulorum;
957 2913 1098 2984 quod
1124 2913 1190 2968 ad
1240 2913 1366 2970 coeli
1408 2914 1548 2969 tertii
1581 2923 1785 2970 secreta

179 3001 406 3056 ducitur
435 3002 522 3074 (11
557 3004 679 3058 Cor.
704 3019 804 3070 xu,
827 3003 908 3074 2),
934 3011 989 3060 et
1012 3013 1188 3059 tamen
1221 3006 1416 3061 mentis
1444 3007 1659 3061 oculum
1692 3020 1788 3076 per

179 3093 637 3163 compassionom
683 3097 909 3153 reticetit
944 3097 1013 3152 ad
1042 3096 1435 3169 disponendum
1466 3099 1643 3154 cubile
1669 3114 1791 3156 con-

177 3185 530 3259 jugalorum,
564 3185 748 3241 dicens
782 3204 794 3238 :
832 3190 994 3243 Uxori
1019 3191 1087 3245 vi!
1125 3191 1349 3246 debitum
1374 3193 1575 3257 reddat,
1609 3195 1790 3247 simili-

1884 1984 1963 2041 θη⁴
1997 1983 2128 2051 μετὰ
2151 1979 2204 2035 δέ
2237 1985 2326 2039 τήν
2355 1980 2637 2035 ἀνάστασιν
2663 1987 2755 2040 τῆς
2782 1985 2873 2035 τοῦ
2911 1980 3109 2033 Παύλου
3141 1978 3355 2051 ψυχῆς,
3388 1980 3483 2035 πό-

1887 2098 1982 2137 σας
2012 2075 2252 2146 δυνάμεις
2273 2075 2323 2130 ἐν
2343 2082 2416 2147 τῷ
2452 2069 2471 2111 ί
2503 2075 2791 2147 ἡγιασμένῳ
2820 2073 2950 2145 λόγῳ
2975 2071 3274 2141 πεποίηκεν,
3307 2077 3336 2132 ἠ
3363 2076 3483 2145 ἡμι-

1887 2169 2010 2241 τὲρα
2046 2169 2274 2222 ἀσθένεια
2308 2173 2554 2241 χωρῆσαι
2582 2167 2638 2220 ού
2669 2163 2903 2223 δύναται.
2933 2171 3041 2225 Πῶς
3069 2168 3250 2221 ἐκεῖνοι
3279 2167 3326 2221 οἱ
3351 2169 3484 2240 ὠμό‹

1889 2280 2035 2314 τατοι
2061 2259 2216 2314 αὐτοῦ
2249 2256 2568 2328 διαλογισμοί
2596 2259 2667 2318 είς
2694 2259 2757 2313 τά
2790 2265 2882 2317 τῆς
2912 2257 3174 2318 εὐσεϐείας
3206 2263 3486 2335 μετεστρά-

1887 2371 2046 2424 φησαν
2093 2347 2409 2422 σπλάγχνα;
2440 2357 2548 2410 Πῶς
2594 2351 2868 2405 ἀποθανεῖν
2919 2351 3157 2422 ἐπεθύμει
3202 2351 3333 2426 ύπὲρ
3383 2359 3485 2410 τῶν

1887 2442 2126 2516 ἀδελφῶν,
2159 2442 2320 2522 ὧνπερ
2350 2444 2595 2520 πρότερον
2619 2452 2692 2517 τῷ
2725 2444 2920 2516 θανάτῳ
2949 2443 3172 2521 ἕχαιρε;
3204 2452 3313 2507 Πῶς
3340 2448 3486 2523 πάσῃ

1887 2547 2106 2613 γραφικῇ
2127 2542 2314 2610 γνώσει
2338 2538 2752 2613 πεπληρωμένος,
2783 2535 2938 2608 μηδὲν
2964 2537 3145 2594 ἑαυτὸν
3164 2536 3350 2595 εἰδέναι
3379 2540 3489 2616 κρί-

1889 2651 1980 2697 νει,
2021 2635 2163 2702 εἰμή
2192 2633 2408 2706 Χριστόν
2439 2627 2659 2695 Ἰησοῦν,
2709 2632 2796 2685 καί
2839 2635 3019 2687 τοῦτον
3068 2632 3483 2706 ἐσταυρωμένονς

1889 2723 2071 2783 Πόσαις
2099 2720 2309 2801 ῥάϐδοις
2349 2721 2479 2798 ύπέρ
2519 2727 2746 2800 Χριστοῦ
2788 2722 3066 2796 προθύμως
3116 2727 3484 2796 μαστιγοῦται,

1891 2818 2042 2896 ὅνπερ
2072 2821 2122 2874 ἐν
2164 2821 2408 2893 μαχαίρᾳ
2436 2828 2459 2865 Β
2491 2819 2549 2873 τὸ
2577 2820 2696 2893 πρίν
2726 2815 3052 2883 κατεδίωκεν;
3082 2815 3156 2872 Ἐν
3195 2817 3343 2892 πόσῳ
3368 2817 3488 2889 ὕφει

1891 2920 2043 2984 τιμῆς
2071 2913 2409 2974 ἀποστολικῆς
2435 2913 2724 2988 ύπάρχων,
2766 2910 3045 2982 ἐλάχιστον
3084 2912 3488 2994 αύτόνράντων

1891 3016 1992 3065 τῶν
2022 3010 2257 3080 μαθητῶν
2281 3007 2528 3063 ἀποκαλεῖ
2545 3023 2559 3072 ;
2600 3013 2707 3066 Πῶς
2735 3007 2782 3059 ἐν
2817 3015 2925 3066 τοῖς
2959 3012 3049 3061 τοῦ
3076 3008 3252 3078 τρίτου
3277 3006 3488 3080 ούρανοῦ

1892 3103 2195 3176 μυστηρίοις
2220 3099 2476 3171 ὑψοῦται;
2503 3103 2604 3152 Τοῦ
2631 3095 2683 3151 δὲ
2715 3097 2823 3157 νοὸς
2852 3097 2908 3150 τό
2943 3093 3085 3168 ὄμμα
3107 3094 3191 3150 διά
3221 3103 3313 3155 τῆς
3352 3116 3489 3164 συμ-

1891 3197 2104 3255 παθείας
2142 3192 2375 3248 ἐπικλίνει
2414 3191 2546 3265 πρὸς
2582 3190 2640 3246 τὸ
2684 3187 2939 3247 διοικῆσαι
2984 3194 3074 3245 τήν
3109 3195 3200 3246 τῆς
3241 3188 3488 3257 συζυγίας

185 3289 264 3334 rer
302 3287 360 3332 et
400 3294 530 3333 uxor
569 3279 677 3335 viro
705 3278 757 3352 (I
785 3279 905 3334 Cor.
932 3297 1028 3348 vn,
1060 3283 1153 3353 ὅ».
1181 3285 1324 3352 quod
1366 3285 1693 3341 admiscetur
1733 3288 1785 3342 in

1896 3290 2079 3354 κοίτην,
2105 3288 2284 3359 λέγων·
2316 3283 2375 3339 Ὀ
2405 3286 2525 3358 ἀνὴρ
2568 3287 2655 3341 τήν
2694 3281 3008 3353 ὀφειλομένην
3054 3277 3251 3334 εὔνοιαν
3293 3288 3357 3355 τῇ
3393 3303 3492 3352 γυ-

187 3373 656 3442 contemplatione
714 3373 942 3432 coetibus
991 3375 1337 3446 angelorum,
1370 3387 1425 3434 et
1454 3386 1632 3435 tamen
1681 3395 1787 3435 non

191 3477 526 3536 aspernatur
551 3469 789 3540 cogitare
809 3479 965 3539 atque
996 3470 1288 3542 disponere
1311 3472 1449 3530 facta
1468 3474 1787 3541 carnalium;

187 3561 344 3631 quod
371 3561 566 3632 gaudet
596 3563 650 3616 in
679 3561 1101 3634 infirmitatibus,
1123 3563 1335 3634 sibique
1365 3564 1419 3619 in
1448 3565 1788 3622 contumeliis

186 3655 378 3725 placet
409 3653 501 3726 (II
526 3655 648 3711 Cor.
677 3671 774 3722 xu,
801 3657 929 3729 10);
962 3657 1103 3728 quod
1126 3659 1176 3713 ei
1208 3657 1396 3714 vivere
1417 3657 1665 3714 Christus
1685 3667 1788 3727 est,

187 3754 252 3800 et
283 3748 422 3801 mori
454 3747 660 3802 lucrum
694 3746 862 3819 (Phil.
895 3765 934 3814 ι,
963 3747 1090 3820 21);
1123 3748 1264 3818 quod
1305 3757 1472 3805 totum
1500 3748 1612 3819 jam
1641 3759 1791 3804 extra

187 3852 424 3894 carnem
453 3849 558 3908 est,
584 3842 686 3895 hoc
713 3841 886 3911 ipsum
916 3841 1060 3913 quod
1091 3842 1218 3898 vivit
1247 3843 1299 3897 in
1323 3857 1485 3899 carne
1509 3842 1705 3914 (Colat.
1734 3858 1792 3909 ιι,

187 3928 317 4000 20).
354 3932 495 3988 Ecce
547 3934 776 4004 qualiter
813 3935 978 4002 vivit,
1035 3938 1126 4005 qui
1171 3936 1239 3992 ab
1268 3936 1478 3992 inferno
1509 3937 1707 3992 mentis
1727 3937 1794 3990 ad

189 4020 377 4076 vitam
409 4023 614 4090 pietatis
663 4027 844 4083 rediit.
893 4028 1067 4084 Minus
1117 4038 1198 4084 est
1227 4044 1354 4099 ergo
1405 4027 1711 4099 quempiam
1741 4028 1796 4082 in

188 4127 380 4171 carne
406 4115 672 4179 suscitari,
710 4130 732 4158 ο
767 4120 868 4176 nisi
894 4118 1034 4175 forte
1064 4135 1158 4190 per
1182 4121 1596 4176 viviﬁcationem
1622 4120 1798 4176 carnis

189 4208 269 4264 ad
305 4209 472 4261 vitam
504 4207 792 4262 reducatur
823 4212 1054 4272 mentis;
1080 4219 1136 4260 ut
1160 4213 1208 4263 ei
1237 4212 1337 4268 hoc
1366 4222 1553 4282 agatur
1580 4225 1677 4281 per
1707 4227 1802 4265 ex—

193 4300 386 4355 terius
418 4297 762 4367 miraculum,
801 4305 1065 4368 quatenus
1094 4310 1388 4354 conversus
1414 4297 1639 4356 interius
1669 4300 1802 4354 vivi-

188 4393 424 4451 licetur.

274 4577 460 4634 Pera.
493 4579 660 4637 Valde
702 4579 841 4636 infra
886 4578 1085 4636 credidi
1119 4580 1249 4647 hoc,
1283 4580 1423 4650 quod
1457 4581 1615 4637 modo
1646 4595 1802 4650 quam

1895 3386 2028 3439 ναικί
2056 3378 2362 3442 ἀποδιδότω,
2395 3379 2576 3449 ὁμοίως
2615 3377 2699 3431 καί
2726 3376 2756 3432 ἡ
2797 3377 2921 3446 γυνή
2951 3379 3024 3446 τῷ
3069 3370 3235 3447 ἀνδρί.
3283 3371 3340 3428 Ὀ
3371 3375 3494 3430 ἀνα-

1896 3476 2094 3550 κραθιίς·
2137 3479 2316 3551 νοερῶς
2359 3478 2420 3544 τῇ
2468 3477 2569 3527 τῶν
2616 3466 2837 3540 ἀγγέλων
2880 3463 3128 3540 συνοδίᾳ,
3171 3461 3195 3499 ¹³
3242 3468 3323 3520 καὶ
3365 3466 3494 3525 πλὴν

1900 3565 2039 3639 ὅμως
2066 3568 2124 3620 ού
2153 3571 2486 3639 παραιτεῖται
2513 3570 2823 3638 μεριμνῆσαι
2859 3563 2938 3615 καί
2973 3558 3222 3619 διοικῆσαι
3256 3561 3319 3617 τὰ
3356 3561 3491 3633 ἔργα

1897 3664 1998 3714 τῶν
2045 3663 2322 3731 σαρκικῶν·
2357 3656 2381 3710 ὁ
2418 3657 2468 3710 ἐν
2495 3662 2610 3714 ταῖς
2637 3654 2883 3726 βασάνοις
2913 3654 3137 3730 χαίρων,
3177 3656 3258 3709 καί
3293 3654 3340 3706 ἐν
3377 3663 3494 3714 ταῖς

1899 3751 2177 3809 ἀσθενείαις
2225 3747 2644 3820 ἐγκαυχώμενος’
2706 3747 2840 3816 αύτῷ
2882 3746 2979 3820 γάρ
3015 3745 3073 3798 τὸ
3103 3750 3228 3817 ζῇν,
3270 3747 3493 3820 Χριστός

1902 3843 2031 3908 ἔστι,
2056 3842 2217 3897 καὶτὸ
2244 3840 2523 3901 ἀποθανεῖν,
2543 3835 2731 3915 κέρδος.
2755 3834 2773 3873 ί
2791 3840 2882 3891 Καὶ
2898 3837 3023 3892 αύτό
3041 3834 3118 3900 δὲ,
3144 3834 3268 3911 ὅπερ
3289 3838 3342 3890 ἐν
3363 3859 3492 3916 σαρ-

1902 3939 1950 3994 κί
1989 3943 2068 4011 ζῇ,
2119 3935 2220 4000 ἔξω
2258 3943 2348 3996 τῆς
2378 3933 2569 4010 σαρκὸς
2607 3933 2862 4007 ὑπάρχει.
2907 3931 3010 3988 Θέα
3051 3930 3220 3986 λοιπόν
3264 3938 3376 3993 πῶς
3413 3936 3475 4006 ζῇ

1904 4031 2048 4091 ὅστις
2083 4030 2177 4085 Exi
2217 4037 2309 4086 τοῦ
2356 4028 2480 4102 ᾅδου
2522 4033 2611 4083 τοῦ
2652 4027 2765 4088 νοός
2806 4026 2934 4101 πρὸς
2978 4031 3069 4084 τήν
3105 4034 3197 4087 τῆς
3233 4026 3499 4098 εὐσπλαγ-

1908 4129 2063 4196 χνίας
2108 4126 2237 4188 ζωήν
2290 4122 2657 4195 ἐπανέρχεται.
2707 4122 2831 4174 Λίαν
2869 4114 2958 4173 οὖν
3006 4118 3277 4189 ἐλάχιστον
3329 4119 3498 4186 Θαῦμά

1907 4220 2020 4273 ἐστι
2047 4219 2106 4274 τὸ
2143 4218 2191 4272 ἐν
2235 4218 2392 4289 σαρκί
2432 4238 2543 4273 τινα
2574 4216 2891 4276 ἀναστῆσαι,
2925 4214 3011 4264 οὐκ
3039 4209 3150 4265 οἶδα
3174 4214 3243 4282 μή
3282 4232 3393 4272 πως
3421 4213 3502 4268 ἐὰν

1908 4309 1991 4366 διὰ
2018 4317 2109 4369 τῆς
2161 4310 2510 4372 ζωοποιήσεως
2559 4311 2650 4364 τῆς
2695 4301 2885 4377 σαρκὸς
2905 4343 2920 4368 ,
2961 4303 3042 4357 καί
3068 4302 3138 4363 είς
3161 4309 3250 4362 τὴν
3273 4310 3362 4359 τοῦ
3392 4305 3501 4364 νοὸς

1909 4406 2040 4466 ζωήν
2069 4399 2434 4471 ἐπανέρχεται·
2462 4394 2488 4433 k
2509 4397 2590 4452 ἵνα
2619 4397 2676 4449 τό
2701 4395 2825 4450 αὐτὸ
2853 4395 3056 4469 γένηται
3087 4393 3172 4450 διά
3197 4403 3286 4450 τοῦ
3322 4394 3502 4459 ἔξωθεν

1909 4498 2190 4567 θαύματος,
2224 4491 2363 4554 ὅπως
2389 4495 2473 4548 καί
2504 4489 2702 4546 ἔνδοθεν
2728 4491 3062 4565 ἐπιστραφεὶς
3090 4489 3390 4559 ζωοποιηθῇ.

1984 4598 2152 4644 ΠΕΤΡ.
2185 4583 2381 4661 Σφόδρα
2405 4585 2762 4644 πεπιστευκὼς
2791 4584 2980 4657 ἀρτίως
3005 4579 3162 4651 ἔγνων
3190 4579 3354 4634 πόσον
3381 4582 3501 4632 τοῦ·

194 4673 277 4730 sit
331 4671 827 4742 incomparabiliter
865 4675 1110 4740 superius
1141 4672 1356 4743 agnovi.
1401 4673 1542 4742 Sed,
1584 4687 1788 4743 quaeso1

1910 4701 1968 4737 το
1995 4678 2186 4734 ἐκείνου
2228 4678 2464 4753 ὑπάρχει
2509 4682 2697 4750 μεῖζον·
2741 4674 2846 4731 ἀλλ’
2872 4677 3020 4736 αἰτῶ,
3060 4669 3194 4744 ἅπερ
3224 4667 3503 4741 διηγεῖσθαι

197 4775 399 4835 empta
424 4779 772 4835 prosequere,
801 4772 860 4819 ut
889 4765 1015 4820 dum
1049 4774 1258 4837 tempus
1280 4774 1469 4833 vacat,
1499 4767 1618 4824 sine
1640 4766 1807 4823 aedili-

195 4859 434 4918 catione
447 4859 585 4917 hora
613 4875 720 4916 non
745 4867 1002 4916 transeat.

693 4974 856 5047 324
889 4973 1116 5031 CAPUT
1159 4973 1345 5031 xvm.

650 5068 728 5124 De
778 5067 1056 5124 Benedicto
1114 5068 1385 5123 monacho.

270 5164 624 5222 Glnoonms.
652 5161 842 5218 Frater
871 5160 1097 5232 quidam
1116 5175 1328 5217 mecum
1352 5169 1435 5217 est
1458 5163 1514 5217 in
1543 5172 1814 5221 monaste-

187 5261 283 5309 rio
321 5267 706 5326 conversatus,
759 5256 814 5312 in
855 5254 1132 5325 Scriptura
1165 5269 1320 5313 sacra
1369 5257 1818 5331 studiosissimus,

275 5378 309 5408 ιι
366 5366 512 5419 Prat.
565 5381 618 5422 οι
664 5371 932 5428 secundus
972 5371 1116 5432 And.
1171 5385 1294 5427 cum
1353 5371 1528 5443 primo
1575 5373 1810 5442 Gemet.,

185 5454 386 5513 qua"!
405 5450 604 5513 cuinam
630 5447 902 5513 mortuam.

272 5511 307 5551 ιν
366 5508 444 5562 lta
467 5506 782 5586 compend”
810 5504 1053 5586 Garum,
1086 5513 1318 5586 Τιιοοεξ..
1351 5515 1580 5586 Longip.
1610 5524 1663 5570 et
1694 5515 1813 5570 Val.

185 5589 314 5650 CL,
351 5596 482 5636 cum
515 5577 698 5636 Germ.
741 5579 798 5632 ln
847 5577 1057 5650 Gemet.
1097 5585 1153 5650 et
1188 5577 1565 5650 aliisiNorth,
1624 5588 1818 5650 iniibus

185 5654 518 5714 concinunt
548 5651 686 5706 Editi
721 5667 734 5702 :
768 5649 904 5720 quod
927 5649 1033 5703 illo?
1058 5649 1169 5719 ejus
1190 5688 1206 5712 ,
1249 5649 1334 5703 vel
1367 5649 1522 5720 etiam
1547 5649 1815 5704 crudeliss.

276 5742 302 5769 c
360 5718 814 5805 Gerni.,_Norm.,
853 5718 1391 5791 Longip.et'l‘lieod.,
1417 5718 1517 5775 nisi
1537 5721 1671 5788 forte
1697 5737 1814 5776 cum

187 5819 380 5876 per...
417 5795 697 5849 reducitur.

271 5872 305 5910 ά
346 5868 484 5932 Ms.,
513 5870 643 5939 ὑπὲρ
665 5867 723 5942 τὸ
741 5867 793 5922 ἓν
813 5869 991 5942 σαρκί.

439 5962 710 6024 Ρλτιιοι..
757 5957 1073 6020 LXXVII.

1915 4774 2146 4848 ἀπύρξου
2166 4811 2183 4838 ,
2211 4771 2494 4832 ἀκολούθως
2523 4771 2795 4845 πλήρωσον
2814 4806 2830 4833 ,
2864 4767 2947 4820 ἵνα
2967 4768 3058 4820 τοῦ
3092 4767 3269 4837 καιροῦ
3293 4763 3506 4837 ἀργοῦν.

1913 4889 2021 4936 τος,
2045 4864 2162 4924 ἄνευ
2193 4865 2452 4939 οἰκοδομῆς
2477 4867 2507 4924 ἡ
2535 4866 2644 4940 ὥρα
2669 4868 2740 4935 μὴ
2760 4859 3000 4940 παρέλθῃ.

2438 4978 2600 5050 323
2633 4984 2854 5032 ΚΕΦΔΛ.
2897 4972 2992 5028 Iu’.

2372 5074 2490 5148 Περί
2511 5068 2790 5125 Βενεδίκτου
2814 5072 3054 5142 μονακοῦ.

1995 5173 2335 5227 ΓΡΗΓΟῬΙΟΣ.
2360 5161 2589 5233 ’Δδελφός
2607 5182 2685 5221 τις
2705 5162 2757 5215 ἐν
2784 5167 2858 5233 τῷ
2885 5162 3208 5240 μοναστηρίω
3230 5179 3329 5231 μου
3349 5164 3509 5233 ύπῆρ.

1930 5280 2021 5330 χε,
2063 5262 2285 5334 γνησίως
2331 5277 2417 5328 μοι
2471 5252 3018 5330 συναναστρεφόμενος,
3060 5254 3189 5312 πάνυ
3232 5257 3323 5314 τήν
3376 5251 3512 5326 ἱεράν

1995 5383 2019 5412 °
2047 5373 2171 5441 Μελ,
2203 5374 2496 5436 ἀνέστησεν,
2523 5369 2553 5429 ἦ
2582 5369 2784 5427 Σαῦλον.

2000 5443 2016 5481 ί
2048 5445 2172 5519 MS.,
2208 5444 2571 5514 ύγιασμένῳ...
2601 5441 2634 5498 ἃ
2654 5444 2898 5519 ἡμετέρα.

1995 5525 2020 5590 β
2051 5518 2174 5590 Ms,
2203 5523 2427 5590 πρῶτον.

1995 5583 2023 5657 λῇ
2053 5587 2176 5660 ρει,
2210 5583 2336 5660 τὲλῄν
2356 5587 2416 5660 ού
2441 5596 2788 5660 παραιτεῖται.

2003 5652 2020 5727 _i
2053 5652 2173 5727 llis,
2205 5659 2288 5710 καί
2313 5656 2469 5727 αὐτῷ.

2001 5724 2014 5799 ᾗ
2057 5724 2182 5799 bis,
2213 5728 2264 5784 ἐκ
2295 5733 2384 5782 τοῦ
2409 5724 2602 5799 ἀδύτρν
2630 5728 2762 5788 νοὸεο

1996 5798 2022 5833 κ
2055 5796 2176 5864 Ms.,
2209 5801 2288 5858 ἵνα
2313 5800 2372 5857 τὸ
2402 5796 2553 5874 αύτῷξ
