3998 6356
472 330 569 386 271

1678 320 1923 380 SANG‘I‘I
1962 317 2291 380 GREGORI-l
2329 317 2545 377 MAGNI

3638 319 3746 373 2'7!

477 447 690 518 μασθείς
731 443 961 506 διάϐολος
1009 444 1176 513 τούτῳ
1219 441 1515 503 ὑπακούσας
1560 442 1687 517 πρὸς
1726 442 1786 497 τὸ
1814 445 1973 517 σύραι
1996 443 2065 497 τά

2185 447 2447 495 rementer
2458 434 2691 507 expavit,
2718 432 3030 505 magnisque
3054 434 3273 493 vocibus
3290 435 3532 492 clamare
3559 440 3747 507 cepit,

474 539 671 612 καλέγια
692 540 850 593 αὑτοῦ
877 532 1134 612 παρέστη.
1156 530 1321 592 Τοῧτο
1348 533 1402 590 δέ
1431 534 1457 589 ό
1492 534 1842 610 πρεσϐύτερος
1877 532 2063 591 θεασᾶ-

472 654 643 707 μενος,
671 628 869 706 σφόδρα
895 630 1073 695 ίξέστη
1104 630 1190 685 καί
1216 631 1431 701 μεγίστῃ
1458 636 1590 703 φωνῇ
1631 629 1825 703 κράζειν
1856 628 2060 701 ἤρξατο,

470 728 649 801 λέγων’
681 727 932 792 ’Δπόστα,
961 726 1157 792 έλεεινέ,
1187 726 1423 790 ἀπόστα,
1466 725 1524 778 οὑ
1560 722 1664 799 γάρ
1701 746 1803 791 σοι,
1839 724 1964 781 ἀλλά
1990 730 2063 794 τῷ

472 818 777 895 ἀνδραπόδῳ
806 840 906 891 μου
947 817 1185 875 ἐλάλησα.
1222 816 1451 892 Παρευθὺ
1490 810 1578 870 οὖν
1617 823 1679 889 τῇ
1724 816 1883 871 αὑτοῦ
1930 822 2064 890 φωνῇ’

472 916 695 973 ἀπέστη.
730 916 822 969 καὶ
846 915 1005 975 καθὼς
1026 910 1157 973 ἦσαν
1184 912 1236 965 ἐκ
1256 912 1442 986 μέρους
1466 911 1671 967 λυθέντα
1698 914 1765 966 τά
1794 918 1893 966 τῶν
1921 911 2061 966 καλι-

472 1008 591 1077 γίων
617 1008 778 1061 αὑτοῦ
806 1004 966 1079 λώρια
989 1047 1005 1073 ,
1036 1003 1198 1065 οὕτως
1218 1003 1522 1080 ηὑρέθησαν.
1550 1002 1634 1067 Ἐξ
1676 999 1733 1057 οὑ
1763 1003 2063 1078 πράγματος

473 1096 809 1161 κατανόησον,
844 1094 924 1151 ὅτι
944 1096 987 1149 εί
1007 1102 1119 1156 τοῖς
1147 1103 1463 1165 σωματικοῖς
1495 1092 1668 1169 ργοις
1709 1093 1734 1148 ό
1765 1101 1792 1130 ⁸
1834 1095 2065 1169 ἀρχέκα-

474 1209 557 1249 κος
580 1189 767 1263 ἐχθρός
789 1186 921 1242 οὑτω
944 1187 1190 1260 παρέστι,
1204 1186 1349 1256 πόσῳ
1369 1186 1551 1260 μᾶλλον
1758 1186 2065 1259 πλειοτέρως

474 1278 743 1354 ἐνεδρεύων
766 1286 865 1335 τῶν
894 1280 1149 1354 ἡμετέρων
1170 1278 1423 1352 λογισμῶν
1452 1280 1543 1334 οὑκ
1568 1280 1859 1351 ἀφίσταται.

545 1381 720 1429 lIE'I‘P.
744 1372 992 1427 Δύσκολον
1021 1372 1157 1428 πάνυ
1186 1375 1273 1427 καί
1300 1372 1510 1445 φοϐερόν
1540 1373 1651 1428 ἐστι
1678 1375 1805 1429 κατά
1842 1380 1941 1429 τῶν
1966 1369 2062 1429 τοὺ

473 1466 663 1539 ἐχθροῦ
686 1461 895 1539 ἐνέδρων
926 1463 1145 1521 πάντοτε
1175 1466 1456 1538 προσέχειν
1492 1465 1624 1522 οὕτω
1653 1466 1922 1537 συντόμως
1957 1467 2063 1523 αὑ-

473 1565 559 1616 τοῦ
590 1563 674 1616 καί
698 1558 932 1623 διηνεκῶς
956 1563 1369 1639 παρισταμένου.

542 1664 785 1711 ΓΡΗΓΟΡ.
816 1657 1065 1714 Δύσκολον
1091 1658 1182 1712 οὑκ
1200 1656 1373 1729 ἔστιν,
1400 1659 1487 1713 ἐὰν
1510 1661 1601 1717 τήν
1626 1658 1877 1732 ἡμετέραν
1897 1656 2064 1729 ἀσφά-

471 1748 621 1821 λειαν,
648 1754 750 1824 οὐχ
780 1754 903 1824 ἡμῖν
942 1754 1149 1823 αὑτοῖς,
1193 1752 1319 1809 ἀλλά
1360 1761 1423 1826 τῇ
1465 1750 1650 1808 ἄνωθεν
1683 1752 1867 1825 χάριτι
1914 1749 2063 1822 ἐμπι-

2166 532 2350 590 dicens
2384 552 2397 587 :
2430 532 2664 598 Recede,
2696 530 2882 597 miser,
2933 518 3153 597 recede;
3198 545 3307 586 non
3335 530 3478 587 enim
3506 531 3631 597 tibi,
3654 530 3754 586 scd

2166 626 2432 697 mancipio
2454 641 2576 684 meo
2600 627 2809 683 locutus
2836 639 2974 681 sum.
3003 625 3083 681 Ad
3113 628 3270 696 cujus
3296 640 3480 683 vocem
3506 626 3755 695 protinus
3808 676 3824 733 ἰ

2168 720 2415 789 recessit,
2443 729 2495 778 ct
2545 721 2617 777 ita
2640 729 2698 777 ut
2721 721 2949 777 inventa:
2980 730 3125 788 sunt,
3160 734 3347 790 magna
3370 720 3480 790 jam
3507 735 3570 775 ex
3602 731 3758 790 parte
3808 720 3825 791 Ξ

2166 813 2440 871 dissoluta:
2463 856 2480 881 ,
2524 814 2767 885 corrigiae
2799 824 3201 870 remanserunt.
3250 814 3364 881 Qua
3395 814 3448 869 in
3478 829 3537 869 re
3576 814 3759 884 colligi

2168 916 2364 977 potest,
2420 908 2672 977 antiquus
2720 908 2913 977 hostis,
2944 908 3034 978 qui
3077 909 3187 978 jam
3240 919 3437 978 praesto
3482 917 3564 964 est
3595 907 3758 964 laetis

2167 998 2332 1071 328
2381 999 2771 1069 corporalibus,
2802 1013 2963 1071 quam
2985 996 3165 1059 nimiis
3194 998 3403 1060 insidiis
3421 1000 3620 1057 nostris
3648 1011 3756 1055 co-
3820 1056 3830 1064 ,

2167 1089 2517 1162 gitationibus
2541 1092 2772 1149 insistat.

2240 1368 2409 1426 Pera.
2443 1370 2792 1429 Laboriosum
2822 1383 2906 1431 est
2927 1373 3086 1430 valde
3108 1380 3272 1445 atque
3301 1372 3541 1430 terribile
3564 1381 3765 1429 contra

2171 1465 2187 1517 ι
2225 1462 2429 1520 inimici
2456 1463 2679 1522 insidias
2702 1477 2916 1536 semper
2930 1465 3230 1536 intendere,
3266 1473 3322 1523 et
3342 1466 3595 1523 continue
3619 1478 3765 1535 qua-

2165 1554 2213 1611 si
2238 1554 2290 1611 in
2321 1554 2437 1611 acie
2464 1565 2628 1612 stare.

2240 1648 2481 1706 Gnaeos.
2517 1648 2545 1688 ¹ί
2578 1650 2930 1709 Laboriosum
2960 1666 3070 1709 non
3116 1652 3241 1722 erit,
3273 1651 3318 1707 si
3340 1649 3636 1707 custodiam
3658 1661 3766 1703 no-

2169 1749 2336 1797 stram
2366 1757 2476 1799 non
2503 1743 2680 1811 nobis,
2703 1745 2800 1801 sed
2844 1747 3031 1815 gratia
3059 1760 3306 1817 superna:
3338 1742 3650 1807 tribuimus;
3682 1742 3766 1796 ita

473 1849 789 1916 στιύσωμεν.
832 1846 957 1905 Πλὴν
1007 1842 1182 1917 ὅμως,
1212 1846 1295 1902 ἶνα
1320 1849 1406 1901 καὶ
1433 1848 1598 1917 ἡμεῖς,
1640 1842 1764 1900 ὅσον
1786 1843 2061 1915 δυνάμεθα,

2185 1846 2371 1901 .amen,
2402 1843 2459 1889 ut
2498 1843 2553 1891 et
2574 1834 2696 1905 ipsi,
2727 1845 2983 1908 quantum
3019 1850 3327 1909 possumus,
3377 1834 3477 1890 sub
3498 1833 3612 1905 ejus
3633 1848 3766 1903 pro-

470 1937 498 1980 b
530 1941 632 1997 ὑπὸ
668 1945 758 2003 τὴν
800 1942 995 2000 σκέπην
1037 1942 1196 1997 αὑτοῦ
1238 1943 1660 2016 γρηγορησωμεν.
1687 1938 1801 1994 Ἐὰν
1831 1937 1886 1994 δέ
1919 1937 1945 1993 ό
1974 1940 2069 2016 ἀρ-

473 2042 633 2107 χαῖος
662 2034 850 2107 ἐχθρὸς
884 2032 1101 2108 ἄρξηται
1134 2034 1187 2089 ἐκ
1216 2028 1308 2089 τοῦ
1351 2034 1463 2094 νοὸς
1491 2032 1813 2097 ἐκϐληθῆναι,
1848 2029 1933 2086 διὰ
1974 2038 2068 2092 τῆς

472 2128 609 2189 θείας
636 2134 906 2201 παροχῆς,
948 2126 1190 2200 ἀσφαλῶς
1216 2124 1496 2190 δείκνυται,
1545 2122 1624 2180 ὅτι
1656 2126 1712 2179 οὑ
1740 2124 1890 2197 μόνον
1914 2124 2068 2180 αὐτόν

474 2216 632 2277 οὐδεὶς
652 2215 916 2282 δειλιάσει,
942 2225 964 2255 ε
986 2217 1109 2273 ἀλλὰ
1133 2216 1319 2288 μᾶλλον
1342 2218 1543 2284 έκεῖνος,
1567 2214 1654 2273 διὰ
1672 2224 1765 2277 τῆς
1786 2221 1886 2271 τῶν
1906 2215 2069 2278 καλῶς

476 2309 875 2382 πολιτευομένων
897 2308 1182 2383 δυνάμεως,
1209 2311 1568 2382 φοϐηθήσεται.

1078 2431 1304 2481 ΚΕΦΔΛ.
1347 2422 1466 2481 κε’.

536 2540 655 2613 Περί.
678 2545 771 2601 τῆς
798 2539 1113 2615 μοναστρίας
1136 2546 1230 2601 τῆς
1254 2535 1646 2611 φυγαδευσάσης
1668 2536 1754 2595 τόν
1773 2535 2005 2596 δαίμονα.

546 2656 667 2728 Περὶ
693 2661 786 2710 τοῦ
816 2654 1119 2729 πράγματος
1148 2650 1308 2731 οὗπερ
1329 2656 1439 2709 νυνί
1463 2652 1757 2727 διηγοῦμαι,
1790 2654 1817 2711 ὁ
1852 2653 2068 2726 ἁγιώτα-

476 2760 565 2805 τος
606 2743 733 2821 ἀνὴρ
764 2744 1065 2822 Ἐλευθέριος
1109 2743 1136 2802 ό
1172 2743 1548 2823 πρεσϐύτερος,
1595 2740 1791 2807 οὗτινος
1834 2746 2071 2819 ἀνωτέρω

477 2837 651 2908 μνείαν
675 2840 980 2909 πεποίημαι,
1003 2839 1205 2914 μάρτυς
1232 2838 1497 2912 ὑπάρχει,
1531 2835 1676 2899 ὅστις
1703 2840 1826 2894 αὑτό
1855 2842 1937 2892 καί
1964 2835 2073 2896 διη-

476 2932 697 3002 γήσατο.
728 2925 901 3002 Ἐλεγε
942 2931 1064 3005 γάρ,
1093 2928 1173 2986 ὅτι
1202 2930 1251 2985 ἐν
1290 2938 1353 3005 τῇ
1381 2929 1524 2985 πόλει
1552 2930 1801 2989 Σπολητης
1837 2927 1958 3004 κόρη
1992 2949 2073 2992 τις

476 3016 511 3056 ά
530 3021 703 3077 λοιπὸν
740 3022 991 3097 παρθένος
1028 3027 1123 3077 τοῦ
1156 3022 1325 3097 γάμου
1362 3021 1554 3081 ἠλικίαν
1580 3020 1676 3081 ἤδη
1698 3022 1963 3094 φθάσασα,
1984 3024 2074 3076 θυ-

475 3110 640 3193 γάτηρ
658 3115 868 3195 ὑπῆρχέ
890 3138 989 3173 τινι
1014 3124 1117 3174 τῶν
1148 3117 1308 3173 ἐκεῖσε
1337 3116 1725 3195 πρωτευόντων.
1746 3112 1887 3176 Ἠτις
1918 3116 1966 3168 έν
2000 3121 2073 3189 τῷ

2172 1928 2405 1984 tectione
2431 1929 2734 1999 vigilemus.
2758 1930 2817 1986 Si
2845 1939 3025 1987 autem
3044 1932 3299 2003 antiquus
3329 1928 3500 1984 hostis
3526 1941 3555 1980 a
3578 1935 3766 1983 mente

2169 2022 2392 2094 caperit
2417 2023 2635 2093 expelli,
2664 2038 2730 2079 ex
2756 2024 2934 2080 divina
2955 2024 3203 2095 largitate
3231 2022 3543 2093 plerumque
3557 2021 3761 2092 agitur,

2169 2123 2233 2171 ut
2278 2129 2384 2171 non
2412 2114 2586 2171 solum
2616 2114 2729 2185 jam
2760 2115 2939 2172 timeri
2960 2130 3065 2171 non
3087 2114 3302 2184 debeat,
3326 2112 3423 2172 sed
3451 2114 3566 2185 ipse
3593 2110 3766 2169 etiam

2171 2206 2309 2264 bene
2335 2206 2628 2264 viventium
2657 2206 2856 2265 virtute
2883 2214 3164 2265 terreatur.

2759 2395 2989 2453 CAPUT
3027 2393 3167 2451 XXI.

2178 2487 2253 2545 De
2279 2488 2451 2560 puella
2471 2504 2736 2559 conversa,
2766 2494 2915 2563 cujus
2927 2488 3053 2616 ﬁt;
3077 2488 3292 2615 i‘mperio
3314 2488 3464 2545 homo
3493 2494 3569 2545 est
3593 2504 3627 2542 a
3655 2487 3768 2543 dc-

2746 2578 2895 2616 mone
2946 2580 2963 2615 ι
3057 2578 3086 2615 a
3113 2577 3193 2616 ιιε.

2746 2578 2895 2617 mone
2927 2577 3193 2616 ιιοεταιιιε.

2249 2652 2349 2710 Rei
2393 2668 2624 2725 namque
2673 2669 2832 2726 quam
2862 2668 3060 2722 narro,
3094 2653 3178 2710 vir
3205 2654 3572 2711 sanctissimus
3603 2652 3767 2709 Eleu-

2177 2746 2385 2803 therius
2433 2762 2601 2804 senex
2628 2748 2808 2814 Pater,
2838 2746 2992 2817 cujus
3018 2748 3332 2803 memoriam
3368 2747 3616 2817 superius
3659 2744 3768 2802 feci

2181 2838 2332 2912 (Cap.
2369 2838 2485 2910 14),
2518 2839 2670 2896 testis
2689 2840 2918 2908 exstitit,
2950 2838 3188 2911 mihique
3210 2840 3314 2896 hoc
3339 2840 3587 2896 intimare
3608 2854 3767 2895 cura-

2178 2932 2253 2986 vit
2292 2930 2474 3003 :quod
2528 2932 2578 2987 in
2631 2932 2921 3002 Spoletana
2950 2931 3082 2988 urbe
3110 2931 3128 2971 ι
3158 2934 3328 3002 puella
3373 2934 3615 3005 quadam
3653 2932 3769 3001 jam

2180 3025 2385 3081 nubilis
2415 3026 2697 3097 cujusdam
2721 3026 2959 3097 primarii
2988 3026 3112 3093 lilia,
3140 3027 3377 3083 caelestis
3406 3027 3528 3082 vitae
3556 3024 3770 3081 deside-

2179 3115 2261 3171 rio
2290 3116 2511 3187 exarsit,
2545 3116 2698 3188 eique
2726 3125 2875 3187 pater
2908 3117 2975 3173 ad
3004 3117 3143 3174 viam
3179 3117 3300 3172 vitae
3330 3117 3583 3173 resistere
3609 3128 3771 3171 cona-

476 3207 619 3280 πόθῳ
666 3218 759 3270 τῆς
802 3210 1106 3289 ἐπουρανίου
1149 3215 1283 3276 ζωῆς
1330 3213 1631 3287 πυρωθεῖσα
1675 3212 1820 3284 πάση
1872 3207 2070 3283 σπουδῂ

2185 3216 2268 3265 tus
2296 3218 2414 3275 est;
2445 3208 2542 3265 sed
2571 3217 2885 3280 contempto
2913 3218 3083 3279 patre,
3117 3208 3543 3265 conversationis
3569 3214 3771 3261 saneta

475 3303 604 3376 πρὸς
633 3303 828 3362 ταύτην
870 3304 1124 3376 έπιίγετο.
1168 3314 1227 3359 ‘0
1267 3301 1321 3361 δέ
1356 3306 1552 3366 ταύτης
1578 3309 1755 3379 πατὴρ
1784 3304 2076 3364 ἀντιστῆναι

476 3395 609 3465 αὑτῇ
636 3394 687 3449 έν
710 3403 733 3432 ε
757 3393 945 3470 τῇιόδῷ
973 3404 1066 3458 τῆς
1092 3400 1226 3461 ζωῆς
1254 3400 1549 3467 ἠγωνίζετο.
1591 3398 1728 3457 Δύτή
1762 3394 1818 3453 δέ
1855 3399 1941 3453 τόν
1969 3419 2074 3453 πα·

477 3488 602 3561 τέρα
618 3487 998 3555 καταλιποῦσα,
1026 3497 1120 3552 τῆς
1158 3500 1446 3562 μοναχικῆς
1486 3491 1745 3552 πολιτείας
1783 3491 1841 3547 τό
1886 3499 2077 3562 σχῆμα

480 3574 839 3646 ἔδέξατο,.ὅθεν
866 3580 1040 3636 λοιπόν
1070 3580 1095 3634 ὁ
1124 3583 1316 3644 ταύτης
1342 3589 1513 3658 πατὴρ
1544 3585 1599 3638 ὶκ
1625 3592 1718 3645 τῆς
1744 3582 1877 3646 ἰδίας
1921 3587 2075 3641 αὐτοῦ

479 3666 823 3729 ὑποστάσεως
853 3666 873 3707 ί
900 3668 1307 3747 ἀκληρονόμητον
1339 3675 1494 3733 αὑτὴν
1522 3676 1788 3741 πεποίηκε,
1820 3678 1907 3731 καί
1938 3675 2078 3732 οὐδέν

480 3760 611 3835 αὑτῇ
651 3760 846 3838 ἕτερον,
890 3764 936 3816 εί
977 3767 1048 3833 μὴ
1078 3761 1128 3827 ἓξ
1152 3766 1352 3837 οὑγκίας
1380 3765 1487 3827 ἐνὸς
1513 3771 1877 3838 κτηματισκίου
1898 3808 1913 3833 ,
1940 3770 2082 3825 κατέ-

478 3853 614 3909 λιπε.
640 3856 845 3916 Ταύτης
871 3854 925 3911 δὲ
955 3862 1029 3926 τῷ
1053 3854 1394 3929 ὑποδείγματι
1420 3858 1840 3923 ἐξακολουθοῦσαι
1864 3862 2078 3935 ἤρξαντο

478 3946 657 4003 πολλαί
682 3946 827 4022 κόραι
853 3945 1224 4019 εὑγινεστοὶτου
1245 3951 1423 4021 γένους
1445 3952 1577 4023 πρὸς
1603 3953 1758 4010 αὑτήν
1786 3954 2079 4010 ἀποτάσσε-

478 4039 617 4103 σθαι,
643 4042 728 4094 καί
753 4047 826 4111 τῷ
848 4040 1223 4113 παντοδυνοίμῳ
1249 4045 1406 4117 κυρίῳ
1439 4050 1463 4089 Β
1494 4044 1773 4116 ιῖγιασμένῃ
1793 4051 1857 4118 τῇ
1884 4048 2077 4122 παρθε-

476 4134 559 4204 νίᾳ
586 4129 857 4188 δουλεύειν.
884 4133 964 4189 Ἐν
993 4139 1087 4207 μιᾷ
1110 4131 1164 4190 δέ
1185 4135 1378 4211 ἡμέρᾳ,
1410 4133 1437 4191 ὃ
1466 4136 1614 4197 αὐτὸς
1646 4138 1772 4212 ἀνὴρ
1794 4177 1807 4203 ,
1831 4136 1857 4192 ὁ
1885 4146 1948 4212 τῇ
1976 4142 2077 4215 ζωῇ

478 4222 855 4286 εὺλαϐέστατος
884 4226 1207 4300 Ἐλευθέριος,
1238 4228 1556 4299 ἐπισκέψεως
1584 4233 1665 4285 καί
1688 4229 1952 4301 οἰκοδομῆς
1979 4233 2078 4303 χάο

476 4340 558 4394 ριν
584 4320 717 4392 πρὸς
762 4321 919 4379 αὑτήν
965 4321 1289 4393 παρεγένετο.
1323 4324 1653 4395 Καθεζομένου
1694 4322 1747 4379 δέ
1779 4326 1934 4381 αὑτοῦ
1967 4324 2077 4397 ἅμα

474 4414 649 4478 αὐτῆς,
687 4414 773 4467 καί
794 4412 942 4474 θείοις
974 4411 1142 4485 λόγοις
1168 4412 1472 4486 ὁμιλούντων
1489 4456 1503 4480 ,
1538 4416 1593 4470 ἔκ
1621 4411 1711 4471 τού
1730 4420 2072 4491 προαστείου,

474 4501 639 4581 οὗπερ
667 4508 763 4568 τάς
809 4504 859 4572 ἓξ
901 4507 1110 4579 οὑγκίας
1152 4509 1292 4584 παρά
1322 4514 1413 4563 τοῦ
1443 4508 1629 4571 εαυτῆς
1666 4514 1864 4587 πατρὸς
1894 4509 1953 4571 ἦν
1981 4513 2072 4568 λα·

2180 3300 2423 3357 habitum
2443 3310 2482 3338 ιη
2514 3305 2767 3374 suscepit.
2800 3302 2915 3371 Qua
2942 3317 3006 3359 ex
3027 3317 3084 3359 re
3104 3302 3302 3359 factum
3327 3311 3487 3359 estut
3512 3315 3631 3357 eam
3662 3298 3771 3355 Pa-

2179 3402 2263 3452 ter
2300 3410 2411 3452 sua:
2452 3394 2765 3452 substantiae
2814 3396 3155 3453 exhazredem
3200 3394 3421 3462 faceret,
3454 3394 3689 3465 nihilque
3718 3392 3772 3450 ei

2179 3488 2322 3545 aliud
2348 3489 2450 3543 nisi
2479 3504 2573 3545 sex
2598 3489 2787 3545 uncias
2808 3489 2966 3545 unius
2990 3487 3432 3559 possessiunculze
3462 3486 3767 3557 largiretur.

2182 3579 2313 3650 Ejus
2340 3596 2469 3636 vero
2496 3582 2745 3653 exemplo
2793 3592 3093 3652 provocans
3137 3592 3419 3653 coeperunt
3464 3581 3602 3651 apud
3651 3593 3775 3637 eam

2181 3673 2361 3729 multa:
2391 3674 2671 3731 nobilioris
2699 3676 2909 3745 generis
2934 3674 3126 3745 puellae
3165 3675 3622 3744 converti,-atque
3651 3688 3772 3729 om-

2180 3764 2438 3835 nipotenti
2495 3765 2724 3823 Domino
2765 3767 3009 3824 dedicata
3048 3768 3354 3840 virginitate
3378 3768 3600 3824 servire.
3630 3766 3773 3834 Qua-

2178 3858 2302 3914 dam
2332 3875 2459 3916 vero
2491 3860 2579 3915 die
2607 3861 2747 3917 idem
2777 3860 3121 3918 Eleutherius
3143 3861 3325 3928 abbas,
3359 3861 3441 3917 vir
3466 3861 3587 3915 vita:
3609 3873 3775 3915 vene-

2180 3951 2384 4020 rabilis,
2399 3953 2467 4008 ad
2489 3969 2607 4009 eam
2622 3954 2791 4026 gratia
2812 3954 3203 4012 exhortationis
3217 3966 3380 4025 atque
3403 3952 3773 4009 :edilicationis

2179 4053 2505 4113 accesserat,
2535 4058 2588 4103 et
2610 4062 2733 4103 cum
2765 4062 2828 4103 ea
2861 4046 2930 4103 de
2959 4048 3124 4104 verbo
3153 4046 3248 4103 Dei
3279 4045 3591 4115 colloquens
3619 4042 3773 4099 sede-

2178 4139 2298 4207 bat;
2330 4156 2452 4197 cum
2486 4151 2709 4211 repente
2763 4158 2830 4199 ex
2877 4140 3069 4198 eodem
3122 4140 3309 4204 fundo,
3341 4152 3499 4208 quem
3524 4147 3553 4175 ιι
3584 4138 3637 4193 in
3679 4151 3773 4194 sex

2179 4233 2353 4289 unciis
2377 4248 2409 4288 a
2438 4243 2587 4302 patre
2617 4243 2931 4303 perceperat
2959 4233 2979 4252 °
3014 4246 3135 4287 cum
3158 4230 3317 4287 xenio
3345 4231 3580 4286 rusticus
3603 4229 3773 4285 venit.

2179 4325 2279 4393 Qui
2309 4325 2433 4381 dum
2465 4335 2591 4380 ante
2620 4340 2714 4381 eos
2744 4325 3042 4391 assisteret,
3073 4324 3306 4394 maligno
3350 4324 3540 4394 spiritu
3587 4338 3773 4379 corre-

2180 4425 2302 4486 plus
2329 4415 2548 4484 cecidit,
2579 4413 2897 4487 fatigarique
2925 4416 3106 4473 nimiis
3144 4415 3462 4473 stridoribus
3489 4426 3653 4487 atque
3682 4418 3775 4472 ba-

2183 4507 2378 4564 latibus
2430 4508 2615 4579 ccepit.
2650 4508 2799 4564 Tunc
2826 4508 3250 4567 sanctimonialis
3278 4510 3475 4565 femina
3517 4510 3774 4576 surrexit,

476 4599 664 4671 ϐοῦσα,
697 4602 924 4675 γεωργός
947 4621 1027 4661 τις
1052 4602 1184 4675 μετά
1210 4602 1372 4665 ξενίου
1403 4603 1529 4677 πρὸς
1558 4603 1718 4662 αὑτήν
1745 4600 1906 4671 ἦλθεν,
1934 4600 2070 4665 ὅστις

2185 4613 2344 4676 atque
2377 4606 2513 4661 irato
2541 4605 2689 4661 vultu
2738 4607 2947 4676 magnis
2992 4606 3317 4662 clamoribus
3354 4603 3670 4671 imperavit,
3692 4600 3775 4657 di-

473 4694 523 4748 έν
547 4693 658 4765 ὅσῳ
680 4692 965 4769 ἔμπροσθεν
984 4691 1153 4753 αὑτῶν
1169 4695 1380 4763 ἵστατο,
1404 4696 1656 4766 πνεύματι
1675 4704 1877 4770 πονηρῷ
1899 4696 2070 4770 ραγεὶς

473 4783 648 4853 ἔπεσε,
676 4791 764 4842 καί
787 4788 973 4865 ἤρξατο
996 4790 1126 4860 μετά
1154 4791 1403 4860 μεγίστων
1432 4798 1603 4862 φωνῶν
1627 4790 1736 4846 λίαν
1770 4788 2065 4846 ὀδυνᾶσθαι.

471 4875 705 4938 ΤότεὴῘι
750 4880 1001 4955 ἀγιωτάτη
1051 4882 1210 4941 ἐκείνη
1262 4884 1432 4943 θήλεια
1480 4885 1779 4951 ἀναστᾶσα,
1826 4880 2070 4957 αὶστηρῷ

472 4973 740 5041 προσώπῳ
768 4975 900 5043 μετά
932 4982 1094 5046 φωνῆς
1136 4978 1399 5052 ἰσχυρᾶς,
1445 4976 1694 5053 ἐπέτρεψε
1741 4985 1814 5049 τῷ
1854 4977 2071 5053 ἀκαθάρ-

470 5082 545 5135 τῳ
563 5064 816 5136 πνεύματι
828 5066 1064 5141 λέγουσα·
1092 5064 1315 5140 ίΊξελθε
1339 5072 1429 5129 ἀπ’
1452 5074 1631 5139 αὑτοῦ,
1654 5072 1855 5142 έλεεινέ,
1880 5072 2067 5138 ἔξελθε.

542 5214 571 5279 τι
595 5207 724 5279 Μεη
755 5209 1000 5279 ἀρχαῖος.

539 5277 569 5317 δ
595 5278 718 5358 bis"
967 5284 1190 5358 φυλακην
1212 5289 1297 5344 καί
1322 5288 1523 5344 σκέπην
1542 5286 1682 5356 ὑμῶν
1708 5306 1864 5358 γρηγ.

544 5360 567 5421 ε
597 5350 716 5416 Με..
751 5354 879 5413 ἀλλά
905 5350 988 5409 καί
1008 5356 1218 5421 μᾶλλον.

537 5417 565 5458 δ
599 5422 813 5505 ln_Ed.,
852 5417 1021 5481 λοιπὸν
1062 5433 1152 5482 τοῦ
1191 5428 1373 5505 χάμου.
1389 5428 1615 5505 θυγάτηρ
1643 5471 1657 5499 ,
1701 5427 1916 5486 omissis
1945 5427 2068 5486 aliis

473 5494 685 5564 quaead
705 5509 923 5553 sensum
955 5494 1266 5551 necessaria
1291 5494 1562 5557 videntur.

541 5574 565 5603 ο
598 5563 722 5632 Ms.,
755 5575 818 5642 τῇ
850 5567 1011 5626 αὐτῆς
1037 5566 1276 5639 καλλίστῃ
1306 5569 1484 5643 βουλῇ.
1515 5573 1645 5635 Δῦτή
1675 5571 1749 5632 δέ.

543 5634 562 5673 ί
596 5632 828 5689 ἆκληοον.

596 5658 828 5695 ακΑηρον.

544 5659 557 5673 ⁵
596 5659 828 5711 ακληρον.

539 5716 564 5785 θ’
595 5706 718 5785 Ms?
745 5718 808 5785 τῇ
831 5709 1031 5785 ἀηείᾳο

538 5775 565 5856 ξ’
590 5776 751 5856 ἐκείνη
776 5775 1023 5856 παρθένος
1050 5780 1204 5841 ἀνασ.

546 5850 561 5885 ⁸
595 5850 668 5904 Ita
700 5850 822 5918 Mm,
854 5847 1043 5920 'probe.

2182 4714 2311 4756 cens
2345 4716 2359 4754 :
2391 4698 2492 4754 Exi
2529 4699 2596 4755 ab
2638 4713 2726 4766 eo,
2760 4699 2945 4766 miser,
2971 4699 3058 4755 exi
3082 4698 3147 4751 ab
3178 4710 3266 4761 eo,
3298 4695 3480 4751 miser.
3512 4695 3593 4750 Ad
3623 4695 3777 4764 cujus

2183 4807 2368 4849 vocem
2400 4807 2522 4849 mox
2552 4806 2648 4863 per
2673 4807 2735 4850 os
2757 4791 2932 4848 vexati
2960 4789 3205 4846 diabolus
3232 4790 3528 4861 respondit,
3548 4792 3732 4846 dicens
3759 4807 3775 4845 :

2183 4886 2251 4942 Et
2274 4886 2321 4942 si
2341 4886 2409 4942 de
2440 4888 2544 4941 isto
2564 4902 2722 4955 exeo,
2752 4887 2805 4943 in
2827 4901 2985 4957 quem
3001 4886 3247 4942 intrabo?
3269 4887 3405 4942 Casu
3428 4896 3603 4941 autem
3624 4887 3777 4956 juxta

2185 4993 2380 5050 porcus
2437 4983 2691 5051 parvulus
2746 4980 3079 5051 pascebatur.
3141 4980 3291 5037 Tunc
3351 4980 3778 5037 sanctimonialis

2187 5070 2381 5129 femina
2412 5074 2689 5144 praecepit,
2718 5072 2941 5131 dicens:
2980 5072 3078 5130 Exi
3100 5071 3169 5129 ab
3192 5086 3279 5141 eo,
3310 5080 3363 5130 et
3392 5073 3445 5128 in
3474 5072 3617 5130 hunc
3646 5087 3777 5142 por-

2253 5216 2268 5267 i
2318 5215 2542 5285 Pratel.,
2578 5215 2765 5285 perﬁdi
2786 5213 2999 5285 inimici.

2252 5287 2279 5325 κ
2319 5284 2533 5343 Primus
2562 5284 2803 5353 Carnot.,
2828 5284 2998 5340 Labor
3028 5285 3170 5339 utilis
3190 5294 3285 5341 est.

2253 5355 2271 5396 ι
2316 5358 2528 5414 Primus
2552 5358 2735 5423 Carn.,
2777 5348 2965 5429 pudica
3008 5357 3245 5429 quwdam
3272 5354 3477 5429 nobilis.
3516 5351 3571 5402 In

2175 5426 2402 5502 legitur,
2420 5431 2608 5485 nobilis
2640 5420 2738 5500 pro
2778 5420 2988 5482 'nubilis.
3019 5420 3306 5502 εἱεριὶειηι
3334 5426 3533 5502 lectum
3562 5420 3689 5502 olim
3714 5420 3779 5476 in

2176 5490 2362 5557 carm,
2379 5490 2588 5557 Ῥη-διει,
2613 5490 2771 5559 Habe;
2805 5516 2817 5556 τ
2845 5514 2960 5561 gms
2968 5502 3083 5563 jam
3106 5490 3368 5547 dicebatur
3387 5492 3653 5562 nuptialis,
3679 5506 3774 5545 no-

2176 5572 2294 5627 bilis
2332 5574 2627 5636 mrjmdam.

2248 5645 2287 5673 ω
2328 5636 2455 5704 Lyr.
2489 5645 2543 5690 et
2563 5634 2768 5704 primus
2792 5633 2957 5703 Aud.,
2991 5635 3241 5704 ᾳιιωείοὶι.

2243 5716 2269 5744 ιι
2299 5706 2417 5762 Val.
2436 5707 2545 5772 CL,
2575 5706 2628 5760 in
2662 5721 2753 5760 sex
2777 5707 2977 5761 uncias.

2245 5786 2271 5815 ο
2312 5778 2435 5832 Mss.
2473 5793 2610 5843 pene
2636 5792 2845 5842 omnes,
2870 5794 2985 5832 cum
3002 5779 3202 5833 exenia.
3231 5777 3361 5833 Vide
3382 5793 3564 5848 supra,
3582 5790 3779 5844 notam

2173 5850 2229 5920 ὁ,
2254 5850 2322 5905 ad
2352 5866 2404 5904 c.
2444 5848 2512 5904 l2
2540 5850 2696 5906 huius
2725 5850 2849 5907 libri
2880 5848 3071 5921 (Nobis
3098 5851 3198 5906 τοι.
3229 5848 3354 5920 9.59,
3391 5860 3499 5907 not.
3530 5850 3590 5905 hi

3814 1076 3829 1138 ἑ
