3998 6356
199 390 295 449 173

1403 377 1849 438 DIALOGORUM
1888 376 2093 435 LIBER
2131 378 2214 434 Ill.

3361 380 3468 437 274

200 524 311 567 eum
342 506 642 577 ingredere.
664 506 764 576 Qui
792 506 971 563 statim
995 504 1063 560 de
1095 501 1308 559 homine
1332 498 1518 563 exivit,
1551 510 1772 568 porcum

1906 507 1959 551 Εν
1986 494 2041 552 δέ
2068 504 2133 570 τῇ
2160 495 2355 557 ταύτης
2384 502 2547 570 φωνῇ’,
2591 495 2677 553 διὰ
2718 494 2810 553 τοῦ
2859 494 3118 569 στόματος
3162 502 3252 553 τοῦ
3294 496 3477 572 δαιμο-

200 616 346 673 quem
362 600 547 671 jussus
578 599 755 655 fuerat
778 600 992 668 invasit,
1028 596 1245 661 occidit,
1274 603 1327 650 et
1356 591 1598 649 recessit.

1885 596 2129 657 νιοῦντος,
2161 589 2188 646 ὁ
2216 588 2444 653 διάϐολος
2472 593 2714 669 ἀπεκρίθη
2746 592 2901 663 λέγων
2919 609 2933 623 ⁸
2974 595 3066 649 Καὶ
3092 592 3175 648 ἐάν
3209 594 3263 647 ἐκ
3293 594 3476 650 τούτου

197 693 365 760 imam
385 735 399 755 ,
431 699 506 756 εἰς
541 698 656 752 τίνα
682 693 712 748 ἕ
714 717 800 768 χω
846 695 1111 759 είσελθεῖν;
1139 690 1166 728 δ
1196 690 1340 746 Κατά
1375 682 1465 744 οὖν
1501 687 1785 761 συγκυρίαν
1825 692 2010 762 χοῖρος
2034 684 2211 755 σεμνός
2242 684 2452 744 πλησίον
2479 685 2737 743 ἐϐόσκετο.
2772 698 2823 742 Ἦ
2864 686 2919 743 δέ
2956 687 3206 764 ἱερωτάτη
3241 686 3409 745 θήλεια

196 787 346 846 εκείνη
379 787 655 861 ἐπέτρεψεν
677 796 846 863 αὺτῷ,
875 790 1115 864 λέγουσα.
1145 784 1339 850 Ἔξελθε
1368 781 1455 838 ἀπ’
1483 777 1639 838 αὑτοῦ
1658 821 1671 845 ,
1698 779 1783 833 καί
1820 779 1893 841 είς
1919 784 2097 835 τοῦτον
2134 780 2221 834 τὸν
2263 787 2446 855 χοῖρον
2473 779 2682 838 εἴσελθε.
2708 779 2887 847 Ὀστις
2934 784 3178 859 παραυτά
3214 783 3271 838 ἐκ
3311 787 3406 839 τοῦ

195 879 463 952 ἀντρέπων
492 882 733 947 ἐξέλθων,
750 883 822 943 εἰς
850 881 934 936 τὸν
956 887 1140 954 χοῖρον
1178 882 1251 938 εἰς
1281 874 1333 931 ὂν
1364 874 1592 931 ἑκελεὺθη
1619 871 1831 937 εἰσῆλθε,
1859 872 1945 927 καί
1966 872 2211 943 φονεύσας
2240 873 2409 937 αὐτόν,
2438 875 2661 935 ἀπέστη.

266 974 439 1031 Pera.
468 974 635 1030 Velim
685 989 844 1031 nosse
897 974 943 1029 si
983 973 1169 1029 saltem
1226 984 1446 1041 porcum
1476 966 1781 1024 concedere

195 1066 405 1137 spiritui
431 1064 709 1121 immundo
737 1065 940 1121 debuit.
994 1102 995 1109 η

263 1160 507 1216 Gnecon.
523 1158 815 1229 Propositus
842 1157 1039 1229 regulae
1060 1167 1256 1212 nostra;
1281 1154 1477 1211 actioni
1499 1162 1623 1210 sunt
1643 1153 1781 1210 facta

198 1251 475 1308 Veritatis.
509 1253 616 1321 Ipsi
640 1251 838 1308 etenim
882 1250 1231 1321 Redemptori
1261 1257 1446 1305 nostro
1494 1264 1523 1302 a
1550 1247 1780 1318 legione,

194 1359 313 1414 qua:
335 1343 606 1398 hominem
633 1343 862 1408 tenebat,
884 1342 1084 1397 dictum
1102 1352 1184 1397 est
1211 1340 1304 1396 :Si
1326 1340 1471 1414 ejicis
1501 1356 1618 1406 nos,
1636 1339 1782 1393 mitte

195 1453 289 1492 nos
338 1437 392 1491 in
437 1452 641 1509 gregem
666 1451 937 1506 porcorum
960 1433 1176 1506 (Matth.
1220 1447 1334 1498 vrn,
1364 1432 1482 1503 51).
1513 1431 1619 1500 Qui
1651 1431 1787 1485 hanc

195 1539 249 1587 et
272 1530 346 1584 ab
367 1528 585 1585 homine
621 1527 854 1598 expulit,
886 1537 943 1583 et
965 1527 1020 1582 in
1047 1540 1237 1597 porcos
1254 1526 1425 1597 329:
1448 1525 1548 1591 ire,
1588 1538 1788 1594 eosque

196 1624 252 1681 in
282 1625 535 1696 abyssum
579 1621 791 1678 mittere
829 1619 1120 1677 concessit.
1159 1619 1239 1675 Ex
1271 1634 1374 1690 qua
1409 1634 1469 1674 re
1495 1626 1657 1675 ettam
1688 1616 1789 1672 hoc

196 1716 486 1787 colligitur,
511 1714 652 1786 quod
680 1713 882 1783 absque
903 1716 1254 1770 concessione
1276 1711 1663 1783 omnipotentis
1694 1709 1790 1766 Dei

194 1810 403 1867 nullam
429 1808 689 1879 malignus
718 1808 934 1880 spiritus
954 1816 1144 1865 contra
1168 1806 1437 1863 hominem
1468 1810 1789 1875 potestatem

197 1902 419 1971 habeat,
451 1905 538 1973 qui
569 1904 621 1957 in
648 1916 844 1973 porcos
874 1901 1078 1957 intrare
1100 1914 1205 1955 non
1236 1898 1530 1971 potuitnisi
1560 1896 1793 1969 permis-

194 2009 310 2050 sus.
344 1995 421 2049 Illi
452 2008 579 2065 ergo
610 2008 709 2048 nos
738 2006 963 2049 necesse
991 1999 1073 2046 est
1112 1998 1303 2062 sponte
1331 1999 1358 2029 ι
1379 1988 1573 2058 subdi,
1602 1987 1687 2043 cui
1736 1994 1793 2043 et

1918 1002 1931 1009 κ
1952 975 2120 1020 ΠΕΤΡ.
2154 962 2353 1021 ’Ἤθελον
2394 975 2579 1039 γνῶναι
2605 971 2829 1044 ἀκριϐῶς
2860 971 2943 1025 ἐὰν
2987 971 3071 1027 τόν
3092 979 3274 1046 χοῖρον
3303 980 3327 1008 ⁸
3350 969 3484 1042 όφεί·

1885 1066 1958 1115 λει
1976 1066 2050 1133 τῷ
2077 1062 2349 1137 ἀκαθάρτῳ
2376 1064 2630 1134 πνεύματι
2654 1062 3002 1139 δωρήσασθαι.

1956 1164 2121 1211 ΓΡΗΓ.
2150 1162 2246 1210 Τοῦ
2274 1158 2607 1230 προκειμένου
2648 1158 2856 1219 κανόνος
2884 1165 2977 1218 τῆς
3006 1157 3258 1235 ἡμετέρας
3295 1152 3485 1229 διαγω-

1886 1259 1982 1323 γῆς
2020 1260 2112 1311 τῆς
2154 1250 2385 1312 ἀληθείας
2409 1258 2636 1327 Χριστοῦ
2682 1253 2781 1307 εἰσι
2827 1254 2893 1309 τά
2921 1249 3296 1324 ὑποδείγματα.
3326 1248 3485 1306 Ὀταν

1888 1346 1990 1419 γὰρ
2018 1343 2044 1399 ό
2066 1344 2330 1421 λυτρωτὴς
2350 1346 2488 1414 ἡμῶν
2509 1345 2631 1405 Θεὸς
2651 1344 2737 1401 τόν
2754 1345 2968 1419 λεγεῶνα
2998 1346 3102 1401 ἀπὸ
3129 1350 3224 1401 τοῦ
3245 1346 3487 1416 πάσχον-

1890 1455 1980 1495 τος
2006 1437 2273 1508 ἀνθρώπου
2304 1436 2527 1502 ἐξέϐαλε,
2558 1437 2876 1512 παρεκάλουν
2907 1438 3055 1494 αὑτὸν
3096 1439 3165 1499 τά
3194 1440 3486 1509 πνεύματα,

1888 1525 2128 1601 λέγονταο
2158 1527 2272 1584 Ἐἀν
2301 1530 2515 1604 ἐκϐάλῃς
2555 1534 2713 1602 ἡμᾶς,
2757 1530 3070 1607 ἐπίστρεψον
3120 1533 3241 1603 ἡμῖν
3285 1533 3358 1592 είς
3398 1536 3489 1591 τήν

1892 1620 2070 1695 ἀγέλην
2095 1627 2196 1677 τῶν
2222 1624 2418 1697 χοίρων
2447 1623 2701 1678 εἰσελθεῖν.
2725 1623 2820 1678 Τόν
2843 1620 3109 1698 ἄνθρωπον
3143 1617 3232 1678 οὖν
3280 1628 3490 1700 καθαρί-

1896 1734 2015 1779 σας,
2046 1716 2428 1791 παρεχώρησεν
2455 1717 2633 1777 αὐτοῖς
2843 1719 2917 1777 εἰς
2936 1717 3062 1777 τοὺς
3083 1718 3303 1791 χοίρους
3331 1716 3489 1771 εἰσελ-

1894 1806 2021 1870 θεῖν,
2050 1809 2134 1863 καί
2155 1806 2374 1870 τούτους
2403 1809 2451 1863 tiu
2483 1817 2547 1884 τῇ
2582 1809 2813 1881 θαλάσσῃ
2846 1812 3239 1866 καταποντίσαι.
3268 1806 3414 1865 Ὀθεν
3442 1810 3492 1864 ἐκ

1891 1902 2081 1955 τούτου
2112 1899 2390 1966 δείκνυται,
2440 1898 2521 1956 ὅτι
2546 1895 2665 1956 ἄνευ
2695 1908 3134 1979 παραχωρήσεως
3175 1908 3267 1959 τοῦ
3303 1923 3490 1958 παντο-

1896 1988 2121 2063 δυνάμου
2175 1998 2305 2048 Θεοῦ
2352 1992 2588 2066 οὐδεμίαν
2638 1995 2874 2060 ἐξουσίαν
2917 1996 2975 2052 τὸ
3022 1997 3239 2071 πονηρόν
3293 2000 3493 2065 πνεῦμα

195 2087 426 2143 adversa
453 2087 631 2141 omnia
677 2084 1035 2156 subjiciuntur
1075 2083 1235 2139 invita
1259 2128 1272 2151 ,
1325 2091 1386 2138 ut
1413 2088 1560 2137 tanto
1588 2080 1790 2136 nostris

1906 2088 2025 2142 ιατά
2045 2091 2139 2141 τοῦ
2167 2086 2433 2162 ἀνθρώπου
2460 2085 2492 2141 ἔ
2494 2107 2602 2158 χει,
2635 2084 2827 2144 ὁπόταν
2853 2086 2967 2144 οὑδέ
2990 2089 3122 2143 κατά
3145 2091 3338 2163 χοίρων
3360 2087 3492 2151 ἐξουι

194 2180 449 2236 hostibus
483 2181 811 2250 potentiores
836 2180 1027 2250 simus,
1058 2187 1260 2250 quanto
1285 2192 1408 2234 eum
1438 2183 1655 2232 auctore
1672 2189 1788 2231 om-

192 2274 347 2329 nium
388 2288 551 2328 unum
583 2271 848 2329 efﬁcimur
883 2287 979 2343 per
1009 2271 1388 2328 humilitatem.
1438 2268 1580 2337 Quid
1607 2275 1787 2324 autem

193 2369 419 2434 mirum,
446 2369 491 2424 si
522 2368 678 2423 electi
716 2370 914 2440 quique
945 2369 1000 2424 in
1032 2382 1196 2425 carne
1223 2365 1381 2437 positi
1414 2364 1585 2423 multa
1614 2364 1791 2421 facere

194 2461 521 2518 mirabiliter
541 2471 787 2531 possunt,
811 2477 1036 2534 quorum
1062 2463 1177 2533 ipsa
1196 2475 1410 2532 quoque
1435 2473 1557 2516 ossa
1580 2464 1790 2514 mortua

191 2554 516 2622 plerumque
548 2555 601 2610 in
632 2556 814 2611 multis
848 2553 1118 2611 miraculis
1139 2553 1360 2610 vivunt?

1893 2180 2009 2235 σίαν
2059 2177 2245 2251 ἔσχεν,
2307 2177 2424 2235 ἄνευ
2473 2180 2926 2256 παραχωρῆσεως.
2956 2178 3102 2236 Ὀθεν
3128 2180 3301 2236 λοιπόν
3345 2180 3496 2252 ἀνοιγ-

1895 2273 2035 2329 καῖόν
2061 2274 2202 2330 ἐστιν
2245 2275 2383 2346 ἡμᾶς
2427 2275 2601 2346 ἐκείνῳ
2629 2276 2964 2350 ὑποταγῆναι,
3018 2273 3059 2349 ᾦ
3104 2295 3201 2331 τινι
3239 2275 3495 2331 πάντατά

1895 2368 2095 2425 ἐναντία
2123 2372 2211 2425 καί
2233 2374 2303 2441 μὴ
2332 2368 2616 2443 βουλόμενα
2642 2368 2663 2410 ί
2694 2371 3099 2428 ὑποτάσσονται.
3126 2367 3284 2426 Ὠστε
3312 2373 3495 2426 τοσοῦ-

1897 2480 1985 2515 τον
2011 2466 2112 2517 τῶν
2136 2460 2389 2532 πολεμίων
2410 2463 2549 2536 ἡμῶν
2577 2463 2914 2540 δυνατώτεροι
2941 2464 3182 2537 ἐσόμεθα,
3213 2460 3338 2519 ὅσον
3360 2469 3384 2508 Β
3409 2481 3496 2533 μευ

1898 2554 1965 2608 τά
1993 2555 2084 2606 τοῦ
2124 2554 2328 2609 πάντων
2354 2555 2597 2630 ἀρχηγοῦ
2638 2555 2688 2610 ἓν
2728 2556 2961 2631 γινόμεθα
3009 2554 3095 2618 διὰ
3139 2564 3232 2617 τῆς
3268 2573 3496 2611 ταπεινο-

188 2651 474 2725 ,poa't'rmg.
493 2652 553 2705 Ti
582 2645 669 2706 οὖν
694 2652 1012 2721 θαυμαστόν,
1045 2650 1129 2705 ἐάν
1154 2648 1202 2703 οἱ
1227 2648 1450 2704 ἐκλεκτοί
1475 2644 1506 2701 ἕ
1507 2668 1555 2701 τι
1587 2645 1638 2701 ἐν
1664 2646 1828 2721 ταύτῃ
1943 2646 2098 2721 σαρκί
2121 2646 2401 2719 περιόντες,
2432 2647 2595 2705 πολλά
2621 2650 2877 2723 θαυμάσια
2894 2656 3059 2707 ποιεῖν
3071 2647 3497 2714 δύνανται,ὃπότ·

192 2764 255 2800 αν
283 2750 434 2798 τινῶν
457 2746 540 2800 καὶ
567 2745 723 2820 νεκρά
758 2746 825 2800 τά
867 2744 1002 2800 ὁστᾶ
1044 2745 1094 2798 ἐν
1125 2742 1281 2819 πολλῇ
1315 2739 1529 2813 δυνάμει
1553 2738 1833 2814 θαυμάτων
1860 2745 2042 2809 Citam;

772 2836 1000 2892 CAPUT
1043 2835 1205 2893 XXII.

192 2930 271 2988 De
316 2932 609 3003 presbytero
649 2931 926 3003 provincia:
970 2927 1217 3000 Valeria,
1256 2931 1357 3003 qui
1383 2931 1549 3001 furem
1597 2929 1665 2983 ad
1713 2942 1793 2983 se-

688 3001 925 3069 pulcrum
953 3017 1104 3056 suum
1126 3002 1307 3056 tenuit.

266 3094 333 3149 In
380 3094 590 3149 Valeria
638 3108 864 3164 namque
919 3092 1191 3163 provincia
1233 3107 1321 3148 res
1362 3094 1446 3149 est
1490 3092 1605 3147 haec
1639 3103 1791 3163 gesta

197 3201 375 3259 quam
420 3203 598 3254 narro,
645 3189 883 3260 mihique
920 3189 1093 3243 beata:
1128 3188 1401 3244 memoriae
1440 3187 1651 3243 abbatis
1688 3186 1792 3241 mei

190 3279 544 3336 Valentionis
591 3281 849 3338 relatione
902 3281 1139 3352 cognita.
1192 3279 1272 3335 Ibi
1320 3281 1518 3336 etenim
1574 3278 1792 3349 quidam

193 3373 527 3431 venerabilis
574 3376 825 3431 sacerdos
884 3386 1035 3441 erat,
1064 3376 1155 3447 qui
1210 3389 1331 3430 cum
1388 3374 1600 3430 clericis
1649 3374 1792 3439 suis,

196 3467 294 3525 Dei
328 3469 570 3525 laudibus
594 3470 856 3541 bonisque
886 3471 1414 3543 cperibusintentus,
1438 3478 1636 3525 sanctae
1667 3484 1796 3525 con-

194 3562 525 3617 versationis
552 3562 713 3616 vitam
754 3562 1005 3617 ducebat.
1034 3563 1464 3633 Superveniente
1493 3571 1673 3617 autem
1701 3576 1797 3615 vo-

2505 2844 2738 2899 ΚΕΦΔΛ.
2776 2842 2895 2900 KB'.

1898 2940 2017 3013 Περι
2045 2941 2137 2991 τοῦ
2168 2936 2524 3018 πρεσϐυτέρου
2552 2944 2662 3018 τοῦ.
2685 2938 2920 3018 ἀοράτως
2955 2940 3044 2995 τόν
3074 2938 3289 3018 κλέπτην
3314 2943 3496 3018 κρατή·

2032 3010 2218 3070 σαντος
2246 3010 2373 3082 μετὰ
2401 3010 2615 3069 θάνατον
2641 3010 2689 3063 ἐν
2804 3013 2958 3087 χώρᾳ
2986 3019 3079 3072 τῆς
3110 3010 3367 3087 Βαλερίαξ.

1973 3100 2051 3155 Ἐν
2074 3109 2137 3177 τῇ
2168 3104 2322 3177 χώρα
2349 3111 2441 3162 τῆς
2478 3103 2721 3176 Βαλερίας
2750 3108 2971 3179 πρᾶγμα
3009 3104 3227 3177 γέγονεν,
3260 3102 3385 3178 ὅπερ
3419 3123 3498 3174 μοι

1900 3195 2187 3255 Βαλεντῖνος
2215 3194 2240 3249 ὅ
2276 3197 2323 3249 ἐν
2367 3201 2595 3273 μακαρίᾳ
2629 3206 2690 3271 τῇ
2722 3201 2890 3271 μνήμη
2929 3198 3203 3268 ἡγούμενός
3233 3218 3357 3266 μου,
3395 3198 3499 3259 ἑξη-

1901 3288 2189 3358 γησάμενος
2234 3287 2520 3362 ἐγνώρισεν.
2569 3287 2703 3342 ’Βκεῖ
2728 3291 2890 3343 τοίνυν
2929 3287 3304 3349 εὑλαϐἐστατος
3338 3288 3500 3363 ἱερεύς

1902 3398 1983 3441 τις
2011 3378 2275 3454 ὑπῆρχεν,
2314 3377 2461 3439 ὅστις
2499 3381 2630 3451 μετά
2663 3387 2763 3435 τῶν
2791 3380 3034 3448 κληρικῶν
3062 3381 3219 3435 αὑτοῦ
3251 3382 3301 3435 ἐν
3327 3388 3390 3456 τῇ
3412 3388 3502 3436 τοῦ

1904 3480 2029 3528 Θεοῦ
2059 3475 2265 3537 αἰνέσει,
2296 3471 2464 3548 ἔργοις
2485 3494 2538 3528 τε
2570 3474 2780 3546 ἀγαθοῖς
2813 3477 2896 3529 καί
2923 3472 3045 3546 ἀγίᾳ
3081 3476 3373 3550 ἀναστροφῇ
3396 3477 3502 3533 ἐπι·

1905 3566 2087 3638 μένων,
2114 3570 2203 3624 τήν
2234 3570 2364 3629 ζωὴν
2388 3562 2416 3600 ιι
2446 3565 2686 3621 ἐτέλεσεν.
2708 3566 3041 3628 Ἐπελθοὺσης
3074 3563 3160 3621 οὖν
3189 3576 3280 3628 τῆς
3315 3570 3502 3642 ἡμέρας

195 3656 427 3711 cationis
448 3671 559 3712 sua:
585 3658 671 3714 die
700 3656 985 3714 defunctus
1024 3667 1140 3725 est,
1169 3668 1332 3730 atque
1353 3669 1481 3714 ante
1508 3658 1793 3714 ecclesiam

1906 3669 1998 3721 τῆς
2024 3660 2243 3721 κλήσεως
2272 3662 2445 3726 αὑτοῦ,
2482 3662 2625 3723 τέλος
2644 3668 2731 3717 τοῦ
2764 3662 2878 3733 βίου
2909 3660 3191 3733 δεξάμενος,
3222 3660 3503 3737 ἔαπροσθεν

196 3750 462 3818 sepultus.
520 3749 709 3805 Eidem
754 3766 882 3807 vero
936 3751 1184 3809 ecclesiae
1228 3752 1398 3808 caulae
1452 3748 1798 3805 inhaerebant

198 3844 420 3913 ovium,
450 3853 609 3916 atque
637 3845 778 3901 idem
831 3845 984 3902 locus
1023 3845 1078 3901 in
1106 3860 1214 3915 quo
1268 3845 1513 3915 sepultus
1569 3851 1653 3899 est
1680 3842 1705 3881 δ
1729 3845 1797 3899 ad

202 3934 427 3989 easdem
457 3951 588 3991 oves
623 3936 964 3992 tendentibus
997 3937 1213 4007 pervius
1249 3945 1386 3992 erat.
1429 3935 1667 4002 Quadam
1702 3949 1796 3989 au-

198 4033 318 4082 tem
352 4035 507 4082 nocte
535 4044 675 4094 cum,
700 4029 913 4084 clericis
945 4028 1089 4084 intra
1119 4029 1399 4085 ecclesiam
1415 4028 1794 4100 psallentibus,

197 4118 297 4174 [ur
330 4119 579 4185 venisset,
610 4130 668 4175 ut
698 4121 974 4193 ingressus
989 4122 1385 4177 canlaslurtum
1419 4120 1637 4187 faceret,
1674 4135 1798 4175 ver—

100 4204 101 4207 “
196 4224 396 4268 vecem
448 4212 595 4279 tulit,
631 4222 684 4270 et
706 4214 953 4270 cencitus
985 4216 1133 4271 exiit.
1167 4216 1301 4270 Cum
1337 4229 1466 4270 vero
1519 4214 1802 4284 pervenis-

195 4315 287 4363 set
310 4306 378 4361 ad
402 4307 580 4363 locum
621 4309 711 4365 ubi
747 4309 833 4377 vir
854 4310 1068 4365 Domini
1125 4309 1371 4380 sepultus
1396 4316 1547 4377 erat,
1574 4314 1801 4379 repente

197 4397 460 4467 haesit,et
487 4414 729 4472 gressum
761 4416 975 4458 movere
998 4417 1104 4457 non
1135 4403 1330 4473 potuit.
1358 4402 1652 4457 Vervecem
1682 4400 1803 4471 qui-

196 4491 326 4548 dem
358 4491 427 4547 de
449 4494 595 4549 collo
615 4491 889 4564 deposuit,
915 4509 1146 4565 eumque
1177 4494 1447 4549 dimittere
1478 4492 1663 4559 voluit,
1703 4492 1798 4547 sed

197 4600 425 4641 manum
454 4586 641 4642 laxare
678 4602 783 4642 non
829 4585 1018 4641 valuit.
1053 4585 1229 4657 Coepit
1257 4586 1421 4655 igitur
1462 4594 1605 4639 stare
1637 4586 1801 4639 miser

199 4691 329 4734 cum
358 4678 535 4748 praeda
564 4694 657 4733 sua
681 4695 807 4735 reus
846 4689 901 4736 et
933 4680 1146 4751 ligatus.
1171 4678 1407 4735 Volebat
1450 4689 1471 4717 ε
1510 4692 1797 4733 vervecem

201 4777 509 4847 dimittere,
542 4791 642 4833 nec
668 4778 912 4843 valebat;
944 4777 1353 4847 volebategredi
1381 4791 1502 4832 cum
1539 4790 1797 4843 vervece,

201 4886 311 4929 nec
336 4878 567 4941 poterat.
592 4870 727 4927 Miro
758 4871 938 4941 itaque
962 4871 1123 4927 modo
1146 4870 1231 4926 l‘ur
1256 4912 1272 4939 ,
1296 4870 1437 4941 quia
1458 4870 1597 4927 vivis
1628 4870 1800 4926 videri

200 4964 480 5031 timuerat,
518 4969 659 5020 hunc
680 4974 923 5021 mortuus
948 4965 1189 5021 tenebat.
1212 4965 1454 5035 Cumque
1483 4965 1552 5020 ita
1582 4980 1803 5037 gressus

1902 3762 1997 3815 τῆς
2022 3754 2288 3815 ἐκκλησίας
2332 3755 2507 3827 ἐτάφη.
2541 3754 2599 3810 Δί
2640 3753 2695 3809 δὲ
2738 3762 2838 3809 τῶν
2877 3756 3150 3826 προϐάτων
3180 3750 3402 3829 μάνδραι

1903 3847 2030 3920 αὑτῇ
2058 3847 2295 3921 ἐκκλησία
2329 3850 2781 3924 προσεγγίζουσιν.
2816 3855 2874 3900 '0
2907 3846 2961 3903 δὲ
2986 3848 3141 3911 τόπος
3169 3851 3219 3903 ἐν
3248 3846 3287 3922 ᾦ
3323 3850 3503 3920 ἐτάφη,

1903 3948 2012 4003 τοῖς
2038 3943 2113 4002 είς
2134 3942 2198 3997 τά
2221 3942 2462 4018 πρόϐατα
2488 3943 2871 4017 ἀπερχομένοις
2896 3940 3121 4018 πάροδος
3142 3942 3402 4018 ὑπῆρχεν.
3431 3941 3506 3997 Ἐν

1904 4041 1997 4107 μιᾷ
2023 4034 2076 4090 δέ
2102 4037 2246 4090 νυκτί
2279 4043 2379 4090 τῶν
2418 4035 2661 4111 κληρικῶν
2695 4032 2838 4089 ἔνδον
2864 4044 2956 4096 τῆς
2982 4034 3251 4095 ἐκκλησίας
3292 4034 3505 4105 ψαλλόν-

1904 4150 2026 4195 των,
2072 4128 2287 4189 κλέπτης
2328 4129 2401 4189 είς
2447 4129 2511 4183 τά
2549 4128 2789 4200 πρόϐατα
2816 4125 2973 4187 ἦλθεν.
3022 4127 3263 4183 Εἰσελθὼν
3302 4123 3389 4182 οὖν
3435 4130 3505 4189 εἰς

1894 4226 1994 4293 ,τήν
2014 4220 2264 4295 μάνδραν,
2293 4222 2378 4276 καί
2406 4220 2542 4295 κριόν
2562 4218 2714 4294 ἄρας,
2744 4221 2934 4290 τάχιον
2962 4221 3149 4284 ἐξῆλθε.
3172 4221 3309 4273 Κατὰ
3335 4218 3389 4274 δέ
3418 4221 3506 4275 τόν
3548 4272 3559 4283 ,

1905 4313 2059 4370 τόπον
2087 4314 2259 4378 ἐλθὼν,
2290 4313 2343 4366 ἐν
2436 4316 2540 4366 τοῦ,
2557 4318 2688 4367 Θεοῦ
2712 4308 2977 4387 ἅνθρωπος
2999 4311 3306 4382 τεθαμμένος
3332 4311 3503 4387 ὑπῆρ-

1908 4427 2026 4479 χεν,
2059 4405 2231 4480 αἴφνης
2259 4405 2305 4460 οἱ
2338 4403 2356 4442 ί
2390 4402 2544 4466 πόδες
2574 4405 2735 4459 αὑτοῦ
2772 4405 2822 4457 ἐν
2845 4412 2908 4476 τῇ
2944 4411 3008 4479 γῇ
3037 4402 3385 4466 ἐκολλήθησαν,
3424 4404 3506 4454 καί

1907 4500 1963 4553 in
1995 4504 2085 4553 τοῦ
2120 4498 2280 4553 τόπου
2324 4499 2577 4557 κινηθῆναι
2620 4498 2712 4552 οὑκ
2753 4494 2993 4557 ἠδύνατο.
3024 4497 3116 4551 Τόν
3156 4491 3242 4549 οὖν
3285 4494 3425 4569 κριόν
3456 4500 3504 4548 ἐκ

1904 4598 1999 4647 τοῦ
2039 4590 2179 4648 ὤμου
2212 4595 2482 4664 κατήγαγε,
2514 4591 2663 4645 θέλων
2689 4591 2838 4646 αὑτὸν
2868 4591 3038 4652 ἒάσαι,
3077 4588 3200 4645 ἀλλά
3226 4592 3315 4645 τὴν
3345 4593 3504 4657 χεῖρα

1909 4691 2185 4756 χαυνῶσαι
2231 4683 2318 4737 οὑκ
2358 4680 2605 4753 ἴσχυσεν.
2634 4680 2840 4738 Ἵστατο
2867 4676 2955 4736 οὖν
2993 4678 3251 4751 δεδεμένος
3285 4678 3504 4751 ἀορασία

1907 4774 2133 4837 ἐλεεινὸς,
2165 4776 2247 4828 καὶ
2278 4774 2711 4848 κατῃσχυμμένος
2745 4771 2876 4844 μετὰ
2908 4776 3001 4825 τοῦ
3029 4767 3288 4841 δράματος
3315 4766 3501 4820 αὑτοῦ.

1907 4864 2104 4923 ’Ἦθελεν
2125 4867 2211 4923 τόν
2236 4867 2372 4944 κριὸν
2398 4869 2573 4932 ἐάσαι,
2604 4868 2688 4921 καί
2723 4866 2815 4921 οὑκ
2839 4861 3079 4923 ἠδύνατο,
3111 4858 3274 4916 ἤθελεν
3301 4859 3503 4937 ἐξελθεῖν

1910 4961 2007 5014 σὺν
2030 4966 2102 5033 τῷ
2134 4966 2278 5034 κριῷ,
2320 4961 2404 5013 καὶ
2431 4958 2616 5030 ὁμοίως
2642 4956 2728 5009 οὑκ
2764 4953 2972 5023 ἴσχυεν.
3013 4956 3308 5023 Θαυμαστῷ
3338 4952 3504 5005 τοίνυν

198 5070 505 5126 manusque
521 5057 662 5113 illius
672 5056 903 5114 fuissent
922 5058 1203 5123 obstricta,
1221 5056 1511 5112 immobilis
1543 5058 1791 5127 perstitit.

1907 5050 2080 5127 τρόπῳ
2122 5049 2390 5109 όκλέπτης
2429 5047 2629 5122 όπαρά
2667 5052 2766 5100 τῶν
2795 5046 2991 5110 ζώντων
3035 5043 3048 5092 i
3090 5043 3395 5119 θεωρηθῆναι
3436 5048 3504 5110 μὴ

194 5147 375 5204 Facto
402 5156 579 5206 autem
609 5164 766 5206 mane
796 5149 1136 5220 expletisque
1174 5147 1426 5204 laudibus
1470 5149 1669 5217 Dei,ab
1700 5149 1797 5203 Ec-

194 5240 379 5296 clesia
406 5243 606 5313 egressi
639 5253 765 5298 sunt
785 5242 989 5311 clerici,
1020 5250 1075 5297 et
1103 5242 1425 5299 invenerunt
1446 5242 1681 5313 ignotum
1706 5242 1805 5298 ho-

190 5334 412 5389 minem
441 5348 721 5392 vervecem
748 5340 1020 5392 tenentem
1056 5347 1243 5390 manu.
1297 5333 1404 5391 Res
1445 5334 1592 5390 venit
1617 5334 1672 5390 in
1700 5333 1802 5389 du-

276 5484 311 5513 ⁸
339 5472 557 5543 Pratel.,
588 5477 741 5529 subdi
776 5486 824 5532 et
845 5478 1075 5549 adversa:
1095 5478 1269 5534 omnia
1299 5476 1619 5552 subjicienda
1651 5491 1794 5530 com-

192 5549 432 5611 mittere,
460 5553 514 5599 ut
540 5555 699 5611 tanta,
730 5552 835 5602 etc.

274 5618 308 5657 1³
356 5618 569 5675 Primus
606 5616 772 5684 Aud.,
816 5618 969 5688 Lyr.,
1013 5616 1131 5686 Big.
1181 5625 1239 5672 et
1269 5619 1453 5683 Becc.,
1490 5621 1556 5671 ad
1592 5619 1801 5671 easdem

190 5708 330 5751 oues
361 5690 602 5744 custodite
624 5689 1017 5759 mancipandas,
1058 5692 1259 5759 pervius
1283 5698 1412 5742 erat.

279 5775 305 5801 ε
345 5763 578 5828 ϐοτηειη
606 5760 882 5825 berbicem;
910 5761 1051 5814 unde
1070 5774 1174 5815 vox
1204 5759 1344 5816 Gali.
1368 5760 1551 5814 brabit.

277 5832 308 5872 δ
344 5833 438 5888 MS.
454 5874 467 5896 ,
486 5834 614 5909 κατά
636 5835 917 5909 συγκυρίαν
947 5828 1031 5909 οὑν
1055 5841 1234 5909 χοῖρος
1256 5834 1432 5906 μικρὸς
1456 5832 1665 5893 πλησίον
1689 5832 1803 5888 ἐϐό-

194 5927 388 5965 σκετο.
423 5917 473 5961 'll
493 5904 548 5961 δί
574 5904 821 5980 ἱερωτάτη
847 5904 1089 5981 παρθένος
1112 5904 1289 5966 ἐκείνη.

1902 5147 2221 5218 βουλόμενος,
2262 5143 2411 5205 οὗτος
2449 5144 2594 5217 παρά
2632 5146 2804 5215 νεκροῦ
2847 5140 3079 5217 ἀοράτως
3112 5140 3392 5215 ἐκρατεῖτο.
3424 5135 3503 5192 'L’

1902 5244 1976 5308 τῷ
2002 5233 2094 5292 οὖν
2122 5236 2363 5309 διαμένειν
2387 5236 2446 5290 τὸ
2476 5234 2619 5305 βῆμα
2654 5234 2810 5288 αὑτοῦ
2852 5234 2939 5287 καὶ
2966 5236 3057 5293 τήν
3094 5238 3253 5305 χεῖρα
3286 5231 3501 5287 ἀσάλευ-

1906 5351 2013 5396 τον,
2042 5332 2309 5404 γενομένης
2338 5329 2561 5407 πρωίας,
2598 5334 2699 5384 τῶν
2735 5332 2826 5384 τοῦ
2856 5333 2987 5384 Θεοῦ
3014 5327 3184 5399 ὕμνων
3223 5326 3501 5402 πληρωθίνς

1983 5483 2006 5510 ⁸
2052 5473 2173 5536 MS”
2204 5470 2388 5543 ὀφείλῃ.

1984 5543 2004 5582 ί
2048 5546 2147 5615 Μεξ.
2159 5584 2173 5609 ,
2202 5541 2575 5615 uirores-gitur.

1982 5624 2009 5688 β
2050 5609 2171 5688 Ms"
2202 5615 2331 5688 μετά
2355 5609 2443 5668 τοὺ
2483 5612 2870 5688 παντοδυνάμου
2902 5616 2987 5669 καί
3017 5612 3217 5668 πάντων
3240 5611 3498 5688 ἀρχηγοῦ.

1982 5685 2011 5722 1‘
2050 5687 2170 5755 Ms.,
2201 5685 2541 5743 ἐτελεύτησεν.

1990 5766 2005 5793 ¹
2050 5752 2176 5826 M5,,
2222 5755 2373 5817 πόδες
2403 5760 2558 5813 αὐτοῦ
2606 5759 2963 5820 ἐκολλήθησαν,
3009 5755 3087 5809 καί
3115 5755 3167 5808 ἐκ
3204 5758 3297 5807 τοῦ
3343 5752 3497 5811 τόπου

1909 5830 2143 5899 ἐξελθεῖν.

1987 5901 2003 5955 Ι
2054 5903 2176 5968 M8.,
2208 5894 2499 5979 θεωρεῖσθαι
2535 5901 2860 5974 φοϐούμενος.
