3998 6356
491 239 599 303 279

1102 364 1304 415 ΚΕΦΔΔ
1314 399 1328 415 .
1364 360 1481 413 κε’.

491 454 610 529 Περί
638 446 926 507 ’Δϐουνδίὸυ
961 454 1347 542 παραμογαρίου
1384 461 1476 513 τῆς
1506 451 1667 511 αὐτῆς
1695 449 1959 509 ἐκκλησίας
1985 452 2077 505 τοῦ

1096 526 1241 594 ἁγίου
1274 526 1480 598 Πέτρου.

563 620 898 670 ΓΡΗΓΟΡΙΟΣ.
938 612 1151 692 Ἐτερὸς
1183 638 1262 678 τις
1294 617 1451 689 φύλαξ
1493 622 1587 677 τῆς
1612 616 1765 675 αὐτῆς
1801 612 2081 682 ὶκκλησίὰς,

489 709 552 769 ού
580 708 683 784 πρὸ
712 707 906 763 πολλῶν
935 709 1160 783 χρόνων,
1193 712 1351 771 καθὼς
1388 708 1431 762 οἱ
1475 708 1770 784 πρεσϐύται
1805 708 1943 779 ἡμῶν
1972 704 2083 766 διη-

488 805 718 874 γοῦνται,
748 796 1033 861 ’Δϐούνδιος
1063 799 1289 869 ὀνόματι,
1322 800 1372 853 ἂν
1406 800 1622 873 μεγίστη
1650 798 2083 874 ταπεινοφροσύνῃ

489 892 725 964 ὑπῆρχε,
759 897 958 951 πιστῶς
984 898 1057 960 τῷ
1096 888 1470 962 παντοδυνάμῳ
1498 898 1607 962 Θεῷ
1643 889 1913 946 δουλεύων.
1940 888 2085 945 Ὀθεν

489 983 515 1035 ὁ
548 980 703 1042 αὐτὸς
727 984 974 1061 μακάριος
994 985 1176 1055 Πέτρος
1199 982 1225 1037 ὁ
1251 982 1582 1049 ’Δπὸστολος,
1609 987 1837 1055 σημείοις
1862 981 2083 1048 ἐπέδειξε

488 1079 635 1132 ποίαν
664 1076 971 1155 προσδοκίαν
1018 1082 1043 1111 ⁸
1075 1078 1148 1136 εἰς
1177 1075 1329 1131 αὐτὸν
1371 1074 1556 1147 ὤφελον
1596 1074 1627 1131 ἕ
1629 1096 1744 1147 χειν
1787 1076 1833 1130 οί
1864 1077 2085 1149 γνησίως

489 1168 627 1240 αὐτῷ
656 1165 991 1226 δουλεύοντες.
1024 1164 1153 1239 Κόρη
1200 1166 1301 1240 γάρ
1347 1185 1426 1226 τις
1468 1165 1792 1240 παραλυτική
1832 1174 1894 1242 τῇ
1932 1168 2086 1222 αὐτοῦ

492 1256 725 1333 ἐκκλησίᾳ
752 1257 1146 1333 παραμένουσα,
1174 1264 1289 1319 ταῖς
1319 1260 1507 1329 χερσίν
1530 1258 1783 1333 ἕρπουσα,
1811 1258 2087 1330 λελυμένων

490 1359 593 1408 τῶν
623 1358 812 1428 νεφρῶν
839 1349 997 1412 αὐτῆς
1045 1346 1223 1417 ὅντων,
1264 1349 1323 1405 τὸ
1360 1356 1513 1423 σῶμα
1549 1351 1634 1407 ἐπί
1672 1356 1760 1411 τῆς
1787 1359 1880 1423 γῆς
1909 1348 2083 1426 ἔσυρε.

488 1444 723 1503 Πολλάκις
764 1441 820 1497 δὲ
847 1450 921 1513 τῷ
966 1443 1195 1516 μακαρίῳ
1240 1444 1411 1519 Πέτρῳ
1435 1450 1522 1514 ,τῷ
1562 1439 1851 1511 ’Δποστόλῳ
1890 1441 2085 1508 ἐδεήθη,

487 1534 625 1597 ὅπως
664 1537 841 1608 ὑγείας
868 1536 1070 1610 ἀξιωθῇ.
1105 1534 1184 1589 Ἐν
1211 1540 1303 1607 μιᾷ
1338 1532 1391 1589 δὲ
1415 1537 1559 1591 νυκτί
1595 1536 1829 1607 παρέστη
1860 1538 1991 1610 αὐτῇ
2021 1533 2087 1590 δι’

489 1632 767 1695 ὀπτασίας,
815 1630 899 1684 καὶ
931 1622 1089 1683 εἶπεν·
1122 1624 1333 1682 Ι’Δπελθε
1356 1628 1483 1699 πρὸς
1524 1626 1811 1684 ’Δϐούνδιον
1838 1628 1923 1684 τὸν
1960 1649 2087 1699 μαν-

486 1722 785 1795 σιωνάριον,
830 1723 913 1774 καί
956 1719 1314 1795 παρακάλεσον
1351 1720 1529 1784 αὐτὸν,
1568 1723 1654 1775 καί
1683 1722 1840 1780 αὐτὸς
1884 1740 1966 1775 σοι
1994 1724 2086 1781 την

487 1820 658 1891 ὑγείαν
705 1819 951 1893 παρέχει.
984 1822 1072 1878 Τίς
1111 1816 1165 1872 δὲ
1212 1814 1270 1876 ἦν
1308 1814 1629 1883 ’Λϐούνδιος,
1678 1816 1835 1875 ἐκείνη
1864 1817 1947 1869 οὐκ
1984 1816 2088 1888 ἐγί-

490 1931 671 1964 νωσκε.
698 1896 1035 1985 Πληροφορίαν
1066 1907 1119 1962 δὲ
1149 1909 1201 1961 ἐκ
1228 1916 1316 1968 τῆς
1345 1909 1601 1967 ὀπτασίας
1629 1904 1894 1977 δεξαμένη,

490 2002 674 2073 ἤρξατο
703 1999 795 2056 ὧδε
825 2002 1023 2055 κάκεῖσε
1063 2000 1112 2053 ἐν
1143 2006 1205 2075 τῇ
1238 1999 1476 2073 ἐκκλησία
1507 1999 1763 2075 συρομένη
1791 1998 2084 2055 ’Δϐούνδιον

490 2095 766 2156 ἐπιζητεῖν,
798 2092 883 2147 ἵνα
908 2093 987 2150 τίς
1010 2092 1149 2146 ἐστιν
1178 2091 1387 2163 ἐπιγνῷ.
1418 2089 1598 2162 Λῖφνης
1619 2085 1706 2144 οὖν
1732 2091 1781 2144 ἐν
1801 2090 2086 2150 ὑπαντήσει

491 2186 647 2245 αὐτῆς
675 2188 871 2257 γέγονεν
901 2182 954 2239 ὃν
981 2186 1166 2251 ἐζήτει,
1195 2186 1325 2260 πρὸς
1347 2180 1399 2237 ὃν
1427 2185 1510 2237 καί
1534 2178 1666 2237 εἷπε⁰
1698 2182 1976 2259 Παρακαλῶ
2001 2203 2083 2249 σε,

490 2274 676 2353 πάτερ,
709 2272 869 2340 δεῖξόν
898 2298 985 2347 μοι
1010 2278 1087 2336 τίς
1125 2277 1263 2331 ἐστιν
1291 2273 1575 2336 ’Δϐούνδιος
1601 2272 1628 2330 ὁ
1665 2274 1841 2347 φύλαξ.
1874 2274 2001 2350 Πρὸς
2028 2275 2088 2333 ἢν

490 2370 642 2429 αὐτὸς
674 2369 938 2443 ἀπεκρίθη,
965 2368 1140 2439 λέγων’
1168 2365 1294 2440 Ἐγὼ
1318 2370 1442 2439 εἰμι.
1472 2369 1651 2425 Ἐκείνη
1674 2361 1762 2420 οὖν
1781 2367 1912 2445 πρὸς
1939 2366 2091 2422 αὐτὸν

491 2460 600 2535 ἔφη’
628 2471 683 2513 ’Θ
721 2467 906 2530 ποιμήν
944 2461 1083 2531 ἡμῶν
1128 2463 1211 2515 καί
1236 2463 1451 2536 τροφεὺς
1492 2459 1517 2514 ὁ
1557 2462 1805 2531 μακάριος
1847 2456 2089 2535 Πέτροςὸ

492 2552 795 2612 ’Δπὸστολος
835 2550 966 2626 πρὸς
1000 2571 1057 2605 σε
1088 2551 1350 2607 ἀπέστειλέ
1378 2570 1476 2621 με,
1525 2548 1667 2609 ὅπως
1710 2553 1765 2604 ἐκ
1804 2559 1896 2611 τῆς
1938 2548 2088 2605 νόσου

493 2642 689 2705 ταύτης
715 2644 980 2720 λυτρώσης
1010 2664 1090 2714 με.
1132 2644 1296 2704 Αὐτὸς
1324 2641 1379 2699 δὲ
1415 2642 1545 2720 πρὸς
1573 2643 1731 2701 αὐτην
1773 2636 1931 2697 εἶπεν·
1976 2642 2089 2697 Ἐἀν

494 2734 621 2806 παρ’
650 2737 812 2790 αὑτοῦ
853 2735 1168 2800 ἀπεστάλης,
1219 2736 1432 2791 ἀνάστα.
1482 2736 1572 2789 Καί
1617 2732 1646 2772 ι)
1694 2737 1962 2807 κρατήσας
2002 2738 2092 2792 τήν

497 2834 656 2901 χεῖρα
696 2827 872 2889 αὐτῆς.
903 2828 1096 2886 ταύτην
1137 2829 1187 2883 ἓν
1214 2834 1278 2901 τῇ
1319 2827 1484 2903 ἡλικίᾳ
1515 2828 1675 2888 αὐτῆς
1700 2827 1941 2901 παραυτά
1959 2826 2091 2881 ’ἀνύ-

496 2919 690 2993 ψωσεν.
719 2930 796 2976 Ἐκ
820 2930 913 2983 τῆς
943 2924 1083 2994 ὥρας
1114 2916 1203 2977 οὖν
1241 2922 1451 2990 ἐκείνης,
1497 2921 1632 2977 οὕτω
1670 2923 1839 2977 πάντα
1866 2923 1932 2977 τὰ
1970 2921 2093 2993 μέλη

496 3015 577 3067 καί
605 3016 671 3068 τά
695 3021 849 3090 νεῦρα
877 3017 1036 3076 αὐτῆς
1059 3016 1454 3091 ἐστερεώθησαν,
1486 3016 1618 3071 ὥστε
1649 3021 1856 3085 σημεῖον
1876 3021 1968 3074 τῆς
1996 3035 2093 3069 πα-

495 3104 757 3178 ραλύσεως
784 3109 835 3161 ἐν
861 3108 993 3182 αὐτῇ
1021 3108 1081 3163 τὸ
1125 3106 1334 3162 καθὸλου
1380 3111 1449 3179 μη
1492 3107 1834 3177 ἐναπομεῐναι.
1872 3104 1980 3160 Ἐὰν
2009 3098 2094 3160 οὖν

495 3194 718 3266 ἅπαντα,
766 3196 898 3274 ἅπερ
937 3199 987 3253 ἐν
1025 3206 1087 3274 τῇ
1113 3200 1264 3255 αὐτοῦ
1295 3197 1541 3275 ἐκκλησίᾳ
1564 3199 1806 3271 γενόμενα
1832 3198 2092 3270 θαύματα,

495 3286 530 3345 ἃ
568 3292 651 3346 καί
688 3288 940 3364 ἔγνωμεν,
990 3288 1334 3363 διηγήσασθαι
1378 3292 1699 3363 θελήσωμεν,
1733 3294 1923 3365 ἀνάγκη
1962 3293 2098 3362 ἡμᾶς

1711 235 1954 296 SANCTI
1990 232 2315 295 GREGORII
2354 235 2568 296 MAGNI

2107 353 2162 413 Α
2769 344 2994 406 CAPUT
3032 348 3197 406 XXV.

3642 248 3737 308 280

2184 441 2264 499 De
2335 444 2549 499 Acontio
2615 441 3270 567 mansionurﬁo‘rejusdem
3341 442 3558 503 ecclesia
3625 447 3735 509 beati

2947 528 2973 567 e
3023 529 3061 567 ι.

2947 528 3061 567 ειη.

2257 610 2582 667 ϐιιεςοιιιυε.
2625 607 2779 664 Alius
2800 607 2911 663 illic
2938 621 3046 663 non
3075 616 3199 665 ante
3220 608 3376 681 longa
3402 617 3644 682 tempora,
3671 615 3734 672 si.

2186 708 2278 756 cut
2300 701 2469 757 nostri
2497 699 2739 757 seniores
2769 699 3027 766 referunt,
3075 710 3254 757 custos
3277 702 3514 759 ecclesia
3538 713 3560 741 ο
3580 706 3732 764 Acon-

2189 794 2293 849 tius
2320 793 2493 850 dictus
2514 802 2618 863 est,
2643 808 2850 863 magna;
2880 793 3197 849 humilitatis
3212 803 3368 866 atque
3385 798 3733 869 gravitatis'vir,

2188 885 2262 941 ita
2290 886 2647 956 omnipotenti
2671 886 2781 941 Deo
2810 884 3037 942 ﬁdeliter
3061 887 3321 953 serviens,
3348 898 3407 945 ut
3428 890 3562 947 idem
3580 893 3735 951 beatus

2188 977 2379 1035 Petrus
2433 979 2706 1048 apostolus
2762 978 2927 1049 signis
2979 978 3290 1035 ostenderet
3342 995 3495 1051 quam
3556 984 3616 1039 de
3661 986 3737 1041 illo

2189 1069 2412 1126 haberet
2437 1070 2867 1126 aestimationem.
2898 1070 3028 1126 Nam
3056 1086 3177 1126 cum
3200 1071 3444 1142 quadam
3485 1074 3640 1144 puella
3659 1091 3736 1147 pa-

2190 1163 2431 1235 ralytica,
2452 1165 2503 1218 in
2524 1164 2642 1233 ejus
2656 1163 2893 1219 Ecclesia
2917 1178 3260 1234 permanens,
3284 1165 3523 1221 manibus
3538 1181 3734 1239 reperet,

2190 1266 2244 1313 et
2270 1256 2290 1296 τ
2319 1257 2592 1313 dissolutis
2623 1258 2843 1314 renibus
2896 1272 3089 1329 corpus
3128 1274 3226 1330 per
3275 1268 3469 1315 terram
3513 1262 3734 1329 traheret,

2191 1348 2389 1420 diuque
2418 1349 2484 1405 ab
2511 1349 2700 1405 eodem
2729 1348 2886 1405 beato
2913 1349 3073 1405 Petro
3094 1351 3338 1419 apostolo
3364 1358 3559 1421 peteret
3585 1364 3638 1408 ut
3666 1369 3736 1408 sa-

2190 1442 2306 1498 nari
2328 1451 2647 1510 mereretur,
2680 1450 2838 1496 nocte
2862 1442 3090 1512 quadam
3121 1444 3170 1498 ei
3189 1459 3286 1514 per
3302 1445 3553 1501 visionem
3579 1448 3735 1517 astitit,

2192 1543 2248 1589 et
2275 1533 2411 1589 dixit
2445 1550 2461 1589 :
2491 1532 2641 1588 Vade
2668 1532 2733 1587 ad
2767 1518 3052 1589 Acontium
3105 1536 3539 1602 mansionarium,
3568 1548 3616 1593 et
3636 1553 3740 1610 roga

2191 1626 2365 1692 illum,
2409 1634 2463 1681 et
2503 1625 2617 1695 ipse
2648 1633 2674 1673 ε
2708 1633 2758 1680 te
2787 1626 2943 1680 saluti
2988 1626 3255 1683 restituet.
3306 1626 3537 1699 Cumque
3574 1629 3650 1684 illa
3685 1632 3738 1687 de

2116 1738 2164 1799 Β
2192 1731 2338 1777 tanta
2366 1720 2573 1776 visione
2613 1728 2757 1775 certa
2811 1726 2977 1785 esset,
3026 1718 3119 1774 sed
3167 1719 3289 1789 quis
3332 1729 3476 1775 esset
3522 1722 3740 1778 Acontius

2194 1815 2358 1887 336
2370 1814 2658 1885 ignoraret,
2676 1814 2839 1882 cmpit
2855 1813 2957 1868 huc
2978 1812 3209 1883 illucque
3225 1828 3323 1887 per
3338 1814 3679 1871 ecclesiaeloca
3694 1831 3739 1873 se

2194 1907 2433 1970 trahere,
2468 1914 2524 1959 ut
2554 1903 2671 1975 quis
2700 1912 2842 1960 esset
2869 1903 3128 1958 Acontius
3158 1904 3518 1974 investigaret.
3563 1906 3648 1961 Cui
3674 1922 3741 1962 re-

2191 2004 2351 2067 pente
2373 1996 2489 2065 ipse
2532 1996 2703 2050 lactus
2733 2005 2816 2051 est
2844 1996 3054 2064 obvius,
3096 2010 3259 2066 quem
3290 1998 3573 2067 quaerebat,
3615 1999 3739 2069 eique

2191 2087 2325 2143 dixit
2356 2106 2367 2141 :
2401 2087 2548 2157 Rogo
2574 2096 2648 2154 te,
2674 2086 2853 2155 Pater,
2887 2087 3062 2144 indica
3082 2088 3217 2144 mihi
3246 2091 3364 2160 quis
3408 2099 3491 2147 est
3520 2092 3739 2149 Acontius

2192 2180 2414 2235 custos?
2440 2178 2537 2235 Cui
2569 2178 2662 2233 ille
2692 2178 2967 2249 respondit
2995 2195 3011 2233 :
3037 2178 3151 2249 Ego
3173 2192 3317 2235 sum.
3347 2182 3417 2237 At
3445 2181 3530 2236 illa
3556 2182 3737 2252 inquit:

2193 2269 2388 2326 Pastor
2414 2278 2469 2325 et
2495 2270 2730 2325 nutritor
2759 2278 2945 2326 noster
2964 2271 3152 2327 beatus
3173 2271 3369 2328 Petrus
3407 2275 3657 2344 apostolus
3686 2272 3738 2328 ad

2193 2368 2246 2417 te
2269 2377 2356 2417 me
2375 2362 2543 2425 misit,
2575 2370 2634 2415 ut
2660 2361 2727 2416 ab
2751 2361 3061 2426 inﬁrmitate
3089 2362 3187 2419 ista
3212 2364 3441 2423 liberare
3458 2381 3541 2422 me
3558 2366 3737 2422 debeas."

2191 2451 2289 2509 Cui
2321 2454 2411 2510 ille
2440 2453 2716 2525 respondit
2760 2471 2775 2507 :
2805 2453 2861 2509 Si
2893 2454 2961 2509 ab
3002 2456 3120 2525 ipso
3149 2458 3317 2513 missa
3347 2472 3426 2525 es,
3469 2472 3631 2528 surge.
3655 2458 3742 2513 Ma-

2195 2545 2574 2625 numquevejus
2606 2545 2797 2613 tenuit,
2820 2556 2875 2602 et
2903 2561 3021 2603 eam
3051 2548 3104 2602 in
3142 2558 3343 2606 statum
3369 2565 3515 2606 suum
3538 2550 3741 2621 protinus

2195 2639 2384 2694 erexit.
2415 2638 2612 2709 Sicque
2638 2652 2708 2694 ex
2752 2640 2843 2696 illa
2887 2640 3021 2697 hora
3077 2657 3276 2700 omnes
3320 2647 3376 2701 in
3412 2647 3523 2716 ejus
3556 2658 3742 2715 corpore

2195 2732 2346 2787 nervi
2393 2746 2456 2788 ac
2506 2732 2751 2789 membra
2791 2732 3016 2789 solidata
3057 2744 3202 2802 sunt,
3237 2745 3300 2793 ut
3337 2738 3603 2794 solutionis
3627 2736 3739 2793 illius

2195 2824 2345 2895 signa
2384 2824 2613 2880 ulterius
2638 2825 2784 2881 nulla
2815 2836 3178 2883 remanerent.
3220 2826 3330 2885 Sed
3380 2830 3424 2883 si
3454 2836 3625 2884 cuncta
3647 2840 3740 2897 qua:

2196 2918 2251 2974 in
2272 2916 2391 2988 ejus
2410 2917 2637 2974 ecclesia
2658 2926 2810 2988 gesta
2840 2919 3208 2989 cognovimus,
3233 2920 3481 2976 evolvere
3506 2933 3741 2987 conamur,

2199 3012 2267 3066 ab
2298 3011 2535 3066 omnium
2578 3009 2689 3080 jam
2742 3011 3091 3081 proculdubio
3136 3016 3448 3069 narratione
3475 3010 3744 3068 conticesci-

2124 3129 2171 3193 ο
2200 3117 2342 3159 mus.
2364 3101 2517 3158 Unde
2536 3115 2760 3158 necesse
2783 3112 2867 3158 est
2892 3112 2951 3158 ut
2973 3103 3040 3159 ad
3063 3101 3094 3141 ιι
3115 3105 3406 3163 modernos
3428 3106 3619 3175 Patres,
3637 3118 3745 3174 quo-

2203 3211 2322 3253 rum
2351 3194 2458 3261 vita
2484 3208 2581 3265 per
2606 3194 2771 3251 Italiae
2799 3196 3105 3266 provincias
3126 3198 3342 3268 claruit,
3368 3199 3649 3257 narratiose
3665 3212 3743 3253 no-

2206 3300 2315 3346 stra
2345 3296 2671 3359 retorqueat.

496 3390 712 3455 σιγῆσαι
738 3383 790 3438 ἐκ
816 3385 1023 3439 πάντων
1051 3390 1151 3440 τῶν
1186 3384 1371 3439 λοιπῶν
1401 3393 1425 3421 ο
1474 3382 1778 3455 διηγήσεων.
1818 3381 2221 3458 Ἀναγκαιὸτερον
2250 3381 2304 3439 δέ
2335 3385 2516 3455 μᾶλλον
2544 3386 2766 3459 ἠγοῦμαι
2791 3388 2882 3445 τήν
2901 3385 3151 3455 ἡμετέραν
3175 3384 3412 3459 διήγησιν
3438 3387 3509 3447 είς
3541 3385 3648 3447 τοὺς
3674 3384 3746 3455 ἄρ’

497 3476 617 3536 τίως
666 3477 714 3529 ἐν
760 3484 823 3553 τῇ
880 3477 1067 3551 Ἰταλίᾳ
1122 3475 1514 3548 διαλάμψαντας
1558 3476 1789 3550 πατέρας
1830 3474 1858 3511 ά
1911 3473 2229 3547 ἀνακάμψαι.

1110 3598 1336 3645 ΚΕΦΔΛ.
1379 3590 1492 3652 Κςί.

990 3684 1109 3756 Περί
1137 3689 1282 3743 Μηνᾶ
1303 3684 1590 3758 Ἐρημίτου.

573 3774 650 3831 Ἐν
679 3783 742 3846 τῇ
783 3784 1000 3851 Samaria:
1040 3777 1196 3852 χώρᾳ
1231 3777 1419 3844 ἀρτίως
1445 3777 1641 3849 γέγονεν
1672 3776 1797 3849 ἀνήρ
1840 3796 1920 3836 τις
1946 3775 2095 3832 εὐλα-

504 3869 757 3930 ϐέστατος
804 3873 979 3930 Μηνᾶς
1030 3868 1576 3947 προσαγορευόμενος,
1625 3869 1713 3925 τὸν
1759 3873 1951 3945 μονήρη
1988 3870 2097 3940 βίον

501 3961 757 4034 ἑλόμενος·
794 3958 941 4021 ὅστις
959 3960 1158 4022 πολλοῖς
1176 3968 1277 4016 τῶν
1298 3963 1555 4037 ἡμετέρων
1578 3962 1807 4032 γνωστὸς
1832 3962 2094 4037 ὑπῆρχεν,

502 4053 649 4115 ὅστις
681 4055 782 4132 πρὸ
817 4056 1015 4117 ταύτης
1052 4062 1145 4116 τῆς
1187 4054 1447 4118 δεκαετίας
1471 4056 1554 4111 τὸν
1598 4056 1707 4127 βίον
1739 4055 1952 4112 ἐτέλεσε.
1983 4048 2102 4132 Περί

504 4142 559 4201 δὲ
598 4152 697 4200 τῶν
737 4146 926 4202 τούτου
952 4144 1128 4224 ἔργων,
1159 4147 1261 4218 οὐχ
1288 4147 1375 4201 ἕνα
1413 4146 1658 4222 μάρτυρα
1682 4149 1940 4225 προφέρωο
1972 4168 2102 4205 τοσ-

504 4244 647 4296 οὗτοι
700 4242 797 4316 γὰρ
843 4248 906 4314 τῇ
949 4241 1179 4317 πολιτείᾳ
1214 4241 1371 4296 αὐτοῦ
1410 4250 1798 4319 μαρτυροῦσιν,
1850 4241 1965 4299 ὅσοι
2011 4250 2102 4303 τήν

506 4333 689 4407 χώραν
715 4332 908 4403 Σάμνης
937 4333 1234 4409 ἐγνώρισαν.
1263 4328 1432 4395 οὗτος
1457 4333 1601 4391 οὐδὲν
1628 4335 1801 4412 ἕτερον
1830 4338 1903 4397 εἰς
1930 4342 2104 4393 πᾶσαν

505 4427 665 4481 αὑτοῦ
696 4424 934 4502 φροντίδα
970 4426 1225 4495 ἐκέκτητο,
1253 4429 1297 4482 εί
1321 4434 1391 4499 μὴ
1423 4429 1597 4502 ὀλίγων
1628 4430 1880 4501 μελισσῶν
1918 4432 2099 4490 σκεύη.

510 4517 867 4593 Λογγοϐἀρδος
892 4516 944 4574 δέ
965 4539 1045 4580 τις
1076 4520 1208 4576 αὐτὰ
1233 4519 1419 4579 κλοπήν
1447 4521 1657 4580 ἠθέλησε
1687 4530 1920 4581 ποιῆσαι.
1951 4534 2007 4577 '0
2048 4521 2103 4577 δὲ

507 4614 599 4663 τοῦ
631 4614 760 4664 Θεοῦ
787 4606 1053 4679 ἄνθρωπος
1072 4610 1205 4685 λόγῳ
1234 4619 1577 4686 παραινετικῷ
1603 4619 1781 4668 τοῦτον
1810 4618 2103 4686 κατήχησε.

2777 3590 3004 3651 CAPUT
3044 3593 3234 3651 XXVI.

2584 3682 2663 3738 De
2700 3682 2857 3740 Mena
2893 3686 3143 3741 monacho
3180 3689 3434 3744 solitario.

2277 3772 2458 3844 Nuper
2486 3774 2539 3829 in
2596 3775 2613 3811 ί
2658 3775 2864 3832 Samnii
2916 3776 3187 3847 provincia
3234 3780 3451 3849 quidam
3481 3774 3751 3835 venerabilis

2206 3864 2311 3934 vir,
2359 3867 2371 3916 ἱ
2432 3867 2618 3922 Menas
2646 3868 2883 3938 nomine,
2917 3869 3206 3926 solitariam
3236 3872 3403 3927 vitam
3432 3870 3659 3935 ducebat,
3682 3863 3752 3937 qui

2211 3964 2518 4013 nostrorum
2542 3957 2723 4014 multis
2744 3960 3012 4030 cognitus,
3043 3970 3169 4017 ante
3189 3961 3296 4020 hoc
3323 3963 3436 4020 fere
3478 3959 3751 4019 decennium

2213 4047 2496 4105 defunctus
2520 4060 2624 4107 est.
2651 4051 2728 4107 De
2755 4052 2905 4122 cujus
2933 4055 3112 4124 operis
3149 4056 3455 4114 narratione
3495 4070 3643 4112 unum
3676 4066 3752 4106 au-

2210 4148 2416 4196 ctorem
2454 4156 2562 4198 non
2607 4141 2799 4212 infero,
2840 4146 2964 4215 quia
3010 4161 3147 4217 pene
3175 4156 3256 4203 tot
3291 4148 3423 4204 mihi
3466 4150 3516 4205 in
3544 4147 3647 4218 ejus
3673 4144 3754 4199 vita

2211 4240 2378 4289 testes
2399 4244 2541 4303 sunt,
2586 4246 2715 4307 quot
2742 4237 2946 4294 Samnii
2999 4240 3331 4310 provinciam
3372 4247 3637 4297 noverunt.
3679 4233 3756 4291 Hic

2212 4329 2391 4400 itaque
2432 4329 2562 4384 nihil
2598 4329 2665 4385 ad
2696 4346 2848 4387 usum
2873 4347 3027 4390 suum
3054 4334 3219 4404 aliud,
3252 4335 3355 4391 nisi
3386 4348 3547 4407 pauca
3576 4332 3601 4370 ¹ί
3625 4341 3755 4401 apum

2213 4422 2431 4479 vascula
2459 4423 2787 4492 possidebat.
2824 4424 2961 4480 Huic
3000 4439 3119 4481 cum
3162 4426 3541 4499 Langobardus
3577 4420 3756 4494 quidam

2217 4518 2232 4557 1
2255 4519 2307 4575 in
2324 4518 2525 4576 eisdem
2543 4518 2732 4588 apibus
2746 4518 2986 4589 rapinam
3006 4521 3261 4578 voluisset
3279 4506 3538 4593 ingerere,
3562 4518 3688 4588 prius
3704 4511 3757 4566 ab

2213 4614 2402 4671 eodem
2422 4614 2538 4669 viro
2552 4614 2718 4670 verbo
2735 4621 3016 4685 correptus
3038 4625 3141 4681 est,
3171 4624 3223 4671 et
3244 4630 3369 4672 mox
3395 4630 3490 4687 per
3508 4611 3756 4681 malignum

508 4706 838 4773 Παραχρῆμα
867 4697 921 4753 at
946 4699 1204 4771 πνεύματι
1234 4707 1439 4773 πονηρῷ
1465 4699 1693 4774 πληγείς,
1718 4703 1864 4777 παρά
1888 4702 1954 4756 τά
1980 4700 2092 4773 ἴχνι

2214 4708 2459 4778 spiritum
2492 4716 2617 4765 ante
2646 4708 2763 4779 ejus
2776 4709 2999 4780 vestigia
3022 4718 3265 4767 vexatus.
3292 4711 3408 4777 Qua
3433 4725 3498 4766 ex
3522 4723 3578 4765 re
3593 4704 3757 4761 factum

512 4789 665 4844 αὐτοῦ
692 4792 884 4856 πεσὼν,
917 4790 1123 4867 ἕρρἀη.
1158 4788 1243 4844 Ἐκ
1266 4792 1453 4847 τούτου
1483 4785 1578 4846 οὖν
1612 4792 1835 4864 γέγονεν,
1865 4793 1997 4848 ὥστε
2024 4797 2111 4847 καί

511 4879 658 4952 παρά
690 4885 781 4934 τοῦ
813 4881 967 4936 αὐτοῦ
996 4881 1269 4958 βαρϐάρου
1296 4880 1493 4948 ἔθνους,
1534 4884 1699 4945 καθὼς
1728 4887 1814 4940 καί
1840 4886 1985 4961 παρά
2007 4893 2109 4942 τῶν

511 4968 770 5045 παροίκων
798 4971 859 5025 τὸ
884 4972 1038 5029 αὐτοῦ
1063 4971 1220 5048 ὄνομα
1244 4977 1578 5039 σεϐασθῆναι.
1607 4977 1786 5041 Οὐδείς
1812 4978 1865 5036 δὲ
1894 4986 1988 5037 τοῦ
2013 4982 2111 5037 λοι-

587 5149 612 5220 ς
654 5139 780 5220 ᾔδη
810 5146 942 5217 πρὸς
967 5147 1115 5202 αὑτὸν
1142 5148 1439 5220 ὀφείλουσιν.

532 5242 535 5245 η
589 5207 618 5250 ιι
656 5207 975 5291 Μεελκρατιε

514 5287 761 5373 παραὶ).τά
788 5287 1059 5373 ἀέύψωσεν
1086 5292 1267 5373 αὐίιςινὶνἱ
1290 5287 1530 5373 ’Δπὸἶι-Ῠίς
1556 5291 1714 5373 ὧραςέ

590 5355 614 5447 ξ
652 5355 779 5447 ἔθη
808 5355 1095 5447 ξιηγησεων
1124 5365 1215 5447 μὲν
1243 5355 1642 5447 ἀναχωιρτρροίθο

592 5386 611 5392 '
652 5386 779 5423 nun,
808 5386 1095 5432 υιηγησεων
1124 5386 1215 5433 μεν
1243 5386 1338 5421 ανα
1438 5388 1642 5447 ιοτερον.

586 5422 616 5460 d
655 5424 778 5520 913.,
813 5430 1130 5520 ἀνακάμψαι,
1266 5437 1291 5492 ὀ
1321 5386 1433 5508 ﬂ
1457 5435 1519 5494 δι’
1547 5443 1739 5520 ἀρετῶν
1771 5442 2107 5520 ἕλαμπρύνθη.

513 5494 597 5554 Ἐν
620 5505 685 5623 1'3
708 5494 922 5577 Σαμνιίει
1154 5515 1258 5560 etc.

598 5576 624 5606 ⁸
688 5570 805 5623 auci
846 5572 1047 5623 habent
1086 5576 1258 5623 Abuna

758 5570 805 5625 ci
836 5570 1054 5647 habent
1080 5570 1349 5632 'Abundius
1396 5593 1531 5647 quos
1571 5581 1713 5638 Edit.
1755 5586 1925 5641 secuti
1964 5596 2110 5642 sunt.

520 5638 739 5718 Legitur
777 5643 938 5718 etiam
988 5644 1254 5718 Abtmdius
1289 5650 1343 5702 in
1399 5638 1585 5707 Graeca
1615 5638 2109 5718 versiS'ahctor‘t‘tm

520 5709 645 5767 albo
675 5711 984 5773 inscribitur
1007 5717 1073 5775 ad
1106 5718 1248 5775 diem
1269 5719 1339 5776 24
1367 5722 1540 5792 April.

980 5238 1075 5278 σας
1104 5221 1260 5304 αὐτην
1286 5232 1377 5304 τῆς
1396 5245 1590 5304 ’χειρος
1604 5226 1654 5281 ἐν
1674 5233 1738 5304 τῇ
1762 5226 1925 5287 ἡλικία
1951 5229 2111 5291 αὐτῆς

2218 4809 2375 4857 estut
2403 4802 2543 4856 sicut
2564 4800 2704 4871 apud
2724 4814 2912 4856 omnes
2941 4801 3168 4869 incolas,
3200 4802 3270 4857 ita
3299 4802 3457 4858 etiam
3489 4796 3618 4871 apud
3638 4808 3757 4852 eam-

2219 4892 2343 4948 dem
2362 4892 2644 4949 barbaram
2666 4901 2879 4964 gentem
2906 4892 3022 4963 ejus
3050 4892 3265 4949 celebre
3281 4909 3475 4951 nomen
3493 4891 3756 4948 haberetur,

2220 4984 2505 5056 nullusque
2535 4985 2668 5041 ultra
2704 4994 3055 5055 praesumeret
3081 4987 3199 5057 ejus
3228 4986 3472 5043 cellulam
3500 4980 3595 5040 nisi
3624 4988 3658 5017 ιιι
3678 4977 3755 5031 Ιιιις

2293 5160 2314 5200 ί
2338 5160 2589 5234 μοηείρη
2621 5160 2803 5234 distat.
2826 5165 3064 5234 genibus.

2287 5241 2312 5303 β
2336 5231 2478 5288 ΡΙθεζ
2514 5231 2678 5300 Editi,
2707 5231 2936 5303 ipse—tibi
2964 5236 3178 5293 salutem
3196 5239 3445 5296 restituet.

2289 5300 2318 5339 ³³
2343 5302 2643 5379 Compendi
2668 5300 2738 5360 et
2736 5306 2951 5379 primus
2967 5309 3209 5379 Carnot.,
3230 5310 3300 5366 ad
3322 5308 3568 5364 modestos
3590 5300 3752 5357 Palm-

2217 5374 2573 5447 Copsentiunt
2598 5375 2706 5431 duo
2726 5376 2944 5447 Theod,

2299 5444 2313 5483 ί
2351 5446 2495 5499 Plur.
2521 5445 2646 5507 Mss.
2682 5446 2768 5502 hic
2797 5457 2850 5503 et
2869 5444 3018 5516 alibi,
3046 5449 3295 5507 Samnite.

2293 5516 2307 5589 ᾗ
2344 5517 2466 5589 [_)_ies
2497 5516 2559 5569 Η
2589 5518 2906 5573 Novembris
2936 5520 3052 5589 ejus
3082 5521 3359 5579 memoria:
3387 5521 3604 5579 dicatur.

2292 5585 2314 5662 ξι
2344 5585 2529 5662 genu.
2569 5602 2692 5662 cum
2724 5589 2930 5645 Gcmet.
2964 5585 3029 5646 ac
3055 5593 3175 5649 aliis
3198 5593 3405 5660 Norm.,
3428 5592 3612 5662 apium.

2296 5655 2441 5731 [γει
2470 5658 2541 5731 in_
2545 5660 2773 5726 ejusdem
2800 5662 3001 5731 apibus.

2290 5726 2328 5750 '°
2361 5729 2471 5783 Duo
2502 5726 2746 5795 Carnot.,
2783 5726 3062 5813 humiliter.
