3998 6356
158 701 172 751 !

158 755 171 821 ἕ

158 830 165 851 l

211 328 302 386 is,

1433 314 1874 379 DIALOGOBUM
1896 309 2112 371 LIBER
2153 310 2241 367 Ill.

3352 309 3462 370 282

208 440 334 498 milis
376 437 597 493 iuuare.
646 435 800 505 Sapo
822 447 954 491 vero
998 447 1066 491 ex
1110 434 1282 491 vicina
1327 434 1457 491 silva
1485 435 1762 491 venientes

1889 436 1967 484 τοῦ
1996 426 2269 497 έτόλμησεν
2308 443 2360 479 εν
2410 430 2483 497 τῷ
2525 421 2705 496 κιλλίῲ
2738 423 2920 493 αὐτοῦ,
2967 424 3012 478 εί
3039 427 3109 495 μη
3138 424 3190 479 έν
3234 446 3462 484 ταπεινο.

209 532 325 599 ursi,
348 543 477 600 apes
503 528 618 599 ejus
648 527 929 584 comedere
968 529 1298 585 conabantur
1329 545 1344 584 :
1383 544 1518 600 quos
1547 530 1634 585 ille
1659 529 1766 585 de-

207 620 501 693 prehensos,
532 617 723 685 ferula,
770 633 926 689 quam
956 626 1172 688 portare
1200 634 1359 675 manu
1388 626 1791 686 consueverat,

206 710 441 769 cedebat.
496 709 635 765 Ante
678 710 831 780 cujus
874 712 1099 767 verbera
1137 712 1535 768 immanissima:
1584 712 1769 769 bestiis

204 804 485 878 rugiebant,
518 812 572 860 et
590 803 885 875 fugiebant;
918 813 973 861 et
990 820 1112 875 quae
1139 805 1346 876 gladios
1373 806 1662 863 formidare
1680 806 1768 862 vix

202 904 455 968 poterant,
482 909 553 950 ex
574 895 695 964 ejus
724 910 882 951 manu
905 896 1043 952 ictus
1088 897 1272 953 ferulae
1297 895 1766 967 pertimescebant.

201 989 355 1060 Hujus
384 988 621 1045 studium
646 988 748 1044 fuit
772 987 906 1044 nihil
938 989 991 1044 in
1023 989 1125 1044 hoc
1153 989 1353 1044 mundo
1391 989 1609 1055 habere,
1638 988 1770 1045 nihil

200 1097 462 1153 quaerere;
490 1096 679 1138 omnes
703 1082 793 1154 qui
819 1081 885 1137 ad
911 1097 971 1138 se
990 1081 1273 1140 charitatis
1293 1097 1453 1139 causa
1464 1083 1767 1152 veniebant,

199 1176 255 1229 ad
281 1182 497 1230 aeternae
520 1175 643 1231 vitae
670 1174 937 1231 desideria
969 1176 1289 1232 accendere.
1353 1175 1407 1232 Si
1437 1175 1650 1247 quando
1678 1191 1774 1232 au-

200 1273 295 1322 tem
316 1267 676 1336 quorumlibet
700 1267 881 1338 culpas
909 1276 1243 1338 agnosceret,
1277 1283 1547 1339 nunquam
1593 1268 1660 1324 ab
1692 1268 1776 1324 in-

202 1358 499 1428 crepatione
527 1374 765 1427 parcere,
796 1360 914 1428 sed,
938 1362 1137 1416 amoris
1167 1363 1289 1431 igne
1317 1374 1629 1428 succensus,
1660 1369 1773 1416 stu-

197 1449 345 1505 debat
371 1451 426 1505 in
454 1451 534 1506 eis
555 1450 903 1508 vehementer
920 1467 1017 1523 per
1045 1452 1276 1523 linguam
1297 1452 1509 1508 saevire.
1533 1451 1774 1508 Consue-

196 1540 424 1595 tudinem
462 1555 593 1597 vero
616 1541 774 1597 vicini
800 1542 883 1598 vel
906 1543 1063 1615 longe
1092 1544 1251 1614 positi
1277 1544 1520 1615 ejusdem
1549 1544 1650 1599 loci
1679 1558 1774 1599 ac-

197 1632 315 1688 colae
363 1632 603 1689 fecerant
640 1641 699 1688 ut
740 1632 930 1690 diebus
981 1636 1205 1705 singulis
1252 1650 1349 1706 per
1386 1635 1777 1691 hebdomadam

196 1724 551 1795 unusquisque
577 1725 627 1781 ei
650 1725 950 1782 oblationes
978 1741 1100 1783 suas
1129 1731 1533 1796 transmitteret,
1555 1738 1613 1784 ut
1634 1737 1779 1785 esset

194 1815 323 1886 quod
346 1816 468 1886 ipse
494 1816 561 1871 ad
583 1832 642 1873 se
666 1818 1004 1875 venientibus
1024 1818 1217 1876 offerre
1234 1822 1516 1888 potuisset.
1531 1822 1773 1891 Quodam

1866 522 2111 597 φροσὺνη,
2157 517 2405 573 εἰσελθεῖν.
2453 514 2692 577 Πολλάκις
2738 511 2792 570 δέ
2843 516 2897 568 ist
2939 521 3033 575 τῆς
3079 514 3460 588 γεπνιαζοὺσης

1867 613 1989 675 ὕλης
2017 611 2162 688 ἀρκοι
2189 611 2479 687 ἐρχόμενοι,
2513 610 2582 666 τά
2614 609 2859 681 μελίσσια
2901 610 3057 663 αὑτοῦ
3098 616 3272 684 φαγεῖν
3297 610 3464 667 ἐδοκί-

1868 729 2059 781 μασαν,
2081 707 2170 769 οῦς
2189 710 2372 769 ἐκεῖνος
2402 708 2591 769 πιάσας
2615 713 2690 777 τῷ
2712 707 2957 784 ναρθηκίῳ
2986 704 3224 772 ἔτυπτεν,
3250 704 3380 780 ὅπερ
3408 706 3463 764 έν

1868 806 1933 875 τῇ
1982 801 2124 875 χειρί
2163 799 2318 854 αὐτοῦ
2365 798 2640 870 βαστάζειν
2686 795 2879 853 εἴωθεν.
2908 796 2992 850 Ἐν
3034 794 3090 852 δέ
3130 804 3251 857 ταῖς
3303 798 3463 853 αὐτοῦ

1872 896 2103 966 μάστιξι,
2151 894 2219 949 τά
2264 891 2471 964 θυμῶδη
2502 894 2652 967 θηρία
2690 893 2851 947 ἐκεῖνοι
2894 891 3095 962 βοῶντα
3141 892 3464 965 ἀνεχώρουν,

1874 986 1963 1039 καί
1987 986 2053 1040 τὰ
2081 988 2151 1055 μὴ
2180 983 2591 1054 ὑποστελλόμενος
2617 980 2775 1054 ξίφος,
2819 987 2911 1040 τήν
2950 982 3005 1034 ἐκ
3030 987 3121 1040 τῆς
3161 983 3338 1055 χειρός
3368 981 3467 1034 αὐοσ

1876 1081 1970 1132 τοῦ
1998 1077 2231 1150 μάστιγα
2271 1074 2356 1131 διά
2401 1082 2488 1131 τοῦ
2536 1072 2803 1147 ναρθηκίου
2854 1072 3145 1144 ἐφοϐοῦντο.
3188 1069 3390 1128 Τοὺτου
3437 1074 3471 1131 ἡ

1876 1176 2025 1226 πᾶσα
2045 1168 2245 1229 σπουδὴ
2276 1169 2324 1222 έν
2354 1176 2427 1241 τῷ
2465 1168 2681 1244 παρόντι
2705 1166 2801 1238 βίῳ
2830 1163 2973 1221 οὐδέν
3002 1166 3175 1238 ἕτερον
3202 1165 3466 1241 ὑπῆρχεν,

1878 1264 1923 1317 εί
1951 1267 2021 1334 μη
2043 1265 2163 1323 τοὺς
2183 1261 2311 1339 πρὸς·
2330 1261 2481 1315 αὐτὸν
2500 1260 2703 1330 ἀγάπης
2730 1259 2887 1330 χάριν
2911 1258 3250 1332 ἐρχομένους,
3284 1259 3355 1317 εἰς
3379 1261 3472 1315 την

1876 1362 1968 1415 7n":
2009 1354 2211 1408 αἰωνίου
2243 1356 2376 1416 ζωῆς
2402 1351 2669 1420 ἐπιθυμίαν
2698 1346 2966 1423 διεγεῖραι.
2993 1348 3105 1402 Ἐάν
3139 1346 3191 1402 δέ
3221 1347 3308 1403 καί
3346 1346 3489 1419 τιότέΔ

1878 1430 2021 1511 τινος,
2050 1458 2289 1519 πταῖσμα
2326 1446 2523 1520 διέγνω,
2574 1444 2806 1518 οὐδαμῶς
2847 1444 3074 1517 ὶλέγχων
3118 1451 3298 1501 τοῦτον
3346 1445 3475 1515 ἐφεί-

1879 1541 2016 1599 δετο.
2048 1544 2194 1600 Ἀλλά
2219 1551 2292 1615 τῷ
2335 1550 2427 1603 τῆς
2467 1542 2669 1614 ἀγάπης
2711 1542 2838 1613 πυρί
2882 1539 3222 1609 ἓκκαιόμενος,
3266 1539 3474 1596 ἐσκόπει

1880 1642 1992 1697 πῶς
2017 1637 2190 1696 αὐτοῖς
2219 1634 2303 1690 διά
2332 1650 2423 1697 τῆς
2450 1634 2681 1708 γλώττης
2722 1630 3032 1702 καθάψηται.
3057 1628 3210 1693 Ἐθος
3248 1628 3303 1686 δέ
3327 1628 3478 1703 εἶχον

1881 1725 1926 1779 oi
1953 1726 2317 1798 γειτνιάζοντες
2336 1733 2408 1795 τῷ
2430 1723 2594 1795 τόπῳ,
2616 1725 2703 1778 καί
2723 1724 2769 1777 οί
2792 1724 2846 1777 ἐκ
2868 1725 3061 1795 μήκους
3084 1727 3478 1797 παροικοῦντες,

1882 1816 1986 1871 καθ’
2017 1816 2237 1876 ἑκάστην
2266 1818 2454 1891 ἡμέραν
2487 1825 2579 1876 τῆς
2607 1811 2913 1885 ἑϐδομάδος,
2942 1814 3160 1873 ἕκαστος
3195 1812 3360 1869 αὐτῶν
3387 1819 3478 1874 τήν

196 1923 315 1963 vero
342 1919 590 1979 tempore
619 1924 901 1980 possessor
928 1910 1169 1981 quidam,
1217 1910 1489 1968 Carterius
1538 1914 1773 1981 nomine,

1889 1908 2072 1964 ἑαυτοῦ
2103 1904 2332 1980 εὐλογίαν
2356 1908 2488 1980 πρὸς
2508 1905 2659 1961 αὐτὸν
2684 1904 3005 1968 ἀποστεῖλαι,
3036 1905 3120 1958 ἶνα
3142 1901 3251 1977 ἔχῃ
3271 1925 3323 1959 τι
3349 1902 3477 1980 παρ’

195 2002 468 2059 immundo
496 2004 765 2062 desiderio
794 2005 1058 2073 devictus,
1090 2007 1373 2077 quamdam
1400 2008 1779 2064 sanctimonia-

196 2094 293 2150 lem
323 2096 581 2152 feminam
609 2097 805 2169 rapuit,
837 2098 1045 2169 sibique
1069 2099 1253 2154 illicito
1282 2101 1624 2156 matrimonio
1646 2114 1779 2156 con-

192 2186 383 2256 junxit.
414 2188 565 2254 Quod
589 2204 710 2244 mox
735 2199 792 2244 ut
813 2190 896 2245 vir
919 2190 1125 2247 Domini
1150 2192 1417 2261 cognovit,
1452 2193 1502 2248 ei
1535 2208 1628 2262 per
1644 2208 1777 2262 quos

203 2284 365 2351 potuit
395 2298 517 2351 quae
548 2284 719 2339 fuerat
740 2285 932 2356 dignus
965 2286 1151 2341 audire
1194 2286 1485 2342 mandavit.
1537 2288 1779 2358 Cumque

193 2374 280 2430 illc
306 2377 471 2449 337
513 2379 733 2435 sceleris
762 2381 843 2436 sui
890 2384 1136 2438 conscius
1170 2383 1403 2449 timeret,
1434 2391 1596 2452 atque
1623 2385 1687 2439 ad
1700 2383 1782 2439 vi-

195 2482 305 2523 rum
357 2470 455 2525 Dei
501 2486 833 2544 nequaquam
861 2475 1117 2532 accedere
1146 2485 1516 2548 praesumeret,
1550 2492 1617 2533 ne
1644 2477 1782 2534 forte

196 2557 333 2615 hunc
357 2573 571 2632 aspere,
594 2572 650 2618 ut
672 2565 1037 2638 delinquentes
1064 2568 1292 2637 solebat,
1324 2570 1641 2640 increparet,
1659 2571 1783 2627 fecit

197 2650 494 2711 oblationes
523 2671 667 2721 suas,
710 2672 909 2730 easque
936 2661 1077 2716 inter
1102 2661 1402 2718 oblationes
1428 2662 1657 2717 aliorum
1681 2663 1782 2717 mi-

191 2742 277 2811 sit,
310 2754 370 2800 ut
395 2745 515 2815 ejus
542 2761 765 2803 munera
795 2749 984 2806 saltem
1006 2752 1299 2808 nesciendo
1326 2752 1648 2824 susciperet.
1675 2752 1781 2809 Sed

190 2848 306 2891 cum
337 2851 522 2893 coram
544 2852 609 2894 eo
635 2840 861 2897 fuissent
881 2842 1178 2899 oblationes
1200 2844 1440 2899 omnium
1462 2844 1779 2915 deportata},

186 2930 268 2981 vir
298 2927 397 2983 Dei
442 2930 632 2985 tacitus
678 2932 841 3001 sedit,
891 2934 1163 3009 sigillatim
1209 2950 1399 2991 omnes
1444 2937 1785 2993 considerare

186 3018 418 3086 studuit,
446 3028 503 3076 et
520 3034 706 3078 omnes
726 3023 860 3079 alias
879 3025 1083 3097 eligens
1112 3037 1272 3099 atque
1291 3041 1531 3084 seorsum
1552 3044 1780 3100 ponens,

184 3109 497 3167 oblationes
524 3127 656 3182 quas
680 3114 817 3171 idem
840 3115 1116 3173 Carterius
1142 3120 1517 3175 transmiserat
1536 3124 1785 3193 cognovit

182 3213 290 3271 per
341 3203 612 3274 spiritum,
661 3209 857 3276 sprevit
906 3218 1065 3278 atque
1110 3210 1330 3281 abiecit,
1362 3213 1548 3269 dicens
1579 3230 1593 3266 :
1626 3214 1701 3269 lte
1728 3222 1784 3269 et

1880 2000 2049 2069 ἑαυτῷ
2070 1996 2197 2074 ὅπερ
2232 1997 2257 2036 b
2291 1999 2469 2070 ὀφείλει
2496 2006 2604 2058 τοῖς
2633 1997 2761 2071 πρὸς
2792 1995 2944 2051 αὐτὸν
2971 1996 3268 2070 ἐρχομένοις
3305 2016 3479 2069 παραυ

1879 2096 2059 2150 θεῖναι.
2092 2091 2185 2148 Ἔν
2212 2115 2311 2148 τινι
2348 2091 2402 2147 δέ
2429 2098 2591 2166 καιρῷ
2616 2094 2818 2163 κτήτωρ
2844 2110 2924 2150 τις
2952 2089 3224 2164 Καρτέριος
3246 2088 3478 2160 ὀνόματι,

1881 2186 2156 2260 ἀκαθάρτῳ
2182 2186 2425 2259 ἐπιθυμίᾳ
2442 2182 2675 2248 νικηθείς,
2709 2181 3077 2256 καθιερωμένην
3096 2182 3209 2235 τινὰ
3236 2190 3257 2217 ο
3286 2181 3479 2240 θήλειαν

1882 2275 2093 2348 ἴκλεψε,
2143 2280 2227 2332 καί
2269 2276 2575 2349 ἀναρμόστῳ
2633 2274 2931 2343 συνοικεσίῳ
2977 2272 3144 2343 ἑαυτῷ
3193 2273 3476 2338 συνέζευξε.

1880 2378 2041 2428 Τοῦτο
2090 2370 2145 2427 δέ
2184 2370 2211 2426 ὁ
2248 2376 2340 2427 τοῦ
2372 2377 2497 2426 Θεοῦ
2530 2367 2792 2443 ἅνθρωπος
2827 2370 2999 2427 Μηνᾶς
3037 2366 3283 2432 ἀκούσας,
3318 2363 3382 2421 δι’
3411 2364 3479 2421 ὧν

1881 2464 2098 2527 ἠδυνήθη
2140 2465 2303 2539 εὑρεῖν
2347 2463 2737 2541 ἀπερχομένων,
2766 2459 2899 2536 ἅπερ
2927 2456 2984 2518 ἦν
3024 2456 3162 2525 ἄξιος
3202 2460 3420 2516 ἀκοῦσαι
3447 2455 3478 2497 δ

1879 2561 2046 2630 τούτῳ
2091 2558 2355 2618 ἐδήλωσεν.
2403 2556 2624 2617 Ἐκεῖνος
2660 2554 2714 2612 δέ
2758 2560 2847 2614 τὴν
3076 2554 3264 2610 ἑαυτοῦ
3310 2555 3480 2611 αἰτίαν

1882 2653 2144 2718 συνειδὼς,
2173 2650 2412 2724 οὐδαμῶς
2432 2651 2618 2721 ἐτόλμα
2637 2656 2710 2721 τῷ
2731 2648 2981 2723 ἀνθρώπῳ
3002 2654 3093 2703 τοῦ
3114 2654 3243 2703 Θεοῦ
3263 2668 3483 2723 προσεγ-

1882 2750 2047 2819 γίσαι,
2077 2744 2384 2820 φοϐούμενος
2405 2746 2487 2799 ἶνα
2516 2748 2585 2813 μή
2616 2746 2702 2798 καί
2729 2748 2908 2798 τοῦτον
2933 2742 3097 2804 καθώς
3124 2743 3246 2801 τοὺς
3271 2741 3483 2803 λοιποὺς

1884 2837 2267 2911 ἁμαρτάνοντας
2304 2836 2544 2912 διελέγξη.
2589 2836 2830 2894 Ἐποίησε
2875 2834 2929 2891 δέ
2970 2836 3061 2896 τάς
3104 2836 3294 2891 ἑαυτοῦ
3340 2836 3483 2890 εὐλο-

1887 2935 2023 3006 γίας,
2048 2935 2133 2988 καί
2156 2933 2354 2993 ταύτας
2387 2933 2576 3003 μετσξύ
2606 2938 2705 2987 τῶν
2732 2927 2891 2987 ἄλλων
2919 2930 3148 3003 εὐλογιῶν
3176 2930 3326 3001 μίξας
3354 2930 3485 2984 ἀπέ-

1888 3027 2116 3095 στειλεν,
2165 3024 2307 3085 ὅπως
2362 3025 2587 3100 ἀκριϐῶς
2634 3029 2703 3094 μή
2752 3023 3174 3095 ἐπιγινώσκοντος
3221 3021 3374 3077 αὑτοῦ
3419 3023 3486 3077 τά

1887 3116 2047 3196 δῶρα,
2079 3123 2249 3172 ταῦτα
2277 3115 2498 3180 δέξηται.
2520 3113 2610 3175 Ὠς
2649 3110 2735 3168 οὖν
2757 3114 2962 3169 ἐνώπιον
2998 3114 3154 3168 αὑτοῦ
3176 3114 3229 3167 αί
3259 3132 3486 3189 προσφοί

1888 3214 1977 3288 ραί
1999 3209 2202 3267 πάντων
2231 3210 2611 3279 ἀπηνέχθησαν,
2642 3207 2668 3262 ό
2704 3214 2798 3263 τοῦ
2828 3213 2956 3262 Θεοῦ
2988 3203 3251 3282 ἅνθρωπος
3276 3206 3485 3275 ἡσυχά-

184 3291 355 3349 dicite
383 3293 435 3349 ei
469 3312 483 3346 :
513 3295 840 3354 Oblationem
867 3277 1019 3355 suam
1050 3277 1402 3371 omnipotenti
1434 3302 1661 3359 Domino
1689 3304 1780 3361 ab-

1889 3308 1988 3369 ζων
2032 3304 2312 3366 ἓκαθέζετο,
2356 3302 2441 3354 καί
2467 3298 2577 3354 καθ’
2606 3297 2657 3352 ἓν
2686 3299 2862 3357 πάσας
2900 3297 3065 3351 αὐτῶν
3108 3298 3377 3353 σκοπήσας
3405 3295 3490 3349 καί

189 3386 414 3457 stulisti,
466 3397 521 3443 et
565 3389 696 3445 mihi
745 3400 863 3447 tuas
907 3393 1206 3451 oblationes
1256 3397 1621 3452 transmittis?
1669 3396 1782 3468 Ego

187 3479 520 3535 oblationem
568 3489 710 3536 tuam
756 3498 860 3539 non
900 3485 1125 3555 accipio,
1168 3485 1291 3556 quia
1320 3501 1471 3541 suam
1514 3487 1782 3543 abstulisti

187 3569 319 3627 Deo.
336 3572 452 3638 Qua
482 3588 545 3628 ex
580 3589 638 3629 re
667 3573 862 3631 factum
892 3585 973 3631 est
992 3587 1046 3631 ut
1074 3586 1369 3647 praesentes
1397 3593 1635 3647 quosque
1667 3593 1785 3634 ma-

185 3676 321 3731 gnus
354 3664 519 3719 timor
544 3665 840 3734 invaderet,
882 3682 1001 3722 cum
1033 3667 1114 3723 vir
1143 3668 1353 3724 Dominl
1398 3678 1507 3724 tam
1548 3670 1784 3726 scienter

187 3755 255 3809 de
283 3755 604 3812 absentibus
625 3757 912 3829 judicaret.

1891 3399 2233 3456 κατανοήσας,
2257 3391 2376 3452 ὅλας
2401 3394 2495 3453 τὰς
2517 3388 2669 3451 ἄλλας
2689 3389 3061 3461 ἐπιλεξάμενος,
3090 3389 3173 3443 καί
3199 3389 3341 3463 παρὰ
3366 3390 3488 3458 μίαν

1893 3488 2056 3546 θήσας
2077 3487 2171 3545 τὰς
2204 3482 2451 3555 εὐλογίας,
2485 3481 2653 3560 ἇσπερ
2686 3480 2711 3536 ό
2742 3481 2894 3541 αὐτὸς
2921 3480 3195 3556 Καρτέριος
3221 3479 3485 3535 ἀπέστειλε

1893 3579 1978 3638 διὰ
2001 3585 2093 3634 τοῦ
2116 3578 2408 3651 πνεύματος
2450 3578 2732 3650 γνωρίσας,
2774 3573 3193 3650 παροικτρῶσατο
3235 3572 3321 3626 καί
3360 3571 3489 3626 ἀπε·-

1894 3676 2095 3739 ϐἀλετο,
2126 3673 2300 3748 λέγων’
2328 3671 2588 3728 ’Δπέλθετε
2616 3672 2701 3723 καί
2731 3666 2905 3723 εἴπατε
2935 3663 3096 3740 αὐτῷ·
3132 3671 3232 3725 Τὴν
3259 3685 3490 3741 προσφο-

1890 3768 1979 3843 ράν
2007 3773 2095 3821 τοῦ
2124 3763 2511 3837 παντοδυνάμυυ
2534 3767 2663 3818 Θεοῦ
2684 3762 2870 3835 έπῇρες
2892 3758 2985 3832 [Ρ.
3011 3758 3117 3830 leg.
3142 3760 3371 3834 ἀπῇρας,
3400 3757 3488 3813 hic

183 3857 239 3903 et
272 3846 457 3921 infra],
489 3855 572 3905 καί
595 3852 706 3923 ἐμοὶ
731 3854 929 3914 ταύτας
953 3854 1043 3915 τὰς
1072 3855 1304 3928 εὐλογίας
1341 3854 1704 3923 ἀποστέλλεις;
1737 3859 1836 3932 ἐγὼ
1868 3864 1960 3919 τὴν
1988 3862 2083 3918 σήν
2129 3857 2425 3935 προσφοράν
2473 3857 2532 3909 οὐ
2562 3852 2825 3927 λαμϐάνω,
2869 3850 2999 3908 διότι
3052 3852 3119 3906 σὺ
3161 3851 3317 3906 αὐτοῦ
3360 3855 3490 3907 Θεοῦ

185 3944 279 3998 τὴν
313 3944 607 4017 προσφοράν
646 3944 851 4019 ἐπῆρες.
890 3954 969 3999 Ἐκ
994 3946 1180 4001 τούτου
1221 3940 1307 4001 οὑν
1346 3954 1507 4019 μέγας
1547 3947 1698 4020 φόϐος
1738 3957 1847 4012 τοῖς
1894 3945 2150 4028 παροῦσιν
2169 3950 2446 4011 ἐπέπεσεν,
2491 3942 2572 4001 ὅτι
2608 3945 2742 4001 οῦτω
2768 3952 2934 4017 σοφῶς
2961 3942 2990 4000 ό
3029 3948 3120 3999 τοῦ
3148 3949 3274 3999 Θεοῦ
3297 3939 3488 4017 ἄνθρω-

187 4052 287 4091 πος
314 4036 439 4107 περὶ
466 4040 563 4086 τῶν
590 4036 935 4108 ἀγνοουμένων
956 4036 1164 4114 ἔκρινεν.

265 4122 443 4178 Pura.
483 4125 670 4182 Multos
712 4126 901 4184 horum
948 4129 1191 4198 suspicor
1244 4132 1559 4203 martyrium
1603 4131 1787 4189 subire

184 4220 456 4287 potuisse,
491 4230 515 4258 ι·
546 4222 590 4277 si
614 4236 709 4277 eos
739 4231 953 4294 tempus
982 4225 1371 4295 persecutionis
1395 4227 1711 4286 invenisset.

256 4311 508 4369 Gnaeos.
549 4315 666 4369 Duo
695 4326 843 4385 sunt,
872 4317 1052 4388 Petre,
1086 4321 1331 4391 martyrii
1370 4336 1594 4392 genera,
1617 4340 1782 4382 unum

181 4401 235 4456 in
290 4404 535 4471 occulto,
581 4408 805 4463 alterum
833 4410 887 4465 in
921 4410 1156 4480 publico.
1186 4412 1318 4469 Nam
1346 4415 1449 4471 etsi
1481 4420 1784 4485 persecutio

181 4492 323 4549 desit
350 4497 616 4565 exterius,
649 4502 890 4571 martyrii
921 4504 1170 4559 meritum
1196 4505 1251 4560 in
1282 4507 1493 4564 occulto
1522 4518 1627 4579 est,
1661 4525 1783 4567 cum

184 4587 359 4644 virtus
390 4590 460 4644 ad
492 4593 794 4660 passionem
826 4605 1072 4667 prompta
1101 4596 1292 4668 ﬂagrat
1318 4599 1373 4655 in
1398 4600 1598 4656 animo.
1652 4602 1787 4669 Quia

184 4680 326 4735 enim
359 4697 488 4738 esse
529 4687 695 4752 possit
727 4694 781 4740 et
807 4687 926 4741 sine
954 4696 1134 4756 aperta
1168 4690 1421 4759 passione
1451 4691 1785 4763 martyrium,

186 4780 419 4829 testatur
471 4774 525 4827 in
576 4774 863 4846 Evangelio
912 4777 1192 4847 Dominus,
1238 4782 1328 4851 qui
1377 4781 1625 4838 Zebedaei
1666 4783 1790 4840 filiis

182 4863 362 4919 adhuc
392 4881 508 4935 pra:
540 4866 846 4924 inﬁrmitate
875 4872 1069 4925 mentis
1099 4872 1302 4941 majora
1357 4874 1615 4930 sessionis
1674 4876 1789 4933 loca

1971 4142 2132 4190 flE’l‘P.
2151 4132 2364 4194 Πολλοὺς
2382 4133 2434 4186 ἐκ
2456 4132 2652 4187 τούτων
2663 4130 3008 4203 ὑπολαμϐάνω
3025 4128 3273 4187 δύνασθαι
3293 4130 3493 4206 μαρτύ-

1892 4247 1998 4304 ριον
2010 4226 2295 4293 ὑπομεῖναι,
2313 4226 2401 4279 ἐάν
2415 4225 2600 4284 αὐτοὺς
2613 4222 2638 4277 ό
2653 4229 2743 4278 τοῦ
2759 4220 2983 4295 διωγμοῦ
2997 4224 3173 4297 καιρὸς
3190 4223 3485 4278 κατέλαϐεν.

1964 4327 2202 4372 ΓΡΗΓΟΡ.
2245 4317 2343 4370 Δὺο
2370 4318 2490 4379 sitsi,
2538 4317 2713 4389 Πέτρε,
2763 4316 3046 4393 μαρτυρίου
3086 4314 3214 4375 είδη⁶
3251 4314 3301 4368 ἓν
3342 4315 3391 4367 έν
3418 4319 3493 4386 τῇ

1894 4420 2129 4487 κρυπτῷ,
2172 4412 2256 4465 καί
2302 4411 2469 4483 ἕτερον
2514 4411 2565 4463 έν
2609 4416 2681 4482 τῷ
2720 4406 2937 4484 φανερῷ.
2976 4404 3076 4463 Κάν
3122 4410 3222 4484 γάρ
3270 4406 3490 4479 διωγμὸς

1896 4505 2078 4571 ἔξωθεν
2104 4502 2196 4559 οὐκ
2222 4502 2354 4572 ἔστι,
2380 4504 2440 4559 τὸ
2468 4510 2559 4559 τοῦ
2583 4505 2872 4580 μαρτυρίου
2895 4504 3091 4576 ἀξίωμα
3114 4502 3161 4557 έν
3180 4510 3252 4572 τῷ
3280 4507 3489 4577 κρυπτῷ

1898 4594 2023 4655 εἶναι
2065 4596 2300 4661 δύναται,
2334 4599 2382 4651 ἐν
2406 4605 2479 4671 τῷ
2509 4599 2781 4672 προθύμως
2820 4603 2910 4657 τὴν
2954 4597 3135 4668 ψυχήν
3178 4603 3284 4655 τοῖς
3314 4595 3495 4649 πάθεσι

1898 4689 2113 4760 δυνάμει
2146 4690 2563 4746 ἀντιτάσσεσθαι.
2602 4686 2719 4744 Ὀτι
2757 4687 2810 4744 δέ
2839 4688 3051 4743 δύναται
3080 4689 3164 4740 καὶ
3187 4686 3326 4745 ἐκτὸς
3352 4705 3496 4756 φανε⁴

1897 4789 1999 4858 ρῶν
2028 4790 2284 4858 τιμωριῶν
2310 4777 2437 4838 εἶναι
2461 4784 2765 4857 μαρτύριον,
2799 4780 2823 4835 ὁ
2850 4781 3025 4853 κύριος
3052 4781 3102 4832 έν
3129 4784 3202 4847 τῷ
3227 4777 3495 4850 εὐαγγελίῳ

1897 4872 2179 4944 δείκνυται,
2226 4872 2375 4934 ὅστις
2403 4882 2513 4934 τοῖς
2547 4873 2674 4935 υίοῐς
2705 4869 2970 4927 Ζεϐεδαίου
3004 4871 3058 4923 ἐκ
3085 4877 3178 4929 τῆς
3208 4873 3297 4923 τοῦ
3324 4868 3496 4939 λογισ-

182 4958 562 5025 quaerentibus
601 4959 771 5013 dicit:
805 4958 1030 5016 Potestis
1061 4963 1226 5017 bibere
1264 4965 1474 5019 calicem
1512 4981 1661 5034 quem
1699 4983 1780 5039 ege

1898 4975 1999 5041 μοῦ
2052 4970 2215 5040 ἀκμήν
2260 4969 2517 5027 ἀσθενείας
2567 4967 2816 5039 μεγάλους
2871 4972 2962 5025 τῆς
3018 4961 3260 5037 καθέδρας
3308 4962 3498 5026 τόπους

183 5046 447 5103 bibiturus
475 5065 589 5103 sum
621 5049 837 5120 (Matth.
864 5068 955 5119 xx,
977 5053 1109 5123 22)?
1152 5055 1247 5109 Cui
1278 5056 1524 5112 videlicet
1550 5072 1670 5113 cum
1702 5074 1792 5114 re-

178 5139 527 5207 sponderent
552 5157 567 5196 :
592 5138 909 5211 Possumus;
940 5145 1012 5198 ait
1042 5147 1279 5218 utrisque
1303 5166 1316 5202 :
1343 5149 1562 5205 Calicem
1584 5152 1795 5222 quidem

178 5245 359 5283 meum
412 5230 626 5296 bibatis;
681 5234 854 5289 sedere
891 5245 1062 5291 autem
1099 5239 1166 5292 ad
1214 5239 1475 5295 dexteram
1518 5259 1683 5297 meam
1719 5243 1798 5299 vel

174 5325 483 5392 sinistram,
524 5344 624 5382 non
651 5338 726 5385 est
755 5347 923 5386 meum
947 5333 1073 5387 dare
1098 5334 1235 5389 vobis
1262 5335 1477 5407 (Ibid.).
1516 5336 1651 5404 Quid
1697 5351 1795 5391 au-

176 5423 303 5472 tem
327 5414 519 5471 calicis
539 5432 754 5487 nomen,
789 5422 891 5477 nisi
913 5425 1179 5493 passionis
1206 5427 1453 5497 poculum
1487 5428 1699 5499 signat?
1730 5428 1799 5482 Et

180 5524 318 5565 cum
354 5508 615 5566 nimirum
647 5524 856 5571 constet
877 5518 997 5588 quia
1021 5519 1251 5576 Jacobus
1278 5522 1329 5575 in
1362 5522 1611 5592 passione
1641 5536 1800 5578 occu-

176 5604 327 5671 buit,
361 5602 608 5661 Joannes
636 5623 765 5665 vero
791 5612 844 5667 in
873 5627 1004 5681 pace
1039 5613 1295 5671 Ecclesiae
1336 5616 1562 5687 quievit,
1614 5616 1801 5671 incun-

256 5730 284 5757 ³
310 5724 556 5806 Lottgip.
612 5734 679 5806 et.
714 5726 951 5795 'l‘lteod.,
988 5732 1030 5786 si
1068 5746 1152 5785 eos
1187 5746 1246 5786 eo
1289 5741 1514 5802 tempore
1553 5741 1801 5803 persecat.

184 5800 481 5864 tmtpestas
508 5800 803 5854 invenisset.

255 5863 300 5903 by
332 5865 474 5932 Μεμ,
507 5867 693 5938 ὀφείλῃ.

1901 5060 2224 5127 ἐπιζητοῦσιν
2276 5058 2434 5117 εἶπεν·
2469 5062 2690 5116 Δὺνασθε
2736 5060 2895 5114 πίνειν
2940 5058 2999 5114 τὸ
3046 5063 3286 5133 ποτήριον
3333 5056 3358 5113 ὁ
3402 5058 3501 5130 έγώ

1901 5155 2064 5237 μέλλω
2109 5157 2300 5219 πίνειν;
2355 5156 2523 5209 Αὐτῶν
2566 5150 2619 5207 δέ
2667 5151 3051 5228 ἀποκριθέντων,
3090 5153 3370 5221 Δυνάμεθα,
3394 5157 3499 5214 τοῖς

1902 5249 2204 5327 ἀμφοτέροις
2245 5244 2401 5304 εἶπεν
2429 5247 2496 5302 Τὸ
2525 5246 2613 5317 μέν
2653 5244 2890 5319 ποτήριόν
2928 5265 3027 5316 μου
3062 5247 3261 5311 πίεσθε,
3300 5242 3439 5300 τὸδὲ
3475 5251 3498 5279 ⁸

1903 5344 2109 5398 καθίσαι
2134 5343 2187 5397 έκ
2216 5339 2388 5405 δεξιῶν
2432 5359 2529 5409 μου
2559 5338 2641 5393 καί
2672 5339 2721 5402 ἐξ
2758 5338 3058 5410 εὐωνύμων,
3102 5338 3187 5390 οὐκ
3210 5333 3243 5391 ἕ
3244 5357 3354 5391 στιν
3385 5334 3502 5406 ἐμόν

1905 5441 2058 5491 τοῦτο
2086 5431 2274 5496 δοῦναι,
2308 5431 2416 5486 ἀλλ’
2451 5428 2524 5493 οἷς
2548 5431 2849 5503 ἡτοιμάσθη.
2878 5435 2939 5485 Τί
2964 5427 3018 5484 δέ
3044 5431 3291 5503 ποτηρίου
3320 5424 3499 5497 ὄνομα,

1903 5527 1946 5581 εί
1973 5530 2041 5595 μή
2069 5526 2126 5581 τὸ
2154 5525 2313 5584 πάθος
2334 5521 2398 5578 δι’
2413 5524 2571 5580 αὐτοῦ
2594 5526 2862 5594 σημαίνει;
2891 5521 2970 5576 Ἐν
2997 5522 3164 5591 τούτῳ
3193 5514 3277 5574 οὖν
3304 5516 3499 5574 δείκνυ-

1906 5640 2011 5680 ται,
2048 5616 2128 5672 ὅτι
2154 5615 2393 5675 Ἰακωϐός
2441 5617 2530 5686 μέν
2556 5617 2708 5672 πάθει
2757 5614 3038 5679 έτελειὼθη,
3084 5613 3311 5673 Ἰωάννης
3357 5610 3412 5668 δέ
3449 5612 3499 5665 ἐν

1986 5742 2007 5808 (ξ
2050 5732 2176 5808 bim,
2209 5732 2321 5786 τινά
2350 5728 2517 5808 κόρηνἓ

1982 5801 2007 5838 ά
2050 5803 2173 5875 bis"
2205 5808 2375 5857 ταῦτα
2404 5799 2540 5875 αὐτῷ
2570 5801 2703 5860 έδηλ.

1986 5884 2009 5914 ε
2050 5874 2175 5943 Ed.,
2208 5875 2472 5934 καθῆσθαι.
