3998 6356
427 244 536 309 279
1650 240 1894 301 SANCTI
1930 238 2255 301 GREGORII
2292 240 2507 302 MAGNI
3606 247 3722 306 280

1040 369 1241 420 KEOAA
1252 405 1266 420 .
1303 366 1419 419 κε’.

428 459 547 534 Περί
575 452 863 512 ’Δϐουνδίόυ
898 458 1285 548 παραμοναρίου
1322 467 1414 519 τῆς
1445 456 1605 517 αὐτῆς
1634 454 1899 515 ἐκκλησίας
1924 458 2017 511 τοῦ

1033 531 1179 600 ἁγίου
1212 531 1419 603 Πέτρου.

501 624 835 675 ΓΡΗΓΟΡῙΟΣ.
875 618 1089 697 Ἐτερὸς
1121 644 1200 684 τις
1232 622 1389 695 φύλαξ
1431 628 1525 682 τῆς
1550 622 1704 681 αὐτῆς
1740 619 2021 688 ὶκκλησίας.

427 715 490 773 οὑ
518 713 621 789 πρὸ
650 712 843 769 πολλῶν
872 715 1097 789 χρόνων,
1131 717 1289 776 καθὼς
1326 714 1369 767 οἱ
1414 714 1709 790 πρεσϐύται
1744 715 1882 783 ήμῶν
1911 710 2023 773 διη-

426 811 656 879 γοῦνται,
685 801 971 866 ’Δϐοὑνδιος
1001 804 1227 875 ὀνόματι,
1260 806 1311 859 ἂν
1345 806 1561 878 μεγίστῃ
1589 804 2023 880 ταπεινοφροσύνῃ

427 897 663 969 ὑπῆρχε,
697 902 896 956 πιστῶς
924 904 995 965 τῷ
1034 893 1409 968 παντοδυνάμῳ
1437 904 1546 968 Θεῷ
1582 895 1853 952 δουλεύων.
1879 894 2024 951 Ὀθεν

427 988 453 1040 ὁ
485 985 642 1047 αὐτὸς
666 989 913 1065 μακάριος
932 990 1115 1060 Πέτρος
1138 987 1163 1042 ὁ
1189 988 1521 1055 ’Δπόστολος,
1548 993 1776 1061 σημείοις
1801 987 2022 1055 ἐπέδειξε

426 1084 574 1136 ποίαν
603 1081 910 1160 προσδοκίαν
956 1087 982 1116 ⁸
1013 1083 1087 1141 εἰς
1116 1080 1267 1137 αὐτὸν
1310 1080 1495 1153 ὤφελον
1534 1080 1566 1137 ἕ
1568 1102 1683 1153 χειν
1725 1082 1772 1135 οἱ
1803 1083 2024 1155 γνησίως

427 1173 566 1244 αὑτῷ
594 1170 930 1231 δουλεύοντες.
963 1169 1091 1244 Κόρη
1140 1171 1240 1246 γάρ
1286 1191 1365 1231 τις
1407 1170 1731 1246 παραλυτική
1771 1180 1834 1247 τῇ
1871 1173 2025 1227 αὐτοῦ

431 1262 664 1339 ἐκκλησίᾳ
690 1262 1085 1339 παραμένουσα,
1113 1270 1227 1325 ταῖς
1258 1266 1445 1335 χερσίν
1470 1264 1721 1339 ἕρπουσα,
1750 1264 2026 1335 λελυμένων

429 1365 532 1415 τῶν
562 1363 752 1433 νεφρῶν
778 1356 935 1417 αὑτῆς
984 1351 1162 1423 ὅντων,
1203 1355 1262 1411 τὸ
1299 1362 1452 1429 σῶμα
1489 1357 1573 1413 ἐπὶ
1612 1363 1699 1417 τῆς
1726 1366 1819 1429 γῆς
1847 1354 2022 1432 ἔσυρε.

426 1450 663 1509 Πολλάκις
704 1446 759 1503 δὲ
786 1455 860 1519 τῷ
905 1448 1134 1521 μακαρίῳ
1180 1450 1350 1525 Πέτρῳ
1374 1456 1461 1520 ,τῷ
1501 1445 1790 1518 ’Δποστόλῳ
1828 1447 2023 1514 ἐδεήθη,

427 1539 564 1602 ὅπως
604 1542 781 1613 ὑγείας
807 1541 1009 1615 ἀξιωθῇ.
1044 1540 1124 1594 Ἐν
1150 1546 1243 1612 μιᾷ
1277 1538 1330 1596 δὲ
1354 1544 1499 1597 νυκτί
1534 1543 1768 1613 παρέστη
1799 1544 1930 1616 αὑτῇ
1960 1538 2026 1596 δι’

428 1637 707 1700 ὀπτασίας,
755 1636 838 1689 καί
871 1628 1029 1688 εἷπεν⁵
1061 1628 1273 1688 ’Ἄπελθε
1295 1634 1422 1705 πρὸς
1464 1632 1750 1691 ’Δϐούνδιον
1777 1634 1862 1690 τὸν
1899 1655 2026 1705 μαν·

2046 359 2101 419 Α

2707 350 2933 412 CAPUT
2970 353 3137 411 XXV.

2123 447 2203 505 De
2274 449 2487 505 Acontio
2554 446 3211 574 mansionago‘rejusdem
3283 446 3510 506 ecclesia
3585 448 3721 507 beati

2886 533 2913 573 ε
2962 535 3000 573 ι.

2886 533 3000 573 ειη.

2196 615 2520 673 Caesonius.
2564 613 2718 670 Alius
2739 613 2851 670 illic
2876 627 2986 669 non
3014 622 3139 671 ante
3159 613 3318 685 longa
3345 621 3607 685 tempora,
3639 616 3721 673 si-

2125 713 2216 762 cut
2239 707 2408 764 nostri
2435 704 2678 763 seniores
2708 706 2966 771 referunt,
3014 715 3195 763 custos
3218 706 3460 764 ecclesiae
3486 716 3511 744 ο
3533 709 3718 765 Acon-

2128 799 2232 855 tius
2259 799 2432 856 dictus
2453 808 2557 869 est,
2581 813 2789 869 magna:
2819 798 3137 855 humilitatis
3152 808 3310 871 atque
3326 802 3720 872 gravitatis'vir,

2126 891 2201 947 ita
2229 892 2585 962 omnipotenti
2609 892 2720 947 Deo
2748 890 2976 948 ﬁdeliter
3000 892 3262 959 serviens,
3288 902 3348 949 ut
3368 894 3512 952 idem
3532 897 3723 953 beatus

2126 982 2318 1041 Petrus
2372 985 2645 1055 apostolus
2700 984 2865 1054 signis
2918 984 3230 1041 ostenderet
3282 1000 3439 1057 quam
3506 987 3573 1043 de
3625 988 3725 1044 illo

2127 1075 2352 1132 haberet
2376 1076 2806 1132 aestimationem.
2836 1075 2968 1131 Nam
2996 1091 3115 1132 cum
3140 1077 3385 1148 quaedam
3428 1079 3601 1149 puella
3624 1094 3725 1150 pa-

2128 1169 2369 1241 ralytica,
2391 1171 2441 1224 in
2464 1170 2581 1239 ejus
2595 1169 2832 1225 Ecclesia
2856 1184 3199 1241 permanens,
3222 1171 3468 1227 manibus
3484 1184 3723 1243 reperet,

2128 1272 2183 1319 et
2209 1262 2229 1302 ί
2258 1263 2531 1319 dissolutis
2562 1264 2781 1320 renibus
2835 1278 3029 1335 corpus
3067 1280 3165 1336 per
3214 1274 3411 1321 terram
3457 1266 3723 1333 traheret,

2130 1354 2328 1426 diuque
2357 1355 2424 1411 ab
2450 1355 2639 1411 eodem
2668 1355 2825 1412 beato
2853 1356 3012 1411 Petro
3033 1357 3277 1425 apostolo
3302 1365 3508 1427 peteret
3537 1368 3599 1413 ut
3634 1373 3725 1413 sa-

2129 1448 2245 1504 nari
2267 1458 2586 1517 mereretur,
2619 1457 2777 1502 nocte
2800 1449 3029 1518 quadam
3061 1450 3108 1505 ei
3128 1464 3224 1520 per
3239 1451 3500 1506 visionem
3529 1452 3725 1522 astitit,

2131 1548 2187 1596 et
2213 1540 2350 1595 dixit
2384 1556 2400 1595 :
2430 1538 2580 1595 Vade
2607 1539 2673 1593 ad
2706 1524 2991 1595 Acontium
3044 1542 3485 1607 mansionarium.
3517 1552 3573 1599 et
3597 1558 3731 1615 roga

2130 1632 2304 1699 illum,
2348 1640 2402 1688 et
2442 1632 2556 1701 ipse
2587 1639 2614 1679 8
2647 1639 2698 1687 te
2726 1632 2882 1686 saluti
2927 1632 3192 1690 restituet.
3244 1632 3483 1705 Cumque
3524 1635 3614 1690 illa
3659 1636 3730 1693 de

425 1728 725 1801 σιωνάριον,
770 1729 852 1780 καὶ
896 1724 1254 1801 παρακάλεσον
1290 1726 1469 1790 αὑτὸν,
1508 1729 1594 1781 καί
1623 1728 1779 1786 αὑτός
1822 1746 1905 1781 σοι
1933 1731 2025 1787 τήν

2143 1737 2277 1784 tanta
2305 1726 2512 1782 visione
2552 1734 2696 1781 certa
2750 1732 2916 1791 esset,
2966 1724 3059 1781 sed
3107 1726 3225 1796 quis
3269 1735 3416 1781 esset
3464 1728 3732 1785 Acontius

428 1825 598 1897 ὑγείαν
645 1824 891 1898 παρέχει.
923 1828 1011 1883 Τίς
1051 1822 1105 1877 δὲ
1152 1820 1210 1882 ἦν
1248 1820 1569 1888 ’Δϐοὑνδιος,
1617 1822 1774 1880 ἐκείνη
1802 1823 1886 1875 οὐκ
1924 1822 2027 1894 ἐγί-

429 1937 611 1970 νωσκε.
637 1916 974 1991 Πληροφορίαν
1005 1913 1059 1967 δὲ
1088 1914 1141 1967 ἐκ
1167 1922 1256 1973 τῆς
1284 1915 1540 1972 ὀπτασίας
1569 1910 1833 1982 δεξαμένη,

430 2002 613 2079 ἤρξατο
642 2004 734 2061 ὦδε
764 2008 963 2060 κάκεῖσε
1002 2005 1052 2059 ἐν
1177 2004 1417 2079 ἐκκλησίᾳ
1447 2005 1703 2081 συρομένη
1730 2003 2022 2061 ’Δϐοὑνδιον

429 2101 705 2161 ἐπιζητεῖν,
736 2098 822 2152 ἶνα
848 2098 926 2156 τίς
948 2097 1088 2151 ἐστιν
1118 2096 1327 2169 ἐπιγνῷ.
1358 2094 1537 2168 Λῖφνης
1559 2091 1645 2150 οὖν
1671 2097 1721 2151 ἐν
1740 2096 2025 2157 ὑπαντήσει

430 2192 586 2251 αὐτῆς
614 2194 810 2263 γέγονεν
839 2187 893 2245 ὃν
920 2192 1105 2256 ἐζήτει,
1134 2191 1265 2265 πρὸς
1286 2186 1338 2243 ὃν
1367 2191 1449 2243 καί
1475 2184 1606 2243 εἷπε⁹
1638 2189 1915 2264 Παρακαλῶ
1940 2209 2022 2255 σε,

430 2280 615 2359 πάτερ,
648 2278 809 2346 δεῖξόν
837 2304 924 2353 μοι
950 2284 1026 2342 τίς
1065 2283 1203 2337 ἐστιν
1230 2278 1516 2341 ’Δϐούνδιος
1541 2278 1568 2335 ὁ
1604 2280 1780 2353 φύλαξ.
1813 2280 1940 2355 Πρὸς
1967 2281 2027 2339 ἦν

430 2376 581 2435 αὐτὸς
613 2375 877 2449 ἀπεκρίθη,
904 2374 1079 2445 λέγων’
1108 2371 1234 2446 Ἐγώ
1258 2376 1382 2445 εἰμι.
1411 2374 1590 2430 Ἐκείνη
1614 2366 1702 2425 οὖν
1721 2372 1851 2451 πρὸς
1878 2372 2030 2428 αὐτὸν

430 2466 539 2541 ἔφη·
567 2478 622 2519 ‘0
661 2473 845 2536 ποιμήν
883 2468 1022 2537 ήμῶν
1067 2469 1150 2521 καὶ
1176 2469 1391 2543 τροφεὺς
1432 2465 1457 2520 ὁ
1497 2468 1744 2537 μακάριος
1786 2465 1973 2540 Πέτρος
2000 2462 2028 2520 ὃ

431 2558 734 2618 ’Λπόστολος
774 2557 905 2632 πρὸς
939 2578 996 2611 σε
1028 2557 1289 2613 ἀπέστειλέ
1318 2576 1415 2627 με,
1464 2554 1607 2615 ὅπως
1649 2558 1703 2610 ἐκ
1743 2566 1836 2617 τῆς
1877 2554 2028 2611 νόσου

432 2648 629 2710 ταύτης
654 2650 919 2726 λυτρώσης
950 2670 1030 2720 με.
1072 2650 1235 2711 Αὐτὸς
1263 2647 1319 2705 δὲ
1354 2649 1485 2726 πρὸς
1513 2649 1669 2707 αὑτήν
1712 2642 1871 2703 εἶπεν
1915 2647 2029 2703 Ἐἀν

434 2740 559 2812 παρ’
588 2743 751 2796 αὑτοῦ
793 2741 1107 2806 ἀπεστάλης,
1159 2742 1371 2797 ἀνάστα.
1421 2742 1511 2795 Καί
1557 2738 1585 2777 ι’
1634 2743 1902 2813 κρατήσας
1941 2743 2032 2798 τήν

437 2840 595 2907 χεῖρα
635 2834 812 2896 αὐτῆς.
843 2835 1036 2892 ταύτην
1076 2835 1127 2888 ἐν
1153 2841 1217 2907 τῇ
1258 2834 1423 2910 ἡλικίᾳ
1454 2834 1614 2894 αὐτῆς
1639 2834 1881 2907 παραυτά
1899 2832 2031 2887 ’ἀν-5-

435 2925 629 2999 ψωσεν.
659 2936 736 2981 Ἐκ
760 2937 853 2989 τῆς
883 2930 1022 3000 ὥρας
1053 2921 1142 2984 οὖν
1181 2929 1391 2995 ἐκείνης,
1436 2927 1571 2983 οὕτω
1610 2928 1779 2983 πάντα
1805 2929 1872 2983 τά
1909 2927 2033 2999 μίλη

436 3020 517 3073 καί
545 3022 610 3074 τά
634 3027 788 3095 νεῦρα
817 3022 975 3082 αὐτῆς
998 3022 1394 3097 ἐστερεώθησαν,
1426 3022 1557 3077 ὥστε
1588 3027 1795 3091 σημεῖον
1815 3027 1907 3079 τῆς
1935 3040 2033 3075 πα-

2133 1822 2297 1893 336
2309 1821 2597 1891 ignoraret,
2615 1820 2779 1888 erepit
2794 1819 2898 1875 huc
2917 1818 3147 1890 illucque
3162 1835 3259 1894 per
3275 1820 3650 1878 ecclesiaeloca
3674 1837 3733 1879 se

2132 1914 2372 1976 trahere,
2406 1921 2463 1965 ut
2493 1910 2609 1981 quis
2640 1919 2781 1967 esset
2809 1909 3067 1965 Acontius
3098 1910 3460 1981 investigaret.
3511 1913 3612 1968 Cui
3646 1929 3734 1969 re-

2130 2010 2289 2072 pente
2312 2002 2429 2072 ipse
2471 2002 2643 2056 factus
2672 2011 2756 2058 est
2784 2002 2995 2070 obvius,
3036 2017 3194 2072 quem
3226 2005 3523 2074 quaerebat,
3574 2006 3733 2076 eique

2130 2093 2263 2149 dixit
2295 2112 2307 2147 :
2340 2093 2487 2164 Rogo
2514 2102 2587 2161 te,
2612 2093 2793 2162 Pater,
2827 2094 3002 2151 indica
3022 2094 3155 2150 mihi
3182 2097 3299 2167 quis
3344 2105 3431 2153 est
3462 2098 3733 2157 Acontius

2131 2186 2354 2241 custos?
2379 2185 2477 2241 Cui
2508 2184 2602 2241 ille
2631 2185 2907 2255 respondit
2934 2202 2951 2239 :
2976 2185 3090 2256 Ego
3112 2199 3253 2241 sum.
3282 2188 3353 2243 At
3381 2187 3475 2242 illa
3503 2189 3685 2259 inquit
3714 2206 3730 2243 :

2132 2275 2327 2332 Pastor
2354 2284 2408 2331 et
2434 2276 2669 2332 nutritor
2698 2284 2885 2333 noster
2904 2277 3091 2333 beatus
3112 2278 3303 2334 Petrus
3342 2281 3627 2350 apostolus
3666 2281 3733 2337 ad

2132 2375 2186 2424 te
2208 2383 2295 2424 me
2314 2368 2482 2431 misit,
2515 2376 2574 2423 ut
2598 2368 2667 2423 ab
2691 2368 3000 2432 inﬁrmitate
3028 2369 3126 2426 ista
3150 2370 3377 2428 liberare
3397 2387 3485 2428 me
3506 2373 3731 2431 debeas.

2131 2457 2229 2515 Cui
2260 2460 2350 2516 ille
2379 2460 2655 2532 respondit
2700 2478 2714 2514 :
2744 2460 2801 2516 Si
2833 2461 2901 2516 ab
2941 2462 3059 2532 ipso
3088 2463 3252 2519 missa
3282 2478 3362 2531 es,
3408 2479 3594 2535 surge.
3626 2466 3738 2521 Ma-

2134 2551 2513 2632 numqueejus
2545 2551 2737 2620 tenuit,
2759 2562 2815 2608 et
2842 2567 2960 2609 eam
2991 2554 3043 2608 in
3082 2563 3277 2611 statum
3303 2571 3457 2613 suum
3483 2558 3737 2627 protinus

2134 2646 2324 2701 erexit.
2354 2645 2551 2715 Sicque
2578 2658 2646 2701 ex
2691 2646 2783 2702 illa
2827 2646 2959 2703 hora
3016 2662 3209 2705 omnes
3254 2652 3309 2706 in
3348 2652 3465 2722 ejus
3503 2667 3739 2724 corpore

2135 2737 2286 2793 nervi
2333 2752 2396 2794 ac
2445 2738 2691 2795 membra
2731 2738 2955 2795 solidata
2995 2749 3142 2807 sunt,
3173 2750 3234 2798 ut
3270 2744 3557 2799 solutionis
3588 2746 3734 2801 illius

2135 2830 2285 2900 signa
2324 2829 2553 2886 ulterius
2578 2831 2723 2887 nulla
2754 2842 3117 2889 remanerent.
3157 2832 3264 2890 Sed
3314 2835 3359 2889 si
3390 2844 3586 2891 cuncta
3615 2851 3737 2907 qure

2136 2924 2190 2979 in
2212 2922 2330 2993 ejus
2349 2922 2576 2979 ecclesia
2597 2932 2749 2994 gesta
2779 2924 3146 2995 cognovimus,
3169 2925 3419 2982 evolvere
3447 2939 3737 2997 conamur,

2139 3019 2207 3072 ab
2238 3017 2474 3071 omnium
2518 3014 2629 3085 jam
2682 3016 3029 3086 proculdubio
3074 3020 3385 3074 narratione
3414 3020 3742 3076 conticesci-

435 3110 697 3185 ραλύσεως
724 3114 774 3167 ἐν
801 3114 933 3188 αὑτῇ
961 3114 1020 3169 τὸ
1064 3112 1274 3168 καθόλου
1320 3117 1389 3185 μή
1431 3114 1773 3183 ἐναπομεῖναι.
1811 3111 1919 3165 Ἐάν
1948 3104 2032 3165 οὖν

2143 3122 2281 3164 mus.
2304 3106 2456 3163 Unde
2476 3120 2699 3163 necesse
2723 3117 2806 3163 est
2832 3118 2889 3163 ut
2912 3108 2979 3164 ad
3002 3106 3032 3146 ιι
3053 3110 3341 3167 modernos
3365 3112 3576 3183 Patres,
3601 3130 3743 3184 quo-

435 3200 658 3272 ἄπαντα,
705 3202 838 3280 ἅπερ
877 3205 927 3259 ἐν
965 3212 1027 3279 τῇ
1052 3207 1204 3261 αὑτοῦ
1235 3203 1480 3280 ἓκκλησίᾳ
1503 3204 1745 3277 γενόμενα
1771 3203 2032 3275 θαύματα,

435 3293 469 3351 ἃ
507 3299 591 3351 καὶ
627 3295 879 3370 ἔγνωμεν,
929 3294 1274 3369 διηγήσασθαι
1318 3297 1639 3368 Θελήσωμεν,
1672 3298 1863 3370 ἀνάγκη
1901 3298 2038 3367 ἡμᾶς

2142 3216 2262 3258 rum
2291 3199 2398 3267 vita
2424 3213 2521 3270 per
2546 3199 2711 3256 Italiae
2739 3200 3044 3271 provincias
3064 3203 3276 3272 claruit,
3302 3205 3617 3264 narratiose
3639 3224 3740 3264 no-

2146 3305 2255 3352 stra
2285 3302 2611 3364 retorqueat.

436 3397 652 3462 σιγῆσαι
677 3389 730 3444 ἐκ
755 3391 963 3446 πάντων
991 3397 1090 3446 τῶν
1125 3390 1311 3445 λοιπῶν
1340 3398 1365 3426 ο
1413 3387 1717 3461 διηγήσεων.
1757 3386 2161 3464 Ἀναγκαιὸτερον
2189 3386 2243 3444 δὲ
2274 3390 2455 3460 μᾶλλον
2483 3391 2706 3465 ἡγοῦμαι
2730 3394 2821 3450 τὴν
2840 3390 3090 3461 ἡμετέραν
3115 3389 3348 3463 διήγησιν
3375 3392 3450 3453 είς
3486 3394 3615 3457 τοὺς

437 3483 556 3543 τίως
604 3484 653 3535 ἕν
700 3490 762 3560 τῇ
819 3483 1006 3557 Ἰταλίᾳ
1061 3481 1453 3553 διαλάμψαντας
1497 3481 1729 3555 πατέρας
1769 3480 1797 3517 ⁴¹
1850 3478 2168 3553 ἀνακάμψαι.

1050 3604 1275 3651 ΚΕΦΔΛ.
1318 3595 1431 3658 ιςξ.

929 3690 1048 3763 Περί
1075 3693 1221 3749 Μηνᾶ
1243 3690 1529 3764 Ἐρημίτου.

513 3780 589 3838 Ἐν
618 3790 681 3853 τῇ
722 3790 939 3858 Σαμνεὶᾳ
978 3784 1135 3859 χώρᾳ
1170 3783 1358 3850 ἀρτίως
1385 3783 1580 3856 γέγονεν
1611 3783 1737 3855 ἀνήρ
1780 3802 1860 3843 τις
1885 3782 2034 3837 εὐλα-

443 3876 697 3935 ϐέστατος
743 3880 918 3936 Μηνᾶς
969 3874 1515 3954 προσαγορευόμενος,
1564 3875 1653 3931 τὸν
1699 3879 1890 3951 μονήρη
1928 3876 2036 3947 βίον

442 3968 697 4040 ἑλόμενος·
733 3965 880 4027 ὅστις
898 3967 1097 4029 πολλοῖς
1116 3974 1216 4023 τῶν
1237 3969 1495 4043 ἡμετέρων
1518 3968 1747 4039 γνωστὸς
1772 3969 2034 4043 ὑπῆρχεν,

443 4060 588 4122 ὅστις
621 4061 722 4137 πρὸ
757 4062 954 4123 ταύτης
990 4068 1083 4123 τῆς
1126 4060 1386 4124 δεκαετίας
1411 4062 1494 4117 τὸν
1538 4062 1647 4133 βίον
1679 4062 1892 4117 ἐτέλεσε.
1923 4053 2041 4137 Περὶ

444 4149 499 4207 δί
538 4157 636 4206 τῶν
676 4151 865 4208 τούτου
892 4149 1067 4230 ἔργων,
1098 4153 1200 4224 οὐχ
1227 4152 1315 4208 ἵνα
1353 4152 1598 4228 μάρτυρα
1622 4155 1880 4231 προφέρωο
1911 4174 2041 4211 τοσ-

444 4250 587 4301 οῦτοι
639 4247 736 4321 γὰρ
782 4254 846 4319 τῇ
888 4247 1119 4322 πολιτείᾳ
1154 4248 1311 4303 αὐτοῦ
1350 4255 1739 4325 μαρτυροῦσιν,
1790 4246 1905 4304 ὅσοι
1951 4256 2042 4310 τήν

446 4339 629 4412 χώραν
656 4338 848 4408 Σάμνης
877 4338 1174 4415 ἐγνώρισαν.
1203 4335 1371 4400 Οὗτος
1398 4339 1541 4396 οὐδὲν
1567 4341 1741 4417 ἕτερον
1771 4344 1843 4403 εἰς
1870 4348 2043 4398 πᾶσαν

446 4432 605 4487 αὐτοῦ
635 4429 874 4507 φροντίδα
910 4432 1165 4500 ἐκέκτητο,
1192 4434 1237 4488 εί
1260 4438 1330 4505 μή
1362 4434 1537 4507 ὀλίγων
1568 4436 1820 4506 μελισσῶν
1857 4438 2038 4495 σκεύη.

449 4521 807 4599 Λογγοϐάρδος
832 4521 885 4579 δέ
905 4545 984 4586 τις
1015 4525 1147 4582 αὖτά
1173 4525 1358 4585 κλοπήν
1386 4526 1597 4586 ἠθέλησε
1627 4535 1859 4586 ποιήσαι.
1891 4539 1946 4582 '0
1987 4526 2043 4583 δὲ

446 4620 538 4669 τοῦ
569 4620 699 4669 Θεοῦ
726 4611 993 4685 ἅνθρωπος
1011 4616 1145 4690 λόγῳ
1173 4625 1515 4692 παραινετικῷ
1543 4624 1721 4673 τοῦτον
1749 4623 2042 4691 κατήχησε.

2716 3596 2944 3656 CAPUT
2984 3598 3172 3657 XXVI.

2522 3688 2602 3744 De
2640 3687 2795 3745 Mena
2832 3691 3082 3747 monacho
3119 3693 3371 3748 solitario.

2216 3778 2398 3849 Nuper
2425 3780 2479 3835 in
2536 3781 2552 3817 ί
2596 3780 2803 3837 Samnii
2854 3782 3127 3853 provincia
3173 3785 3389 3854 quidam
3420 3788 3746 3846 venerabilis

2145 3870 2251 3940 vir,
2298 3873 2311 3922 i
2372 3873 2557 3929 Menas
2585 3874 2822 3943 nomine,
2856 3874 3145 3931 solitariam
3174 3876 3339 3932 vitam
3370 3876 3626 3946 ducebat,
3658 3880 3747 3952 qui

2150 3970 2457 4019 nostrorum
2481 3964 2662 4020 multis
2683 3966 2951 4037 cognitus,
2982 3976 3107 4023 ante
3129 3967 3231 4024 hoc
3258 3967 3373 4026 fere
3416 3970 3747 4029 decennium

2152 4053 2435 4111 defunctus
2459 4066 2563 4113 est.
2590 4057 2667 4113 De
2694 4058 2844 4129 cujus
2872 4061 3051 4131 operis
3088 4061 3393 4120 narratione
3434 4079 3601 4121 unum
3648 4082 3747 4122 an-

2149 4154 2355 4202 ctorem
2393 4162 2501 4204 non
2546 4147 2738 4217 infero,
2779 4153 2903 4221 quia
2948 4168 3086 4223 pene
3114 4162 3193 4209 tot
3226 4154 3361 4210 mihi
3403 4156 3457 4211 in
3486 4156 3608 4227 ejus
3643 4160 3749 4217 vita

2150 4246 2317 4295 testes
2338 4250 2480 4309 sunt,
2525 4252 2655 4313 quot
2681 4243 2885 4300 Samnii
2938 4246 3266 4316 provinciam
3309 4258 3595 4306 noverunt.
3650 4251 3750 4307 Hic

2150 4334 2330 4406 itaque
2372 4335 2501 4390 nihil
2537 4335 2605 4391 ad
2636 4352 2787 4393 usum
2812 4353 2967 4396 suum
2993 4340 3158 4410 aliud,
3190 4340 3292 4396 nisi
3324 4356 3491 4413 pauca
3523 4341 3549 4381 ιι
3580 4359 3749 4416 apum

2152 4428 2370 4484 vascula
2398 4428 2727 4498 possidebat.
2763 4430 2900 4486 Huic
2939 4445 3059 4487 cum
3102 4432 3485 4505 Langobardos
3525 4436 3749 4506 quidam

2157 4524 2171 4563 1
2194 4524 2246 4580 in
2264 4524 2464 4581 eisdem
2482 4524 2671 4595 apibus
2685 4525 2925 4596 rapinam
2945 4527 3199 4584 voluisset
3217 4514 3481 4599 ingerere,
3507 4531 3661 4599 prius
3681 4530 3750 4588 ab

2153 4620 2341 4676 eodem
2361 4620 2478 4675 viro
2492 4621 2658 4676 verbo
2676 4628 2956 4692 correptus
2977 4632 3080 4688 est,
3109 4630 3162 4677 et
3183 4636 3307 4678 mox
3332 4637 3430 4693 per
3450 4623 3749 4696 malignum

447 4712 777 4779 Παραχρῆμα
806 4702 861 4759 δὲ
886 4705 1143 4776 πνεύματι
1173 4713 1378 4779 πονηρῷ
1405 4705 1633 4779 πληγείς,
1657 4708 1803 4782 παρά
1828 4706 1894 4761 τά
1920 4704 2032 4779 ἴχντ

2154 4714 2399 4784 spiritum
2432 4721 2557 4771 ante
2586 4714 2703 4785 ejus
2715 4716 2938 4786 vestigia
2961 4724 3203 4773 vexatus.
3231 4717 3345 4784 Qua
3372 4733 3438 4773 ex
3464 4733 3526 4775 re
3546 4718 3752 4778 factum

450 4796 603 4851 αὐτοῦ
630 4798 823 4862 πεσὼν,
856 4795 1063 4874 ἐρράγη.
1098 4795 1181 4850 Ἐκ
1206 4798 1392 4853 τούτου
1423 4791 1517 4851 οὖν
1552 4797 1775 4870 γέγονεν,
1805 4798 1936 4853 ὥστε
1963 4802 2050 4852 καί

448 4886 596 4959 παρά
628 4892 719 4941 τοῦ
751 4887 907 4943 αὑτοῦ
936 4888 1209 4964 βαρϐάρου
1235 4887 1431 4955 ἴθνους,
1473 4889 1639 4950 καθὼς
1668 4892 1754 4947 καὶ
1780 4892 1925 4966 παρά
1946 4897 2048 4947 τῶν

449 4975 708 5052 παροίκων
736 4978 797 5033 τὸ
823 4979 977 5036 αὑτοῦ
1002 4978 1159 5055 ὄνομα
1184 4983 1516 5044 σεϐασθῆναι.
1546 4982 1726 5047 Οὐδείς
1751 4983 1805 5041 δί
1834 4991 1928 5043 τοῦ
1952 4987 2051 5043 λοι-

525 5157 551 5227 ξι
593 5146 719 5227 με..
748 5152 881 5225 πρὸς
906 5155 1053 5211 αὑτὸν
1080 5155 1377 5227 ὀφείλουσιν.

472 5248 473 5251 η
528 5216 557 5258 ι»
595 5216 722 5310 M5,,
739 5216 1014 5310 facere”;
1042 5216 1197 5310 αὑτήν
1224 5238 1316 5310 τῆς
1335 5251 1529 5310 ιχειρος
1543 5232 1593 5287 ἐν
1613 5239 1677 5310 τῇ
1701 5233 1864 5294 ήλικία
1890 5234 2051 5298 αὐτῆς

454 5294 700 5365 παραυτά
727 5294 997 5366 ἀνύψωσεν
1025 5299 1200 5357 αὑτήν.
1228 5294 1356 5357 ’Δπὸ
1366 5294 1468 5363 τῆς
1495 5297 1653 5379 ὥρας.

529 5371 552 5399 ⁸
591 5362 718 5421 ΜΒ..
747 5363 1034 5421 διηγήσεων
1064 5372 1153 5421 μέν
1181 5372 1581 5421 ἀναγκαιότερον-

529 5372 552 5399 ⁸
591 5372 718 5429 Ms.,
747 5372 1034 5439 διηγήσεων
1062 5372 1153 5439 μὲν
1181 5372 1241 5424 ἀν
1377 5372 1581 5453 ιότερον.

453 5502 509 5527 ³..
526 5429 717 5527 il???
752 5437 1069 5527 ἀνακάμψαι,
1204 5393 1373 5513 ὁαβζδῗ
1397 5440 1458 5500 δι’
1486 5448 1677 5526 ἀρετῶν
1709 5448 2047 5527 ἔλαμπρύνθη.

646 5513 871 5585 Σαμνείει-
885 5513 1063 5585 χώρᾳ,
1078 5521 1198 5585 etc.

537 5562 1289 5656 {PauciPlrab'e'niiibandias
1336 5598 1470 5656 quos
1510 5587 1652 5644 Edit.
1694 5593 1865 5647 secuti
1903 5602 2050 5648 sunt.

460 5644 677 5725 Legitur
716 5650 878 5725 etiam
927 5651 1195 5725 Manilius
1230 5655 1283 5708 in
1338 5644 1524 5712 Crzeca
1553 5644 1714 5719 vers:
1729 5644 2048 5725 sanctorum

460 5716 584 5774 albo
613 5717 923 5779 inscribitur
946 5723 1013 5781 ad
1045 5724 1187 5782 diem
1208 5725 1278 5783 24
1305 5728 1478 5799 April.

2158 4814 2314 4862 estut
2343 4808 2484 4862 sicut
2504 4806 2643 4877 apud
2664 4821 2851 4862 omnes
2881 4808 3106 4876 incolas,
3138 4808 3209 4863 ita
3238 4808 3397 4864 etiam
3429 4810 3573 4881 apud
3596 4826 3749 4868 eam-

2158 4897 2282 4954 dem
2302 4898 2585 4954 barbaram
2606 4907 2819 4970 gentem
2847 4898 2962 4968 ejus
2989 4899 3204 4956 celebre
3220 4915 3415 4958 nomen
3434 4900 3747 4972 haberetur,

2160 4990 2445 5061 nullusque
2475 4990 2609 5046 uitra
2645 4999 2995 5061 praesumeret
3021 4992 3137 5063 ejus
3166 4993 3413 5050 cellulam
3441 4993 3546 5050 nisi
3580 5004 3619 5033 ω
3645 4996 3746 5050 ιιιις

2233 5164 2254 5205 τ
2278 5166 2529 5239 Longip.,
2561 5166 2743 5239 dissol.
2766 5170 3004 5239 genibus.

2226 5246 2252 5308 ti
2277 5236 2419 5293 Pler.
2454 5236 2618 5308 Editi,
2647 5236 2876 5308 ipse—tibi
2904 5240 3118 5297 salutem
3136 5245 3386 5301 restituet.
3500 5270 3501 5273 η

2228 5305 2257 5344 ιι
2283 5307 2583 5384 Compendi
2607 5305 2891 5384 et'primus
2907 5314 3149 5384 Carnot.,
3169 5317 3239 5371 ad
3261 5317 3515 5373 modestos
3540 5315 3743 5377 Patres.

2156 5379 2512 5451 Consentium
2538 5380 2646 5436 duo
2674 5380 2884 5451 Theod,

2237 5450 2253 5489 ί
2290 5451 2434 5505 Plur.
2460 5450 2585 5513 Mss.
2621 5452 2708 5508 hic
2736 5463 2790 5508 et
2809 5450 2958 5521 alibi,
2986 5454 3234 5512 Samnite.

2232 5522 2246 5595 _i
2284 5523 2405 5595 [lies
2437 5522 2500 5576 11
2528 5524 2845 5595 Novembris
2875 5525 2993 5595 ejus
3022 5529 3297 5586 memoriae
3326 5530 3554 5588 dicatur.

2230 5592 2253 5674 ξι
2283 5591 2467 5674 Cernit.
2509 5608 2631 5674 cum
2663 5594 2870 5674 Gcmet.
2904 5591 2969 5651 ac
2996 5598 3115 5654 aliis
3139 5599 3344 5671 Norm.,
3367 5604 3564 5674 apium.

2236 5662 2379 5737 [γει
2408 5665 2480 5737 in.
2484 5665 2713 5732 ejusdem
2740 5668 2940 5737 apibus.

2229 5733 2267 5757 “‘
2300 5735 2409 5789 Duo
2441 5732 2685 5801 Carnot.,
2722 5732 3002 5794 humiliter.

3940 1802 3949 1891 Ι
