3998 6356
148 702 162 738 ι

150 741 160 775 ς

147 778 158 852 .'

200 328 296 387 εει

1436 319 1878 383 οιΑιοροιιυΜ
1902 314 2116 376 LIBER
2157 315 2243 372 Ill.

3356 294 3465 377 282

198 441 333 498 milis
378 438 601 495 intrare.
650 437 803 508 Seps
825 450 957 494 vero
1002 450 1068 495 ex
1113 438 1285 494 vicina
1330 438 1460 496 silva
1489 439 1766 496 venientes

1888 441 1970 489 τοῦ
2000 431 2272 503 ἐτόλμησεν
2312 448 2363 484 εν
2413 435 2486 503 τῷ
2742 430 2924 500 αὐτοῦ,
2970 430 3016 485 εί
3043 434 3113 502 μὴ
3141 431 3193 486 έν
3237 453 3466 491 ταπεινο.

198 532 322 601 ursi,
348 545 480 602 apes
506 530 621 602 ejus
650 529 932 587 comedere
971 532 1301 588 conabamur
1333 548 1348 588 :
1386 548 1521 603 quos
1550 534 1637 589 ille
1662 534 1769 590 de-

196 621 505 693 prehensos,
536 620 726 687 ferula,
773 636 928 691 quam
959 629 1175 692 portare
1203 638 1362 678 manu
1391 631 1767 690 consueverat,

195 712 444 769 cadebat.
498 711 638 768 Ante
681 713 834 783 cujus
878 716 1103 771 verbera
1138 716 1537 772 immanissima;
1587 717 1771 773 bestias

194 805 488 879 rugiebant,
521 815 575 863 et
592 805 888 877 fugiebant;
921 816 1115 879 etquae
1142 809 1349 880 gladios
1375 810 1664 867 formidare
1683 811 1771 866 vix

192 906 458 969 poterant,
484 912 555 953 ex
577 897 698 967 ejus
726 913 885 954 manu
909 899 1045 955 ictus
1090 901 1275 957 ferulae
1301 899 1769 971 pertimescebant.

191 990 357 1062 Hujus
386 990 624 1048 studium
650 990 751 1047 fuit
775 990 909 1047 nihil
941 992 993 1047 in
1026 992 1127 1048 hoc
1156 993 1356 1048 mundo
1393 993 1611 1059 habere,
1640 993 1773 1048 nihil

190 1099 464 1155 quaerere;
493 1098 681 1141 omnes
706 1085 795 1156 qui
821 1084 888 1140 ad
914 1100 974 1141 se
993 1085 1275 1143 cbaritatis
1295 1101 1455 1143 causa
1466 1087 1769 1155 veniebant,

189 1177 250 1231 ad
279 1185 499 1233 eterna:
523 1178 646 1233 vita:
674 1177 940 1234 desideria
971 1179 1292 1236 accendere.
1355 1179 1409 1236 Si
1439 1180 1651 1251 quando
1680 1196 1777 1236 au-

190 1275 295 1323 tem
320 1270 679 1338 quorumlibet
702 1270 883 1341 culpas
912 1280 1245 1341 agnosceret,
1280 1286 1549 1344 nunquam
1595 1272 1662 1328 ab
1694 1272 1777 1328 in-

192 1361 501 1430 crepatione
528 1376 767 1430 parcere,
798 1363 917 1430 sed,
940 1366 1139 1420 amoris
1169 1366 1291 1435 igne
1319 1378 1631 1433 succensus,
1662 1372 1775 1420 stu-

188 1451 349 1508 debat
374 1453 429 1508 in
456 1454 536 1509 eis
557 1453 904 1511 vehementer
923 1470 1020 1527 per
1046 1455 1279 1527 linguam
1300 1456 1511 1512 saevire.
1535 1455 1776 1512 Consue-

187 1542 426 1597 tudinem
463 1558 594 1599 vero
619 1544 775 1600 vicini
801 1546 885 1601 vel
908 1546 1065 1618 longe
1095 1547 1252 1617 positi
1279 1547 1522 1619 ejusdem
1550 1549 1651 1603 loci
1680 1562 1775 1604 ac-

187 1634 320 1690 colae
368 1634 605 1691 fecerant
640 1644 701 1691 ut
742 1636 931 1694 diebus
983 1640 1206 1709 singulis
1254 1654 1351 1710 per
1387 1639 1779 1696 hebdomadam

187 1726 553 1797 unusquisque
579 1728 628 1784 ei
652 1727 950 1785 oblationes
979 1744 1102 1786 suas
1131 1734 1535 1799 transmitteret,
1556 1743 1614 1788 ut
1635 1742 1779 1789 esset

1870 526 2114 602 φροσύνῃ,
2159 522 2408 578 εἰσελθεῖν.
2456 520 2695 583 Πολλάκις
2741 517 2796 576 δὲ
2846 522 2901 575 ἐκ
2943 528 3036 582 τῆς
3082 522 3464 595 γειτνιαζούσης

1870 618 1992 680 ὕλης
2019 616 2165 693 ὅρκοι
2192 616 2482 692 ἐρχόμενοι,
2516 616 2585 672 τά
2618 615 2861 687 μελίσσια
2904 616 3060 670 αὐτοῦ
3101 624 3274 691 φαγεῖν
3300 617 3467 674 ἐδοκί-

1871 735 2061 786 μασαν,
2083 712 2172 774 οὓς
2192 714 2375 774 ἐκεῖνος
2405 714 2594 774 πιάσας
2618 720 2694 783 τῷ
2715 713 2960 790 ναρθηκίῳ
2989 710 3227 778 ἔτυπτεν,
3252 710 3383 787 ὅπερ
3411 713 3466 772 ἐν

1870 810 1935 879 τῇ
1984 806 2126 880 χειρί
2165 805 2321 859 αὐτοῦ
2367 804 2642 875 βαστάζειν
2690 801 2881 858 εἴωθεν.
2912 802 2994 857 Ἐν
3037 801 3092 858 δέ
3133 812 3254 864 ταῖς
3306 806 3466 861 αὐτοῦ

1874 900 2105 970 μάστιξι,
2154 900 2220 954 τά
2267 897 2473 969 θυμῶδη
2505 900 2655 972 θηρία
2692 899 2854 953 ἐκεῖνα
2897 897 3097 969 βοῶντα
3144 898 3466 971 ἀνεχώρουν,

1876 991 1965 1044 καί
1989 990 2056 1044 τά
2083 992 2153 1059 μή
2182 989 2594 1059 ὐποστελλόμενα
2619 987 2777 1059 ξίφος,
2822 992 2913 1046 τὴν
2952 988 3007 1040 ἐκ
3032 993 3124 1047 τῆς
3164 990 3340 1062 χειρὸς
3370 989 3469 1041 αὐσσ

1878 1086 1972 1136 τοῦ
2000 1081 2233 1155 μάστιγα
2274 1078 2359 1136 διά
2404 1087 2490 1136 τοῦ
2538 1078 2805 1153 ναρθηκίου
2856 1079 3147 1151 ἐφοϐοῦντο.
3191 1076 3393 1134 Τούτου
3439 1081 3473 1138 ἡ

1878 1180 2028 1231 πᾶσα
2047 1172 2247 1233 σπουδή
2279 1174 2327 1227 ἐν
2356 1182 2429 1247 τῷ
2467 1173 2683 1250 παρόντι
2832 1169 2976 1227 οὐδέν
3004 1172 3177 1244 ἕτερον
3204 1172 3468 1248 ὑπῆρχεν,

1879 1269 1925 1322 εί
1953 1272 2023 1338 μή
2045 1269 2165 1328 τούς
2186 1266 2312 1344 πρὸς
2332 1267 2483 1321 αὐτὸν
2502 1265 2705 1335 ἀγάπης
2732 1265 2889 1336 χάριν
2913 1264 3252 1339 ἐρχομένους,
3286 1266 3357 1324 εἰς
3381 1268 3474 1322 τήν

1878 1365 1970 1420 τῆς
2010 1358 2213 1413 αἰωνίου
2245 1360 2378 1422 ζωῆς
2405 1357 2671 1426 ἐπιθυμίαν
2700 1352 2967 1429 διεγεῖραι.
2994 1354 3107 1408 Ἐὰν
3141 1352 3192 1408 δέ
3223 1354 3309 1409 καί
3347 1353 3491 1425 ποτέΔ

1879 1436 2023 1516 τινος,
2052 1463 2290 1524 πταῖσμα
2328 1451 2525 1526 διέγνω,
2576 1450 2807 1524 οὐδαμῶς
2848 1450 3075 1523 ἐλέγχων
3120 1457 3300 1507 τοῦτον
3348 1451 3476 1522 ἐφεί-

1880 1545 2018 1603 δετο.
2050 1548 2195 1605 ’Δλλά
2220 1556 2293 1621 τῷ
2337 1556 2428 1608 τῆς
2469 1548 2671 1620 ἀγάπης
2712 1548 2840 1618 πυρὶ
2884 1545 3223 1615 ἓκκαιόμενος,
3267 1545 3476 1602 ἐσκόπει

1880 1647 1993 1701 πῶς
2018 1642 2191 1701 αὐτοῖς
2221 1638 2305 1696 διά
2334 1655 2425 1702 τῆς
2452 1640 2682 1714 γλώττης
2723 1635 3033 1708 καθάψηται.
3059 1634 3211 1700 Ἕθος
3249 1635 3305 1692 δέ
3329 1635 3480 1709 εἶχον

1882 1730 1927 1784 οί
1953 1732 2318 1803 γειτνιάζοντες
2337 1739 2409 1800 τῷ
2432 1728 2595 1801 τόπῳ,
2617 1732 2703 1784 καί
2724 1730 2770 1783 οἱ
2792 1731 2847 1783 ἐκ
2869 1731 3062 1801 μήκους
3085 1734 3480 1803 παροικοῦντες,

186 1817 329 1889 quod
353 1819 470 1888 ipse
495 1818 563 1874 ad
584 1835 643 1875 se
668 1821 1005 1878 venientibus
1025 1822 1219 1880 offerre
1236 1826 1517 1891 potuisset.
1532 1826 1773 1894 Quodam

1888 1821 1987 1876 καθ’
2017 1822 2237 1881 ἑκάστην
2267 1822 2455 1896 ἡμέραν
2488 1830 2580 1881 τῆς
2608 1817 2914 1891 ἑϐδομάδος,
2943 1820 3160 1880 ἕκαστος
3196 1819 3362 1875 αὐτῶν
3388 1826 3479 1881 τήν

187 1925 321 1965 vero
348 1921 591 1981 tempore
620 1927 902 1982 possessor
929 1913 1171 1984 quidam,
1218 1913 1491 1972 Carterius
1539 1918 1774 1985 nomine,

1888 1912 2073 1968 ἑαυτοῦ
2104 1910 2332 1985 εὐλογίαν
2358 1913 2489 1985 πρὸς
2509 1910 2659 1966 αὐτόν
2685 1910 3006 1975 ἀποστεῖλαι,
3037 1912 3121 1965 ἶνα
3142 1908 3251 1984 ἔχῃ
3272 1932 3325 1967 τι
3351 1910 3477 1987 παρ’

188 2005 470 2062 immundo
498 2007 766 2064 desiderio
794 2008 1059 2076 devictus,
1091 2010 1373 2080 quamdam
1401 2012 1779 2068 sanctimonia-

189 2097 296 2153 lem
332 2097 583 2154 feminam
610 2100 804 2171 rapuit,
837 2102 1047 2172 sibique
1070 2102 1254 2158 illicito
1283 2105 1625 2159 matrimonio
1647 2119 1779 2160 con-

185 2188 387 2258 junxit.
415 2190 567 2256 Quod
590 2206 711 2247 mox
735 2202 792 2247 ut
814 2193 896 2248 vir
919 2194 1125 2250 Domini
1151 2196 1418 2264 cognovit,
1452 2196 1503 2252 ei
1535 2212 1629 2266 per
1644 2212 1777 2267 quos

196 2285 371 2353 potuit
398 2300 518 2354 quae
549 2286 719 2341 fuerat
740 2288 931 2359 dignus
966 2290 1153 2345 audire
1195 2290 1485 2346 mandavit.
1537 2292 1779 2362 Cumque

186 2376 279 2433 ille
311 2378 471 2451 337
514 2382 733 2437 sceleris
762 2384 843 2439 sui
890 2387 1137 2441 conscius
1170 2386 1403 2453 timeret,
1435 2394 1596 2456 atque
1623 2388 1782 2444 advi-

187 2485 309 2526 rum
364 2472 455 2527 Dei
500 2489 833 2547 nequaquam
861 2479 1118 2535 accedere
1147 2490 1516 2553 praesumeret,
1550 2496 1616 2537 ne
1644 2482 1782 2538 forte

189 2560 341 2617 hunc
364 2575 571 2634 aspere,
595 2574 650 2620 ut
671 2567 1037 2641 deiinquentes
1066 2572 1292 2640 solebat,
1323 2574 1640 2644 increparet,
1658 2575 1782 2631 fecit

190 2652 494 2713 oblationes
523 2673 667 2723 suas,
710 2675 908 2732 easque
937 2663 1077 2719 inter
1103 2664 1401 2721 oblationes
1428 2666 1656 2721 aliorum
1680 2667 1781 2721 mi-

183 2745 275 2814 sit,
314 2755 374 2801 ut
397 2747 515 2817 ejus
542 2764 764 2805 munera
794 2752 985 2809 saltem
1008 2755 1299 2811 nesciendo
1325 2756 1648 2827 susciperet.
1674 2756 1780 2813 Sed

182 2851 309 2893 cum
344 2852 522 2895 coram
543 2854 609 2896 eo
636 2842 860 2900 fuissent
880 2845 1179 2902 oblationes
1200 2848 1439 2902 omnium
1462 2848 1778 2918 deportata),

180 2932 264 2983 vir
300 2928 398 2985 Dei
441 2932 632 2987 tacitus
678 2935 840 3003 sedit,
891 2936 1164 3012 sigillatim
1208 2953 1397 2994 omnes
1443 2941 1784 2997 considerare

179 3020 418 3088 studuit,
445 3030 501 3078 et
519 3036 705 3080 omnes
726 3026 859 3081 alias
879 3027 1084 3099 eligens
1112 3040 1271 3101 atque
1289 3044 1530 3087 seorsum
1550 3048 1779 3104 ponens,

178 3111 496 3169 oblationes
524 3129 656 3184 quas
679 3116 817 3173 idem
840 3118 1116 3176 Carterius
1142 3123 1517 3179 transmiserat
1535 3127 1784 3196 cognovit

176 3216 290 3274 per
345 3205 612 3276 spiritum,
661 3212 857 3278 sprevit
905 3222 1064 3281 atque
1110 3214 1329 3284 abiecit,
1361 3216 1546 3273 dicens
1577 3233 1592 3270 :
1625 3218 1699 3273 Ite
1726 3226 1782 3273 et

1881 2005 2050 2073 έαντῷ
2071 2002 2198 2079 ὅπερ
2232 2001 2258 2040 δ
2291 2004 2470 2074 ὀφείλει
2497 2011 2604 2063 τοῖς
2633 2003 2761 2077 πρὸς
2792 2002 2945 2058 αὐτὸν
2972 2002 3269 2077 ἐρχομένοις
3306 2024 3480 2077 παρα-

1880 2101 2059 2155 θεῖναι.
2092 2095 2186 2152 ’Ἑν
2212 2120 2311 2153 τινι
2348 2096 2402 2152 δέ
2430 2104 2592 2171 καιρῷ
2616 2100 2818 2169 κτήτωρ
2844 2116 2925 2156 τις
2953 2096 3225 2170 Χαρτέριος
3247 2095 3479 2166 ὀνόματι,

1882 2190 2157 2265 ἀκαθάρτῳ
2183 2190 2425 2264 ἐπιθυμίᾳ
2442 2188 2675 2253 νικηθείς,
2710 2187 3076 2262 καθιερωμένην
3096 2189 3209 2243 τινὰ
3236 2196 3257 2224 ε
3287 2188 3479 2247 θήλειαν

1882 2279 2094 2352 ἔκλεψε,
2143 2284 2227 2337 καί
2269 2280 2575 2355 ἀναρμόστῳ
2633 2281 2932 2349 συνοικεσίῳ
2978 2278 3144 2349 ἐαυτῷ
3193 2280 3476 2345 συνέζευξεσ

1880 2382 2041 2432 Τοῦτο
2090 2374 2146 2431 δὲ
2185 2375 2211 2431 ὁ
2249 2382 2340 2432 τοῦ
2372 2382 2497 2431 Θεοῦ
2530 2373 2792 2449 ἅνθρωπος
2828 2376 2999 2433 Μηνᾶς
3037 2373 3283 2438 ἀκούσας,
3318 2370 3382 2427 δι’
3411 2371 3479 2427 ὧν

1882 2468 2098 2531 ἠδυνήθη
2140 2470 2303 2544 εὑρεῖν
2347 2468 2737 2546 ἀπερχομένων,
2766 2464 2900 2542 ἅπερ
2927 2463 2985 2525 ἧν
3023 2463 3163 2532 ἄξιος
3201 2467 3420 2523 ἀκοῦσαι
3447 2462 3479 2503 ἀ

1879 2566 2047 2634 τούτῳ
2091 2562 2355 2623 ἐδήλωσεν.
2403 2561 2624 2623 Ἐκεῖνος
2660 2560 2714 2617 δέ
2758 2565 2848 2620 τήν
3075 2560 3263 2616 ἐαυτοῦ
3310 2562 3479 2617 αἰτίαν

1882 2657 2144 2723 συνειδώς,
2173 2655 2412 2729 οὐδαμῶς
2431 2656 2618 2727 ἐτόλμα
2637 2663 2709 2727 τῷ
2731 2654 2981 2729 ἀνθρώπῳ
3002 2660 3093 2709 τοῦ
3114 2661 3242 2710 Θεοῦ
3262 2674 3482 2730 προσεγ-

1881 2754 2047 2823 γίσαι,
2077 2749 2384 2824 φοϐούμενος
2406 2751 2487 2804 ’ἵνα
2516 2754 2585 2819 μὴ
2616 2752 2701 2803 καί
2728 2754 2907 2803 τοῦτον
2932 2748 3096 2810 καθὼς
3123 2750 3245 2808 τούς
3270 2748 3483 2810 λοιπούς

1884 2841 2267 2915 ἁμαρτάνοντας
2305 2841 2544 2917 διελέγξῃ.
2590 2841 2830 2899 Ἐποίησε
2875 2839 2929 2896 δέ
2970 2842 3061 2902 τάς
3104 2842 3293 2898 ἑαυτοῦ
3340 2843 3482 2897 εὐλο-

1886 2940 2022 3010 γίας,
2048 2940 2132 2992 καί
2155 2938 2353 2998 ταύτας
2386 2938 2575 3008 μεταξὺ
2606 2943 2704 2993 τῶν
2732 2933 2890 2992 ἄλλων
2918 2935 3147 3008 εὐλογιῶν
3175 2937 3326 3007 μίξας
3353 2937 3484 2991 ἀπέ-

1888 3031 2115 3099 στειλεν,
2165 3028 2306 3089 ὅπως
2361 3030 2587 3104 ἀκριϐῶς
2633 3034 2702 3099 μή
2751 3029 3172 3101 ἐπιγινώσκοντος
3219 3028 3372 3083 αὐτοῦ
3418 3029 3485 3084 τά

1886 3119 2045 3200 δῶρα.
2078 3127 2248 3176 ταῦτα
2276 3119 2497 3185 δέξηται.
2520 3118 2609 3180 Ὠς
2649 3115 2734 3173 οὐν
2757 3120 2961 3174 ἐνώπιον
2997 3120 3152 3173 αὐτοῦ
3174 3120 3227 3172 αί
3257 3138 3485 3195 προσφο-

1887 3218 1975 3292 ραί
1997 3213 2200 3271 πάντων
2230 3215 2610 3283 ἀπηνέχθησαν,
2642 3212 2667 3267 ὁ
2704 3219 2797 3268 τοῦ
2827 3218 2956 3267 Θεοῦ
2988 3209 3250 3287 ἅνθρωπος
3275 3212 3485 3282 ἡσυχά-

178 3293 358 3351 dicite
384 3295 434 3351 ei
468 3314 482 3348 :
512 3297 840 3356 Oblationem
866 3316 1018 3358 suam
1049 3281 1401 3374 omnipotenti
1432 3306 1660 3363 Domino
1687 3308 1779 3364 ab-

1888 3312 1986 3373 ζων
2030 3308 2311 3371 ἐκαθέζετο,
2355 3307 2440 3359 καί
2466 3303 2576 3359 καθ’
2604 3303 2656 3358 ἓν
2684 3304 2860 3362 πάσας
2898 3302 3064 3356 αὐτῶν
3107 3304 3376 3359 σκοπήσας
3405 3301 3489 3355 καί

184 3388 414 3459 stulisti,
466 3399 520 3445 et
565 3391 695 3448 mihi
745 3402 863 3449 tuas
907 3396 1205 3454 oblationes
1255 3400 1619 3455 transmittis?
1668 3400 1780 3472 Ego

181 3482 519 3537 oblationem
568 3492 709 3539 tuam
755 3500 859 3541 non
899 3487 1123 3558 accipio,
1167 3488 1289 3559 quia
1318 3504 1469 3545 suam
1513 3491 1779 3547 abstulisti

182 3572 320 3630 Deo.
339 3573 451 3640 Qua
481 3590 545 3630 ex
579 3591 637 3631 re
665 3576 861 3633 factum
892 3588 973 3634 est
992 3590 1045 3634 ut
1073 3590 1367 3650 praesentes
1396 3596 1633 3651 quosque
1666 3598 1783 3638 ma-

180 3679 324 3734 gnus
355 3666 518 3721 timor
542 3667 838 3737 invaderet,
881 3684 1000 3724 cum
1032 3670 1112 3725 vir
1142 3671 1351 3727 Domini
1397 3681 1505 3727 tam
1546 3673 1781 3729 scienter

182 3758 253 3812 de
284 3757 603 3814 absentibus
624 3760 910 3831 judicaret.

1889 3403 2231 3461 κατανοήσας,
2256 3396 2375 3457 ὅλας
2400 3398 2495 3458 τάς
2515 3394 2668 3457 ἄλλας
2688 3395 3059 3467 ἐπιλεξάμενος,
3090 3395 3171 3449 καὶ
3198 3395 3339 3469 παρά
3365 3396 3487 3465 μίαν

1890 3492 2053 3551 θήσας
2074 3491 2169 3550 τὰς
2203 3487 2450 3560 εὐλογίας,
2483 3486 2652 3564 ἅσπερ
2684 3486 2709 3541 ό
2741 3486 2892 3546 αὐτὸς
2920 3486 3194 3563 Καρτέριος
3220 3485 3484 3541 ἀπέστειλε

1891 3584 1975 3642 διὰ
1999 3590 2091 3639 τοῦ
2114 3583 2407 3656 πνεύματος
2448 3583 2730 3655 γνωρίσας,
2773 3579 3191 3656 παροικτρώσατο
3233 3578 3318 3633 καί
3357 3578 3487 3632 ἀπε-

1891 3680 2093 3744 ϐάλετο,
2123 3677 2299 3752 λέγων·
2327 3676 2586 3732 ’Δπέλθετε
2614 3678 2699 3729 καί
2729 3671 2903 3729 εἴπατε
2933 3669 3095 3746 αὐτῷ’
3131 3677 3230 3731 Τὴν
3257 3691 3488 3747 προσφοι-

1887 3772 1976 3847 ράν
2004 3778 2092 3826 τοῦ
2122 3769 2510 3843 παντοδυνάμυυ
2532 3773 2661 3824 Θεοῦ
2682 3768 2868 3841 ἐπῇρες
2890 3764 2983 3838 [ε’.
3008 3764 3116 3836 leg.
3140 3766 3369 3840 ἀπῇρας,
3397 3764 3486 3819 llic

180 3860 238 3905 et
271 3848 456 3924 infra],
488 3858 571 3908 καὶ
593 3854 703 3926 ἐμοὶ
728 3857 927 3917 ταύτας
951 3857 1041 3917 τάς
1071 3857 1303 3931 εὐλογίας
1340 3857 1701 3928 ἀποστέλλεις;
1734 3862 1833 3936 ἐγώ
1866 3868 1957 3923 τὴν
1985 3868 2079 3922 σὴν
2126 3863 2422 3941 προσφοράν
2471 3863 2530 3915 οὐ
2560 3858 2823 3933 λαμϐάνω,
2867 3856 2997 3914 διότι
3051 3859 3117 3912 σύ
3159 3858 3314 3912 αὐτοῦ
3358 3862 3487 3913 Θεοῦ

180 3946 279 4001 τήν
316 3946 605 4019 προσφοράν
644 3947 849 4021 ἐπῆρες.
888 3957 967 4002 Ἐκ
992 3949 1178 4004 τούτου
1220 3943 1305 4004 οὐν
1344 3957 1504 4022 μέγας
1545 3950 1696 4023 φόϐος
1736 3961 1845 4016 τοῖς
1891 3950 2147 4033 παροῦσιν
2166 3956 2443 4017 ἐπέπεσεν,
2489 3949 2570 4007 ὅτι
2606 3950 2740 4007 οῦτω
2766 3958 2932 4023 σοφῶς
2960 3948 2988 4006 ό
3027 3954 3118 4005 τοῦ
3146 3956 3272 4005 Θεοῦ
3295 3946 3485 4024 ἅνθρω-

184 4055 287 4094 πος
316 4038 437 4109 περί
464 4043 560 4089 τῶν
588 4038 934 4111 ἀγνοουμένων
954 4038 1162 4116 ἔκρινεν.

266 4125 441 4181 Pars.
481 4128 668 4185 Multos
711 4129 899 4187 horum
946 4132 1189 4202 suspicor
1242 4135 1556 4206 martyrium
1601 4135 1784 4193 subire

181 4222 454 4291 potuisse,
488 4232 512 4261 ι·
543 4225 587 4280 si
611 4239 706 4280 eos
736 4234 951 4297 tempus
979 4228 1368 4298 persecutionis
1392 4231 1709 4290 invenisset.

257 4314 505 4372 Gnecon.
545 4318 663 4373 Duo
692 4329 840 4388 sunt,
870 4320 1049 4391 Petre,
1083 4324 1328 4394 martyrii
1368 4340 1590 4395 genera,
1615 4344 1779 4386 unum

180 4404 236 4459 in
293 4407 532 4474 occulto,
577 4410 802 4466 alterum
830 4413 885 4467 in
918 4414 1153 4483 publico.
1183 4415 1315 4473 Nam
1344 4419 1446 4474 etsi
1478 4424 1781 4489 persecutio

178 4495 326 4552 desit
353 4500 612 4568 exterius,
645 4506 887 4574 martyrii
918 4507 1167 4562 meritum
1194 4508 1248 4563 in
1279 4511 1490 4567 occulto
1519 4522 1623 4583 est,
1658 4529 1780 4570 cum

182 4590 360 4646 virtus
388 4593 456 4647 ad
488 4596 791 4663 passionem
823 4608 1069 4670 prompta
1098 4600 1289 4671 ﬂagrat
1316 4603 1369 4658 in
1395 4605 1595 4659 animo.
1649 4606 1784 4673 Quia

180 4683 331 4738 enim
361 4700 484 4740 esse
525 4689 692 4755 possit
723 4696 777 4743 et
804 4690 923 4744 sine
950 4700 1131 4759 aperta
1164 4693 1417 4762 passione
1447 4695 1782 4767 martyrium,

182 4783 417 4831 testatur
466 4777 521 4831 in
572 4777 860 4849 Evangelio
908 4780 1189 4851 Dominus,
1234 4785 1324 4855 qui
1374 4785 1621 4841 Zebedaei
1662 4787 1787 4843 ﬁliis

178 4866 365 4921 adhuc
392 4884 503 4938 pra:
534 4869 843 4926 infirmitate
872 4875 1065 4929 mentis
1095 4876 1297 4945 majora
1353 4878 1612 4935 sessionis
1670 4880 1786 4936 loca

1968 4147 2129 4194 flETP.
2149 4138 2361 4199 Πολλοὺς
2379 4139 2432 4192 ἐκ
2454 4136 2649 4193 τούτων
2660 4137 3006 4209 ὑπολαμϐάνω
3023 4134 3269 4194 δύνασθαι
3290 4136 3489 4212 μαρτύ-

1890 4252 1995 4308 ριον
2007 4231 2292 4297 ὑπομεῖναι,
2310 4231 2398 4285 ἐάν
2413 4228 2635 4289 αὐτούςὸ
2651 4235 2740 4284 τοῦ
2757 4226 2982 4301 διωγμοῦ
2995 4230 3170 4303 καιρός
3187 4230 3481 4284 κατέλαϐεν.

1961 4332 2199 4376 I‘PHI‘OP.
2241 4323 2340 4376 Δύο
2366 4324 2487 4385 εἰσί,
2535 4322 2710 4395 Πέτρε,
2760 4322 3044 4399 μαρτυρίου
3084 4320 3211 4381 εἴδη·
3248 4320 3298 4375 ἓν
3339 4321 3387 4375 έν
3416 4326 3490 4393 re};

1891 4425 2126 4492 κρυπτῷ,
2169 4417 2253 4470 καί
2298 4416 2466 4489 ἕτερον
2511 4416 2562 4469 ἐν
2606 4422 2678 4487 τῷ
2717 4412 2934 4490 φανερῷ.
2975 4411 3073 4469 κᾶν
3118 4416 3219 4491 γάρ
3267 4413 3486 4486 διωγμὸς

1893 4510 2075 4575 ἔξωθεν
2101 4508 2192 4564 οὐκ
2219 4508 2350 4577 ἔστι,
2377 4510 2437 4564 τὸ
2464 4516 2555 4564 τοῦ
2580 4511 2869 4586 μαρτυρίου
2892 4510 3088 4581 ἀξίωμα
3111 4508 3158 4563 ἐν
3177 4516 3248 4579 τῷ
3276 4514 3485 4584 κρυπτῷ

1895 4599 2019 4660 εἶναι
2062 4602 2297 4666 δύναται,
2331 4604 2378 4656 ἐν
2403 4610 2476 4675 τῷ
2505 4604 2777 4678 προθύμως
2817 4608 2907 4663 τὴν
2951 4603 3132 4674 ψυχὴν
3174 4610 3281 4661 τοῖς
3310 4602 3491 4657 πάθεσι

1895 4694 2108 4765 δυνάμει
2142 4695 2560 4751 ἀντιτάσσεσθαι.
2598 4692 2715 4749 Ὀτι
2753 4692 2806 4749 δὲ
2835 4693 3048 4749 δύναται
3077 4695 3161 4747 καί
3183 4692 3323 4751 ἐκτός
3349 4713 3492 4762 φανεη

1895 4794 1996 4863 ρῶν
2024 4794 2280 4863 τιμωριῶν
2306 4782 2433 4843 εἶναι
2457 4790 2761 4863 μαρτύριον,
2796 4786 2819 4841 ὁ
2847 4787 3021 4859 κύριος
3049 4786 3099 4838 ἐν
3125 4791 3199 4855 τῷ
3224 4784 3491 4856 εὐαγγελίῳ

1894 4876 2175 4949 δείκνυται,
2222 4877 2371 4940 ὅστις
2400 4887 2509 4940 τοῖς
2543 4879 2669 4940 υἱοῖς
2701 4876 2966 4932 Ζεϐεδαίου
3000 4876 3054 4929 ἐκ
3082 4884 3174 4935 τῆς
3204 4880 3293 4929 τοῦ
3320 4874 3492 4946 λογισ-

179 4961 558 5027 quaerentibus
597 4962 767 5017 dicit:
801 4961 1026 5019 Potestis
1057 4966 1222 5021 bibere
1260 4970 1470 5023 calicem
1509 4986 1657 5039 quem
1695 4987 1779 5043 ego

1896 4979 1995 5045 μοῦ
2048 4975 2211 5044 ἀκμήν
2257 4974 2513 5033 ἀσθενείας
2563 4972 2812 5045 μεγάλους
2866 4978 2958 5031 τῆς
3014 4967 3257 5043 καθέδρας
3304 4969 3493 5033 τόπους

180 5049 443 5106 bibiturus
470 5068 584 5106 sum
616 5052 833 5123 (Matth.
860 5070 951 5123 xx,
973 5056 1105 5126 22)?
1148 5059 1242 5113 Cui
1273 5060 1520 5116 videlicet
1546 5076 1666 5118 cum
1697 5077 1787 5119 re-

175 5142 522 5210 sponderent
547 5160 563 5200 :
588 5142 905 5215 Possumus;
936 5148 1008 5202 ait
1038 5151 1275 5221 utrisque
1299 5170 1311 5206 :
1339 5154 1558 5209 Calicem
1580 5156 1790 5227 quidem

175 5248 363 5286 meum
409 5233 621 5299 bibetis;
677 5237 849 5291 sedere
887 5248 1058 5294 autem
1095 5242 1162 5295 ad
1210 5243 1471 5299 dexteram
1514 5263 1678 5302 meam
1715 5248 1793 5302 vel

170 5328 477 5396 sinistram,
519 5347 620 5385 non
646 5342 722 5389 est
750 5350 918 5389 meum
943 5336 1068 5391 dare
1094 5338 1231 5393 vobis
1257 5340 1473 5411 (fbid.).
1512 5340 1647 5408 Quid
1692 5356 1791 5396 au-

172 5427 308 5475 lam
334 5417 515 5474 calicis
534 5436 750 5490 nomen,
785 5426 886 5481 nisi
908 5429 1173 5497 passionis
1202 5431 1449 5501 poculum
1482 5433 1694 5503 signat?
1725 5432 1794 5487 Et

177 5526 325 5569 cum
362 5511 611 5569 nimirum
642 5527 852 5576 constet
872 5521 991 5591 quia
1015 5523 1246 5580 Jacobus
1273 5526 1324 5579 in
1358 5526 1605 5595 passione
1636 5541 1795 5582 occu-

173 5606 336 5673 buit,
367 5604 603 5665 Joannes
631 5627 761 5669 vero
786 5615 839 5670 in
869 5630 999 5684 pace
1034 5616 1289 5674 Ecclesia:
1332 5620 1556 5690 quievit,
1610 5621 1796 5676 incun-

259 5732 288 5759 ³
316 5725 551 5807 Longip.
606 5737 673 5807 et_
709 5729 946 5798 Thcod.,
983 5735 1024 5790 si
1063 5749 1147 5789 eos
1182 5750 1240 5790 eo
1284 5746 1509 5806 tempore
1548 5745 1797 5807 persecat.

180 5803 475 5866 rmtpestas
501 5799 799 5857 invenisset.

257 5864 307 5905 δή
340 5866 467 5936 Με.,
501 5870 689 5941 ὀφείλῃ.

1898 5065 2220 5131 ἐπιζητοῦσιν
2272 5063 2430 5122 εἶπεν
2465 5068 2685 5121 Δύνασθε
2732 5066 2891 5120 πίνειν
2936 5064 2995 5120 τὸ
3043 5069 3281 5140 ποτήριον
3329 5062 3354 5119 ὃ
3398 5065 3496 5137 ἐγώ

1897 5159 2059 5233 μέλλω
2105 5162 2296 5225 πίνειν;
2351 5161 2519 5215 Αὐτῶν
2562 5155 2616 5212 δέ
2663 5156 3047 5233 ἀποκριθέντων,
3086 5160 3366 5227 Δυνάμεθα,
3389 5164 3495 5221 τοῖς

1898 5227 2200 5331 ἀμφοτέροις
2240 5249 2395 5309 εἶπεν
2424 5253 2491 5307 Τό
2520 5251 2609 5323 μέν
2648 5249 2886 5324 ποτήριόν
2923 5271 3022 5322 μου
3057 5253 3256 5317 πίεσθε,
3295 5250 3351 5306 τό
3381 5248 3434 5305 δέ
3470 5258 3493 5286 °

1898 5348 2104 5402 καθίσαι
2130 5347 2183 5402 ἐκ
2211 5343 2383 5410 δεξιῶν
2427 5364 2524 5415 μου
2554 5344 2637 5399 καί
2667 5344 2716 5408 ἐξ
2754 5343 3054 5416 εὐωνύμων,
3096 5343 3182 5396 οὐκ
3206 5339 3348 5397 ἔστιν
3380 5341 3497 5412 ἐμόν

1900 5445 2053 5496 τοῦτο
2082 5436 2270 5501 δοῦναι,
2304 5436 2411 5491 ἀλλ’
2446 5433 2519 5497 οἷς
2543 5436 2844 5509 ἦτοιμάσθη.
2874 5441 2933 5490 Τί
2959 5433 3013 5490 δέ
3040 5436 3285 5508 ποτηρίου
3316 5430 3493 5503 ὄνομα,

1899 5532 1942 5586 εί
1968 5535 2037 5601 μὴ
2064 5530 2121 5585 τὸ
2149 5530 2308 5589 πάθος
2328 5526 2392 5583 δι’
2408 5529 2566 5585 αὐτοῦ
2589 5532 2857 5599 σημαίνει;
2886 5526 2965 5582 Ἐν
2992 5527 3158 5597 τούτῳ
3187 5520 3271 5580 οὐν
3299 5522 3494 5581 δείκνυ-

1901 5645 2006 5685 ται,
2043 5620 2123 5677 ὅτι
2149 5621 2387 5681 Ἰακωϐὀς
2436 5622 2524 5691 μέν
2552 5622 2703 5677 πάθει
2752 5620 3033 5685 ἐτελειώθη,
3078 5619 3306 5680 Ἰωάννης
3352 5617 3407 5675 δέ
3444 5620 3495 5673 ἐν

1981 5747 2003 5813 (ξ
2045 5737 2171 5813 llis”
2204 5737 2316 5791 τινὰ
2344 5735 2511 5813 κόρηνε

1977 5806 2002 5843 ⁸³
2045 5808 2168 5879 bis,
2200 5813 2369 5863 ταῦτα
2398 5804 2535 5879 αὐτῷ
2564 5805 2697 5865 έδηλ.

1981 5889 2003 5918 ε
2045 5878 2143 5934 Ed.
2157 5921 2170 5948 ,
2203 5879 2466 5940 καθῆσθαι.
