3998 6356
498 241 606 306 279

1111 366 1312 418 ΚΕΦΔΔ
1322 403 1337 418 .
1373 363 1489 417 κε’.

498 456 617 532 Περὶ
644 449 934 509 ’Δϐουνδίόυ
968 456 1356 546 παραμοσναρίου
1393 465 1485 517 τῆς
1515 454 1675 515 αὐτῆς
1703 452 1967 514 ἐκκλησίας
1993 457 2086 509 τοῦ

1103 529 1250 597 ἁγίου
1282 529 1489 602 Πέτρου.

570 620 906 673 ΓΡΗΓΟΡῘΟΣ.
946 616 1160 695 Ἐτερὸς
1192 642 1271 682 τις
1303 621 1460 693 φύλαξ
1501 626 1595 681 τῆς
1620 620 1774 679 αὐτῆς
1810 618 2090 686 inlusione.

497 712 559 771 οὐ
588 711 690 787 πρὸ
719 711 913 766 πολλῶν
942 713 1169 787 χρόνων,
1202 716 1359 775 καθὼς
1396 712 1440 766 οἱ
1484 712 1778 787 πρεσϐύται
1813 713 1952 782 ήμῶν
1980 709 2092 771 διη-

495 809 726 877 γοῦνται,
755 799 1042 864 ’Δϐούνδιος
1071 802 1297 873 ὀνόματι,
1330 804 1380 857 ἓν
1415 804 1631 877 μεγίστη
1658 803 2092 878 ταπεινοφροσύνῃ

496 894 733 967 ὑπῆρχε,
767 900 965 954 πιστῶς
993 902 1065 964 τῷ
1104 892 1479 966 παντοδυνάμῳ
1507 902 1615 965 Θεῷ
1652 893 1921 951 δουλεύων.
1949 892 2093 949 Ὀθεν

496 986 523 1037 ὁ
555 983 712 1045 αὐτὸς
735 987 983 1063 μακάριος
1002 987 1185 1058 Πέτρος
1207 985 1233 1040 ὁ
1259 986 1591 1053 ’Δπόστολος,
1618 990 1845 1059 σημείοις
1870 985 2091 1053 ίπέδεεξε

496 1082 643 1135 ποίαν
672 1079 979 1159 προσδοκίαν
1026 1085 1051 1114 ³⁸
1083 1081 1156 1138 εἰς
1185 1079 1337 1135 αὐτὸν
1380 1078 1564 1151 ὤφελον
1604 1078 1636 1135 ἕ
1638 1100 1752 1151 χειν
1795 1080 1842 1134 οί
1872 1081 2095 1153 γνησίως

497 1171 635 1242 αὐτῷ
664 1168 1000 1229 δουλεύοντες.
1032 1167 1161 1241 κόρη
1208 1169 1309 1243 γάρ
1355 1189 1435 1229 τις
1476 1169 1801 1244 παραλυτική
1841 1178 1903 1245 τῇ
1940 1172 2094 1226 αὐτοῦ

501 1259 734 1337 ἐκκλησίᾳ
760 1260 1154 1342 παραμνουσσ,
1182 1267 1297 1322 ταῖς
1328 1264 1515 1333 χερσίν
1539 1262 1791 1337 ἕρπουσα,
1819 1262 2095 1333 λελυμένων

498 1362 601 1411 τῶν
632 1360 821 1431 νεφρῶν
848 1353 1005 1415 αὐτῆς
1054 1349 1231 1421 ὄντων,
1273 1352 1332 1408 τὸ
1368 1360 1521 1427 σῶμα
1558 1355 1643 1411 ἐπὶ
1681 1360 1768 1414 τῆς
1795 1364 1889 1427 γῆς
1917 1352 2091 1430 ἔσυρε.

496 1447 731 1506 Πολλάκις
773 1444 828 1501 δὲ
856 1453 929 1516 τῷ
974 1446 1204 1520 μακαρίῳ
1248 1447 1420 1523 Πέτρῳ
1444 1455 1530 1518 ,τῷ
1570 1443 1859 1516 ’Δποστόλῳ
1898 1446 2093 1513 ἐδεήθη,

495 1537 633 1600 ὅπως
673 1540 850 1611 ὑγείας
877 1539 1079 1613 ἀξιωθῇ.
1114 1538 1193 1592 Ἐν
1219 1543 1312 1611 μιᾷ
1346 1536 1399 1593 δὲ
1424 1542 1569 1595 νυκτὶ
1604 1542 1837 1612 παρέστη
1868 1542 1999 1614 αὐτῇ
2029 1537 2096 1594 δι’

497 1634 776 1699 ὀπτασίας,
824 1634 907 1686 καὶ
940 1626 1097 1685 εἶπεν·
1130 1627 1342 1686 "ama:
1364 1632 1491 1703 πρὸς
1533 1630 1819 1689 ’Λϐούνδιον
1846 1632 1931 1689 τὸν
1968 1654 2095 1703 μαν⁴

1719 239 1963 299 SANCTI
1999 236 2325 299 GREGORII
2363 239 2577 300 MAGNI

2116 357 2170 417 Α

3657 252 3752 312 280

2777 349 3003 411 CAPUT
3040 353 3205 410 XXV.

2192 446 2272 503 De
2344 448 2557 504 Acontio
2623 445 3001 572 mansionarli’o‘
3038 446 3279 528 ejusdem
3352 446 3571 507 cedetis
3640 452 3750 513 beati

2955 533 2982 572 e
3003 534 3069 571 rt.

2266 614 2590 672 GREGORIUS.
2634 612 2787 669 Alius
2808 612 2920 668 illic
2946 626 3053 668 non
3083 620 3208 670 ante
3227 613 3387 685 longa
3414 622 3658 687 tempora,
3685 620 3748 677 si-

2195 712 2286 761 cut
2309 706 2477 761 nostri
2504 704 2748 762 seniores
2778 704 3035 771 referunt,
3083 714 3263 761 custos
3286 706 3527 764 ecclesia:
3550 717 3573 746 ο
3593 711 3745 768 Acon-

2198 798 2301 854 tius
2328 798 2501 855 dictus
2522 806 2627 868 est,
2650 812 2859 868 magna}
2889 797 3205 854 humilitatis
3220 807 3379 869 atque
3396 803 3746 873 gravitatis‘vir,

2195 890 2270 945 ita
2298 891 2655 960 omnipotenti
2679 891 2789 946 Deo
2818 889 3045 946 ﬁdeliter
3069 891 3332 958 serviens,
3358 902 3418 948 ut
3438 894 3574 951 idem
3592 897 3747 955 beatus

2196 981 2388 1039 Petrus
2442 983 2715 1053 apostolus
2770 983 2934 1053 signis
2987 982 3299 1039 ostenderet
3352 999 3507 1055 quam
3568 988 3628 1043 de
3673 990 3750 1046 illo

2197 1073 2421 1131 haberet
2446 1075 2875 1131 aestimationem.
2906 1074 3037 1130 Nam
3064 1090 3184 1130 cum
3208 1075 3455 1146 quaedam
3496 1078 3652 1148 puella
3672 1096 3748 1151 pa-

2198 1167 2439 1240 ralytica,
2460 1169 2511 1223 in
2533 1168 2650 1238 ejus
2664 1168 2901 1224 Ecclesia
2926 1182 3268 1238 permanens,
3292 1169 3535 1225 manibus
3550 1185 3746 1243 reperet,

2198 1270 2253 1317 et
2278 1259 2299 1301 ί
2327 1262 2600 1318 dissolutis
2631 1262 2851 1318 renibus
2904 1276 3097 1333 corpus
3136 1278 3234 1335 per
3284 1272 3481 1319 terram
3524 1265 3746 1333 traheret,

2199 1352 2397 1424 diuque
2426 1354 2493 1409 ab
2520 1353 2709 1409 eodem
2737 1353 2894 1409 heato
2922 1353 3081 1409 Petro
3102 1355 3348 1423 apostolo
3374 1364 3571 1424 peteret
3597 1366 3649 1411 ut
3678 1372 3748 1412 sa-

2198 1447 2314 1502 nari
2336 1456 2655 1514 mereretur,
2688 1455 2846 1500 nocte
2869 1446 3097 1516 quadam
3129 1448 3177 1502 ei
3196 1462 3295 1518 per
3310 1448 3563 1504 visionem
3589 1451 3746 1520 astitit,

2200 1547 2256 1594 et
2283 1538 2419 1594 dixit
2454 1554 2469 1594 :
2498 1536 2649 1593 Vade
2676 1537 2741 1591 ad
2774 1522 3060 1593 Acontium
3112 1540 3550 1605 mansionarium.
3579 1550 3627 1596 et
3646 1556 3752 1613 roga

2200 1630 2373 1697 illum,
2417 1638 2470 1686 et
2511 1630 2625 1699 ipse
2656 1637 2682 1677 ε
2715 1636 2766 1684 te
2795 1630 2951 1684 saluti
2995 1631 3263 1687 restituet.
3314 1630 3548 1702 Cumque
3584 1633 3661 1687 illa
3696 1635 3749 1691 de

495 1725 794 1800 σιωνάριον,
839 1726 922 1778 καί
965 1722 1323 1799 παρακάλεσον
1359 1724 1537 1789 αὐτὸν,
1576 1727 1662 1779 καί
1692 1726 1847 1785 αὐτὸς
1891 1745 1974 1779 σοι
2002 1730 2095 1785 τήν

2206 1734 2346 1782 tanta
2373 1724 2580 1780 visione
2620 1732 2764 1779 certa
2819 1730 2984 1789 esset,
3033 1722 3127 1779 sed
3175 1722 3297 1793 quis
3341 1732 3486 1779 esset
3531 1726 3751 1781 Acontius

496 1823 667 1894 ὑγείαν
714 1822 959 1896 παρέχει.
993 1826 1081 1882 Τίς
1120 1820 1174 1876 δὲ
1221 1818 1279 1881 ἦν
1317 1818 1638 1887 Ἀϐούνδιος,
1686 1820 1843 1879 ἐκείνη
1871 1822 1956 1873 οὐκ
1993 1820 2095 1892 ἐγί-

498 1934 680 1967 νωσκε.
706 1914 1044 1988 ῐιληροφορίαν
1074 1911 1127 1965 δὲ
1157 1912 1210 1965 ἐκ
1237 1921 1325 1972 τῆς
1353 1913 1609 1971 ὀπτασίας
1638 1908 1902 1981 δεξαμένη,

499 1998 683 2077 ἤρξατο
711 2003 804 2059 ὦδε
833 2006 1032 2058 κάκεῖσε
1072 2003 1121 2056 ἐν
1246 2002 1485 2077 ἐκκλησίᾳ
1515 2002 1771 2079 συρομένη
1799 2002 2092 2059 ’Δϐούνδιον

498 2099 774 2160 ἐπιζητεῖν,
806 2096 891 2149 ἶνα
918 2096 996 2153 τίς
1018 2095 1157 2149 ἐστιν
1187 2094 1396 2167 ἐπιγνῷ.
1427 2092 1606 2166 Δῖφνης
1627 2089 1714 2148 οὖν
1740 2095 1790 2148 ἐν
1810 2094 2094 2153 ὑπαντήσει

499 2190 654 2249 αὐτῆς
683 2192 879 2261 γέγονεν
909 2185 963 2243 ὃν
990 2189 1174 2254 ἐζήτει,
1204 2188 1334 2263 πρὸς
1355 2184 1407 2240 ὃν
1435 2188 1519 2240 καὶ
1543 2182 1675 2241 εἴπεο
1707 2186 1984 2262 Παρακαλῶ
2009 2207 2091 2253 σε,

499 2278 684 2357 πάτερ,
718 2275 878 2344 δεῖξόν
906 2302 993 2351 μοι
1019 2282 1095 2339 τίς
1134 2280 1272 2334 ἐστιν
1299 2276 1584 2339 ’Δϐούνδιος
1609 2276 1637 2333 ὁ
1673 2278 1849 2350 φύλαξ.
1882 2278 2009 2353 Πρὸς
2036 2279 2097 2337 ἣν

499 2374 651 2432 αὐτὸς
682 2372 946 2447 ἀπεκρίθη,
974 2372 1148 2443 λέγων’
1176 2368 1303 2443 Ἐγὼ
1327 2373 1451 2443 εἰμι.
1480 2372 1659 2427 Ἐκείνη
1683 2364 1771 2423 οὖν
1790 2370 1920 2448 πρὸς
1948 2370 2099 2425 αὐτὸν

500 2464 608 2539 ἔφη·
636 2475 691 2517 '0
728 2470 914 2534 ποιμήν
952 2465 1091 2535 ήμῶν
1136 2467 1219 2519 καὶ
1244 2466 1460 2540 τροφεὺς
1501 2463 1526 2517 ὁ
1566 2465 1813 2534 μακάριος
1855 2460 2096 2538 Πέτρος-ὅ

500 2555 803 2615 ’Λπόστολος
843 2555 974 2629 πρὸς
1008 2575 1065 2609 σε
1096 2555 1358 2611 ἀπέστειλέ
1386 2575 1484 2625 με,
1533 2552 1675 2614 ὅπως
1718 2557 1772 2608 ἐκ
1812 2562 1904 2614 τῆς
1946 2552 2096 2608 νόσου

502 2646 698 2708 ταύτης
722 2648 988 2724 λυτρὼσῃς
1018 2668 1099 2718 με.
1140 2648 1304 2708 Αὐτὸς
1332 2645 1388 2703 δὲ
1423 2646 1554 2724 πρὸς
1582 2647 1738 2705 αὐτήν
1781 2641 1939 2701 εἶπεν·
1984 2646 2097 2700 Ἐάν

503 2738 628 2809 παρ’
658 2741 820 2793 αὺτοῦ
862 2738 1176 2803 ἀπεστάλης,
1228 2740 1440 2794 ἀνάστα.
1490 2740 1580 2793 Καί
1625 2736 1654 2775 δ
1702 2740 1970 2810 κρατήσας
2010 2741 2101 2796 τήν

505 2838 664 2904 χεῖρα
704 2831 881 2893 αὐτῆς.
912 2831 1105 2889 ταύτην
1145 2832 1195 2885 ἐν
1222 2838 1286 2904 τῇ
1327 2831 1491 2907 ἡλικίᾳ
1522 2832 1683 2891 αὐτῆς
1707 2832 1949 2906 παραυτά
1967 2831 2099 2885 ’ἁνύ-

504 2922 698 2995 ψωσεν.
728 2933 805 2979 Ἐκ
829 2934 922 2986 τῆς
952 2927 1091 2997 ὧρας
1122 2919 1211 2980 οὖν
1249 2926 1460 2993 ἐκείνης,
1505 2924 1639 2980 οὕτω
1678 2926 1847 2981 πάντα
1873 2927 1940 2981 τά
1978 2925 2100 2997 μέλη

504 3018 585 3071 καί
613 3020 678 3071 τά
703 3025 856 3093 νεῦρα
885 3020 1045 3079 αὐτῆς
1067 3019 1462 3094 ἐστερεώθησαν,
1494 3020 1625 3073 ὥστε
1657 3025 1863 3088 σημεῖον
1883 3025 1976 3077 τῆς
2003 3038 2101 3073 πα·

2202 1820 2366 1891 336
2378 1819 2665 1889 ignoraret,
2683 1818 2847 1887 cmpit
2863 1817 2966 1873 huc
2985 1816 3217 1888 illucque
3234 1832 3332 1891 per
3347 1818 3580 1875 ecclesiae
3591 1821 3689 1875 loca
3704 1834 3750 1876 se

2201 1912 2441 1975 trahere,
2475 1919 2531 1964 ut
2561 1908 2678 1979 quis
2708 1917 2850 1965 esset
2876 1907 3135 1963 Acontius
3166 1909 3528 1979 investigaret.
3574 1910 3659 1965 Cui
3684 1926 3751 1966 re-

2199 2008 2358 2070 pente
2381 2000 2497 2070 ipse
2540 2000 2711 2054 factus
2740 2009 2824 2056 est
2853 2000 3063 2068 obvius,
3104 2014 3266 2071 quem
3298 2002 3583 2072 quaerebat,
3625 2002 3750 2072 eique

2199 2091 2332 2147 dixit
2364 2110 2375 2145 :
2408 2091 2555 2161 Rogo
2583 2100 2655 2159 te,
2680 2091 2861 2160 Pater,
2896 2092 3070 2148 indica
3090 2093 3225 2148 mihi
3254 2095 3372 2165 quis
3416 2102 3500 2151 est
3530 2095 3750 2151 Acontius

2200 2183 2422 2239 custos?
2448 2182 2546 2238 Cui
2577 2182 2670 2238 ille
2700 2183 2975 2253 respondit
3003 2200 3019 2237 :
3045 2183 3159 2254 Ego
3181 2197 3325 2239 sum.
3355 2186 3425 2241 At
3452 2185 3540 2239 illa
3566 2185 3747 2255 inquit:

2200 2272 2395 2331 Pastor
2423 2282 2476 2329 et
2503 2274 2737 2330 nutritor
2766 2282 2953 2331 noster
2971 2275 3159 2331 beatus
3180 2276 3377 2332 Petrus
3415 2277 3667 2348 apostolus
3697 2275 3749 2331 ad

2201 2372 2254 2421 te
2277 2381 2365 2421 me
2383 2366 2551 2430 misit,
2583 2374 2642 2420 ut
2667 2366 2735 2420 ab
2758 2366 3068 2430 inﬁrmitate
3097 2366 3194 2423 ista
3219 2368 3449 2426 liberare
3467 2384 3550 2425 me
3567 2368 3747 2424 debeas.

2200 2454 2297 2513 Cui
2328 2458 2419 2513 ille
2447 2457 2724 2529 respondit
2768 2475 2782 2511 :
2813 2457 2869 2513 Si
2901 2458 2969 2514 ab
3010 2460 3127 2529 ipso
3156 2462 3325 2517 missa
3354 2476 3434 2529 es,
3478 2475 3641 2531 surge.
3665 2460 3751 2515 Ma-

2203 2549 2581 2629 numqueejus
2614 2549 2805 2618 tenuit,
2828 2559 2883 2606 et
2910 2564 3028 2607 eam
3058 2551 3111 2606 in
3149 2561 3351 2609 statum
3377 2568 3524 2609 suum
3548 2552 3751 2623 protinus

2203 2643 2392 2698 erexit.
2423 2642 2619 2713 Sicque
2645 2655 2714 2698 ex
2759 2644 2851 2700 illa
2895 2644 3027 2701 hora
3084 2660 3283 2704 omnes
3328 2650 3383 2704 in
3421 2649 3531 2719 ejus
3565 2658 3751 2717 corpore

2203 2735 2355 2791 nervi
2400 2750 2464 2791 ac
2513 2735 2759 2792 membra
2799 2736 3023 2793 solidata
3064 2747 3210 2805 sunt,
3244 2748 3307 2797 nt
3344 2740 3612 2796 solutionis
3637 2737 3748 2793 illius

2203 2828 2353 2899 signa
2392 2827 2621 2884 ulterius
2646 2829 2791 2885 nulla
2822 2838 3185 2887 remanerent.
3227 2830 3337 2888 Sed
3387 2832 3431 2886 si
3462 2838 3635 2886 cuncta
3657 2840 3750 2898 qua:

2204 2922 2259 2977 in
2280 2920 2398 2990 ejus
2418 2920 2645 2977 ecclesia
2665 2929 2817 2992 gesta
2847 2922 3215 2993 cognovimus,
3240 2923 3489 2980 evolvere
3514 2933 3749 2986 conamur,

2207 3016 2275 3069 ab
2306 3014 2542 3068 omnium
2586 3013 2697 3083 jam
2750 3014 3097 3084 proculdubio
3143 3018 3456 3071 narratione
3483 3010 3753 3070 conticesci-

503 3107 765 3182 ραλύσεως
792 3112 842 3164 ἐν
870 3112 1001 3185 αὐτῇ
1029 3112 1089 3166 τὸ
1133 3109 1343 3165 καθόλου
1388 3114 1457 3182 μή
1499 3110 1842 3180 ἐναπομεῖναι.
1880 3108 1988 3163 Ἐὰν
2017 3102 2101 3163 οὖν

2208 3119 2349 3161 mus.
2372 3103 2524 3161 Unde
2544 3118 2767 3161 necesse
2790 3114 2873 3161 est
2899 3116 2957 3161 ut
2979 3106 3047 3163 ad
3070 3103 3099 3143 ιι
3121 3108 3413 3165 modernos
3436 3108 3628 3175 Patres,
3646 3117 3754 3173 quo-

503 3198 726 3270 ἅπαντα,
773 3200 906 3278 ἅπερ
945 3203 995 3257 ἐν
1033 3210 1095 3277 τῇ
1121 3204 1272 3258 αὐτοῦ
1304 3200 1549 3277 ἐκκλησίᾳ
1571 3201 1814 3273 γενόμενα
1839 3201 2099 3272 θαύματα,

504 3290 538 3349 ἃ
576 3296 658 3349 καί
695 3293 947 3368 ἔγνωμεν,
998 3292 1341 3367 διηγήσασθαι
1386 3294 1707 3365 θελήσωμεν,
1740 3296 1931 3367 ἀνάγκη
1970 3295 2105 3365 ήμᾶς

2210 3214 2330 3255 rum
2359 3196 2466 3264 vita
2492 3210 2589 3268 per
2614 3196 2779 3253 Italiae
2806 3198 3111 3268 provincias
3132 3200 3349 3270 claruit,
3376 3199 3753 3257 narratioseno-

2214 3303 2323 3349 stra
2352 3299 2678 3362 retorqueat.

505 3393 720 3459 σιγῆσαι
745 3387 798 3442 ἐκ
823 3389 1031 3443 πάντων
1058 3394 1159 3444 τῶν
1193 3387 1378 3442 λοιπῶν
1408 3396 1432 3424 ο
1481 3384 1785 3458 διηγήσεων.
1826 3383 2228 3461 ’Δναγκαιὸτερον
2256 3384 2311 3441 δὲ
2341 3387 2523 3458 μᾶλλον
2551 3389 2773 3463 ήγοῦμαι
2798 3392 2888 3448 τήν
2908 3388 3158 3459 ἡμετέραν
3182 3388 3420 3462 διήγησιν
3447 3388 3517 3448 εἰς
3550 3385 3658 3446 τοὺς
3682 3382 3755 3453 ἆρ-

505 3480 624 3540 τίως
673 3481 722 3534 ἐν
767 3488 830 3557 τῇ
888 3480 1074 3555 Ἰταλίᾳ
1129 3479 1521 3551 διαλάμψαντας
1564 3479 1797 3553 πατέρας
1837 3478 1866 3515 ⁸³
1918 3476 2236 3551 ἀνακάμψαι.

1118 3602 1341 3649 ΚΕΦΔΛ.
1384 3592 1498 3656 Kg'.

997 3688 1116 3759 Περὶ
1144 3692 1289 3746 Μηνᾶ
1310 3688 1597 3762 Ἐρημίτου.

581 3777 657 3835 Ἐν
687 3786 749 3849 τῇ
791 3787 1006 3854 Σαμνειᾳ
1046 3780 1203 3855 χώρᾳ
1237 3780 1425 3848 ἀρτίως
1452 3781 1647 3854 γέγονεν
1678 3781 1804 3853 ἀνήρ
1848 3800 1927 3841 τις
1952 3779 2102 3835 εὐλα-

512 3873 765 3932 ϐέστατος
812 3876 986 3933 Μηνᾶς
1037 3873 1582 3949 προσαγορευόμενος,
1631 3873 1720 3929 τὸν
1767 3878 1958 3949 μονήρη
1995 3874 2104 3944 βίον

510 3964 765 4036 ἑλόμενος⁶
801 3961 948 4024 ὅστις
965 3962 1165 4024 πολλοῖς
1184 3971 1284 4019 τῶν
1306 3966 1562 4041 ἡμετέρων
1586 3966 1815 4036 γνωστὸς
1840 3966 2102 4040 ὑπῆρχεν,

510 4055 657 4119 ὅστις
688 4057 790 4133 πρὸ
825 4058 1022 4119 ταύτης
1058 4065 1152 4119 τῆς
1194 4057 1454 4121 δεκαετίας
1479 4059 1562 4115 τὸν
1606 4058 1714 4131 βίον
1748 4059 1960 4115 ἐτέλεσε.
1990 4050 2109 4135 Περί

512 4145 567 4203 δέ
604 4153 704 4202 τῶν
744 4148 933 4205 τούτου
960 4146 1135 4227 ἔργων,
1166 4150 1268 4221 οὐχ
1295 4150 1383 4204 ἕνα
1421 4149 1667 4225 μάρτυρα
1691 4152 1948 4227 προφέρω
1980 4171 2109 4207 τοσ-

512 4246 655 4297 οῦτοι
707 4244 805 4317 γάρ
851 4251 914 4316 τῇ
956 4244 1187 4319 πολιτείᾳ
1222 4245 1379 4299 αὐτοῦ
1418 4252 1807 4321 μαρτυροῦσιν,
1859 4244 1974 4301 ὅσοι
2020 4253 2111 4307 τήν

514 4335 696 4409 χώραν
722 4334 917 4405 Σάμνης
945 4335 1242 4411 ἐγνώρισαν.
1271 4331 1440 4398 οὗτος
1466 4336 1609 4393 οὐδέν
1636 4337 1810 4414 ἕτερον
1839 4340 1912 4400 εἰς
1938 4345 2111 4395 πᾶσαν

513 4429 673 4484 αὑτοῦ
703 4426 943 4505 φροντίδα
979 4429 1234 4497 ἐκέκτητο,
1261 4432 1305 4484 εἰ
1329 4436 1399 4501 μή
1431 4432 1606 4504 ὀλίγων
1637 4432 1889 4503 μελισσῶν
1926 4434 2107 4492 σκεύη.

516 4519 875 4596 Λογγοϐάρδος
901 4519 953 4576 δέ
974 4542 1054 4582 τις
1084 4522 1217 4578 αὐτὰ
1241 4521 1427 4582 κλοπήν
1456 4523 1665 4583 ἠθέλησε
1696 4532 1927 4583 ποιῆσαι.
1959 4537 2015 4579 '0
2056 4523 2111 4580 δὲ

514 4617 606 4666 τοῦ
638 4617 767 4667 Θεοῦ
795 4609 1061 4682 ἅνθρωπος
1081 4612 1213 4687 λόγῳ
1242 4622 1585 4689 παραινετικῷ
1611 4621 1789 4671 τοῦτον
1818 4621 2111 4689 κατήχησε.

2784 3594 3012 3655 CAPUT
3051 3596 3242 3655 XXVI.

2590 3685 2670 3741 De
2708 3685 2863 3743 Mena
2900 3690 3150 3745 monacho
3187 3692 3442 3747 solitario.

2283 3776 2465 3847 Nuper
2493 3778 2546 3833 in
2602 3779 2619 3814 ι
2664 3778 2871 3835 Samnii
2922 3781 3195 3851 provincia
3242 3782 3459 3854 quidam
3489 3770 3757 3835 venerabilis

2213 3867 2318 3937 vir,
2366 3871 2378 3920 ἱ
2439 3870 2624 3926 Menas
2653 3872 2890 3941 nomine,
2924 3873 3213 3930 solitariam
3244 3875 3411 3931 vitam
3441 3869 3666 3931 ducebat,
3689 3860 3759 3933 αυί

2218 3968 2524 4017 nostrorum
2549 3962 2730 4019 multis
2751 3965 3019 4035 cognitus,
3050 3975 3175 4021 ante
3197 3965 3303 4024 hoc
3331 3965 3443 4022 fere
3485 3956 3758 4018 decennium

2220 4051 2503 4108 defunctus
2527 4065 2631 4111 est.
2658 4056 2735 4112 De
2762 4057 2911 4126 cujus
2940 4060 3120 4129 operis
3156 4059 3463 4116 narratione
3502 4067 3649 4111 unum
3682 4061 3758 4102 au-

2217 4150 2423 4200 ctorem
2462 4160 2569 4202 non
2614 4146 2806 4216 infero,
2847 4151 2971 4219 quia
3017 4166 3154 4222 pene
3183 4160 3264 4207 tot
3299 4150 3431 4208 mihi
3472 4148 3522 4204 in
3551 4144 3653 4215 ejus
3678 4138 3759 4193 vita

2218 4244 2385 4293 testes
2406 4247 2548 4308 sunt,
2593 4249 2723 4311 quot
2749 4241 2953 4298 Samnii
3006 4244 3337 4314 provinciam
3379 4242 3643 4298 noverunt.
3684 4227 3761 4284 Hic

2218 4333 2398 4404 itaque
2439 4333 2569 4388 nihil
2606 4333 2673 4389 ad
2704 4350 2855 4391 usum
2880 4351 3034 4394 suum
3061 4338 3226 4407 aliud,
3259 4337 3361 4394 nisi
3394 4346 3553 4407 pauca
3582 4328 3605 4367 "
3631 4334 3761 4395 εΡυω

2220 4427 2437 4482 vascula
2466 4426 2795 4497 possidebat.
2830 4428 2968 4483 Huic
3006 4443 3126 4485 cum
3170 4425 3547 4502 Langobardus
3583 4414 3761 4490 quidam

2224 4522 2239 4560 1
2263 4523 2315 4578 in
2332 4523 2532 4580 eisdem
2550 4522 2739 4592 apibus
2753 4522 2993 4593 rapinam
3012 4525 3269 4582 voluisset
3286 4502 3544 4595 ingerere,
3567 4512 3693 4584 prius
3709 4502 3761 4558 ib

2221 4617 2409 4674 eodem
2429 4618 2545 4673 viro
2559 4619 2725 4675 verbo
2743 4626 3024 4689 correptus
3045 4629 3148 4686 est,
3177 4629 3231 4676 et
3252 4633 3375 4676 mox
3400 4628 3496 4687 per
3514 4605 3759 4674 malisnum

516 4708 845 4776 Παραχρῆμα
874 4700 929 4756 δὲ
954 4701 1212 4773 πνεύματι
1243 4710 1447 4776 πονηρῷ
1474 4702 1701 4776 πληγείς,
1725 4706 1871 4780 παρὰ
1896 4705 1962 4760 τά
1988 4702 2101 4777 ἴχνν

2222 4712 2467 4782 spiritum
2499 4720 2624 4769 ante
2653 4713 2770 4783 ejus
2783 4713 3005 4785 vestigia
3029 4722 3271 4771 vexatus.
3299 4714 3413 4780 Qua
3439 4724 3503 4765 ex
3527 4718 3583 4761 re
3598 4698 3763 4794 factum

520 4792 671 4847 αὐτοῦ
699 4795 891 4859 πεσὼν,
924 4792 1131 4871 ἔρράγη.
1166 4791 1250 4847 Ἐκ
1274 4795 1461 4851 τούτου
1491 4788 1585 4849 οὖν
1620 4795 1843 4867 γέγονεν,
1873 4796 2004 4852 ὥστε
2031 4800 2119 4850 καί

520 4882 665 4955 παρὰ
697 4888 787 4938 τοῦ
818 4884 974 4940 αὐτοῦ
1003 4885 1277 4962 βαρϐάρου
1304 4884 1499 4952 ἔθνους,
1541 4888 1707 4948 καθὼς
1735 4890 1822 4944 καὶ
1848 4890 1993 4965 παρὰ
2015 4896 2116 4945 τῶν

519 4971 777 5047 παροίκων
804 4975 865 5029 τὸ
890 4976 1044 5033 αὐτοῦ
1069 4976 1226 5054 ὄνομα
1251 4981 1585 5042 σεϐασθῆναι.
1614 4980 1794 5044 Οὐδείς
1819 4981 1873 5038 δὲ
1901 4990 1996 5040 τοῦ
2020 4985 2119 5041 λοι-

594 5152 620 5225 ξ
661 5141 788 5225 ἔξεσε
817 5148 950 5220 πρὸς
975 5153 1121 5208 αὑτὸν
1147 5153 1444 5225 ὀφείλουσιν.

596 5211 625 5253 ι)
664 5214 791 5307 518:,
808 5211 1081 5307 Bthe-“nicas
1110 5211 1264 5307 αὐτήν
1292 5236 1382 5307 τῆς
1402 5248 1596 5307 Δχειρος
1611 5229 1662 5285 ἐν
1682 5236 1745 5307 τῇ
1770 5230 1933 5293 ήλικία
1959 5232 2119 5295 αὐτῆς

522 5291 770 5360 παραυτά
797 5291 1065 5363 ἆνύψωσεν
1092 5296 1267 5354 αὐτήν.
1295 5291 1535 5360 ’Δπὸἓῆξ
1563 5294 1722 5377 ὥρας.

598 5366 621 5395 ⁸
660 5358 788 5417 Μῧη
817 5360 1101 5417 διηγήσεων
1131 5368 1220 5417 μέν
1248 5368 1648 5417 hmini-umis-

595 5368 623 5463 ἔ
660 5368 788 5426 Ms.,
817 5368 1101 5449 διηγήσεων
1130 5368 1220 5435 μέν
1248 5368 1648 5450 ἀναγκαιότερον.

597 5521 602 5524 Δ
637 5427 788 5524 Eli"
821 5434 1136 5523 ἀνακαμψαι,
1273 5439 1299 5494 ὁ
1328 5440 1439 5510 βίος
1464 5438 1526 5497 δι’
1554 5446 1746 5524 ἀρετῶν
1778 5444 2115 5524 ἐλαμπρύνθη.

521 5497 691 5581 Ἐν
716 5497 939 5581 Σαμνείει.
953 5497 1266 5581 χῶρος-810.

606 5558 813 5649 °_Pauci
844 5558 1358 5649 _t.3*b’5..’i_".ibi.'adius
1404 5595 1539 5649 quos
1578 5584 1720 5641 Edit.
1762 5590 1932 5644 secuti
1972 5599 2117 5646 sunt.

529 5640 747 5723 Legitur
785 5644 951 5723 et_i_a_m_
995 5647 1263 5723 Aliundius
1288 5652 1351 5723 in
1407 5640 1592 5709 ἀναίρει
1621 5640 2116 5723 versIS'aiiétéEdiii

528 5712 653 5771 albo
682 5713 991 5775 inscribitur
1014 5720 1080 5777 ad
1112 5720 1255 5778 diem
1276 5722 1345 5779 24
1373 5725 1546 5795 April.

2226 4812 2382 4860 estut
2411 4806 2551 4859 sicut
2572 4804 2711 4875 apud
2731 4819 2919 4860 omnes
2948 4806 3174 4875 incolas,
3206 4807 3277 4861 ita
3306 4802 3463 4861 etiam
3494 4790 3622 4866 apud
3642 4798 3760 4844 οδω·

2226 4895 2350 4952 dem
2370 4896 2652 4952 barbaram
2674 4904 2887 4968 gentem
2914 4896 3030 4967 ejus
3056 4897 3271 4954 celebre
3287 4907 3480 4953 nomen
3497 4886 3759 4944 haberetur,

2228 4988 2513 5059 nullusque
2543 4988 2676 5044 ultra
2712 4998 3062 5059 praesumeret
3088 4991 3206 5062 ejus
3234 4986 3477 5048 cellulam
3504 4975 3600 5037 nisi
3628 4980 3661 5010 ω
3681 4968 3758 5021 hu~

2301 5162 2323 5204 ι
2346 5164 2810 5239 [λοηςίρηιζὶεεοι.
2834 5169 3071 5239 genibus.

2294 5244 2319 5307 β
2344 5233 2487 5307 Βίοις
2522 5233 2685 5307 Editi,
2715 5233 2944 5307 ipse'tibs'
2971 5240 3185 5296 salutem
3203 5240 3449 5307 restituet.

2296 5303 2326 5343 ιι
2350 5290 2655 5382 Compendi
2671 5290 2958 5382 et'primus
2973 5290 3216 5382 ὗξὶὴόὲζς
3234 5290 3572 5369 οἶίίποόεειοε
3593 5290 3754 5349 Palm-

2224 5378 2580 5450 Consentiunt
2606 5379 2714 5434 duo
2742 5379 2951 5450 Theod,

2305 5448 2320 5487 ί
2358 5450 2503 5503 Plur.
2529 5448 2654 5511 Mss.
2689 5450 2776 5506 hic
2804 5462 2858 5507 et
2876 5448 3025 5520 alibi,
3053 5453 3303 5511 Samnite.

2301 5520 2314 5598 _i
2352 5521 2474 5598 Qies
2506 5520 2568 5574 ll
2597 5521 2913 5598 Novembris
2943 5518 3060 5594 ejus
3089 5524 3365 5598 memoriae
3392 5518 3607 5598 ἀίοεξαζι

2299 5590 2321 5626 ιε
2354 5589 2536 5645 Germ.
2577 5606 2698 5645 cum
2731 5593 2937 5649 Gemet.
2971 5589 3035 5650 ac
3062 5597 3183 5653 aliis
3206 5597 3411 5658 Norm.,
3433 5589 3615 5657 αρὶωκσ

2304 5660 2448 5736 ξνει
2477 5663 2548 5736 r'n_
2552 5664 2781 5731 ejusdem
2808 5667 3007 5736 apibus.

2297 5731 2335 5754 “²
2369 5733 2479 5787 Duo
2510 5730 2753 5800 Carnot.,
2790 5730 3069 5797 humiliter.
