3998 6356
202 330 298 388 Ξεῖ

1439 320 1879 384 DIALOGORUM
1901 316 2118 377 LIBER
2159 316 2245 373 III.

3358 317 3467 378 282

198 443 335 499 milis
380 440 601 497 intrare.
651 438 805 510 Sapo
827 451 960 496 vero
1004 452 1070 496 ex
1115 438 1287 495 vicina
1332 439 1463 497 silva
1491 440 1767 497 venientes

1890 442 1973 490 τοῦ
2002 433 2274 504 έτόλμησεν
2314 450 2364 485 εν
2415 437 2488 505 τῷ
2531 428 2710 504 κελλίῴ
2744 432 2925 501 αὐτοῦ,
2972 432 3018 487 εί
3045 435 3114 503 μή
3142 432 3195 487 έν
3239 455 3467 492 ταπεινο.

199 534 324 603 ursi,
350 547 481 604 apes
507 531 622 603 ejus
651 531 934 588 comedere
973 534 1303 590 conabamur
1334 550 1350 590 :
1389 549 1522 605 quos
1552 535 1639 590 ille
1664 535 1771 591 de-

196 623 506 695 prehensos,
537 622 728 688 ferula,
774 637 930 693 quam
961 631 1177 693 portare
1205 639 1364 680 manu
1393 633 1793 692 consueverat,

147 703 162 785 ξ
196 713 445 771 ωάοὺδι.
500 713 639 770 Ante
683 714 835 785 cujus
878 717 1105 772 verbera
1141 717 1539 774 immanissima
1589 718 1773 774 bestias

144 807 156 888 ξ
195 807 489 881 rugiebant,
522 817 576 864 et
594 807 890 879 fugiebant;
923 818 1117 879 etquae
1144 810 1350 881 gladios
1377 811 1666 868 formidare
1684 812 1772 868 vix

193 908 459 971 poterant,
485 913 557 954 ex
578 898 699 968 ejus
728 914 886 955 manu
910 901 1047 957 ictus
1092 902 1277 958 ferulae
1302 901 1771 972 pertimescebant.

192 992 360 1063 Hujus
389 992 625 1049 studium
651 992 752 1048 fuit
776 991 910 1048 nihil
942 994 995 1048 in
1028 994 1129 1049 hoc
1158 995 1358 1050 mundo
1395 994 1612 1061 habere,
1642 994 1775 1050 nihil

190 1100 466 1156 quaerere;
494 1100 683 1142 omnes
707 1086 797 1158 qui
822 1086 889 1141 ad
915 1101 975 1143 se
995 1086 1277 1145 cbaritatis
1297 1103 1457 1145 causa
1468 1088 1771 1157 veniebant,

191 1178 253 1232 ad
283 1186 501 1234 :eternte
524 1179 647 1234 vita:
675 1178 941 1235 desideria
972 1181 1294 1237 accendere.
1357 1180 1411 1237 Si
1441 1181 1653 1252 quando
1682 1197 1778 1237 au-

191 1277 298 1325 tem
324 1271 680 1340 quorumlibet
704 1271 885 1343 culpas
913 1282 1247 1342 agnosceret,
1282 1288 1551 1344 nunquam
1597 1273 1664 1329 ab
1696 1273 1780 1329 in-

193 1362 503 1432 crepatione
530 1378 769 1431 parcere,
800 1364 918 1432 sed,
942 1368 1142 1421 amoris
1171 1367 1293 1436 igne
1321 1379 1632 1433 succensus,
1664 1374 1776 1421 stu-

188 1453 353 1509 debat
377 1455 431 1510 in
458 1456 537 1510 eis
559 1455 905 1512 vehementer
924 1472 1022 1528 per
1048 1457 1281 1528 linguam
1301 1457 1512 1513 saevire.
1536 1456 1777 1513 Consue-

188 1543 428 1599 tudinem
465 1559 595 1601 vero
621 1546 777 1601 vicini
802 1548 886 1603 vei
910 1548 1067 1619 longe
1097 1549 1254 1619 positi
1281 1549 1523 1620 ejusdem
1552 1549 1653 1604 loci
1682 1564 1778 1605 ac-

188 1636 323 1692 colae
370 1636 607 1693 iecerant
643 1646 703 1693 ut
743 1637 933 1695 diebus
985 1641 1208 1710 singulis
1256 1655 1352 1711 per
1388 1640 1780 1697 hebdomadam

188 1728 555 1799 unusquisque
580 1730 630 1786 ei
654 1729 952 1787 oblationes
981 1746 1103 1787 suas
1133 1736 1536 1800 transmitteret,
1558 1744 1616 1789 ut
1637 1744 1781 1791 esset

1871 528 2116 604 φροσὺνη,
2162 524 2410 580 εἰσελθεῖν.
2458 523 2697 584 Πολλάκις
2743 519 2797 578 δὲ
2848 524 2902 576 ἑκ
2945 529 3037 583 τῆς
3084 523 3465 596 γεπνιαζοὺσης

1872 620 1994 681 ὕλης
2022 617 2167 695 ἀρκοι
2194 618 2485 694 ἐρχόμενοι,
2518 618 2587 673 τά
2619 617 2862 688 μελίσσια
2906 618 3062 671 αὑτοῦ
3103 624 3276 693 φαγεῖν
3301 618 3469 675 ἐδοκί-

1873 737 2064 787 μασαν,
2086 714 2174 776 οῦς
2194 716 2377 775 ἐκεῖνος
2407 715 2595 776 πιάσας
2620 721 2695 784 τῷ
2717 715 2961 791 ναρθηκίῳ
2991 711 3228 779 ἔτυπτεν,
3254 711 3384 788 ὅπερ
3413 714 3467 773 έν

1872 812 1937 881 τῇ
1986 807 2128 882 χειρί
2167 806 2323 860 αὑτοῦ
2369 805 2644 877 βαστάζειν
2691 802 2883 860 εἴωθεν.
2913 804 2996 858 Ἐν
3038 802 3094 859 δέ
3135 812 3255 865 ταῖς
3307 806 3467 862 αὑτοῦ

1876 902 2107 972 μάστιξι,
2156 901 2222 955 τά
2269 898 2476 971 θυμώδη
2506 902 2656 973 θηρία
2694 900 2855 954 ἐκεῖνα
2899 898 3099 970 βοῶντα
3145 900 3467 972 ἀνεχώρουν,

1878 992 1967 1045 καί
1992 992 2058 1045 τά
2084 995 2155 1061 μή
2184 990 2595 1060 ὑποστελλόμενα
2620 989 2779 1060 ξίφος,
2823 994 2915 1047 τὴν
2954 990 3009 1041 ἐκ
3034 995 3126 1048 τῆς
3164 991 3342 1063 χειρός
3371 990 3471 1043 αὖε·

1880 1088 1973 1138 τοῦ
2002 1083 2235 1157 μάστιγα
2276 1080 2361 1137 διά
2405 1089 2492 1138 τοῦ
2540 1079 2806 1154 ναρθηκίου
2858 1080 3149 1152 ἐφοϐοῦντο.
3192 1078 3393 1136 Τοὺτου
3440 1082 3474 1139 ἡ

1880 1181 2029 1233 πᾶσα
2049 1174 2249 1235 σπουδή
2280 1175 2329 1229 ἐν
2357 1183 2431 1248 τῷ
2468 1174 2684 1251 παρόντι
2709 1174 2804 1246 βίῳ
2834 1170 2977 1228 οὐδέν
3005 1174 3178 1245 ἕτερον
3205 1173 3469 1249 ὑπῆρχεν,

1882 1270 1927 1323 εί
1955 1274 2025 1340 μή
2046 1271 2167 1330 τοὺς
2188 1268 2314 1345 πρὸς
2334 1268 2484 1322 αὑτὸν
2504 1267 2707 1337 ἀγάπης
2734 1266 2890 1337 χάριν
2915 1265 3253 1339 ἐρχομένους,
3287 1266 3358 1325 εἰς
3382 1270 3476 1323 την

1880 1367 1972 1421 τῆς
2012 1360 2214 1414 αἰωνίου
2246 1362 2380 1423 ζωῆς
2406 1358 2672 1427 ἐπιθυμίαν
2702 1354 2969 1431 διεγεῖραι.
2996 1356 3108 1409 Ἐάν
3142 1353 3194 1409 δέ
3225 1355 3310 1411 καί
3349 1354 3492 1425 ποτέ,

1882 1438 2023 1517 τινος
2054 1464 2292 1526 πταῖσμα
2329 1453 2527 1527 διέγνω,
2577 1451 2809 1525 οὐδαμῶς
2850 1452 3076 1525 ἐλέγχων
3122 1458 3301 1508 τοῦτον
3349 1453 3479 1524 ἐφεί-

1882 1546 2019 1604 δετο.
2052 1549 2197 1605 Ἀλλά
2222 1557 2295 1622 τῷ
2339 1557 2430 1610 τῆς
2471 1549 2672 1621 ἀγάπης
2714 1549 2841 1619 πυρί
2885 1546 3224 1616 ἐπικαιόμενος,
3268 1547 3477 1604 ἐσκόπει

1882 1648 1994 1702 πῶς
2020 1643 2194 1702 αὑτοῖς
2223 1640 2307 1697 διά
2335 1655 2427 1703 τῆς
2453 1641 2684 1715 γλώττης
2724 1637 3035 1710 καθάψηται.
3060 1635 3213 1701 Ἐθος
3251 1636 3305 1693 δέ
3330 1635 3481 1711 εἶχον

1884 1731 1929 1785 οί
1956 1733 2319 1805 γειτνιάζοντες
2339 1740 2411 1801 τῷ
2433 1730 2596 1802 τόπῳ,
2619 1732 2705 1785 καί
2726 1730 2773 1784 οί
2794 1731 2848 1784 ἐκ
2871 1733 3063 1803 μήκους
3087 1735 3481 1805 παροικοῦντες,

187 1819 332 1890 quod
354 1820 471 1890 ipse
497 1820 564 1875 ad
586 1836 645 1877 se
670 1822 1006 1879 venientibus
1027 1823 1220 1881 oﬂerre
1237 1827 1519 1892 potuisset.
1534 1828 1775 1896 Quodam

1890 1822 1989 1877 καθ’
2020 1823 2239 1882 ἑκάστην
2269 1824 2457 1897 ἡμέραν
2490 1831 2581 1882 τῆς
2609 1819 2916 1892 ἑϐδομάδος,
2945 1822 3162 1881 ἕκαστος
3198 1821 3363 1876 αὑτῶν
3389 1827 3481 1882 τήν

187 1927 324 1967 vero
351 1923 593 1983 tempore
621 1928 904 1983 possessor
931 1914 1172 1985 quidam,
1220 1914 1493 1973 Carterius
1541 1920 1775 1986 nomine,

1890 1913 2075 1969 ἑαυτοῦ
2106 1911 2334 1986 εῦλογίαν
2360 1914 2491 1987 πρὸς
2511 1912 2661 1967 αὑτὸν
2686 1912 3008 1977 ἀποστεῖλαι,
3038 1912 3122 1966 ἶνα
3144 1909 3253 1985 ἔχῃ
3274 1933 3327 1968 τι
3352 1910 3479 1988 παρ’

188 2006 472 2063 immundo
499 2008 767 2065 desiderio
796 2009 1060 2077 devictus,
1092 2011 1375 2082 quamdam
1403 2013 1781 2069 sanctimonia-

189 2099 298 2155 lem
334 2099 583 2155 feminam
611 2101 807 2173 rapuit,
839 2103 1048 2174 sibique
1072 2104 1255 2159 iliicito
1284 2106 1627 2161 matrimonio
1648 2120 1781 2161 con-

185 2189 389 2260 junxit.
416 2190 568 2257 Quod
591 2207 712 2247 mox
737 2203 794 2248 ut
816 2195 898 2249 vir
921 2195 1127 2251 Domini
1152 2198 1420 2265 cognovit,
1454 2198 1504 2253 ei
1537 2213 1631 2267 per
1646 2212 1779 2268 quos

197 2286 372 2354 potuit
400 2302 519 2355 quae
550 2287 721 2343 fuerat
742 2289 933 2360 dignus
967 2290 1154 2346 audire
1196 2291 1487 2347 mandavit.
1539 2293 1781 2364 Cumque

187 2378 281 2433 illc
314 2380 473 2452 337
516 2382 735 2439 sceleris
764 2385 845 2440 sui
892 2388 1139 2442 conscius
1172 2387 1405 2454 timeret,
1437 2395 1597 2456 atque
1625 2388 1784 2445 advi-

188 2486 311 2527 rum
365 2473 456 2528 Dei
502 2490 835 2548 nequaquam
862 2480 1120 2536 accedere
1148 2490 1518 2553 praesumeret,
1552 2497 1618 2538 ne
1646 2482 1783 2539 forte

189 2561 342 2618 hunc
365 2576 573 2635 aspere,
596 2576 652 2621 ut
673 2568 1038 2642 delinquentes
1067 2572 1294 2641 solebat,
1325 2575 1643 2645 increparet,
1660 2576 1784 2633 fecit

190 2654 496 2715 oblationes
525 2674 669 2725 suas,
712 2676 910 2734 easque
938 2664 1078 2720 inter
1104 2665 1403 2723 oblationes
1430 2667 1658 2723 aliorum
1681 2668 1783 2722 mi-

183 2746 277 2815 sit,
316 2756 376 2802 ut
398 2749 516 2818 ejus
543 2765 765 2807 munera
796 2754 986 2810 saltem
1009 2756 1300 2812 nesciendo
1327 2758 1649 2829 susciperet.
1677 2758 1782 2815 Sed

182 2852 311 2895 cum
344 2854 524 2896 coram
545 2855 611 2898 eo
638 2844 861 2901 fuissent
882 2847 1180 2903 oblationes
1202 2849 1441 2904 omnium
1464 2849 1780 2920 deportatae,

180 2934 267 2984 vir
301 2930 400 2986 Dei
443 2933 634 2988 tacitus
679 2936 841 3005 sedit,
892 2938 1165 3014 sigillatim
1209 2954 1399 2995 omnes
1445 2942 1786 2998 considerare

179 3021 420 3090 studuit,
447 3032 503 3079 et
521 3038 707 3081 omnes
728 3027 861 3083 alias
880 3029 1085 3101 eligens
1112 3041 1273 3103 atque
1292 3046 1533 3089 seorsum
1553 3049 1780 3105 ponens,

178 3112 498 3170 oblationes
526 3131 657 3186 quas
681 3118 818 3175 idem
841 3119 1117 3178 Carlerius
1143 3125 1519 3180 transmiserat
1537 3128 1786 3197 cognovit

176 3218 291 3276 per
346 3206 614 3277 spiritum,
662 3213 857 3280 sprevit
907 3222 1065 3283 atque
1111 3215 1331 3285 abjecit,
1363 3217 1549 3273 dicens
1580 3235 1594 3271 :
1626 3219 1701 3274 ite
1729 3227 1785 3274 et

1883 2006 2051 2075 ἑαυτῷ
2073 2002 2199 2079 ὅπερ
2234 2003 2260 2041 δ
2293 2004 2471 2076 ὀφείλει
2498 2012 2606 2064 τοῖς
2635 2004 2763 2078 πρὸς
2794 2003 2946 2059 αὑτὸν
2974 2004 3270 2077 ἐρχομένοις
3307 2024 3481 2078 παρα-ι

1881 2102 2061 2156 θεῖναι.
2094 2096 2187 2153 ’Ἐν
2214 2121 2313 2153 τινι
2350 2097 2405 2153 δέ
2431 2105 2594 2173 καιρῷ
2618 2101 2820 2171 κτὴτωρ
2846 2117 2926 2157 τις
2954 2096 3226 2172 Καρτέριος
3249 2096 3481 2167 ὀνόματι,

1884 2191 2158 2266 ἀκαθάρτῳ
2185 2191 2427 2265 ἐπιθυμίᾳ
2444 2189 2677 2255 νικηθεὶς,
2711 2188 3079 2263 καθιερωμένην
3099 2190 3211 2243 τινά
3238 2197 3259 2225 ε
3288 2189 3481 2248 θήλειαν

1884 2281 2095 2353 ἔκλεψε,
2145 2286 2228 2338 καὶ
2271 2282 2577 2356 ἀναρμόστῳ
2635 2283 2934 2351 συνοικεσίῳ
2979 2280 3145 2351 έαυτῷ
3194 2282 3478 2346 συνέζευξεο

1882 2383 2042 2433 Τοῦτο
2092 2375 2147 2432 δέ
2187 2376 2213 2432 ὁ
2250 2383 2342 2433 τοῦ
2374 2383 2499 2432 Θεοῦ
2532 2374 2794 2450 ἄνθρωπος
2830 2378 3000 2434 Μηνᾶς
3039 2374 3285 2439 ἀκούσας,
3320 2370 3383 2429 δι’
3413 2372 3480 2428 ὧν

1883 2470 2100 2532 ἠδυνήθη
2141 2471 2305 2545 εὑρεῖν
2349 2470 2739 2548 ἀπερχομένων,
2768 2467 2901 2544 άπερ
2928 2464 2986 2526 ἧν
3025 2464 3164 2533 ἄξιος
3203 2469 3421 2524 ἀκοῦσαι
3449 2462 3480 2504 ά

1881 2567 2048 2636 τούτῳ
2092 2564 2357 2624 ἐδήλωσεν.
2405 2562 2626 2624 Ἐκεῖνος
2661 2561 2715 2618 δέ
2760 2567 2849 2622 τὴν
3078 2562 3265 2617 ἑαυτοῦ
3311 2563 3480 2618 αἰτίαν

1884 2658 2145 2724 συνειδώς,
2175 2656 2414 2730 οὐδαμῶς
2433 2657 2619 2729 ἐτόλμα
2639 2663 2712 2728 τῷ
2732 2656 2982 2731 ἀνθρώπῳ
3004 2662 3094 2711 τοῦ
3116 2662 3243 2711 Θεοῦ
3264 2676 3483 2731 προσεγ-

1884 2755 2049 2825 γίσαι,
2079 2750 2386 2826 φοϐούμενος
2407 2752 2489 2806 ἴνα
2517 2755 2587 2820 μὴ
2618 2753 2703 2805 καὶ
2731 2756 2909 2805 τοῦτον
2934 2750 3097 2812 καθώς
3125 2750 3247 2809 τοὺς
3272 2749 3484 2811 λοιποὺς

1886 2843 2268 2917 ἁμαρτάνοντας
2306 2842 2546 2918 διελέγξῃ.
2591 2842 2831 2901 Ἐποίησε
2877 2840 2930 2897 δέ
2972 2844 3063 2903 τάς
3106 2843 3295 2899 ἑαυτοῦ
3341 2844 3484 2898 εὐλο-

1888 2941 2023 3011 γίας,
2050 2942 2134 2993 καί
2157 2939 2355 2999 ταύτας
2388 2939 2577 3009 μεταξὺ
2608 2944 2706 2993 τῶν
2733 2934 2891 2993 ἄλλων
2920 2937 3149 3010 εὑλογιῶν
3176 2938 3327 3008 μίξας
3354 2939 3486 2992 ἀπέ-

1889 3032 2117 3099 στειλεν,
2166 3030 2308 3091 ὅπως
2363 3030 2589 3106 ἀκριϐῶς
2635 3035 2704 3100 μὴ
2752 3030 3174 3102 ἐπιγινώσκοντος
3220 3029 3373 3083 αὑτοῦ
3419 3030 3486 3086 τά

1888 3121 2047 3201 δῶρα,
2080 3128 2249 3177 ταῦτα
2278 3121 2499 3185 δέξηται.
2521 3119 2611 3181 Ὠς
2650 3116 2736 3174 οὖν
2759 3121 2963 3175 ἐνώπιον
2999 3121 3155 3175 αὑτοῦ
3175 3121 3229 3173 αἱ
3258 3140 3486 3196 προσφο-

1888 3219 1977 3293 ραί
1999 3214 2202 3272 πάντων
2232 3216 2612 3285 ἀπηνέχθησαν,
2643 3213 2669 3268 ό
2706 3219 2799 3269 τοῦ
2828 3220 2957 3268 Θεοῦ
2989 3210 3251 3289 ἅνθρωπος
3277 3214 3487 3284 ἡσυχά-

178 3295 359 3353 dicite
386 3297 436 3353 ei
470 3315 484 3349 :
514 3299 841 3358 Oblationem
868 3317 1019 3359 suam
1050 3283 1403 3376 omnipotenti
1434 3306 1662 3364 Domino
1689 3308 1781 3365 ab-

1890 3314 1989 3374 ζων
2032 3309 2312 3372 ἐκαθέζετο,
2357 3308 2441 3361 καί
2468 3304 2578 3360 καθ’
2606 3304 2657 3358 ἓν
2686 3305 2861 3364 πάσας
2900 3303 3066 3357 αὐτῶν
3108 3306 3377 3361 σκοπήσας
3406 3302 3490 3357 καί

183 3390 417 3460 stulisti,
469 3401 522 3446 et
566 3393 697 3449 mihi
746 3404 864 3451 tuas
907 3398 1207 3455 oblationes
1256 3402 1621 3456 transmittis?
1656 3401 1782 3473 ,Ego

181 3483 522 3538 oblationem
570 3494 711 3540 tuam
756 3502 860 3542 non
900 3488 1124 3559 accipio,
1169 3490 1291 3561 quia
1321 3505 1471 3546 suam
1514 3492 1782 3547 abstulisti

181 3574 324 3631 Deo.
342 3575 455 3641 Qua
484 3591 547 3631 ex
582 3593 639 3632 re
667 3578 862 3635 factum
892 3589 1046 3636 estut
1074 3592 1369 3652 praesentes
1398 3597 1635 3652 quosque
1667 3598 1785 3639 ma-

180 3680 327 3736 gnus
358 3667 520 3722 timor
545 3668 840 3739 invaderet,
882 3686 1001 3726 cum
1034 3672 1114 3727 vir
1143 3672 1353 3729 Domini
1398 3682 1507 3729 tam
1547 3675 1783 3731 scienter

182 3759 253 3814 de
285 3758 605 3815 absentibus
626 3761 912 3832 judicaret.

1892 3404 2233 3462 κατανοήσας,
2258 3397 2377 3458 ὅλας
2402 3400 2496 3459 τὰς
2517 3395 2670 3457 ἄλλας
2690 3395 3061 3468 ἐπιλεξάμενος,
3092 3396 3173 3450 καί
3200 3396 3341 3470 παρὰ
3366 3397 3488 3466 μίαν

1892 3492 2056 3551 θήσας
2077 3492 2171 3550 τάς
2204 3488 2452 3561 εὓλογίας,
2485 3487 2654 3565 ἇσπερ
2686 3487 2711 3543 ό
2743 3488 2894 3547 αὐτὸς
2922 3488 3195 3563 Καρτέριος
3221 3487 3486 3542 ἀπέστειλε

1893 3585 1978 3643 διὰ
2001 3591 2093 3639 τοῦ
2116 3584 2408 3657 πνεύματος
2450 3584 2732 3656 γνωρίσας,
2774 3580 3193 3657 παροικτρώσατο
3236 3580 3321 3634 καί
3359 3579 3489 3633 ἀπε-

1894 3681 2096 3745 ϐάλετο,
2126 3678 2300 3753 λέγων·
2328 3678 2588 3733 ’Δπέλθετε
2616 3679 2701 3730 καί
2731 3672 2905 3730 εἴπατε
2935 3670 3097 3747 αὑτῷ·
3133 3678 3233 3733 Τὴν
3259 3692 3489 3748 προσφοο

1889 3774 1979 3849 ράν
2006 3779 2094 3827 τοῦ
2124 3769 2511 3844 παντοδυνάμου
2534 3774 2663 3825 Θεοῦ
2684 3770 2869 3842 ὶπῇρες
2892 3765 2985 3839 [Ρ.
3010 3766 3117 3838 leg.
3142 3768 3371 3841 ἀπῇρας,
3399 3765 3488 3820 liic

179 3862 238 3907 et
272 3849 458 3925 infra],
490 3858 573 3910 καί
596 3856 705 3927 ἐμοὶ
730 3858 929 3918 ταύτας
952 3858 1043 3919 τάς
1073 3859 1304 3933 εὐλογίας
1341 3859 1703 3929 ἀποστέλλεις;
1736 3864 1834 3937 ἐγώ
1868 3870 1960 3925 τήν
1988 3869 2082 3923 σήν
2128 3864 2425 3942 προσφοράν
2473 3864 2532 3916 οὑ
2561 3860 2825 3933 λαμϐάνω,
2869 3858 2999 3915 διότι
3052 3860 3119 3914 σὺ
3161 3859 3316 3913 αὑτοῦ
3360 3863 3489 3915 Θεοῦ

180 3948 281 4003 τήν
317 3948 608 4021 προσφοράν
646 3948 850 4023 ἐπῇρες.
890 3958 969 4003 Ἐκ
994 3951 1180 4006 τούτου
1221 3945 1307 4006 οὖν
1346 3959 1506 4024 μέγας
1547 3952 1698 4024 φόϐος
1737 3962 1847 4018 τοῖς
1893 3951 2150 4034 παροῦσιν
2168 3957 2446 4019 ἐπέπεσεν,
2491 3950 2572 4008 ὅτι
2608 3952 2741 4009 οὕτω
2767 3960 2934 4025 σοφῶς
2961 3950 2990 4007 ό
3028 3956 3120 4007 τοῦ
3148 3957 3274 4006 Θεοῦ
3297 3947 3487 4025 ἅνθρω-

182 4057 289 4095 πος
318 4040 439 4111 περί
466 4045 561 4091 τῶν
591 4040 935 4113 ἀγνοουμένων
956 4040 1163 4118 ἔκρινεν.

265 4127 443 4183 Pera.
482 4130 670 4186 Multos
713 4130 901 4188 horum
948 4134 1190 4203 suspicor
1244 4137 1557 4208 martyrium
1602 4137 1786 4195 subire

180 4223 456 4293 potuisse,
490 4233 515 4261 τι
546 4226 589 4281 si
613 4240 708 4281 eos
738 4235 952 4298 tempus
981 4230 1370 4299 persecutionis
1395 4232 1711 4291 invenisset.

257 4315 507 4373 Gai-tuon.
548 4319 665 4373 Duo
694 4330 843 4389 sunt,
872 4322 1051 4393 Petre,
1085 4326 1330 4395 martyrii
1369 4341 1592 4397 genera,
1616 4345 1781 4387 unum

179 4406 236 4461 in
293 4408 534 4476 occulto,
580 4412 805 4467 alterum
833 4414 887 4468 in
921 4415 1155 4484 publico.
1185 4417 1317 4474 Nam
1346 4420 1448 4475 etsi
1480 4425 1782 4490 persecutio

178 4497 329 4554 desit
358 4501 615 4568 exterius,
647 4507 888 4574 martyrii
920 4508 1169 4563 meritum
1196 4509 1249 4565 in
1281 4512 1492 4570 occulto
1520 4523 1625 4584 est,
1659 4530 1782 4572 cum

180 4591 366 4647 virtus
393 4594 458 4648 ad
491 4596 793 4663 passionem
826 4608 1071 4671 prompta
1100 4601 1291 4672 flagrat
1318 4604 1372 4659 in
1397 4606 1596 4661 animo.
1650 4607 1786 4675 Quia

180 4684 334 4739 enim
366 4700 487 4740 esse
526 4690 694 4755 possit
725 4697 779 4743 et
806 4691 925 4745 sine
952 4701 1133 4760 aperta
1166 4694 1419 4763 passione
1450 4696 1784 4768 martyrium,

181 4785 421 4831 testatur
469 4778 525 4831 in
574 4778 863 4850 Evangelia
911 4781 1191 4851 Dominus,
1236 4787 1326 4855 qui
1375 4786 1623 4843 Zebedaei
1665 4788 1788 4845 ﬁliis

178 4868 371 4921 adhuc
398 4884 507 4938 pra:
538 4870 845 4927 infirmitate
874 4876 1068 4930 mentis
1098 4876 1300 4946 majora
1355 4879 1614 4936 sessionis
1671 4881 1787 4937 loca

1970 4148 2132 4196 fIETP.
2151 4139 2364 4200 Πολλοὺς
2382 4140 2435 4192 ἐκ
2457 4138 2651 4194 τούτων
2663 4137 3008 4210 ὑπολαμϐάνω
3024 4136 3271 4195 δύνασθαι
3292 4136 3492 4213 μαρτὺ-

1891 4253 1997 4309 ριον
2010 4232 2294 4299 ὑπομεῖναι,
2313 4232 2401 4285 ἐάν
2415 4231 2599 4290 αὑτοὺς
2612 4229 2637 4283 ὁ
2652 4236 2743 4285 τοῦ
2759 4227 2983 4302 διωγμοῦ
2997 4232 3172 4305 καιρὸς
3188 4230 3484 4285 κατέλαϐεν.

1963 4333 2201 4378 ΓΡΗΓΟΡ.
2244 4323 2343 4377 Δύο
2370 4324 2489 4385 είσί,
2538 4324 2712 4396 Πέτρε,
2762 4324 3046 4400 μαρτυρίου
3086 4321 3212 4382 εἴδη·
3250 4322 3299 4376 ἓν
3341 4323 3389 4376 έν
3418 4328 3493 4395 τῇ

1893 4426 2128 4493 κρυπτῷ,
2172 4419 2255 4471 καί
2301 4416 2469 4490 ἕτερον
2514 4417 2565 4469 ἐν
2608 4423 2681 4489 τῷ
2720 4413 2935 4491 φανερῷ.
2975 4412 3075 4471 Κάν
3120 4417 3221 4492 γάρ
3269 4414 3489 4487 διωγμὸς

1895 4510 2077 4577 ἔξωθεν
2103 4509 2195 4565 οῦκ
2221 4509 2354 4578 ἔστι,
2380 4510 2439 4566 τό
2467 4517 2558 4565 τοῦ
2582 4512 2871 4587 μαρτυρίου
2894 4511 3089 4583 ἀξίωμα
3112 4509 3159 4563 ἐν
3178 4518 3250 4579 τῷ
3278 4516 3488 4586 κρυπτῷ

1896 4600 2021 4660 εἶναι
2064 4603 2299 4668 δύναται,
2334 4605 2381 4657 ἐν
2406 4612 2479 4676 τῷ
2508 4606 2780 4679 προθύμως
2819 4609 2909 4664 τήν
2952 4604 3133 4675 ψυχήν
3176 4610 3283 4663 τοῖς
3313 4603 3494 4658 πάθεσι

1897 4694 2111 4767 δυνάμει
2144 4696 2563 4752 ἀντιτάσσεσθαι.
2602 4692 2717 4751 Ὀτι
2755 4693 2808 4750 δέ
2837 4694 3049 4750 δύναται
3079 4696 3163 4747 καί
3185 4693 3325 4753 ἐκτὸς
3351 4714 3495 4763 φανβ

1896 4795 1998 4864 ρῶν
2027 4796 2283 4864 τιμωριῶν
2309 4784 2436 4844 εἶναι
2460 4790 2764 4864 μαρτύριον,
2798 4787 2821 4841 ό
2849 4788 3023 4860 κύριος
3050 4788 3100 4839 έν
3128 4792 3200 4855 τῷ
3226 4786 3493 4858 εὐαγγελίῳ

1895 4877 2177 4949 δείκνυται,
2224 4878 2373 4941 ὅστις
2402 4888 2511 4941 τοῖς
2546 4879 2673 4941 υἱοῖς
2703 4876 2968 4933 Ζεϐεδαίου
3002 4878 3056 4929 ἐκ
3084 4884 3176 4936 τῆς
3206 4881 3295 4931 τοῦ
3323 4875 3495 4947 λογισ-

178 4962 562 5029 quaerentibus
600 4962 769 5017 dicit:
804 4962 1028 5020 Potestis
1060 4967 1225 5022 bibere
1262 4970 1472 5024 calicem
1510 4987 1659 5039 quem
1697 4989 1781 5045 ego

1897 4980 1997 5047 μοῦ
2050 4977 2214 5046 ἀκμὴν
2259 4975 2515 5034 ἀσθενείας
2566 4973 2814 5046 μεγάλους
2869 4978 2961 5032 τῆς
3016 4968 3259 5044 καθέδρας
3307 4971 3496 5033 τόπους

180 5051 446 5107 bibiturus
473 5069 587 5106 sum
619 5053 836 5123 (Matth.
862 5072 954 5123 xx,
976 5057 1107 5127 22)?
1150 5059 1245 5114 Cui
1276 5060 1521 5118 videlicet
1548 5078 1669 5119 cum
1699 5079 1789 5120 re-

175 5142 526 5212 sponderent
550 5160 565 5200 :
589 5143 907 5215 Possumus;
938 5150 1010 5202 ait
1041 5152 1277 5222 utrisque
1301 5171 1314 5207 :
1341 5154 1561 5211 Calicem
1583 5157 1792 5228 quidem

175 5248 367 5287 meum
412 5233 623 5300 bibatis;
679 5238 852 5293 sedere
889 5250 1061 5295 autem
1097 5244 1164 5296 ad
1212 5244 1474 5300 dexteram
1516 5265 1681 5303 meam
1717 5249 1795 5305 vel

171 5330 482 5396 sinistram,
522 5347 623 5386 non
649 5342 724 5389 est
753 5350 921 5389 meum
945 5337 1070 5392 dare
1096 5339 1233 5394 vobis
1260 5340 1475 5411 (fbid.).
1514 5342 1650 5410 Quid
1695 5357 1793 5398 au-

173 5428 309 5476 tem
336 5417 519 5474 calicis
537 5435 752 5491 nomen,
787 5426 889 5482 nisi
911 5430 1176 5498 passionis
1204 5433 1451 5502 poculum
1484 5434 1696 5505 signat?
1728 5434 1797 5489 Et

178 5527 327 5570 cum
364 5511 613 5570 nimirum
645 5528 854 5575 constet
875 5522 994 5593 quia
1018 5524 1249 5581 Iacobus
1275 5527 1327 5580 in
1360 5527 1608 5596 passione
1639 5543 1797 5584 occu-

174 5607 338 5675 buit,
370 5605 605 5665 Joannes
633 5627 763 5670 vero
789 5616 841 5671 in
871 5631 1002 5685 pace
1036 5618 1293 5675 Ecclesia:
1334 5621 1559 5692 quievit,
1611 5622 1798 5678 incun-

260 5734 291 5760 δ
318 5726 553 5809 Longip.
609 5738 676 5809 et.
712 5730 948 5799 Theod.,
985 5736 1027 5790 si
1065 5750 1150 5790 eos
1184 5751 1243 5791 eo
1287 5747 1511 5807 tenipore
1550 5746 1798 5809 persecat.

182 5804 480 5867 smspestas
505 5800 801 5858 invenisset.

259 5866 305 5906 δ
344 5867 473 5936 ΜΒἿ
505 5871 691 5943 ὀφείλῃ.

1900 5066 2222 5133 έπιζητοῦσιν
2274 5064 2432 5123 εἶπεν·
2467 5069 2688 5123 Δύνασθε
2734 5067 2893 5121 πίνειν
2938 5065 2997 5121 τὸ
3045 5070 3283 5141 ποτήριον
3331 5063 3356 5120 ὃ
3400 5066 3499 5138 ἐγώ

1899 5161 2061 5234 μέλλω
2107 5163 2298 5225 πίνειν;
2353 5162 2521 5216 Δὺτῶν
2564 5156 2618 5213 δέ
2665 5157 3049 5234 ἀποκριθέντων,
3089 5161 3368 5228 Δυνάμεθα,
3392 5165 3497 5221 τοῖς

1900 5229 2201 5332 ἀμφοτέροις
2243 5250 2397 5310 εἶπεν·
2428 5254 2494 5309 Τὸ
2522 5253 2611 5324 μίν
2650 5250 2887 5325 ποτήριόν
2925 5272 3025 5323 μου
3060 5254 3259 5319 πίεσθε,
3298 5251 3355 5307 τό
3383 5249 3437 5306 δὲ
3473 5259 3495 5287 ⁸

1901 5350 2106 5404 καθίσαι
2133 5350 2185 5403 ἐκ
2214 5345 2385 5412 δεξιῶν
2429 5365 2527 5416 μου
2557 5345 2639 5400 καί
2669 5345 2719 5409 ἐξ
2756 5344 3056 5417 εὐωνύμων,
3099 5345 3185 5397 οὑκ
3208 5341 3240 5398 ἕ
3242 5364 3351 5399 στιν
3383 5342 3500 5414 ἐμόν

1903 5447 2056 5497 τοῦτο
2084 5437 2272 5503 δοῦναι,
2306 5438 2413 5493 ἀλλ’
2449 5434 2522 5498 οἷς
2545 5438 2847 5510 ἧτοιμάσθη.
2876 5442 2937 5491 Τί
2962 5435 3015 5491 δέ
3042 5438 3288 5511 ποτηρίου
3318 5432 3496 5505 ὄνομα,

1901 5534 1944 5587 εί
1970 5537 2039 5602 μὴ
2066 5532 2123 5586 τὸ
2151 5531 2311 5591 πάθος
2331 5528 2568 5586 διἀὑτοῦ
2592 5533 2859 5600 σημαίνει;
2888 5528 2967 5583 Ἐν
2995 5529 3161 5599 τούτῳ
3190 5522 3273 5581 οὖν
3301 5524 3496 5581 δείκνυ-

1903 5647 2009 5688 ται,
2045 5622 2125 5678 ὄτι
2152 5622 2390 5681 Ἰακωϐὀς
2438 5624 2527 5693 μέν
2554 5624 2705 5679 πάθει
2755 5621 3036 5687 ἐτελειώθη,
3081 5621 3308 5681 Ἰωάννης
3354 5618 3409 5676 δέ
3446 5620 3496 5674 ἐν

1983 5749 2005 5825 ξ
2047 5738 2173 5825 9-15.,
2206 5738 2318 5792 τινά
2346 5735 2514 5825 κόρην,

1979 5807 2004 5845 ά
2047 5809 2170 5881 ᾔδη
2202 5814 2371 5864 ταῦτα
2401 5805 2536 5881 hora;
2566 5807 2700 5866 ἐδηλ.

1983 5891 2005 5920 ε
2047 5880 2172 5949 Ed.,
2205 5880 2468 5941 καθῆσθαι.
2562 5912 2563 5915 π
