3998 6356
193 294 292 379 289

1407 323 1853 391 DIALOGORUM
1892 332 2093 389 LIBER
2134 333 2213 390 Ill.

3365 340 3470 400 ενο

188 436 383 492 lumine
424 437 825 511 dependerent,
857 443 1058 500 emisso
1086 441 1344 500 divinitus
1389 443 1592 501 lumine
1641 438 1769 500 sunt

1884 448 2188 523 ίπλήρωσεν,
2222 450 2353 505 ὥστε
2379 450 2462 504 καί
2482 448 2651 525 θυρῶν
2677 446 3020 525 ἀνεῳγμένων,
3044 454 3115 523 μή
3143 451 3331 524 τολμᾷν
3358 473 3477 514 τινα

186 540 437 587 accensa.
492 532 623 591 Post
670 550 868 604 paucos
917 537 1112 593 iterum
1161 536 1301 603 dies,
1344 551 1499 604 cum,
1550 536 1779 607 expletis

185 620 463 680 missarum
491 627 794 694 solemniis,
825 630 1106 685 exstinctis
1135 629 1472 700 lampadibus
1501 639 1686 686 custos
1711 645 1778 686 ex

184 714 373 770 eadem
411 717 643 776 ecclesia
686 736 937 792 egressus
985 724 1202 791 luisset,
1243 732 1364 793 post
1392 723 1663 793 paululum
1697 724 1779 779 in-

182 808 377 878 travit,
406 819 463 865 et
492 812 767 881 lampades
798 823 825 852 ε
861 830 994 885 quas
1037 818 1377 873 exstinxerat
1413 816 1655 873 lucentes
1687 831 1777 872 re-

178 899 334 963 perit.
363 899 510 967 Quas
555 905 886 976 negligenter
925 905 1249 964 exstinxisse
1292 923 1351 965 se
1381 909 1644 975 credidit,
1677 922 1773 966 eas

177 988 281 1057 iam
328 994 609 1051 sollicitius
635 999 939 1067 fexstinxit,
970 1009 1025 1057 et
1063 1001 1256 1057 exiens
1298 1010 1458 1072 atque
1486 1002 1771 1058 ecclesiam

175 1084 457 1141 sollicitius
481 1087 693 1146 clausit.
725 1090 832 1147 Sed
882 1102 1001 1163 post
1047 1092 1304 1149 horarum
1347 1095 1508 1150 trium
1539 1094 1772 1165 spatium

176 1187 482 1243 regressus,
510 1179 749 1238 lucentes
777 1182 1051 1253 lampades
1074 1200 1206 1255 quas
1246 1186 1579 1242 exstinxerat
1619 1187 1771 1241 inve-

177 1263 289 1333 nit,
321 1275 378 1323 ut
410 1269 662 1327 videlicet
705 1288 771 1330 ex
820 1274 937 1344 ipso
979 1275 1179 1331 lumine
1217 1286 1401 1347 aperte
1447 1278 1772 1334 claresceret

173 1358 297 1426 quia
329 1359 477 1417 locus
507 1363 598 1420 ille
618 1378 649 1419 a
676 1365 912 1423 tenebris
935 1368 1003 1422 ad
1029 1367 1200 1424 lucem
1228 1371 1482 1426 venisset.

1881 541 2041 598 ἐκεῖσε
2072 543 2323 599 εἰσελθεῖν
2355 543 2483 601 ἀλλά
2509 545 2591 598 καί
2618 542 2830 620 όίερεὺς
2867 547 2951 599 καί
2981 544 3029 599 οί
3054 542 3071 582 ί
3096 546 3312 618 φύλακες
3339 545 3473 603 παν·

1879 653 1964 692 τες
1987 634 2033 686 οἱ
2057 634 2378 698 συνελθόντες
2405 637 2473 691 τά
2508 644 2601 697 τῆς
2622 635 2943 713 λειτουργίας
2968 633 3144 711 έόρτια
3166 636 3477 705 ἐπιτελέσαι,

1881 721 1941 775 τὸ
1962 723 2135 795 θαῦμα
2160 732 2311 782 τοῦτο
2331 729 2632 799 θεασάμενοι
2648 767 2664 794 ,
2693 725 2928 798 οὐδαμῶς
2969 729 3203 784 εἰσελθεῖν
3226 726 3479 789 ἠδυνήθη·

1880 833 2001 880 σαν,
2029 821 2120 876 τὴν
2160 815 2214 875 δέ
2260 817 2491 879 ἡδύτητα
2538 828 2631 882 τῆς
2684 820 2987 889 θαυμαστῆς
3030 819 3216 880 ἐκείνης
3268 817 3481 881 εὐωδίας

1880 912 2015 981 πρὸς
2044 909 2251 971 έαυτούς
2276 909 2608 984 ἐπεσύροντο.
2632 910 2712 967 Ἐν
2743 911 2797 968 δέ
2825 910 2946 987 ἄλλῃ
2968 912 3129 988 ἡμέρᾳ
3160 918 3260 966 τῶν
3296 908 3480 969 κανδηο

1880 1000 1975 1055 λῶν
2000 1000 2119 1057 ἄνευ
2163 1003 2323 1075 φωτὸς
2370 1012 2395 1051 8
2442 1006 2636 1069 οὐσῶν,
2685 1005 2846 1059 θεόθεν
2888 1005 3052 1077 φωτὸς
3100 1003 3480 1065 ἀποσταλέντος

1879 1100 2043 1151 πᾶσαι
2071 1096 2378 1167 ἀνήφθησαν.
2413 1098 2501 1150 Καὶ
2523 1094 2631 1167 μετ’
2663 1096 2835 1169 ὀλίγας
2857 1092 3009 1151 πείλιν
3036 1098 3229 1173 ἡμέρας
3256 1096 3385 1168 μετά
3421 1093 3482 1148 τὸ

1879 1186 2196 1263 πληρωθῆναι
2225 1192 2314 1246 τήν
2340 1196 2431 1247 τῆς
2447 1188 2583 1246 θείας
2610 1186 2928 1262 λειτουργίας
2956 1187 3269 1251 ἀκολουθίαν,
3285 1185 3482 1243 σϐέσας

1877 1282 1971 1338 τὰς
2001 1277 2251 1340 κανδήλας
2286 1286 2378 1338 τῆς
2406 1278 2560 1336 αὐτῆς
2593 1275 2851 1335 ἱκκλησίας
2881 1273 2906 1330 ό
2936 1276 3093 1347 φύλαξ
3127 1276 3337 1339 ἐξῆλθεν.
3358 1268 3481 1327 Μετ’

1878 1367 2038 1440 ὀλίγον
2061 1365 2113 1423 δὲ
2140 1368 2387 1434 εἰσελθὼν,
2413 1366 2586 1425 πάσας
2626 1363 2687 1427 ἃς
2713 1364 2924 1420 ἔσϐεσεν
2960 1363 3206 1424 κανδήλας
3231 1365 3480 1425 αἱθούσας

170 1449 345 1529 εὗρεν.
372 1463 597 1531 Νομίσας
621 1458 675 1515 δὲ
699 1456 800 1527 ὅτι,
826 1462 893 1521 ὡς
926 1460 1112 1532 ἔτυχεν
1140 1464 1336 1525 ταύτας
1362 1461 1598 1531 ἔσϐεσεν,
1624 1464 1704 1518 καί
1730 1459 1813 1518 διά
1837 1468 1990 1518 τοῦτο
2018 1460 2472 1530 ἀνήφθησαν,πάνυ
2500 1454 2745 1528 ἐπιμελῶς
2766 1455 2921 1518 αὐτὰς
2938 1456 3131 1516 σϐέσας
3160 1455 3372 1520 ἐξῆλθεν,
3392 1459 3478 1513 καί

171 1552 261 1607 τήν
282 1552 553 1611 έκκλησίαω
580 1550 873 1626 ἠσφάλισεν.
894 1559 1055 1628 Ὠρῶν
1076 1552 1130 1609 δέ
1152 1562 1306 1631 τριῶν
1331 1554 1682 1625 διαστήματος
1701 1553 2037 1628 παρελθόντος
2056 1550 2391 1627 ὑποστρέψας
2420 1552 2697 1624 φαινούσας
2714 1548 2865 1604 πάλιν
2892 1547 3069 1610 πάσας
3092 1550 3186 1609 τάς
3209 1546 3478 1619 κανδήλας,

166 1640 345 1721 ἅσπερ
370 1644 608 1710 ἔσϐεσεν,
623 1641 788 1723 εὗρεν.
814 1644 896 1700 Ἐκ
918 1650 1105 1703 τούτου
1134 1644 1221 1704 οὖν
1241 1654 1333 1704 τοῦ
1364 1650 1523 1722 φωτός
1556 1647 1832 1719 δείκνυται,
1852 1645 1933 1704 ὅτι
1961 1646 1988 1702 ὁ
2017 1644 2175 1708 τόπος
2194 1644 2379 1708 ἐκεῖνος
2401 1647 2504 1700 ἀπὸ
2527 1650 2618 1699 τοῦ
2640 1643 2858 1705 σκότους
2878 1650 2949 1704 εἰς
2978 1646 3035 1699 τὸ
3055 1652 3158 1717 φῶς
3184 1643 3477 1702 ἐπανῆλθεν.

238 1736 419 1819 Pera.
448 1736 563 1792 Etsi
590 1736 643 1792 in
672 1737 880 1807 magnis
902 1752 1091 1794 sumus
1121 1738 1553 1794 tribulationibus
1582 1737 1769 1807 positi,

1951 1748 2120 1793 ΠΕΤΡ.
2155 1732 2249 1792 Κάν
2276 1740 2319 1792 εἰ
2340 1738 2388 1791 έν
2416 1740 2657 1813 μεγάλαις
2701 1740 2851 1813 ἐσμέν
2893 1737 3181 1809 ἐνεχόμενοι
3227 1734 3479 1807 θλίψεσιν,

170 1831 297 1901 quia
338 1840 518 1885 tamen
548 1845 579 1884 a
618 1829 899 1886 conditore
945 1839 1131 1887 nostro
1174 1847 1277 1886 non
1324 1846 1510 1887 sumus
1556 1831 1775 1887 omnino

169 1922 447 1993 despecti,
476 1930 741 1977 testantur
760 1936 823 1978 ea
846 1938 965 1993 quae
986 1922 1145 1981 audio
1171 1922 1286 1995 ejus
1317 1923 1579 1993 stupenda
1610 1925 1774 1980 mira-

170 2019 318 2074 cuia.

236 2111 491 2169 Gnaeos.
523 2110 778 2179 Quamvis
822 2112 935 2168 sola
980 2125 1101 2183 qua:
1146 2112 1199 2168 in
1248 2112 1398 2169 italia
1430 2114 1597 2184 'gesta
1644 2121 1774 2169 sunt

167 2207 401 2260 narrare
414 2202 795 2268 decreveram,
825 2203 976 2259 visne
1005 2211 1179 2261 tamen
1205 2214 1283 2272 ut,
1311 2221 1408 2276 pro
1434 2206 1772 2262 ostendenda

171 2297 423 2367 ejusdem
470 2297 684 2353 Arianae
727 2296 999 2355 haereseos
1041 2299 1408 2371 damnatione,
1437 2310 1775 2359 transeamus

173 2390 352 2446 verbo
372 2391 438 2445 ad
462 2389 763 2461 Hispanias,
789 2400 951 2463 atque
972 2391 1098 2450 inde
1120 2408 1213 2464 per
1230 2390 1465 2453 Africam
1482 2392 1550 2450 ad
1571 2392 1774 2450 Italiam

173 2482 501 2539 redeamus?

195 2574 423 2726 efren.
454 2573 626 2649 Perge
672 2591 783 2649 quo
826 2576 985 2647 libet;
1017 2592 1145 2639 nam
1193 2579 1351 2641 laetus
1392 2580 1580 2652 ducor,
1622 2581 1775 2641 laetus

270 2682 427 2726 acor.

164 2680 427 2729 εεαιιοοε.

723 2856 954 2917 CAPUT
994 2858 1187 2919 XXXI.

164 2987 678 3070 De‘ﬁerminigjldo
713 3010 846 3070 rege
879 2994 1159 3070 Liuuigildt'
1206 2995 1592 3068 Vist'gothorum
1636 3013 1774 3070 regu

239 3062 383 3131 ﬁlio,
416 3079 508 3132 pro
540 3062 638 3132 ﬁde
661 3062 911 3120 catholica
930 3066 993 3120 ab
1024 3062 1200 3122 eodem
1228 3062 1374 3137 patre
1396 3086 1490 3125 suo
1512 3062 1699 3127 occiso.

239 3175 414 3249 355
437 3174 758 3234 GBEGONOS.
783 3178 936 3235 Sicut
960 3178 1250 3235 multorum
1277 3180 1368 3250 qui
1391 3180 1459 3236 ab
1486 3179 1769 3250 ilispania-
1788 3163 1841 3257 ¹(ἶ

165 3286 293 3327 rum
328 3271 574 3341 partibus
622 3272 843 3329 veniunt
891 3273 1154 3330 relatione
1196 3274 1562 3344 cognovimus,
1594 3288 1764 3344 nuper

166 3362 193 3402 δ
226 3363 654 3437 Herminigildus
681 3381 777 3423 rex
806 3365 1106 3436 Leuvigildi
1138 3377 1160 3406 ο
1193 3369 1334 3439 regis
1367 3368 1766 3438 Visigotltorum

165 3458 335 3525 Illius,
366 3460 434 3515 ab
463 3460 659 3515 Ariana
710 3460 905 3517 haeresi
947 3461 1016 3518 ad
1065 3460 1227 3517 ﬁdem
1261 3460 1616 3529 catholicam,
1651 3462 1767 3516 viro

167 3551 604 3607 reverentissimo
635 3548 663 3588 ἀ
695 3551 942 3608 Leandro
984 3553 1319 3623 ﬂispalitano
1360 3555 1634 3624 episcopo,
1668 3553 1766 3609 du-

168 3641 298 3699 dum
321 3644 451 3699 mibi
475 3644 529 3699 in
557 3644 812 3702 amicitiis
836 3644 1171 3702 familiariter
1195 3645 1407 3717 jnucto,
1437 3646 1766 3716 pmdicante

169 3744 193 3773 ε
217 3750 514 3794 conversus
536 3748 639 3795 est.
664 3739 832 3806 Quem
861 3748 1014 3809 pater
1046 3739 1295 3807 Arianus,
1322 3749 1382 3795 ut
1419 3740 1488 3795 ad
1516 3741 1763 3797 eamdem

171 3826 423 3885 haeresim
454 3829 683 3899 rediret,
712 3839 766 3886 et
810 3832 1048 3902 praemiis
1091 3830 1339 3898 suadere,
1362 3841 1417 3887 et
1446 3830 1607 3887 minis
1652 3843 1765 3889 ter-

168 3936 295 3977 rere
314 3932 539 3979 conatus
561 3933 662 3980 est.
692 3923 936 3995 Cumque
963 3923 1053 3980 ille
1080 3923 1511 3981 constantissime
1533 3939 1761 3995 respon-

168 4014 332 4071 deret
346 4030 610 4086 nunquam
625 4031 687 4072 se
700 4031 884 4072 veram
902 4016 1062 4072 (idem
1081 4031 1239 4087 posse
1259 4015 1583 4087 relinquere,
1602 4032 1762 4088 quam

167 4106 343 4162 semel
390 4108 719 4178 agnovisset,
752 4108 922 4164 iratus
950 4116 1106 4179 pater
1140 4124 1264 4165 eum
1310 4108 1542 4178 privavit
1569 4125 1762 4179 regno,

166 4202 443 4273 rebusque
484 4202 804 4275 exspoliavit
844 4203 1114 4260 omnibus.
1147 4204 1389 4274 Cumque
1419 4219 1517 4260 nec
1544 4204 1624 4259 sic
1650 4204 1762 4258 vir-

168 4302 338 4352 tutem
366 4295 563 4353 mentis
588 4295 731 4353 illius
756 4295 1000 4353 emollire
1028 4295 1314 4364 valuisset,
1347 4296 1402 4350 in
1432 4304 1576 4351 arcta
1606 4295 1762 4350 illum

165 4386 410 4443 custodia
452 4388 803 4456 concludens,
834 4389 1029 4445 collum
1077 4402 1374 4461 manusque
1421 4388 1565 4445 illius
1615 4388 1764 4444 ferro

166 4476 375 4551 ligavit.
406 4478 587 4552 Capit
614 4482 795 4552 itaque
823 4481 965 4538 idem
994 4480 1420 4554 Herminigildus
1468 4497 1561 4538 rex
1608 4482 1762 4551 juve-

1879 1826 1982 1884 ἀλλ’
2010 1823 2094 1882 οὖν
2128 1826 2209 1884 ὅτι
2249 1830 2334 1883 οὐκ
2376 1831 2529 1900 έσμέν
2558 1834 2701 1904 παρὰ
2743 1838 2833 1887 τοῦ
2870 1835 3081 1887 κτιστοῦ
3107 1832 3244 1902 ἡμῶν
3273 1830 3478 1887 παντά-

1880 1944 2011 1980 πασι
2031 1921 2320 1994 βδελυκτοὶ,
2351 1932 2703 2000 μαρτυροῦσιν
2735 1926 2868 2003 ἅπερ
2903 1926 3071 1980 ἀκούω
3103 1925 3351 1984 έκπληκτά
3388 1924 3480 1981 αὖ·

1880 2021 1972 2071 τοῦ
1998 2017 2279 2088 θαυμάσια.

1950 2121 2191 2165 ΓΡΗῙὍΡ.
2220 2109 2419 2172 Ἐπειδή
2448 2113 2574 2182 μόνα
2600 2114 2662 2168 τά
2684 2117 2757 2175 εἰς
2780 2111 2993 2169 Ἰταλίαν
3022 2113 3326 2187 πραχθέντα
3366 2110 3480 2171 διη-

1881 2205 2146 2276 γήσασθαι
2173 2206 2361 2281 ὥρισα,
2383 2206 2535 2267 θέλεις
2555 2209 2688 2282 πρὸς
2715 2208 2773 2261 τό
2806 2205 3155 2279 ἐπιδειχθῆναι
3192 2213 3284 2265 τῆς
3327 2206 3483 2265 αὐτῆς

1879 2294 2136 2371 ’Δρειανῆς
2184 2298 2428 2371 αἱρέσεως
2457 2304 2546 2358 τήν
2587 2301 2888 2375 κατάκρισιν
2926 2298 3193 2370 διέλθωμεν
3236 2306 3309 2369 τῷ
3347 2295 3481 2372 λόγῳ

1882 2388 1930 2441 ἐν
1959 2398 2204 2463 Σπανικῇ,
2234 2392 2465 2447 κάκεῖθεν
2494 2389 2558 2447 δι’
2595 2392 2830 2463 ’Δφρικῆς
2868 2395 2940 2453 είς
2970 2392 3186 2450 Ἰταλίαν
3224 2392 3481 2464 ὑποστρέ-

1880 2479 2090 2553 ψωμεν;

1951 2585 2121 2630 ΠΕΤΡ.
2163 2574 2329 2632 Ὀπου
2380 2574 2423 2631 δ’
2450 2570 2509 2632 ἀν
2555 2576 2727 2650 βούλει
2772 2573 2802 2615 δ
2846 2578 3146 2653 πορεύθητι,
3195 2576 3333 2649 κάγώ
3376 2577 3479 2650 γὰρ

1879 2667 2257 2739 εὐφραινόμενος
2290 2671 2759 2743 συμπορεύσομαι,
2792 2672 2876 2727 καί
2915 2668 3291 2745 εὐφραινόμενος
3334 2667 3481 2725 πάλιν

1882 2759 2303 2837 ἁνθυποστρέφω.

2416 2854 2583 2928 346
2605 2863 2831 2915 KEMA.
2878 2864 2969 2913 ΑΔ

1879 2950 1999 3025 Περὶ
2024 2948 2352 3030 ᾔἹ-Ξρμιγίλδου
2398 2952 2555 3030 me;
2603 2956 2777 3030 πρώῃν
2816 2951 3097 3030 ’Δρμειανοίξα
3120 2952 3478 3030 ὑπάρχοντοςε

1950 3021 2037 3076 καί
2067 3021 2149 3099 sia;
2178 3021 2237 3078 τό
2284 3021 2578 3099 προσελθεῖν
2607 3021 2768 3099 αὐτόν
2798 3021 3139 3099 ἐἶδ’ὀρθοδόξῳ
3163 3021 3336 3078 πίστει
3375 3021 3480 3075 ὑπὸ

1954 3099 2043 3147 τοῦ
2074 3092 2205 3150 ἰδίου
2229 3092 2427 3170 πατρὸς
2456 3096 2754 3169 σφαγέντος.

1943 3214 2283 3262 ΓΡΗΓΟΡῙΟΣ.
2317 3210 2481 3267 Καθὼς
2514 3210 2656 3285 παρά
2690 3207 2885 3263 πολλῶν
2922 3212 3023 3262 τῶν
3061 3211 3145 3259 νῦν
3188 3201 3482 3279 ἐρχομένων

1873 3299 1976 3352 ἀπὸ
1999 3305 2099 3353 τῶν
2121 3305 2289 3373 μερῶν
2318 3297 2578 3359 Ἱσπανίας
2604 3298 2941 3371 διηγουμένων
2967 3297 3144 3370 ἔγνων,
3182 3294 3199 3332 ί
3225 3294 3481 3368 Ἐρμιγίλ-

1874 3388 1959 3450 δος
1988 3388 2013 3444 ό
2040 3390 2133 3461 ῥήξ
2161 3390 2269 3449 υίὸς
2292 3389 2555 3466 ὑπάρχων
2579 3386 2911 3462 Λουϐιγῐλδου
2936 3394 3026 3444 τοῦ
3052 3386 3206 3460 ῥηγὸς
3240 3392 3333 3466 του
3377 3390 3481 3439 τῶν

1872 3481 2207 3552 αόισιγότθων
2236 3461 2416 3542 ἔθνους
2449 3484 2501 3535 ἐκ
2548 3489 2641 3542 τῆς
2681 3480 2937 3555 ’Δρειανῆς
2986 3480 3235 3555 αἱρέσεως
3280 3461 3351 3537 είς
3387 3482 3478 3538 τήν

1872 3571 2133 3648 ὀρθόδοξον
2162 3575 2337 3628 πίστιν
2383 3571 2742 3651 ὑπέστρεψεν,
2773 3569 3025 3646 Λεάνδρου
3070 3572 3259 3628 ταύτην
3299 3570 3479 3644 κηρύτ-

1869 3687 2066 3731 τοντος,
2098 3674 2189 3720 τοῦ
2220 3674 2311 3727 τῆς
2337 3666 2531 3727 πόλεως
2572 3664 2815 3725 Ἰσπάλης
2850 3666 3155 3729 έπισκόπου,
3187 3660 3327 3723 ὅστις
3369 3663 3480 3731 ἐμοι

1868 3759 2025 3813 πάλαι
2065 3760 2287 3828 γνησίως
2332 3760 2382 3812 ὲν
2426 3766 2542 3818 ταῖς
2582 3758 2765 3828 φιλίαις
2810 3756 2823 3807 i
2878 3755 3272 3833 προσεκολλήθη.
3320 3764 3374 3805 ‘0
3423 3749 3479 3807 δέ

1869 3854 1962 3902 τοῦ
1986 3848 2361 3919 προλεχθέντος
2385 3846 2705 3922 ⁸Ι-Ξρμιγίλδου
2735 3852 2906 3922 πατὴρ
2935 3843 3265 3917 Λουϐιγίλδος
3288 3842 3479 3918 ’Δρειαε

1869 3942 1953 4001 νός
1983 3943 2267 4015 ὑπάρχων,
2300 3939 2524 3998 ἔσπευδε
2550 3947 2729 3998 τοῦτον
2756 3943 2807 3996 έν
2836 3949 2899 4016 τῇ
3096 3941 3293 4015 αίρέσει
3334 3937 3480 3993 πάλιν

1867 4032 2220 4110 ὑποστρέψαι,
2267 4037 2346 4090 καὶ
2390 4036 2449 4089 οὐ
2496 4032 2746 4107 διέλιπεν,
2776 4035 3073 4103 ὑποσχέσει
3120 4031 3295 4109 δώρων
3326 4030 3479 4086 αὐτόν

1868 4124 2178 4193 κολακεύων,
2210 4129 2295 4181 καὶ
2328 4127 2479 4182 πάλιν
2517 4126 2755 4186 ἀπειλαῖς
2801 4125 3188 4183 καταπλήττων.
3233 4122 3395 4181 Αὐτὸς
3420 4118 3476 4176 δέ

1868 4215 2082 4294 ἐδραίως
2124 4218 2408 4288 ίστάμενος,
2462 4218 2706 4293 ἀπεκρίθη
2738 4217 2932 4290 λέγων,
2979 4214 3233 4286 μηδέποτε
3292 4214 3475 4269 ἑαυτόν

1866 4308 2021 4369 ἀληθῆ
2048 4312 2224 4365 πίστιν
2246 4308 2492 4365 δύνασθαι
2514 4307 2850 4379 καταλεῖψαι,
2887 4309 3047 4384 ἥνπερ
3083 4305 3221 4370 ἅπαξ
3249 4303 3476 4377 μεμάθηο

1866 4420 1969 4454 κεν.
2017 4402 2275 4472 Θυμωθείς
2316 4399 2371 4456 δέ
2415 4399 2442 4456 ό
2474 4400 2870 4478 τούτουξπατήρ
2900 4399 3175 4477 έστέρησεν
3202 4396 3349 4453 αὐτὸν
3375 4401 3471 4451 τῆς

1869 4490 2159 4561 βασιλείας,
2194 4495 2281 4547 καὶ
2307 4489 2517 4547 πάντων
2535 4497 2636 4547 τῶν
2672 4488 2996 4567 πραγμάτων
3030 4495 3212 4544 τοῦτον
3240 4485 3471 4559 έγύμνω·

169 4570 253 4629 nis
298 4584 570 4632 terrenum
618 4590 843 4645 regnum
885 4574 1163 4645 despicere
1201 4573 1396 4646 (Causa
1424 4574 1524 4642 2i,
1550 4576 1681 4643 (1.1,
1711 4593 1757 4631 ε.

1884 4601 1979 4645 τεν.
2004 4579 2142 4639 Μηδὲ
2174 4578 2203 4618 k
2229 4578 2378 4641 οὗτος
2407 4580 2461 4637 δέ
2488 4585 2581 4641 τήν
2618 4588 2711 4637 τοῦ
2752 4581 3000 4653 λογισμοῦ
3032 4578 3191 4634 αὐτοῦ
3224 4572 3475 4645 σταθηρό-

170 4667 273 4734 62,
303 4667 516 4741 Capit),
556 4679 613 4726 et
658 4668 786 4725 lorti
826 4668 1094 4726 desiderio
1132 4669 1355 4726 caeleste
1400 4683 1667 4739 quaerens,
1708 4670 1763 4724 in

170 4760 356 4818 ciliciis
380 4763 686 4819 vinculatus
708 4761 913 4833 jacere,
936 4762 1296 4831 omnipotenti
1324 4761 1436 4818 Deo
1456 4762 1523 4816 ad
1550 4762 1766 4819 confor-

173 4853 387 4910 tandum
411 4870 472 4912 se
499 4869 691 4926 preces
719 4854 1019 4923 eﬂ‘undere,
1048 4865 1304 4926 tantoque
1331 4853 1613 4911 sublimius
1643 4855 1764 4925 glo-

174 4944 307 4999 riam
326 4945 650 5005 transeuntis
674 4946 860 5002 mundi
882 4946 1181 5017 despicere,
1204 4954 1403 5017 quanto
1424 4954 1481 5002 et
1505 4948 1762 5018 religatus

172 5050 465 5111 agnoverat
492 5040 570 5099 nil
598 5037 766 5098 fuisse
796 5040 940 5113 quod
968 5040 1204 5111 potuerit
1232 5040 1455 5097 auferri.
1489 5040 1765 5110 Superve-

236 5209 265 5271 ει
304 5201 506 5271 Vulgati
525 5243 541 5268 ,
565 5216 693 5271 quas
712 5202 991 5256 exstinctus
1010 5199 1315 5269 reliquerat;
1339 5206 1395 5255 et
1423 5198 1583 5269 paulo
1611 5209 1760 5271 post,

162 5270 443 5337 sollicitus,
474 5270 896 5340 pro’sollicitius.

236 5340 268 5379 δ
301 5341 431 5406 Ejus
458 5343 649 5399 festum
671 5344 975 5401 celebratur
999 5342 1089 5398 die
1112 5342 1179 5397 15
1202 5342 1421 5412 Aprilis.
1444 5343 1523 5401 De
1546 5358 1612 5401 eo
1634 5358 1764 5400 con-

162 5412 289 5469 sule
314 5413 599 5469 Marianum
624 5414 716 5470 lib.
739 5430 772 5469 ν
796 5414 956 5480 Hist.,
983 5429 1034 5470 c.
1058 5413 1146 5468 12.

236 5484 619 5611 '38Lauvieldus
660 5486 958 5557 appellatur
996 5487 1136 5555 apud
1178 5484 1338 5557 (ἔνθα.
1379 5486 1532 5553 Tur.,
1559 5487 1654 5543 lib.
1685 5502 1758 5558 tv,

160 5570 211 5613 ε.
236 5570 334 5612 ὒδ.

232 5626 262 5667 ά
296 5627 371 5685 De
400 5638 589 5687 sancto
619 5630 887 5697 Leandro,
920 5630 1038 5699 lege
1081 5629 1361 5701 epistolam
1396 5629 1545 5685 libris
1589 5630 1765 5685 Mora-

160 5700 297 5756 lium
328 5703 637 5772 praelixam,
665 5711 722 5759 et
763 5710 918 5758 notas
956 5701 1024 5756 ad
1057 5700 1198 5758 eam.
1245 5700 1602 5773 lnrplerisque
1630 5701 1758 5773 Mss.

159 5772 380 5849 legitur,
413 5773 691 5849 Spolitano
737 5776 1001 5847 episcopo,
1048 5788 1145 5845 pro
1189 5772 1489 5847 Spalt'tano,
1520 5772 1614 5833 vel
1654 5772 1759 5832 Ηι-
1863 5785 1959 5842 σεο.

160 5842 299 5918 ψει.

1870 4695 2001 4731 τητα
2029 4674 2282 4730 ἀπαλύναι
2309 4671 2559 4739 δυνηθείς,
2616 4674 2667 4727 έν
2707 4671 3005 4743 πενωτάτῃ
3052 4668 3246 4741 φυλακῇ
3289 4669 3474 4720 τοῦτον

1876 4766 2208 4833 κατέκλεισεν,
2256 4769 2351 4828 τάς
2393 4774 2586 4843 χεῖρας
2630 4766 2789 4821 αὐτοῦ
2815 4766 2901 4819 καί
2939 4762 3062 4819 τοὺς
3095 4756 3258 4820 πόδας
3279 4752 3473 4834 σιδήρῳ

1872 4858 2293 4932 ἀσφαλισάμενος.
2326 4858 2547 4936 Ἠρξατο
2582 4854 2669 4914 οὖν
2704 4858 2731 4914 ό
2767 4858 2917 4915 αὐτὸς
2954 4850 3267 4928 Ἐρμιγίλδος
3303 4851 3327 4905 ὅ
3357 4851 3472 4923 ῥῆξε

1873 4955 2039 5010 καίτοι
2066 4956 2176 5011 νέαν
2199 4954 2338 5030 ἄγων
2366 4960 2458 5013 τήν
2485 4952 2678 5011 ἠλικίαν
2696 4954 2788 5009 τήν
2808 4948 3022 5022 ἐπίγειον
3051 4946 3311 5017 βασιλείαν
3340 4944 3472 4998 πάνυ

1872 5042 2259 5116 βδελύττεσθαι,
2288 5050 2372 5102 καί
2395 5048 2534 5116 πάσῃ
2556 5043 2801 5116 έπιθυμίᾳ
2819 5046 2911 5101 τὴν
2932 5038 3159 5119 οὐράνιον
3186 5040 3470 5103 inicum».

1942 5213 1967 5243 ε
1998 5207 2081 5261 Ad
2112 5207 2248 5273 hanc
2278 5204 2685 5261 conversionem
2721 5200 2993 5273 hortatrix,
3014 5199 3191 5259 fuerat
3219 5212 3355 5256 uxor
3386 5193 3471 5251 ln-

1866 5278 2080 5347 gundis,
2110 5277 2363 5346 Sigiberti
2396 5276 2731 5332 Francorum
2754 5273 2896 5345 regis
2919 5272 3050 5331 ﬁlia.

1942 5344 1962 5385 ί
1996 5350 2120 5417 Ms.,
2143 5344 2357 5421 φῦλακες
2383 5352 2469 5405 καί
2496 5352 2702 5421 πάντες.

1938 5428 1965 5498 ς
1993 5416 2477 5498 ξένῃ-κρεμαμένον,
2506 5428 2565 5475 ιιι
2590 5421 2643 5476 ill
2673 5419 2794 5479 Lat.
2822 5416 3070 5478 habetur.

1938 5489 1967 5571 Ῑξ
1999 5489 2525 5571 βάξίίίτῲρέυθῶαιτ

1944 5562 1962 5639 ξ
1998 5566 2052 5639 ίῃ
2084 5565 2202 5631 Ms.,
2228 5562 2649 5639 'E'ppnvi'y'ytldoc.

1939 5632 1967 5715 ξ
1996 5637 2094 5715 Il_ls.
2105 5679 2121 5706 ,
2142 5632 2599 5715 προσκεκόλλιοται.

1940 5707 1966 5746 ¹ί
2002 5703 2273 5780 Fortasse,
2319 5711 2504 5781 οὕτως,
2550 5724 2675 5769 cum
2716 5708 2773 5770 in
2813 5705 3009 5767 Latino
3037 5712 3188 5767 textu
3232 5703 3465 5779 legatur,
