3998 6356
499 325 604 386 295

1737 314 1976 374 SANCTI
2016 310 2340 369 GREGORII
2381 309 2592 368 MAGNI

3669 303 3770 362 296

503 448 740 519 στόματα
761 448 1009 503 λαλοῦντα
1029 445 1322 522 ἑωρακέναι.
1350 445 1651 514 ’Δνοίγοντες
1679 441 1778 512 γὰρ
1798 439 1863 493 τὰ
1894 437 2088 490 ἑαυτῶν

2218 430 2316 498 {uis
2353 427 2622 497 loquentia
2665 425 2862 479 vidlsse
2893 421 3207 489 testabatur,
3251 421 3322 476 ita
3355 427 3411 475 ut
3442 417 3644 489 apertis
3667 420 3771 492 orig

502 543 760 613 στόματα,
786 539 961 610 ἔλεγον
980 542 1163 592 πᾶσιν·
1195 535 1454 592 Θεάσασθε
1487 531 1569 588 ὅτι
1590 531 1816 602 γλώττας
1845 533 1914 597 μη
1935 525 2086 598 ἔχον-

501 655 587 695 τες
605 635 867 698 λαλοῦμεν.
898 629 1225 706 Ἐθεωροῦντο
1266 625 1352 683 οὖν
1392 627 1536 702 παρά
1556 626 1779 688 πάντων,
1810 626 1889 677 καὶ
1925 622 2091 680 καθὼς

454 772 459 791 ε
502 727 696 800 ἴλεγον,
726 725 890 786 οὕτως
914 731 940 760 ⁸
970 725 1232 799 ὑπῆρχον.
1271 729 1377 775 Τῶν
1403 719 1456 774 δὲ
1484 719 1730 790 γλωσσῶν
1758 718 1923 772 αὐτῶν
1952 715 2090 792 ῥιζό-

501 822 581 876 θεν
607 825 879 883 κοπεισῶν,
906 817 1135 890 καθάπερ
1157 837 1206 870 τι
1236 814 1488 888 βάραθρον
1517 810 1542 868 ό
1564 809 1591 850 δ
1620 813 1809 887 λάρυγξ
1841 810 2093 882 ἀνεῳγμέ-

503 935 586 974 νος
618 914 900 989 ἐθεωρεῖτο.
932 909 1188 982 Σαϐούρου
1218 902 1303 961 οὖν
1323 913 1414 962 τοῦ
1451 905 1703 978 στόματος
1737 903 2089 973 ὑπάρχοντος.

503 1006 637 1078 λόγοι
667 1002 1048 1078 πεπληρωμένοι
1075 1005 1425 1076 προήρχοντο.
1463 999 1595 1060 Ἒνὸς
1635 995 1688 1053 δὲ
1727 999 1896 1053 αὐτῶν
1937 996 2092 1049 ἐκεῖσε

505 1101 578 1159 είς
604 1099 835 1173 πορνείαν
884 1095 1172 1168 σφαλέντος,
1221 1091 1404 1155 abem;
1445 1099 1534 1150 τοῦ
1579 1094 1875 1162 θαυμαστοῦ
1908 1092 2092 1146 τούτου

507 1193 844 1261 χαρίσματος
875 1188 1136 1258 ἐστερήθη⁶
1165 1195 1190 1223 θ
1221 1185 1392 1261 δικαίᾳ
1418 1193 1508 1243 τοῦ
1539 1192 1662 1242 Θεοῦ
1690 1187 1871 1259 κρίσει,
1904 1185 1984 1238 ἶνα
2006 1189 2095 1241 την

507 1290 600 1342 τῆς
642 1280 824 1353 σαρκός
881 1279 1172 1353 ἐγκράτειαν
1222 1279 1434 1348 φυλάξαι
1505 1284 1926 1355 καταφρονήσας,
1981 1273 2096 1330 ἄνευ

508 1373 735 1444 γλώττης
759 1380 1056 1442 σωματικῆς
1096 1377 1166 1442 μὴ
1205 1379 1318 1447 σχῇ
1359 1369 1572 1444 δύναμιν
1617 1375 1747 1447 πρὸς
1777 1374 1832 1428 τό
1859 1371 2093 1428 λαλῆσαι.

509 1460 652 1521 Ἀλλά
685 1469 850 1517 ταῦτα
881 1464 972 1533 μέν
999 1462 1120 1535 περὶ
1161 1464 1508 1535 κατακρίσεως
1551 1471 1642 1523 τῆς
1668 1465 1925 1538 ’Δρειανῆς
1955 1461 2098 1535 αἱρέ-

508 1578 638 1616 σεως
691 1545 846 1629 λέγειν
895 1560 1147 1633 αὐταρκὲς
1185 1561 1425 1633 ἡγοῦμαι.
1475 1561 1559 1620 Εἰς
1600 1556 1655 1614 δὲ
1697 1560 1765 1614 τά
1801 1559 1985 1611 νεωστί
2011 1576 2099 1628 γε·

508 1650 684 1722 γονότα
722 1651 773 1706 ἐν
818 1660 880 1723 τῇ
907 1652 1093 1728 Ἰταλία
1131 1661 1320 1724 σημεῖα
1354 1658 1445 1713 τὴν
1486 1650 1719 1724 διήγησιν
1755 1648 2100 1724 ὑποστρέψω-

507 1763 619 1812 μεν.

1120 1822 1328 1870 ΚΕΦΔΛ.
1369 1813 1489 1869 AI".

562 1908 684 1981 Περὶ
709 1904 1017 1980 Ἐλευθερίου
1041 1903 1323 1981 ἡγουμένου.
1351 1913 1507 1975 μονῆς
1533 1906 1627 1959 τοῦ
1650 1900 1796 1975 ἁγίου
1823 1901 2058 1975 Μάρκου·

1168 1977 1441 2036 Σπολήτης.

588 2077 928 2124 ΓΡΗΓΟΡῙΟΣ.
959 2081 1012 2124 '0
1041 2068 1346 2144 προλεχθεὶς
1375 2067 1705 2143 Ἐλευθέριος,
1740 2064 1939 2125 οὗτινος
1969 2065 2101 2118 ἀνω-

514 2162 641 2234 τέρω
670 2161 836 2231 μνείαν
863 2159 1168 2229 πεποίημαι,
1197 2157 1222 2214 ὁ
1246 2167 1337 2219 τῆς
1365 2165 1458 2215 τοῦ
1495 2160 1740 2234 μακαρίου
1773 2163 1864 2212 τοῦ
1893 2157 2103 2229 εὐαγγε-

511 2250 870 2322 λιστοῦιμονῆς
909 2253 1186 2325 ἡγούμενος
1228 2259 1319 2311 τῆς
1362 2252 1413 2306 ἓν
1454 2259 1517 2323 τῇ
1546 2251 1688 2305 πόλει
1715 2249 1964 2307 Σπολητης
1995 2246 2104 2302 δια-

513 2343 738 2414 κειμένης
766 2338 792 2376 ἀ
820 2339 870 2395 ἐν
898 2340 1042 2411 τόπῳ
1077 2343 1243 2417 όρινῷ,
1290 2341 1420 2396 πάνυ
1452 2344 1670 2414 γνησίως
1710 2340 1818 2411 μετ’
1841 2341 1964 2405 ἐμοῦ
1987 2339 2102 2393 ἀνε-

511 2436 756 2508 στρέφετο
805 2435 854 2487 ἐν
893 2441 966 2505 τῷ
1015 2435 1120 2505 ἐμῷ
1145 2434 1492 2506 μοναστηρίῳ,
1523 2431 1643 2488 ὅταν
1677 2434 1728 2486 ίν
1771 2431 1914 2487 πόλει
1940 2432 2104 2504 ταύτῃ

515 2534 539 2564 ε
563 2530 884 2600 παρεγίνετο,
927 2522 1068 2584 ὅστις
1101 2525 1152 2578 ἓν
1189 2533 1250 2598 τῇ
1281 2521 1384 2598 ἰδίᾳ
1419 2527 1578 2579 αὑτοῦ
1619 2530 1745 2597 μονῇ
1779 2521 2098 2577 ἐτελεύτησε.

511 2618 631 2690 Περὶ
653 2617 839 2671 τούτου
869 2614 1044 2687 ἔλεγον
1074 2616 1116 2670 oi
1143 2617 1298 2672 αύτοῦ
1338 2617 1585 2687 μαθηταί,
1617 2613 1698 2672 ὅτε
1728 2614 2000 2684 εὐχόμενος
2027 2633 2108 2667 νε-

516 2709 634 2779 κρόν
682 2708 952 2763 ἀνέστησε.
994 2706 1247 2767 Τοιαύτης
1282 2703 1383 2782 γάρ
1423 2704 1450 2760 ό
1487 2707 1611 2779 ἀνὴρ
1639 2704 1995 2778 ἀκεραιότητος
2024 2705 2108 2756 καὶ

514 2800 833 2862 κατανύξεως
878 2799 1152 2874 ὑπῆρχεν,
1205 2799 1335 2853 ὥστε
1380 2795 1656 2870 δισταγμὸν
1702 2801 1771 2866 μὴ
1823 2790 1968 2858 εἶναι,
2016 2798 2107 2847 τοῦ

516 2888 677 2944 πολλὰ
725 2885 973 2944 δύνασθαι
1014 2887 1401 2946 ύπακουσθῆναι
1442 2889 1583 2961 παρὰ
1625 2893 1697 2960 τῷ
1742 2883 2109 2954 παντοδυνάμῳ

518 2989 628 3050 Θεῷ
657 2982 819 3035 ἐκεῖνα
857 2984 924 3037 τά
954 2978 1176 3057 δάκρυα,
1230 2982 1300 3036 τὰ
1344 2982 1398 3035 ἐκ
1435 2981 1686 3036 τοσούτου
1723 2977 2112 3054 ταπεινόφρονας

516 3073 602 3128 καὶ
644 3074 833 3128 ἀκάκου
873 3074 1115 3144 λογισμοῦ
1179 3071 1568 3146 προερχόμενα.
1622 3071 1741 3146 Περὶ
1786 3069 1971 3124 τούτου
2025 3061 2110 3123 οὖν

2127 1816 2178 1880 Β

2195 521 2293 576 bus
2320 521 2615 575 clamarent
2640 537 2651 571 :
2687 518 2826 573 Ecce
2855 517 3052 585 videte,
3085 515 3206 585 quia
3237 514 3442 584 linguas
3472 527 3580 568 non
3609 511 3772 570 habe-

2192 626 2312 668 mus
2340 621 2393 667 et
2416 610 2706 682 loquimur.
2726 609 3021 666 Videbatur
3041 607 3182 664 enim
3212 622 3242 662 a
3266 606 3693 677 respicientibus,
3715 614 3772 662 ut

2195 703 2415 771 ferebat,
2449 704 2571 774 quia
2597 703 2850 759 abscissis
2877 702 3131 759 radicitus
3169 700 3384 772 linguis,
3417 699 3568 770 quasi
3606 699 3771 770 quod-

2195 802 2315 857 dam
2361 800 2670 856 barathrum
2696 800 2909 869 patebat
2935 800 2986 854 in
3018 805 3256 868 gutture,
3282 805 3336 852 et
3362 805 3541 852 tamen
3570 809 3663 851 ore
3689 811 3774 849 va-

2198 908 2299 949 cuo
2329 893 2486 963 plena
2517 892 2583 946 ad
2610 892 2874 962 integrum
2922 889 3078 944 verba
3125 888 3514 944 formabantur.
3546 887 3774 955 Quorum

2198 986 2309 1042 illic
2333 1001 2471 1042 unus
2500 987 2552 1041 in
2583 984 2847 1040 luxuriam
2876 983 3078 1052 lapsus,
3108 997 3230 1038 mox
3265 980 3503 1050 privatus
3531 988 3614 1035 est
3640 980 3774 1035 dono

2198 1079 2480 1145 miraculi;
2529 1088 2678 1134 recto
2717 1077 2964 1132 videlicet
2999 1073 3382 1143 omnipotentis
3424 1072 3521 1128 Dei
3555 1072 3774 1142 judicio,

2199 1181 2258 1228 ut
2287 1173 2374 1243 qui
2404 1174 2582 1228 carnis
2611 1169 2998 1227 continentiam
3038 1182 3255 1224 servare
3299 1167 3633 1236 neglexerat,
3667 1166 3777 1220 sine

2201 1265 2378 1336 lingua
2407 1279 2600 1320 carnea
2630 1279 2736 1318 non
2765 1262 2989 1318 haberet
3013 1261 3178 1316 verba
3211 1268 3235 1305 Β
3273 1257 3507 1313 virtutis.
3541 1255 3647 1311 Sed
3674 1255 3780 1310 hinc

2201 1372 2298 1415 nos
2340 1373 2434 1428 pro
2481 1358 2693 1413 Arianae
2722 1358 2988 1412 haereseos
3018 1353 3372 1409 damnatione
3401 1350 3603 1406 dixisse
3624 1349 3781 1416 .sufﬁ-

2203 1451 2328 1520 ciat,
2355 1466 2495 1506 nunc
2522 1451 2588 1507 ad
2628 1454 2704 1508 ea'
2721 1466 2835 1522 quae
2859 1464 3028 1520 nuper
3051 1448 3105 1504 in
3125 1446 3274 1504 Italia
3303 1452 3456 1517 gesta
3485 1452 3610 1501 sunt
3638 1443 3778 1513 signa

2205 1545 2504 1604 redeamus.

2733 1797 2966 1856 CAPUT
3004 1797 3245 1854 XXXIII.

2641 1930 2720 1986 De
2745 1929 3045 1986 Eleutherio
3069 1945 3209 1985 servo
3239 1927 3357 1984 Dei.

2269 2069 2598 2127 Gnsconws.
2623 2067 2670 2123 ls
2693 2077 2896 2136 autem,
2926 2067 3079 2138 cujus
3106 2067 3352 2137 superius
3375 2064 3692 2120 memoriam
3725 2063 3791 2119 fe-

2205 2161 2253 2216 ci
2287 2160 2438 2231 (Cap.
2469 2159 2535 2213 ει
2569 2161 2724 2229 huius
2767 2159 2930 2227 libri),
2961 2155 2992 2195 ιι
3024 2156 3368 2213 Eleutherius
3395 2155 3553 2210 Pater
3584 2169 3795 2210 monas-

2205 2252 2324 2310 terii
2375 2252 2515 2307 beati
2563 2250 2904 2320 evangelista!
2947 2247 3142 2313 Marci,
3175 2248 3315 2318 quod
3349 2246 3364 2283 ί
3403 2245 3457 2301 in
3490 2246 3792 2316 Spoletana:

2206 2345 2357 2401 urbis
2387 2343 2640 2412 pomeriis
2678 2349 2838 2396 sltum
2867 2351 2968 2409 est,
3011 2341 3106 2396 diu
3146 2354 3356 2395 mecum
3389 2347 3470 2394 est
3498 2339 3551 2393 in
3579 2338 3685 2392 hac
3712 2353 3793 2392 ur-

2207 2436 2276 2492 be
2307 2436 2362 2491 in
2393 2450 2513 2490 meo
2536 2434 2864 2490 monasterio
2891 2440 3267 2496 conversatus,
3316 2432 3497 2502 ibique
3522 2430 3798 2486 defunctus

2210 2537 2312 2585 est.
2363 2528 2530 2595 Quem
2562 2527 2644 2581 sui
2690 2523 2937 2594 discipuli
2991 2523 3344 2580 referebantl
3404 2521 3606 2577 orando
3663 2534 3798 2575 tuor-

2212 2628 2359 2676 tuum
2404 2619 2716 2674 suscitasse.
2770 2617 2860 2672 Vir
2888 2625 3064 2672 autem
3108 2623 3269 2670 tanta:
3298 2614 3657 2684 simplicitatis
3693 2622 3797 2669 erat

2210 2722 2268 2770 et
2286 2711 2739 2782 compunctionis,
2769 2719 2826 2765 ut
2851 2710 3070 2767 dubium
3102 2723 3206 2764 non
3237 2715 3381 2764 esset
3417 2706 3558 2777 quod
3585 2705 3698 2760 illae
3720 2705 3790 2760 la-

2213 2821 2411 2877 crymaa
2437 2821 2505 2862 ex
2529 2816 2635 2860 tam
2677 2805 2866 2862 humili
2910 2803 3247 2874 simpliCique
3270 2811 3451 2859 mente
3474 2800 3637 2856 edita:
3667 2798 3795 2868 apud

2213 2900 2635 2969 omnipotentem
2668 2898 2836 2953 Deum
2864 2897 3028 2952 multa
3061 2896 3309 2951 obtinere
3337 2893 3670 2963 potuissent.
3703 2891 3799 2945 llu-

2211 2994 2299 3065 jus
2326 3009 2453 3065 ergo
2500 2992 2714 3063 aliquod
2758 2991 3074 3046 miraculum
3106 3004 3290 3056 narro,
3317 2987 3459 3058 quod
3510 2985 3793 3055 inquisitus

2215 3086 2347 3142 mihi
2377 3085 2690 3168 simpliciter
2733 3092 2787 3139 et
2816 3084 2931 3152 ipse
2963 3082 3246 3138 fatebatur.
3292 3078 3533 3147 Quadam
3579 3088 3800 3145 namque

516 3167 688 3238 θαῦμά
729 3187 807 3234 τι,
845 3167 985 3237 κὰγώ
1015 3163 1317 3236 διηγοῦμαι,
1358 3161 1483 3238 ὅπερ
1511 3163 1660 3224 αὐτὸς
1683 3169 1805 3237 παρ’
1839 3161 1961 3231 ἐμοῦ
1988 3161 2109 3234 ὲρω-

585 3259 608 3273 n
644 3260 653 3273 I
746 3259 758 3273 ι
811 3257 829 3273 \
856 3258 865 3273 α
1193 3256 1205 3270 1
1255 3256 1264 3270 \
1344 3257 1355 3273 ι
1435 3255 1452 3273 κ
1473 3254 1482 3269 σ
1686 3250 1765 3273 ’1ης
1844 3272 1851 3273 κ
1929 3254 1937 3267 ‘
1965 3272 1970 3273 γ
2041 3248 2094 3273 θ-

2218 3177 2306 3234 die
2347 3161 2603 3232 dum-iter
2629 3183 2894 3245 carperet,
2927 3173 3066 3229 facto
3093 3186 3318 3240 vespere
3341 3184 3463 3224 cum
3489 3166 3516 3205 ¹ι
3550 3168 3619 3222 ad
3663 3181 3800 3222 sece-

517 3259 707 3324 τηθεὶς,
735 3257 1016 3316 ἀπλάστως
1043 3275 1130 3326 μοι
1149 3256 1302 3316 αύτός
1325 3254 1663 3328 ὡμολόγησεν.
1686 3250 1856 3322 ’Ἔλεγε
1882 3254 2002 3327 γὰρ,
2033 3250 2114 3306 ὅτι

513 3351 579 3409 ἰν
606 3377 704 3410 τινι
732 3356 900 3432 ἡμέρᾳ
928 3351 1040 3410 ὁδόν
1066 3353 1204 3426 αὐτῷ
1232 3348 1506 3416 διανύοντι,
1539 3348 1564 3403 ό
1587 3357 1677 3409 τῆς
1717 3347 1943 3422 ἑσπέρας
1970 3345 2116 3400 αὐτὸν

517 3447 687 3520 καιρὸς
717 3447 986 3502 κατέλαϐε.
1019 3446 1188 3502 Τόπου
1212 3443 1264 3500 δέ
1292 3448 1361 3515 μὴ
1388 3444 1753 3518 ὑπάρχοντος,
1791 3441 1838 3492 ἐν
1937 3438 2116 3493 ἑαυτὸν

524 3543 819 3598 κατακλῖναι
851 3543 1052 3616 ὀφείλῃ,
1088 3544 1140 3596 ἐν
1188 3543 1512 3612 μοναστηρίῳ
1553 3538 1808 3612 παρθένων
1854 3536 1924 3593 εἰς
1965 3536 2117 3602 μονὴν

523 3633 739 3692 εἰσῆλθε.
765 3631 967 3690 Παιδίον
998 3631 1052 3688 δὲ
1100 3631 1272 3706 μικρὸν
1320 3630 1495 3685 αὐτόθι
1529 3628 1793 3698 ὑπῆρχεν,
1841 3624 1969 3699 ὅπερ
2007 3624 2118 3679 καθ’

521 3725 738 3786 ἑκάστην
783 3729 941 3785 νύκτα
969 3728 1073 3783 ύπό
1120 3726 1410 3797 πνεύματος
1454 3727 1676 3797 πονηροῦ
1730 3719 2017 3791 ἐρρίπτετο.
2062 3717 2119 3776 Δί

523 3817 659 3892 ἱεραὶ
690 3817 878 3876 θήλειαι
906 3819 1110 3883 ἐκεῖναι,
1157 3817 1225 3875 ὡς
1255 3820 1378 3869 Θεοῦ
1411 3810 1679 3886 ἄνθρωπον
1722 3808 2116 3878 ύποὸεξάμεναι,

524 3910 887 3980 παρεκάλεσαν
944 3908 1098 3962 αὐτόν
1150 3906 1407 3978 λέγουσαι·
1461 3905 1619 3978 Πάτερ
1664 3904 1817 3972 τίμιε,
1870 3903 1996 3972 μετά
2025 3907 2118 3956 σοῦ

524 3998 691 4073 ταύτῃ
721 4007 782 4073 τῇ
819 4001 968 4053 νυκτί
1011 3999 1068 4053 τὸ
1111 3996 1312 4052 παιδίον
1357 3996 1717 4051 ἀναπαυέσθω.
1764 3995 1922 4054 Αὐτός
1970 3993 2021 4048 δὲ
2075 3996 2124 4048 ἐν

529 4087 784 4163 ἱλαρότητι
807 4096 959 4144 τοῦτο
983 4086 1268 4154 δεξάμενος,
1314 4087 1421 4158 μεθ’
1468 4086 1651 4140 ἑαυτοῦ
1692 4093 1757 4159 τῇ
1787 4088 1932 4139 νυκτί
1959 4088 2118 4159 ἐκείνῃ

528 4181 922 4240 ἀναπαυσθῆναι
949 4184 1213 4240 πεποίηκε.
1238 4182 1440 4258 Πρωΐας
1462 4180 1515 4238 δὲ
1536 4183 1802 4255 γενομένης
1828 4179 2044 4252 ἤρξαντο
2066 4179 2117 4232 αἱ

529 4271 836 4348 μονάστριαι
874 4273 1116 4344 ἐπιμελῶς
1163 4276 1248 4328 τὸν
1289 4275 1438 4329 αὐτὸν
1483 4274 1684 4346 πατέρα
1723 4274 1934 4348 ἐρωτᾷν,
1965 4270 2046 4324 ἐάν
2072 4292 2124 4325 τι

532 4362 722 4419 συνέϐη
758 4370 820 4439 τῇ
863 4366 1002 4418 νυκτί
1029 4371 1101 4434 τῷ
1143 4362 1350 4435 παιδίῳ.
1400 4360 1584 4424 Ὀστις
1631 4362 1904 4433 θαυμάσας
1949 4358 2031 4415 διὰ
2072 4364 2124 4416 τί

528 4455 657 4529 παρ’
705 4457 868 4512 αὐτῶν
911 4461 1166 4531 ἠρωτᾶτο,
1213 4457 1480 4531 ἀπεκρίθη,
1526 4453 1677 4528 μηδὲν
1701 4456 1836 4523 αὐτῷ
1859 4454 2127 4524 συμϐεϐη-

527 4547 681 4601 κέναι.
711 4548 832 4604 Τότε
864 4549 918 4607 δέ
955 4552 1091 4625 αὐτῷ
1140 4553 1319 4607 ἐκεῖναι
1346 4554 1467 4627 περὶ
1495 4557 1585 4607 τοῦ
1616 4549 1796 4612 παιδός
1823 4553 2119 4624 ἐγνώρισαν,

528 4639 609 4695 ὅτι
635 4638 750 4694 οὔδε
787 4643 902 4712 μίαν
939 4645 1097 4699 νύκτα
1141 4645 1198 4697 τὸ
1225 4645 1440 4719 πονηρὸν
1476 4651 1680 4716 πνεῦμα
1713 4641 1798 4700 ἀπ’
1825 4647 1981 4701 αὑτοῦ
2009 4647 2121 4717 ἀφί-

527 4751 706 4789 στατο.
740 4736 1019 4807 Συμφὼνως
1050 4730 1139 4791 οὖν
1176 4735 1376 4793 ἅπασαι
1417 4738 1564 4791 αὐτὸν
1612 4734 1943 4805 ἐδυσώπουν,
1988 4735 2127 4797 ὅπως

529 4830 611 4883 τὸν
641 4830 788 4884 αὐτὸν
831 4828 998 4886 παῖδα
1037 4831 1143 4902 μεθ’
1175 4831 1358 4886 ἑαυτοῦ
1399 4832 1449 4886 ἒν
1479 4838 1552 4901 τῷ
1591 4834 1918 4906 μοναστηρίῳ
1963 4832 2124 4888 αὑτοῦ

529 4921 682 4993 λάϐῃ.
729 4926 832 4978 Θύκ
885 4924 1130 4984 ἠδύναντο
1178 4929 1279 5002 γάρ
1514 4927 1687 4982 λοιπόν
1725 4929 1925 5001 Θεωρεῐν
1976 4929 2124 4983 αὑτὸν

531 5014 632 5068 ύπό
658 5021 750 5071 τοῦ
796 5015 1028 5090 δαίμονος
1071 5022 1206 5076 οὕτω
1243 5017 1263 5057 ί
1296 5021 1609 5099 ῥιπτόμενον.
1640 5018 1777 5086 Ε”ἰξεν
1799 5017 1884 5077 οὖν
1921 5021 2125 5096 όγέρων

532 5104 616 5158 ἐπὶ
643 5108 833 5177 τούτῳ,
856 5112 943 5163 καί
966 5111 1050 5164 τὸν
1074 5110 1235 5169 παῖδα
1277 5114 1327 5166 ἐν
1357 5122 1431 5182 τῷ
1467 5115 1793 5189 μοναστηρίῳ
1837 5114 1991 5169 αὐτοῦ
2023 5115 2129 5185 μεθ’

533 5197 721 5254 ἑαυτοῦ
744 5202 998 5276 ἀπήγαγε.
1025 5206 1180 5262 nolo»
1206 5205 1259 5266 δὲ
1290 5208 1459 5284 καιρόν
1493 5209 1544 5264 ἐν
1571 5215 1643 5278 τῷ
1678 5211 2002 5286 μοναστηρίῳ
2036 5215 2123 5265 τοῦ

608 5363 636 5435 f‘
666 5355 788 5435 M5»
817 5355 1079 5435 ὖτῖῆιοκενο

608 5425 636 5464 δ
667 5427 791 5492 Μεο,
819 5425 1013 5557 Ξάρυγξ
1043 5434 1471 5508 ἀνοιγόμενος.....
1501 5433 1717 5490 διακένου
1739 5431 1844 5491 οὖν.

609 5508 632 5535 ε
666 5499 792 5557 Με..
857 5506 990 5557 ικαία
1016 5512 1105 5557 τοῦ
1138 5509 1247 5557 θεοῦ
1282 5508 1311 5557 r'i
1342 5507 1524 5557 κοίσις’
1554 5508 1634 5557 ἵνα
1661 5509 1686 5557 ὁ
1714 5512 1822 5557 τήν.

609 5508 634 5581 ξ
666 5499 792 5581 ᾖξε,
824 5499 990 5581 δικαία
1016 5512 1105 5581 τοῦ
1138 5499 1247 5560 θεοῦ
1282 5507 1524 5581 ἠὲρίσιϊ
1554 5508 1686 5581 ἶνᾳῌὸ
1714 5512 1822 5566 τήν.

609 5565 637 5653 (ξ
670 5565 792 5636 Με.,
826 5575 875 5653 ἐν
902 5575 1040 5645 τόπῳ
1064 5578 1298 5653 άρειανῷ.
1329 5565 1558 5634 Εδΐῐξέν
1588 5567 1659 5653 τῷ
1685 5565 1952 5653 πωμηριῳ.

613 5648 637 5720 ξ
670 5646 996 5720 παρεγένετο.
1008 5640 1022 5701 ξ
1031 5687 1064 5700 ..
1079 5640 1435 5720 [ἐτελεύτησε.
1632 5640 1641 5654 ’

617 5708 637 5792 ἵ
666 5708 790 5792 Μεέν
815 5708 1131 5792 amara...
1159 5716 1303 5785 εἶξεν,

615 5791 641 5855 β
666 5785 898 5855 Vulga'ti,
929 5785 1175 5845 ueritatis.

604 5853 642 5927 ,ιι
670 5856 724 5910 ln
743 5853 907 5915 sacris
933 5863 1038 5917 tab.
1057 5862 1172 5935 ejus
1198 5878 1392 5920 nomen
1414 5862 1606 5935 legitur
1621 5861 1707 5920 die
1721 5861 1754 5918 6
1768 5861 2120 5934 Septembris.

2223 3272 2456 3328 dendum
2490 3271 2636 3326 locus
2663 3270 2897 3334 deesset,
2924 3267 2976 3322 in
3007 3265 3389 3321 monasterium
3429 3261 3700 3331 virginum
3721 3259 3803 3314 de-

2221 3365 2388 3431 venit,
2417 3364 2471 3417 in
2493 3376 2600 3432 quo
2629 3360 2844 3431 quidam
2875 3373 3008 3429 puer
3037 3358 3293 3428 parvulus
3320 3361 3456 3420 erat,
3500 3367 3668 3421 quem
3697 3364 3798 3406 ma-

2218 3457 2394 3527 lignus
2425 3457 2643 3526 spiritus
2679 3457 2824 3510 omni
2857 3462 3017 3510 nocte
3057 3466 3255 3508 vexare
3283 3457 3666 3506 consueverat.
3708 3443 3802 3502 Sed

2220 3551 2654 3608 sanetimoniales
2707 3548 2927 3605 feminae
2975 3556 3034 3603 ut
3082 3547 3254 3601 virum
3311 3544 3405 3599 Dei
3457 3546 3802 3611 susceperunt

2222 3661 2344 3705 eum
2377 3652 2725 3716 rogaverunt,
2756 3645 2996 3699 dicentes
3028 3657 3042 3696 :
3072 3637 3274 3696 Tecum
3304 3678 3321 3706 ,
3353 3636 3531 3702 Pater,
3559 3635 3666 3690 hac
3694 3647 3807 3689 noc-

2223 3749 2276 3794 te
2304 3754 2434 3807 puer
2478 3738 2579 3792 iste
2626 3744 2861 3792 maneat.
2917 3735 3089 3802 Quem
3141 3734 3255 3803 ipse
3286 3730 3517 3801 benigne
3556 3726 3808 3797 suscepit,

2223 3845 2518 3901 secumque
2546 3845 2671 3886 eum
2720 3838 2880 3884 nocte
2907 3827 3093 3883 eadem
3137 3826 3324 3896 jacere
3356 3823 3621 3896 permisit.
3660 3822 3810 3877 Facto

2224 3932 2404 3978 autem
2448 3936 2607 3978 mane
2636 3927 2919 3991 coeperunt
2945 3919 3382 3974 sanctimoniales
3422 3917 3648 3972 femina:
3675 3929 3811 3970 eum-

2223 4013 2346 4071 dem
2396 4013 2612 4070 Patrem
2660 4013 2943 4083 vigilanter
2991 4013 3285 4083 inquirere,
3334 4013 3380 4067 si
3428 4009 3554 4081 quid
3586 4011 3642 4066 ei
3691 4022 3811 4080 puer

2225 4120 2386 4174 quem
2416 4104 2679 4160 dederant
2706 4113 2865 4159 nocte
2911 4102 3100 4159 eadem
3148 4102 3386 4158 fecisset.
3441 4100 3544 4169 Qui
3596 4101 3812 4155 miratus

2224 4213 2322 4254 cur
2377 4197 2452 4252 ita
2503 4196 2862 4267 requirerent,
2919 4195 3238 4266 reSpnndit:
3294 4193 3451 4249 Nihil.
3509 4193 3667 4248 Tunc
3721 4190 3814 4246 illa:

2226 4291 2469 4362 ejusdem
2501 4292 2654 4362 pueri
2696 4291 3043 4347 innotuerunt
3068 4304 3284 4346 causam
3306 4331 3319 4354 ,
3364 4297 3419 4344 et
3448 4288 3593 4358 quod
3629 4287 3812 4356 malig-

2228 4398 2328 4438 nus
2377 4384 2595 4453 spiritus
2628 4383 2773 4438 nulla
2804 4384 2869 4438 ab
2919 4397 2985 4439 eo
3036 4391 3194 4438 nocte
3220 4380 3499 4437 recederet
3548 4380 3816 4435 indicave-

2231 4487 2376 4546 runt,
2410 4492 2751 4548 summopere
2776 4477 3106 4547 postulantes
3135 4486 3190 4531 ut
3217 4477 3356 4531 hunc
3386 4489 3572 4530 secum
3607 4476 3678 4530 ad
3705 4489 3812 4529 mo-

2154 4603 2207 4664 D
2232 4573 2528 4627 nasterium
2558 4572 2789 4638 tolleret,
2820 4573 2943 4643 quia
2964 4572 3078 4643 jam
3108 4573 3446 4628 vexationem
3473 4572 3640 4644 352
3684 4571 3818 4627 illius

2235 4665 2422 4720 videre
2443 4665 2573 4735 ipsae
2600 4679 2705 4719 non
2729 4673 2968 4734 possent.
2992 4665 3280 4720 Consensit
3302 4679 3490 4731 senex,
3512 4678 3738 4733 puerum
3760 4661 3818 4715 ad

2235 4759 2626 4813 monasterium
2657 4758 2828 4814 duxit.
2861 4757 2961 4823 Qui
2990 4772 3112 4814 cum
3145 4758 3314 4815 multo
3343 4767 3587 4828 tempore
3621 4758 3677 4812 in
3709 4769 3818 4810 mo-

2233 4852 2470 4908 nasterio
2501 4852 2710 4920 fuisset,
2734 4863 2895 4923 atque
2925 4853 2990 4908 ad
3019 4853 3161 4908 hunc
3191 4853 3441 4920 antiquus
3476 4852 3649 4907 hostis
3679 4863 3820 4905 acce-

2234 4945 2362 5001 dere
2397 4945 2615 5001 minime
2661 4947 3092 5017 prassumpsisset
3117 4989 3132 5014 ,
3164 4946 3405 5017 ejusdem
3437 4946 3583 5002 senis
3615 4945 3821 5001 animus

2233 5037 2301 5093 de
2328 5037 2500 5094 salute
2530 5039 2681 5108 pueri
2721 5038 3128 5095 immoderatius
3159 5054 3253 5109 per
3283 5037 3302 5077 1
3353 5037 3592 5094 laetitiam
3647 5045 3813 5092 tactus

2229 5141 2332 5188 est.
2361 5133 2492 5190 Nam
2517 5151 2698 5192 coram
2732 5135 2921 5208 positis
2949 5134 3204 5191 fratribus
3228 5134 3402 5190 dixit:
3438 5133 3684 5198 Fratres,
3717 5130 3819 5185 dia-

2228 5222 2460 5299 holusIm
2493 5227 2566 5283 ibi
2614 5241 2736 5283 cum
2785 5228 2891 5285 illis
2940 5227 3214 5284 sororibus
3255 5227 3570 5298 jocahatur;
3601 5234 3661 5282 at
3701 5233 3820 5276 vero

2314 5379 2329 5417 ί
2365 5379 2580 5454 Primus
2602 5381 2834 5448 Theod.,
2859 5383 2914 5438 in
2943 5381 3221 5454 Spolitana
3247 5383 3375 5436 urbe
3401 5396 3512 5451 pos.

2309 5456 2324 5524 ξ
2363 5453 2582 5524 Excusi,
2609 5453 2879 5524 plorando.

2302 5521 2330 5561 ι
2363 5523 2572 5581 Gemet.
2609 5521 2677 5579 'et
2717 5527 2986 5581 secundus
3032 5523 3237 5580 Theod.
3267 5565 3281 5590 ,
3315 5525 3382 5577 ad
3421 5521 3815 5587 succedendum,

2230 5596 2374 5666 quod
2413 5599 2618 5666 optime
2643 5597 2837 5653 dicitur
2873 5596 3019 5668 Virg.
3050 5596 3088 5652 ι.
3119 5613 3168 5651 IV
3199 5595 3417 5652 Aineid.
3447 5615 3459 5649 :

2361 5697 2480 5765 Quis
2501 5709 2657 5748 novus
2680 5697 2758 5748 hic
2779 5699 2963 5750 nostris
2985 5698 3221 5749 successit
3243 5697 3444 5748 sedibus
3466 5697 3665 5758 hospes.

2313 5788 2333 5828 ι
2378 5789 2474 5864 Val
2502 5790 2622 5864 CL,
2643 5807 2732 5864 per
2763 5793 2867 5846 lcet.
2900 5792 3078 5846 hilaris
3110 5792 3293 5864 factus.

2303 5871 2342 5898 ω
2383 5861 2498 5918 Vel.
2528 5861 2663 5929 sibi;
2694 5872 2977 5935 utrumque
2998 5861 3140 5923 enim
3166 5863 3362 5933 legitur
3392 5863 3443 5921 in
3467 5863 3585 5921 Mss.
