3998 6356
228 295 339 354 297

1484 300 1927 365 DIALOGORUM
1962 304 2165 368 LIBER
2204 308 2293 367 ΙΙΙ.

3400 313 3509 376 298

226 412 326 469 ubi
360 410 429 468 ad
456 424 645 470 servos
673 410 768 471 Dei
794 419 1012 472 ventum
1042 422 1165 486 est,
1197 416 1262 474 ad
1291 416 1435 476 hunc
1475 435 1698 492 puerum
1726 438 1787 479 ac

1895 426 2099 491 παιδὸς
2137 424 2463 488 πεποιηκότος
2483 469 2498 496 ,
2528 428 2609 483 καὶ
2637 431 2728 483 τοῦ
2755 427 2986 507 ἀρχαίου
3015 432 3210 507 ὶχθροῦ
3235 431 3499 509 Ϋμηδαμῶς

224 505 425 563 cedere
467 520 575 562 non
626 512 989 582 przesumpsit.
1048 512 1174 567 Post
1231 530 1390 586 quam
1422 531 1633 585 vocem,
1683 522 1815 576 hora

222 598 418 655 eadem
445 614 507 656 ac
546 611 822 659 momento
845 644 861 671 ,
918 605 1055 659 idem
1090 621 1224 676 puer
1253 624 1433 664 coram
1463 594 1675 665 cii-netis
1705 610 1813 665 fra-

220 692 399 747 tribus
448 694 663 751 diabolo
712 712 772 753 se
821 698 1106 756 invadente
1160 712 1381 759 vexatus
1410 715 1526 769 est;
1560 720 1667 774 quo
1696 705 1812 761 viso

218 798 386 841 sane:
416 826 431 851 ,
478 802 537 843 se
569 790 810 855 protinus
860 791 913 847 in
968 793 1258 850 Iumentum
1289 796 1453 852 dedit.
1480 798 1650 867 Quem
1682 799 1809 855 dum

215 873 493 946 lugentem
525 880 615 934 diu
642 882 836 937 fratres
863 887 1133 942 consolari
1161 891 1475 955 voluissent,
1508 893 1807 962 respondit,

218 967 450 1026 dicens:
482 972 701 1028 Credite
749 976 901 1042 mihi,
939 980 1059 1049 quia
1112 981 1164 1033 in
1213 983 1410 1039 nullius
1437 994 1674 1039 vestrum
1715 1000 1809 1041 ore

211 1058 380 1117 hodie
407 1066 559 1133 panis
594 1066 914 1139 ingreditur,
939 1073 1039 1127 nisi
1069 1088 1202 1144 puer
1232 1077 1331 1132 iste
1352 1093 1381 1132 a
1413 1079 1675 1135 daemonio
1699 1079 1811 1135 fue-

209 1153 283 1207 rit
314 1167 551 1225 ereptus.
583 1158 733 1216 Tunc
758 1177 818 1217 se
850 1164 901 1218 in
942 1167 1241 1224 orationem
1273 1184 1393 1225 cum
1437 1175 1647 1227 cunctis
1694 1174 1806 1227 fra-

211 1247 386 1303 tribus
415 1251 645 1321 stravit,
678 1263 730 1310 et
778 1271 843 1311 eo
886 1272 1057 1328 usque
1104 1273 1313 1318 oratum
1362 1275 1482 1332 est,
1532 1281 1808 1335 quousque

215 1353 357 1410 puer
399 1355 431 1397 a
458 1346 745 1403 vexatione
774 1362 1074 1419 sanaretur,
1111 1354 1210 1421 Qui
1245 1365 1349 1409 tam
1387 1357 1622 1426 perfecte
1650 1374 1806 1414 sana-

210 1437 306 1489 tus
338 1446 416 1491 est
444 1478 459 1502 ,
491 1448 551 1493 ut
581 1441 645 1495 ad
680 1442 823 1499 hunc
850 1446 1115 1517 malignus
1146 1447 1367 1517 Spiritus
1394 1450 1683 1507 accedendi
1710 1465 1806 1506 au-

1916 527 2264 595 τολμήσαντος
2292 524 2431 601 αὑτῷ
2460 529 2819 602 προσεγγίσαι,
2867 529 2976 597 μετ’
3018 526 3327 603 εὐφροσύνης
3354 535 3386 591 ἡ
3411 542 3501 591 τοῦ

1916 616 2143 688 γέροντος
2186 618 2343 688 ψυχή
2390 615 2705 695 ἀναραοδίως
2751 618 3062 688 ηὐτομόλησε
3110 623 3229 692 περὶ
3272 627 3365 683 τῆς
3408 631 3504 681 τοῦ

1916 706 2099 766 παιδὸς
2128 714 2405 782 σωτηρίας.
2430 712 2498 770 ὡς
2520 707 2596 764 ὅτι
2623 708 2688 764 δι’
2727 712 2879 766 αὐτοῦ
2922 713 3093 771 ίάσθη.
3126 712 3363 769 Ἐνώπιον
3399 719 3502 792 γάρ

1914 804 2013 853 τῶν
2036 800 2301 874 παρόντων
2321 799 2557 871 ἀδελφῶν,
2585 795 2739 855 εἶπεν·
2770 799 2987 873 Ἀδελφοί
3008 843 3023 863 ,
3051 802 3077 857 ὁ
3104 802 3338 866 διάϐολος
3366 808 3499 875 μετά

1913 898 2011 944 τῶν
2032 902 2348 969 μοναστριῶν
2379 895 2575 949 ἐκείνων
2596 894 2821 961 ἔπαιζεν.
2845 902 3010 952 Ἦνίκα
3038 896 3092 954 δὲ
3127 902 3198 960 είς
3229 903 3351 961 τοὺς
3380 899 3506 957 δού-

1910 984 2027 1045 λους
2052 992 2145 1040 τοῦ
2176 995 2305 1041 Θεοῦ
2334 987 2502 1049 ὀπαῖς
2524 986 2673 1052 οὗτος
2699 988 2834 1057 ἦλθε,
2860 995 3205 1067 προσεγγίσαι
3232 997 3372 1068 αὐτῷ
3407 993 3503 1055 οῦκ

1911 1079 2181 1150 ἐτόλμησε.
2217 1085 2364 1138 Μετὰ
2401 1083 2453 1137 δὲ
2493 1086 2685 1142 ταύτην
2712 1092 2801 1144 τήν
2815 1091 2987 1159 λφωνήν
3027 1089 3075 1141 ἐν
3116 1091 3246 1165 αὐτῇ
3283 1098 3346 1165 τῇ
3391 1094 3501 1167 ὥρᾳ

1910 1168 1936 1224 ὁ
1966 1167 2194 1232 διάϐολος
2223 1181 2295 1244 τῷ
2316 1172 2463 1229 παιδί
2488 1175 2695 1240 ἐπιϐὰς,
2736 1179 2945 1232 ἐνώπιον
2982 1180 3183 1234 πάντων
3217 1189 3316 1237 τῶν
3355 1183 3499 1238 ἀδελ-

1910 1268 2009 1331 φῶν
2035 1268 2217 1318 τοῦτον
2248 1262 2444 1342 ἔρρηξε.
2476 1273 2633 1321 Τοῦτο
2662 1264 2717 1320 δὲ
2758 1266 2784 1321 ὁ
2811 1270 2973 1342 γέρων
2997 1270 3332 1344 θεασάμενος,
3364 1295 3501 1348 παρ-

1908 1357 2043 1410 αυτά
2082 1359 2155 1417 είς
2199 1358 2371 1431 θρῆνον
2418 1357 2596 1414 ἑαυτὸν
2650 1358 2851 1415 δέδωκε.
2900 1365 3088 1417 Τούτου
3130 1361 3184 1419 δὲ
3233 1366 3319 1420 ἐπὶ
3366 1369 3495 1423 πολὺ

1905 1448 2222 1520 θρηνοῦντες,
2266 1454 2350 1507 καί
2397 1459 2496 1507 τῶν
2540 1451 2761 1527 ἀδελφῶν
2797 1457 3230 1532 παρακαλούντων
3267 1459 3295 1497 ά
3346 1464 3499 1518 αὑτὸν

205 1538 335 1582 sum
368 1531 587 1588 ulterius
618 1551 722 1590 non
751 1539 995 1595 haberet.

202 1641 319 1690 μοι,
348 1621 425 1682 ὅτι
464 1628 513 1681 ἐν
550 1628 714 1685 οὐδενί
746 1640 771 1669 ε
802 1635 853 1698 ἐξ
904 1634 1046 1707 ὑμῶν
1084 1640 1306 1713 σήμερον
1353 1640 1402 1692 ἓν
1436 1646 1510 1712 τῷ
1556 1636 1775 1710 στόματι
1814 1635 1966 1715 ἄρτος
2004 1643 2321 1714 εἰσέρχεται,
2373 1643 2417 1696 εί
2470 1647 2541 1713 μὴ
2587 1642 2614 1697 ὁ
2661 1651 2785 1705 παῖς
2829 1641 2979 1706 οὗτος
3024 1644 3079 1700 ix
3121 1652 3213 1702 τοῦ
3263 1645 3502 1721 δαιμονος

201 1714 527 1796 ἐλευθερωθῇ.
594 1720 720 1779 Τότε
768 1721 855 1781 οὖν
904 1727 1083 1784 ἑαυτὸν
1129 1733 1202 1790 εἰς
1246 1732 1407 1803 εὐχήν
1460 1734 1590 1802 μετά
1642 1714 1857 1787 πάντων
1896 1738 1997 1787 τῶν
2052 1731 2273 1806 ἀδελφῶν
2318 1736 2624 1809 ὑπέστρωσε
2652 1778 2666 1801 ,
2717 1738 2799 1791 καί
2843 1742 3091 1795 τοσοῦτον
3132 1736 3152 1775 ⁸
3202 1745 3295 1799 τῆς
3335 1741 3503 1811 εὐχῆς

196 1815 710 1891 προσεκαρτέρησαν,
768 1818 866 1880 ἕως
917 1817 979 1874 οὑ
1017 1821 1044 1877 ὁ
1092 1831 1221 1884 παῖς
1278 1825 1380 1880 άπὸ
1428 1832 1522 1879 τοῦ
1565 1823 1800 1897 δαίμονος
1841 1826 2162 1903 ἐλευθερώθη.
2223 1826 2372 1883 Οὕτω
2415 1826 2471 1883 δὲ
2518 1828 2773 1892 παντελῶς
2814 1828 2842 1886 ὁ
2890 1839 3026 1897 παῖς
3070 1838 3098 1881 8
3151 1829 3321 1899 ίάσθη,
3364 1835 3500 1891 ὥστε

1906 1550 1994 1599 τοῦ
2018 1546 2192 1621 μικρὸν
2216 1544 2457 1611 ἐνδοῦναι,
2489 1549 2733 1625 ἀπεκρίθη
2759 1551 2950 1619 αὑτοῖς,
2973 1551 3152 1625 λέγων·
3184 1556 3498 1611 Πιστεύσατὲ

194 1901 301 1963 τοῦ
339 1907 509 1963 λοιποῦ
538 1912 596 1966 τὸ
634 1914 849 1989 πονηρὸν
891 1922 1093 1987 πνεῦμα
1129 1918 1298 1991 τούτῳ
1344 1924 1688 1995 προσεγγίσαι
1717 1922 1805 1974 οὑκ
1839 1917 2086 1992 ἴσχυσεν.

274 1998 452 2053 Psrn.
493 2001 668 2058 Credo
699 2005 842 2075 quod
872 2008 921 2061 ei
952 2008 1113 2064 elatio
1138 2026 1297 2079 parva
1342 2012 1709 2081 subrepserat,
1741 2023 1787 2068 et

1904 2080 1909 2085 η
1970 2026 2139 2070 ΠΕΤΡ.
2189 2019 2500 2091 Λογίζομαι,
2563 2014 2642 2075 ὅτι
2698 2016 3090 2095 ὑφηλοφροσὺνη
3152 2028 3310 2096 μικρά
3362 2024 3500 2099 αὑτῷ

197 2087 328 2145 ideo
354 2091 470 2159 ejus
495 2093 787 2164 discipulos
810 2098 1153 2170 omnipotens
1186 2101 1329 2159 Deus
1349 2101 1475 2159 facti
1498 2102 1642 2160 illius
1670 2117 1787 2160 esse

1899 2106 2191 2178 ὑπεισῆλθε,
2223 2113 2306 2167 καί
2333 2112 2518 2168 τούτου
2538 2111 2687 2168 ἕνεκα
2709 2114 2831 2173 τούς
2856 2112 3092 2184 μαθητὰς
3126 2116 3279 2171 αὑτοῦ
3300 2115 3345 2183 ,ὅ
3370 2137 3501 2174 παν-

196 2182 373 2238 voluit
401 2185 695 2256 adjutores.

1896 2199 2183 2276 τοδύναμος
2233 2205 2355 2266 Θεὸς
2395 2205 2610 2281 βοηθούς
2662 2204 2822 2263 αἰτοῦ
2878 2209 2927 2262 ἐν
2965 2215 3039 2283 τῷ
3063 2208 3287 2283 θαύματι
3324 2208 3501 2287 τούτῳ

1895 2305 2107 2357 ποιῆσαι
2133 2300 2394 2359 ἠθέλησεν.

1966 2401 2207 2457 I'PHI‘OI}.
2236 2392 2414 2452 Οὕτως
2443 2392 2599 2448 ἐστίν.
2631 2389 2832 2452 Ἐπειδή
2856 2392 2956 2469 γὰρ
2982 2394 3040 2450 τὸ
3068 2388 3228 2470 βάρος
3244 2400 3336 2451 τοῦ
3362 2393 3495 2449 θαύ-

1895 2502 2056 2551 ματος
2083 2482 2235 2556 μόνος
2282 2484 2552 2554 βαστάσαι
2593 2482 2685 2539 οῦκ
2730 2483 2951 2557 ἴσχυσε,
3002 2483 3324 2563 διεμερίσατο
3370 2487 3496 2543 αύτὸ

1893 2573 2028 2643 μετὰ
2046 2581 2145 2627 τῶν
2170 2572 2409 2647 ἀδελφῶν.
2432 2576 2625 2631 Τούτου
2652 2582 2744 2630 τοῦ
2774 2574 2956 2653 ἀνδρὸς
2976 2578 3006 2636 ἡ
3042 2578 3177 2651 εὐχή
3205 2578 3371 2640 πόσης
3399 2576 3495 2635 δυ-

272 2366 518 2427 ϐιιεεοιι.
548 2368 621 2426 Ita
650 2380 773 2439 est;
809 2388 936 2430 nam
976 2375 1102 2445 quia
1130 2379 1342 2448 pondus
1369 2380 1612 2437 miraculi
1642 2381 1792 2438 solus

194 2466 419 2526 portare
441 2476 545 2518 non
570 2466 762 2534 potuit,
784 2466 963 2523 divisit
992 2468 1093 2525 hoc
1123 2486 1245 2526 cum
1273 2471 1552 2540 fratribus,
1584 2483 1639 2528 et
1667 2489 1792 2542 por-

193 2552 356 2607 tavit.
391 2554 555 2625 Hujus
588 2557 687 2612 viri
718 2560 892 2614 oratio
919 2571 1131 2629 quantae
1162 2562 1378 2619 virtutis
1404 2575 1566 2634 esset,
1590 2566 1642 2620 in
1670 2580 1788 2622 mc-

190 2648 434 2715 met’pso
464 2660 723 2719 expertus
762 2667 901 2708 sum.
936 2653 1068 2709 Nam
1115 2671 1236 2712 cum
1265 2657 1494 2726 quodam
1549 2666 1791 2730 tempore

189 2736 244 2793 in
283 2745 612 2798 monasterio
655 2747 859 2815 positus
903 2746 1217 2805 incisionem
1262 2751 1503 2806 vitalium
1553 2762 1786 2822 paterer,

188 2832 518 2905 crebrisque
533 2840 792 2907 angustiis
814 2853 909 2909 per
937 2840 1183 2897 horarum
1199 2854 1467 2899 momenta
1493 2844 1558 2899 ad
1587 2847 1787 2902 exitum

181 2929 612 3001 propinquarem
646 2933 827 3003 (quam
870 2937 1062 2994 medici
1106 2940 1405 2996 molestiam
1439 2942 1631 2999 Graeco
1674 2943 1790 2999 elo-

179 3023 325 3090 quio
369 3028 623 3095 syncopin
667 3031 903 3100 vocant),
938 3042 991 3087 et
1014 3034 1113 3088 nisi
1144 3050 1229 3090 me
1260 3035 1565 3106 frequenter
1592 3038 1785 3094 fratres

177 3112 322 3167 cibo
340 3114 642 3184 reficerent,
660 3121 829 3178 vitalis
855 3123 984 3179 mihi
1004 3126 1222 3196 spiritus
1246 3128 1480 3185 funditus
1496 3138 1521 3168 ι
1537 3130 1783 3187 intercidi

175 3202 486 3272 videretur,
508 3213 765 3281 paschalis
781 3218 1090 3285 supervenit
1109 3218 1246 3273 dies.
1267 3220 1333 3274 Et
1350 3234 1473 3275 cum
1491 3220 1783 3277 sacratissi-

176 3312 278 3353 mo
304 3300 559 3369 Sabliatn,
595 3305 648 3360 in
682 3322 784 3378 quo
803 3325 990 3367 omnes
1023 3320 1079 3367 et
1107 3313 1318 3382 parvuli
1338 3315 1487 3385 pueri
1514 3315 1779 3385 jejunant,

1895 3338 1952 3389 με
1990 3322 2396 3395 παρεμυθοῦντο,
2449 3328 2508 3377 τὸ
2558 3324 2765 3387 ζωτικὸν
2793 3300 2904 3394 μοι
2943 3300 3144 3395 πνεῦμα
3184 3300 3489 3399 ἐκ.

179 3403 291 3461 ego
317 3393 560 3461 jejunare
578 3414 680 3455 non
706 3416 939 3471 possem,
956 3406 1094 3475 οωρί
1117 3406 1236 3475 plus
1254 3422 1487 3463 mcerore
1510 3423 1670 3479 quam
1699 3410 1781 3464 in-

1895 3404 1919 3445 ¹³
1948 3412 2341 3467 ἀνασπάσεσθαι
2384 3412 2582 3485 ἤμελλε.
2623 3424 2723 3475 Τῆς
2747 3413 2802 3470 δὲ
2831 3423 2923 3471 τοῦ
2958 3416 3104 3491 ἁγίου
3134 3419 3329 3489 πάσχα
3358 3420 3486 3490 ἡμέ-

181 3482 441 3544 ﬁrmitate
471 3491 719 3551 deficere.
747 3496 854 3554 Sed
886 3501 1054 3556 tristis
1084 3503 1293 3559 animus
1313 3505 1596 3560 consilium
1620 3504 1779 3559 citius

178 3574 416 3646 invenit,
456 3592 513 3639 ut
540 3586 791 3644 eumdem
814 3590 987 3647 virum
1023 3593 1115 3649 Dei
1146 3603 1358 3652 secreto
1401 3598 1452 3651 in
1485 3599 1778 3652 oratorium

182 3668 467 3745 ducerem,
500 3694 733 3753 eumque
755 3694 992 3755 peterem
1024 3699 1290 3758 quatenus
1321 3691 1452 3747 mihi
1475 3701 1533 3746 ut
1558 3691 1646 3747 die
1688 3691 1780 3748 illo

185 3764 366 3819 virtus
396 3768 461 3823 ad
488 3770 837 3842 ieiunandum
865 3778 1104 3844 daretur,
1128 3781 1239 3836 suis
1266 3782 1404 3852 apud
1436 3782 1778 3853 omnipoten-

178 3864 295 3914 tem
333 3859 616 3921 Dominum
651 3870 900 3939 precibus
944 3873 1251 3942 obtineret;
1292 3877 1433 3947 quod
1483 3886 1538 3933 et
1577 3877 1777 3933 factum

176 3960 291 4005 est.
329 3952 461 4009 Nam
491 3973 614 4013 mox
654 3971 712 4016 ut
740 3965 1033 4020 oratorium
1082 3969 1308 4037 ingressi
1336 3983 1543 4036 sumus,
1573 3967 1602 4009 ι)
1630 3986 1660 4025 a
1692 3986 1780 4027 me

177 4039 471 4102 humiliter
491 4054 806 4122 postulatus,
830 4070 950 4113 sese
971 4073 1091 4114 cum
1119 4060 1371 4131 lacrymis
1398 4062 1451 4116 in
1475 4064 1779 4118 orationem

181 4136 367 4207 dedit,
400 4153 452 4197 et
477 4157 591 4213 post
624 4150 899 4217 paululum
933 4153 1194 4223 completa
1226 4156 1468 4210 oratione
1495 4157 1645 4211 exiit.
1673 4155 1778 4211 Sed

178 4230 251 4285 ad
280 4245 465 4288 vocem
499 4236 888 4299 benedictionis
919 4244 1088 4311 illius,
1119 4248 1367 4302 virtutem
1394 4257 1595 4303 tantam
1627 4262 1778 4304 meus

176 4328 497 4383 stomachus
526 4335 751 4404 accepit,
783 4345 841 4391 ut
866 4338 997 4393 mihi
1039 4340 1273 4395 funditus
1302 4357 1332 4396 a
1363 4343 1620 4398 memoria
1668 4343 1776 4399 tol-

178 4412 388 4473 leretur
417 4422 571 4479 cibus
602 4437 655 4481 et
695 4431 977 4498 aegritudo.
1009 4432 1162 4503 Coepi
1216 4436 1396 4491 mirari
1427 4438 1545 4501 quis
1575 4451 1773 4504 essem,

176 4509 303 4575 quis
336 4513 548 4585 fuerim,
583 4520 705 4588 quia
728 4531 928 4579 etcum
962 4526 1027 4579 ad
1051 4528 1288 4581 animum
1321 4528 1530 4584 redibat
1559 4529 1780 4585 infirmi-

176 4604 287 4667 tas,
317 4604 449 4660 nihil
492 4608 547 4663 in
581 4627 665 4667 me
692 4629 758 4669 ex
785 4615 868 4670 his
896 4633 1015 4688 quae
1045 4620 1392 4676 memineram
1422 4637 1778 4695 recognosce-

1895 4624 1969 4676 τῆς
2002 4616 2231 4688 εὐλογίας
2266 4618 2417 4672 αὑτοῦ
2456 4626 2591 4694 φωνῇ
2632 4616 2844 4690 δύναμιν
2868 4616 3125 4676 τοσαύτην
3152 4616 3179 4670 ὁ
3206 4612 3482 4683 στὸμαχός·

175 4692 328 4753 ham.
357 4700 607 4774 Cumque
639 4718 661 4747 ε
694 4708 747 4763 in
777 4710 1131 4783 dispositione
1181 4718 1490 4771 monaSterii
1521 4727 1781 4788 occupata

1895 4729 1971 4762 ιον
2003 4707 2218 4773 ἔλαϐεν.
2245 4711 2381 4767 ὥστε
2412 4713 2671 4772 παντελῶς
2700 4713 2753 4764 ἐκ
2780 4718 2870 4772 τῆς
2891 4716 3093 4783 μνήμης
3114 4729 3216 4778 μου
3248 4712 3337 4766 την
3367 4725 3482 4780 τρο-

175 4802 338 4847 mens
364 4808 506 4854 esset
532 4842 547 4865 ,
579 4802 935 4863 obliviscebar
967 4808 1211 4865 funditus
1257 4810 1587 4882 aegritudinis
1619 4828 1773 4868 mete.

1895 4808 1974 4875 μὴν
2002 4806 2083 4858 καί
2118 4808 2208 4863 τὴν
2248 4805 2511 4861 ἀσθένειαν
2539 4806 2767 4879 ἀρθῆναι.
2801 4805 3046 4876 ἠρξάμην
3075 4804 3243 4858 τοίνυν
3281 4802 3478 4871 θαυμά-

1892 2667 2092 2737 νάμεως
2120 2669 2390 2743 ὑπῆρχεν,
2436 2674 2534 2744 ἐγὼ
2564 2671 2613 2725 ίν
2647 2673 2855 2746 ἐμαυτῷ
2883 2670 2969 2730 διὰ
2994 2678 3179 2751 πείρας
3207 2674 3379 2748 ἔγνων.
3413 2676 3494 2732 ἐν

1894 2753 2134 2837 ὅσῳ,γάρ
2183 2762 2233 2814 ἐν
2283 2769 2358 2835 τῷ
2398 2765 2723 2840 μοναστηρίῳ
2771 2765 3051 2842 ὑπῆρχον,
3091 2765 3143 2823 ἵν
3186 2790 3283 2825 τινι
3326 2775 3490 2845 καιρῷ

1893 2851 2157 2915 ἀσθενείας
2183 2860 2449 2927 συγκοπην
2484 2862 2573 2912 τοῦ
2606 2861 2856 2922 ζωοποιοῦ
2884 2860 3176 2931 πνεύματος
3202 2860 3487 2932 ὑπομένων,

1892 2945 1974 2997 καί
2036 2954 2251 3015 ωχνῶς
2312 2951 2797 3022 στενοχωρούμενος
2856 2954 2987 3008 κατά
3039 2959 3259 3027 στιγμήν
3308 2955 3490 3028 ὧρας,

1891 3034 2020 3110 πρὸς
2048 3041 2137 3095 τήν
2156 3044 2245 3093 τοῦ
2270 3039 2485 3096 θανάτου
2510 3039 2680 3106 ἔξοδον
2713 3043 3035 3109 ἐπλησίαζον.
3077 3046 3276 3105 Ταύτην
3305 3044 3361 3100 δὲ
3396 3050 3492 3104 τήν

1891 3130 2151 3187 ἀσθένειαν
2180 3134 2226 3187 οἱ
2252 3136 2421 3209 ἰατροί
2531 3146 2553 3175 ο
2578 3132 2822 3195 Ἑλληνίδι
2846 3137 3086 3211 διαλέκτῳ
3108 3146 3375 3211 συγκοπην
3392 3161 3487 3195 κα·

1891 3220 1996 3277 λεῖν
2021 3226 2272 3280 εἰώθασιν.
2307 3229 2363 3280 Εί
2384 3233 2455 3298 μὴ
2484 3225 2540 3282 δὲ
2564 3232 2896 3305 συχνοτέρως
2917 3232 2963 3285 οί
2988 3229 3193 3303 ἀδελφοί
3227 3240 3289 3307 τῇ
3327 3239 3488 3304 τροφῇ

1880 3522 1984 3577 ρας
2016 3504 2436 3571 καταλαϐούσης,
2466 3501 2539 3578 τῷ
2578 3505 2705 3580 ἁγίῳ
2747 3507 2998 3581 σαϐϐάτῳ
3027 3510 3076 3563 ἐν
3103 3505 3144 3583 ᾧ
3169 3511 3359 3570 πάντες
3386 3512 3487 3572 ἕως

1885 3597 1969 3649 καί
1994 3598 2057 3650 τά
2090 3592 2109 3633 ί
2146 3603 2306 3667 σεμνά
2339 3596 2519 3654 παιδία
2545 3600 2884 3658 νηστεύουσιν
2904 3641 2920 3666 ,
2951 3602 3051 3675 ἐγὼ
3078 3608 3357 3661 νηστεῦσαι
3395 3605 3487 3658 οὐκ

1883 3686 2162 3761 ἠδυνάμην.
2195 3693 2443 3766 Ἧρξάμην
2472 3695 2636 3748 τοίνυν
2664 3702 2727 3770 τῇ
2756 3694 2890 3767 λύπῃ
2918 3694 3241 3768 πλειοτέρως,
3278 3692 3293 3745 i
3339 3693 3485 3772 εἴπερ

1882 3787 1975 3842 τῆς
2002 3782 2264 3844 ἀσθενείας
2292 3784 2632 3855 ἐκλιμπάνειν.
2672 3787 2892 3857 Ταχέως
2925 3784 2979 3841 δὲ
3020 3787 3051 3844 ἡ
3080 3783 3358 3848 ωτὸδυνὸς
3378 3808 3481 3857 μου

1881 3872 2056 3945 ψυχή,
2088 3876 2301 3950 ἀρίστην
2346 3876 2533 3947 βουλήν
2580 3872 2721 3953 εὗρε.
2748 3880 2843 3932 Τόν
2892 3879 2993 3951 γάρ
3024 3878 3175 3933 αὑτὸν
3213 3886 3305 3933 τοῦ
3352 3884 3485 3935 Θεοῦ

1882 3961 2142 4039 ἄνθρωπον
2167 3965 2469 4043 Ἐλευθέριον
2500 3970 2550 4025 ἐν
2570 3971 2840 4045 μυστηρίῳ
2862 3973 2936 4030 εἰς
2957 3973 3015 4027 τὸ
3050 3973 3306 4048 εὐκτήριον
3343 3974 3483 4032 ἀπή-

1879 4079 2055 4129 γαγον,
2104 4064 2186 4114 καί
2242 4068 2392 4116 τοῦτο
2437 4063 2727 4134 ᾐτησάμην,
2781 4059 2923 4123 ὅπως
2970 4060 3054 4117 διά
3087 4072 3179 4125 τῆς
3217 4066 3372 4121 αὐτοῦ
3404 4062 3489 4120 δε-

1880 4154 2073 4217 ήσεως,
2121 4156 2264 4229 παρὰ
2292 4150 2365 4225 τῷ
2389 4155 2763 4227 παντοδυνάμῳ
2794 4160 2951 4229 κυρίῳ
2993 4155 3207 4231 δύναμίς
3240 4179 3324 4231 μοι
3349 4160 3483 4235 πρὸς

1878 4244 1938 4299 τὸ
1977 4247 2231 4302 νεστεὺειν
2259 4243 2545 4303 δοθήσεται.
2570 4242 2736 4322 ὀπερ
2769 4250 2852 4303 καί
2895 4248 3114 4321 γέγονεν.
3165 4253 3335 4305 Ἦνίκα
3378 4251 3480 4327 γάρ

1880 4340 1953 4398 είς
1977 4339 2036 4393 τὸ
2062 4341 2323 4414 εῦκτηριον
2354 4340 2672 4411 εἰσήλθομεν,
2721 4343 2805 4395 καί
2840 4344 2973 4411 μετά
3014 4342 3196 4402 πολλῆς
3232 4346 3483 4398 ταπεινώ-

1878 4450 2009 4490 σεως
2049 4437 2229 4487 τοῦτον
2259 4433 2552 4505 ᾐτησάμην,
2588 4432 2767 4488 ἑαυτὸν
2794 4434 2923 4505 μετά
2951 4430 3188 4507 δακρύων
3210 4437 3284 4494 εἰς
3319 4435 3480 4504 εύχην

1879 4521 2083 4578 δέδωκε.
2110 4523 2226 4579 Μετ’
2259 4524 2418 4597 ὀλίγον
2446 4524 2499 4580 δὲ
2542 4532 2633 4586 τῆς
2677 4526 2841 4597 εὐχῆς
2889 4525 3271 4601 πληρωθείσης,
3319 4524 3369 4577 ἐν
3415 4530 3479 4597 τῇ

172 4882 235 4940 Si
270 4902 420 4957 vero,
448 4902 508 4946 ut
540 4898 783 4968 praedixi,
815 4901 1017 4956 rediret
1045 4905 1305 4974 aegritudo
1334 4905 1402 4960 ad
1434 4906 1772 4974 memoriam,

170 4993 304 5034 cum
337 4993 440 5040 tam
472 4988 661 5044 fortem
706 5009 792 5049 me
821 5010 940 5051 esse
967 5000 1245 5066 sentirem,
1292 5000 1526 5056 mirabar
1575 5001 1618 5056 si
1669 5017 1775 5056 non

170 5078 557 5137 comedissem.
606 5085 708 5151 Qui
738 5088 803 5143 ad
845 5104 1127 5159 vesperam
1178 5092 1421 5158 veniens,
1473 5102 1636 5150 tant'e
1690 5110 1777 5151 me

164 5164 505 5227 fortitudinis
533 5175 734 5245 inveni,
778 5190 835 5236 ut
865 5181 912 5236 si
954 5183 1272 5249 voluissem,
1308 5182 1571 5256 jejunium
1608 5200 1776 5255 usque

161 5258 240 5316 ad
273 5264 419 5321 diem
449 5270 681 5329 alterum
714 5275 1005 5335 transferre
1034 5278 1348 5349 potuissem.
1372 5278 1538 5351 353
1568 5279 1764 5350 Sicque

243 5462 278 5530 ξ
314 5453 557 5530 [μθηείρη
587 5463 846 5519 interdici.
868 5464 1147 5520 Consentit
1177 5465 1445 5521 secundus
1475 5465 1683 5521 Theod.

244 5526 278 5565 ³³
321 5528 413 5584 Sic
438 5526 719 5602 legendum
750 5538 943 5590 suadet
978 5538 1245 5592 unanimis
1285 5539 1414 5592 Mss.
1446 5550 1764 5591 consensus.

160 5593 225 5654 In
256 5593 517 5672 vulgatis.
542 5614 745 5662 tantum
790 5608 977 5678 habes,
1017 5609 1238 5681 ingressi
1284 5606 1768 5676 sumus,lmmiliter

158 5684 431 5825 ’τάδε
457 5744 540 5825 Cl.
559 5757 627 5825 et
652 5747 989 5825 duoTheod.
1014 5792 1027 5815 ,
1057 5752 1112 5805 in
1140 5751 1540 5825 dispensatione.

236 5808 272 5855 ⁸
298 5813 425 5886 λίϐη
444 5823 607 5878 αὐτὸν
634 5822 809 5897 μικρὸν
835 5845 886 5879 τι
915 5822 1156 5882 ἐκδοῦναι.

462 5917 739 5979 Pyram.
756 5918 1107 5995 ,LXXVII.

1886 4902 1987 4962 ζειν
2025 4900 2102 4958 τίς
2125 4898 2286 4970 ἤμην,
2328 4902 2412 4955 καί
2441 4903 2519 4960 τίς
2550 4900 2803 4972 ἐγενόμην.
2831 4896 2953 4951 ὀτε
2982 4895 3036 4952 δὲ
3068 4898 3149 4951 καί
3174 4896 3477 4971 ἐπέστρεφεν

1884 4991 1937 5044 ίν
1965 4992 2076 5060 ἐμοί
2106 4992 2136 5049 ἠ
2164 4980 2415 5057 ἀσθένεια,
2460 4989 2600 5046 οὐδὲν
2638 4990 2688 5055 ἐξ
2733 4990 2930 5044 ἐκείνων
2970 4990 3264 5064 ἐγνώριζον,
3308 4985 3519 5065 ὦνπερύ

1884 5081 2126 5158 ἔπασχον
2164 5088 2356 5165 πρώην.
2390 5088 2552 5139 Ἦνίκα
2586 5082 2640 5139 δέ
2679 5084 2729 5138 ἓν
2750 5092 2815 5159 τῇ
2852 5090 2946 5139 τοῦ
2970 5089 3312 5159 μοναστηρίου
3353 5083 3479 5140 διοι-

1882 5180 2027 5237 κήσει
2052 5180 2342 5251 ἐπάσχιιλος
2370 5177 2397 5233 ὁ
2415 5175 2655 5251 λογισμός
2682 5198 2778 5252 μου
2812 5178 3048 5256 ὑπῆρχε,
3079 5181 3339 5241 παντελῶς
3366 5178 3479 5234 ἕπε·

1869 5274 2173 5345 λανθανόμην
2200 5281 2292 5337 τῆς
2310 5272 2571 5336 ἀσθενείας
2593 5294 2712 5346 μου.
2736 5272 2848 5332 Ἐάν
2868 5273 2922 5332 δὲ
2938 5314 2957 5347 ,
2987 5277 3151 5341 καθὼς
3191 5281 3465 5355 προεῖπον,

1950 5472 1975 5533 9
2009 5462 2130 5529 Ms.,
2158 5464 2210 5528 te
2238 5464 2398 5533 ὑμῶν.

1953 5531 1974 5573 ί
2002 5535 2128 5611 μᾶ,
2250 5531 2408 5611 εὑχῇ.

1949 5614 1977 5654 s
2001 5607 2118 5672 M§.,
2152 5607 2285 5670 ἰάθη,
2320 5607 2454 5663 ὥστε
2482 5609 2736 5674 παντελῶς
2764 5612 2851 5668 τοῦ
2876 5607 3081 5668 λοιποῦ.

1945 5676 1975 5716 Ῑι
2007 5678 2129 5744 MS.,
2163 5681 2519 5736 ἀνασπᾶσθαι.

1953 5748 1971 5826 ξ
2005 5750 2128 5826 bis"
2160 5754 2318 5826 μικρά
2336 5752 2532 5813 παιδία.

1951 5820 1967 5871 ἱ
2007 5822 2129 5891 Μδο,
2157 5820 2309 5902 ὖπέρ.

2956 5918 3031 5977 10
