3998 6356
328 346 439 405 305

1590 331 2038 391 DIALOGORUM
2077 331 2277 388 LIBER
2318 332 2403 388 Ill.

3509 330 3612 387 506

280 476 283 479 λ
322 458 562 516 deducta
588 461 696 509 est.
741 453 820 508 Ex
841 465 946 523 qua
977 450 1233 507 exierunt
1262 462 1451 504 omnes
1482 448 1803 513 incolumes,
1833 449 1923 519 qui

2036 450 2157 505 ὅκτώ
2199 450 2258 506 τὸ
2302 451 2465 505 αὐτῶν
2504 450 2676 507 πλοῖον
2725 452 2820 512 ἕως
2863 457 2967 507 τῶν
2991 448 3229 524 ἀνωτέρω
3266 445 3498 512 σανίδων,
3546 448 3617 507 ὡς

323 566 456 606 arm
488 546 748 617 praedicto
771 545 1062 600 venerabili
1087 544 1204 597 viro
1227 542 1544 597 Maximiano
1575 542 1914 611 navigabant.

326 641 580 709 Cumque
611 650 730 707 post
758 653 853 692 eos
885 638 999 706 ipse
1021 650 1235 705 quoque
1275 633 1465 689 fuisset
1493 648 1764 704 egressus,
1799 649 1921 688 mox

324 737 389 792 in
418 733 665 804 ejusdem
721 738 907 802 portus
958 729 1282 800 profundum
1315 732 1468 784 navis
1514 729 1767 783 demersa
1816 735 1921 795 est,

324 845 397 886 ac
444 830 489 883 si
524 827 630 881 illis
681 825 1081 896 egredientibus
1130 840 1225 894 pro
1271 825 1509 894 pondere
1555 822 1924 877 sublevatione

321 923 627 985 caruisset;
662 929 716 974 et
745 935 865 989 quae
906 920 1060 987 plena
1111 918 1416 973 hominibus
1447 918 1501 972 in
1544 919 1733 987 pelago
1760 931 1926 986 aquas

328 1021 668 1084 portaverat,
721 1021 886 1081 atque
926 1019 1227 1079 nataverat,
1282 1010 1604 1065 Maximiano
1645 1025 1766 1065 cum
1815 1010 1925 1064 suis

327 1105 595 1159 lratribus
627 1108 935 1169 recedente,
977 1119 1143 1171 aquas
1172 1103 1287 1158 sine
1332 1103 1642 1158 hominibus
1692 1105 1742 1157 in
1773 1114 1926 1172 portu

330 1214 443 1255 non
484 1199 649 1252 valuit
681 1208 934 1267 portare;
968 1208 1023 1253 ut
1052 1199 1178 1254 hinc
1203 1199 1546 1266 omnipotens
1573 1200 1715 1255 Deus
1740 1207 1926 1254 osten-

327 1294 487 1348 deret
517 1293 642 1361 quia
683 1293 820 1347 lianc
846 1301 1097 1348 onustam
1145 1307 1241 1348 sua
1295 1308 1454 1347 manu
1477 1300 1773 1361 ,tenuerat,
1808 1309 1927 1363 quas

326 1385 402 1440 ab
428 1384 738 1439 hominibus
782 1400 950 1443 vacua
996 1396 1055 1445 et
1090 1386 1352 1444 derelicta
1403 1402 1568 1460 super
1594 1403 1779 1461 ~aquas
1818 1403 1926 1445 non

328 1486 505 1546 potuit
530 1492 772 1534 manere.

738 1848 902 1921 360
937 1847 1166 1908 CAPUT
1204 1850 1521 1907 XXXXV".

494 1940 576 1996 De
604 1940 859 1997 Sanctulo
887 1942 1179 2023 presbytero
1217 1945 1492 2014 provincia:
1522 1941 1576 1997 Ν
1581 1944 1751 1999 unite.

400 2033 919 2090 GsecouwmAnte
968 2034 1081 2088 dies
1134 2050 1349 2104 quoque
1399 2035 1513 2090 fere
1562 2035 1923 2105 quadraginta

327 2126 516 2183 vidisti
549 2126 689 2195 apud
713 2140 799 2180 me
828 2140 971 2191 eum,
1013 2128 1168 2197 cujus
1190 2128 1439 2196 superius
1467 2128 1783 2183 memoriam
1815 2125 1923 2182 feci

330 2220 494 2292 (Cap.
535 2220 649 2289 ib),
676 2221 997 2276 venerabilis
1032 2220 1157 2274 vita:
1189 2220 1564 2291 presbyterum
1610 2219 1922 2274 Sanctulum

334 2315 577 2380 nomine,
613 2314 705 2383 qui
750 2316 816 2369 ad
853 2329 941 2369 me
984 2330 1049 2368 ex
1079 2314 1286 2368 Nursiae
1315 2312 1585 2381 provincia
1624 2312 1779 2366 annis
1816 2312 1926 2366 sin-

334 2411 475 2479 gulis
499 2408 684 2464 venire
706 2409 1010 2463 consuevit.
1042 2408 1147 2463 Sed
1175 2424 1241 2464 ex
1272 2408 1461 2464 eadem
1486 2408 1765 2477 provincia
1806 2409 1928 2479 qui-

331 2500 462 2555 dam
486 2498 787 2554 monachus
816 2508 941 2553 ante
990 2499 1221 2557 triduum
1252 2500 1420 2564 venit,
1465 2498 1554 2569 qui
1585 2502 1760 2569 gravis
1791 2515 1929 2556 nun-

334 2591 401 2647 tii
432 2607 664 2647 maerore
692 2607 779 2647 me
809 2592 1059 2661 perculit,
1088 2592 1212 2663 quia
1245 2591 1495 2647 eumdem
1526 2592 1699 2645 virum
1727 2591 1928 2649 obiisse

335 2684 629 2742 nuntiavit.
665 2684 835 2752 llujus
854 2699 985 2755 ergo
1010 2684 1135 2750 viri,
1165 2682 1266 2739 etsi
1296 2698 1404 2738 non
1435 2682 1554 2737 sine
1585 2684 1785 2753 gemitu
1811 2683 1929 2738 dul-

332 2774 549 2834 cedinis
596 2775 805 2838 recolo,
834 2774 947 2845 jam
999 2785 1176 2831 tamen
1226 2777 1344 2831 sine
1383 2776 1672 2831 formidine
1703 2777 1929 2832 virtutes

330 2880 523 2932 narro,
553 2879 688 2933 quas
720 2880 751 2919 a
778 2865 971 2921 vicinis
1013 2865 1131 2935 ejus
1172 2866 1540 2921 sacerdotibus
1568 2876 1596 2903 ι
1622 2866 1759 2921 mira
1790 2867 1929 2922 veri-

331 2967 451 3017 tate
494 2968 550 3015 et
574 2960 918 3029 simplicitate
946 2959 1188 3029 praditis
1216 2959 1433 3029 agnovi.
1488 2960 1556 3014 Et
1602 2960 1743 3015 sicut
1790 2960 1929 3014 inter

332 3062 582 3108 amantes
614 3052 917 3109 se'animos
959 3068 1210 3122 magnum
1256 3052 1537 3108 charitatis
1585 3052 1926 3109 familiaritas

338 3157 536 3198 ausum
576 3143 796 3210 praebet,
824 3159 855 3199 a
900 3159 986 3199 me
1020 3146 1335 3215 plerumque
1363 3161 1428 3199 ex
1459 3145 1745 3201 dulcedine
1787 3160 1917 3201 esa-

1950 1852 2001 1914 Β

2028 541 2258 618 εἴρηται,
2305 546 2604 617 γεμισμίνον
2658 542 2847 608 ὕδατι,
2897 549 2988 603 τὴν
3034 541 3164 598 ἰδίαν
3213 539 3324 596 ὁδὸν
3378 540 3614 602 διανύον,

2025 632 2217 689 ἔπλεεν.
2248 644 2319 709 Τῇ
2349 635 2401 690 δὲ
2430 638 2605 708 ἐννάτῃ
2635 638 2795 710 ἡμέρᾳ
2822 636 2869 689 ἔν
2900 644 2974 708 τῷ
3008 636 3167 707 λιμένι
3193 641 3284 689 τοῦ
3324 642 3350 680 Ι
3390 634 3614 707 κὰστρου

2025 730 2281 803 ιοτρῶνης
2319 728 2568 800 ὠδηγηθη.
2616 730 2812 783 Πάντων
2851 727 2904 783 δί
2951 734 3043 783 τοῦ
3074 727 3253 781 πλοίου
3292 725 3612 787 ἀποϐάντων,

2025 826 2126 875 τῶν
2151 822 2279 891 μετά
2301 828 2391 876 τοῦ
2429 822 2801 896 προλεχθὲντος
2835 819 3210 874 εύλαϐεστάτου
3246 815 3422 892 ἀνδρὸς
3464 817 3617 879 Μαξι-

2026 920 2204 983 μιανοῡ
2252 914 2520 977 πλεόντων,
2563 913 2800 986 ἔσχατον
2825 912 2878 968 δὲ
2918 909 3120 969 πάντων
3158 915 3243 965 καί
3286 912 3442 965 αύτοῦ
3484 911 3615 965 ἀπο·

2030 1006 2233 1071 ϐἀντος,
2256 1010 2429 1069 εὐθέως
2476 1010 2524 1062 ἐν
2570 1017 2643 1082 τῷ
2693 1011 2828 1081 αύτῷ
2876 1008 3032 1077 λιμένι
3068 1007 3126 1061 τό
3160 1006 3336 1060 πλοῖον
3380 1004 3616 1062 ἐϐυθίσθη

2026 1104 2159 1172 μετά
2189 1102 2247 1156 τὸ
2273 1102 2543 1174 κουφισμὸν
2568 1108 2658 1157 τοῦ
2681 1102 2874 1177 βάρους
2900 1102 3187 1171 ἆπομεῖναι.
3220 1108 3271 1152 Ἦ
3309 1100 3406 1171 γὰρ
3436 1103 3559 1156 ναῦς
3586 1097 3616 1154 ἡ

2028 1195 2319 1268 ἀνθρώπως
2345 1195 2690 1271 ἐπιφερομένη.
2733 1196 2814 1247 καί
2842 1191 3041 1247 ύδάτων
3068 1192 3262 1266 πλήρης
3292 1185 3422 1245 οὖσα
3460 1192 3510 1242 ἐν
3543 1194 3616 1257 τῷ

2027 1290 2234 1361 πελάγει
2273 1288 2442 1343 ἔπλετ’
2481 1291 2787 1353 Μαξιιιιανοῦ
2827 1286 2879 1342 δὲ
2910 1290 3041 1358 μετὰ
3083 1295 3183 1341 τῶν
3212 1288 3364 1341 αὐτοῦ
3398 1283 3618 1357 ἀδελφῶν

2028 1382 2080 1444 ἕξ
2106 1382 2265 1441 αὐτῆς
2310 1382 2606 1447 ἔξελθόντος,
2657 1379 2796 1457 ὕδωρ
2845 1377 2963 1435 ἄνευ
3009 1387 3109 1434 τῶν
3155 1379 3427 1457 ἀνθρώπων
3456 1379 3506 1431 ίν
3544 1370 3618 1447 τῷ

2027 1475 2187 1548 λιμένι
2214 1478 2470 1547 βαστάξαι
2493 1480 2577 1529 οἰκ
2598 1473 2831 1535 ἠδυνήθη.
2861 1474 2939 1529 Ἐν
2959 1474 3122 1543 τούτῳ
3143 1467 3229 1526 οὖν
3255 1470 3279 1525 ὁ
3301 1468 3616 1525 παντοδύνα-

2029 1590 2126 1640 μος
2152 1572 2276 1630 Θεὸς
2309 1567 2598 1634 ὑπέδειξεν,
2644 1565 2722 1623 ὅτι
2759 1568 2915 1628 αὐτὸς
2960 1574 3023 1642 τῇ
3070 1566 3227 1639 οἰκείᾳ
3274 1564 3429 1619 αὐτοῦ
3474 1563 3619 1635 χσειρί

2029 1668 2180 1718 τοῦτο
2227 1661 2494 1737 διεκράτει,
2546 1660 2673 1737 ὅπερ
2715 1662 2815 1717 ἀπὸ
2860 1668 2961 1716 τῶν
3004 1662 3277 1736 ἀνθρώπων
3313 1654 3339 1693 ί·
3367 1657 3619 1729 σάϐουρον

2030 1753 2368 1826 καταλειφθὲν,
2392 1754 2557 1809 ἐπάνω
2577 1760 2677 1807 τῶν
2698 1750 2897 1809 ὑδάτων
2926 1748 3186 1823 διαμεῖναι
3210 1751 3299 1805 ούκ
3319 1745 3559 1808 ἠδυνήθη.

2536 1844 2701 1916 359
2745 1852 2958 1900 uesta.
3000 1840 3112 1898 Δι’.

2152 1939 2270 2013 Περὶ
2290 1938 2603 2009 Σαγκτούλου
2629 1939 2986 2013 πρεσϐυτέρου
3010 1939 3189 2012 χώρας
3215 1936 3488 2014 Νουρσίας.

2096 2040 2427 2085 ΓΡΗΓΟΡΙΟΣ.
2453 2034 2553 2105 Πρό
2596 2037 2695 2087 τῶν
2738 2033 3137 2106 τεσσαράκοντα
3182 2032 3381 2105 ἡμερῶν
3427 2029 3622 2083 τούτων

2024 2118 2218 2178 ὅθεάσω
2239 2124 2358 2201 παρ’
2380 2125 2488 2197 ἐμοί
2504 2120 2622 2179 ὅντα
2645 2125 2730 2179 τὸν
2750 2133 2814 2199 τῇ
2840 2128 2943 2199 ζωῇ
2972 2126 3338 2181 εὐλαϐέστατον
3368 2124 3622 2195 Σάγκτου-

2026 2214 2105 2269 λον
2134 2219 2223 2271 τὸν
2250 2218 2620 2292 πρεσϐύτερον.
2649 2215 2741 2278 ’ος
2766 2239 2846 2279 τις
2888 2217 3016 2289 πρὸς
3046 2239 3106 2288 με
3137 2220 3190 2272 ἐκ
3232 2226 3324 2277 τῆς
3368 2219 3625 2290 Νουρσίας

2028 2312 2213 2385 χώρας
2246 2310 2353 2364 καθ’
2392 2312 2607 2365 ἕκαστον
2646 2312 2872 2366 ἐνιαυτὸν
2902 2310 3011 2373 ἔθος
3050 2307 3193 2381 εἶχεν
3219 2318 3309 2366 τοῦ
3343 2308 3623 2383 ἔρχεσθαι.

2027 2404 2266 2473 Μοναχὸς
2294 2399 2345 2457 δέ
2366 2424 2447 2463 τις
2492 2405 2545 2456 ἐκ
2590 2411 2683 2463 τῆς
2723 2404 2882 2464 αὐτῆς
2909 2406 3093 2479 χώρας
3121 2405 3224 2479 πρὸ
3252 2409 3403 2480 τριῶν
3427 2405 3626 2474 ἡμερῶν

2030 2493 2200 2557 ἐλθὼν,
2230 2501 2410 2549 τοῦτον
2432 2496 2517 2551 τὸν
2541 2491 2703 2571 ἄνδρα
2730 2496 3138 2554 τετελευτηκέναι
3163 2493 3342 2568 ἔφησεν
3359 2534 3374 2559 ,
3403 2492 3549 2554 ὅστις
3576 2494 3626 2546 ἰν

2028 2586 2215 2662 βαρείᾳ
2238 2587 2373 2661 λύπη
2398 2608 2458 2658 με
2489 2586 2805 2659 κατίκαμψεν
2833 2586 2919 2644 διὰ
2946 2576 3038 2650 τῆς
3072 2588 3381 2661 ἀπαγγελίας
3407 2586 3623 2646 ταύτης.

2030 2682 2230 2736 Τούτου
2260 2687 2351 2737 τοῦ
2379 2680 2559 2757 ἀνδρὸς
2579 2677 2671 2735 κᾶν
2698 2683 2845 2741 ἆκτὸς
2884 2690 3173 2759 στεναγμοῦ
3201 2688 3290 2742 τήν
3330 2689 3421 2741 τῆς
3448 2679 3631 2752 γλυκύ·

2030 2794 2179 2834 τητος
2205 2776 2362 2828 αὐτοῦ
2391 2777 2561 2847 μνείαν
2587 2776 2913 2833 ποιήσασθαι
2945 2776 3053 2847 ούχ
3092 2775 3359 2850 ύποφίρω,
3397 2772 3500 2826 ἀλλ’
3535 2765 3628 2825 οὖν

2031 2864 2168 2939 ὅμως
2199 2868 2340 2930 ἐκτὸς
2371 2871 2542 2934 πάσης
2581 2871 2870 2931 ὑποστολῆς
2917 2872 3009 2932 τὰς
3048 2868 3291 2941 δυνάμεις
3320 2871 3477 2925 αὐτοῦ
3521 2867 3630 2927 διη-

2032 2967 2245 3033 γοῦμαι,
2273 2960 2335 3021 ἃς
2358 2964 2503 3037 παρά
2527 2970 2627 3018 τῶν
2666 2965 3046 3038 γειτνιαζόντων
3079 2965 3217 3035 αύτῷ
3255 2965 3425 3037 ἱερέων
3460 2962 3626 3033 μεμά-

2034 3055 2183 3120 θηκα,
2215 3054 2407 3133 σφὲδρα
2446 3058 2685 3114 ἀληθινῶν
2713 3061 2799 3112 καί
2824 3066 3023 3114 πιστῶν
3051 3055 3226 3113 ὅντων.
3272 3061 3375 3118 Τὰς
3406 3056 3543 3125 (Sic)
3572 3053 3627 3111 δέ

2032 3151 2120 3201 καί
2146 3144 2269 3223 παρ’
2291 3150 2415 3220 ἐμοῦ
2446 3151 2478 3207 ἡ
2512 3150 2663 3205 αὑτοῦ
2708 3150 2964 3222 γλυκύτης
2994 3152 3314 3225 ἐρωτωμένη,
3353 3150 3630 3222 βιαζομίνη

334 3245 487 3301 etus,
515 3235 631 3305 ipse
658 3250 863 3306 quoque
899 3236 968 3291 de
996 3235 1077 3291 bis
1123 3253 1243 3306 quae
1292 3247 1475 3309 egerat
1504 3247 1744 3293 extrema
1774 3253 1923 3308 qua:-

2036 3239 2235 3309 ιιᾶλλον,
2267 3242 2408 3315 ὀλίγα
2433 3240 2499 3296 ὧν
2530 3244 2773 3320 πέπραχε
2818 3240 3037 3315 διηγεῖτό
3069 3262 3177 3314 μοι.
3214 3242 3271 3293 Δί
3312 3240 3491 3310 ψυχαί
3529 3241 3627 3312 γὰρ

333 3329 465 3387 dam
490 3328 644 3385 fateri
676 3331 983 3400 cogebatur.
1018 3330 1118 3386 llic
1151 3346 1385 3402 namque
1411 3333 1641 3402 quodam
1672 3341 1915 3402 tempore

330 3440 457 3483 cum
506 3426 562 3479 in
594 3427 744 3495 prelo
788 3425 1125 3496 Langobardi
1150 3426 1177 3465 ι’
1198 3424 1367 3481 olivas
1401 3436 1726 3495 premerent,
1774 3435 1833 3480 ut
1862 3428 1917 3481 in

332 3519 515 3574 oleum
567 3519 761 3590 liquari
792 3531 814 3559 ε
847 3520 1179 3587 debuissent,
1241 3520 1664 3592 sicutdjocundi
1721 3530 1838 3576 erat
1874 3532 1929 3577 et

336 3615 521 3667 vultus
544 3620 599 3667 et
646 3612 833 3680 animi,
884 3623 1055 3667 utrem
1086 3628 1313 3668 vacuum
1358 3614 1425 3668 ad
1471 3614 1676 3682 prelum
1714 3615 1925 3684 detulit,

336 3703 757 3773 laborautesque
816 3705 1197 3776 Langobardos
1247 3708 1373 3761 lato
1425 3706 1576 3761 vultu
1635 3708 1922 3774 salutavit,

334 3806 514 3853 utrem
565 3798 807 3867 protulit,
858 3808 912 3853 et
950 3798 1193 3869 jubendo
1252 3802 1430 3867 potius
1485 3815 1645 3870 quam
1695 3801 1924 3870 petendo

334 3906 463 3946 eum
508 3888 722 3958 impleri
776 3890 878 3947 sibi
923 3890 1078 3946 dixit.
1109 3892 1215 3947 Sed
1258 3893 1485 3962 gentiles
1522 3894 1642 3961 viri,
1694 3896 1783 3963 qui
1816 3903 1925 3950 tota

334 3982 451 4054 jam
481 3984 571 4038 die
609 3983 804 4039 frustra
846 3985 1244 4053 laboraverant,
1288 3996 1449 4057 atque
1472 3996 1498 4025 ο
1522 3988 1591 4042 ab
1618 3988 1775 4043 olivis
1814 3990 1929 4043 exi-

344 4090 478 4146 gere
529 4076 697 4131 oleum
741 4077 1046 4147 torquendo
1091 4094 1198 4133 non
1248 4088 1515 4148 poterant,
1575 4079 1740 4134 verba
1785 4079 1929 4135 illius

342 4168 577 4224 moleste
605 4178 983 4237 susceperunt,
1015 4186 1243 4241 eumque
1276 4172 1483 4241 injuriis
1513 4172 1756 4227 insectati
1781 4182 1927 4227 sunt.

336 4260 546 4331 QUlbUS
585 4263 669 4316 vir
716 4262 922 4318 Domini
978 4262 1170 4317 laetiori
1220 4264 1394 4318 adhuc
1439 4263 1589 4318 vultu
1629 4262 1925 4330 respondit,

335 4354 566 4411 dicens:
599 4352 617 4390 ί
643 4355 732 4410 Sic
767 4370 865 4423 pro
913 4370 1002 4411 me
1030 4356 1219 4420 oretis,
1259 4355 1420 4409 istum
1453 4367 1628 4411 utrem
1679 4356 1930 4412 Sanctulo

338 4446 637 4515 impleatis,
664 4461 718 4501 et
744 4449 822 4502 sic
867 4462 897 4502 a
926 4448 1079 4503 vobis
1124 4460 1444 4504 revertetur.
1476 4448 1717 4518 Cumque
1754 4447 1830 4502 illi
1856 4462 1926 4501 ex

2032 3329 2096 3386 δι’
2124 3333 2329 3404 ἀγάπης
2352 3334 2587 3395 ἀλλήλαις
2611 3335 2893 3405 ὶνούμεναι,
2922 3338 3011 3392 την
3041 3335 3169 3408 πρὸς
3209 3334 3397 3392 ἔαυτὰς
3430 3334 3630 3408 παρίῖτβ

2033 3426 2151 3478 σίαν
2179 3428 2457 3481 τίκτουσιν.
2484 3422 2650 3487 Οὗτος
2678 3429 2846 3481 τοίνυν
2873 3428 2923 3479 ἐν
2948 3434 3109 3497 καιρῷ
3142 3447 3237 3482 τινι
3262 3421 3631 3498 Λογγοϐάρδων

2030 3522 2179 3571 τινῶν
2206 3518 2377 3578 ἐλαίας
2407 3518 2704 3584 αληθὸντων,
2734 3520 2822 3572 καὶ
2857 3520 3057 3580 ταύτας
3099 3519 3446 3582 ίκπιεζόντων,
3490 3514 3632 3578 ὅπως

2031 3605 2195 3664 ἔλαιον
2236 3611 2555 3683 ἐξενέγκωσι,
2604 3613 2808 3671 τούτοις
2858 3610 3075 3671 ἐπιστὰς
3118 3608 3135 3646 ί
3178 3611 3336 3665 ἀσκὸν
3375 3608 3632 3683 σάϐουρον

2032 3707 2140 3778 μεθ’
2180 3707 2367 3761 ίαυτοῦ
2410 3706 2797 3781 ἐπιφερόμενος,
2844 3707 3007 3767 καθὼς
3062 3704 3183 3765 ἔθος
3229 3700 3366 3776 αύτῷ
3417 3705 3631 3779 ὑπῆρχε

2034 3804 2118 3854 καί
2147 3809 2210 3876 τῇ
2231 3801 2386 3872 ψυχῇ
2409 3805 2496 3855 καὶ
2520 3802 2533 3850 ἓ
2565 3808 2638 3873 τῷ
2661 3803 2925 3875 προσώπῳ
2949 3802 2999 3854 ἐν
3018 3800 3295 3875 εὐφροσύνῃ
3325 3794 3481 3862 εἶναι,
3512 3800 3636 3860 τοὺς

2034 3895 2311 3955 κάμνοντας
2354 3893 2747 3971 Λογγοξὰρδους
2792 3894 3028 3969 χαρίεντι
3064 3896 3327 3967 προσώπῳ
3374 3896 3636 3967 προσήγο-

2036 4009 2212 4064 ρευσε,
2244 3990 2327 4043 καί
2364 3989 2450 4042 τὸν
2480 3989 2638 4044 ἀσκὸν
2677 3991 3055 4062 προσαγαγὼν,
3100 3988 3386 4061 ἐπιτρέπων
3422 3985 3633 4057 μᾶλλον,

2035 4080 2166 4153 ἥπερ
2202 4083 2351 4134 αἰτῶν
2379 4078 2549 4135 ἔλαιον
2592 4082 2767 4141 αὐτοῖς
2802 4086 2982 4136 τοῦτον
3014 4084 3219 4152 γεμίσαι
3261 4078 3448 4151 ἔλεγεν.
3489 4079 3548 4132 Οἱ
3581 4075 3635 4132 δὲ

2037 4173 2215 4227 ίθνικοὶ
2261 4170 2443 4245 ἄνδρες
2498 4173 2697 4237 ἐκεῖνοι,
2747 4170 2830 4226 διὰ
2872 4165 2933 4227 τὸ
2971 4177 3148 4226 πᾶσαν
3197 4176 3286 4229 τήν
3331 4170 3521 4243 ἡμέραν
3565 4170 3636 4228 είς

2039 4262 2250 4339 ἄκαιρον
2276 4263 2301 4301 ¹ί
2334 4267 2526 4325 αύτούς
2556 4268 2786 4338 κάμνειν,
2816 4269 2899 4320 καί
2925 4262 3098 4320 ἔλαιον
3131 4267 3185 4319 ἐκ
3209 4272 3301 4326 τῆς
3339 4264 3507 4323 ἐλαίας
3534 4264 3635 4326 ἒξε-

2038 4367 2210 4431 νιγκαι
2234 4363 2303 4429 μὴ
2334 4356 2603 4423 δύνασθαι,
2632 4360 2699 4413 τὰ
2717 4358 2924 4433 ῥήματα
2964 4359 3124 4413 αύτοῦ
3156 4358 3227 4417 είς
3254 4354 3394 4411 οὐδὲν
3423 4355 3635 4427 λογισά-

2038 4471 2200 4521 μενοι,
2230 4448 2336 4520 μεθ’
2359 4450 2558 4524 ὕϐρεων
2583 4450 2735 4504 αύτόν
2758 4451 3141 4521 ἀπεπίμποντο.
3175 4446 3263 4508 Οἷς
3302 4447 3329 4502 ὁ
3371 4453 3463 4501 τοῦ
3504 4450 3636 4499 Θεοῦ

338 4539 500 4595 olivis
530 4540 707 4595 oleum
756 4540 992 4598 deﬂuere
1033 4557 1139 4598 non
1181 4550 1486 4607 cernerent,
1519 4550 1575 4597 et
1628 4543 1804 4596 virum
1835 4541 1928 4597 Dei

2036 4541 2305 4618 ἄνθρωπος
2334 4539 2350 4579 ι
2385 4544 2621 4621 χαρίεντι
2662 4543 2813 4598 πάλιν
2859 4545 3128 4617 προσώπῳ
3157 4539 3417 4615 ἀπεκρίθη,
3444 4537 3630 4606 λέγων’

418 4704 658 4770 IIEditi,
708 4706 839 4758 mira
898 4705 1110 4770 virtute,
1173 4702 1620 4760 dissentientibus
1687 4700 1814 4757 Mss.
1880 4709 1936 4757 et

346 4778 534 4834 Grzecn
580 4779 890 4848 interprete.

420 4848 449 4888 δ
473 4850 658 4904 Germ.
690 4847 739 4900 «ιι
770 4849 1027 4915 plerique,
1058 4847 1239 4900 olivam
1267 4860 1430 4917 ptem.

423 4930 445 4958 ε
479 4921 664 4975 Modus
692 4914 780 4973 est
803 4920 1051 4988 loquendi
1077 4914 1337 4988 Gregorio
1372 4924 1554 4971 nostro
1586 4914 1937 4971 familiarissi-

346 5008 493 5053 mus,
523 4994 612 5061 qui
643 4992 805 5045 etiam
837 4994 886 5043 iii
921 4991 1282 5061 scriptoribus
1309 4990 1506 5043 corevis
1534 5001 1625 5041 aut
1648 4990 1767 5061 fere
1797 5005 1936 5061 snp-

347 5059 571 5133 paribus
620 5062 873 5116 occurrit.
925 5060 1085 5129 Greg.
1119 5060 1348 5127 Turon.,
1381 5061 1475 5114 lib.
1528 5061 1595 5114 de
1635 5059 1753 5133 _Vit.
1797 5060 1938 5128 PaL,

345 5131 402 5191 ἐς.
427 5136 460 5189 9
488 5152 498 5185 :
527 5132 745 5186 Immisit
764 5134 806 5183 ei
858 5133 1235 5202 cogitationem,
1286 5144 1337 5185 ut
1386 5131 1731 5202 praetermissa
1774 5147 1939 5183 eremo

344 5207 422 5261 ad
464 5207 709 5259 sitcqunt
755 5207 935 5257 reverti
998 5207 1215 5267 deberet,
1268 5204 1368 5255 lioc
1423 5211 1507 5256 est
1555 5212 1934 5256 reverteretur.

351 5277 527 5341 Beda,
588 5276 724 5330 lib.t
767 5275 922 5338 llist.,
975 5289 1024 5328 c.
1064 5273 1180 5329 25:
1222 5274 1703 5343 Augustinum......
1763 5274 1939 5325 remit-

355 5355 499 5409 tunt,
528 5347 667 5415 quia
696 5347 841 5398 beato
880 5345 1127 5417 Gregorio
1171 5345 1410 5398 obtineret
1439 5362 1503 5399 ne
1547 5358 1652 5398 tam
1685 5344 1939 5413 periculo-

350 5434 580 5474 sam..-
613 5419 1073 5486 peregrinationem
1094 5417 1238 5470 adire
1268 5419 1521 5470 deberent.

435 5492 460 5525 ά
487 5489 573 5543 Sic
597 5485 869 5551 Genuam,
904 5488 1120 5557 Regius,
1154 5489 1436 5553 NOI'ﬂlan.,
1465 5488 1571 5540 duo
1604 5485 1849 5554 Carnot.,
1884 5495 1940 5541 et

349 5561 578 5617 alterius
619 5558 993 5629 fragmentum,
1029 5560 1134 5611 duo
1178 5559 1410 5626 Tlieod.,
1442 5558 1688 5624 Longip.,
1722 5564 1827 5629 etc.
1878 5557 1933 5612 ln

350 5635 499 5688 Edit.
553 5628 745 5699 legitur
772 5650 781 5681 ;
809 5633 937 5684 sicut
957 5630 1218 5701 jucundus
1248 5638 1355 5683 erat
1401 5638 1447 5683 et
1490 5629 1630 5701 vultu
1657 5636 1707 5701 et
1742 5628 1933 5683 animo.

347 5702 623 5760 Cmteruni
652 5702 893 5758 hilaritas
921 5699 1079 5757 etiam
1113 5702 1163 5755 in
1194 5702 1393 5756 sanctis
1415 5710 1466 5755 et
1499 5702 1549 5754 in
1580 5699 1711 5764 ipsis
1751 5714 1935 5753 mona-

354 5778 502 5837 cltis,
554 5775 681 5828 licet
727 5773 1052 5840 paenitentia:
1094 5773 1342 5838 addictis,
1386 5771 1652 5827 laudatur.
1705 5770 1936 5825 Macario

352 5846 559 5902 iuniori
591 5845 1024 5902 archimandritas
1050 5844 1303 5901 Nitriensi
1334 5843 1478 5899 laudi
1517 5841 1766 5899 tribuitur
1795 5840 1937 5911 quod

2041 4697 2196 4771 hilari
2229 4700 2396 4769 fronte
2438 4700 2764 4755 advenientes
2803 4701 3076 4771 exciperet,
3119 4708 3166 4751 et
3197 4698 3368 4771 lepido
3396 4710 3633 4771 seruioite

2043 4768 2337 4837 oblectaret,
2374 4772 2665 4825 urbanila'e
2693 4768 3170 4841 qttadam'jum'ores
3210 4768 3278 4819 ad
3306 4768 3633 4835 disciplinam

2040 4854 2265 4897 monast.
2297 4844 2550 4898 alliciens.
2583 4843 2711 4897 Vide
2737 4844 2804 4894 de
2827 4859 2892 4895 eo
2918 4842 3218 4902 Sucratem,
3250 4842 3630 4908 Somnienum,

2042 4911 2454 4975 Tlieudoritum,
2481 4924 2533 4969 et
2562 4914 2858 4966 Palladium
2893 4913 2943 4964 in
2980 4911 3112 4964 Hist.
3150 4910 3425 4963 Lausiaca.

2117 4994 2140 5021 ε
2170 4984 2390 5049 Pizate‘.,
2424 4987 2487 5037 ab
2515 4986 2660 5039 olivis
2685 4984 2825 5037 exire
2850 4984 3136 5037 oleum"...
3166 4998 3266 5034 non
3300 4991 3556 5047 potuerat.

2120 5052 2240 5108 τιιςι
2274 5055 2455 5109 Germ.
2501 5070 2622 5109 cum
2676 5054 2925 5123 Lnngip.,
2981 5052 3095 5107 Val.
3146 5054 3226 5107 Cl.
3258 5063 3310 5106 et
3358 5053 3627 5118 plurimis.

2044 5125 2189 5181 Ideni
2241 5127 2401 5180 habet
2431 5125 2647 5180 Οτωειιε
2690 5128 2975 5191 interpres.
3014 5124 3066 5178 In
3096 5124 3306 5187 Nnt'tn.,
3338 5124 3384 5179 si
3415 5124 3647 5179 Gemet.‘

2038 5212 2101 5253 ac
2160 5197 2451 5251 secundum
2508 5197 2749 5249 Audoen.
2807 5195 3066 5261 ercipias,
3122 5197 3166 5250 si
3221 5195 3347 5249 mihi
3395 5195 3627 5249 creditis.

2038 5268 2316 5324 Consentit
2347 5273 2613 5321 secundus
2651 5268 2871 5321 Carnot.
2901 5267 2958 5321 lii
2990 5270 3185 5340 primo,
3209 5270 3255 5323 si
3292 5284 3389 5339 pro
3411 5283 3490 5322 me
3516 5282 3635 5320 ore-

2039 5341 2125 5405 tis,
2162 5340 2303 5404 quod
2339 5340 2587 5393 Editores
2625 5349 2983 5395 retinuerunt.

2112 5422 2137 5486 β
2316 5412 2544 5486 κάστρου
2570 5412 2865 5486 κρωτώνης.

2110 5479 2136 5519 ιι
2165 5481 2288 5547 Ms.,
2315 5479 2468 5536 xsvo'v.

2124 5552 2139 5592 ί
2170 5552 2291 5621 Ms.,
2325 5554 2479 5608 ἀσκὸν
2506 5552 2660 5609 κενόν.

2119 5624 2133 5697 _i
2169 5624 2293 5697 ills,
2322 5632 2396 5695 τῷ
2425 5630 2650 5697 σώματι.

2116 5694 2143 5734 κ
2171 5690 2513 5771 Μδηςαύτούς
2531 5703 2715 5771 κοπιᾷν
2741 5704 2823 5755 καί
2841 5699 3013 5759 ἔλαιον
3039 5702 3093 5757 ἐκ
3118 5706 3210 5762 τῆς
3238 5699 3408 5761 ἐλαίας
3434 5700 3511 5771 ini
3540 5690 3635 5753 δν·

2043 5768 2242 5841 νάμενοι
2263 5768 2531 5847 ἐξενέγκαι,
2555 5773 2621 5825 τὰ
2649 5768 2872 5849 ῥήματα.

2123 5836 2141 5880 ι
2178 5840 2301 5905 Ms.,
2330 5839 2527 5914 φαιδρῳ
2561 5846 2824 5917 προσώπῳ

2262 5876 2277 5892 ο
2288 5878 2301 5905 ι
2330 5867 2527 5913 φαιορῳ
2561 5867 2824 5913 προσωπῳ
