3998 6356
406 292 513 352 507

1626 275 1870 333 SANCTI
1911 270 2249 330 GREGORII
2286 268 2507 328 KAGNI

402 405 582 467 οὕτως
614 403 830 471 εὔξασθε
884 403 1017 478 ὑπὲρ
1070 403 1217 471 ἐμοῦ,
1261 400 1346 453 καὶ
1386 398 1473 452 τὸν
1519 395 1673 450 ἀσκὸν
1714 400 1894 449 τοῦτον
1933 399 2006 463 τῷ

2130 388 2179 442 id
2208 385 2537 458 implendum
2581 392 2756 442 utrem
2800 386 2909 461 sibi
2950 385 3211 445 insistere
3239 388 3507 459 riderent,
3538 390 3705 459 vehe-

404 502 702 576 Σαγκτούλῳ
737 501 1012 572 γεμίσατε,
1058 498 1142 549 ’ἱνα
1179 494 1341 554 οὕτως
1372 500 1395 527 θ
1427 490 1545 563 παρ’
1586 492 1724 560 ἡμῶν
1758 485 2007 561 ὑποστρέ-

407 596 504 672 ψῃ.
535 600 625 657 ’.Ως
663 594 716 649 δὲ
758 590 1176 669 προσερχόμενον
1222 584 1389 639 ἔλαιον
1441 586 1497 637 ἐκ
1546 588 1646 638 τῶν
1700 581 1875 635 ἐλαιῶν
1914 579 2007 631 οὐκ

410 688 676 759 ἐθεώρουν,
704 688 793 739 καὶ
820 684 905 738 τὸν
943 686 1032 736 τοῦ
1058 684 1187 735 Θεοῦ
1225 674 1485 750 όὶκθρωπον
1517 676 1647 749 πρὸς
1677 673 1734 729 τὸ
1768 673 2009 747 γεμισθῆ-

410 800 491 833 ναι
519 779 606 832 τὸν
635 778 791 830 ἀσκὸν
821 774 1139 843 ἐπιμένοντα,
1186 767 1380 844 σφόδρα
1422 767 1750 837 θυμωθέντες,
1798 765 2009 840 ὕϐρεσιν

410 871 559 925 αὐτὸν
588 868 613 907 b
646 869 913 927 πλείσταις
945 868 1028 919 καί
1069 863 1304 921 ἀπειλαῖς
1349 861 1584 937 ῥημάτων
1626 858 2009 928 ἀπεπέμποντο.

412 970 467 1013 ’ω
492 961 546 1017 δὲ
576 967 665 1017 τοῦ
694 966 817 1015 Θεοῦ
848 956 1110 1029 ἄνθρωπος
1132 956 1393 1027 θεωρήσας
1414 951 1493 1007 ὅτι
1512 960 1611 1007 τῶν
1638 952 1810 1005 ἐλαιῶν
1848 952 2013 1004 ἐκπιε-

413 1056 652 1125 ζομίνων,
701 1052 874 1108 ἔλαιον
920 1049 1151 1120 οὐδαμῶς
1201 1051 1524 1121 προήρχετο,
1576 1042 1713 1118 ὕδωρ
1744 1045 1885 1115 αὐτῷ
1926 1040 2012 1096 δο-

414 1150 560 1206 θῆναι
580 1152 826 1221 ᾐτήσατο.
859 1152 1019 1200 Τοῦτο
1045 1142 1122 1207 δὲ,
1146 1144 1345 1198 πόωτων
1372 1140 1689 1213 θεωρούντων
1710 1178 1725 1202 ,
1751 1136 2012 1208 ηὑλὸγησε,

417 1243 502 1296 καὶ
541 1243 589 1291 ἐν
629 1247 748 1299 ταῖς
792 1238 1164 1308 ίκπιεζομέναις
1210 1232 1400 1293 ἐλαίαις
1455 1239 1575 1291 ταῖς
1626 1228 1777 1288 ἰδίαις
1827 1231 2015 1303 χερσὶν

420 1330 651 1410 ἔρριψεν.
707 1332 899 1386 Τούτου
950 1327 1004 1385 δὲ
1057 1328 1339 1402 γεγονότος.
1389 1327 1616 1381 τοσαύτη
1665 1325 1871 1396 εὐφορία
1922 1327 2016 1375 τοῦ

418 1424 585 1480 ἐλαίου
615 1424 835 1500 προέϐη,
868 1424 1002 1477 ὥστε
1030 1424 1153 1482 τοὺς
1179 1417 1592 1497 Λογγοϐάρδους,
1621 1419 1741 1474 τοὺς
1768 1411 2015 1492 πρότερον

2114 491 2327 539 menter
2352 482 2585 550 accensi,
2620 481 2911 552 majoribus
2952 483 3094 539 hunc
3113 484 3401 541 verborum
3425 495 3707 542 contume-

2115 575 2204 631 liis
2227 572 2483 629 detestari
2508 581 2811 643 «cperunt.
2844 574 2941 631 Vir
2981 586 3163 631 autem
3211 576 3308 632 Dei
3348 577 3538 635 videns
3564 581 3705 650 quod

2116 682 2185 723 ex
2213 666 2360 735 prelo
2385 666 2568 722 oleum
2594 667 2746 722 nullo
2790 669 2953 725 modo
2978 669 3175 736 exiret,
3210 686 3402 741 aquam
3453 673 3561 729 sibi
3592 674 3707 731 dari

2118 762 2292 831 petiit,
2326 768 2491 831 quam
2524 761 2732 818 cunctis
2761 762 3067 820 videntibus
3114 765 3413 833 benedixit,
3444 776 3609 837 atque
3661 771 3710 825 in

2118 854 2328 923 prelum
2353 854 2467 910 suis
2516 854 2763 910 manibus
2783 856 3027 926 jactavit.
3076 858 3151 912 Ex
3179 874 3289 929 qua
3320 860 3569 930 protinus
3613 863 3707 916 bc-

2114 949 2425 1005 nedietioue
2458 958 2606 1006 tanta
2635 951 2852 1007 ubertas
2880 952 2988 1007 olei
3016 953 3213 1020 erupit,
3242 964 3303 1007 ut
3345 953 3704 1025 Langobardi,

2117 1043 2208 1113 qui
2235 1042 2385 1111 prius
2410 1041 2504 1097 diu
2524 1042 2792 1098 incassum
2824 1042 3223 1111 laboraverant,
3265 1059 3373 1100 non
3405 1047 3581 1102 solum
3614 1060 3701 1101 sua

2120 1134 2335 1190 vascula
2366 1136 2568 1206 omnia,
2596 1137 2694 1192 sed
2722 1147 2898 1192 utrem
2936 1150 3154 1206 quoque
3178 1151 3340 1208 quem
3374 1139 3455 1192 vir
3484 1138 3583 1193 Dei
3615 1139 3700 1192 de-

2124 1232 2321 1286 tulerat
2368 1232 2677 1301 implerant,
2725 1241 2782 1287 et
2817 1232 3022 1303 gratias
3072 1240 3318 1303 agerent,
3371 1232 3497 1302 quia
3543 1234 3592 1288 is
3619 1235 3708 1302 qui

2123 1324 2299 1378 oleum
2332 1334 2516 1392 petere
2544 1334 2787 1389 venerat,
2835 1324 3206 1380 benedicendo
3233 1323 3384 1381 dedit
3406 1324 3557 1394 quod
3611 1338 3705 1393 po.

2123 1415 2376 1470 stulabat.

416 1521 491 1578 εἰς
521 1515 728 1593 ἄκαιρον
760 1524 1064 1579 κοπιῶντας,
1106 1516 1166 1568 οὐ
1208 1514 1357 1583 μόνον
1394 1514 1458 1566 τά
1502 1509 1609 1565 ἴδια
1647 1510 1803 1566 σκεύη
1851 1508 2020 1563 πάντα
2057 1512 2297 1580 γεμίσαι,
2330 1509 2456 1565 ἀλλὰ
2484 1511 2569 1566 καί
2595 1510 2681 1564 τὸν
2713 1506 2910 1576 eam
2932 1506 3085 1580 ὅνπερ
3124 1507 3151 1563 ό
3174 1514 3265 1563 τοῦ
3294 1514 3424 1565 Θεοῦ
3450 1509 3715 1583 ἄνθρωπος

415 1586 599 1679 ἤγαγε,
630 1586 716 1663 καὶ
752 1608 908 1680 χάριν
935 1604 988 1661 δὲ
1016 1606 1157 1679 αὐτῷ
1198 1607 1443 1678 μεγίστην
1470 1598 1614 1671 ἔχειν
1646 1599 1994 1670 ὡμολόγησαν,
2026 1595 2106 1655 ὅτι
2142 1600 2290 1655 ἐλθὼν
2332 1588 2505 1655 ἔλαιον
2554 1605 2771 1665 ζητῆσαι
2799 1638 2815 1665 ,
2856 1600 3011 1662 αὐτὸς
3052 1598 3135 1656 διὰ
3180 1609 3271 1662 τῆς
3309 1603 3536 1673 εὐλογίας
3589 1602 3712 1673 ὅπερ

416 1707 587 1778 ᾐτεῖτο
628 1712 649 1739 ο
682 1700 913 1757 δέδωκεν.

488 1794 568 1849 Ἐν
598 1792 730 1866 ἄλλῳ
769 1798 931 1851 τοίνυν
962 1790 1125 1869 καιρῷ
1158 1795 1401 1865 μέγιστος
1428 1791 1574 1863 λιμὸς
1613 1788 1899 1859 ἅπανταχῆ
1930 1808 2020 1841 κα·

2199 1790 2319 1843 Alio
2349 1802 2560 1859 quoque
2585 1798 2829 1860 tempore
2871 1790 3169 1846 vehentem
3201 1789 3400 1862 ubique
3430 1792 3599 1847 fames
3634 1792 3713 1847 in—

416 1889 645 1944 τίλαϐεν.
693 1887 968 1945 Ἐκκλησία
1020 1884 1073 1940 δὲ
1124 1892 1217 1940 τοῦ
1263 1886 1519 1956 μακαρίου
1571 1882 1884 1954 Λαυρεντίου
1930 1886 2021 1933 τοῦ

419 1982 684 2056 μάρτυρος
714 1980 818 2034 ὑπὸ
841 1986 942 2033 τῶν
966 1974 1339 2049 Δογγοϐάρδων
1369 1977 1724 2047 ἐμπρησθεῖσα
1756 1974 2020 2047 ὑπῆρχεν.

418 2072 503 2127 Ἢν
530 2070 555 2126 ὁ
578 2079 669 2126 τοῦ
693 2077 819 2126 Θεοῦ
850 2067 1113 2147 ἅνθρωπος
1140 2071 1463 2124 ἀνακαινίσαι
1493 2067 1748 2137 ἐπιθυμῶν
1768 2106 1780 2129 ,
1807 2064 2023 2126 πολλοὺς

422 2165 689 2235 τεχνίτας,
721 2166 803 2218 καὶ
846 2164 1069 2237 ἐργάτας
1100 2158 1154 2215 δὲ
1184 2165 1389 2219 πλείους
1424 2159 1775 2230 συνήθροισεν.
1812 2157 2022 2229 ’Δνάγκη

424 2251 509 2313 οὖν
532 2262 743 2333 ὑπῆρχε
776 2262 867 2316 τὴν
895 2258 1231 2332 καθημερινὴν
1257 2254 1482 2314 δαπάνην
1511 2261 1616 2315 τοῖς
1648 2258 1899 2325 κάμνουσι
1920 2278 2024 2311 πα-

426 2351 752 2423 ρασχεθῆναι
773 2388 787 2413 ,
828 2346 973 2409 ἐκτὸς
1006 2349 1327 2418 ὑπερθέσεως
1357 2349 1550 2408 πάσης.
1583 2356 1683 2411 Τῆς
1706 2347 1759 2403 δὲ
1803 2350 2026 2423 ἀνάγκης

425 2441 588 2512 362
615 2448 705 2497 τοῦ
737 2442 887 2513 λιμοῦ
912 2442 1246 2513 ἐπικειμένης,
1280 2438 1484 2515 όᾶρτος
1518 2439 1779 2511 διέλειψεν.
1809 2440 2025 2516 ’Ἤρξαν-

422 2556 482 2591 το
513 2530 601 2589 οὖν
623 2536 667 2589 οἱ
692 2536 959 2605 κάμνοντες
990 2532 1219 2592 δαπάνην
1243 2535 1512 2598 ἐπιζητεῖν.
1535 2534 1754 2606 Δύναμιν
1776 2536 1871 2612 γὰρ
1895 2535 2025 2607 πρὸς

426 2628 484 2683 τὸ
516 2629 711 2699 κάμνειν
734 2629 821 2683 οὐκ
851 2624 994 2701 εἶχον
1021 2629 1069 2682 ἐκ
1110 2637 1196 2687 τῆς
1220 2629 1412 2687 πείνης.
1440 2635 1606 2683 Τοῦτο
1638 2626 1691 2683 δὲ
1721 2627 1747 2683 ό
1774 2634 1867 2682 τοῦ
1894 2636 2022 2684 Θεοῦ

426 2718 694 2797 ἅνθρωπος
742 2724 1010 2787 ἀκούσας,
1056 2718 1222 2793 λόγοις
1273 2724 1457 2782 αὐτοὺς
1516 2725 1858 2799 παρεμυθεῖτο
1904 2722 2027 2777 ὑπι·

431 2811 750 2885 σχνούμενος
779 2810 904 2889 ὅπερ
938 2815 1028 2867 οὐκ
1054 2809 1189 2885 εἶχε.
1216 2812 1411 2887 Σςιὸδρα
1446 2811 1500 2867 δὲ
1531 2812 1725 2868 ἔνδοθεν
1762 2833 2027 2885 στενοχω-

426 2906 704 2977 ρούμενος,
738 2906 786 2959 ἐν
827 2913 899 2979 τῷ
924 2911 994 2977 μή
1032 2904 1176 2975 ἔχειν
1220 2907 1373 2960 αὐτὸν
1422 2904 1532 2961 ὅθεν
1582 2907 1894 2981 προσενέγκῃ
1938 2911 2027 2963 τήν

428 2999 614 3065 τροφήν
650 2997 711 3055 ἣν
752 2996 1038 3066 ὑπέσχετο,
1087 2992 1182 3050 ὧδε
1226 3017 1279 3050 τε
1329 2997 1527 3051 κάκεῖσε
1577 2998 1629 3050 ἐκ
1676 2998 2028 3070 στενοχωρίας

429 3082 454 3119 δ
488 3089 867 3162 περιεγύρευεν.
901 3088 1078 3142 Ἐλθὼν
1101 3086 1155 3143 δὲ
1184 3089 1265 3143 ἐπί
1302 3111 1414 3144 τινα
1443 3089 1674 3143 κλίϐανον
1698 3128 1713 3151 ,
1765 3091 1815 3142 ἐν
1860 3086 1899 3161 ᾧ
1928 3089 2027 3163 πρὸ

2126 1880 2406 1947 cubuerat,
2433 1893 2489 1937 et
2517 1882 2661 1939 beati
2687 1883 2958 1938 Laurentii
2982 1882 3241 1953 martyris
3264 1882 3497 1939 ecclesia
3542 1883 3714 1938 fuerat

2124 1990 2154 2030 a
2180 1975 2548 2045 Langobardis
2579 1977 2822 2033 incensa.
2854 1977 3024 2042 Quam
3055 1977 3136 2030 vir
3160 1976 3255 2031 Dei
3284 1985 3590 2030 restaurare
3620 1986 3714 2030 eu-

2124 2067 2299 2135 piens,
2351 2068 2585 2124 artiﬁces
2634 2070 2854 2135 multos,
2903 2084 2968 2125 ac
3009 2070 3190 2138 plures
3240 2070 3715 2126 subministrante:

2125 2160 2401 2227 operarios
2448 2161 2714 2228 adhibuit,
2763 2162 2959 2231 quibus
3012 2176 3231 2217 necesse
3279 2172 3398 2217 erat
3439 2172 3496 2217 ut
3542 2162 3717 2233 quoti-

2126 2250 2274 2305 diani
2302 2262 2547 2321 sumptus
2573 2253 2945 2309 laborantibus
2966 2257 3086 2311 sine
3116 2257 3379 2313 dilatione
3408 2258 3719 2326 praeberem

2129 2352 2232 2397 tur.
2268 2344 2374 2399 Sed
2402 2345 2652 2415 exigente
2696 2346 2936 2415 ejusdem
2969 2348 3128 2419 361
3168 2348 3329 2403 famis
3375 2350 3717 2416 necessitate,

2128 2436 2281 2504 panis
2308 2434 2933 2509 defuit;coeperuutque
2977 2439 3283 2495 laborantes
3331 2441 3595 2509 instanter
3635 2443 3719 2496 vi;

2128 2538 2273 2583 ctum
2304 2545 2568 2598 quaerere,
2611 2531 2740 2601 quia
2786 2534 2927 2587 vires
2976 2532 3041 2588 ad
3079 2532 3319 2589 laborem
3356 2549 3453 2604 per
3478 2535 3717 2605 inopiam

2127 2640 2236 2679 non
2268 2624 2545 2680 haberent.
2576 2624 2732 2692 Quod
2761 2626 2843 2681 vir
2870 2626 2965 2682 Dei
2987 2626 3229 2696 audiens,
3257 2642 3354 2684 eos
3376 2624 3559 2685 verbis
3588 2642 3721 2684 cono

2128 2718 2401 2775 solabatur
2439 2719 2591 2785 foris,
2624 2722 2985 2790 promittendo
3012 2724 3154 2794 quod
3185 2720 3410 2787 deerat;
3457 2723 3551 2779 sed
3602 2724 3719 2794 ipse

2129 2815 2365 2885 graviter
2390 2815 2708 2871 anxiabatur
2758 2817 2926 2882 intus,
2954 2817 3216 2873 exhibere
3258 2802 3439 2873 cibum
3475 2832 3581 2873 non
3621 2833 3719 2871 va-

2130 2907 2246 2963 lens
2268 2922 2428 2977 quem
2452 2910 2815 2979 promittebat.
2835 2910 2968 2964 Cum
2991 2924 3120 2967 vero
3144 2912 3245 2968 huc
3264 2912 3501 2982 illucque
3522 2913 3719 2967 anxius

2134 3009 2399 3071 pergeret,
2432 3000 2654 3057 devenit
2702 3002 2769 3057 ad
2798 3003 3089 3073 clibanum,
3140 3004 3192 3058 in
3224 3018 3332 3075 quo
3356 3005 3549 3059 vicina:
3597 3018 3718 3059 mu-

2136 3094 2297 3149 lieres
2352 3093 2525 3164 pridie
2581 3111 2747 3164 panes
2803 3106 3106 3165 coxerant,
3167 3098 3346 3169 ibique
3400 3099 3723 3155 incurvatus

429 3181 621 3255 ἡμέρας
661 3177 848 3257 ἄρτους
877 3178 1004 3240 ἦσαν
1032 3182 1327 3240 ὀπτήσασαι
1356 3181 1408 3234 αἱ
1450 3179 1824 3253 γειτνιάζουσαι
1850 3180 2026 3234 αὐτόθι

2135 3188 2366 3258 aspexit,
2410 3205 2479 3243 ne
2518 3190 2658 3245 forte
2688 3192 2841 3259 panis
2871 3206 2902 3245 a
2942 3193 3294 3262 coquentibus
3335 3196 3711 3249 remansisset.

426 3285 677 3349 γυναῖκες,
709 3276 989 3350 ἐπικύψας,
1030 3278 1227 3352 ἐθεώρει
1262 3281 1333 3348 μὴ
1379 3276 1616 3337 πολλάκις
1665 3273 1821 3351 ἄρτος
1862 3276 2027 3329 ἐκεῖσε

429 3370 763 3440 ἐναπὲμεινεν.
794 3369 974 3442 Δῖφνης
1013 3364 1098 3423 οὖν
1142 3366 1298 3443 ἄρτον
1340 3370 1642 3438 θαυμαστοῦ
1670 3369 1917 3441 μεγέθους
1945 3370 2030 3421 καί

429 3464 733 3527 ἀσυνήθους⁸
753 3471 775 3499 ⁸
823 3462 1148 3537 άσπρὸτητος
1178 3461 1356 3517 αὐτόθι
1396 3458 1562 3536 εὗρεν.
1603 3459 1797 3516 Τοῦτον
1824 3458 1877 3514 δὲ
1906 3461 2031 3514 ἐπά-

432 3574 550 3629 ρας,
576 3555 849 3626 ἀπενέγκαι
870 3562 975 3614 τοῖς
1004 3558 1269 3626 τεχνίταις
1301 3556 1391 3608 οῦκ
1420 3553 1626 3612 ἠθέλησε
1647 3594 1659 3608 .
1704 3558 1769 3622 μή
1812 3573 1923 3611 πως
1947 3553 2033 3607 άλ-

431 3654 634 3727 λοτρίου
689 3656 850 3707 αὺτοῦ
912 3652 1276 3729 ὑπάρχοντος,
1338 3652 1587 3722 προφάσει
1651 3649 2033 3722 εὐσπλαγχνίας

435 3748 728 3816 πταίσματι
754 3745 1014 3816 ὐποπέσῃ.
1039 3746 1169 3819 Πρὸς
1198 3737 1284 3797 οὖν
1319 3745 1409 3802 τὰς
1437 3744 1824 3815 γειτνιαζοῦσας
1852 3748 2034 3814 γυναῖ-

434 3860 527 3900 κας
555 3840 707 3894 αὺτὸν
732 3839 1019 3911 ἐπενέγκας,
1064 3842 1223 3893 πᾶσιν
1263 3834 1522 3901 ὑπέδειξεν
1564 3838 1787 3911 ἐρωτῶν,
1826 3839 1895 3905 μή
1924 3855 2035 3894 πως

434 3932 532 3984 τινὶ
557 3932 723 3984 αὐτῶν
751 3931 909 3985 ἐκεῖσε
952 3928 1267 4001 κατελείφθη.
1298 3934 1465 3983 Πᾶσαι
1511 3926 1564 3981 δὲ
1606 3927 1657 3980 αἱ
1701 3933 1939 3997 γυναῖκες
1982 3925 2035 3981 αί

436 4022 592 4075 ἐκεῖσε
623 4017 778 4094 ἄρτον
826 4022 1154 4085 ὀπτήσασαι,
1204 4025 1274 4091 μη
1325 4015 1449 4074 εἶναι
1476 4025 1657 4074 τοῦτον
1698 4015 1824 4072 ἴδιον
1867 4018 2035 4073 αὐτῶν

439 4115 787 4189 ὡμολόγησαν,
819 4118 868 4171 ἐν
896 4117 1117 4189 άκεραίῳ
1138 4116 1237 4189 γάρ
1266 4116 1388 4174 τοὺς
1417 4115 1606 4169 ἑαυτῶν
1636 4109 1823 4187 ἄρτους
1854 4114 1906 4165 ἐκ
1939 4107 2031 4167 τοῦ

437 4207 669 4262 κλιϐάνου
693 4208 862 4264 λαϐεῖν
886 4208 1290 4283 διισχυρίζοντο.
1316 4207 1433 4262 Τότε
1463 4207 1487 4261 ό
1510 4212 1593 4261 τεῦ
1618 4213 1743 4262 Θεοῦ
1776 4204 2036 4281 ἅνθρωπος

438 4299 1027 4372 άγαλλιὼμενος,ἐπὴλθε
1056 4290 1183 4378 πρὸς
1220 4302 1339 4359 τοὺς
1375 4299 1587 4359 πολλοὺς
1618 4302 1859 4368 τεχνίτας
1903 4300 2036 4369 μετὰ

436 4390 539 4451 ἐνὸς
566 4384 759 4467 άρτου,
791 4396 877 4448 καὶ
902 4395 1123 4456 τούτους
1159 4391 1231 4467 τῷ
1269 4390 1635 4466 παντοόυνάμῳ
1667 4390 1777 4466 Θεῷ
1816 4396 2037 4464 εὐχαρι-

438 4490 629 4541 στήσαι
668 4485 1005 4563 παρεκάλεσε,
1038 4489 1119 4540 καὶ
1153 4484 1234 4540 ὅτι
1274 4483 1505 4544 δαπάνην
1546 4488 1723 4545 αὐτοῖς
1763 4486 2033 4560 παρέσχεν

2138 3281 2290 3337 Tune
2318 3292 2541 3352 repente
2586 3298 2779 3353 panem
2810 3286 2962 3340 mira:
3009 3284 3408 3356 magnitudinis.
3444 3296 3603 3356 atque
3634 3287 3717 3342 in-

2134 3372 2277 3427 soliti
2307 3374 2557 3428 candoris
2598 3375 2804 3429 invenit
2832 3391 2848 3429 :
2878 3389 3037 3444 quem
3077 3377 3292 3446 quidem
3324 3377 3461 3443 tulit,
3497 3379 3591 3432 sed
3621 3379 3725 3433 de-

2134 3464 2279 3521 ferre
2309 3467 2607 3521 artificibus
2630 3467 2824 3531 noluit,
2860 3482 2926 3522 ne
2972 3468 3203 3523 fortasse
3231 3469 3437 3525 alienus
3478 3478 3643 3536 esset,
3674 3478 3731 3526 et

2135 3557 2349 3627 culpam
2399 3558 2545 3614 velut
2601 3575 2668 3615 ex
2716 3561 2913 3629 pietate
2964 3569 3323 3629 perpetraret.
3379 3561 3483 3616 Per
3519 3562 3731 3617 vicinas

2137 3648 2315 3720 itaque
2344 3650 2488 3706 hunc
2511 3652 2763 3707 mulieres
2785 3652 2995 3718 detulit,
3022 3667 3253 3724 cumque
3275 3655 3524 3709 omnibus
3550 3665 3735 3710 osten-

2136 3741 2235 3808 dit,
2268 3759 2332 3799 ac
2362 3760 2433 3800 ne
2461 3746 2547 3800 cui
2576 3760 2763 3801 carum
2808 3748 3159 3803 remansisset
3202 3748 3498 3818 inquisivit.
3526 3749 3732 3805 Omnes

2138 3844 2316 3891 autem
2346 3850 2465 3906 quae
2496 3836 2665 3906 pridie
2693 3853 2887 3907 panem
2926 3850 3203 3907 coxerant,
3250 3852 3404 3895 suum
3437 3842 3579 3897 hunc
3606 3856 3734 3898 esse

2139 3940 2488 3999 negaverunt,
2524 3938 2681 4001 atque
2728 3947 2891 4001 panes
2942 3948 3069 3988 suos
3112 3948 3340 3989 numero
3370 3937 3578 4003 integro
3607 3951 3669 3991 se
3701 3952 3735 3992 a

2138 4021 2350 4077 clibano
2380 4022 2632 4078 retulisse
2671 4024 2929 4093 professa
2961 4032 3107 4081 sunt.
3152 4026 3301 4082 Tunc
3332 4028 3486 4083 laetus
3513 4028 3594 4083 vir
3624 4029 3737 4085 Do-

2140 4120 2267 4174 mini
2302 4119 2538 4188 perreait
2569 4120 2637 4175 ad
2666 4122 2861 4176 multos
2906 4121 3145 4178 artiﬁces
3168 4134 3291 4178 cum
3319 4138 3427 4177 uno
3469 4136 3641 4194 pane;
3675 4135 3735 4179 ut

2141 4214 2493 4283 omnipotenti
2526 4214 2635 4269 Deo
2679 4215 2881 4285 gratias
2917 4226 3141 4285 agerent
3168 4217 3474 4283 admonuit;
3507 4228 3559 4273 et
3604 4220 3735 4287 quia

2139 4308 2218 4361 eis
2263 4319 2530 4360 annonam
2578 4306 2898 4376 praebuerat,
2952 4309 3238 4375 indicavit;
3269 4310 3452 4380 eisque
3494 4313 3559 4365 ad
3593 4311 3739 4368 refe-

2139 4400 2375 4454 ctionem
2400 4401 2645 4469 protinus
2667 4401 2908 4457 invitatis
2934 4403 3207 4458 inventum
3238 4418 3429 4473 partem
3457 4405 3729 4474 apposuit.

2140 4492 2344 4558 Quibus
2392 4491 2724 4547 sufficienter
2767 4493 3031 4563 pleneque
3080 4493 3304 4563 satiatis,
3356 4494 3509 4563 plura
3553 4510 3617 4549 ex
3665 4512 3736 4552 eo

436 4566 704 4642 ἐμήνυσεν.
734 4576 929 4637 Εὐθέως
966 4580 1050 4632 καί
1075 4579 1158 4631 ἐπὶ
1192 4579 1250 4633 τὸ
1279 4577 1575 4635 ἐστιαθῆναι
1612 4576 2026 4649 προσκαλεσάμε-

2140 4602 2303 4657 quam
2336 4586 2449 4655 ipse
2480 4584 2630 4654 panis
2654 4585 2846 4651 fuerat,
2884 4584 3180 4656 fragmenta
3211 4586 3442 4657 collegit.
3474 4586 3605 4653 Quae
3642 4588 3735 4643 die

436 4687 519 4726 νος
545 4670 752 4734 αὐτοὺς,
775 4671 862 4725 τὸν
888 4671 1154 4745 εὑρεθέντα
1183 4667 1337 4741 ἄρτον
1356 4671 1651 4745 παρέθηκεν.
1686 4672 1769 4727 Εἰς
1805 4668 1949 4742 κόρον
1981 4665 2035 4723 δέ

437 4763 603 4815 αὐτῶν
634 4759 1038 4833 ἐμπλησθέντων,
1060 4763 1216 4817 πλείω
1242 4763 1517 4835 κλάσματα
1550 4757 1570 4797 τ
1616 4762 2032 4837 περιευρέθηοναν³

438 4852 571 4928 ὑπὲρ
604 4851 636 4906 ἃ
660 4854 683 4906 ό
709 4848 865 4927 ἄρτος
910 4858 1095 4916 ἐκεῖνος
1126 4860 1358 4929 ὑπῆρχε.
1393 4857 1483 4910 Καὶ
1527 4855 1575 4907 ἐν
1614 4853 1764 4927 ἑτέρᾳ
1792 4851 1845 4909 δὲ
1874 4854 2038 4929 ἡμέρᾳ

439 4944 605 4998 ἐκεῖνα
634 4946 811 5004 αὺτοῖς
831 4954 1008 5018 φαγεῖν
1031 4947 1331 5017 παρέθηκεν.
1376 4949 1591 5016 Ὁμοίως
1631 4939 1718 4997 οὖν
1760 4946 1841 4997 καί
1884 4942 2036 4998 πάλιν

444 5037 847 5109 χορτασθέντες,
875 5039 941 5092 τά
969 5045 1058 5093 τοῦ
1091 5036 1249 5113 ἄρτου
1275 5040 1545 5107 κλάσματα
1579 5045 1603 5082 8
1637 5038 2034 5108 ἐπερίσσευσαν.

446 5124 586 5185 Abi-ai
615 5134 778 5186 τοίνυν
824 5127 891 5187 τά
938 5134 1310 5209 περισσεύοντα
1353 5132 1625 5205 κλάσματα
1675 5130 1821 5186 πάλιν
1858 5133 2039 5193 αὺτοῖς

444 5214 767 5293 παρατιθῶν,
801 5224 1015 5297 γέγονεν,
1041 5228 1176 5283 ὥστε
1209 5226 1290 5280 ἐπὶ
1321 5222 1443 5278 δέκα
1473 5226 1667 5300 ἡμέρας
1696 5224 1884 5283 πάντες
1916 5225 2041 5277 ἐκεῖ·

446 5332 523 5365 νοι
552 5313 598 5366 οἱ
617 5321 859 5385 τεχνῖται
894 5318 978 5371 καί
1013 5316 1057 5370 oi
1087 5317 1295 5391 ἐργάται
1327 5317 1375 5379 ἐξ
1410 5312 1569 5369 αὺτοῦ
1613 5318 1700 5371 τοῦ
1741 5314 1849 5375 ἑνὸς
1876 5309 2037 5389 ἄρτου

444 5396 728 5477 τρώγοντες
747 5409 1110 5486 ἕχορτάζοντο.
1134 5409 1251 5465 Καθ’
1270 5409 1456 5485 ἡμέραν
1471 5410 1567 5484 γάρ
1595 5408 1645 5474 ἐξ
1675 5411 1830 5465 αὺτοῦ
1855 5408 2038 5465 ἐσθίον-

520 5574 545 5642 ξι
569 5566 690 5642 Ms.,
722 5570 802 5642 ἀφ’
828 5572 985 5642 ἡμῶν.

518 5634 546 5676 ³³
578 5634 704 5718 θῇς»,
730 5634 1052 5718 πλειοτέρως.

525 5719 546 5785 °_
688 5753 701 5775 ,
729 5708 977 5785 ᾐτήσατο.

520 5778 551 5816 ⁸
579 5782 697 5849 ΜΒ,,
722 5778 1072 5858 περιέτρεχεν.

2141 4694 2352 4752 quoque
2374 4680 2543 4734 altero
2573 4678 2650 4734 eis
2672 4677 2739 4733 ad
2771 4678 3116 4735 refectionem
3141 4678 3349 4748 intulit;
3374 4681 3466 4735 sel
3500 4681 3551 4736 id
3584 4682 3733 4750 quod

2142 4792 2207 4830 ex
2240 4774 2549 4843 fragmentis
2574 4781 2877 4841 supererat,
2907 4772 3019 4840 ipsa
3061 4788 3297 4843 quoque,
3332 4788 3450 4841 qum
3485 4773 3734 4841 apposita

2142 4866 2377 4930 fuerant,
2413 4863 2708 4933 fragmenta
2740 4863 3048 4933 superabat.
3078 4864 3410 4933 Factumque
3439 4873 3521 4918 est
3547 4873 3604 4921 ut
3636 4878 3737 4932 per

2137 4960 2257 5016 dies
2289 4958 2474 5012 decem
2507 4969 2691 5010 omnes
2723 4955 2797 5010 illi
2830 4955 3066 5010 artifices
3093 4963 3255 5025 atque
3275 4954 3507 5025 operarii
3532 4969 3597 5009 ex
3635 4954 3737 5009 illo

2140 5068 2249 5108 uno
2274 5066 2409 5122 pane
2441 5049 2638 5117 satiati,
2677 5047 2818 5103 hunc
2845 5058 2900 5103 et
2928 5046 3165 5118 quotidie
3196 5047 3442 5113 ederent,
3475 5057 3529 5102 et
3570 5062 3635 5101 ex
3668 5062 3737 5101 eo

2140 5146 2378 5217 quotidie
2400 5144 2543 5214 quod
2574 5143 2661 5199 edi
2689 5152 2875 5213 posset
2902 5144 2955 5197 in
2984 5144 3276 5198 crastinum
3305 5150 3634 5213 superesset,
3670 5155 3738 5195 ac

2139 5242 2183 5296 si
2214 5240 2508 5309 fragmenta
2537 5239 2687 5309 panis
2718 5236 2865 5292 illius
2895 5253 2990 5307 per
3016 5251 3172 5291 esum
3201 5244 3529 5301 crescerent,
3561 5242 3618 5291 et
3653 5232 3703 5287 ef
3718 5256 3736 5273 ο

2142 5333 2265 5390 bum
2295 5332 2693 5390 comedentium
2725 5348 2818 5389 ora
2847 5342 3181 5403 repararent.

2219 5581 2243 5610 °
2271 5570 2397 5639 bis,
2424 5568 2745 5630 λευκότητος.

2220 5641 2240 5681 ί
2272 5643 2394 5719 illa,
2423 5641 2830 5719 περιεσέῦησανε
2866 5638 3002 5699 forte
3022 5644 3489 5719 ἐπερισοιεύθησαν.

2216 5725 2242 5762 8
2273 5715 2392 5783 Ms.,
2429 5716 2811 5789 ἐπερίσσευσεν.
3118 5715 3137 5731 ⁷
