3998 6356
221 337 325 399 509

1474 329 1928 387 DIALOGORUM
1970 331 2174 386 Lllilﬂlt
2216 332 2305 398 ΙΙΙ,

3404 340 3514 398 510

217 481 323 527 τις,
354 458 478 516 ὅσον
502 463 676 531 φαγεῖν
741 454 1010 519 ἠδύναντο,
1076 458 1319 510 τοσοῦτον
1358 451 1503 508 πάλιν
1533 453 1879 527 ἑπερίσσευενι
1922 447 2039 505 ὅσον
2087 452 2158 512 εἰς
2210 457 2299 512 τήν
2344 451 2519 531 αὔριον
2560 457 2733 515 αὺτοῖς
2776 458 2990 531 ἀρκέσαι
3039 460 3124 512 καὶ
3167 466 3511 533 περισσεῦσαι

218 558 471 621 ἠδύνατο,
500 557 587 609 καὶ
623 554 649 606 ὁ
805 547 960 626 ἄρτος
990 550 1182 611 ἐκεῖνος
1203 549 1270 602 τά
1297 554 1397 603 τῶν
1440 545 1706 600 ἐσθιόντων
1728 545 1950 615 σώματα
1977 544 2251 609 ἀνεκαίνιζε
2295 546 2424 623 πρὸς
2472 543 2703 617 δύναμιν,
2734 545 2819 605 διά
2862 546 2916 604 δὲ
2944 554 3043 604 τῶν
3080 548 3384 624 κλασμάτων
3403 550 3510 608 καθ’

223 657 414 730 ἡμέραν
440 650 807 727 ύπερηύξανεν.

290 729 465 801 Pera.
528 742 663 798 Mira
710 753 820 805 res,
854 746 1039 807 atque
1085 734 1141 790 in
1189 732 1495 804 exemplum
1546 730 1811 788 Dominici

1991 742 2159 791 ΕΒΤΡ.
2210 734 2519 805 Θαυμαστὸν
2559 740 2774 809 πρᾶγμα
2815 740 2903 792 καὶ
2956 735 3150 816 σφόδρα
3191 737 3505 811 ἔκπληκτονι,

219 840 403 911 operis
431 835 781 893 vehementer
809 830 1062 887 omnibus
1083 820 1364 898 stupenda.

285 1024 533 1085 (iuncea.
576 1018 716 1088 ipse,
759 1016 939 1083 Petre,
988 1014 1193 1069 multos
1231 1013 1301 1070 de
1346 1027 1455 1069 uno
1498 1027 1639 1083 pane
1664 1014 1814 1084 pavit

218 1131 314 1185 per
339 1128 583 1179 servum,
613 1111 703 1180 qui
730 1125 797 1165 ex
839 1106 1078 1180 quinque
1127 1107 1350 1178 panibus
1377 1107 1617 1177 quinque
1643 1107 1811 1163 millia

214 1207 497 1263 hominum
527 1202 743 1259 satiavit
789 1214 887 1270 per
913 1192 1288 1270 semetipsum,
1318 1200 1407 1268 qui
1440 1214 1606 1267 pauca
1648 1200 1811 1254 semi-

218 1300 299 1356 nis
328 1312 499 1368 grana
544 1296 597 1349 in
645 1295 931 1349 innumera
974 1299 1217 1363 segetum
1246 1292 1514 1346 frumenta
1554 1290 1811 1360 multipli-

220 1400 329 1458 cat,
361 1389 457 1460 qui
491 1390 604 1458 ipsa
628 1400 842 1457 quoque
864 1385 1072 1440 semina
1104 1383 1357 1453 produxit
1382 1398 1450 1439 ex
1483 1393 1622 1439 terra
1648 1392 1703 1439 et
1728 1382 1812 1437 si-

215 1484 331 1539 mul
358 1481 540 1537 omnia
568 1478 771 1534 creavit
795 1491 864 1531 ex
892 1475 1084 1531 nihilo.
1121 1474 1226 1531 Sed
1259 1489 1328 1531 ne
1355 1474 1559 1529 diutius
1595 1472 1811 1529 mireris

213 1577 342 1648 quid
366 1574 433 1646 iin
489 1574 684 1627 virtute
734 1570 946 1624 Domini
999 1567 1341 1623 venerandus
1388 1568 1470 1622 vir
1520 1568 1809 1623 Sanctulus

212 1667 453 1725 exterius
497 1663 707 1729 fecerit,
739 1661 864 1716 audi
893 1672 961 1716 ex
998 1660 1196 1715 virtute
1224 1658 1440 1715 Domini
1464 1659 1641 1728 qualis
1671 1660 1810 1715 inte-

211 1767 326 1821 rius
357 1763 479 1817 fuit.
520 1760 619 1813 Die
648 1757 847 1813 etenim
889 1755 1118 1826 quadam
1147 1769 1177 1808 a
1223 1753 1592 1825 Langobardis
1620 1764 1808 1823 captus

213 1858 435 1930 quidam
484 1854 744 1909 diaconus
790 1851 1074 1906 tenebatur
1119 1848 1333 1917 ligatus,
1390 1863 1626 1918 eumque
1653 1855 1681 1885 λ
1707 1849 1809 1917 ipsi

214 1951 306 2021 qui
353 1955 684 2013 tenuerant,
738 1941 1045 1999 interﬁcere
1087 1940 1417 2010 cogitabant.
1474 1942 1807 2011 Advespera-

213 2054 402 2103 scente
432 2048 612 2097 autem
642 2039 753 2105 die,
785 2039 870 2092 vir
899 2036 996 2092 Dei
1024 2036 1313 2092 Sanctum
1333 2034 1403 2090 ab
1429 2034 1636 2091 eisdem
1667 2034 1807 2090 Lano

1916 829 2047 904 πρὸς
2092 827 2189 904 γάρ
2236 828 2295 883 τὸ
2356 827 2655 907 δεσποτικὸν
2716 829 3003 906 ὑπόδειγμα
3046 835 3108 890 τὸ
3157 832 3308 911 ἔργον
3358 842 3512 893 τοῦτο

1914 919 2113 991 βλέπει.
2736 916 2739 919 “

1986 1021 2232 1067 ΓΡΗΓΟΡ.
2281 1015 2436 1074 Αὐτὸς
2476 1017 2573 1091 γάρ
2602 1017 2687 1071 καὶ
2724 1022 2838 1081 νῦν,
2870 1019 3047 1094 Πέτρε,
3091 1017 3177 1073 διὰ
3210 1026 3301 1075 τοῦ
3325 1018 3512 1076 δούλου

1917 1109 2076 1164 αὐτοῦ
2104 1111 2156 1175 ἒξ
2176 1110 2282 1172 ἑνὸς
2313 1109 2469 1190 ἄρτου
2499 1114 2710 1175 πολλοὺς
2732 1114 3038 1189 έχὸρτασεν,
3066 1112 3210 1177 ὅστις
3234 1114 3301 1171 δι’
3327 1116 3511 1173 ἑαυτοῦ

1916 1202 1970 1255 ἐκ
2005 1204 2153 1259 πέντε
2200 1201 2369 1280 ἄρτων
2415 1206 2564 1261 πέντε
2611 1204 2856 1276 χιλιάδας
2904 1205 3098 1280 ἀνδρῶν
3146 1202 3171 1243 ἀ
3216 1210 3510 1277 ἐνέπλησεν.

1920 1291 2065 1355 ὅστις
2097 1296 2145 1360 ἐξ
2173 1296 2348 1368 ὀλίγων
2397 1297 2586 1352 κόκκων
2630 1300 2941 1372 σπερμάτων
2990 1300 3233 1373 ἀπείρους
3280 1305 3513 1378 καρποὺς

1878 1404 1883 1405 ’
1914 1392 2015 1441 τῶν
2054 1389 2379 1458 γεννημάτων
2407 1385 2663 1453 πληθύνει,
2700 1387 2844 1450 ὅστις
2881 1392 2968 1445 καὶ
2995 1392 3127 1445 αὐτὰ
3153 1392 3218 1447 τά
3237 1396 3513 1468 σπέρματα

1914 1477 1969 1530 ἐκ
1994 1484 2086 1536 τῆς
2113 1485 2205 1548 γῆς
2243 1482 2586 1556 προσήγαγεν,
2631 1482 2715 1533 καὶ
2753 1478 2876 1550 ὁμοῦ
2906 1482 2974 1535 τά
3011 1481 3179 1537 πάντα
3219 1483 3274 1536 ἐκ
3317 1490 3412 1540 τοῦ
3440 1491 3511 1555 μή

1915 1562 2059 1628 ὄντος
2088 1570 2375 1634 πεποίηκεν.
2420 1566 2531 1624 ’Ίνα
2573 1567 2627 1625 δέ
2671 1576 2742 1642 μή
2790 1569 2874 1625 ἔτι
2905 1579 2929 1608 ⁸
2960 1572 3114 1627 πλέον
3140 1573 3433 1651 θαυμάζῃς,
3461 1583 3514 1633 τί

1916 1654 2100 1724 ἔξωθεν
2128 1663 2175 1714 ἐν
2199 1671 2261 1735 τῇ
2282 1669 2375 1718 τοῦ
2404 1668 2579 1734 κυρίου
2612 1660 2821 1736 δυνάμει
2852 1665 2878 1718 ὁ
2907 1666 3191 1740 σεϐάσμιος
3217 1670 3339 1747 άνήρ
3361 1674 3513 1745 Σάγκ-

1914 1750 2095 1813 τουλος
2124 1752 2424 1826 εἰργάσατο,
2468 1751 2707 1822 ἄκουσον,
2740 1764 2889 1817 ποῖος
2930 1748 3073 1812 ἔνδον
3102 1768 3165 1832 τῇ
3211 1765 3301 1814 τοῦ
3333 1763 3511 1835 κυρίου

1915 1841 2123 1914 δυνάμει
2152 1846 2411 1916 ὑπῆρχεν.
2442 1842 2528 1901 ’Ἐν
2558 1870 2655 1904 τινι
2685 1849 2850 1925 ἡμέρᾳ
2876 1846 3103 1911 διάκονός
3131 1872 3210 1911 τις
3238 1854 3379 1926 παρὰ
3412 1862 3513 1909 τῶν

1913 1935 2282 2013 Δογγοϐάρδων
2313 1941 2598 2008 κρατηθεὶς,
2632 1938 2893 2011 δεδεμένος
2916 1942 3039 2014 παρ’
3070 1944 3246 2005 αὐτοῖς
3278 1946 3509 2021 ὑπῆρχε,

1915 2036 2153 2101 φονεῦσαι
2183 2029 2235 2085 δὲ
2265 2031 2419 2087 αὐτὸν
2449 2034 2493 2086 οἱ
2520 2038 2700 2086 τοῦτον
2730 2039 3080 2109 κρατήσαντες
3106 2037 3387 2092 ἐϐούλοντο.
3413 2049 3514 2102 Τῆς·

212 2138 469 2210 gobardis
517 2133 672 2204 petiit
720 2141 780 2187 ut
830 2130 1064 2187 relaxari
1112 2132 1268 2197 eique
1311 2129 1419 2183 vita
1448 2129 1674 2184 concedi
1722 2128 1809 2185 de-

1918 2118 1972 2175 δέ
2000 2122 2191 2198 ἡμέρας
2229 2123 2357 2201 πρὸς
2384 2124 2604 2198 ἑσπέραν
2634 2126 3050 2193 καταλαϐούσης,
3080 2125 3105 2181 ὁ
3139 2132 3228 2183 τοῦ
3248 2134 3395 2184 ’Θεοῦ
3426 2127 3515 2184 ἅν-

210 2229 447 2295 buisset,
475 2225 619 2296 quod
673 2237 833 2293 posse
882 2237 942 2279 se
982 2221 1160 2276 facere
1190 2221 1409 2276 omnino
1454 2230 1804 2289 negaverunt.

210 2324 453 2391 Cumque
484 2326 715 2374 mortem
753 2316 903 2370 illius
932 2315 1268 2371 deliberasse
1292 2327 1387 2368 eos
1410 2322 1680 2381 cerneret,
1716 2328 1807 2383 pe-

209 2417 299 2472 tiit
318 2424 377 2469 ut
403 2413 508 2469 sibi
532 2410 562 2451 δ
591 2412 657 2466 ad
688 2408 990 2465 custodiam
1026 2407 1165 2463 tradi
1191 2406 1487 2462 debuisset.
1512 2404 1611 2460 Cui
1642 2407 1808 2474 proti-

208 2524 315 2568 nus
341 2506 781 2578 responderunt:
812 2502 934 2557 Tibi
960 2500 1178 2572 quidem
1225 2513 1351 2555 eum
1386 2498 1454 2553 ad
1498 2498 1806 2554 custodieno

207 2603 338 2658 dum
370 2602 584 2666 damus,
608 2597 704 2653 sed
735 2609 799 2651 ea
822 2594 1148 2667 {conditione
1173 2591 1512 2659 interposita,
1549 2592 1675 2645 utsi
1706 2592 1809 2647 iste

207 2694 431 2765 fugerit,
482 2700 583 2761 pro
609 2704 677 2744 eo
704 2688 822 2756 ipse
875 2685 1148 2742 moriaris.
1179 2684 1331 2752 Quod
1361 2684 1444 2739 vir
1490 2684 1700 2739 Domini
1745 2685 1811 2740 li-

207 2785 408 2844 benter
435 2784 729 2854 accipiens,
764 2779 1082 2850 praedictum
1122 2777 1413 2833 diaconum
1444 2778 1501 2831 in
1532 2792 1683 2832 suam
1725 2792 1812 2832 su-

206 2879 388 2945 scepit
418 2876 580 2932 fidem
608 2886 807 2944 mtrem
855 2882 1011 2926 nocte
1041 2869 1219 2925 media
1262 2885 1386 2925 cum
1425 2870 1811 2941 Langobardos

207 2980 410 3025 mnes
439 2979 628 3021 somno
654 2964 803 3034 gravi
838 2964 1126 3032 depressos
1156 2962 1447 3031 aspiceret,
1472 2962 1727 3017 excitavit
1754 2972 1811 3018 et

204 3064 329 3117 ait:
362 3061 558 3129 Surge,
600 3068 655 3113 et
682 3057 924 3113 concitus
967 3057 1110 3127 fuge,
1148 3054 1343 3110 liberet
1374 3064 1425 3109 te
1467 3055 1811 3125 omnipotens

206 3156 388 3211 Deus.
437 3151 545 3207 Sed
598 3150 733 3205 idem
790 3149 1047 3205 diaconus
1081 3147 1250 3219 365.
1270 3148 1646 3218 promissionis
1694 3149 1811 3219 ejus

202 3265 326 3306 non
391 3248 710 3314 immemor,
757 3244 1036 3315 respondit
1087 3242 1568 3312 «licenstugere,
1630 3242 1809 3311 Pater,

210 3359 323 3400 non
356 3354 602 3412 possum,
628 3338 755 3409 quia
786 3339 841 3392 'si
868 3352 969 3408 ego
996 3337 1201 3407 iugero,
1236 3352 1332 3404 pro
1378 3351 1465 3391 me
1490 3336 1606 3390 sine
1650 3336 1814 3391 dubio

208 3441 331 3509 ipse
358 3436 627 3492 morieris.
657 3434 827 3499 Quem
851 3430 933 3487 vir
955 3431 1166 3486 Domini
1187 3430 1474 3486 Sanctulus
1503 3430 1569 3483 ad
1604 3429 1810 3500 fugien-

1911 2212 2115 2289 θρωπος
2160 2216 2467 2287 Σάγκτουλος
2500 2220 2619 2278 τοὺς
2649 2215 3046 2294 Λογγοϐάρδους
3074 2216 3353 2286 ἐδυσώπει,
3377 2220 3516 2283 ὅπως

1911 2314 2003 2369 τήν
2031 2315 2161 2375 ζωήν
2187 2314 2354 2382 τούτῳ
2380 2315 2722 2387 χαρίσωνται.
2757 2316 2906 2371 Δῦτοί
2940 2312 2995 2370 δὲ
3033 2318 3333 2373 παντάπασι
3360 2326 3515 2375 τοῦτο

1911 2412 2128 2462 ποιῆσαι
2154 2409 2459 2480 ἠρνήσαντο.
2491 2404 2565 2458 Ἐν
2602 2415 2673 2476 τῷ
2702 2408 2977 2464 θεάσασθαι
3004 2403 3093 2462 οὖν
3139 2409 3291 2466 αὑτὸν
3317 2409 3394 2466 ὅτι
3432 2416 3516 2466 τὸν

1914 2496 2124 2550 θάνατον
2144 2498 2302 2551 αὐτοῦ
2334 2496 2568 2569 ἀσφαλῶς
2589 2499 2921 2571 ἐψηφίσαντο,
2951 2503 3182 2575 ᾐτήσατο
3225 2504 3413 2563 αὐτοὺς
3436 2504 3517 2559 ἵνα

1915 2583 2009 2645 κᾶν
2040 2592 2123 2645 ἐπὶ
2161 2598 2234 2661 τῷ
2262 2592 2614 2665 παραφυλάξαι
2643 2596 2820 2661 αὑτὸν,
2866 2601 3051 2651 τοῦτον
3079 2597 3226 2668 αὐτῷ
3252 2617 3516 2672 παραχω-

1910 2689 2164 2761 ρήσωσιν.
2197 2689 2561 2762 ’Λποκριθέντες
2592 2686 2646 2743 δὲ
2690 2686 2849 2745 εἶπον’
2889 2689 3001 2747 Ἐπί
3040 2700 3113 2767 τῷ
3159 2693 3520 2767 παραφυλάξαι

1912 2780 2010 2851 μέν
2048 2776 2065 2814 ί
2114 2776 2349 2851 διδοῦμέν
2391 2802 2475 2835 σοι
2514 2783 2682 2847 αὐτὸν,
2730 2783 2812 2838 ἐπὶ
2840 2781 2893 2839 δὲ
2927 2782 3031 2858 ὅρῳ
3062 2783 3299 2856 τοιούτῳ,
3325 2786 3407 2839 ἵνα
3436 2786 3520 2838 ἐάν

1916 2867 2064 2930 οὗτος
2087 2872 2239 2943 φύγῃ,
2273 2874 2337 2926 σὺ
2366 2873 2473 2929 ἀντ’
2505 2875 2660 2929 αὐτοῦ
2679 2876 2962 2943 ἀποθάνῃς.
2992 2878 3265 2952 Προθύμως
3291 2875 3343 2931 δὲ
3373 2882 3522 2930 τοῦτο

1917 2958 1945 3014 ὁ
1973 2965 2070 3014 τοῦ
2100 2968 2228 3017 Θεοῦ
2270 2960 2536 3039 ἅνθρωπος
2586 2964 2980 3036 καταδεξάμενος
3000 3007 3015 3033 ,
3061 2968 3146 3022 τὸν
3171 2967 3522 3041 προλεχθέντα

1916 3050 2140 3108 διάκονον
2162 3055 2208 3108 ἐν
2228 3064 2290 3129 τῇ
2313 3057 2503 3113 ἑαυτοῦ
2531 3055 2797 3121 ἀνεδέξατο
2824 3061 3018 3114 πίστει.
3051 3062 3168 3132 Περὶ
3196 3056 3249 3113 δέ
3278 3059 3336 3112 τὸ
3362 3078 3520 3127 μεσο-

1918 3147 2139 3211 νύκτιον,
2168 3150 2218 3201 ὲν
2262 3148 2367 3219 ὅσῳ
2396 3152 2594 3211 πάντας
2618 3155 2737 3211 τοὺς
2763 3151 3148 3225 Λογγοϐάρδους
3180 3152 3321 3224 ὕπνῳ
3350 3153 3520 3223 βαρυ-

1919 3242 2061 3311 τάτῳ
2101 3245 2480 3313 κατεχομένους
2529 3246 2796 3305 ἐθεάσατο,
2845 3248 3113 3310 ἐξυπνίσας
3154 3249 3241 3301 τὸν
3276 3246 3517 3313 διάκονον,

1919 3335 2049 3411 πρὸς
2094 3337 2246 3389 αὐτὸν
2274 3332 2431 3393 εἶπεν*
2475 3339 2727 3401 Ἀνάστα,
2760 3342 2843 3391 καὶ
2890 3343 3022 3410 μετὰ
3072 3336 3304 3400 σπουδῆς
3346 3346 3517 3411 φεῦγε,

1924 3437 1949 3475 I5
1976 3428 2299 3503 λυτρώσηται
2323 3451 2381 3484 σε
2407 3430 2431 3484 ὁ
2455 3430 2848 3502 παντοδύναμος
2876 3432 3018 3492 Θεὸς.
3043 3444 3097 3487 ‘0
3123 3428 3207 3487 οὖν
3236 3434 3382 3493 αὐτὸς
3406 3430 3523 3491 διά-

205 3533 342 3588 dum
373 3527 656 3599 conipelit.
711 3527 897 3582 dicens
926 3544 939 3578 :
966 3525 1161 3593 Surge,
1192 3532 1250 3579 et
1278 3523 1436 3590 vade,
1465 3532 1519 3577 te
1562 3522 1812 3593 omnipo—

1920 3541 2064 3580 κονος
2321 3530 2412 3581 τῆς
2463 3526 2809 3595 ὑποσχέσεως
2858 3526 3011 3580 αὐτοῦ
3061 3529 3149 3579 οὐκ
3202 3527 3519 3597 ἀμνημονῶν,

212 3634 333 3681 tens
363 3624 505 3679 Deus
534 3620 761 3691 eripiat;
794 3635 918 3673 nam
946 3632 1048 3687 ego
1079 3618 1133 3672 in
1178 3631 1343 3670 manu
1374 3616 1491 3684 ejus
1517 3631 1657 3682 sum,
1692 3626 1815 3671 tan-

211 3729 326 3773 tum
353 3717 408 3770 in
436 3730 524 3770 me
552 3720 781 3784 possunt
810 3712 1007 3776 iacere,
1037 3718 1299 3779 quantum
1329 3708 1443 3779 ipse
1482 3708 1809 3776 permiserit,

216 3812 378 3883 Fugit
421 3812 602 3881 itaque
644 3808 931 3872 diaconus,
963 3814 1016 3860 et
1054 3806 1210 3876 quasi
1250 3804 1504 3873 deceptus
1553 3805 1603 3858 in
1636 3806 1814 3860 medio

217 3904 507 3973 ﬁdejussor
548 3900 835 3957 remansit.
880 3898 1044 3952 Facto
1072 3896 1237 3966 igitur
1263 3910 1423 3950 mane
1452 3895 1811 3965 Langobardi,

212 3999 314 4069 qui
335 3998 617 4051 diaconum
648 3992 718 4047 ad
763 3988 1181 4053 custodiendum
1212 3988 1496 4056 dederant,
1529 4000 1810 4057 venerunt,

216 4105 388 4162 quem
444 4087 700 4142 dederant
753 4086 1066 4157 petierunt;
1124 4082 1219 4137 sed
1279 4082 1423 4138 hunc
1476 4084 1815 4139 venerandus

220 4180 509 4252 presbyter
533 4177 737 4248 fugisse
763 4174 1063 4245 respondit.
1116 4172 1269 4229 Tunc
1295 4173 1368 4227 illi
1391 4172 1639 4243 inquiunt
1665 4193 1677 4226 :
1702 4176 1816 4229 Scis

220 4278 343 4349 ipse
394 4272 589 4329 melius
633 4268 763 4340 quid
809 4267 1082 4324 convenit.
1127 4266 1329 4321 Servus
1374 4276 1550 4320 autem
1608 4265 1815 4320 Domini

219 4376 536 4425 constanter
566 4363 641 4418 ait
670 4362 851 4418 :Scio.
896 4358 993 4414 Cui
1021 4358 1274 4413 dixerunt
1300 4375 1313 4409 :
1346 4356 1527 4410 Bonus
1554 4355 1713 4411 homo
1734 4372 1815 4423 es,

221 4462 475 4517 nolumus
504 4467 555 4511 te
588 4470 683 4523 per
707 4452 885 4507 varios
909 4451 1176 4505 cruciatus
1197 4449 1356 4512 mori,
1384 4446 1523 4518 elige
1546 4449 1639 4504 tibi
1672 4463 1818 4503 mor-

216 4563 332 4609 tem
364 4564 523 4621 quam
556 4549 655 4602 vis.
684 4545 893 4613 Quibus
922 4544 1004 4597 vir
1026 4541 1239 4597 Domini
1269 4541 1574 4610 respondit,
1598 4541 1815 4596 dicens:

217 4647 283 4704 In
311 4660 471 4701 manu
504 4642 599 4697 Dei
627 4655 766 4703 sum,
801 4654 863 4693 ca
895 4644 1070 4692 morte
1098 4651 1185 4691 me
1226 4636 1459 4691 occidite
1488 4651 1592 4706 qua
1615 4652 1701 4692 me
1728 4653 1820 4693 oca

218 4739 334 4796 ciui
362 4739 477 4808 ipse
508 4731 837 4804 permiserit.
871 4729 1023 4784 Tunc
1053 4726 1304 4783 omnibus
1333 4728 1423 4797 qui
1457 4727 1566 4783 illic
1596 4730 1820 4786 aderant

220 4826 593 4900 [Augebardis
618 4822 821 4893 placuit
850 4830 908 4875 ut
949 4834 1073 4874 eum
1120 4819 1302 4885 capite
1335 4828 1583 4875 truncare
1611 4820 1821 4899 debuis-

1920 3615 2163 3685 ἀπεκρίθη
2203 3615 2374 3687 λέγων’
2422 3623 2617 3685 Φυγεῖν,
2668 3618 2855 3692 πάτερ,
2902 3620 2959 3670 οὐ
3009 3615 3251 3689 δύναμαι,
3300 3619 3380 3670 ἐὰν
3423 3620 3520 3695 γὰρ

1920 3707 2090 3779 φύγω,
2122 3708 2475 3781 ἀνυπερθέτως
2520 3710 2650 3782 ὑπὲρ
2694 3711 2817 3779 ἐμοῦ
2861 3713 2928 3763 σὺ
2967 3711 3320 3769 ἀποθνήσκεις.
3368 3716 3422 3761 «ο
3466 3708 3522 3766 δέ

1918 3807 2010 3855 τοῦ
2039 3808 2164 3856 Θεοῦ
2206 3800 2470 3878 ἅνθρωπος
2515 3803 2823 3875 Σάγκτουλος
2866 3810 3044 3858 τοῦτον
3091 3806 3220 3878 πρὸς
3250 3806 3305 3857 τὸ
3348 3811 3520 3877 φυγεῖν

1918 3900 2214 3970 κατήπειγε,
2247 3897 2427 3970 λέγων·
2456 3897 2679 3953 ’Λνάστα
2706 3901 2793 3952 καὶ
2833 3895 3036 3964 ἄπελθε,
3076 3896 3101 3952 ὁ
3139 3897 3522 3967 παντοδύναμος

1919 3989 2039 4049 Θεὸς
2071 3989 2393 4061 λυτρώσεταί
2427 4011 2509 4045 σε.
2544 3990 2674 4064 Ἐγὼ
2702 3989 2800 4066 γάρ
2843 3991 2891 4043 ἐν
2922 3998 2985 4064 τῇ
3032 3993 3172 4068 χειρὶ
3201 3986 3353 4045 αῦτοῦ
3393 3992 3517 4060 εἰμι,

1920 4087 2003 4138 καὶ
2031 4089 2278 4138 τοσοῦτον
2308 4079 2333 4118 ¹³
2380 4086 2452 4146 εἰς
2497 4086 2584 4153 ἐμὲ
2636 4093 2853 4142 ποιήσαι
2891 4082 3161 4147 δύνανται,
3216 4082 3333 4138 ὅσον
3365 4084 3521 4144 αὐτὸς

1920 4184 2322 4251 παραχωρήσει.
2368 4176 2551 4251 ’Ἐφυγε
2602 4182 2767 4233 τοίνυν
2811 4179 2838 4233 ὁ
2887 4177 3146 4243 διάκονος,
3196 4182 3282 4233 καί
3318 4180 3394 4237 ὡς
3439 4175 3519 4233 ὅτι

1920 4270 2197 4329 ἀπατηθεὶς
2226 4269 2252 4323 ὁ
2284 4272 2644 4341 ἀντιφωνητής,
2677 4273 2729 4324 ἐν
2760 4277 2832 4339 τῷ
2861 4270 3003 4339 μέσῳ
3029 4270 3288 4340 ἀπέμεινε.
3318 4268 3522 4343 Πρωΐας

1920 4358 1977 4414 δέ
2003 4363 2271 4432 γενομένης
2298 4361 2344 4414 οἱ
2373 4360 2725 4435 Λογγοϐάρδοι
2752 4362 2797 4416 οἱ
2824 4363 2906 4417 τὸν
2935 4360 3159 4418 διάκονον
3198 4364 3286 4415 ἐπὶ
3326 4363 3384 4415 τὸ
3426 4379 3522 4429 φυ-

1919 4452 2173 4523 λαχθῆναι
2201 4461 2274 4523 τῷ
2324 4453 2661 4528 πρεσϐυτέρῳ
2702 4451 3141 4530 παραδώσαντες,
3193 4453 3323 4525 πρὸς
3365 4449 3519 4505 αὐτὸν

1919 4544 2078 4616 ἦλθον,
2095 4552 2363 4612 ζητοῦντες
2389 4545 2545 4621 ὅνπερ
2559 4549 2700 4620 αὐτῷ
2719 4547 3159 4623 παραδεδώκασιν.
3179 4554 3234 4597 ‘0
3252 4543 3305 4598 δὲ
3320 4540 3521 4598 εῦλαϐέ·

1921 4662 2108 4701 στατος
2132 4641 2489 4715 πρεσϐύτερος
2515 4642 2642 4715 πρὸς
2665 4644 2853 4703 αὐτοὺς
2883 4640 2999 4712 ἔφη,
3020 4649 3152 4712 φυγῇ
3177 4638 3261 4692 τὸν
3292 4635 3519 4690 διάκονον

1923 4735 2245 4811 χρήσασθαι.
2275 4732 2478 4790 Ἐκεῖνοι
2507 4732 2561 4789 δέ
2588 4737 2717 4808 πρὸς
2738 4734 2891 4789 αὐτὸν
2917 4728 3053 4786 εἷπον
3071 4745 3084 4757 ·
3113 4731 3181 4783 Τὸ
3210 4733 3319 4786 πῶς
3350 4726 3518 4783 έστοι-

1922 4831 2075 4898 χήθη,
2102 4828 2256 4887 αὐτὸς
2290 4826 2452 4887 καλῶς
2481 4826 2776 4881 ἐπίστασαι.
2819 4834 2872 4876 '0
2906 4821 2967 4877 δέ
2994 4825 3084 4875 τοῦ
3115 4819 3291 4891 κυρίου
3336 4815 3516 4878 δοῦλος

218 4934 364 4985 seut,
410 4929 675 4990 quatenus
712 4915 833 4971 sine
860 4913 1007 4983 gravi
1052 4911 1295 4969 cruciatu
1325 4914 1484 4969 vitam
1518 4914 1633 4985 ejus
1661 4930 1812 4971 com-

1924 4920 2215 4997 θαρσαλέως
2244 4916 2375 4975 εἶπε⁶
2406 4922 2668 4973 Γινώσκω.
2714 4913 2867 4970 Οὗτοι
2911 4912 2965 4970 δέ
2986 4913 3114 4987 πρὸς
3156 4908 3313 4967 αὐτὸν
3346 4906 3511 4965 εἶπον⁶

220 5015 480 5087 pendiosa
535 5020 709 5067 morte
753 5008 1125 5085 terminareut.
1174 5005 1401 5076 Cognito
1454 5008 1631 5078 itaque
1671 5010 1811 5077 quod

219 5107 510 5165 Sanctulus
559 5103 651 5173 qui
702 5102 839 5156 inter
886 5114 981 5155 eos
1032 5113 1128 5168 pro
1176 5099 1475 5155 sanctitatis
1516 5104 1813 5158 reverentia

215 5204 405 5272 magni
438 5198 663 5256 bouoris
714 5195 1012 5251 habebatur
1059 5191 1386 5247 occidendus
1430 5202 1594 5257 esset,
1625 5209 1813 5251 omnes

216 5296 320 5365 qui
345 5294 401 5346 in
426 5292 614 5348 eodem
646 5289 768 5343 loco
798 5286 1000 5342 inventi
1026 5292 1148 5339 sunt
1173 5283 1511 5354 Langobardi
1548 5300 1815 5343 convene-

210 5384 603 5456 runt(¢aicut
648 5389 775 5436 sunt
816 5377 998 5435 nimia:
1048 5376 1418 5448 crudelitatis)
1450 5377 1559 5434 lacti
1587 5378 1653 5434 ad
1698 5396 1815 5450 spe-

300 5510 330 5561 !
354 5497 557 5562 Germ.,
586 5512 706 5553 cum
737 5492 1004 5550 nonnullis
1032 5491 1240 5560 Norm.,
1272 5508 1486 5563 eumque
1510 5493 1610 5564 ipsi
1640 5510 1810 5563 quem.

292 5569 468 5643 hz}’al.
491 5567 599 5635 CL,
632 5582 751 5643 cum
782 5564 1098 5643 Germ.,_ad
1125 5565 1535 5643 custodiendum.

294 5634 480 5714 c'Lyr.
527 5651 580 5695 et
638 5641 839 5714 primus
901 5636 1035 5691 And.
1107 5649 1226 5714 cum
1290 5634 1533 5699 Gemet.,
1588 5642 1634 5689 et
1681 5636 1814 5714 sicut

212 5704 436 5773 sunt";
466 5715 534 5765 ad
576 5704 923 5781 spectaculum
967 5709 1144 5763 mortis
1179 5708 1635 5762 circumsteterunt.
1669 5704 1817 5762 Inter

203 5787 562 5860 ipsusilaque
590 5784 745 5860 ucies,
778 5792 882 5835 etc.

293 5858 337 5931 d_
367 5858 492 5922 Ms,
526 5854 834 5929 ἑχόρτασεν.

1926 5015 2075 5077 Καλὸς
2107 5011 2370 5087 ἄνθρωπος
2410 5006 2485 5075 εἷ,
2514 5013 2602 5065 καὶ
2642 5010 2699 5063 οὐ
2738 5007 2937 5076 θίλομίν
2976 5026 3038 5061 σε
3081 5002 3097 5040 ί
3134 5002 3216 5059 διὰ
3248 5005 3516 5079 κριτηρίων

1922 5103 2169 5180 διαφόρων
2216 5102 2517 5160 κολάσαντες
2559 5104 2817 5171 φονεῦσαι.
2872 5096 3124 5160 Ἐπίλεξαι
3172 5089 3258 5148 οῦν
3301 5095 3515 5149 θάνατον

1922 5196 2023 5254 οἷον
2046 5200 2217 5258 θέλεις.
2252 5199 2379 5273 Πρὸς
2417 5194 2504 5255 οὖς
2528 5194 2551 5247 ὁ
2576 5199 2668 5249 τοῦ
2693 5199 2819 5247 Θεοῦ
2848 5189 3108 5269 ἅνθρωπος
3134 5192 3399 5265 ἀπεκρίθη,
3432 5190 3513 5243 λέ-

1920 5309 2043 5368 γων·
2068 5290 2145 5347 Ἐν
2171 5300 2233 5367 τῇ
2260 5292 2403 5364 χειρί
2429 5295 2515 5342 τοῦ
2543 5293 2669 5343 Θεοῦ
2693 5290 2814 5360 εἰμι,
2832 5292 2912 5344 καί
2940 5291 3027 5362 οἴῳ
3054 5289 3247 5359 θανάτῳ
3276 5286 3427 5346 αὐτὸς
3453 5305 3513 5356 με

1920 5390 2303 5462 παραχωρήσει
2333 5382 2614 5451 ἀποθανεῖν,
2646 5384 2786 5454 αὐτῷ
2810 5404 2872 5453 με
2904 5384 3199 5456 φονεύσατε.
3231 5377 3355 5436 Τότε
3382 5382 3514 5433 πᾶσι

1998 5509 2021 5537 ο
2064 5500 2189 5563 MS.,
2223 5496 2306 5551 ἐπὶ
2334 5494 2528 5550 πλεῖον.

2002 5568 2020 5606 Ῑ
2063 5570 2188 5634 MS.,
2222 5567 2418 5638 δίδομεν
2447 5588 2548 5621 σοι.

1997 5649 2023 5712 β
2054 5642 2185 5712 Ms”
2213 5640 2527 5712 λυτρώσεταί
2555 5660 2633 5693 σε.

1994 5710 2020 5783 β
2054 5711 2175 5776 Ms.,
2209 5714 2279 5783 εἰς
2306 5709 2442 5779 ήμᾶς
2466 5718 2698 5783 ποιῆσαι.
2729 5710 2844 5766 ὅσον
2873 5709 3023 5769 ὁθεός
3056 5725 3245 5783 παραχ

2003 5782 2018 5819 ί
2063 5783 2185 5849 Ms.,
2219 5780 2302 5837 διά
2332 5784 2565 5853 βασάνων
2594 5780 2730 5854 diu].
