3998 6356
315 328 421 385 515

1554 320 2009 381 DlALOGORU’J
2046 320 2253 380 LIBER
2288 324 2374 382 ΙΙΙ.

3488 327 3601 385 3M

389 441 559 497 Pan.
598 435 729 494 Mira
751 450 867 503 res,
898 441 954 491 et
979 435 1224 506 quamvis
1263 434 1403 493 lianc
1428 434 1497 492 ab
1533 436 1654 491 aliis
1695 444 1751 492 et
1789 436 1905 507 ipse

2078 446 2245 493 ΠΕΤΡ.
2278 439 2590 512 Θαυμαστόν
2618 438 2776 503 ὅντως
2798 447 3039 519 πρᾶγμα.
3069 449 3231 503 Τοῦτο
3256 442 3311 500 δὲ
3348 446 3434 502 καί
3464 443 3599 525 παρ’

315 533 685 607 cognoverim,
732 546 858 587 vere
902 538 1082 587 tamen
1132 530 1302 587 fateor
1348 531 1475 601 quia
1518 529 1651 585 mibi
1699 530 1906 602 quoties

318 634 575 685 narratur
602 625 907 679 innovatur.

400 720 640 777 Gnaeos.
682 717 826 774 Nihil
864 716 918 773 in
961 715 1060 771 hac
1084 730 1144 772 re
1174 715 1225 770 in
1260 715 1515 772 Sanctulo
1540 716 1773 785 mireris,
1813 718 1910 775 sed

320 830 515 888 pensa,
548 814 591 869 si
616 820 791 885 potes,
823 811 943 882 quis
967 811 1058 867 ille
1084 810 1310 880 spiritus
1335 809 1513 877 fuerit,
1544 811 1635 880 qui
1666 812 1781 881 ejus
1804 822 1910 869 tam

318 907 622 973 simplicem
671 913 906 959 mentem
957 904 1150 971 tenuit,
1204 912 1367 972 atque
1415 904 1466 958 in
1506 910 1656 958 tanto
1703 906 1914 961 virtutis

322 1000 563 1056 culmine
612 998 808 1053 erexit.
853 995 953 1052 Ubi
996 997 1138 1052 enim
1168 995 1289 1066 ejus
1319 998 1527 1052 animus
1550 997 1670 1065 fuit,
1702 1000 1914 1067 quando

322 1094 465 1149 mori
512 1108 609 1161 pro
658 1090 1059 1159 proximo'tam
1103 1098 1418 1146 constanter
1446 1091 1701 1159 decrevit,
1736 1104 1789 1147 et
1820 1108 1915 1162 pro

324 1183 614 1253 temporali
662 1182 766 1236 vita
820 1179 1002 1237 fratris
1050 1180 1210 1235 unius
1250 1196 1402 1236 suam
1446 1182 1714 1252 despexit,
1753 1192 1916 1254 atque

324 1281 429 1337 sub
460 1279 638 1349 gladio
680 1276 947 1333 cervicem
994 1274 1261 1330 tetendit?
1285 1275 1418 1342 Quae
1447 1290 1576 1348 ergo
1605 1279 1683 1332 vis
1713 1279 1914 1333 amoris

327 1382 358 1411 ι
386 1371 517 1427 i'lnd
544 1386 639 1425 cor
667 1368 859 1435 tenuit,
896 1368 1039 1437 quod
1072 1378 1297 1425 mortem
1329 1382 1478 1422 suam
1511 1384 1606 1437 pro
1636 1369 1795 1426 unius
1824 1386 1915 1426 sa-

326 1468 445 1523 luta
474 1464 702 1534 proximi
734 1479 840 1518 non
868 1464 1127 1529 expavit?
1177 1463 1392 1518 Scimus
1430 1473 1576 1517 certe
1620 1465 1742 1533 quia
1776 1464 1915 1519 idem

331 1556 660 1612 venerabilis
689 1544 773 1609 vir
797 1554 1084 1609 Sanctulus
1114 1554 1227 1622 ipsa
1254 1569 1466 1624 quoque
1489 1554 1753 1610 elementa
1777 1556 1920 1612 litte-

328 1665 516 1707 rarum
558 1649 695 1704 bene
723 1664 827 1701 non
864 1658 1105 1703 noverat.
1137 1648 1293 1717 Legis
1326 1658 1587 1717 praecepta
1617 1649 1912 1717 nesciebat;

331 1744 430 1799 sed
462 1742 582 1814 quia
616 1741 894 1813 plenitudo
919 1742 1050 1812 legis
1070 1750 1154 1797 est
1182 1741 1418 1796 cbaritas
1449 1741 1632 1810 (Rom.
1660 1756 1777 1807 xm,
1803 1742 1916 1812 16),

2010 530 2193 606 ἓτέρων
2227 536 2419 594 ἀκήκοα
2462 536 2637 601 ἀληθίς
2675 538 2960 611 ὑπάρχειν.
3007 540 3134 599 Πλήν
3164 537 3305 615 ὅμως
3342 539 3598 617 όμολογῦ,

2014 623 2097 681 ὅτι
2126 625 2304 689 ὁσάκις
2331 650 2419 701 μοι
2443 636 2466 665 °
2495 630 2744 706 ῥίσκεται,
2774 633 3142 697 άνακαινίζεται
3162 632 3210 686 ἐν
3237 633 3367 704 ἐμοί.

2080 751 2319 797 I‘PHI‘OP.
2360 748 2450 804 Μή
2493 744 2764 817 θαυμάσῃς
2810 748 2861 801 ἐν
2907 754 2981 817 τῷ
3014 747 3308 820 Σαγκτούλῳ
3344 747 3465 821 περί
3506 754 3603 806 τοῦ

2011 837 2317 917 πράγματος
2347 840 2555 907 τούτου,
2578 839 2684 896 ἀλλ’
2710 842 2798 896 ίάν
2827 838 3056 903 δύνασαι,
3089 840 3401 901 κατανόησον
3426 838 3603 897 ὁποῖον

2013 928 2196 983 ίκείνου
2237 928 2298 984 τὸ
2336 935 2541 1001 πνεῦμα
2582 930 2847 1005 ὑπῆρχεν,
2881 929 3009 1007 ὅπερ
3045 932 3201 986 αὑτοῦ
3242 933 3329 986 τὸν
3366 932 3606 1004 λογισμὸν

2014 1018 2177 1080 οὕτως
2204 1020 2437 1096 άκίραιον
2476 1019 2777 1095 διεκράτησε
2798 1065 2812 1090 ,
2856 1027 2936 1079 καί
2968 1026 3017 1078 ἐν
3043 1025 3280 1094 τοσούτῳ
3314 1024 3436 1094 ὕψει
3457 1022 3607 1082 δυνά-

2014 1132 2150 1181 μεως
2185 1113 2425 1185 ἀνήγαγε.
2457 1120 2557 1169 Ποῦ
2599 1116 2697 1191 γᾶρ
2743 1117 2907 1172 αὑτοῦ
2936 1117 2967 1175 ἠ
2994 1116 3150 1187 ψυχὴ
3191 1118 3455 1192 ὑπῆρχεν,
3483 1115 3607 1174 ὅταν

2014 1204 2279 1259 ἀποθανεῖν
2306 1202 2390 1261 διά
2418 1205 2505 1259 τὸν
2532 1203 2745 1265 πλησίον
2769 1206 2904 1261 οὕτω
2929 1208 3207 1283 προθύμως
3234 1210 3488 1273 ἠπείγετο.
3522 1211 3611 1266 καί

2015 1294 2097 1353 διά
2154 1302 2245 1357 τήν
2300 1298 2406 1358 ἐνὸς
2463 1296 2675 1371 ἀδελφοῦ
2728 1298 3042 1373 πρόσκαιρον
3102 1302 3232 1364 ζωὴν
3254 1339 3269 1366 ,
3326 1306 3417 1359 τήν
3474 1299 3609 1357 ἰδίαν

2016 1385 2273 1462 ὑπερεῖδε,
2322 1390 2407 1442 καί
2448 1388 2535 1442 τόν
2565 1388 2753 1443 ἑαυτοῦ
2780 1390 3040 1464 τράχηλον
3079 1391 3183 1444 ὑπό
3218 1393 3310 1449 τὴν
3336 1392 3609 1467 μάχαιραν

2016 1478 2221 1543 ἐξέτεινε
2228 1494 2253 1559 ᾖ
2301 1481 2424 1536 ποία
2470 1476 2525 1534 δὲ
2574 1480 2807 1541 ἐπίτασις
2847 1479 3001 1534 πόθου
3041 1484 3132 1539 τήν
3172 1482 3357 1535 ἐκείνου
3397 1480 3611 1557 καρδίαν

2017 1578 2278 1642 κατεῖχεν,
2316 1569 2397 1626 ὅτι
2422 1572 2509 1626 τόν
2539 1572 2748 1627 θάνατον
2772 1573 2904 1646 ὑπέρ
2944 1578 3037 1631 τῆς
3068 1577 3161 1626 τοῦ
3187 1572 3399 1631 πλησίον
3440 1596 3617 1632 σωτηο

2017 1664 2131 1737 ρίας
2154 1664 2245 1716 οὑκ
2271 1660 2552 1727 idalium;
2577 1663 2634 1717 τό
2660 1661 2715 1718 δέ
2734 1664 3173 1738 θαυμασιώτερον,
3201 1660 3284 1718 ὅτι
3305 1662 3418 1719 οὐδὲ
3444 1669 3615 1740 γράμ-

2021 1777 2160 1828 ματα
2180 1756 2455 1815 ἠπίστατο.
2492 1764 2568 1809 Ἑν
2591 1755 2786 1827 βεϐαίῳ
2812 1756 2911 1831 γάρ
2932 1757 3267 1825 γινώσκομεν,
3299 1752 3377 1810 ὅτι
3399 1754 3424 1810 ό
3454 1758 3617 1817 αὑτός

325 1838 506 1907 legem
551 1845 718 1892 totam
751 1838 804 1890 in
837 1834 933 1890 Dei
972 1850 1033 1889 ac
1063 1834 1290 1903 proximi
1321 1834 1608 1890 dilectione
1642 1835 1909 1902 servavit;

2023 1846 2387 1908 εύλαϐέστατος
2430 1847 2555 1920 ἀνὴρ
2590 1846 2925 1918 Σάγκτουλος,
2970 1844 3085 1900 οὑδὲ
3125 1848 3346 1902 αὐτὰτὰ
3369 1856 3617 1920 στοιχεῖα

322 1940 382 1985 et
439 1928 581 1997 quod
638 1926 768 1982 foris
815 1928 866 1982 in
920 1926 1224 1993 cognitione
1267 1941 1372 1981 non
1422 1934 1668 1996 noverat,
1722 1924 1916 1982 intusb

328 2022 550 2076 vivebat
586 2022 638 2074 in
669 2034 874 2074 amore.
921 2020 985 2074 Et
1022 2020 1113 2089 qui
1142 2034 1414 2089 nunquam
1455 2018 1685 2075 fortasse
1717 2019 1921 2089 legerat

322 2114 470 2183 quod
503 2113 571 2167 de
600 2112 958 2180 Redemptore
988 2111 1221 2167 Joannes
1253 2111 1541 2181 Apostolus
1567 2111 1739 2165 dixit:
1772 2112 1919 2177 Quo—

326 2205 473 2261 niam
517 2207 647 2259 sicut
683 2204 771 2258 ille
808 2222 904 2275 pro
943 2204 1088 2258 nobis
1125 2205 1353 2258 animam
1379 2219 1526 2257 suam
1552 2204 1745 2274 posuit,
1770 2204 1843 2257 sic
1871 2213 1921 2258 et

324 2315 421 2354 uos
448 2298 685 2352 debemus
722 2315 814 2369 pro
850 2298 1097 2368 fratribus
1123 2299 1326 2351 animas
1359 2312 1545 2363 ponere
1574 2295 1627 2369 (Ι
1650 2296 1808 2353 Joan.
1835 2312 1916 2364 ιιι,

328 2391 448 2457 13),
481 2399 587 2445 tam
620 2390 854 2445 sublime
898 2389 1252 2461 apostol'cum
1299 2399 1623 2458 praeceptum
1673 2389 1920 2444 faciendo

327 2484 497 2553 magis
537 2500 697 2554 quam
742 2484 964 2539 sciendo
996 2494 1241 2539 noverat.
1276 2483 1687 2553 Comparemus,
1723 2481 1768 2535 si
1800 2482 1916 2551 pla-

321 2588 433 2641 cet,
465 2592 583 2631 cum
615 2577 717 2631 hac
761 2586 943 2631 nostra
992 2576 1205 2631 indocta
1250 2578 1473 2631 scientia
1524 2576 1664 2629 illius
1701 2574 1914 2630 doctam

321 2668 702 2739 ignorantiam.
745 2666 846 2723 Ubi
895 2668 1011 2723 haec
1051 2676 1238 2723 nostra
1278 2668 1445 2737 jacet,
1480 2668 1554 2722 ibi
1586 2667 1727 2721 illius
1757 2667 1920 2722 disci-

321 2761 469 2831 plina
518 2760 741 2815 eminet.
784 2762 892 2815 Nos
928 2761 995 2816 de
1023 2762 1316 2816 virtutibus
1345 2760 1498 2815 vacui
1531 2760 1819 2829 loquimur,
1861 2768 1917 2815 et

317 2853 479 2922 quasi
508 2852 648 2908 inter
671 2851 943 2907 fructifera
970 2854 1186 2908 arbusta
1212 2853 1392 2923 positi,
1422 2852 1713 2906 odoratnus
1736 2866 1914 2921 poma,

317 2958 426 2999 nec
480 2944 904 3011 manducamus;
959 2946 1049 2999 ille
1109 2947 1370 2999 virtutum
1430 2944 1639 2999 fructus
1694 2958 1917 3012 carpere

317 3046 590 3105 noverat,
648 3040 892 3108 quamvis
944 3039 1045 3095 hos
1097 3041 1151 3093 in
1199 3039 1377 3096 verbis
1431 3049 1454 3077 ο
1500 3038 1728 3094 odorare
1784 3051 1915 3093 nes-

319 3129 527 3183 ciebat.

2021 1944 2121 1993 τῶν
2148 1937 2465 2011 γραμμάτων
2493 1935 2656 1995 καλῶς
2682 1934 2813 2011 ᾔδει.
2838 1938 2914 1991 Τά
2941 1942 3027 1989 τοῦ
3050 1934 3206 2007 νόμου
3232 1940 3616 2013 προστάγματα

2022 2028 2110 2080 οὑκ
2136 2031 2415 2086 ἠπίστατο.
2445 2025 2568 2081 Ἀλλ’
2594 2024 2767 2085 ἔπειδή
2786 2025 3036 2099 πλήρωμα
3055 2026 3208 2097 νόμου
3230 2028 3260 2085 ἦ
3283 2030 3478 2100 ἀγάπη,
3504 2028 3617 2085 ὅλον

2024 2119 2107 2174 τόν
2129 2118 2275 2190 νόμον
2303 2119 2352 2171 iv
2371 2125 2433 2193 τῇ
2456 2123 2550 2173 τοῦ
2580 2124 2707 2171 Θεοῦ
2732 2119 2816 2171 καί
2839 2123 2903 2187 τῇ
2932 2122 3025 2171 τοῦ
3056 2116 3267 2174 πλησίον
3296 2118 3471 2193 ἀγάπῃ
3497 2120 3619 2191 ἇφὺ·

2022 2210 2186 2275 λαξεν.
2216 2213 2315 2263 Καὶ
2346 2207 2473 2283 ὅπερ
2502 2207 2681 2273 ἔξωθεν
2709 2206 2793 2265 διὰ
2816 2210 3081 2278 μαθήσεως
3109 2210 3193 2263 οὑκ
3218 2207 3346 2286 ᾔδει,
3379 2208 3524 2266 ἔνδον
3540 2208 3617 2284 τῷ

2023 2302 2165 2377 πόθῳ
2186 2300 2237 2355 is
2428 2299 2541 2365 ἷζη.
2572 2302 2659 2354 ιιαί
2686 2296 2834 2360 ὅστις
2854 2297 2968 2353 avidi
2996 2321 3120 2356 ποτε
3162 2302 3400 2363 πολλάκις
3428 2305 3618 2378 ἀνέγνω

2026 2391 2159 2466 ὅπερ
2206 2393 2438 2454 Ἰωάννης
2479 2391 2505 2446 ὁ
2550 2393 2836 2456 ἀπόστολος
2876 2399 2995 2473 περὶ
3040 2404 3132 2453 τοῦ
3177 2398 3445 2473 λυτρωτοῦ
3478 2402 3617 2471 ἡμῶν

2019 2481 2188 2543 Ἰησοῦ
2228 2490 2452 2561 Χριστοῦ
2493 2478 2650 2549 εἶπεν,
2684 2483 2765 2540 ὅτι
2803 2487 2981 2561 ὥσπερ
3016 2488 3167 2549 αὑτός
3193 2492 3282 2548 τὴν
3306 2487 3489 2560 ψυχήν
3516 2491 3616 2545 αὑ-

2021 2584 2112 2631 τοῦ
2154 2577 2322 2635 ἔθηκεν
2361 2578 2490 2653 ὑπὲρ
2540 2579 2710 2646 ἡμῶν,
2756 2577 3010 2651 ὀφείλομεν
3063 2581 3146 2633 καί
3181 2581 3320 2652 ἡμεῖς
3358 2584 3477 2655 περί
3516 2590 3617 2639 τῶν

2020 2666 2241 2741 ἀδελφῶν
2265 2672 2403 2741 ἡμῶν
2430 2672 2525 2727 τάς
2554 2666 2738 2738 ψυχάς
2779 2668 2983 2732 τιθέναι,
3027 2667 3163 2724 οὕτω
3194 2670 3252 2724 τό
3286 2672 3617 2729 άποστολικόν

2021 2765 2104 2815 καὶ
2150 2759 2338 2831 ὑψηλὸν
2384 2755 2535 2815 τοῦτο
2584 2759 2896 2835 πρόσταγμα
2942 2756 3075 2834 ἔργῳ
3121 2760 3439 2835 ίπληρωσεν,
3483 2763 3617 2838 ἥπερ

2022 2852 2206 2924 μᾶλλον
2241 2849 2323 2906 διά
2349 2852 2585 2924 γνώσεως
2612 2851 2731 2905 αὑτό
2776 2854 3051 2910 ἠπίστατο.
3097 2855 3483 2926 Παρεικάσωμεν
3521 2858 3617 2910 τοί·

2020 2962 2129 3007 νυν,
2158 2943 2245 2995 ἐὰν
2275 2940 2467 3011 βούλει,
2501 2943 2631 3010 μετὰ
2660 2941 2853 3001 ταύτης
2882 2949 2974 3001 τῆς
3006 2944 3254 3018 ἡμετέρας
3286 2942 3515 3015 amcos;
3548 2947 3618 3000 εἰ·

2022 3030 2218 3094 δησεως
2259 3038 2350 3092 τήν
2378 3032 2563 3086 ἐκείνου
2604 3031 3004 3102 πεπαιδευμένην
3049 3034 3322 3107 ἀγνωσίαν,
3354 3044 3455 3091 ποῦ
3486 3037 3617 3097 αὕτη

2025 3124 2057 3181 ἡ
2084 3124 2307 3195 ἡμετίρα
2348 3131 2525 3181 κεῖται.
2555 3124 2639 3177 καί
2677 3128 2774 3177 ποῦ
2816 3126 2847 3181 ἦ
2875 3124 3064 3177 ὶκείνου
3095 3127 3419 3187 κατάστασις
3459 3129 3617 3203 ὑπέρ·

318 3246 509 3281 κειται.
538 3222 703 3297 Ἠμεῖς
729 3230 827 3304 γάρ
849 3225 1115 3299 ίνδυνάμει
1141 3227 1299 3301 λόγων
1332 3225 1533 3283 διάκενα
1564 3227 1873 3299 ὁμιλοῦντες,
1914 3226 2090 3298 ὥσπερ
2115 3226 2304 3295 μεταξὺ
2332 3224 2602 3299 καρπίμων
2630 3220 2848 3297 δένδρων
2872 3222 3112 3289 ἓστῶτες,
3142 3224 3510 3297 όσφραινόμεθα
3529 3224 3618 3294 μίν

314 3322 416 3376 τήν
441 3320 664 3391 ὀπώραν,
691 3321 742 3384 ἐξ
769 3322 931 3381 αὐτῆς
957 3318 1011 3375 δί
1039 3328 1219 3392 φαγεῖν
1248 3321 1303 3373 οὑ
1330 3318 1604 3392 δυνάμεθα.
1633 3317 1843 3380 Ἐκεῖνος
1872 3316 1923 3373 δέ
1950 3316 2082 3393 ξιγῳ
2110 3322 2206 3373 τοῦ
2226 3324 2426 3393 καρποῦ
2457 3314 2744 3391 δράξασθαι
2773 3317 3061 3388 ἐγίνωσκεν,
3085 3314 3230 3377 ὅστις
3259 3315 3345 3372 διὰ
3374 3316 3618 3388 ῥημάτων

318 3411 684 3484 ὀσφραίνεσθαι
706 3413 792 3464 οὑκ
819 3414 949 3471 ἡπίσ
959 3431 1096 3468 εατο.

400 3503 565 3558 Pera.
615 3506 901 3572 Quidnam,
935 3520 1119 3575 quaeso
1164 3514 1237 3571 te,
1279 3520 1400 3560 esse
1429 3504 1727 3571 existimas,
1765 3503 1910 3576 quod

2090 3509 2262 3558 ΠετΡ.
2289 3504 2350 3557 Τί
2372 3508 2524 3559 τοῦτο
2547 3498 2673 3558 εἶναι
2703 3503 3097 3573 ὑπολαμϐάνεις,
3116 3506 3266 3569 αίτῶ,
3299 3502 3381 3560 ὅτι
3409 3525 3455 3558 οι
3486 3526 3616 3577 αγα-

320 3598 450 3653 boni
476 3598 676 3668 quique
717 3599 1145 3662 subtrahuntur;
1196 3608 1250 3653 et
1299 3598 1387 3668 qui
1438 3599 1625 3652 vivere
1672 3598 1738 3651 ad
1785 3597 1916 3653 tedi-

319 3690 628 3746 flcationem
689 3691 982 3745 multorum
1037 3699 1322 3759 poterant,
1372 3698 1462 3743 aut
1505 3690 1718 3758 penitus
1769 3691 1916 3746 inve-

320 3784 426 3837 niri
470 3794 785 3894 giequeunt,
849 3793 940 3838 aut
992 3794 1142 3839 certe
1198 3784 1310 3856 jam
1370 3783 1683 3839 omnimodo
1736 3799 1917 3841 rares-

320 3864 447 3894 DIIIII

317 3864 487 3909 cunt!

398 3947 636 4005 Gnscon.
679 3949 880 4006 Malitia
921 3949 1315 4005 remanentium
1362 3957 1621 4016 meretur,
1654 3956 1713 4004 ut
1740 3946 1796 4003 bi
1825 3950 1915 4018 qui

322 4038 593 4110 prodesse
635 4050 887 4110 poterant
946 4040 1143 4095 festine
1201 4040 1631 4094 subtrahantur:
1683 4048 1739 4095 et
1793 4054 1915 4093 cum

321 4133 513 4189 mundi
537 4134 653 4188 linis
682 4135 1096 4205 appropinquat,
1147 4133 1305 4189 electi
1353 4133 1637 4198 tolluntur,
1670 4147 1739 4187 ne
1763 4130 1913 4187 dete-

318 4229 467 4285 riom
500 4228 733 4284 videant.
779 4229 915 4285 llinc
944 4230 1086 4284 enim
1112 4227 1371 4296 propheta
1405 4227 1480 4281 ait
1506 4244 1519 4280 :
1549 4225 1730 4281 Justus
1762 4226 1912 4295 perit,

315 4330 370 4377 et
400 4337 546 4375 nemo
577 4332 651 4376 est
693 4322 781 4392 qui
821 4321 1063 4390 recogitet
1088 4320 1139 4373 in
1169 4320 1322 4373 corde
1351 4334 1482 4384 suo;
1513 4327 1560 4372 et
1586 4318 1683 4372 viri
1711 4316 1916 4371 miseri-

316 4416 514 4469 cordia:
554 4416 884 4484 colliguntur,
921 4413 1043 4482 quia
1088 4428 1186 4465 non
1234 4420 1307 4465 est
1337 4412 1423 4480 qui
1455 4410 1712 4481 intelligat
1754 4408 1911 4481 (lsai.

320 4522 493 4571 me,
546 4506 624 4575 l).
683 4508 815 4560 llinc
854 4519 1043 4560 rursus
1094 4504 1355 4573 scriptum
1406 4502 1802 4572 estzAperite,
1862 4508 1917 4556 ut

316 4610 504 4657 exeant
551 4602 637 4671 qui
682 4598 982 4653 conculcent
1038 4614 1183 4665 eam,
1245 4596 1411 4651 tollite
1463 4596 1526 4651 de
1582 4596 1663 4650 uia
1719 4595 1918 4663 lapides

324 4691 544 4763 (Jerem.
570 4708 622 4756 L,
649 4690 763 4760 26).
810 4691 943 4743 llinc
996 4689 1252 4744 Salomon
1285 4690 1397 4741 ait:
1430 4686 1653 4756 Tempus
1681 4686 1919 4739 mittendi

322 4784 542 4849 lapides,
579 4791 624 4835 et
653 4791 848 4850 tempus
896 4779 1174 4851 colligendi
1227 4778 1424 4840 (Eccle.
1466 4792 1545 4845 ιιι,
1604 4777 1719 4846 15).
1745 4773 1772 4813 ἀ
1801 4776 1918 4843 Quo

2021 3596 2100 3650 θοί
2127 3592 2310 3669 ἄνδρες
2330 3595 2601 3667 συντόμως
2628 3597 2973 3666 μεθίστανται,
3003 3598 3182 3656 οἵτινες
3205 3600 3358 3661 ζῆσαι
3387 3598 3459 3656 εἰς
3483 3598 3618 3651 οἰκο-

2019 3686 2179 3760 δομὴν
2218 3690 2411 3744 πολλῶν
2449 3687 2713 3748 ἠδύναντο·
2746 3693 2831 3743 καὶ
2857 3691 2901 3743 εί
2935 3692 2991 3745 τό
3022 3688 3233 3745 καθόλου
3274 3690 3530 3767 εὑρεθῆναι
3560 3689 3618 3743 ού

2021 3778 2276 3843 δύνανται,
2310 3783 2351 3834 εἰ
2379 3778 2433 3835 δὲ
2460 3782 2547 3834 καί
2571 3779 2861 3854 εὑρεθῶσιν,
2895 3782 3061 3857 ἀραιοί
3089 3781 3434 3854 εὑρίσκονται.

2090 3884 2328 3930 I‘PHI‘OP.
2361 3885 2412 3928 Ἦ
2442 3876 2593 3929 κακία
2616 3883 2730 3935 τοῖς
2769 3875 3111 3945 άπομὲνουσιν
3140 3874 3369 3950 ἁρμόζει.
3403 3875 3489 3929 Διά
3517 3875 3616 3951 γάρ

2018 3971 2173 4022 τοῦτο
2200 3968 2331 4037 μετά
2370 3964 2603 4027 σπουδῆς
2644 3965 2872 4041 αἴρονται
2907 3969 3122 4028 ἑκεῖνοι,
3155 3969 3331 4028 οῗτινες
3372 3967 3617 4027 ἠδύναντο

2020 4059 2093 4116 είς
2115 4057 2350 4129 ὠφίλειαν
2379 4056 2565 4133 ἑτέρων
2588 4051 2733 4121 εἶναι,
2762 4058 2848 4112 ἵνα
2868 4062 2936 4125 μή
2969 4064 3061 4113 τοῦ
3104 4057 3276 4120 τίλους
3299 4065 3389 4113 τοῦ
3418 4060 3614 4129 κόσμου

2020 4148 2414 4214 πλησιάζοντος,
2449 4147 2806 4225 δυσκολώτερα
2835 4151 3131 4207 θεάσωνται.
3164 4156 3280 4226 Περὶ
3302 4154 3403 4227 γάρ
3428 4154 3614 4207 τούτου

2020 4244 2109 4296 καί
2137 4242 2162 4296 ὁ
2190 4247 2451 4316 προφήτης
2478 4243 2626 4316 λέγει’
2651 4246 2851 4305 Δίκαιος
2874 4245 3125 4310 ἀπώλετο,
3152 4249 3236 4300 καί
3264 4244 3423 4308 οὐδεὶς
3453 4244 3615 4302 ὁδια-

2019 4333 2334 4408 λογιζόμενος
2356 4338 2406 4389 iv
2524 4334 2709 4411 καρδίᾳ
2751 4338 2928 4402 αὑτοῦ,
2956 4341 3042 4392 καί
3069 4338 3111 4391 oi
3148 4347 3240 4399 τῆς
3280 4338 3616 4407 ἐλεημοσύνης

2023 4421 2206 4500 ἄνδρες
2229 4426 2568 4499 συνάγονται,
2600 4425 2678 4483 ὅτι
2718 4429 2803 4481 οὑκ
2830 4426 2967 4484 ἔστιν
3003 4426 3031 4484 ό
3062 4432 3267 4483 συνιών.
3299 4426 3441 4483 Ὀθεν
3466 4428 3616 4482 πάλιν

2020 4517 2331 4589 γέγραπται·
2354 4518 2626 4584 ’Δνοίξατε,
2645 4520 2733 4573 ἵνα
2760 4520 3014 4585 ἐξελθωσιν
3040 4522 3085 4575 oi
3105 4510 3615 4595 καταστρωννύοντες

2023 4611 2195 4668 αὑτήν.
2222 4606 2407 4686 ’Δρατε
2430 4613 2484 4665 ix
2512 4620 2605 4672 τῆς
2633 4611 2751 4669 ὁδοῦ
2772 4616 2890 4673 τοὺς
2914 4614 3093 4673 λίθους.
3127 4614 3216 4667 Διά
3238 4615 3338 4686 γάρ
3360 4617 3509 4666 τοῦτο
3530 4613 3615 4665 καί

2024 4703 2052 4760 ό
2079 4705 2302 4776 Σολομὼν
2340 4706 2493 4780 λέγει’
2539 4709 2717 4781 Καιρός
2742 4713 2833 4761 τοῦ
2864 4706 3032 4776 βαλεῖν
3078 4705 3270 4768 λίθους,
3316 4707 3401 4757 καί
3443 4703 3616 4777 καιρός

2023 4803 2114 4852 τοῦ
2152 4806 2458 4871 συναγαγεῖν
2482 4798 2669 4859 λίθους.
2691 4796 2851 4852 Ὠστε
2879 4791 2965 4849 οὖν
2984 4793 3297 4853 σπεύδοντος
3504 4794 3614 4847 λοι-

320 4872 484 4943 igitur
512 4873 676 4942 368
705 4872 826 4925 linis
869 4870 1051 4925 mundi
1101 4878 1275 4938 urget,
1321 4884 1390 4924 eo
1443 4883 1666 4925 necesse
1716 4879 1799 4925 est
1856 4880 1914 4926 ut

2023 4892 2118 4947 πόν
2139 4898 2229 4947 τοῦ
2257 4892 2433 4952 τέλους
2457 4898 2545 4947 τοῦ
2582 4892 2797 4962 κόσμου,
2828 4891 3093 4961 ἀναγκαῖον
3114 4887 3350 4961 ὑπάρχει
3376 4888 3459 4941 ’ἱνα
3489 4887 3617 4943 λίθοι

318 4964 433 5019 vivi
464 4964 670 5032 lapides
698 4964 764 5016 ad
793 4964 1079 5019 aedilicium
1128 4963 1352 5018 caeleste
1401 4962 1741 5032 colligantur,
1782 4979 1915 5034 qua-

322 5063 483 5110 tenus
512 5056 808 5113 Jerusalem
847 5066 1030 5111 nostra
1065 5057 1116 5109 ill
1161 5069 1471 5109 mensuram
1500 5069 1611 5109 suae
1636 5062 1918 5111 CODSU‘UC-

321 5148 488 5204 tionis
525 5158 822 5204 excrescat.
858 5148 969 5203 Nec
1016 5158 1192 5204 tamen
1230 5148 1303 5203 ita
1344 5163 1533 5203 omnes
1563 5148 1765 5203 electos
1789 5147 1919 5203 sub-

319 5241 471 5297 trahi
500 5242 792 5308 credimus,
839 5252 901 5297 ut
936 5241 1038 5296 soli
1093 5242 1149 5296 in
1197 5241 1402 5297 mundo
1443 5242 1688 5311 perversi
1739 5255 1918 5296 rema-

322 5342 518 5399 neant,
558 5336 679 5404 quia
707 5351 980 5404 nunquam
1028 5343 1340 5405 peccatores
1369 5334 1437 5390 ad
1466 5336 1761 5390 lamentum
1800 5349 1915 5405 pae-

315 5431 383 5486 ni
395 5430 573 5484 tentia:
604 5431 859 5495 redirent,
889 5431 933 5485 si
965 5431 1109 5485 nulla
1133 5437 1317 5485 essent
1347 5429 1611 5485 bonorum
1641 5428 1915 5500 exempla,

310 5535 453 5595 qua:
478 5535 662 5577 eorum
697 5534 933 5579 mentem
966 5524 1265 5579 traherent.

400 5663 427 5693 ⁸
454 5654 699 5720 Carnot.,
731 5655 881 5710 illum
913 5656 1183 5710 continuit.

396 5722 426 5765 δ
458 5728 585 5793 Alii,
632 5728 855 5800 vigebat,
898 5726 1037 5797 quod
1070 5727 1262 5796 legitur
1292 5726 1348 5781 in
1374 5723 1595 5783 Carnot.
1626 5732 1681 5782 et
1710 5721 1908 5795 plurib.

310 5795 716 5928 Νοξηέεεωιει.
738 5885 801 5928 ac
828 5872 965 5944 plur.
994 5870 1252 5929 Norman.
1280 5870 1509 5928 odorari.

2022 4988 2204 5049 ζῶντες
2243 4986 2315 5044 εἰς
2341 4988 2432 5043 τήν
2471 4984 2697 5060 οὑράνιον
2728 4979 2991 5051 οἰκοδομὴν
3023 4980 3366 5053 σωρευθῶσιν,
3405 4978 3546 5041 ὅπως
3582 4982 3613 5039 ἡ

2021 5078 2241 5149 ἡμετέρα
2270 5076 2592 5153 Ἰερουσαλήμ
2619 5075 2668 5127 ἓν
2706 5081 2777 5143 τῷ
2816 5080 2909 5134 τῆς
2943 5070 3205 5142 οἰκοδομῆς
3244 5075 3403 5136 αὐτῆς
3440 5076 3611 5149 μέτρῳ

2020 5169 2377 5245 ὑπερσυξήση.
2415 5171 2487 5224 Οὑ
2514 5168 2711 5226 πάντας
2751 5164 2804 5221 δέ
2844 5168 2962 5227 τούς
3001 5165 3256 5226 ἐκλεκτούς
3295 5176 3614 5238 μεταστῆναι

2020 5264 2347 5332 πιστεύομεν,
2378 5263 2509 5317 ὥστε
2534 5262 2719 5332 μόνους
2744 5262 2865 5321 τοὺς
2894 5258 3232 5333 διαστρόφους
3260 5261 3311 5313 iu
3341 5257 3413 5331 τῷ
3434 5261 3609 5331 κόσμῳ

2021 5356 2309 5427 ἀπομεῖναι,
2354 5352 2527 5413 ἐπειδὴ
2574 5351 2815 5409 οὐδέποτε
2866 5356 2935 5415 είς
2982 5353 3203 5430 ὀδυρμόν
3250 5355 3517 5421 μετανοίας
3563 5349 3611 5406 oi

2021 5446 2315 5521 ἁμαρτωλοί
2344 5449 2679 5520 ὑπέστρεφον,
2714 5443 2799 5504 ἐάν
2827 5448 3059 5521 οὐδαμῶς
3085 5453 3328 5523 ὑπῆρχον
3357 5457 3456 5507 τῶν
3482 5449 3613 5521 άγα-

2023 5541 2122 5594 θῶν
2147 5542 2211 5596 τά
2239 5540 2607 5615 ὑποδείγματα,
2631 5543 2697 5598 τὰ
2720 5544 2803 5599 τὸν
2821 5550 2936 5598 νοῦν
2965 5544 3159 5597 ἐκείνων
3183 5544 3533 5613 ἐπισπώμενα.

2092 5652 2119 5691 (³
2151 5652 2360 5728 Erimus
2384 5652 2629 5721 Carn0t.,
2658 5656 2779 5727 quia
2810 5655 2967 5725 igitur
2996 5654 3185 5728 mundi
3204 5655 3325 5723 linis
3354 5657 3535 5728 surgit.

2098 5735 2122 5764 ο
2164 5724 2435 5794 Fortasse,
2465 5729 2564 5805 ante
2705 5724 2987 5805 misceat,
3021 5728 3073 5805 i_n
3105 5725 3289 5805 vulgus
3310 5724 3607 5805 spargi,_de

2022 5811 2128 5866 qua
2158 5812 2290 5856 voce
2320 5800 2541 5856 consule
2581 5795 2758 5856 Glos's.
2786 5796 2993 5868 Cangii.
3035 5798 3094 5853 Ιιι
3136 5795 3233 5851 Ms.
3275 5795 3487 5869 legitur,
3520 5800 3606 5855 λί-

2020 5891 2187 5945 γεται.
