3998 6356
504 325 613 385 319

1714 310 1959 369 SANCTI
2001 307 2327 365 GREGORII
2366 307 2579 366 MAGNI

3683 317 3781 375 520

496 445 595 503 atad
640 439 725 498 διὰ
760 447 854 501 τῆς
882 437 1119 513 άπειρῖας
1160 436 1235 497 είς
1262 431 1446 491 δειλίαν
1483 428 1906 492 καταπίπτοντες,
1937 427 1985 479 ἐν
2009 425 2101 482 δυ-

2241 423 2467 478 lubietas
2497 424 2549 477 in
2585 423 2758 493 primo
2803 432 3029 494 parente
3077 434 3266 484 nostro
3290 442 3412 488 esse
3453 446 3563 486 non
3603 439 3780 505 potuit,

500 538 727 609 σπιστίᾳ
755 534 880 589 εἰσί.
904 537 972 601 μή
998 532 1289 598 νομίζοντες
1314 528 1574 598 ὑπάρχειν
1605 524 1796 587 ἐκεῖνα,
1822 520 1955 596 ἅπερ
1995 527 2101 580 τοῖς

502 634 832 700 σωματικοῖς
856 625 1121 698 ὀφθαλμοῖς
1148 626 1403 699 θεωρῆσαι
1446 623 1502 675 οὐ
1544 618 1798 674 δύνανται.
1827 615 1963 673 Δῦτη
1987 612 2040 669 δὲ
2071 615 2102 671 ἦ

500 720 665 779 δειλία
705 724 754 774 ἓν
786 716 859 790 τῷ
880 716 1177 795 προπάτορι
1217 718 1356 787 ἡμῶν
1397 714 1504 783 οὐχ
1540 713 1775 782 ὑπῆρχε.
1804 703 1897 795 κᾶν
1924 710 1967 760 εἰ
2003 709 2104 778 γάρ

504 813 739 879 ἐξεϐλήθη
778 812 830 864 ἐκ
859 818 951 869 τῆς
981 814 1072 864 τοῦ
1110 805 1421 884 παραδείσου
1464 808 1675 878 χαρᾶς,
1714 800 1817 854 ἀλλ’
1847 794 1932 854 οὖν
1966 796 2107 867 ὅμως

511 906 919 977 ὑπεμιμνησκετο
942 943 957 966 ,
991 898 1117 971 ὅπερ
1152 895 1209 956 ἦν
1242 897 1565 967 θεασάμενος,
1594 898 1638 947 εἰ
1669 896 1753 946 καὶ
1781 888 2104 961 άποϐαλόμε-

509 1018 594 1057 νος
622 993 680 1055 ἧν
708 1000 884 1050 τοῦτο.
908 989 1061 1046 Οὗτοι
1088 988 1140 1045 δέ
1170 998 1370 1053 νοῆσαι,
1396 988 1425 1046 ἣ
1450 988 1813 1056 ἀναμνησθῆναι
1846 986 1911 1039 τά
1949 986 2106 1037 ἀκου-

513 1093 701 1149 σθέντα
742 1092 798 1144 οὑ
826 1088 1084 1149 δύνανται,
1130 1083 1211 1139 διὰ
1250 1085 1309 1137 τό
1340 1080 1465 1155 μηδέ
1510 1082 1627 1153 μίαν
1676 1082 1853 1154 πείραν
1886 1076 2107 1151 βεϐαίως

513 1191 719 1263 κρατεῖν
776 1181 1000 1240 αὐτοὺς,
1041 1178 1203 1237 καθὼς
1252 1176 1458 1237 ἐκεῖνος,
1501 1176 1555 1226 ὲκ
1600 1180 1698 1226 τῶν
1744 1169 2109 1244 παρελθόντων.

508 1273 713 1347 Ὠσπερ
740 1276 840 1347 γάρ
884 1270 1068 1344 ἔγκυος
1101 1273 1248 1342 γυνη,
1272 1270 1323 1322 ἓν
1351 1267 1543 1341 φυλακῇ
1570 1266 1837 1336 βληθεῖσα,
1867 1266 2023 1318 ἐκεῖσε
2055 1263 2112 1315 τὸ

515 1364 716 1425 παιδίον
735 1367 980 1437 γεννήσει.
1013 1364 1083 1416 T6
1113 1359 1166 1416 δὲ
1192 1362 1385 1433 γενηθέν
1406 1356 1606 1414 παιδίον
1638 1359 1687 1411 ἕν
1709 1358 1832 1431 αὑτῇ
1960 1354 2114 1428 φυλα-

514 1470 579 1536 κῇ
617 1462 877 1532 άνατραφῇ
927 1458 1012 1509 καί
1040 1457 1266 1519 αὐξήσει.
1295 1464 1346 1507 Ἦ
1377 1451 1430 1507 δὲ
1476 1458 1629 1506 τοῦτο
1678 1455 1899 1506 τεκοῦσα
1946 1451 2112 1522 μήτηρ

514 1554 753 1612 πολλάκις
784 1554 919 1619 αὐτῷ
950 1549 1035 1605 τὸν
1064 1549 1197 1606 ἥλιον
1226 1549 1306 1602 καί
1334 1551 1423 1605 τήν
1455 1544 1662 1601 σελήνην
1687 1545 1772 1596 καὶ
1813 1543 1932 1601 τοὺς
1962 1540 2118 1593 ἀστέ-

515 1669 634 1727 ρας,
684 1642 776 1718 ὅρη
817 1647 900 1699 καί
935 1640 1203 1704 πεδιάδας,
1253 1641 1460 1695 πετεινά
1486 1638 1755 1710 πετόμενα,
1800 1637 1883 1688 καὶ
1922 1634 2116 1692 ἵππους

516 1743 800 1818 τρέχοντας
854 1731 1111 1807 ὀνομάσει,
1166 1736 1353 1793 ἐκεῖνος
1389 1730 1442 1786 δέ
1473 1731 1523 1783 ἐν
1548 1738 1609 1803 τῇ
1653 1729 1842 1802 φυλακῇ
1868 1727 2116 1799 γεννηθείς

2211 513 2335 583 quia
2364 514 2614 568 exclusus
2644 528 2676 569 a
2708 516 2941 604 paradisi
2971 519 3201 586 gaudiis,
3228 521 3329 576 hoc
3357 522 3499 592 quod
3522 524 3786 597 amiserat,

2218 606 2343 673 quia
2369 601 2571 658 viderat
2597 601 2908 659 recolebat;
2926 605 2989 660 Hi
3014 617 3192 663 autem
3222 612 3423 667 sentire
3452 614 3536 668 vel
3561 617 3789 676 recolere

2210 696 2392 750 audita
2426 712 2530 751 non
2557 704 2804 766 possunt,
2837 697 2960 767 quia
2984 713 3168 754 eorum
3214 712 3237 741 ο
3269 703 3497 772 nullum,
3530 707 3665 765 sicut
3686 712 3787 780 ille,

2210 787 2401 842 saltem
2452 787 2521 843 de
2571 791 2861 857 praeterito,
2912 792 3348 860 experimentum
3406 805 3608 856 tanent.
3650 805 3725 859 Ac
3751 805 3791 860 si

2212 880 2356 935 enim
2389 895 2673 952 praegnans
2698 882 2894 937 mulier
2921 886 3163 941 mittatur
3212 889 3267 943 in
3298 904 3594 961 carcerem,
3625 894 3795 967 ibique

2212 976 2390 1046 pariat
2418 991 2664 1043 puerum,
2702 978 2793 1048 qui
2839 988 2995 1033 natus
3025 995 3159 1049 puer
3201 982 3255 1036 in
3284 997 3500 1041 carcere
3535 989 3789 1044 nutriatur

2213 1074 2271 1123 et
2313 1056 2550 1133 crescat;
2594 1068 2679 1123 cui
2725 1070 2770 1123 si
2812 1068 3039 1126 fortasse
3070 1083 3240 1127 mater
3281 1090 3403 1143 quat
3433 1076 3574 1133 hunc
3594 1082 3790 1149 genuit,

2214 1159 2414 1226 solem,
2465 1160 2668 1227 lunam,
2726 1161 2935 1229 stellas,
2966 1156 3177 1219 montes
3203 1174 3258 1220 et
3284 1180 3524 1237 campos,
3559 1170 3793 1227 volantes

2215 1256 2360 1321 aves,
2390 1268 2670 1311 currentes
2699 1270 2867 1325 equos
2896 1257 3161 1323 nominet,
3190 1258 3284 1314 ille
3304 1275 3433 1316 vero
3488 1263 3579 1330 qui
3628 1273 3713 1319 est
3749 1267 3795 1320 in

2217 1358 2437 1401 carcere
2469 1356 2629 1401 natus
2658 1355 2712 1401 et
2753 1347 2985 1402 nutritus
3032 1347 3162 1403 nihil
3189 1350 3338 1405 aliud
3366 1366 3525 1422 quam
3559 1356 3797 1409 tenebras

2221 1437 2457 1493 carceris
2488 1436 2643 1504 sciat,
2675 1446 2732 1493 et
2760 1436 2877 1493 haec
2907 1438 3126 1508 quidem
3177 1454 3298 1496 esse
3340 1442 3542 1508 audiat,
3567 1445 3662 1498 sed
3688 1445 3798 1512 quia

2224 1542 2289 1584 ea
2323 1544 2418 1597 per
2442 1528 2880 1599 experimentum
2902 1545 3009 1585 non
3035 1532 3210 1597 uovit,
3236 1534 3499 1587 veraciter
3519 1548 3643 1589 esse
3672 1535 3801 1589 dtlﬁ-

2219 1617 2311 1673 dat
2330 1635 2345 1685 ;
2364 1619 2434 1672 ita
2462 1620 2513 1673 in
2540 1618 2639 1675 hac
2676 1619 2857 1675 exsilii
2887 1622 2967 1675 sui
2990 1622 3232 1677 caecitate
3258 1624 3366 1677 nati
3396 1625 3666 1691 homines,
3684 1627 3799 1681 dum

2219 1723 2339 1766 esse
2367 1725 2573 1765 summa
2601 1719 2657 1766 et
2688 1711 2981 1767 invisibilia
3012 1712 3259 1781 audiunt,
3303 1714 3553 1771 difﬁdunt
3582 1731 3651 1770 an
3684 1732 3801 1773 vera

517 1800 604 1889 κίκι
634 1830 958 1906 ἀνατραφεὶς,
982 1824 1125 1880 οὐδέν
1155 1824 1326 1901 ἕτερον
1358 1824 1400 1877 εἰ
1424 1828 1493 1894 μή
1523 1822 1581 1877 τό
1618 1828 1708 1881 τῆς
1738 1819 1958 1893 φυλακῆς
1994 1817 2109 1871 σκό-

2244 1802 2344 1867 ἰηι,
2372 1802 2494 1870 quia
2520 1802 2634 1856 sola
2664 1800 2691 1839 ά
2722 1804 2837 1857 haec
2862 1802 3049 1857 inﬁma
3079 1806 3130 1857 in
3159 1806 3354 1874 quibus
3396 1807 3509 1863 nati
3532 1818 3659 1862 sunt
3685 1808 3804 1863 visi-

516 1949 608 1989 τος
633 1928 895 1998 γινώσκει.Δ
917 1924 1007 1976 Καὶ
1030 1928 1191 1976 ταῦτα
1220 1921 1309 1989 μὶν
1334 1919 1592 1995 ὑπάρχειν
1632 1916 1819 1977 ἀκούει,
1864 1910 1947 1967 διὰ
1975 1908 2028 1965 δέ
2057 1912 2115 1965 τὸ

522 2021 573 2074 ἕν
602 2022 754 2093 πείρᾳ
776 2002 910 2072 «αὑτά
940 2020 1008 2087 μή
1035 2017 1315 2089 γινώσκειν,
1347 2012 1498 2071 άληθὴ
1527 2011 1654 2065 αὑτά
1674 2006 1793 2063 εἶναι
1814 2010 2112 2065 ἀπιστήσει.

521 2112 699 2170 Οὕτως
728 2119 754 2145 ἰ
787 2110 837 2162 ἓν
859 2110 1021 2178 ταύτῃ
1128 2113 1219 2165 τῆς
1246 2102 1441 2177 ἐξορίας
1469 2102 1637 2154 αὑτῶν
1661 2098 1911 2169 τυφλώσει
1936 2118 2111 2170 γεννη-

522 2205 691 2263 θέντες
721 2204 766 2258 οἱ
798 2199 1078 2275 ἅνθρωποι,
1112 2197 1283 2268 ὑψηλά
1316 2198 1400 2249 καὶ
1437 2196 1624 2249 ἀθέατα
1656 2193 1925 2251 ἀκούοντες
1949 2192 2117 2265 ὑπάρ-

524 2317 664 2370 χειν,
693 2302 859 2351 ταῦτα
888 2290 1263 2347 δυσπιστοῦσιν
1286 2291 1327 2342 εἰ
1356 2286 1434 2342 ἐπ’
1459 2287 1692 2345 ἀληθείας
1714 2288 1833 2339 εἰσί.
1860 2284 1996 2338 Μόνα
2014 2285 2117 2358 γάρ

520 2394 692 2444 ταῦτα
712 2388 1026 2460 γινώσκουσι
1047 2385 1112 2438 τά
1146 2382 1317 2454 οἰκτρὰ
1340 2382 1423 2434 καί
1452 2378 1682 2455 ὁρώμενα
1703 2420 1715 2442 ,
1746 2378 1795 2429 ἐν
1824 2372 1898 2435 οἷς
1928 2376 2120 2446 ὶγεννή-

522 2481 703 2538 θησαν.
721 2458 877 2530 νὈθεν
1087 2475 1259 2528 λοιπὸν
1280 2479 1479 2545 γέγονεν
1506 2470 1589 2523 ἵνα
1616 2469 1771 2527 αὐτὸς
1798 2466 1821 2520 ὁ
1844 2472 1944 2519 τῶν
1968 2468 2123 2540 άοράυ

524 2593 627 2631 των
649 2575 730 2624 καὶ
753 2569 1015 2645 ὁρωμένων
1048 2568 1281 2630 κτίστης,
1316 2564 1340 2619 6
1366 2566 1633 2635 μονογενής
1660 2566 1748 2615 τοῦ
1793 2559 1987 2631 Πατρός
2014 2557 2126 2617 Υἱὸς

531 2665 609 2723 εἰς
654 2666 742 2720 τήν
780 2667 869 2715 τοῦ
912 2659 1222 2729 ἀνθρωπίνου
1269 2656 1441 2728 γένους
1483 2654 1734 2727 λύτρωσιν
1764 2649 1905 2722 ἔλθη,
1946 2652 2029 2703 καί
2072 2648 2130 2704 τὸ

529 2762 735 2826 πνεῦμα
758 2754 918 2809 αὑτοῦ
947 2754 1005 2807 τὸ
1034 2751 1172 2823 ἅγιον
1211 2752 1261 2804 ἄν
1291 2756 1404 2809 ταῖς
1433 2746 1663 2823 καρδίαις
1696 2748 1835 2815 ἡμῶν
1860 2745 2126 2818 εἰσοικίσῃ,

533 2846 677 2905 ὅπως
718 2845 779 2901 δι’
827 2848 983 2900 αὑτοῦ
1024 2842 1442 2907 ζωοποιηθέντες,
1478 2840 1872 2907 πιστεύσωμεν,
1904 2838 2023 2909 περὶ
2064 2833 2131 2889 ὧν

531 2943 694 3012 ἀκμὴν
725 2940 812 2996 διὰ
838 2943 1020 3015 πείρας
1053 2939 1101 2990 ἐν
1129 2939 1311 3011 γνώσει
1332 2935 1567 3006 γενέσθαι
1595 2933 1652 2986 οὑ
1686 2929 1958 3001 δυνάμεθα.
1981 2924 2131 2982 Ὀσοι

534 3028 622 3089 οὖν
666 3036 724 3089 τὸ
752 3038 955 3101 πνεῦμα
999 3036 1152 3084 τοῦτο
1200 3035 1289 3086 τῆς
1325 3026 1658 3102 κληρονομίας
1699 3026 1838 3093 ἡμῶν
1885 3023 2130 3092 ἐνέχυρον

534 3124 800 3193 ἆλάϐομεν,
832 3125 954 3195 περὶ
992 3128 1085 3181 τῆς
1131 3127 1231 3174 τῶν
1260 3118 1485 3195 ἀοράτων
1531 3121 1663 3180 ζωῆς
1708 3118 1765 3168 οὐ
1806 3113 2126 3185 διστάζομεν.

2223 1892 2353 1949 bilia
2383 1903 2665 1949 noverunt.
2695 1894 2854 1965 373
2879 1894 3029 1950 Unde
3052 1894 3252 1950 factum
3284 1906 3367 1952 est
3392 1908 3452 1954 ut
3480 1900 3595 1967 ipse
3622 1902 3799 1955 invisi-

2224 1986 2409 2042 bilium
2442 1999 2495 2040 et
2526 1987 2812 2042 visibilium
2863 1990 3087 2043 Creator
3112 1990 3178 2043 ad
3210 1990 3428 2044 humani
3470 1992 3688 2060 generis
3731 2006 3807 2047 re-

2228 2078 2592 2146 demptionem
2653 2078 2967 2148 Unigenitus
3011 2079 3184 2135 Patris
3214 2084 3442 2147 veniret,
3484 2092 3537 2136 et
3568 2094 3805 2138 sanctum

2228 2170 2490 2238 Spiritum
2512 2169 2578 2223 ad
2609 2170 2769 2224 corda
2802 2182 2984 2227 nostra
3014 2174 3273 2239 mitteret,
3298 2184 3564 2244 quatenus
3586 2191 3805 2243 pereunt

2223 2262 2477 2319 viviﬁcati
2523 2263 2888 2331 crederemus,
2941 2280 3060 2335 qum
3109 2265 3285 2321 adhuc
3313 2268 3449 2322 scire
3492 2283 3584 2336 per
3614 2268 3810 2338 experi-

2225 2366 2464 2413 mentum
2489 2371 2593 2409 non
2618 2372 2922 2424 possumus.
2953 2359 3228 2429 Quotquot
3254 2376 3383 2431 ergo
3406 2362 3547 2416 hunc
3573 2363 3807 2433 spiritum

2229 2446 2562 2503 hatreditatis
2587 2460 2783 2504 nostrae
2815 2453 3003 2521 pignus
3032 2453 3337 2523 accepimus
3374 2455 3596 2527 (Ephes.
3627 2473 3669 2523 ι,
3708 2457 3807 2527 Η),

2231 2539 2299 2596 de
2327 2542 2433 2595 vita
2483 2541 2829 2597 invisibilium
2862 2560 2965 2599 non
3005 2547 3330 2603 dubitamus.
3361 2548 3616 2619 Quisquis
3637 2560 3809 2606 autem

2234 2632 2289 2687 in
2315 2634 2410 2685 hac
2437 2632 2753 2689 credulitate
2777 2636 2952 2692 adhuc
2976 2638 3178 2693 solidus
3208 2655 3311 2693 non
3351 2653 3452 2707 est,
3486 2642 3651 2697 debet
3683 2656 3799 2712 pro-

2234 2726 2321 2779 cul
2349 2722 2511 2779 dubio
2544 2725 2809 2796 majorum
2839 2730 2995 2785 dictis
3030 2731 3189 2787 ﬁdem
3223 2735 3481 2803 praabere,
3506 2736 3701 2806 eisque
3716 2737 3811 2807 jam

2232 2833 2331 2890 per
2376 2818 2633 2887 Spiritum
2686 2833 2926 2877 sanctum
2976 2826 3325 2882 invisibihum
3388 2830 3813 2901 experimentum

2240 2906 2559 2965 habentibus
2584 2912 2830 2978 credere,
2861 2930 2984 2985 quia
3018 2928 3070 2970 et
3100 2919 3293 2972 stultus
3322 2928 3404 2973 est
3460 2935 3591 2985 puer
3619 2923 3670 2974 si
3714 2936 3815 2975 ma-

2239 3005 2378 3054 trem
2412 3000 2533 3073 ideo
2568 3003 2800 3058 testimet
2843 3007 2910 3061 de
2960 3006 3083 3063 luce
3133 3011 3368 3077 mentiri,
3398 3012 3518 3079 quia
3545 3011 3666 3081 ipse
3700 3011 3818 3066 nihil

2239 3093 2382 3147 aliud
2414 3109 2571 3164 quam
2596 3097 2846 3151 tenebras
2868 3100 3105 3155 carceris
3135 3102 3370 3170 agnovit.

533 3213 720 3275 Ὀστις
762 3213 816 3268 δέ
858 3213 1018 3282 ἀκμήν
1063 3211 1115 3265 ἄν
1141 3218 1203 3286 τῇ
1234 3211 1550 3284 πληροφορίᾳ
1584 3207 1747 3277 ταύτῃ
1792 3204 2132 3283 ἑδραιώμενος
2170 3204 2263 3262 οὑκ
2297 3207 2465 3272 ἔστιν,
2494 3211 2673 3282 ὀφείλει
2700 3211 2877 3268 ἑαυτὸν
2905 3212 3026 3270 ἄνευ
3065 3215 3344 3291 δισταγμοῦ
3370 3227 3477 3279 τοῖς
3506 3227 3609 3276 τῶν
3624 3219 3815 3276 τελείων

539 3307 733 3385 ἀνδρῶν
778 3305 945 3378 λόγοις
982 3305 1111 3376 πρὸς
1156 3303 1327 3358 πίστιν
1370 3300 1649 3365 ἐπιδοῦναι,
1699 3308 1808 3359 τοῖς
1851 3297 1944 3358 ἤδη
1981 3300 2152 3355 λοιπόν
2178 3300 2262 3357 διὰ
2279 3311 2370 3358 τοῦ
2396 3305 2545 3379 ἁγίου
2574 3306 2870 3379 πνεύματος
2897 3318 2995 3365 τῶν
3033 3312 3264 3387 ἀοράτων
3292 3312 3320 3350 b
3344 3320 3432 3372 τὴν
3459 3324 3637 3391 πεῖραν
3670 3314 3820 3387 ἔχον.

540 3425 620 3470 σι,
641 3404 725 3455 καί
749 3402 917 3461 αὐτοῖς
953 3406 1256 3455 πιστεῦσαι.
1291 3400 1510 3457 Μάταιος
1548 3397 1647 3468 γὰρ
1677 3395 1850 3449 λοιπόν
1881 3396 2021 3449 ἔστιν
2046 3396 2226 3457 ἐκεῖνος
2250 3395 2275 3451 6
2305 3406 2451 3463 παῖς,
2476 3401 2557 3454 ἐάν
2581 3398 2663 3453 διὰ
2691 3406 2846 3456 τοῦτο
2870 3406 2989 3475 περὶ
3014 3410 3104 3459 τοῦ
3127 3406 3287 3477 φωτὸς
3307 3410 3501 3476 νομίζει
3519 3411 3609 3466 την
3635 3407 3820 3464 ἑαυτοῦ

538 3494 739 3569 μητέρα
765 3491 1070 3564 ψεύδεσθαι,
1106 3489 1193 3547 διά
1217 3492 1273 3545 τὸ
1296 3490 1472 3543 ἐκεῖνον
1505 3485 1660 3560 μηδὲν
1684 3488 1855 3562 ἕτερον
1886 3490 2168 3557 γινώσκειν,
2199 3491 2244 3543 εἰ
2268 3493 2339 3562 μὴ
2365 3489 2423 3543 τό
2444 3497 2535 3549 τῆς
2561 3490 2785 3563 φυλακῆς
2818 3490 3025 3556 σκότος.

612 3601 779 3645 ΠΕΤΡ.
808 3590 1032 3665 ’Δρέσκει
1059 3586 1252 3664 σφόδρα
1281 3582 1306 3640 ὂ
1334 3586 1515 3655 λέγεις.
1549 3593 1605 3635 ‘0
1634 3581 1687 3636 δὲ
1728 3583 1797 3635 τά
1834 3580 2026 3654 ἀόρατα
2065 3588 2125 3653 μή

2318 3584 2486 3637 Ρετιι.
2531 3584 2717 3640 Placet
2745 3589 2901 3643 valde
2945 3588 3085 3659 quod
3114 3589 3267 3644 dicis.
3301 3590 3407 3646 Sed
3422 3592 3521 3661 ,qui
3550 3606 3680 3649 esse
3706 3593 3822 3649 invi-

541 3681 800 3740 πιστεύων
829 3670 954 3734 εἶναι
983 3678 1248 3750 ἀσφαλῶς.
1286 3674 1367 3730 ὅτι
1404 3673 1627 3735 ἄπιστός
1665 3675 1823 3726 ἐστιν.
1860 3670 2038 3732 Ὀστις
2081 3670 2134 3727 δέ

544 3771 769 3833 ἄπιστος
798 3773 1066 3847 ὑπάρχει,
1103 3772 1152 3822 ἐν
1181 3763 1253 3838 τῷ
1286 3768 1553 3842 πράγματι
1590 3762 1715 3837 ὅπερ
1769 3761 2029 3830 διστάζει,
2080 3761 2141 3817 οὗ

547 3868 692 3931 ζητεί
716 3868 913 3929 πίστιν,
945 3860 1071 3915 ἀλλὰ
1098 3858 1453 3931 πληροφορίαν.

1180 3957 1366 4001 ΚΕΦΛΛ
1378 3984 1393 3999 .
1426 3957 1457 3998 Β
1476 3985 1490 3997 .

804 4035 920 4093 Ὀτι
950 4035 1067 4092 ἄνευ
1098 4038 1325 4097 πίστεως
1354 4035 1469 4091 οὑδέ
1501 4036 1526 4091 6
1557 4034 1777 4097 ἄπιστος
1804 4040 1885 4112 ζῇ.

624 4136 960 4185 ΙἹἯΓΟΡΙΟΣ.
993 4129 1170 4200 Τολμῶ
1200 4125 1255 4181 δέ
1288 4126 1445 4199 λέγειν
1474 4124 1551 4182 ὅτι
1598 4124 1716 4181 ἄνευ
1761 4131 1985 4186 πίστεως
2026 4122 2144 4180 οὔτε

552 4218 817 4281 ὁᾶπιστος
843 4224 924 4295 ζῇ.
955 4218 1069 4272 Ἐὰν
1095 4219 1193 4291 γὰρ
1234 4212 1320 4271 τόν
1367 4214 1585 4271 ἄπιστον
1631 4217 1885 4292 ἐρωτῆσαι
1931 4217 2143 4283 θελήσω,

552 4320 667 4372 τίνα
693 4314 913 4387 πατέρα,
943 4310 972 4371 ἧ
1001 4311 1112 4366 τίνα
1139 4312 1336 4384 μητέρα
1359 4307 1502 4379 ἴχει;
1536 4308 1765 4381 παρευθὺ
1796 4309 2145 4382 ἀποκρίνεται,

558 4408 762 4469 ἐκεῖνον,
794 4404 1033 4459 κάκείνην.
1058 4398 1263 4455 Ὀντινα
1293 4400 1443 4454 πάλιν
1474 4400 1556 4453 ἐάν
1577 4401 1828 4471 ἀνακρίνω
1850 4400 1891 4450 εἰ
1914 4400 2149 4467 γινώσκει

555 4499 681 4553 πότε
712 4497 1009 4568 συνελήφθη,
1038 4494 1069 4555 ἧ
1098 4498 1184 4550 ἐὰν
1225 4496 1471 4568 ἐθεώρησε
1502 4494 1626 4548 πότε
1657 4494 1885 4565 ἐγενήθη;
1920 4491 2056 4547 οὐδὲν
2094 4493 2147 4546 ἐκ

555 4596 751 4649 τούτων
775 4591 950 4646 ἑαυτὸν
975 4598 1176 4664 γνῶναι,
1200 4589 1230 4648 ἣ
1252 4589 1533 4643 θεάσασθαι
1571 4586 1803 4658 ὁμολογεῖ
1809 4629 1823 4654 ,
1857 4586 1983 4644 πλὴν
2009 4584 2150 4656 ὅμως

557 4688 638 4741 καὶ
680 4683 810 4755 ὅπερ
854 4685 945 4737 οὑκ
975 4679 1076 4736 οἶδε
1113 4683 1362 4736 πιστεύει·
1408 4681 1583 4733 ἐκεῖνον
1613 4677 1666 4733 δὲ
1694 4680 1895 4753 πατέρα
1925 4679 2150 4736 κάκείνην

559 4780 756 4856 μητέρα
781 4777 1066 4847 ἐσχηκέναι
1091 4773 1269 4828 ἑαυτὸν
1300 4769 1416 4826 ἄνευ
1447 4771 1733 4845 δισταγμοῦ
1761 4778 2039 4845 μαρτυρεῖ.

2249 3673 2424 3729 sibilia
2456 3690 2564 3729 non
2593 3678 2787 3748 credit,
2839 3679 3081 3748 profecto
3114 3682 3345 3738 inﬁdelis
3393 3693 3509 3750 est;
3563 3685 3658 3757 qui
3713 3702 3824 3741 vero

2248 3767 2484 3822 inﬁdelis
2514 3778 2621 3836 est,
2654 3772 2705 3825 in
2756 3787 2821 3828 eo
2848 3774 2988 3843 quod
3020 3775 3248 3843 dubitat,
3278 3775 3437 3832 ﬁdem
3465 3792 3573 3833 non
3619 3780 3823 3849 querit.

2244 3861 2341 3918 sed
2373 3862 2657 3919 rationem.

2871 3957 3099 4017 CAPUT
3139 3961 3205 4017 ll.

2532 4048 2685 4114 Quod
2711 4050 2820 4105 sine
2845 4052 2947 4123 ﬁde
2972 4070 3131 4125 neque
3159 4055 3383 4125 inﬁdelis
3399 4059 3551 4113 vivat.

2318 4139 2644 4198 GBEGOBIUS.
2684 4154 2705 4181 θ
2747 4146 3022 4201 Audenter
3053 4149 3195 4214 dico,
3227 4152 3349 4218 quia
3380 4153 3495 4207 sine
3527 4152 3639 4209 ﬁde
3671 4168 3828 4225 neque

2248 4231 2489 4289 inﬁdelis
2517 4234 2666 4289 vivit.
2692 4236 2821 4290 Nam
2853 4238 2900 4291 si
2931 4240 3179 4295 eumdem
3212 4242 3477 4297 inﬁdelem
3504 4246 3829 4313 percunctari

2252 4325 2499 4395 voluero,
2531 4342 2687 4395 quem
2722 4338 2927 4398 patrem
2979 4331 3065 4386 vel
3094 4347 3250 4401 quam
3300 4341 3527 4389 matrem
3569 4334 3827 4402 habuerit,

2250 4419 2492 4488 protinus
2528 4422 2897 4489 respondebit,
2922 4423 3069 4478 illum
3093 4435 3254 4493 atque
3281 4425 3445 4481 illam.
3474 4426 3650 4495 Quem
3674 4431 3716 4484 si
3742 4438 3833 4482 sta-

2253 4512 2347 4566 tim
2382 4511 2653 4579 requiram
2679 4524 2934 4570 utrumue
2964 4517 3169 4570 noverit
3196 4519 3408 4587 quando
3437 4530 3736 4589 conceptus
3751 4521 3829 4583 sit,

2251 4607 2337 4661 vel
2367 4607 2560 4660 viderit
2588 4609 2799 4677 quando
2827 4618 3010 4675 natus,
3043 4610 3173 4664 nihil
3217 4612 3404 4666 horum
3445 4628 3503 4667 se
3542 4614 3629 4670 vel
3657 4630 3832 4680 nosse,

2253 4700 2337 4753 vel
2360 4698 2558 4754 vidisse
2587 4698 2863 4767 fatebitur,
2882 4711 2937 4757 et
2967 4711 3145 4757 tamen
3163 4705 3307 4774 quod
3336 4720 3443 4759 non
3464 4705 3620 4771 vidit,
3646 4706 3827 4761 credit.

2246 4789 2387 4846 Nam
2429 4791 2578 4845 illum
2634 4800 2844 4861 patrem
2899 4794 3152 4865 illamque
3200 4806 3260 4851 se
3308 4795 3565 4854 habuisse
3614 4811 3833 4853 matrem

2253 4881 2456 4951 absque
2481 4883 2812 4940 dubitatione
2845 4895 3089 4941 testatur.

630 4992 798 5037 IlETP.
828 4979 1086 5051 Ὀμολογῶ
1116 4982 1188 5049 μή
1211 4979 1474 5050 γινώσκειν
1498 4995 1559 5046 με
1595 4974 1692 5034 ἕως
1718 4978 1808 5026 τοῦ
1838 4977 1925 5025 νῦν
1961 4968 2042 5027 ὅτι
2071 4993 2125 5026 κα

2329 4974 2499 5029 Pera.
2535 4975 2731 5033 Fateor
2759 4981 2880 5047 quia
2913 4994 3054 5035 nunc
3082 4995 3253 5051 usque
3298 4981 3503 5038 nescivi
3548 4981 3696 5054 quod
3726 4979 3835 5036 inﬁ-

560 5074 587 5132 6
618 5072 836 5133 ἄπιστος
857 5076 1029 5128 πίστιν
1058 5069 1195 5141 ἔχει.

631 5178 879 5224 PPHI‘OP.
909 5163 1135 5238 Ἐχουσι
1163 5166 1252 5238 μὲν
1281 5162 1367 5219 οὖν
1391 5165 1476 5218 καί
1499 5162 1544 5216 oi
1576 5158 1787 5216 ἄπιστοι
1813 5164 2014 5225 πίστιν,
2045 5161 2147 5215 ἀλλ’

566 5262 659 5320 εἴθε
688 5266 759 5321 εἰς
782 5261 864 5314 τὸν
893 5260 1034 5326 Θεὸν,
1058 5259 1214 5330 ἣνπερ
1236 5257 1322 5314 ἐάν
1349 5252 1589 5329 ἀσφαλῶς
1620 5257 1903 5321 ἐκέκτηντο,
1936 5252 2152 5311 ἄπιστοι

566 5352 692 5413 εἶναι
716 5356 802 5409 οὐκ
824 5348 985 5422 εἶχον.
1009 5350 1089 5408 Ἐκ
1118 5354 1306 5410 τούτου
1336 5350 1388 5407 δὲ
1415 5352 1487 5411 εἰς
1511 5355 1599 5410 τὴν
1625 5358 1717 5413 τῆς
1742 5354 1971 5415 πίστεως
1996 5355 2152 5426 χάριν

643 5556 667 5623 ξι
699 5545 819 5623 δίδη
850 5547 898 5601 ἐν
928 5550 1100 5618 τούτῳ
1129 5554 1201 5618 τῷ
1231 5544 1405 5617 κόσμῳ
1430 5545 1737 5619 γεννηθέντες
1762 5545 1807 5600 οἱ
1838 5542 2115 5623 ἅνθρωποι.

646 5618 670 5657 δ
698 5618 818 5681 Μεη
848 5625 940 5678 τήν
965 5628 1168 5690 γνῶσιν.

649 5702 669 5728 ε
705 5690 950 5761 Plerique
974 5687 1161 5745 'Norm.
1188 5698 1242 5745 et
1263 5687 1383 5743 Val.
1414 5688 1525 5757 CL,
1558 5688 1804 5747 nullus...
1830 5691 2154 5762 experimen-

575 5772 685 5819 tum
710 5769 861 5814 tenet.

647 5830 674 5872 ἀ
704 5829 817 5887 Duo
837 5832 1067 5901 Theod.,
1100 5833 1205 5887 hac
1232 5832 1457 5901 inﬁrma.

2254 5069 2392 5128 delis
2424 5077 2641 5130 haberet
2669 5077 2850 5131 ﬁdem.

2330 5167 2569 5225 Gnecon.
2609 5168 2628 5209 ί
2663 5171 2870 5227 Habent
2899 5172 3065 5227 etiam
3112 5171 3357 5229 inﬁdeles
3397 5172 3581 5241 ﬁdem,
3613 5169 3711 5227 sed
3739 5170 3835 5224 uti-

2259 5277 2383 5318 nam
2415 5264 2467 5319 in
2526 5266 2715 5321 Deum.
2762 5268 2930 5333 Quam
2986 5266 3031 5321 si
3075 5270 3255 5336 utique
3286 5268 3566 5332 haberent,
3601 5263 3836 5320 inﬁdeles

2264 5369 2369 5410 non
2387 5364 2589 5412 essent.
2609 5356 2714 5412 Sed
2738 5355 2931 5412 hinciu
2953 5371 3047 5411 sua
3071 5357 3291 5426 perﬁdia
3317 5355 3674 5429 redarguendi
3697 5362 3835 5417 sunt,

2337 5556 2361 5585 ο
2390 5546 2554 5603 lidem
2608 5547 2851 5613 Codices,
2894 5546 3168 5602 evidenter.
3214 5548 3341 5615 Qua:
3392 5559 3525 5601 vero
3552 5545 3636 5599 hic
3688 5544 3843 5598 docet

2263 5630 2482 5675 sanctus
2509 5620 2819 5687 Gregorius.
2860 5621 2985 5687 jam‘
3008 5620 3075 5672 ab
3108 5622 3343 5673 Arnobio
3372 5634 3564 5689 magna
3594 5632 3660 5673 ex
3698 5624 3844 5685 parte

2262 5691 2403 5746 dicta
2425 5702 2476 5744 et
2502 5702 2757 5758 occupata
2793 5693 2929 5746 libro
2959 5693 3197 5745 secundo
3226 5692 3348 5746 adv.
3381 5690 3600 5745 Gentes.

2340 5761 2509 5901 fﬁBuo
2536 5762 2743 5819 Gemet.
2771 5780 2835 5819 ac
2858 5764 3029 5831 Pral.,
3052 5762 3239 5817 habent
3272 5765 3419 5817 etiam
3448 5760 3595 5831 inﬁd.
3643 5773 3848 5813 πείσειε

2436 5850 2537 5889 em.

2266 5844 2335 5890 εει
2364 5844 2537 5890 ﬁdem.
