3998 6356
268 331 371 396 521

1503 327 1957 389 DIALOGORUM
1999 318 2201 381 LIBER
2240 315 2305 373 ιν
2318 358 2332 371 .

3447 301 3557 368 51⁸2

266 451 400 511 hinc
422 452 489 509 ad
518 450 644 507 tidei
668 450 895 522 gratiam
925 451 1282 521 provocandi,
1304 452 1428 522 quia
1459 450 1506 507 si
1530 450 1598 507 de
1618 451 1737 521 ipso
1758 463 1860 504 suo

1987 440 2300 518 τροσκλητέοι
2344 434 2496 496 ιίσίν,
2523 427 2602 485 ὅτι
2632 426 2687 483 ἐκ
2727 431 2819 488 τῆς
2848 422 2979 487 ἰδίας
3006 423 3171 482 αύτῶν
3202 423 3558 499 διελέγχοντα

270 546 472 603 visibili
501 561 733 614 corpore
753 544 977 600 credunt
1008 544 1149 615 quod
1182 544 1402 601 minime
1446 545 1721 610 viderunt,
1765 557 1864 597 cur

267 636 565 694 invisibilia
584 653 694 693 non
724 636 974 704 credunt,
997 650 1120 707 quae
1151 636 1505 706 corporaliter
1545 634 1721 692 videri
1754 648 1865 690 non

264 736 500 804 possunt
517 744 534 796 ;

876 883 1103 941 CAPUT
1154 882 1242 939 HI.

529 976 687 1044 Quod
709 984 811 1031 tres
840 979 1016 1032 vitales
1046 979 1258 1048 spiritus
1287 986 1406 1031 sunt
1439 977 1616 1033 creati.

350 1071 484 1126 Nam
515 1071 639 1140 quia
664 1078 788 1140 post
814 1078 1044 1125 mortem
1078 1071 1262 1125 carnis
1306 1070 1455 1123 vivat
1494 1072 1694 1138 anima,
1723 1075 1870 1140 patet

278 1165 448 1232 ratio,
475 1163 572 1220 sed
597 1165 719 1219 tidei
748 1162 995 1219 admista.
1025 1164 1160 1220 Tres
1191 1165 1387 1234 quippe
1416 1164 1609 1220 vitales
1648 1165 1869 1233 spiritus

276 1258 490 1312 creavit
512 1256 853 1326 omnipotens
877 1256 1014 1311 Deus
1041 1274 1053 1309 :
1084 1272 1250 1310 unum
1282 1258 1373 1327 qui
1417 1272 1583 1313 carne
1609 1271 1718 1312 non
1741 1257 1869 1327 tegi-

274 1359 397 1416 tur;
425 1347 590 1403 alium
616 1348 710 1419 qui
732 1363 893 1403 carne
920 1348 1138 1418 tegitur,
1159 1349 1258 1404 sed
1286 1364 1394 1405 non
1419 1365 1543 1406 cum
1568 1365 1729 1406 carne
1750 1364 1867 1406 mo-

280 1442 457 1507 ritur;
488 1440 702 1497 tertium
735 1442 829 1511 qui
858 1456 1023 1497 carne
1051 1442 1266 1511 tegitur,
1309 1454 1364 1499 et
1413 1459 1534 1499 cum
1563 1459 1725 1500 carne
1752 1459 1871 1500 mo-

280 1531 447 1586 ritur.
470 1531 703 1601 Spiritus
734 1546 968 1601 namque
987 1542 1071 1588 est
1098 1535 1187 1604 qui
1208 1549 1371 1591 carne
1396 1550 1501 1591 non
1533 1536 1745 1607 tegitur,
1773 1552 1870 1591 an-

275 1620 519 1690 gelorum
546 1637 562 1686 ;
595 1620 815 1688 spiritus
843 1622 933 1690 qui
969 1636 1130 1677 carne
1177 1627 1391 1694 tegitur,
1437 1626 1532 1680 sed
1561 1642 1682 1681 cum
1709 1640 1871 1681 carne

272 1725 385 1764 non
415 1712 667 1776 moritur,
702 1711 1009 1779 hominum;
1044 1713 1264 1784 spiritus
1317 1717 1405 1786 qui
1456 1731 1618 1773 carne
1649 1718 1866 1787 tegitur,

1968 516 2305 589 δζισπιστίας.
2335 527 2448 580 Ἐὰν
2469 523 2565 599 γὰρ
2594 524 2712 598 περί
2741 526 2831 575 τοῦ
2853 517 2980 572 ἰδίου
3012 521 3253 589 σώματος
3279 516 3558 572 πιστεύου-

1967 647 2071 692 σιν,
2104 623 2228 698 ὅπερ
2259 621 2487 693 οὐδαμῶς
2519 616 2807 679 ἐθεάσαντο,
2841 611 2976 667 διατί
2996 616 3081 666 καί
3118 613 3364 687 περὶτῶν
3402 612 3561 684 ἀορά-

1967 736 2069 771 των
2108 716 2167 768 ού
2210 711 2561 773 πιστεύουσιν,
2605 703 2736 780 ἅπερ
2767 709 3065 774 σωματικῶς·
3091 704 3346 774 θεωρῆσαι
3374 698 3432 756 οῦ
3462 696 3560 754 δύ·-

1968 828 2148 864 νανται
2161 823 2175 873 ;

2599 877 2823 924 ΚΕΦΑΛ.
2863 866 2934 922 Γ’.

2148 964 2265 1023 Ὀτι
2292 966 2413 1043 τρία
2439 961 2635 1020 ἔκτισεν
2664 961 2690 1017 ὁ
2716 962 2840 1021 Θεὸς
2870 958 3059 1024 ζωτικά
3085 957 3374 1030 πνεύματα.

2041 1058 2161 1116 Ὀτι
2180 1053 2265 1113 οῦν
2285 1059 2415 1129 μετὰ
2436 1057 2520 1110 τὸν
2539 1056 2755 1109 θάνατον
2781 1060 2872 1113 τῆς
2904 1052 3091 1124 σαρκὸς
3116 1053 3329 1113 ζήσεται
3357 1049 3386 1106 ἡ
3407 1046 3563 1118 ψυχή

1970 1149 2057 1208 διὰ
2083 1159 2175 1211 τῆς
2202 1149 2475 1222 ἀπολογίας
2498 1144 2762 1209 ἀποδεῖξαι
2790 1144 3126 1219 πειράσομαι,
3167 1141 3566 1215 συντρεχούσης

1971 1242 2196 1302 δηλονότι
2239 1250 2329 1301 τῆς
2372 1242 2617 1300 πίστεως.
2663 1242 2793 1309 Τρία
2842 1241 3006 1293 τοίνυν
3058 1229 3249 1300 ζωτικᾶ
3292 1234 3566 1305 πνεύματα

1972 1336 2171 1393 ἔκτισιν
2197 1334 2223 1391 ὃ
2250 1332 2634 1404 παντοδύναμος
2664 1334 2855 1406 κύριος’
2882 1329 2956 1396 ἓν,
2983 1326 3108 1403 ὅπερ
3145 1330 3297 1402 σαρκὶ
3322 1326 3381 1380 ού
3411 1322 3566 1379 καλύ-

1971 1451 2176 1486 πτεται.
2202 1425 2406 1504 Ἐτερον
2436 1426 2522 1494 δέ,
2555 1430 2709 1500 σαρκί
2747 1426 2837 1496 μέν
2872 1434 2892 1459 ε
2925 1421 3301 1495 καλυπτόμενον
3320 1460 3334 1485 ,
3362 1422 3482 1489 ούχί
3513 1416 3567 1472 δὲ

1975 1519 2085 1593 ἅμα
2110 1529 2172 1594 τῇ
2195 1523 2353 1596 σαρκί
2373 1520 2713 1577 ἀποθνῆσκον.
2740 1516 2807 1570 Τὸ
2837 1513 2889 1570 δὲ
2917 1514 3111 1589 τρίτον,
3142 1515 3292 1586 σαρκί
3312 1510 3567 1565 καλυπτὸ-

1974 1632 2135 1683 μενον,
2184 1616 2264 1666 καὶ
2307 1612 2438 1681 μετὰ
2468 1618 2557 1670 τῆς
2603 1610 2790 1679 σαρκὸς
2847 1606 3183 1663 ἀποθνῆσκον.
3236 1608 3436 1675 Πνεῦμα
3484 1594 3570 1653 οὖν

1980 1708 2140 1781 σαρκί
2166 1710 2236 1775 μή
2264 1703 2641 1776 καλυπτόμενόν
2684 1704 2792 1757 ἐστι
2831 1700 2888 1755 τὸ
2916 1706 3016 1753 τῶν
3051 1696 3288 1771 ἀγγέλων.
3318 1697 3384 1748 Τὸ
3414 1692 3467 1747 δέ
3506 1699 3570 1767 τῇ

279 1813 482 1858 etcum
509 1818 674 1860 carne
699 1807 947 1873 moritur,
972 1808 1339 1875 iumentorum
1367 1814 1715 1879 omniumque
1742 1811 1867 1866 bru-

1987 1798 2127 1868 τονρκί
2152 1796 2524 1867 καλυπτόμενον
2548 1799 2766 1863 πνεῦμα,
2792 1793 2849 1845 ού
2879 1791 3008 1862 μετὰ
3034 1796 3127 1849 τῆς
3147 1786 3337 1862 σαρκὸς
3360 1782 3414 1839 δέ
3442 1786 3578 1837 ἀπο·

281 1905 463 1951 torum
492 1896 826 1953 animalium.
855 1898 1027 1954 Homo
1061 1901 1241 1972 itaque
1266 1903 1405 1958 sicut
1430 1904 1485 1957 in
1515 1904 1693 1958 medio
1716 1919 1869 1959 crea-

272 1998 365 2043 tus
396 1997 501 2055 est,
535 1997 592 2043 ut
619 2000 763 2044 esset
806 1990 1029 2047 interior
1083 1993 1299 2062 angelo,
1333 1996 1580 2064 superior
1602 1994 1870 2065 jumento,

272 2080 351 2135 ita
377 2080 579 2151 aliquid
598 2082 759 2137 habet
789 2097 1076 2140 commune
1096 2100 1221 2140 cum
1255 2101 1491 2155 summo,
1508 2088 1707 2157 aliquid
1730 2103 1873 2143 com-

279 2188 447 2229 mune
490 2188 612 2229 cum
663 2174 849 2229 intimo
880 2193 895 2229 :
922 2177 1381 2234 immortalitatem
1414 2181 1622 2236 scilicet
1650 2180 1873 2250 spiritus

274 2278 402 2319 cum
432 2265 645 2333 angelo,
703 2266 1085 2323 mortalitatem
1130 2286 1258 2325 vero
1294 2272 1470 2326 rarnis
1517 2272 1872 2341 cumjumen-

280 2362 377 2420 to;
424 2356 583 2427 376
622 2371 900 2426 quousque
953 2366 1007 2413 et
1054 2360 1225 2431 ipsam
1283 2362 1663 2416 mortalitatem
1694 2363 1875 2419 carnis

274 2446 447 2517 gloria
478 2447 897 2503 resurrectionis
920 2449 1231 2518 absorbeat,
1250 2461 1304 2507 et
1326 2452 1636 2508 inhatrendo
1655 2454 1869 2522 spiritui

269 2553 405 2595 caro
433 2553 676 2595 servetur
705 2541 757 2595 in
784 2551 1124 2612 perpetuum,
1179 2544 1301 2610 quia
1350 2556 1405 2599 et
1437 2554 1461 2581 α
1491 2545 1608 2613 ipse
1648 2547 1874 2615 spiritus

277 2628 598 2685 inhaerendo
626 2631 776 2685 carni
802 2643 1055 2686 servatur
1078 2632 1129 2686 in
1159 2632 1348 2689 Deum.
1376 2634 1506 2701 Quae
1532 2645 1715 2691 tamen
1742 2652 1871 2691 caro

275 2735 385 2777 nec
414 2722 468 2776 in
498 2722 744 2791 reprobis
774 2721 917 2778 inter
937 2724 1203 2793 supplicia
1249 2727 1487 2796 perfecte
1515 2729 1716 2795 delicit,
1750 2731 1874 2796 quia

277 2826 499 2884 semper
528 2813 831 2869 deiicienda
859 2813 1139 2884 subsistit;
1170 2826 1230 2873 ut
1266 2821 1357 2889 qui
1409 2820 1598 2891 spiritu
1629 2830 1685 2876 et
1711 2838 1874 2879 carne

275 2916 667 2975 peccaverunt,
701 2921 917 2976 semper
942 2909 1306 2967 essentialiter
1344 2915 1609 2986 viventes,
1630 2924 1685 2971 et
1711 2928 1874 2972 carne

274 3003 341 3052 et
372 2995 562 3068 spiritu
589 2997 709 3054 sine
728 2996 834 3053 line
857 2998 1178 3055 moriantur.

275 3351 285 3358 ’
355 3361 529 3418 Pera.
568 3360 786 3421 Rationi
814 3363 1053 3422 ﬁdelium
1078 3365 1293 3437 placent
1340 3374 1536 3424 cuneta
1565 3381 1684 3438 quae
1716 3365 1868 3423 dicis.

272 3451 391 3511 Sed
416 3470 599 3525 quaeso
632 3465 707 3524 te,
737 3458 863 3513 dum
887 3460 1114 3530 spiritus
1162 3461 1439 3516 hominum
1468 3471 1628 3532 atque
1647 3464 1864 3531 iumen.

288 3556 471 3602 torum
501 3548 528 3586 δ
562 3559 706 3605 tanta
738 3551 1081 3608 distinctione
1121 3553 1418 3619 discernas,
1465 3553 1592 3619 quid
1622 3564 1703 3608 est
1731 3554 1874 3624 quod

280 3639 539 3697 Salomon
572 3644 686 3698 ait:
720 3642 844 3698 Dixi
870 3647 921 3698 in
953 3646 1106 3700 corde
1127 3662 1241 3700 meo
1270 3648 1332 3700 de
1359 3647 1483 3713 ﬁliis
1509 3646 1794 3712 hominum,
1817 3657 1871 3701 ut

279 3732 521 3800 probaret
565 3752 648 3790 eos
695 3735 855 3801 Deus,
906 3748 951 3791 et
1001 3741 1279 3793 ostenderet
1310 3739 1499 3794 similes
1525 3756 1633 3794 esse
1665 3741 1875 3808 bestiis;

285 3824 481 3880 idcirco
522 3843 654 3881 unus
697 3828 930 3884 interitus
974 3841 1052 3885 est
1091 3831 1313 3885 hominis
1340 3840 1388 3886 et
1400 3834 1773 3903 jumentorum,
1818 3840 1866 3885 et

280 3932 434 3984 (aqua
469 3920 731 3990 utriusque
783 3924 1011 3977 conditio
1039 3924 1238 3995 (Eccle.
1290 3941 1372 3993 ιιι,
1406 3924 1494 3992 i8)
1520 3924 1667 3993 iQui
1701 3926 1876 3980 adhuc

294 4010 545 4065 eamdem
564 4027 709 4067 suam
731 4018 1051 4071 sententiam
1067 4016 1335 4073 subtiliter
1349 4032 1676 4087 exsequens,
1694 4016 1884 4086 adjun-

293 4103 379 4173 git
412 4121 426 4156 :
459 4102 603 4159 Sicut
626 4109 841 4162 maritur
859 4109 1034 4175 homo,
1065 4110 1139 4165 sic
1168 4119 1214 4164 et
1241 4112 1333 4164 illa
1352 4111 1666 4177 moriuntur,
1698 4111 1885 4164 simili-

285 4202 375 4249 ter
401 4195 598 4265 spirant
628 4200 825 4265 omnia,
856 4208 903 4253 et
929 4202 1061 4256 nihil
1088 4201 1237 4256 habet
1289 4201 1440 4256 homo
1480 4203 1731 4273 jumentis
1774 4219 1884 4257 am-

284 4286 427 4356 plius
460 4285 654 4357 (lbid.,
687 4289 800 4359 i9).
829 4290 1034 4358 Quibus
1060 4291 1235 4348 adhuc
1259 4292 1441 4347 verbis
1463 4294 1763 4365 generalem
1786 4293 1882 4348 de-

283 4380 591 4437 ﬁnitionem
636 4382 899 4441 subinfert
932 4384 1119 4441 dicens
1170 4401 1189 4441 :
1237 4384 1431 4440 Cuncta
1483 4386 1747 4458 subjacent
1791 4400 1879 4439 tia-

283 4476 463 4545 m’tati,
495 4489 541 4532 et
589 4481 761 4533 omnia
812 4490 1030 4553 pergunt
1076 4480 1145 4533 ad
1190 4496 1351 4534 unum
1394 4479 1601 4544 locum;
1644 4481 1707 4533 de
1743 4491 1879 4535 terra

287 4577 433 4644 facta
462 4583 603 4639 sunt,
636 4583 685 4629 et
711 4575 765 4628 in
795 4584 986 4629 terram
1011 4577 1202 4645 pariter
1234 4581 1559 4629 revertuntur
1587 4572 1800 4646 (lbid.).

895 4752 1124 4812 CAPUT
1179 4753 1270 4811 ιν.

285 4844 372 4903 De
395 4850 682 4921 quastione
727 4848 1024 4903 Salomonis
1049 4865 1151 4921 qua
1179 4848 1372 4902 dicitur
1402 4861 1422 4901 :
1451 4846 1601 4904 Unus
1629 4845 1876 4905 interitus

667 4930 751 4975 est
772 4921 1002 4974 hominis
1028 4929 1082 4975 et
1109 4920 1495 4989 jumentorum.

365 5012 690 5070 Caesonius.
729 5012 1036 5070 Salomonis
1085 5012 1220 5066 liber
1272 5011 1327 5067 in
1376 5024 1484 5082 quo
1515 5010 1631 5068 haec
1675 5012 1877 5085 scripta

364 5161 388 5188 ι
421 5150 477 5203 In
501 5150 665 5219 priori
689 5149 900 5205 Gemet.
927 5148 1054 5205 olim
1084 5147 1378 5218 legebatur,
1422 5147 1533 5216 ipse
1551 5149 1763 5219 spiritus
1789 5150 1871 5203 in-

280 5220 531 5277 hcerendo
580 5231 811 5276 servatur
857 5223 907 5275 in
953 5221 1134 5283 Deum,
1186 5220 1385 5273 omissa
1432 5234 1585 5285 voce,
1616 5221 1777 5274 carni.
1815 5219 1873 5275 In

282 5300 462 5346 altero
511 5308 639 5346 vero
670 5295 902 5356 Gemet.,
936 5291 1045 5352 ipse
1072 5291 1285 5357 spiritus
1334 5300 1564 5344 servatur
1595 5291 1647 5344 in
1683 5290 1870 5346 Deum.

284 5358 513 5418 Gnecus
541 5366 795 5428 interpres
822 5364 1034 5415 videtur
1068 5364 1279 5430 legisse,
1302 5362 1425 5429 quia
1450 5371 1495 5415 et
1520 5361 1629 5429 ipse
1655 5362 1874 5430 spiritus

280 5435 592 5508 inha’rendo
616 5432 744 5499 Deo,
773 5435 827 5486 in
856 5451 912 5508 eo
936 5442 1188 5508 servatur,
1210 5433 1875 5508 πνεῦμαπροσκολλώμσνον

281 5515 365 5578 τῷ
398 5513 526 5575 Θεῷ.
557 5505 820 5578 (lu-terum
851 5507 916 5557 de
942 5504 1351 5578 Resurretrtioiie
1382 5504 1593 5571 vit7que
1616 5514 1759 5578 post
1788 5519 1876 5556 re-

282 5573 676 5629 surrectionem
710 5576 824 5643 lege
850 5576 1181 5639 Apostnlmn,
1214 5573 1231 5627 Ι
1265 5574 1387 5627 Cor.
1416 5591 1502 5637 xv,
1532 5582 1584 5627 et
1615 5574 1875 5641 interpre-

284 5658 372 5702 tes
401 5650 451 5699 in
475 5648 574 5699 hoc
603 5657 782 5713 caput,
810 5651 1039 5701 maxime
1075 5645 1300 5710 Estium,
1324 5645 1409 5697 ubi
1426 5656 1638 5698 sanctos
1665 5645 1773 5697 Pati
1787 5659 1870 5710 es,

278 5724 378 5789 qui
422 5718 490 5772 de
537 5720 931 5773 resurrectione
976 5718 1183 5789 doctius
1222 5718 1577 5785 scripserunt,
1629 5715 1874 5774 adductis

279 5788 534 5861 plurimis
561 5802 744 5843 eorum
776 5789 1116 5861 testimoniis,
1151 5788 1351 5861 laudat.

361 5858 391 5899 δ
417 5858 699 5927 Beccens.,
723 5868 864 5915 tanta
894 5860 1200 5915 discretione
1231 5858 1536 5930 distinguas.

1897 3225 1946 3290 C

1972 1891 2203 1953 θνῆσκον,
2233 1890 2294 1944 τὸ
2322 1895 2423 1944 τῶν
2458 1890 2751 1962 ἀνθρώπων.
2779 1886 2845 1939 Τὸ
2874 1883 2928 1939 δὲ
2959 1892 3021 1957 τῇ
3061 1885 3212 1958 σαρκὶ
3245 1879 3575 1950 καλυπτόμε-

1972 2001 2053 2035 νον
2081 1986 2305 2051 πνεῦμα,
2334 1980 2420 2033 καί
2462 1982 2594 2049 μετὰ
2630 1984 2722 2038 τῆς
2759 1976 2951 2049 σαρκὸς
2993 1976 3330 2037 ἀποθνῆσκον,
3378 1972 3435 2025 τὸ
3466 1976 3574 2024 τῶν

1971 2079 2181 2130 κτηνῶν.
2214 2068 2272 2124 ¹Θ
2312 2067 2578 2146 ἄνθρωπος
2606 2063 2635 2104 ἀ
2664 2072 2834 2124 τοίνυν
2879 2064 3025 2125 ὅστις
3071 2068 3120 2117 ἕν
3157 2064 3296 2134 μέσῳ
3346 2060 3575 2124 ἐκτίσθη,

1975 2165 2265 2240 κατῶτερος
2309 2160 2377 2218 ὢν
2418 2167 2510 2218 τοῦ
2558 2160 2793 2233 ἀγγέλου,
2837 2162 2921 2214 καὶ
2958 2157 3206 2230 ἀνώτερος
3232 2160 3324 2209 τοῦ
3365 2156 3576 2212 κτήνους

1973 2253 2142 2308 λοιπὸν
2193 2252 2440 2308 ὶπίκοινόν
2476 2274 2527 2306 τι
2561 2249 2685 2322 ἔχει
2720 2250 2849 2321 μετά
2891 2255 2983 2304 τοῦ
3015 2246 3233 2318 ὑψηλοῦ,
3266 2245 3447 2316 ὁμοίως
3491 2247 3580 2298 καί

1977 2351 2111 2423 μετά
2150 2353 2243 2403 τοῦ
2296 2347 2576 2409 ἐλάττονος,
2622 2350 2713 2403 τὴν
2759 2350 2849 2399 τοῦ
2876 2344 3166 2411 πνεύματος
3196 2337 3341 2397 δῆλον
3390 2338 3577 2395 ἀθανα-

1976 2443 2093 2497 σίαν
2123 2442 2252 2512 μιτά
2273 2446 2363 2495 τοῦ
2397 2438 2627 2511 ἀγγέλου,
2661 2437 2749 2492 τὸν
2784 2435 2838 2491 δὲ
2867 2442 2960 2495 τῆς
2998 2433 3455 2511 σαρκὸςθάνατον,
3486 2450 3583 2501 με’·

1977 2537 2044 2589 τὰ
2071 2541 2164 2588 τοῦ
2195 2536 2421 2593 κτήνους·
2641 2528 2737 2589 ἕως
2787 2523 2846 2581 οὗ
2894 2529 2979 2581 καί
3023 2523 3145 2580 αύτό
3180 2524 3239 2579 τὸ
3268 2524 3439 2580 θνητὸν
3487 2527 3580 2581 τῆς

1979 2628 2169 2703 σαρκὸς
2207 2630 2239 2684 ἡ
2283 2624 2408 2690 δόξα
2448 2632 2539 2685 τῆς
2576 2622 2909 2683 ἀναστάσεως
2948 2621 3277 2678 ἀθανατήσει.
3317 2614 3577 2692 Προσκολ·

1977 2719 2171 2792 λωμένη
2199 2720 2300 2793 γὰρ
2335 2724 2409 2791 τῷ
2447 2717 2706 2785 πνεύματι
2749 2716 2781 2772 ἡ
2820 2712 2975 2785 σάρξ,
3019 2710 3324 2783 φυλάττεται
3370 2710 3442 2767 εἰς
3491 2705 3583 2760 τὸν

1977 2819 2153 2879 αἰῶνα,
2182 2810 2355 2870 ἐπειδὴ
2396 2812 2481 2864 καί
2521 2810 2647 2864 αὐτὸ
2686 2810 2744 2863 τὸ
2772 2813 2979 2876 πνεῦμα
3014 2802 3457 2879 προσκολλώμενον
3502 2803 3583 2867 τῷ

1976 2914 2088 2980 Θεῷ
2112 2907 2160 2959 ἐν
2193 2905 2333 2974 αύτῷ
2364 2904 2683 2977 φυλάττεται.
2706 2897 2852 2955 Ὀθεν
2888 2896 2997 2953 ούδέ
3038 2900 3090 2952 ἐν
3135 2904 3244 2956 τοῖς
3281 2891 3586 2950 ἀποδεδοκι-

1980 3002 2258 3076 μασμένοις
2286 3000 2316 3058 ἡ
2342 2994 2474 3056 αῦτη
2497 2997 2628 3071 σὰρξ
2651 2996 2698 3047 ἐν
2720 3000 2839 3054 ταῖς
2859 2993 3103 3065 βασάνοις
3131 2988 3387 3047 παντελῶς
3416 2985 3577 3039 ἐκλεὲο

1976 3112 2085 3148 πει.
2110 3092 2326 3147 Πάντοτε
2352 3092 2455 3167 γὰρ
2482 3088 2729 3158 τηκομένη
2755 3083 2998 3155 διαμένει*
3025 3083 3105 3136 ἶνα
3134 3082 3179 3135 οἱ
3209 3088 3281 3150 τῷ
3324 3078 3580 3147 πνεύματι

1978 3185 2148 3257 καὶτῇ
2169 3186 2320 3260 σαρκὶ
2341 3180 2737 3255 ἁμαρτήσαντες
2757 3215 2773 3241 ,
2805 3181 3023 3230 πάντοτε
3054 3173 3103 3226 ἐν
3131 3170 3340 3242 διαμονῇ
3368 3173 3575 3233 ζῶντες,

1978 3276 2138 3355 σαρκί
2165 3279 2249 3330 καὶ
2273 3275 2529 3343 πνεύματι
2559 3269 2678 3326 ἄνευ
2706 3269 2878 3328 τέλους
2901 3267 3240 3322 ἀποθάνωσιν.

2046 3351 2214 3426 ilE'l'P.
2246 3377 2320 3443 Τῇ
2347 3376 2446 3425 τῶν
2469 3374 2666 3424 πιστῶν
2695 3366 3004 3437 πληροφορίᾳ
3028 3362 3314 3437 ἀρέσκουσι
3342 3358 3511 3412 πάντα
3543 3351 3580 3412 ἃ

1974 3461 2159 3537 λέγεις,
2184 3460 2288 3516 ἀλλ’
2315 3461 2442 3516 αἰτῶ
2470 3480 2555 3525 σε,
2586 3460 2634 3512 ἐν
2662 3455 2768 3531 ὅσῳ
2789 3464 2888 3511 τῶν
2924 3456 3198 3530 ἀνθρώπων
3226 3444 3429 3520 πνεῦμα
3467 3448 3571 3502 ἀπὸ

1979 3562 2081 3613 τῶν
2105 3561 2297 3614 κτηνῶν
2323 3550 2556 3626 τοσαύτῃ
2576 3550 2846 3608 διαστάσει
2873 3548 3118 3624 διέκρινας
3136 3585 3150 3609 ,
3183 3547 3233 3600 τί
3262 3546 3399 3598 ἐστιν
3444 3538 3576 3615 ὅπερ

1981 3648 2008 3703 ὁ
2037 3648 2260 3721 Σολομὼν
2302 3648 2450 3721 λέγει·
2497 3642 2649 3701 Εἶπον
2696 3645 2745 3698 ἐν
2788 3652 2850 3717 τῇ
2885 3639 3064 3718 καρδίᾳ
3103 3659 3198 3711 μου
3240 3639 3358 3712 περί
3397 3634 3577 3692 λαλιᾶς

1983 3747 2103 3799 υἱῶν
2133 3746 2432 3821 ἀνθρώπου,
2464 3741 2543 3798 ὅτι
2581 3740 2826 3817 διακρινεῖ
2854 3739 3044 3798 αὐτοὺς
3088 3734 3112 3790 ὁ
3163 3733 3306 3796 Θεὸς,
3350 3733 3437 3785 καί
3482 3732 3574 3809 τοῦ

1982 3837 2145 3903 δεῖξαι
2188 3837 2268 3893 ὅτι
2316 3839 2463 3893 αὐτοὶ
2508 3838 2657 3894 κτήνη
2702 3835 2824 3887 είσί⁸
2856 3833 2937 3887 καί
2962 3851 3019 3905 γε
3065 3830 3239 3887 αὐτοῖς
3275 3825 3583 3894 συνάντημαη

1985 3933 2110 3987 υἱῶν
2130 3936 2219 3987 τοῦ
2248 3930 2537 4005 ἀνθρώπου,
2563 3929 2649 3983 καί
2679 3926 2975 3997 συνάντημα
2999 3928 3091 3978 τοῦ
3116 3925 3327 3981 κτήνους
3346 3958 3360 3981 ,
3388 3917 3589 3971 συνάν-νπ

1984 4046 2122 4096 τημα
2142 4024 2189 4077 ἐν
2218 4031 2323 4083 τοῖς
2348 4027 2509 4077 πᾶσιν
2529 4022 2745 4085 αὐτοῖς
2773 4016 2953 4078 Ὀστις
2991 4018 3153 4088 ἀκμὴν
3177 4022 3238 4086 τῇ
3262 4013 3392 4086 αὐτῇ
3423 4009 3587 4081 ψήφῳ

1987 4118 2073 4173 ἐπὶ
2118 4118 2308 4174 λεπτοῦ
2359 4115 2707 4181 ἐξακολουθῶν,
2754 4112 3111 4188 προστίθησιν
3154 4114 3241 4168 Ὠς
3294 4105 3319 4160 ὁ
3366 4105 3589 4163 θάνατοι*
3616 4108 3625 4111 ’

1986 4205 2192 4277 τούτου,
2243 4209 2405 4269 οὕτως
2457 4208 2483 4263 ὁ
2530 4208 2736 4268 θάνατος
2783 4208 2992 4271 τούτου,
3038 4206 3121 4260 καί
3149 4206 3354 4274 πνεῦμα
3391 4200 3443 4254 ἐν
3473 4200 3594 4257 τοῖς·

1984 4309 2133 4361 πᾶσι’
2165 4305 2248 4358 καί
2288 4306 2340 4358 τί
2381 4303 2750 4380 περιέσσευσεν
2796 4300 2822 4356 ὁ
2859 4298 3121 4375 ἅνθρωπος
3157 4307 3181 4335 ⁸
3208 4294 3355 4372 παρά
3379 4294 3437 4349 τὸ
3458 4297 3596 4348 scr-72'

1982 4411 2098 4460 νοςς
2129 4393 2305 4449 Ούδέν.
2333 4390 2419 4455 Οἷς
2449 4397 2611 4466 ἀκμὴν
2630 4393 2794 4468 λόγοις
2820 4392 3080 4451 καθολικὴν
3100 4388 3260 4461 ψῆφον
3300 4383 3589 4441 iungam":

1982 4485 2159 4559 λέγων·
2199 4483 2318 4542 ’Ὁτι
2343 4487 2411 4542 τὰ
2455 4487 2621 4541 πάντα
2651 4482 3059 4558 ματαιότης,ίτά
3096 4481 3263 4535 πάντα
3301 4474 3579 4551 πορεύεται

1901 4604 1956 4667 D
1983 4579 2055 4639 εἰς
2076 4578 2165 4633 ἕνα
2190 4577 2376 4644 τόπον,
2404 4579 2468 4633 τά
2494 4578 2664 4635 πάντα
2691 4578 2914 4652 ἐγένοντο
2947 4576 3049 4633 ἀπὸ
3072 4579 3167 4630 τοῦ
3207 4571 3357 4643 χοὸς,
3391 4569 3486 4623 καί
3514 4568 3583 4622 τά

1983 4673 2152 4730 πάντα
2172 4673 2465 4749 ἐπιστρέφει
2489 4673 2562 4734 εἰς
2590 4674 2675 4728 τὸν
2701 4680 2854 4744 χοῦν.

2611 4776 2835 4826 KEMA.
2875 4765 2941 4822 A’.

2258 4887 2375 4962 Περὶ
2398 4891 2487 4941 τοῦ
2517 4884 2676 4959 ῥητοῦ
2707 4889 2797 4939 τοῦ
2827 4880 2848 4921 ί
2878 4878 3296 4936 Ἔδοὰησιαστοῦ.

2050 5031 2385 5078 rpurortoz.
2408 5021 2476 5077 Τὸ
2502 5026 2592 5077 τοῦ
2622 5019 2936 5090 Σολομῶντος
2980 5013 3201 5088 βιϐλίον,
3229 5015 3282 5068 ιν
3326 5007 3367 5090 ᾧ
3406 5014 3581 5069 ταῦτα
3652 5032 3659 5038 ι

2052 5164 2075 5228 ξε
2109 5156 2235 5228 Μελ,
2267 5153 2603 5228 καλύπτεται,
2630 5153 2734 5223 οὖχ
2762 5149 2890 5228 ἄξια·
3014 5217 3062 5228 __
3142 5217 3161 5228 ,
3234 5216 3279 5228 ..
3645 5222 3648 5225 λ

2048 5221 2076 5262 ά
2101 5214 2280 5281 Secuti
2311 5240 2496 5278 sumus
2525 5214 2982 5277 co'nsu'uct'ionem
3014 5217 3114 5273 Ms.
3142 5217 3201 5272 ln
3234 5214 3411 5272 Editis
3448 5228 3579 5269 vero
3645 5222 3663 5229 "

1977 5295 2189 5368 legitur.
2238 5300 2421 5358 τοίνυν,
2473 5296 2758 5368 κατώτερος
2806 5290 2874 5349 ὢν
2914 5296 3010 5350 τοῦ
3056 5289 3272 5365 ἀγγέλου
3329 5285 3478 5348 ὅστις
3527 5287 3578 5340 ἕν

1978 5367 2369 5439 μέσῳῗβκτίσξη,
2398 5370 2484 5421 καὶ
2506 5367 2685 5439 ἀνώτί
2710 5434 2723 5439 _
2827 5435 2838 5439 _
2870 5436 2880 5439 _
3077 5432 3090 5439 _
3371 5427 3402 5439 Δ.

2056 5432 2234 5500 ε’Με.,
2265 5441 2365 5493 ἀπὸ
2390 5443 2632 5503 κτήνους;
2670 5433 2758 5489 hic
2790 5435 3030 5490 vitiatam
3077 5432 3569 5503 interpunctionem

1981 5498 2285 5563 invenimus
2316 5510 2366 5563 in
2395 5498 2627 5573 excusis,
2657 5508 2798 5561 unde
2828 5521 3021 5561 sensus
3050 5503 3384 5565 obscuritas;
3417 5498 3569 5569 lege-

1981 5578 2137 5652 batur
2164 5582 2307 5635 enim
2333 5594 2433 5633 una
2465 5579 2626 5641 serie,
2656 5578 2799 5635 οὐδέν
2832 5575 2905 5652 οἷς
2937 5580 3120 5647 ἀκμήν.
3316 5650 3323 5652 Α
3372 5639 3415 5652 __
3553 5637 3570 5652 .

2054 5648 2177 5727 illa
2222 5652 2499 5727 legendum
2518 5691 2530 5714 ,
2546 5724 2563 5727 ἡ
2585 5639 2707 5727 lltttt,
2732 5724 2742 5727 _
2764 5639 3175 5727 ἐκκλησιαστικοῦ
3203 5686 3237 5727 ,ι
3271 5650 3327 5727 υς
3372 5639 3571 5727 Excusi

1977 5722 2232 5779 exhibent
2249 5714 2457 5791 ;Vpaulo
2484 5723 2617 5777 infra
2646 5714 2859 5791 legitur,
2892 5720 3273 5779 ἓκκλησιαστής
3298 5714 3574 5782 ἕπωνομᾶ-

1973 5797 2097 5863 ’θγη
2120 5796 2264 5860 quod
2293 5797 2471 5851 statim
2501 5794 2774 5866 repetitur.

3050 5972 3103 5991 μοι-⁷
