3998 6356
469 324 578 388 31⁸1

1106 451 1319 503 seen.
1348 439 1422 497 ιε’.

600 592 722 671 Περί
740 588 925 663 ψυχῆς
941 584 1111 660 αἴφνης
1135 586 1191 641 ἐκ
1217 590 1310 641 τοῦ
1341 584 1582 654 σώματος
1607 572 1936 644 ίξιλθοὺσης.¹

534 735 776 785 ΠΕΤΡΟΣ.
810 722 1115 777 Τελεὺτωνιί
1143 740 1238 775 τινι
1278 714 1470 786 ἀδελφῷ
1499 711 1687 769 συνᾶϐη
1729 710 1960 780 παρόντα
1997 722 2059 776 με

468 818 630 874 ἐκεῖσε
660 814 945 889 εὑρεθῆναι.
974 809 1155 870 Ὀστις
1177 805 1226 863 ίν
1255 804 1365 877 ὅσῳ
1392 803 1579 868 ἑλάλει,
1610 798 1786 872 αἴφνης
1818 798 1877 853 τὸ
1912 801 2064 861 ζωτι-

463 912 549 965 κὸν
592 888 791 979 πνεῦμα
822 904 1125 966 auream,
1156 903 1238 956 καί
1286 895 1337 953 ὃν
1384 897 1631 970 πρότερον
1676 889 1786 965 μετ’
1812 891 1930 962 ἐμοῦ
1972 888 2064 979 ita-if

462 999 650 1055 λοῦντα
699 975 964 1066 ἐθεώρουν,
1011 990 1145 1065 ἄφνω
1189 989 1497 1064 νηρωθέντα
1542 980 1979 1053 εθεασᾶμην.τήν
2008 975 2064 1032 δὲ

465 1090 655 1145 τούτου
687 1086 867 1159 ψυχήν
899 1083 996 1143 εἴτε
1033 1082 1251 1146 ἐξῆλθεν,
1287 1088 1315 1116 ⁸
1350 1076 1446 1132 εἴτε
1474 1074 1565 1130 οὑκ
1606 1074 1797 1139 ἐξῆλθεν
1825 1068 1945 1125 ἰδεῖν
1974 1068 2065 1122 οὑκ

467 1176 736 1237 ἠδυνήθην.
772 1176 863 1229 Καὶ
900 1170 1096 1245 σφόδρα
1147 1168 1389 1224 δύσκολον
1418 1168 1645 1240 φαίνεται
1672 1171 1761 1219 τοῦ
1796 1158 2069 1217 πιστευθῆ-

466 1288 553 1323 ναι
576 1270 835 1341 ὑπάρχειν
863 1269 1101 1339 πρᾶγμα,
1138 1260 1267 1337 ὅπερ
1297 1260 1456 1321 οὐδεὶς
1477 1258 1688 1317 δύναται
1717 1262 1990 1334 θεωρῆσαι.

537 1368 776 1414 ΓΡΗΓΟΡ.
820 1357 880 1411 Τί
924 1354 1244 1425 θαυμαστὸν,
1274 1354 1425 1428 Πέτρε
1448 1394 1461 1417 ,
1495 1353 1575 1406 ἐὰν
1616 1350 1949 1425 ἐξερχομίνην
1973 1350 2065 1405 τὴν

466 1446 649 1519 ψυχὴν
672 1449 764 1502 οὑκ
794 1447 1005 1509 ἐθεάσω,
1033 1446 1190 1521 ἤνπερ
1218 1440 1331 1497 οὑδέ
1371 1444 1420 1496 ὲν
1457 1450 1529 1511 τῷ
1564 1444 1767 1513 σώματι
1810 1440 2064 1509 μένουσαν

468 1633 774 1704 τυγχάνεις,
806 1629 885 1685 ὄτι
913 1635 1002 1688 τήν
1044 1628 1225 1700 ψυχήν
1268 1649 1368 1696 μου
1413 1629 1672 1703 θεωρῆσαι
1717 1626 1776 1681 οὑ
1824 1622 2063 1688 δύνασαι,

462 1718 678 1795 ἄψυχον
720 1721 843 1778 εἷναί
886 1743 948 1795 με
980 1723 1279 1786 πιστεύεις;
1321 1718 1377 1775 Ἠ
1418 1717 1508 1773 οὖν
1548 1727 1639 1780 τῆς
1682 1717 1865 1789 ψυχῆς
1910 1712 2065 1787 φύσις

460 1813 747 1889 ἀθεώρητος
779 1815 1047 1884 ὑπάρχει,
1078 1812 1209 1866 ὥστε
1245 1812 1330 1864 καὶ
1358 1810 1409 1870 ἐκ
1436 1816 1527 1865 τοῦ
1572 1810 1813 1878 σώματος
1843 1804 1869 1843 δ
1903 1806 2067 1881 ἀορά-

458 1925 562 1965 τως
590 1907 892 1981 ἐξέρχεται,
935 1904 1103 1965 καθὼς
1129 1904 1215 1957 καὶ
1246 1904 1296 1955 ἐν
1324 1908 1397 1973 τῷ
1428 1902 1628 1970 σώματι
1656 1892 1809 1963 οὖσα,
1853 1898 2064 1962 ἀθέατος

457 1990 699 2066 διαμένει.
1125 2068 1139 2074 _
1405 2058 1414 2074 '

1101 2068 1329 2118 ΚΕΦΔΛ.
1370 2068 1436 2123 ς’.

742 2219 859 2293 Περὶ
880 2216 1064 2289 ψυχῆς
1091 2217 1177 2270 καί
1207 2216 1449 2287 σώματος
1474 2220 1573 2267 τῶν
1597 2210 1774 2285 ἁγίων.

538 2370 782 2418 ΠΕΤΡΟΣ.
813 2362 959 2420 Ἀλλά
998 2367 1088 2421 τήν
1118 2365 1247 2426 ζωήν
1292 2367 1387 2420 τῆς
1430 2358 1614 2431 ψυχῆς
1660 2358 1710 2411 ἕν
1746 2364 1821 2430 τῷ
1861 2358 2064 2426 σώματι

470 2453 743 2524 μενούσης,
778 2452 1000 2523 δύναμαι
1046 2453 1249 2506 εἰκάσαι
1277 2452 1327 2515 ἐξ
1370 2451 1538 2505 αὑτῶν
1566 2458 1665 2504 τῶν
1705 2454 1798 2504 τοῦ
1823 2450 2065 2517 σώματος

462 2548 765 2615 κινημάτων.
794 2548 850 2599 Εἰ
879 2550 947 2616 μή
988 2545 1088 2619 ’γάρ
1134 2550 1304 2617 παρῆν
1350 2548 1424 2614 τῷ
1468 2544 1673 2610 σώματι
1724 2541 1753 2597 ἠ
1792 2538 1968 2609 ψυχή,
1998 2542 2065 2595 τὰ

465 2633 591 2703 μέλη
616 2640 706 2688 τοῦ
738 2635 897 2688 αὑτοῦ
932 2635 1177 2702 σώματις
1220 2631 1465 2687 κινεῖσθαι
1506 2630 1593 2684 οὑκ
1620 2627 1888 2689 ἠδύναντο.
1928 2634 2064 2687 Ζωην

464 2721 518 2778 δὲ
547 2724 731 2795 ψυχῆς
755 2726 885 2796 μετά
913 2730 1001 2783 τήν
1028 2727 1081 2779 ἐκ
1121 2732 1213 2785 τῆς
1253 2725 1447 2799 σαρκὸς
1475 2722 1678 2791 ἔξοδον,
1715 2723 1764 2776 ἐν
1791 2724 1955 2782 ποίοις
1989 2744 2066 2776 κι-

462 2819 716 2886 νήμασιν,
746 2816 778 2876 ἧ
815 2818 866 2871 iv
890 2822 1056 2877 ποίοις
1086 2814 1252 2892 ἔργοις
1290 2820 1485 2892 θεωρῶ,
1526 2817 1612 2872 ἶνα
1647 2817 1698 2869 ἔκ
1723 2823 1821 2871 τῶν
1844 2816 2065 2890 θεωρου-

462 2906 625 2977 μένων
652 2906 972 2981 πραγμάτων
996 2910 1259 2983 ὑπάρχειν
1285 2912 1590 2969 κατανοήσω
1608 2950 1624 2975 ,
1652 2907 1785 2984 ἅπερ
1813 2911 2067 2982 θεωρῆσαι

461 2998 521 3049 οὑ
547 2994 763 3068 δύναμαι
782 3015 796 3063 ;

538 3096 784 3146 ΓΡΗΓΟΡ.
816 3093 932 3163 οὑχ
978 3094 1153 3169 ὥσπερ
1185 3094 1215 3151 ἡ
1255 3090 1470 3164 δύναμις
1498 3100 1592 3153 τῆς
1619 3090 1802 3165 ψυχῆς
1831 3095 2073 3157 ζωοποιεῖ

1688 316 1931 378 8ΑΝΟΤΙ
1969 310 2299 376 GREGORH
2337 307 2550 369 MAGNI

2083 436 2144 499 Α

2789 415 3017 478 CAPUT
3060 413 3124 475 Υ.

2166 521 2245 579 De
2269 521 2535 593 questione
2556 516 2749 593 animle
2776 514 3107 593 inuisibiliter
3138 511 3394 582 exeuntis,
3435 528 3509 568 tus
3554 513 3621 569 sit
3643 528 3761 585 qua

2703 588 2863 642 videri
2899 602 3003 640 non
3041 595 3222 657 potest.

2236 686 2473 743 Ρετιιυε.
2496 682 2737 752 Quodam
2786 677 2951 735 fratre
2997 679 3258 734 moriente
3310 686 3630 745 praesentem
3675 664 3807 737 me“

2170 780 2337 837 fuisse
2364 778 2606 847 contigit.
2633 776 2735 844 Qui
2765 783 2983 841 repente
3012 772 3138 827 dum
3167 772 3496 841 loqueretur,
3532 774 3752 827 vitalem

2165 871 2343 929 emisit
2363 868 2581 931 ﬂatum;
2608 876 2663 923 et
2685 881 2841 936 quem
2865 866 3012 935 prius
3041 879 3249 917 mecum
3278 864 3584 933 loquentem
3612 865 3761 919 vide-

2170 963 2318 1029 bam,
2347 961 2529 1018 subito
2557 962 2855 1017 extinctum
2891 958 3019 1013 vidi.
3070 956 3175 1013 Sed
3223 957 3340 1027 ejus
3378 960 3554 1011 anima
3586 967 3760 1011 utrum

2167 1074 2379 1129 egressa
2426 1060 2517 1123 sit,
2574 1071 2641 1110 an
2696 1069 2827 1120 non,
2889 1069 2994 1107 non
3045 1052 3189 1117 vidi;
3247 1060 3303 1106 et
3359 1052 3509 1105 valde
3568 1052 3760 1105 durum

2168 1150 2381 1206 videtur
2408 1157 2468 1204 ut
2494 1147 2744 1204 credatur
2773 1160 2859 1201 res
2886 1158 3027 1212 esse,
3084 1157 3245 1213 quam
3275 1143 3451 1197 nullus
3481 1145 3661 1199 valeat
3686 1144 3762 1198 vi-

2166 1240 2318 1298 dere.

2240 1332 2480 1391 Gaman.
2520 1330 2659 1401 Quid
2691 1331 2902 1395 mirum,
2938 1329 3117 1393 Petre,
3143 1328 3185 1382 si
3234 1328 3597 1395 egredientem
3628 1328 3750 1383 ani-

2167 1441 2309 1483 mam
2345 1442 2451 1480 non
2486 1424 2684 1487 vidisti,
2715 1437 2875 1492 quam
2907 1432 2961 1475 et
2990 1428 3298 1475 manentem
3331 1422 3384 1473 in
3404 1434 3636 1489 corpore
3658 1435 3764 1475 non

2167 1518 2353 1574 vides?
2376 1516 2751 1585 Nunquiduam
2784 1512 2945 1569 modo
2973 1526 3094 1567 cum
3146 1526 3353 1566 mecum
3378 1512 3619 1581 loqueris
3642 1513 3765 1582 quia

2172 1610 2359 1666 videre
2388 1610 2442 1664 in
2484 1622 2570 1663 me
2601 1623 2710 1663 non
2740 1607 2889 1662 vales
2932 1606 3162 1660 animam
3196 1620 3392 1670 meam,
3449 1604 3653 1659 idcirco
3685 1618 3767 1659 me

2169 1716 2290 1757 esse
2307 1700 2607 1757 exanimem
2626 1698 2835 1755 credis?
2849 1699 3045 1753 Natura
3060 1696 3258 1767 quippe
3271 1698 3465 1750 anima:
3480 1697 3766 1751 invisibilis

2170 1806 2271 1860 est,
2296 1803 2456 1865 atque
2481 1793 2553 1848 ita
2573 1809 2640 1847 ex
2658 1807 2887 1858 corpore
2918 1790 3256 1847 invisibiliter
3296 1789 3591 1860 egreditur,
3623 1790 3767 1844 sicut

2172 1885 2227 1941 in
2243 1900 2469 1957 corpore
2486 1884 2830 1941 invisibiliter
2846 1888 3044 1938 manet.

2780 2035 3008 2094 CAPUT
3046 2037 3136 2093 Vl.

2170 2136 2323 2206 Quod
2350 2136 2452 2190 vita
2467 2136 2652 2189 animo:
2673 2134 2919 2187 manentis
2940 2130 2993 2185 in
3019 2146 3236 2206 corpore
3257 2128 3389 2206 sicut
3411 2126 3759 2195 deprehendi-

2239 2218 2322 2262 tur
2350 2224 2413 2261 ex
2432 2216 2575 2261 motu
2600 2207 2959 2265 membrorum,
2983 2203 3057 2255 sic
3078 2204 3176 2255 vim
3199 2202 3388 2253 animae
3426 2211 3535 2268 post
3565 2214 3763 2270 corpus

2241 2280 2293 2333 in
2317 2282 2505 2333 sanctis
2532 2279 2793 2345 pensanda
2833 2286 2905 2328 est
2929 2290 2989 2328 ea:
3016 2274 3198 2327 virtute
3227 2273 3621 2326 miraculorum.

2240 2371 2472 2431 Penus.
2513 2371 2617 2427 Sed
2668 2379 2692 2408 ο
2720 2368 2881 2424 vitam
2924 2368 3119 2422 animo:
3160 2367 3214 2421 in
3244 2380 3469 2433 corpore
3497 2365 3770 2420 manentis

2172 2481 2402 2538 pensare
2437 2478 2654 2532 possum
2686 2478 2751 2519 ex
2776 2461 2906 2531 ipsis
2939 2460 3174 2516 motibus
3202 2460 3473 2529 corporis,
3506 2458 3630 2529 quia
3662 2457 3771 2514 nisi

2169 2561 2387 2630 corpori
2420 2560 2598 2613 anima
2645 2558 2880 2623 adesset,
2936 2555 3177 2625 ejusdem
3231 2554 3470 2609 membra
3525 2553 3774 2623 corporis

2173 2654 2377 2709 moveri
2410 2668 2511 2707 non
2543 2660 2792 2721 possent;
2821 2650 2984 2704 vitam
3018 2664 3147 2705 vero
3174 2649 3368 2703 animae
3396 2657 3515 2715 post
3540 2661 3770 2703 carnem

2172 2749 2226 2802 in
2252 2746 2449 2817 quibus
2479 2746 2713 2800 motibus
2741 2744 3003 2815 quibusve
3022 2742 3275 2810 operibus
3296 2741 3470 2809 video,
3504 2750 3563 2795 ut
3584 2756 3653 2797 ex
3690 2755 3776 2798 re-

2170 2837 2269 2893 bus
2295 2837 2421 2893 visis
2448 2851 2570 2895 esse
2599 2836 2844 2909 colligam
2877 2837 3017 2908 quod
3049 2834 3232 2894 videre
3261 2849 3369 2891 non
3400 2835 3656 2906 possum?

2240 3099 2481 3157 Gnecoa.
2522 3098 2641 3154 Non
2672 3097 2695 3139 τ
2744 3099 2959 3169 quidem
2986 3096 3250 3167 similiter,
3295 3097 3388 3153 sed
3433 3096 3780 3153 dissimiliter

465 3186 552 3240 καί
592 3195 718 3241 κινεί
758 3189 818 3242 τὸ
866 3194 1041 3258 σῶμα,
1092 3187 1225 3242 οὕτω
1268 3190 1355 3241 καὶ
1396 3189 1427 3246 ἠ
1470 3190 1578 3241 θεία
1631 3185 1845 3259 δύναμις
1886 3186 2063 3264 πληροῖ

2176 3194 2314 3260 dico,
2340 3193 2459 3263 quia
2490 3194 2629 3247 sicut
2657 3192 2740 3247 vis
2763 3193 2959 3247 animae
2983 3192 3217 3247 viviticat
3242 3201 3297 3246 et
3335 3200 3517 3245 movet
3545 3205 3778 3259 corpus,

466 3278 638 3333 πάντα
665 3278 797 3355 ἅπερ
822 3277 1049 3343 ἔκτισεν,
1078 3279 1204 3334 ἀλλὰ
1242 3283 1325 3334 καὶ
1366 3279 1655 3351 ἐμπνέουσα
1693 3284 1947 3344 ζωοποιεῖ.
1976 3282 2066 3335 lui

466 3378 574 3431 τοῖς
598 3374 687 3443 μέν
712 3373 961 3447 παρέχει,
1005 3374 1088 3427 ἵνα
1128 3376 1349 3438 ζήσωσι,
1381 3380 1485 3433 τοῖς
1509 3371 1584 3440 δί,
1615 3374 1672 3427 τὸ
1709 3368 1835 3427 εἶναι
1864 3375 1950 3425 καὶ
1975 3371 2067 3442 μό·

468 3483 568 3516 νον.
599 3472 693 3517 Τον
733 3459 818 3518 οἶν
846 3466 969 3519 Θεὸν
1000 3466 1220 3540 ἀόρατον
1247 3467 1333 3519 καὶ
1380 3466 1762 3538 ἀπερίγραπτον
1808 3464 2069 3541 ὑπάρχειν

474 3554 535 3606 οὑ
566 3550 857 3621 διστὰζιις,
895 3559 1124 3619 κτίζοντα
1156 3559 1239 3610 καὶ
1275 3558 1630 3625 ποιμαίνοντα,
1669 3555 1959 3626 πληροῦντα
1987 3557 2069 3609 καί

469 3651 793 3723 περιέποντα,
826 3651 1201 3724 ὑπερϐαίνοντα
1242 3654 1322 3705 καὶ
1363 3649 1674 3721 διαμένοντα.
1714 3651 1819 3703 Οὑκ
1862 3649 2069 3722 ὀφείλεις

468 3734 557 3795 οὖν
596 3739 843 3797 διστάσαι
870 3750 1049 3798 τοῦτον
1096 3744 1178 3796 καὶ
1224 3744 1475 3817 ἀοράτους
1521 3743 1845 3817 λειτουργοὺς
1900 3741 2064 3812 ἔχειν.

468 3828 697 3909 Ἐπρεπε
743 3835 843 3911 γὰρ
890 3836 1012 3893 τοὺς
1058 3834 1195 3904 αὑτῷ
1241 3831 1594 3894 διακονοῦντας
1650 3836 1722 3896 εἰς
1766 3838 1858 3893 τήν
1906 3834 2067 3890 αὑτοῦ

469 3922 715 3994 ὁμοίωσιν
760 3925 1157 4000 παραταθῆναι,
1206 3920 1345 3998 ᾧτινι
1389 3928 1473 3979 καί
1535 3922 1872 3980 διακονοῦσιν.
1904 3921 2067 3981 Ὠστε

473 4017 538 4071 τά
566 4024 638 4088 τῷ
668 4018 869 4091 ἀοράτῳ
892 4014 1214 4082 δουλεύοντα,
1243 4017 1447 4093 ἀόρατα
1474 4013 1599 4072 εἶναι
1623 4022 1693 4089 μή
1717 4018 2062 4075 ἀπιστηθῶσι.

468 4112 647 4161 Ταῦτα
668 4106 722 4163 δὲ
757 4118 884 4165 ποῖα
914 4106 1037 4166 εἶναι
1056 4108 1402 4181 πιστεύομεν,
1444 4112 1487 4164 εί
1514 4114 1585 4181 μὴ
1617 4112 1739 4170 τοὺς
1771 4110 1948 4183 ἁγίους

469 4202 675 4277 γέλοιος,
904 4208 988 4259 καὶ
1013 4208 1080 4262 τά
1120 4213 1217 4261 τῶν
1256 4202 1465 4260 δικαίων
1494 4205 1779 4275 πνεύματα,
1812 4205 1942 4260 ὥστε
1970 4203 2070 4259 λοι·

469 4296 568 4350 πόν
596 4297 823 4370 καθάπερ
850 4304 940 4357 τήν
964 4305 1054 4353 τοῦ
1082 4301 1327 4370 σώματος
1352 4288 1544 4357 κίνησιν
1560 4303 1836 4361 κατανοῶν,
1857 4301 1946 4355 τήν
1975 4303 2068 4358 τῆς

475 4392 654 4461 ψυχῆς
682 4394 815 4456 ζωὴν
857 4392 907 4445 ἓν
932 4399 1005 4463 τῷ
1046 4394 1250 4463 σώματι
1279 4394 1439 4463 μένειν
1469 4391 1710 4458 εἰκάζεις,
1744 4391 1906 4452 οὕτως
1935 4394 2065 4465 ὀφεί-

466 4480 570 4543 λεις
600 4484 701 4539 ἀπὸ
742 4490 835 4539 τοῦ
876 4481 1057 4559 μικροῦ
1100 4489 1187 4539 καὶ
1228 4486 1287 4540 τὸ
1332 4484 1522 4555 ὑψηλὸν
1569 4487 1790 4540 εἰκάσαι.
1824 4482 1941 4540 Ὀτι
1981 4487 2068 4539 καί

2173 3289 2252 3344 sic
2278 3289 2360 3343 vis
2375 3286 2554 3343 divina
2573 3287 2759 3356 implet
2780 3302 2899 3353 qua:
2928 3287 3134 3341 creavit
3160 3285 3337 3340 omnia
3362 3300 3378 3351 ;
3408 3284 3579 3339 etalia
3601 3284 3781 3354 inSpi-

2171 3380 2343 3436 rando
2372 3378 2628 3445 viviﬁcat,
2658 3378 2783 3433 aliis
2809 3379 2997 3433 tribuit
3025 3378 3305 3445 utvivant,
3340 3377 3457 3431 aliis
3502 3392 3634 3433 vero
3668 3377 3773 3432 hoc

2171 3473 2506 3529 solummodo
2560 3480 2780 3541 praestat
2835 3478 2893 3525 ut
2932 3471 3060 3525 siut.
3113 3469 3247 3537 Quia
3302 3464 3431 3524 vero
3481 3482 3601 3523 esse
3663 3483 3771 3523 non

2169 3564 2381 3620 dubitas
2405 3574 2674 3621 creantem
2695 3573 2753 3619 et
2776 3574 3081 3632 regentem,
3106 3562 3423 3631 implentem
3446 3571 3502 3616 et
3526 3560 3769 3616 circum-

2173 3658 2518 3727 plectentem,
2574 3655 3040 3713 transcendentem
3090 3664 3144 3710 et
3195 3652 3570 3719 sustinentem,
3602 3652 3775 3708 incir-

2172 3751 2558 3820 cumscriptum
2588 3760 2749 3819 atque
2778 3747 3095 3803 invisibilem
3147 3746 3339 3811 Deum,
3393 3748 3464 3801 ita
3517 3743 3775 3799 dubitare

2173 3858 2279 3899 non
2312 3844 2476 3899 debes
2509 3844 2649 3897 hunc
2681 3841 2965 3897 invisibilia
2993 3840 3247 3910 obsequia
3301 3840 3517 3895 habere.
3554 3839 3776 3894 Debent

2171 3938 2367 4008 quippe
2396 3952 2458 3992 ea
2486 3952 2606 4007 quae
2635 3935 2947 3992 ministrant
2969 3936 3035 3990 ad
3064 3934 3183 4005 ejus
3204 3933 3610 3989 similitudinem
3643 3943 3772 3988 teu-

2170 4029 2300 4085 dere
2329 4030 2414 4086 cui
2446 4030 2776 4099 ministrant,
2828 4038 2879 4083 ut
2914 4044 3033 4098 quae
3062 4026 3318 4083 invisibili
3350 4024 3612 4089 serviunt,
3646 4038 3773 4079 esse

2171 4123 2459 4179 invisibilia
2505 4137 2617 4177 non
2669 4120 3011 4178 dubitentur;
3058 4118 3186 4174 Bato
3252 4128 3430 4173 autem
3476 4132 3596 4185 quae
3644 4128 3773 4171 esse

2171 4216 2465 4280 credimus,
2494 4214 2596 4269 nisi
2628 4224 2842 4268 sanctos
2874 4212 3113 4281 angelos,
3138 4210 3297 4281 381
3321 4217 3375 4263 et
3405 4208 3627 4277 spiritus
3644 4204 3772 4276 jus-

2171 4305 2388 4362 torum?
2441 4306 2768 4373 Sicutergo
2823 4312 3026 4359 motum
3075 4302 3424 4357 considerans
3477 4300 3769 4367 corporis,

2174 4398 2341 4453 vitam
2368 4398 2562 4453 anima:
2610 4396 2664 4452 in
2695 4410 2923 4466 corpore
2972 4396 3295 4452 manentis!
3356 4392 3647 4464 perpendis
3700 4390 3771 4445 ab

2176 4488 2307 4556 imo,
2337 4489 2408 4543 ita
2440 4489 2601 4544 vitam
2631 4487 2827 4543 anima:
2854 4489 3105 4543 exeuntis
3125 4502 3155 4541 a
3176 4500 3401 4556 corpore
3432 4481 3771 4554 perpendere

464 4573 775 4649 ἕξερχοιιὲνη
821 4581 910 4630 τοῦ
942 4578 1182 4649 σώματος
1218 4578 1249 4635 ἦ
1285 4576 1441 4648 ψυχῆ
1469 4581 1621 4641 ζῆσαι
1648 4576 1863 4635 δύναται
1900 4580 2063 4657 ἀωρά·

622 4677 641 4685 -
688 4669 703 4685 ι.
776 4665 827 4685 ι,
928 4665 956 4685 ι.
1131 4670 1145 4685 .
1248 4672 1257 4685 .
1381 4674 1402 4683 -
1450 4669 1462 4685 .
1550 4670 1560 4685 .
1778 4672 1787 4685 ,
1960 4671 1979 4685 ς

2176 4579 2335 4637 debes
2384 4574 2691 4649 asumma,
2745 4582 2868 4652 quia
2924 4590 3099 4651 potest
3154 4580 3498 4636 invisibiliter
3546 4581 3767 4646 vivere,

462 4688 588 4731 τως,
621 4677 641 4706 ο
676 4669 734 4727 ἣν
772 4665 883 4723 δέον
922 4665 1062 4725 ἔστιν
1100 4670 1171 4730 είς
1199 4672 1289 4729 τήν
1316 4674 1407 4725 τοῦ
1438 4669 1662 4745 ἀοράτου
1707 4672 1919 4727 κτίστου
1960 4671 2065 4725 λει-

465 4763 708 4834 τουργίαν
730 4757 1001 4831 διαμεῖναι.

536 4861 705 4905 ΠΕΤΡ.
734 4848 922 4925 Ὀρθῶς
952 4851 1157 4908 ἅπαντα
1178 4848 1208 4889 ἀ
1239 4851 1558 4929 ἀρέσκονται.
1588 4851 1760 4909 ’Δλλ’ὃ
1787 4862 1905 4916 νοῦς
1933 4856 2066 4912 ἀπο-

468 4942 672 5085 ἒεὺγει,
721 4942 847 5023 ὅπερ
889 4953 994 5008 τοῖς
1037 4953 1349 5019 σωματικοῖς
1393 4945 1668 5019 ὀφθαλμοῖς
1705 4947 1962 5027 θεωρῆσαι
2004 4950 2065 5003 οὺ

500 5052 703 5085 υναταε.

500 5052 703 5089 υναταε.

465 5209 693 5339 0":tiﬁlslie
741 5212 1076 5272 restituimus
1130 5216 1307 5274 adhuc
1359 5216 1465 5276 tria
1517 5216 1685 5277 verba
1730 5217 1787 5276 in
1834 5217 2063 5277 Excusis

640 5302 687 5337 εἰ.
1124 5327 1136 5335 .

640 5302 687 5337 Α.

540 5352 567 5436 ξ’
601 5355 675 5436 l_t_a
704 5354 804 5436 his.
834 5357 1051 5436 Excusi,
1081 5361 1319 5436 ἀέρατος.

541 5434 565 5504 ε
607 5427 790 5504 91⁵⁸μῆ
954 5435 1029 5491 τίς

537 5493 567 5579 (ξ
602 5500 681 5579 _lta
714 5493 1348 5579 Ms._"£tl.,__supiaxov:ut.

506 5576 570 5651 ,ι
601 5569 655 5623 In
689 5572 934 5651 plurimis
966 5569 1087 5651 Μδιξ.
1141 5586 1194 5629 et
1215 5576 1409 5651 __Editis
1461 5586 1622 5650 caput
1647 5577 1683 5633 6
1732 5592 1838 5634 non
1871 5577 2060 5648 incipit

463 5638 575 5720 hic,
600 5638 702 5720 sed
728 5644 791 5720 ad
824 5645 937 5706 huic
970 5648 1128 5720 verba
1159 5665 1171 5699 :
1207 5646 1318 5701 Hac
1345 5650 1395 5703 in
1422 5666 1477 5704 re
1498 5638 1543 5705 εί
1571 5666 1657 5705 cor
1681 5662 1939 5720 paratum.

542 5712 560 5751 ί
598 5714 810 5781 Excusi,
838 5724 1021 5793 contra
1052 5718 1177 5793 Mss,
1225 5720 1458 5793 Anglic,
1518 5712 1800 5788 Norman.,
1827 5731 1957 5787 etc.,
1990 5723 2054 5776 li-

463 5782 741 5867 dcm,__non
768 5788 973 5867 quidem
1000 5790 1272 5861 subtiliter,
1305 5782 1394 5847 {ea
1422 5782 1654 5849 solerter.

542 5858 811 5933 [Primus
836 5858 1056 5919 Caruot.
1110 5874 1165 5919 et
1221 5858 1410 5922 tertius
1453 5880 1575 5921 cum
1606 5862 1777 5935 primo
1808 5862 2050 5931 Gemet.,

2173 4689 2337 4745 quam
2363 4682 2575 4745 oportet
2621 4674 2676 4730 in
2698 4673 2962 4745 obsequio
2992 4672 3276 4729 invisibilis
3305 4671 3614 4729 Conditoris
3639 4685 3765 4727 ma-

2268 4783 2320 4822 e.

2170 4782 2320 4825 nere.

2244 4859 2415 4915 Pera.
2458 4858 2619 4913 Recte
2639 4865 2812 4913 totum
2835 4858 3051 4927 dicitur,
3074 4858 3342 4915 sed'mens
3362 4855 3559 4927 refugit
3574 4854 3769 4912 crede-

2171 4966 2253 5021 re,
2284 4951 2425 5022 quod
2448 4953 2724 5024 corporeis
2753 4954 2923 5011 oculis
2950 4951 2980 4992 ιι
3011 4968 3118 5010 non
3147 4952 3289 5009 valet
3314 4951 3521 5009 videre.

2167 5218 2439 5290 perpendi:
2460 5220 2654 5291 animo,
2680 5219 2766 5277 vel
2803 5220 2857 5274 in
2886 5221 3080 5278 animo.
3108 5219 3258 5277 Alter
3283 5219 3416 5277 Gem
3427 5227 3528 5286 et.,
3550 5234 3583 5274 α
3604 5219 3764 5274 mini-

2166 5307 2270 5400 ωοί
2299 5363 2516 5431 Excusi,
2545 5380 2644 5418 non
2660 5362 2791 5417 valet
2809 5363 2970 5418 uideri
2982 5380 2998 5430 ;
3019 5364 3209 5435 legitur
3227 5364 3399 5435 sidere
3421 5358 3755 5435 inpmnibus

2162 5434 2373 5501 Norm.,
2408 5437 2578 5491 tribus
2607 5436 2851 5499 Caruot.,
2884 5435 3048 5488 duoh.
3075 5431 3311 5501 ‘l‘heod.,
3343 5433 3437 5489 Val
3467 5431 3575 5499 CL,
3604 5444 3755 5499 etc.;

2163 5510 2310 5562 solus
2333 5508 2589 5563 German.
2640 5508 2797 5561 habet
2850 5508 3031 5561 videri.
3090 5505 3269 5575 Neque
3300 5520 3427 5575 vero
3456 5504 3754 5575 absurdum

2162 5586 2245 5633 est
2274 5579 2454 5635 dicere
2478 5580 2710 5633 animam
2734 5594 2825 5632 seu
2854 5588 3088 5633 mentem
3119 5574 3392 5644 corporeis
3421 5576 3614 5640 oculis,
3649 5574 3755 5630 hoc

2162 5660 2244 5705 est
2273 5665 2367 5719 per
2396 5654 2603 5716 oculos,
2630 5650 2835 5715 videre,
2867 5664 2987 5703 cum
3021 5647 3132 5725 ipsa
3162 5650 3317 5718 vulgo
3348 5648 3600 5702 credatur
3628 5660 3753 5728 om.-

2160 5735 2258 5775 nes
2304 5737 2592 5792 corporum
2650 5731 2825 5775 motus
2853 5735 2949 5788 per
2974 5730 3175 5790 organa
3205 5734 3463 5787 carpam
3505 5730 3753 5792 exsequt.

2161 5789 2455 5920 liqnc‘esse
2478 5792 2724 5919 Glregorii
2746 5789 3135 5850 doctrinam'ex
3166 5789 3619 5863 consequentibus
3639 5799 3757 5845 ma-

2162 5879 2301 5920 mes
2328 5880 2415 5920 um
2448 5878 2505 5919 es
2535 5900 2550 5918 .

2162 5873 2415 5921 mlestum
2448 5873 2550 5919 εει.
