3998 6356
183 310 281 373 329

1380 304 1490 365 DIA
1500 305 1835 367 LOGORUM
1872 303 2075 362 LIBER
2116 304 2206 360 IV.

3348 312 3459 371 330

246 427 487 484 Gnccon.
528 424 661 483 Cum
708 419 906 480 Paulus
949 422 1094 481 dicat
1124 437 1139 477 :
1173 422 1268 478 Est
1296 423 1432 476 enim
1481 422 1611 489 ﬁdes
1639 436 1755 490 spe-

1928 430 2163 474 I‘PHI'OP.
2207 414 2280 472 Ἐν
2309 426 2382 493 τῷ
2418 416 2505 473 τόν
2538 414 2784 492 μακάριον
2822 419 3013 474 Παῦλον
3038 420 3194 495 λέγειν
3225 422 3306 479 ὅτι
3344 427 3463 494 ἔστι

180 519 458 574 randarum
482 517 760 572 substantia
777 531 967 582 rerum,
998 520 1353 586 argumentum
1379 528 1481 567 non
1506 527 1760 583 apparen-

181 612 308 664 tium
336 607 525 679 (Hebr.
556 624 634 677 τι,
667 607 745 677 1),
778 609 879 661 hoc
908 604 1174 662 veraciter
1202 604 1395 659 dicitur
1419 602 1587 667 credi,
1618 601 1761 671 quod

181 717 284 756 non
315 700 457 755 valet
510 699 702 755 videri.
759 696 894 753 Nam
923 696 1070 753 credi
1093 696 1205 767 jam
1255 710 1364 751 non
1410 701 1587 764 potest
1618 692 1759 762 quod

182 792 347 847 videri
379 799 578 860 potest.
614 790 684 846 Ut
712 799 890 845 tamen
918 797 969 843 te
991 787 1224 842 breviter
1257 794 1281 824 ⁸
1303 784 1555 840 reducam
1587 783 1655 837 ad
1686 789 1761 847 te,

182 886 323 941 nulla
351 884 580 939 visibilia
608 884 707 939 nisi
733 898 828 954 per
850 880 1135 938 invisibilia
1163 879 1431 936 videntur.
1460 878 1600 933 Ecce
1621 876 1765 932 enim

184 984 375 1031 cuncta
404 988 666 1043 corporea
692 973 878 1028 oculus
906 972 981 1027 tui
1011 971 1252 1041 corporis
1297 969 1507 1039 aspicit,
1543 982 1643 1023 nec
1673 976 1757 1021 ta-

182 1081 305 1121 men
338 1066 455 1135 ipse
482 1078 774 1134 corporeus
802 1064 988 1120 oculus
1010 1063 1211 1134 aliquid
1238 1074 1555 1131 corporeum
1606 1058 1759 1115 vide-

180 1167 286 1222 ret,
332 1158 440 1211 nisi
485 1156 626 1213 hunc
654 1172 743 1213 res
768 1156 1081 1226 incorporea
1108 1154 1175 1212 ad
1214 1154 1500 1211 videndum
1529 1159 1766 1209 acueret.

182 1247 313 1303 Nam
363 1246 491 1303 tolle
540 1257 778 1304 mentem
825 1263 945 1317 qua:
975 1261 1083 1302 non
1132 1246 1365 1309 videtur,
1395 1253 1450 1300 et
1502 1245 1770 1299 incassum

183 1349 329 1412 patet
360 1339 546 1394 oculus
576 1340 669 1409 qui
703 1338 938 1395 videbat.
971 1337 1239 1394 Subtrahe
1265 1338 1500 1391 animam
1529 1337 1769 1405 corpori,

168 1441 464 1486 remanent
490 1431 676 1505 procul
718 1431 882 1486 dubio
921 1430 1063 1486 oculi
1094 1430 1147 1485 in
1178 1444 1405 1500 corpore
1436 1428 1464 1468 δ
1494 1430 1685 1500 aperti.
1716 1428 1775 1484 Si

186 1523 352 1593 igitur
374 1538 467 1593 per
513 1537 574 1578 se
601 1522 875 1590 videbant,
919 1537 1015 1577 cur
1057 1521 1371 1578 discedente
1422 1522 1599 1577 anima
1640 1519 1774 1575 nihil

182 1615 407 1671 vident?
434 1614 572 1670 Hinc
615 1629 745 1685 ergo
771 1614 963 1685 collige
1006 1615 1131 1685 quia
1158 1615 1273 1684 ipsa
1302 1628 1513 1684 quoque
1541 1613 1769 1668 visibilia

190 1717 301 1761 non
353 1706 460 1761 nisi
488 1721 584 1776 per
613 1706 897 1761 invisibilia
950 1706 1217 1762 videntur.
1249 1702 1518 1760 Ponamus
1560 1718 1773 1773 quoque

1862 516 2058 579 πίστις,
2089 513 2419 583 ἐλπιζομένων
2458 513 2751 572 ὑπόστασις
2782 514 3118 587 πραγμάτων,
3147 513 3369 587 ἔλεγχος
3401 522 3462 573 οὗ

1862 602 2196 674 βλεπομένων,
2238 602 2429 657 δίκαιον
2473 604 2521 656 ἐν
2560 606 2725 672 τούτῳ
2752 603 2988 677 ὑπάρχει
3024 607 3083 658 τὸ
3130 609 3464 667 πιστευθῆναι

1863 696 1945 747 καί
1973 691 2097 766 ὅπερ
2120 696 2421 769 θεωρηθῆναι
2462 697 2518 748 ού
2554 692 2790 750 δύναται.
2826 693 2961 749 Ἐπεὶ
2993 696 3163 751 λοιπόν
3183 695 3295 752 ούδί
3330 696 3462 774 ὅπερ

1864 784 2125 858 θεωρεῖται
2160 786 2492 844 πιστευθῆναι
2519 783 2752 859 δύναται.
2788 782 2962 860 Ὀμως
2988 787 3116 841 κατά
3154 788 3211 842 r6
3247 786 3463 843 δυνατόν

1866 895 1969 941 μοι,
2006 874 2072 930 δι’
2116 876 2281 947 ὀλίγου
2314 898 2372 932 σε
2413 879 2537 953 πρὸς
2568 877 2779 933 σεαυτὸν
2824 879 3134 954 ἐπιστρέψω,
3182 878 3327 933 οὐδέν
3364 887 3466 934 τῶν

1870 966 2133 1044 ὁρωμένων
2159 964 2276 1022 ἄνευ
2303 977 2403 1022 τῶν
2445 970 2671 1044 ἀοράτων
2694 970 2977 1044 θεωρεῖται.
3008 968 3132 1024 Ἰδοὺ
3158 973 3259 1043 γάρ
3298 974 3469 1026 πάντα

1868 1058 1935 1112 τά
1961 1059 2231 1127 σωματικά
2259 1057 2285 1112 6
2309 1059 2552 1129 ὀφθαλμός
2578 1065 2671 1115 τοῦ
2697 1063 2935 1130 σώματος
2962 1062 3164 1136 θεωρεῖ.
3188 1063 3290 1116 Ούκ
3326 1057 3384 1116 ἀν
3412 1060 3467 1116 δέ

1869 1168 1922 1202 τι
1959 1150 2249 1221 σωματικὸν
2279 1147 2303 1202 ὁ
2332 1150 2484 1208 αὐτὸς
2515 1155 2605 1204 τοῦ
2632 1152 2875 1220 σώματος
2921 1151 3161 1222 ὀφθαλμός
3198 1153 3466 1217 θεάσηται,
3542 1186 3545 1187 ν

1872 1241 1958 1296 ἐὰν
1985 1246 2055 1311 μή
2082 1247 2264 1295 τοῦτον
2286 1246 2499 1319 πρᾶγμα
2521 1242 2794 1311 ἀσώματον
2822 1246 2993 1315 κινήσῃ
3024 1244 3152 1317 πρὸς
3181 1245 3238 1298 τό
3276 1245 3469 1299 θεάσα-

1874 1334 2011 1389 σθαι.
2036 1329 2263 1406 Ἔπαρον
2284 1336 2385 1407 γάρ
2412 1332 2498 1388 τόν
2523 1333 2762 1405 λογισμόν
2782 1334 2868 1389 τὸν
2888 1339 2959 1404 μὴ
2988 1335 3351 1408 θεωρούμενον,
3380 1335 3470 1390 καὶ

1875 1426 1946 1485 είς
1973 1421 2180 1499 ἄκαιρον
2214 1424 2239 1479 6
2282 1426 2528 1498 ὀφθαλμὸς
2554 1426 2799 1495 ἀνέῳκται
2826 1426 2851 1480 6
2880 1429 3145 1497 θεώμενος.
3171 1429 3472 1503 Παρὲπαρον

1875 1520 1966 1574 τήν
1986 1516 2170 1587 ψυχὴν
2197 1517 2249 1572 ix
2285 1523 2379 1573 τοῦ
2416 1520 2677 1587 σώματος,
2709 1520 2795 1572 καὶ
2819 1520 3135 1588 ἀπομένουσι
3173 1517 3394 1577 δηλονότι
3419 1518 3469 1573 οε

1879 1608 2114 1681 ὀφθαλμοί
2142 1609 2193 1661 ἐν
2220 1616 2290 1678 τῷ
2320 1611 2526 1679 σώματι
2551 1611 2876 1683 άνεῳγμένοι.
2905 1610 3017 1663 Ἐἀν
3045 1604 3138 1663 οὖν
3176 1608 3239 1665 δι’
3274 1611 3472 1665 ἑαυτῶν

1879 1700 2182 1773 ἐθεώρησαν,
2213 1698 2346 1755 διατί
2378 1703 2805 1777 ύποχωρησάσης
2842 1709 2934 1761 τῆς
2970 1700 3154 1772 ψυχῆς
3182 1699 3321 1756 οὐδὲν
3348 1704 3471 1756 θεω-

190 1805 321 1851 ante
339 1798 526 1852 oculos
543 1798 736 1852 mentis
754 1796 1002 1852 mdiﬁcari
1026 1796 1266 1864 domum,
1294 1796 1582 1851 immensas
1606 1797 1773 1850 moles

1888 1798 2079 1866 ροῦσιν.
2111 1790 2196 1845 Ἐκ
2220 1795 2408 1848 τούτου
2440 1798 2604 1849 τοίνυν
2624 1792 2960 1859 κατανόησον,
2992 1791 3070 1849 ὅτι
3097 1795 3227 1850 αύτά
3255 1795 3320 1849 τά
3339 1794 3472 1871 ὁρώ-

188 1887 381 1951 levari.
410 1887 644 1957 pendere
673 1901 892 1958 magnas
921 1890 976 1942 in
1002 1886 1268 1942 machinis
1288 1885 1599 1951 columnas;
1631 1885 1772 1955 quis,

185 1991 373 2048 quaeso
398 1987 474 2043 te,
500 1978 602 2032 hoc
629 1992 765 2046 opus
809 1988 1079 2046 operatur,
1134 1991 1327 2047 corpus
1380 1975 1593 2031 visibile
1620 1976 1768 2045 quod

185 2068 310 2125 illas
339 2069 513 2124 moles
542 2071 787 2125 manibus
820 2069 1001 2134 trahit,
1031 2084 1099 2125 an
1123 2069 1410 2125 invisibilis
1441 2069 1617 2124 anima
1648 2082 1768 2137 quae

185 2160 427 2216 viviﬁcat
481 2162 714 2231 corpus?
770 2160 923 2215 Tolle
963 2161 1105 2217 enim
1150 2161 1291 2229 quod
1325 2175 1432 2214 non
1460 2158 1673 2213 videtur
1721 2159 1775 2211 in

185 2266 437 2322 corpore,
487 2262 541 2308 et
591 2268 718 2308 mox
756 2252 1047 2308 immobilia
1092 2262 1373 2307 remanent
1418 2260 1610 2306 cuncta
1659 2264 1778 2319 quae

187 2348 394 2403 moveri
451 2346 805 2411 videbantur,
847 2345 1076 2401 visibilia
1131 2358 1357 2416 corpora
1414 2342 1775 2397 metallorum.

190 2439 306 2507 Qua
330 2453 399 2494 ex
422 2452 483 2493 re
512 2437 846 2508 pensandum
871 2445 955 2493 est
983 2431 1106 2508 q‘uia
1139 2437 1192 2492 in
1220 2436 1321 2492 hoc
1345 2450 1555 2505 quoque
1581 2432 1779 2487 mundo

188 2531 388 2589 visibili
437 2530 573 2586 nihil
605 2529 711 2585 nisi
760 2544 855 2600 per
882 2538 1185 2584 creaturam
1217 2528 1539 2583 invisibilem
1569 2526 1779 2595 diSponi

189 2632 392 2692 potest.
443 2621 577 2677 Nam
605 2623 745 2678 sicut
794 2622 1133 2693 omnipotens
1189 2621 1333 2676 Deus
1382 2620 1668 2690 aspirando
1698 2619 1781 2674 vel

190 2714 471 2783 implendo
496 2730 561 2771 ea
588 2729 710 2787 quae
739 2715 947 2770 ratione
979 2715 1301 2781 subsistunt,
1352 2723 1410 2770 et
1436 2715 1693 2779 viviﬁcat,
1726 2723 1779 2768 et

187 2808 717 2874 movetinvisibilia;
740 2808 810 2862 ita
834 2808 947 2877 ipsa
970 2822 1181 2876 quoque
1204 2806 1489 2861 invisibilia
1514 2804 1780 2875 implendo

191 2906 426 2953 movent
475 2906 636 2970 atque
666 2908 688 2938 ο
717 2897 985 2954 viviﬁcant
1011 2898 1247 2954 carnalia
1298 2910 1521 2967 corpora
1549 2912 1668 2966 qua:
1696 2896 1778 2951 vi-

190 2982 413 3043 dentur.
497 2997 509 3010 ‘

273 3278 450 3334 Pera.
485 3275 624 3343 istis,
650 3276 835 3343 fateor,
854 3274 882 3315 ιι
899 3277 1306 3347 allegationibus
1332 3276 1561 3333 libenter
1585 3276 1783 3340 victus,

190 3384 369 3442 prope
397 3367 543 3425 nulla
589 3368 699 3437 jam
730 3384 850 3425 esse
899 3370 1014 3426 hazc
1047 3369 1276 3424 visibilia
1301 3370 1619 3425 existimare
1640 3383 1787 3423 com-

191 3462 393 3532 pellor,
418 3462 508 3531 qui
542 3463 687 3530 prius
716 3461 770 3516 in
801 3476 885 3516 me
938 3462 1323 3517 inﬁrmantium
1355 3476 1640 3532 personam
1671 3474 1790 3515 sus-

194 3552 426 3619 cipiens,
479 3551 543 3606 de
595 3550 955 3606 invisibilibus
977 3552 1307 3607 dubitabam.
1363 3553 1548 3621 Itaque
1575 3551 1788 3621 placent

199 3650 393 3696 cuncta
423 3655 545 3713 qua
589 3642 753 3707 dicis;
799 3644 891 3698 sed
921 3651 1099 3698 tamen
1128 3646 1267 3699 sicut
1292 3644 1454 3700 vitam
1507 3645 1702 3699 animae
1733 3646 1786 3698 in

198 3746 423 3802 corpore
452 3733 721 3789 manentis
761 3749 829 3789 ex
856 3745 1003 3790 motu
1034 3737 1275 3805 corporis
1319 3750 1569 3804 agnosco,
1604 3737 1678 3790 ita
1709 3736 1791 3790 vi-

198 3831 310 3880 tam
340 3827 535 3881 animai
565 3837 685 3897 post
732 3839 948 3896 corpus,
1002 3830 1205 3898 apertis
1259 3828 1581 3899 quibusdam
1630 3830 1789 3883 rebus

199 3922 599 3987 attestantibus,
628 3934 954 3992 cognoscere
983 3921 1166 3992 cupio.

282 4095 523 4152 Gnaeos.
566 4097 673 4154 Hac
717 4098 772 4155 in
801 4114 861 4156 re
889 4100 935 4156 si
965 4116 1063 4157 cor
1086 4111 1327 4171 paratum
1353 4110 1460 4158 tute
1487 4100 1792 4157 dilectionis

203 4189 455 4254 invenio,
507 4192 557 4245 in
582 4191 897 4263 allegatione
929 4194 1151 4250 minime
1180 4196 1385 4252 laboro.
1416 4196 1792 4266 Nunquidnam

203 4282 379 4335 sancti
412 4282 638 4350 apostoli
669 4291 725 4338 et
753 4297 1015 4355 martyres
1045 4285 1247 4340 Christi
1281 4294 1600 4354 praesentem
1628 4286 1790 4340 vitam

206 4373 571 4444 despicerent,
596 4382 652 4428 et
679 4376 729 4428 in
758 4385 986 4431 mortem
1040 4379 1218 4434 carnis
1248 4379 1453 4434 animas
1510 4387 1793 4449 ponerent,

211 4464 316 4521 nisi
348 4468 635 4523 certiorem
661 4469 958 4525 animarum
986 4472 1149 4525 vitam
1172 4473 1429 4543 subsequi
1456 4473 1691 4529 scirent?
1714 4473 1791 4528 Tu

1880 1905 2025 1956 μενα,
2053 1888 2099 1938 εἰ
2123 1890 2193 1954 μὴ
2232 1882 2315 1938 διά
2340 1892 2439 1940 τῶν
2480 1886 2711 1960 ἀοράτων
2740 1886 2797 1938 ού
2825 1887 3150 1961 θεωροῦνται.
3179 1893 3355 1955 Θῶμεν
3383 1881 3475 1941 οὖν

1878 1977 2088 2031 ἐνώπιον
2115 1986 2216 2034 τῶν
2245 1980 2499 2053 ὀφθαλμῶν
2524 1986 2615 2035 τοῦ
2653 1982 2761 2040 νοὸς
2788 1978 3168 2053 οἰκοδομηθῆναι
3191 1978 3348 2047 οἷκον,
3387 1982 3477 2036 καὶ

1879 2071 1927 2120 ἐν
1948 2070 2170 2141 πλείστῳ
2200 2071 2349 2145 βάρει
2385 2078 2561 2125 τοῦτον
2593 2070 2821 2142 ὑψῶσαι,
2853 2075 3124 2144 μεγίστους
3151 2070 3206 2127 δί
3228 2074 3394 2131 κίονας
3421 2073 3478 2125 ἓν

1878 2168 1990 2221 τοῖς
2010 2161 2291 2234 μαγγοὶνοις
2320 2166 2591 2233 κρεμάσαι.
2624 2167 2714 2221 Τίς
2741 2165 2929 2229 τοίνυν,
2972 2166 3100 2219 αἰτῶ
3129 2184 3211 2228 σε,
3242 2166 3300 2218 τό
3328 2162 3479 2238 ἔργον

1878 2262 2028 2311 τοῦτο
2056 2256 2342 2329 ἐργάζεται,
2392 2257 2451 2313 τὸ
2481 2265 2634 2326 σῶμα
2659 2259 2716 2313 τό
2764 2256 3030 2331 ὁρώμενον,
3073 2256 3199 2333 ὅπερ
3239 2260 3371 2314 αὐτὰ
3408 2260 3479 2316 τὰ

1880 2348 2016 2419 βάρη
2046 2356 2161 2408 ταῖς
2183 2353 2372 2422 χερσίν
2397 2347 2545 2426 αἴρει,
2570 2348 2600 2407 ἢ
2625 2351 2657 2407 ἡ
2685 2349 2904 2425 ἀόρατος
2929 2348 3083 2419 ψυχή
3105 2351 3135 2407 ἦ
3157 2353 3477 2413 ζωοποιοῦσα

1880 2440 1939 2494 τὸ
1958 2446 2143 2511 σῶμα,
2168 2436 2399 2518 Ἐπαρον
2421 2440 2521 2512 γάρ
2540 2441 2601 2495 τὸ
2623 2444 2694 2507 μή
2715 2441 3057 2514 θεωρούμενον
3079 2443 3130 2493 ὲν
3152 2448 3224 2513 τῷ
3248 2444 3476 2513 σώματι,

1880 2536 1966 2588 καί
1992 2534 2177 2595 seem;
2220 2535 2428 2591 ἀκίνητα
2454 2536 2796 2603 ἀπομένουσιν
2828 2533 3034 2589 ἅπαντα
3066 2535 3231 2589 ἐκεῖνα
3254 2541 3355 2589 τῶν
3383 2554 3480 2604 με·

1880 2625 2070 2680 τάλλων
2114 2628 2183 2680 τά
2220 2627 2438 2693 σώματα
2459 2663 2474 2688 ,
2525 2623 2659 2698 ἅπερ
2709 2625 2977 2694 κινούμενα
3020 2624 3341 2699 ἕθεωροῦντο.
3388 2622 3478 2680 Ἐκ

1880 2719 2060 2773 τούτου
2091 2713 2177 2771 οὖν
2202 2717 2534 2781 κατανόησον,
2565 2714 2643 2772 ὅτι
2669 2712 2787 2771 ἄνευ
2833 2722 2925 2771 τοῦ
2954 2715 3235 2785 κτίσματος
3260 2720 3352 2769 τοῦ
3384 2716 3486 2770 ἀο-

1881 2810 2062 2885 ράτου,
2092 2807 2233 2863 οὐδὲν
2271 2811 2319 2861 ἐν
2347 2809 2514 2879 τούτῳ
2551 2814 2625 2879 τῷ
2654 2807 2828 2878 κόσμῳ
2857 2814 2932 2880 τῷ
2960 2806 3197 2881 ὁρωμένῳ
3231 2805 3481 2866 διοικηθῆ-

1883 2922 1965 2954 ναι
1994 2898 2227 2956 δύναται.
2256 2902 2494 2976 Καθάπερ
2513 2900 2611 2975 γάρ
2634 2897 2659 2954 6
2686 2896 3075 2969 παντοδύναμος
3102 2899 3226 2958 Θεὸς
3253 2900 3480 2969 ἐμπνέων

1882 2993 1961 3045 καί
1989 2991 2192 3068 πληρῶν
2221 2990 2388 3045 πάντα
2411 2993 2475 3044 τὰ
2495 2988 2705 3048 δικαίως
2731 2987 3101 3060 συνιστάμενα,
3134 2996 3375 3052 ζωοποιεῖ
3392 2991 3483 3044 και

1882 3090 2010 3137 κινεῖ
2043 3085 2109 3137 τά
2146 3082 2362 3157 ἀόρατα,
2404 3082 2568 3141 οὕτως
2596 3082 2727 3136 αύτά
2762 3082 2827 3136 τά
2862 3080 3061 3155 ἀόρατα
3090 3078 3361 3153 πληροῦσι,
3392 3082 3479 3134 καί

1816 3198 1863 3262 C
1890 3180 2101 3242 κινοῦσι,
2132 3178 2216 3227 καί
2245 3176 2511 3247 σοφίζουσι
2542 3174 2608 3228 τά
2629 3171 2860 3245 ὁρώμενα
2883 3174 3122 3241 σώματα.

1963 3272 2138 3321 ΠΕΤΡ.
2171 3263 2422 3335 Ὀμολογῶ
2466 3262 2651 3329 ἡδέως,
2684 3271 2776 3320 τοῦ
2824 3262 3015 3334 δεσμοῦ
3061 3265 3245 3320 τούτου
3288 3266 3483 3322 ἀπολυ-

1888 3360 2011 3421 θείς,
2037 3356 2194 3428 μηδὲν
2214 3354 2335 3411 εἶναι
2355 3362 2517 3412 ταῦτα
2542 3356 2604 3410 τὰ
2628 3354 2791 3427 ὁρατά
2810 3354 3129 3426 λογίσασθαι,
3176 3354 3322 3419 ὅστις
3353 3358 3483 3433 πρό-

1888 3472 2035 3527 τερον
2060 3452 2117 3506 τὸ
2146 3458 2246 3505 τῶν
2272 3452 2552 3505 νοσούντων
2580 3448 2861 3524 πρόσωπον
2888 3450 2960 3510 εἰς
2989 3449 3208 3520 ἐμαυτόν
3237 3448 3484 3515 ἀναδεξά-

1890 3566 2063 3614 μενος,
2094 3547 2341 3622 περὶτῶν
2385 3544 2613 3619 ἀοράτων
2656 3539 2938 3607 ἑδίσταζον.
2984 3542 3286 3617 ’Δρέσκουσε
3316 3547 3485 3601 τοίνυν

1890 3640 2060 3694 πάντα
2102 3636 2233 3711 άπερ
2278 3638 2454 3710 λέγεις’
2499 3636 2600 3691 ἀλλ’
2623 3630 2710 3690 οὖν
2738 3636 2961 3709 καθάπερ
2989 3640 3081 3692 τήν
3112 3640 3246 3700 ζωήν
3270 3644 3361 3695 τῆς
3380 3636 3484 3707 ψυ-

1892 3741 1997 3805 χῆς
2022 3731 2097 3788 ἔτι
2125 3734 2175 3786 ἂν
2204 3740 2276 3803 τῷ
2313 3735 2514 3802 σώματι
2551 3732 2745 3792 ταύτης
2772 3731 3141 3801 ὑπαρχούσης,
3174 3733 3228 3785 ἐκ
3254 3738 3354 3786 τῶν
3390 3738 3483 3785 τοῦ

1893 3830 2133 3898 σώματος
2159 3824 2477 3900 διαγινώσκω
2511 3824 2825 3894 κινημάτων,
2864 3822 3025 3882 οὕτως
3052 3825 3211 3882 αὐτῆς
3237 3828 3327 3880 τήν
3356 3825 3489 3885 ζωήν

1891 3922 1975 3974 καὶ
2008 3920 2140 3989 μετὰ
2175 3924 2265 3976 τήν
2293 3917 2345 3970 ἐκ
2386 3921 2480 3972 τοῦ
2519 3918 2757 3985 σώματος
2797 3910 2995 3979 ἔξοδον,
3037 3920 3259 3988 φανερῶν
3285 3932 3489 3987 μαρτυ-

1893 4011 2117 4085 ρούντων
2140 4010 2460 4084 πραγμάτων
2483 4004 2754 4080 διαγνῶναι
2782 4006 3032 4076 ἐπιθυμῶ.

1963 4111 2198 4157 I‘PHI‘OP.
2234 4098 2309 4153 Ἐν
2336 4100 2499 4166 τούτῳ
2523 4095 2597 4169 τῷ
2618 4099 2906 4172 πράγματι,
2937 4098 3019 4150 ἐάν
3046 4097 3249 4167 ἑτοίμην
3275 4097 3489 4173 καρδίαν

1895 4194 1945 4246 ἐν
1968 4204 2037 4261 τῷ
2059 4199 2152 4253 τῆς
2189 4198 2285 4250 σῆς
2318 4189 2524 4262 ἀγάπης
2563 4197 2587 4225 θ
2625 4186 2798 4261 δεσμῷ
2826 4187 3043 4262 εὕροιμι,
3086 4190 3374 4259 πέπεισμαι
3412 4187 3490 4245 ὅτι

1896 4283 2036 4339 οὐδὲν
2077 4284 2333 4339 κοπιάσω.
2381 4283 2440 4336 ΟΞ
2483 4280 2615 4353 ἅγιοι
2657 4278 2935 4335 ἀπόστολοι
2974 4281 3057 4332 καί
3095 4280 3354 4357 μάρτυρες
3396 4286 3487 4332 τοῦ

1894 4382 2149 4451 Χριστοῦ,
2186 4378 2229 4430 εί
2268 4380 2336 4445 μή
2383 4373 2723 4447 αἱρετωτέραν
2758 4367 2888 4426 εἶναι
2925 4376 3015 4431 τήν
3055 4373 3493 4427 ἐπακολουθοῦσαν

1898 4472 2029 4531 ζωήν
2076 4475 2176 4522 τῶν
2224 4468 2415 4538 ⁸ψυχῶν
2457 4468 2746 4538 ἐγίνωσκον,
2792 4472 2904 4527 πῶς
2930 4470 3025 4524 τήν
3060 4471 3333 4539 παροῦσαν
3361 4469 3492 4528 ζωήν

205 4570 335 4613 vero
360 4557 479 4627 ipse
504 4559 710 4628 inquies
736 4562 859 4630 quia
890 4563 1049 4616 vitam
1082 4562 1275 4617 animae
1304 4563 1357 4617 in
1404 4578 1635 4634 corpore
1669 4579 1781 4619 ma-

1900 4559 2286 4624 ὶϐδελύσσοντο,
2317 4563 2403 4613 καί
2437 4560 2487 4613 ἐν
2513 4567 2587 4631 τῷ
2612 4568 2701 4619 τῆς
2728 4558 2914 4635 σαρκός
2952 4559 3145 4625 θανάτῳ
3182 4558 3276 4615 τάς
3305 4555 3493 4626 ψυχάς

207 4652 383 4705 nentis
413 4664 484 4705 ex
516 4650 752 4706 motibus
793 4653 1037 4722 corporis
1059 4656 1347 4724 agnoscis;
1379 4664 1435 4710 et
1460 4669 1588 4710 ecce
1616 4656 1671 4709 hi
1705 4656 1793 4723 qui

208 4742 415 4797 animas
443 4742 498 4796 in
523 4750 751 4797 mortem
774 4753 1095 4813 posuerunt,
1120 4754 1280 4815 atque
1307 4745 1606 4800 animarum
1634 4747 1796 4801 vitam

207 4843 569 4902 postmortem
586 4834 764 4889 carnis
778 4849 898 4891 esse
908 4837 1270 4903 crediderunt,
1285 4838 1609 4907 quotidianis
1634 4838 1799 4910 384

211 4928 492 4983 miraculis
534 4937 836 4983 coruscant.
892 4930 974 4985 Ad
1014 4932 1276 4988 exstincta
1323 4948 1554 5003 namque
1603 4948 1791 4989 eorum

207 5032 439 5089 corpora
466 5020 706 5074 viventes
733 5020 863 5091 aegri
885 5024 1127 5090 veniunt,
1184 5034 1239 5079 et
1278 5032 1561 5091 sanantur;
1595 5026 1796 5094 perjuri

204 5114 451 5177 veniunt,
481 5120 539 5166 et
562 5112 830 5169 daemonio
868 5124 1145 5184 vexantur,
1189 5118 1505 5172 daemoniaci
1557 5119 1797 5189 veniunt,

205 5213 263 5257 et
312 5204 635 5271 liberantur;
666 5205 862 5275 leprosi
891 5209 1135 5276 veniunt,
1186 5218 1242 5266 et
1294 5210 1655 5277 inundantur;
1704 5211 1801 5267 de-

284 5349 313 5412 ξι
344 5340 549 5412 Primus
578 5342 811 5412 Gemet.,
835 5344 1079 5397 reducam
1099 5359 1132 5398 α
1157 5354 1225 5399 ιε.

282 5409 315 5448 ι’
350 5410 627 5467 Secundus
657 5409 891 5482 Gemet.,
922 5415 1103 5481 operti.

288 5482 614 5538 °Secuudus
660 5485 877 5540 Carnot.
933 5494 989 5540 et
1036 5485 1164 5553 Lyr,
1219 5499 1339 5540 cum
1391 5485 1528 5553 pler.
1587 5482 1800 5547 Norm.,

204 5553 527 5620 sensiﬁcant.
549 5554 805 5611 German.
829 5564 883 5609 et
902 5553 1165 5610 secundus
1185 5554 1417 5621 Tlteod.,
1440 5569 1643 5609 sensum
1672 5553 1800 5604 vivi-

207 5624 392 5695 [ίεαιιι.
430 5624 548 5681 Val.
574 5626 662 5681 Cl.
693 5639 746 5681 et
788 5626 993 5695 primus
1019 5623 1261 5694 Carnot.,
1310 5629 1497 5681 sensim
1523 5622 1798 5691 vivificant.

211 5694 433 5765 Tertius
460 5695 701 5763 Carnot.,
733 5694 883 5752 sensu
908 5696 1095 5765 vivi/io.

286 5762 320 5802 ει
343 5765 401 5821 lu
414 5762 821 5823 veteribusMss.
845 5767 931 5822 hic
950 5762 1147 5823 et'alibi
1166 5762 1797 5837 legitur,alligationibus,

461 5860 734 5926 PATROL.
782 5864 824 5924 Ι.
837 5865 885 5924 Χ
901 5862 1096 5936 XVII.

1906 4655 2130 4718 ἐτίθουν,
2181 4656 2246 4707 σὺ
2285 4652 2338 4708 δὲ
2378 4650 2533 4713 αὓτὸς
2573 4652 2751 4724 λέγεις,
2801 4650 2881 4705 ὅτι
2918 4655 3007 4708 τήν
3035 4653 3165 4712 ζωήν
3190 4655 3282 4707 τῆς
3308 4648 3492 4717 ψυχῆς

1906 4751 2156 4820 μενούσης
2179 4750 2338 4807 αὐτῆς
2359 4749 2408 4801 ἐν
2432 4755 2505 4820 τῷ
2534 4750 2754 4817 σώματι,
2778 4746 2831 4799 ἐκ
2857 4752 2958 4798 τῶν
2976 4748 3066 4797 τοῦ
3090 4744 3330 4809 σώματος
3361 4762 3493 4799 κινη-

1907 4843 2080 4912 μάτων
2114 4842 2477 4912 ἐπιγινώσκεις.
2508 4836 2631 4892 Ἰδού
2672 4840 2754 4891 καὶ
2782 4833 2939 4901 οὗτοι,
2967 4834 3012 4886 οἵ
3036 4852 3168 4891 τινες
3186 4832 3279 4890 τάς
3305 4829 3496 4903 ψυχάς

1907 4934 1954 4988 ἔν
1973 4942 2044 5005 τῷ
2068 4935 2262 5003 θανάτῳ
2293 4930 2495 4994 ἔθηκαν,
2532 4932 2905 4988 πιστεύσαντες
2930 4926 3190 4997 ὑπάρχειν
3219 4928 3350 4988 ζωήν
3379 4933 3497 4985 ταῖς

1906 5024 2116 5099 ψυχαῖς
2157 5026 2287 5081 μετά
2310 5024 2394 5080 τόν
2436 5032 2526 5083 τῆς
2565 5021 2753 5093 σαρκός
2789 5020 3024 5081 θάνατον,
3066 5018 3293 5087 θαύμασι

1903 5119 2253 5194 καθημερινοίς
2299 5115 2762 5188 ἐξαστράπτουσιν.
2809 5112 2897 5171 Εἰς
2921 5106 3021 5186 γάρ
3051 5110 3117 5165 τά
3148 5111 3302 5185 νεκρά
3330 5112 3496 5165 αὐτῶν

1904 5214 2120 5282 σώματα
2159 5214 2343 5275 ζῶντες
2365 5194 2622 5283 ἅρρωστοι
2665 5202 2929 5282 ἔρχονται,
2960 5205 3045 5257 καὶ
3079 5203 3265 5264 ἰάσεως
3292 5204 3497 5275 τυγχά-

1904 5342 2222 5413 alligatione,
2254 5348 2359 5413 etc.
2410 5338 2582 5413 Unde.
2612 5337 2898 5413 Zacharias
2930 5349 3090 5413 voces
3136 5335 3234 5413 has
3262 5333 3498 5413 reddidit

1906 5404 2245 5484 μετ’δεσμοῦ,
2272 5410 2466 5484 δεσμῷ.
2500 5407 2660 5484 Infra,
2692 5407 2859 5484 nulla,
2893 5416 2948 5460 ut
2978 5409 3186 5484 opinor,
3213 5404 3491 5484 huic_alle-

1904 5474 2096 5555 ῥαιὶοηι
2126 5474 2271 5555 ratio
2290 5474 2507 5555 obsistit.
2532 5477 2949 5555 Quibus‘Graaca
2977 5474 3092 5532 hare
3119 5474 3446 5555 respondent
3472 5491 3490 5505 α

1906 5545 2017 5609 οὐδὲ
2030 5559 2123 5625 μία
2138 5557 2205 5614 ὡς
2222 5550 2380 5624 οἶμαι,
2398 5545 2645 5625 ἀπολογία
2659 5560 2732 5621 τῷ
2743 5548 2920 5621 δεσμῷ
2932 5556 3099 5622 τουτῷ
3110 5545 3493 5613 ὑπολέλειπται,

1906 5622 2277 5694 Ιιιιὲεὐὶιιειιιυ,
2299 5625 2414 5676 huic
2440 5622 2746 5694 alligatioui.

1980 5705 2004 5734 °
2044 5696 2168 5760 Ms.,
2197 5693 2370 5768 δεσμῷ
2395 5693 2548 5766 εὕρω.

2983 5850 3056 5921 11

2204 5922 2231 5943 τ..
2669 5921 2677 5929 .
2986 5910 3055 5921 -π-
3328 5910 3355 5926 -ν
