3998 6356
541 329 651 388 335

1758 334 2002 397 SANCTI
2038 335 2370 399 GREGORII
2408 334 2628 396 MAGNI

3716 332 3816 395 356

537 422 625 482 διὰ
646 432 741 488 τῆς
762 431 855 482 τοῦ
893 423 1043 500 ἆγίου
1070 429 1361 503 πνεύματος
1383 439 1410 469 ι
1438 432 1632 494 σκίπης
1659 435 1976 509 παράκλησιν
2004 455 2111 511 καρ-

2230 444 2290 489 ιιι
2311 433 2653 490 monasteriis
2672 430 3090 503 circumquaque
3107 432 3430 489 constructis
3448 430 3673 489 verbum
3700 434 3817 490 γῑιιι

537 517 674 580 δίας.
707 518 843 575 Ἐπεί
872 519 927 575 δέ
948 523 1117 578 λοιπὸν
1160 529 1579 599 τεσσαρακοστὸν
1808 524 1921 587 ἔτος
1966 529 2017 582 ἐν
2063 536 2126 602 τῇ

541 614 792 685 τυφλώσει
832 615 1093 689 ύπὰρχων
1138 619 1458 693 ἐπλήρωσεν,
1500 619 1526 674 ό
1564 621 1738 695 κύριος
1773 624 1830 676 τὸ
1864 628 1966 691 φῶς
1991 617 2126 695 αὖτῷ

537 704 824 760 ἀποδέδωκε
840 747 857 771 ,
883 710 963 762 καί
996 711 1206 782 ἐγγίζειν
1231 712 1315 766 τόν
1343 713 1553 767 θάνατον
1577 714 1730 767 αὐτοῦ
1753 714 1990 784 ἐμήνυσε.
2013 723 2128 775 Τοῖς

537 795 592 852 δὲ
620 798 711 852 ὑπ’
736 800 894 855 αὑτοῦ
923 804 1171 857 κτισθεῖσι
1201 808 1561 880 μοναστηρίοις
1601 806 1763 876 κύκλῳ
1792 809 2005 883 κηρύξαι
2032 810 2126 863 αὖ·

536 893 626 946 τόν
650 893 735 947 τὸν
756 901 847 955 τῆς
878 898 1009 958 ζωῆς
1036 897 1181 967 λόγον
1208 898 1456 965 ἐκέλευσε,
1489 902 1575 953 καί
1596 902 1678 954 ἵνα
1716 902 1741 953 ὁ
1770 907 1861 956 τοῦ
1887 902 2127 969 σώματος

536 982 804 1037 ἀναλαϐὼν
827 985 886 1039 τό
904 993 1026 1055 φῶς,
1055 986 1461 1060 ἐπισκεψάμενος
1493 990 1657 1059 κύκλῳ
1687 993 1807 1051 τούς
1849 990 2119 1065 ἀδελφούς,

534 1074 596 1128 τὸ
636 1083 729 1135 τῆς
774 1074 989 1150 καρδίας
1014 1075 1043 1115 δ
1073 1079 1238 1134 αὐτῶν
1285 1078 1523 1155 διανοίξῃ.
1570 1067 1749 1143 Ὀστις
1796 1086 2021 1157 παρευθύ

533 1170 814 1243 προστάξει
841 1178 933 1225 τοῦ
963 1172 1292 1235 κελεύσαντος
1316 1171 1637 1240 ὑπακούσας,
1665 1177 1732 1230 τά
1758 1183 1859 1231 τῶν
1900 1173 2122 1246 ἀδελφῶν

534 1265 759 1320 κοινόϐια
783 1275 805 1303 ⁸
829 1268 1094 1343 ἐγύρευσε,
1119 1273 1201 1324 καί
1223 1274 1319 1331 τὰς
1338 1279 1431 1332 τῆς
1459 1276 1589 1335 ζωῆς
1612 1270 1833 1335 ἐντολὰς,
1865 1270 1925 1329 ἀς
1956 1272 2122 1345 πράτ-

531 1376 633 1410 των
660 1360 935 1429 μεμάθηκε,
965 1362 1171 1423 τούτοις
1196 1364 1466 1437 παρέθετο.
1509 1365 1647 1417 Μετά
1674 1361 2118 1421 πεντεκαιδεκάτην

528 1444 584 1501 δέ
611 1450 815 1525 ἡμέραν,
868 1453 1145 1527 πληρώσας
1184 1455 1243 1510 τό
1284 1460 1542 1531 κήρυγμα,
1589 1456 1639 1509 ἐν
1687 1462 1758 1525 τῷ
1797 1457 2118 1530 μοναστηρίῳ

526 1540 689 1596 αὐτοῦ
719 1544 1059 1619 ύπέστρεψιν.
1092 1546 1170 1600 Ἐν
1214 1544 1268 1601 δέ
1316 1556 1390 1620 τῷ
1436 1548 1677 1625 εύκτηρίῳ
1716 1548 1837 1606 τούς
1877 1544 2119 1617 ἀδελφούς

524 1635 1025 1709 προσκαλεσάμενος.
1077 1643 1161 1693 καί
1207 1642 1413 1702 σταθείς
1456 1642 1504 1693 ἐν
1533 1642 1673 1711 μέσῳ
1696 1642 1880 1705 αὐτῶν,
1904 1646 1995 1696 τοῦ
2028 1637 2115 1695 δε-

522 1733 770 1781 σποτικοῦ
795 1730 1033 1799 σώματος
1057 1735 1137 1785 καί
1167 1732 1382 1803 αἵματος
1410 1733 1674 1804 μετέλαϐε,
1699 1737 1783 1788 καί
1811 1735 1905 1787 σύν
1937 1734 2114 1793 αὐτοῖς

2235 528 2551 596 praedicaret
2579 526 2876 592 admonuit,
2909 535 3171 596 quatenus
3200 525 3442 595 corporis
3487 535 3710 594 recepto
3739 525 3816 581 lu-

2233 621 2395 685 mine,
2448 619 2680 674 visitstis
2731 621 2783 673 in
2833 618 3061 674 circuitu
3108 617 3385 684 fratribus,
3432 617 3614 672 cordis
3644 616 3817 674 lumen

2230 714 2484 783 aperiret.
2509 712 2609 779 Qui
2632 712 2810 767 statim
2834 711 2998 782 jussis
3020 711 3427 781 obtemperans,
3456 706 3684 763 fratrum
3713 724 3817 765 cm-

2230 813 2390 869 nobia
2424 813 2691 879 circuivit,
2721 813 2969 867 mandata
2995 813 3118 867 vita:
3144 827 3264 881 qua:
3309 810 3517 880 agendo
3562 809 3819 868 didicerat

2228 906 2559 974 praedicavit.
2588 904 2785 974 Quinto
2805 904 3015 961 decimo
3045 903 3203 975 igitur
3229 904 3317 959 die
3346 902 3411 956 ad
3430 903 3817 959 monasterium

2227 1014 2381 1053 suum
2414 1006 2627 1070 peracta
2659 998 3041 1067 praedicatione
3068 1008 3320 1052 reversus
3352 999 3458 1061 est,
3492 994 3674 1065 ibique
3708 996 3807 1050 fra-

2227 1089 2397 1145 tribus
2434 1091 2741 1145 convocatis
2770 1098 2954 1145 astans
2979 1088 3031 1143 in
3061 1088 3259 1154 medio,
3296 1095 3695 1143 sacramentum
3727 1074 3818 1141 do;

2225 1183 2408 1238 minici
2451 1184 2693 1254 corporis
2740 1194 2795 1238 et
2841 1181 3117 1253 sanguinis
3164 1178 3412 1249 sumpsit,
3442 1192 3681 1248 moxque
3704 1193 3818 1234 cum

2224 1273 2304 1329 eis
2330 1274 2585 1345 mysticos
2616 1274 2939 1343 psalmorum
2969 1281 3159 1327 cantus
3185 1283 3409 1326 exorsus
3436 1278 3537 1324 est.
3570 1268 3676 1335 Qui
3716 1269 3817 1324 illis

2223 1362 2572 1433 psallentibus
2588 1364 2815 1417 orationi
2838 1362 3072 1417 intentus
3086 1362 3318 1416 animam
3342 1359 3595 1416 reddidit.
3622 1360 3818 1415 Omnes

2222 1467 2351 1508 vero
2380 1453 2569 1509 fratres
2618 1454 2710 1525 qui
2752 1454 2976 1509 aderant
3010 1468 3078 1509 ex
3107 1467 3202 1508 ore
3232 1452 3350 1521 ejus
3398 1452 3580 1506 exisse
3608 1450 3817 1507 colum-

2220 1546 2342 1603 bam
2372 1547 2637 1615 viderunt,
2670 1564 2788 1618 quae
2816 1564 2961 1613 mox,
2999 1555 3187 1616 aperto
3218 1554 3362 1601 tecto
3384 1544 3607 1600 oratorii
3638 1558 3817 1615 egres-

2220 1654 2311 1706 sa,
2341 1641 2724 1711 aspicientibus
2765 1640 3039 1705 fratribus,
3074 1639 3375 1711 penetravit
3398 1638 3617 1695 ccelum.
3651 1636 3813 1706 Cujus

2221 1731 2425 1802 idcirco
2449 1733 2682 1787 animam
2733 1733 2785 1787 in
2815 1732 3079 1787 columbae
3106 1731 3288 1799 specie
3340 1730 3653 1800 apparuisse
3701 1743 3820 1784 cre-

521 1817 617 1877 τὰς
642 1822 901 1886 μυστικὰς
930 1829 1028 1875 τῶν
1050 1822 1263 1893 ψαλμῶν
1295 1823 1552 1895 ύμνῳδίας
1587 1824 1896 1880 ἐπετέλεσεν.
1926 1821 2037 1881 Ἐτι
2059 1823 2111 1879 δέ

2220 1822 2451 1877 dendum
2485 1833 2587 1889 est,
2629 1832 2688 1878 ut
2712 1824 3063 1892 omnipotens.
3088 1822 3230 1877 Deus
3257 1837 3324 1877 ex
3366 1821 3466 1877 hac
3497 1821 3613 1889 ipsa
3642 1820 3821 1890 specie

523 1910 689 1963 αὐτῶν
714 1910 1019 1979 ψαλλόντων,
1070 1914 1219 1975 αὐτὸς
1366 1918 1501 1989 εὐχῇ
1529 1918 1786 1985 ἐπιμείνας
1815 1920 1904 1974 τήν
1930 1914 2112 1985 ψυχὴν

2221 1915 2528 1970 ostenderet
2555 1930 2713 1985 quam
2744 1914 2973 1983 simplici
2994 1913 3158 1969 corde
3195 1912 3246 1968 ei
3277 1914 3358 1967 vir
3401 1912 3491 1967 ille
3540 1912 3819 1974 servisset,

523 1999 809 2068 παρέδωκε.
838 2007 1020 2066 Πάντες
1047 2004 1102 2060 δὲ
1127 2008 1174 2061 oi
1202 2008 1451 2082 παρόντες
1483 2009 1682 2081 ἀδελφοί
1722 2010 1773 2063 ἐκ
1799 2016 1889 2064 τοῦ
1927 2009 2181 2083 στόματος
2200 2010 2355 2065 αὐτοῦ
2383 2014 2690 2089 περιστερὰν
2739 2007 3037 2076 ἐξελθοῦσαν
3077 2010 3321 2085 ίώρακαν.
3356 2013 3450 2061 τοῦ
3490 2005 3544 2061 δέ
3600 2009 3821 2079 κεράμου

524 2096 619 2144 τοῦ
646 2093 906 2169 εὖκτηρίου
936 2094 1289 2169 διανοιγέντος,
1320 2106 1418 2154 τῶν
1440 2098 1658 2173 ἀδελφῶν
1686 2102 2024 2175 θεωρούντων,
2060 2101 2237 2161 εύθίως
2266 2098 2315 2156 ἔν
2354 2109 2427 2174 τῷ
2467 2104 2659 2175 οὐρανῷ
2687 2094 2906 2160 ἀνῆλθεν.
2938 2099 3081 2155 "oon
3107 2110 3197 2161 τήν
3232 2106 3417 2160 τούτου
3452 2103 3635 2174 ψυχὴν
3670 2100 3720 2151 ἓν
3752 2105 3824 2173 τῷ

528 2192 619 2246 τῆς
640 2195 953 2265 περιστερᾶς
978 2196 1216 2260 σχήματι
1249 2193 1453 2263 ὀφθῆναι
1489 2193 1828 2267 πιστεύομεν,
1858 2195 1943 2249 ἵνα
1980 2197 2062 2249 καί
2100 2196 2151 2248 ἐν
2190 2196 2357 2264 τούτῳ
2396 2192 2423 2248 ὁ
2468 2194 2851 2267 παντοδυναμὸς
2893 2194 3037 2260 Θεὸς,
3082 2192 3165 2251 διὰ
3206 2204 3296 2251 τοῦ
3337 2198 3569 2251 τοιούτου
3606 2196 3825 2263 σχήμα-

525 2293 614 2334 τος
642 2274 777 2351 δείξῃ
808 2280 975 2343 αὐτοῖς
998 2282 1047 2337 ἐν
1073 2286 1199 2358 ποίᾳ
1222 2284 1545 2359 ἀκεραιότητι
1565 2282 1775 2357 καρδίας
1803 2280 1952 2345 οὗτος
1991 2282 2018 2339 ό
2054 2285 2182 2361 ἀνήρ
2207 2283 2500 2342 ἐδούλευσεν
2528 2287 2686 2358 αύτῷ.

1146 2442 1368 2493 ΚΕΦΔΛ.
1413 2437 1499 2491 tB’.

595 2568 718 2637 Περὶ
739 2564 907 2634 ἐξόδου
938 2566 1123 2640 ψυχῆς
1148 2576 1239 2626 τοῦ
1264 2573 1367 2627 ἀπὸ
1388 2573 1643 2648 Νουρσίας
1660 2572 2042 2651 πρεσϐυτέρου.

591 2700 725 2757 om
762 2708 915 2759 τοῦτο
970 2716 1383 2781 παρασιωπῆσαι
1432 2707 1617 2767 δίκαιον
1670 2712 1888 2783 ἠγοῦμαι
1913 2749 1928 2773 ,
1982 2710 2112 2784 ὅπερ

519 2789 549 2845 ό
595 2791 963 2857 εύλαϐἐστατος
1011 2798 1135 2875 ἀνὴρ
1188 2800 1357 2862 ἀϐϐἆς
1402 2802 1661 2874 Στέφανος,
1717 2800 1863 2864 ὅστις
1903 2805 1963 2858 οὐ
2009 2804 2112 2879 πρό

516 2883 706 2939 πολλοῦ
738 2888 937 2960 χρόνου
972 2890 1021 2942 ἐν
1058 2891 1217 2963 ταύτῃ
1256 2900 1318 2968 τῇ
1345 2893 1487 2948 πόλει
1512 2894 1785 2959 ἐτελειώθη,
1822 2893 1840 2939 ί
1848 2917 1875 2948 ν
1917 2898 1998 2949 καί
2019 2898 2114 2950 αύ-

517 2974 606 3035 τός
646 2976 811 3037 καλῶς
856 2979 1154 3049 ἐπίστασαι,
1203 2984 1252 3036 ἐν
1286 2993 1349 3056 τῇ
1380 2987 1507 3059 αὐτῇ
1554 2994 1646 3046 τῆς
1672 2990 1927 3057 Νουρσίας
1957 2990 2113 3064 χώρᾳ

516 3070 901 3140 συμϐεϐηκέναι·
921 3071 1165 3145 διηγεῖτο.
1195 3072 1363 3150 Ἐλεγε
1392 3079 1515 3149 γὰρ,
1551 3076 1633 3134 ὅτι
1653 3079 2004 3154 πρεσϐύτερός
2032 3101 2112 3141 τις

515 3160 677 3218 ἐκεῖσε
704 3169 795 3224 τήν
830 3168 1257 3237 ἐμπιστευθεῖσαν
1302 3170 1449 3242 αύτῷ
1488 3172 1745 3231 ἐκκλησίαν
1786 3179 1917 3245 μετά
1965 3178 2110 3248 μεγί-

2832 2436 3065 2495 CAPUT
3103 2438 3193 2495 XI.

2434 2570 2512 2629 De
2546 2590 2751 2648 egressu
2787 2577 2979 2631 anime
3004 2584 3028 2613 ε
3067 2575 3290 2632 Nursini
3316 2546 3625 2649 presbyteri.

2292 2705 2399 2762 Sed
2426 2720 2600 2777 neque
2641 2707 2743 2762 hoc
2780 2706 2970 2763 sileam
3008 2710 3152 2778 quod
3182 2708 3267 2762 vir
3291 2708 3621 2764 venerabilis
3648 2708 3826 2766 abbas

2220 2794 2547 2865 Stephanus,
2585 2798 2673 2866 qui
2705 2812 2811 2852 non
2842 2798 3000 2866 longe
3034 2807 3158 2854 ante
3204 2797 3306 2855 hoc
3352 2809 3559 2870 tempus
3613 2800 3669 2855 in
3726 2801 3826 2856 hac

2217 2889 2349 2944 urbe
2380 2890 2663 2947 defunctus
2690 2900 2792 2957 est,
2821 2906 2977 2961 quem
3010 2891 3127 2959 ipse
3153 2893 3317 2947 etiam
3357 2891 3496 2947 bene
3542 2892 3721 2957 nosti,
3771 2893 3825 2947 in

2216 2982 2404 3038 eadem
2436 2982 2709 3052 provincia
2735 2981 2945 3037 Nursiae.
2974 2984 3266 3052 contigisse
3296 2981 3590 3039 referebat.
3624 2982 3828 3037 Aiebat

2214 3074 2359 3130 enim
2413 3075 2555 3145 quod
2612 3076 2723 3131 illic
2770 3076 3048 3148 presbyter
3088 3076 3306 3146 quidam
3336 3076 3682 3130 commissam
3720 3075 3829 3131 sibi

2214 3181 2338 3222 cum
2378 3183 2572 3239 magno
2594 3170 2784 3223 timore
2818 3168 3024 3222 Domini
3054 3168 3272 3237 regebat
3306 3166 3605 3223 Ecclesiam
3639 3164 3821 3237 (Dist.

513 3275 607 3310 του
632 3257 786 3330 φόϐου
816 3268 907 3316 τοῦ
928 3263 1106 3337 κυρίου
1148 3265 1451 3336 ἐποίμαινεν.
1479 3262 1656 3326 Ὀστις
1683 3268 1786 3323 ἀπό
1814 3275 1904 3323 τοῦ
1932 3274 2107 3343 καιροῦ
2138 3266 2189 3332 C
2218 3258 2310 3326 δῖ’
2336 3277 2453 3315 εαηι
2484 3258 2803 3331 Presbyter
2852 3261 2952 3328 ριιί
3002 3276 3068 3315 εἰ
3117 3269 3360 3331 tempore
3388 3256 3407 3297 ί
3459 3258 3829 3314 οτάῖηῧιίοηίί

512 3356 607 3408 τῆς
653 3355 973 3423 χειροτονίας
1025 3354 1183 3410 αὑτοῦ
1233 3360 1322 3415 τὴν
1366 3356 1555 3414 ἐαυτοῦ
1598 3359 1852 3429 σύμϐιον,
1906 3361 1975 3420 ὡς
2020 3362 2112 3431 μέν

513 3435 727 3509 ἀδελφήν
755 3444 962 3515 ἠγάπα,
995 3446 1064 3505 ὡς
1094 3443 1148 3500 δέ
1178 3446 1356 3523 ἐχθρὸν
1394 3448 1699 3519 φοϐούμενος
1745 3446 1937 3509 ταύτην
1981 3450 2110 3525 πρὸς

516 3527 696 3582 ἐαυτὸν
749 3536 1090 3605 προσεγγίσαι
1119 3531 1145 3572 δ
1193 3536 1428 3594 οὐδέποτε
1481 3543 1741 3615 παρέασεν
1793 3543 1844 3595 ἐν
1895 3540 2109 3613 οὐδεμιᾷ

2212 3366 2447 3425 acceptae
2481 3365 2507 3404 ε
2542 3357 2909 3425 presbyteram
2961 3369 3112 3410 suam
3168 3362 3227 3409 ut
3273 3368 3513 3410 sororem
3561 3352 3826 3423 diligens,

2212 3450 2304 3504 sed
2338 3451 2493 3519 quasi
2544 3451 2754 3505 hostem
2784 3464 3006 3516 cavens,
3066 3449 3132 3503 ad
3187 3462 3244 3503 se
3289 3449 3507 3517 propius
3552 3446 3829 3503 accedere

2210 3559 2483 3613 nunquam
2511 3544 2740 3609 sinebat,
2766 3559 2996 3615 eamque
3023 3543 3237 3599 sibimet
3267 3542 3632 3613 pr0pinquare
3662 3543 3823 3599 nulla

2209 3638 2498 3692 occasione
2528 3637 2861 3705 permittens,
2894 3637 2960 3690 ab
2986 3650 3051 3689 ea
3092 3634 3193 3692 sibi
3224 3636 3657 3691 communionem
3691 3633 3826 3691 fun-

2208 3731 2351 3786 ditus
2378 3729 2753 3785 familiaritatis
2784 3729 3109 3785 absciderat.
3160 3729 3368 3784 llabent
3392 3728 3588 3798 quippe
3637 3727 3827 3784 sancti

2208 3823 2309 3877 viri
2340 3824 2441 3877 hoc
2471 3822 2782 3893 proprium;
2816 3836 2940 3875 nam
2974 3818 3031 3875 ut
3074 3836 3287 3891 semper
3321 3821 3387 3876 ab
3413 3820 3613 3875 illicitis
3650 3820 3829 3892 longe

2207 3915 2338 3983 sint,
2385 3931 2413 3969 a
2461 3930 2520 3971 se
2562 3916 2878 3984 plerumque
2906 3915 3069 3969 etiam
3104 3914 3248 3969 licita
3280 3913 3621 3970 abscindunt.
3656 3912 3829 3969 Unde

2209 4009 2349 4064 idem
2379 4009 2480 4074 vir,
2510 4023 2577 4063 ne
2608 4008 2659 4061 in
2691 4008 2924 4075 aliquam
2953 4022 3049 4075 per
3079 4021 3197 4062 eam
3228 4007 3526 4063 incurreret
3562 4004 3823 4074 culpam,

2206 4101 2309 4157 sibi
2343 4100 2503 4156 etiam
2539 4100 2811 4169 per'illam
2844 4098 3142 4154 ministrari
3171 4099 3456 4154 recusabat
3480 4100 3822 4155 necessaria.

2207 4190 2305 4248 Hic
2335 4207 2461 4261 ergo
2491 4191 2816 4247 venerabilis
2843 4192 3128 4262 presbyter
3159 4205 3279 4245 cum
3313 4192 3522 4258 longam
3553 4190 3677 4242 vitae
3707 4189 3825 4245 im-

2206 4272 2406 4356 plesSet
2434 4294 2669 4350 aetatem,
2695 4298 2835 4337 anno
2865 4283 3276 4353 quadragesimo
3306 4282 3658 4337 ordinationis
3686 4295 3819 4337 Sum

2206 4377 2578 4433 iuardescente
2620 4376 2858 4444 graviter
2908 4374 3056 4430 febre
3095 4383 3395 4445 correptus,
3447 4373 3513 4428 ad
3561 4381 3825 4429 extrema

2207 4468 2466 4524 deductus
2496 4478 2598 4521 est.
2630 4467 2733 4521 Sed
2760 4482 2881 4521 cum
2911 4481 3032 4521 eum
3058 4465 3373 4537 presbytera
3399 4478 3491 4518 sua
3519 4462 3825 4530 conspice-

2206 4569 2291 4616 ret
2318 4559 2507 4615 solutis
2532 4559 2642 4627 jam
2695 4558 2974 4622 membris,
3006 4558 3160 4627 quasi
3192 4559 3244 4611 in
3278 4563 3449 4611 marte
3485 4556 3823 4625 distentum,

2210 4652 2257 4707 si
2296 4651 2437 4722 quod
2464 4651 2663 4705 adhuc'
2692 4644 2939 4704 ci'vitale
2981 4648 3255 4718 spiramen
3311 4649 3532 4713 inesset,
3580 4645 3821 4703 naribus

2210 4742 2329 4812 ejus
2351 4741 2597 4812 apposita
2620 4741 2828 4796 curavit
2849 4754 2979 4795 aure
3005 4738 3339 4810 dignoscere.
3376 4737 3528 4805 Quod
3558 4736 3650 4792 ille
3679 4751 3825 4793 sen-

2214 4837 2371 4901 tiens,
2403 4835 2490 4891 cui
2521 4834 2869 4889 tenuissimus
2900 4834 3072 4889 inerat
3116 4833 3292 4899 ﬂatus,
3321 4830 3579 4902 quantulo
3608 4829 3819 4886 adnisn

516 3622 794 3693 προφάσει.
823 3628 1078 3688 Παντελῶς
1108 3626 1162 3683 δέ
1185 3635 1275 3688 τήν
1306 3632 1359 3683 ἐκ
1397 3640 1487 3691 τῆς
1516 3636 1773 3693 κοινωνίας
1800 3636 2109 3706 γνησιότητα

518 3711 569 3775 ἐξ
596 3713 752 3774 αύτῆς
795 3716 1063 3788 ἀπέτεμεν.
1116 3722 1254 3775 Μετά
1294 3724 1497 3780 πάντων
1535 3724 1629 3801 γὰρ
1676 3735 1776 3779 τνῖνν
1802 3728 1997 3799 ἀγαθῶν
2023 3730 2109 3783 καί

516 3809 672 3861 τοῦτο
699 3808 758 3861 τὸ
790 3805 975 3879 ἰδίωμα
1002 3808 1222 3881 ἔχουσιν
1251 3812 1297 3866 oi
1319 3811 1455 3886 ἅγιοι
1480 3811 1681 3889 ἄνδρες,
1714 3818 1845 3871 ὥστε
1872 3819 1929 3871 ού
1958 3816 2108 3889 μόνον

517 3904 570 3958 ἐκ
608 3912 707 3961 τῶν
733 3916 803 3978 μή
843 3908 1165 3984 ἁρμοζόντων
1210 3912 1426 3967 πάντοτε
1473 3914 1524 3966 ἐκ
1569 3916 1758 3984 μήκους
1795 3909 1944 3977 εἶναι,
1986 3915 2107 3971 ἀλλά

513 3998 603 4051 καί
626 4000 691 4053 τά
736 3998 1021 4073 ἁρμόζοντα
1066 4002 1300 4065 πολλάκις
1344 4004 1429 4079 ἀφ’
1479 4005 1674 4062 ἑαυτῶν
1717 4008 2103 4079 ἀποτέμνουσιν.

512 4085 660 4144 Ὀθεν
696 4090 723 4145 ὁ
760 4093 907 4153 αὐτὸς
944 4095 1070 4168 ἀνὴρ
1096 4134 1110 4159 ,
1141 4095 1224 4151 ἵνα
1249 4099 1321 4166 μή
1362 4096 1412 4149 ἐν
1451 4095 1793 4155 οίωδηποτοῦν
1818 4102 2105 4169 πταίσματι

515 4176 584 4235 δι’
613 4184 773 4242 αὐτῆς
798 4184 1031 4256 περιέλθῃ
1049 4231 1063 4253 ,
1096 4184 1212 4242 οὔτε
1252 4190 1319 4246 εἰς
1349 4188 1407 4241 τὸ
1436 4187 1717 4260 ἐπάναγκες
1758 4187 2106 4248 διακονηθῆναι

513 4274 642 4350 παρ’
679 4276 835 4336 αὐτῆς
874 4274 1203 4350 κατεδέχετο.
1247 4275 1407 4339 Οὗτος
1450 4281 1616 4334 τοίνυν
1661 4279 1687 4333 ὁ
1733 4280 2105 4342 εύλαιῗέστατος

511 4366 868 4441 πρεσϐύτερος
918 4371 967 4422 ἐν
1008 4370 1214 4430 πολλοῖς
1254 4369 1397 4427 ἔτεσι
1440 4377 1530 4431 τήν
1573 4376 1703 4435 ζωήν
1724 4370 1991 4440 διανύσας,
2020 4375 2105 4428 καί

514 4459 585 4515 εἰς
604 4458 736 4527 βαθύ
756 4468 926 4531 γῆρας
953 4461 1223 4527 ἐληλακὼς,
1268 4471 1341 4536 τῷ
1370 4472 1774 4538 τεσσαρακοστῷ
1812 4465 1984 4540 χρόνῳ
2011 4473 2106 4525 τῆς

512 4555 833 4625 χειροτονίας
858 4554 1010 4609 αὐτοῦ
1042 4553 1278 4610 ἐκκαύσει
1299 4556 1591 4631 βαρυτάτου
1623 4567 1847 4631 πυρετοῦ
1894 4580 2102 4631 συσχε-

511 4643 633 4709 θεὶς,
665 4645 715 4697 ἐν
739 4652 846 4706 τοῖς
876 4647 1127 4717 ἐσχάτοις
1149 4648 1435 4719 ἀπηνέχθη.
1466 4651 1762 4717 Θεασαμίνη
1793 4648 1847 4705 δέ
1875 4653 1905 4708 ἡ
1939 4652 2103 4706 αὐτοῦ

509 4737 746 4806 γενομένη
772 4737 1016 4808 σύμϐιος,
1052 4736 1134 4794 ὅτι
1154 4736 1355 4795 ἅπαντα
1381 4742 1536 4796 αὑτοῦ
1565 4741 1627 4795 τά
1659 4742 1782 4814 μέλη
1811 4744 2101 4818 ἀπενεκρὼ-

512 4827 687 4895 θησαν,
713 4833 799 4885 καί
822 4830 993 4887 λοιπὸν
1015 4827 1088 4901 τῷ
1112 4833 1310 4905 θανάτῳ
1333 4837 1647 4907 προσήγγισε
1666 4874 1681 4899 ,
1712 4838 1804 4893 τὴν
1833 4836 1985 4893 ἀκοήν
2012 4838 2106 4889 αύ-

585 4995 611 5024 ι
642 4985 798 5065 Prius
824 4988 1116 5057 legebatur,
1149 4993 1358 5057 ἐκείνης,
1391 5006 1489 5061 pro
1530 4993 1753 5065 σκέπηςξ
1803 4989 2105 5065 hujus__loci

2286 4990 2307 5029 ί
2348 4990 2642 5065 _Compend.
2672 4998 2727 5045 et
2756 4991 2935 5065 plura
2955 4989 3154 5065 ordinis
3184 4988 3400 5059 accepti.

511 5062 910 5131 corruptionem
958 5073 1251 5131 agnoverat
1306 5058 1570 5118 Gussanv.
1599 5102 1613 5125 ,
1660 5063 1755 5116 sed
1801 5058 2101 5117 remedium
2133 5058 2179 5065 ”
2282 5070 2310 5110 ι
2348 5062 2404 5116 Id
2459 5058 2563 5128 est,
2596 5078 2831 5115 uxorem.
2881 5061 2971 5116 Sic
3017 5058 3334 5114 dicebantur
3363 5058 3812 5131 presbyterorum

511 5129 868 5202 nonattulit;
898 5129 1039 5199 quod
1070 5143 1245 5187 tamen
1277 5150 1382 5187 non
1415 5134 1662 5196 arduum,
1705 5145 1825 5185 cum
1856 5148 1958 5185 ms.
1998 5132 2105 5187 Re-
2211 5133 2485 5202 coniuges,
2516 5142 2753 5187 mutuato
2779 5147 2809 5186 a
2835 5132 2963 5185 viris
3003 5132 3241 5202 nomine,
3271 5144 3402 5199 quas
3431 5129 3596 5194 caste,
3629 5130 3814 5202 abili—

508 5202 611 5271 gis,
637 5201 693 5256 in
723 5214 828 5271 quo
854 5201 1068 5273 legitur,
1109 5207 1306 5265 σκέπης
1325 5245 1340 5270 ,
1378 5207 1585 5272 copiam
1631 5202 1873 5257 haberet.
1906 5202 2105 5258 Verum
2212 5199 2333 5259 cato
2354 5199 2583 5273 coniugii
2604 5219 2722 5267 usu,
2747 5199 3372 5273 diligebant.[Conpersw
3390 5214 3586 5273 uxores
3607 5200 3815 5273 dicun-

510 5270 685 5326 errata
737 5270 915 5344 omnia
963 5272 1220 5328 Editionis
1267 5270 1523 5329 Romana:
1568 5273 1820 5344 religiose
1860 5274 2102 5342 retinuit,
2214 5270 2897 5341 turinconcilioArelatJi,
2920 5286 2967 5325 c.
2995 5271 3046 5325 5.
3067 5270 3195 5344 Vide
3214 5270 3817 5344 liaronuadannJQS,

510 5341 981 5468 utlinbrrmfa‘tione
1008 5345 1372 5433 probavimus.
1677 5341 1693 5344 ’
2089 5341 2093 5342 ⁷
2211 5359 2361 5428 num.
2391 5344 2479 5428 βο,
2516 5346 2792 5400 Aurelian.
2824 5361 2910 5425 iv,_
2937 5358 3055 5411 cap.
3087 5343 3183 5409 17;
3218 5341 3418 5422 Turon.
3449 5357 3507 5407 ll,
3551 5357 3673 5428 can.
3704 5341 3816 5418 2U;

690 5428 760 5468 ε..
784 5434 944 5468 αυτων
965 5437 1067 5468 om:
1095 5415 1227 5468 διαν.
2214 5416 2533 5468 Autissiod..
2563 5430 2680 5468 can.
2708 5415 2798 5468 21.
2834 5411 3134 5468 Altuuando
3162 5422 3323 5467 etiam
3366 5414 3503 5468 apud
3530 5411 3816 5466 lacclesra-

492 5448 497 5452 ι
580 5416 607 5453 ι)
636 5411 760 5479 Μ8.,
784 5415 944 5468 αὐτῶν
965 5423 1067 5485 φῶς
1095 5415 1227 5471 διαν.

2217 5416 2533 5479 Autissiod.,
2563 5430 2680 5484 cap.
2708 5415 2798 5469 21.
2834 5411 3134 5482 Aliquando
3162 5413 3323 5467 etiam
3366 5414 3503 5481 apud
3530 5411 3822 5485 Ecclesia-

582 5497 604 5524 ε
634 5484 751 5547 ΜΒ..
777 5484 1029 5555 περιῆλθε.
2211 5487 2333 5542 stic.
2371 5503 2548 5542 rerum
2604 5485 2896 5555 scriptores
2940 5485 3438 5555 reperiturnonten
3470 5484 3817 5555 presbyterrrg,

582 5506 603 5524 ε
634 5506 751 5547 nit-1.,
777 5506 841 5539 πε
879 5506 1029 5546 ιηΛυε.

578 5557 606 5593 α
637 5555 759 5613 Μς..
784 5506 1018 5614 οὐδέποτε
1047 5559 1232 5614 ἆίασεν.
1268 5625 1272 5626 γ
1355 5625 1361 5626 γ
1716 5623 1728 5626 Α

2217 5506 2333 5542 suc.
2371 5506 2548 5542 rerum
2604 5506 2896 5555 scriptores
2940 5506 3208 5554 reperitur
3245 5506 3438 5537 numen
3470 5506 3817 5552 prewytcnc.

2217 5572 2311 5626 pro
2328 5559 2497 5613 viduis
2519 5559 2839 5624 senioribus,
2860 5557 3061 5611 Graecis
3073 5552 3436 5626 πρεσϐύτιδες,
3454 5565 3509 5605 ιιι
3526 5557 3576 5607 in
3596 5552 3818 5626 conci].

2207 5624 2449 5693 Laodic.,
2482 5644 2599 5697 cap.
2632 5628 2842 5694 ultimo,
2894 5635 2948 5681 et
2990 5624 3127 5694 apud
3176 5625 3544 5697 Athanasium,
3588 5624 3655 5676 ad
3688 5624 3820 5675 Vir-

2207 5701 2378 5768 gines.
2410 5703 2474 5755 Et
2505 5696 2730 5754 fortasse
2760 5699 2825 5751 de
2854 5698 2960 5752 illis
2988 5697 3219 5767 loquitur
3251 5696 3562 5761 Gregorius,
3609 5700 3821 5768 utpolsi

2205 5765 2323 5839 quae
2359 5771 2608 5840 peculiari
2653 5769 2884 5840 quodam
2933 5765 3116 5827 habitu
3144 5768 3618 5838 dignoscebantur.
3654 5765 3808 5820 Gus-

2202 5856 2355 5896 SANV.

580 5640 605 5665 ε
639 5626 713 5682 Ita
736 5628 934 5685 Pratel.
952 5638 1008 5683 et
1028 5631 1231 5699 primus
1248 5625 1390 5681 Aud.
1414 5625 1467 5681 In
1493 5627 1667 5697 primo
1690 5623 1932 5693 Carnot.,
1953 5642 2100 5699 pres-

509 5699 967 5770 byterigcuiusdam
992 5698 1057 5754 ea:
1089 5698 1291 5753 Nursia
1313 5700 1596 5770 prouincia.
1620 5698 1959 5770 Sudragatur
1975 5699 2100 5756 huic

506 5773 633 5825 lect.
664 5768 882 5841 (iuncus
898 5772 1201 5841 interpres.
1228 5771 1284 5824 In
1306 5769 1491 5826 Germ.
1516 5779 1692 5828 tamen
1714 5785 1775 5827 ac
1803 5768 2095 5841 plerisque,

506 5851 566 5899 ut
595 5843 647 5899 in
677 5839 869 5911 Editis,
895 5838 1095 5896 Ursini.
1733 5870 1736 5877 -

3764 5965 3782 5970 ,
3808 5937 3899 6011 ,λης
