3998 6356
242 300 351 360 357

1474 297 1922 358 DIALOGORUM
1960 297 2162 355 LIBER
2198 296 2290 355 Ν.
2657 310 2681 328 κ

3402 289 3511 346 558

236 414 428 479 valuit,
457 422 515 469 ut
542 413 687 486 loqui
708 412 994 484 potuisset,
1027 413 1417 470 infervescente
1444 413 1636 484 spiritu
1658 413 1822 469 colle.

1945 421 2015 472 τῆς
2050 420 2161 470 ταῖς
2190 411 2323 483 ῥισίν
2352 410 2507 464 αὐτοῦ
2554 404 2575 444 ί
2606 407 2929 467 ἑπιθείσασα,
2953 399 3169 458 ἔσπευδε
3221 400 3511 475 διαγνῶναι,

236 505 318 575 git
349 519 530 560 vocem
559 512 719 575 atque
743 504 940 574 erupit,
982 505 1165 560 dicens
1197 522 1209 557 :
1254 504 1468 560 Recede
1506 518 1537 558 a
1566 518 1671 569 me,
1705 518 1823 558 mu-

236 599 361 665 lier,
390 598 563 655 adhuc
594 598 852 669 igniculus
892 599 1040 667 vivit,
1076 600 1279 668 paleam
1311 599 1460 654 tolle.
1509 599 1601 653 Illa
1663 597 1824 667 igitur

233 692 547 758 recedente,
578 697 857 746 crescente
899 690 1096 746 virtute
1141 692 1406 759 corporis,
1458 706 1580 746 cum
1633 703 1822 759 magna

234 786 402 854 ccepit
451 784 635 840 latitia
662 786 922 853 clamare,
952 783 1139 839 dicens
1167 801 1180 836 :
1234 793 1259 820 ι
1290 784 1434 839 Bene
1462 783 1677 837 veniant
1728 781 1822 836 do-

233 879 365 934 mini
388 880 497 935 mei
524 897 540 946 ;
571 879 733 950 389
761 877 897 934 bene
925 878 1147 933 veniant
1173 876 1374 932 domini
1407 876 1543 940 mei;
1589 874 1715 946 quid
1757 872 1826 929 ad

232 970 505 1026 tantillum
530 971 801 1025 servulum
831 979 1071 1024 vestrum
1110 970 1241 1024 eSIis
1269 966 1471 1040 dignati
1505 964 1826 1021 convenire?

228 1063 420 1131 venio,
443 1062 625 1129 venio,
656 1062 857 1133 gratias
882 1077 1005 1132 ago,
1041 1061 1240 1133 gratias
1267 1076 1387 1130 ago.
1437 1059 1680 1128 Cumque
1726 1058 1827 1113 hoc

227 1157 428 1211 iterata
453 1156 646 1212 crebro
673 1170 807 1211 voce
835 1164 1123 1225 repeteret,
1154 1155 1349 1225 quibus
1372 1154 1474 1208 hoc
1493 1151 1695 1208 diceret
1716 1150 1827 1205 noti

226 1246 339 1313 sui,
371 1248 464 1316 qni
509 1247 657 1301 illum
698 1248 1181 1312 circumsteterant,
1224 1246 1589 1317 requirebant.
1619 1243 1821 1312 Quibus

228 1338 324 1393 ille
350 1338 670 1394 admirando
691 1339 989 1410 respondit,
1012 1338 1227 1395 dicens:
1248 1337 1490 1407 Nunquid
1524 1336 1610 1392 bic
1631 1350 1826 1391 conve-

227 1431 389 1486 nisse
430 1442 647 1488 sanctos
662 1434 952 1503 'apostolos
980 1448 1089 1489 non
1118 1432 1345 1488 videtis?
1368 1432 1579 1487 beatum
1612 1430 1826 1485 Petrum

226 1532 286 1578 et
305 1522 544 1578 Paulum
567 1525 768 1594 primos
781 1525 1149 1593 apostolorum
1168 1539 1273 1579 non
1297 1522 1575 1593 aspicitis?
1596 1522 1676 1577 Ad
1697 1535 1831 1591 quos

227 1612 435 1668 iterum
464 1628 776 1683 conversus,
803 1616 1018 1671 dicebat
1044 1632 1057 1670 :
1095 1617 1231 1671 Ecce
1260 1617 1437 1681 venio,
1487 1630 1611 1670 ecce
1641 1614 1827 1677 venio;

226 1712 398 1776 atque
420 1707 565 1762 inter
589 1708 700 1765 haec
714 1709 874 1765 verba
896 1709 1131 1763 animam
1154 1707 1411 1764 reddidit.
1442 1707 1515 1761 Et
1533 1707 1654 1776 quia
1686 1718 1832 1761 vera-

1925 505 2012 558 ἐὰν
2040 498 2176 572 αὐτῷ
2206 522 2283 561 τις
2310 499 2386 556 ἔτι
2412 504 2539 559 πνοή
2579 502 2763 563 ζωτικὴ
2801 502 3063 570 ὑπῆρχεν.
3110 491 3273 569 ὀπερ
3322 495 3513 556 ἐκεῖνος

1925 595 2177 664 ἐπιγνοὺς,
2209 602 2233 641 Β
2278 595 2361 648 καί
2386 614 2438 647 τι
2462 591 2572 646 λίαν
2597 586 2912 646 λεπτοτάτης
2959 589 3100 659 αὐτῷ
3138 593 3293 644 πνοῆς
3342 584 3517 657 ὑπαρ-

1927 686 2163 756 χούσης,
2211 692 2273 758 τῇ
2321 678 2573 738 ἐπινεύσει
2617 678 2670 734 δέ
2712 674 2741 714 h
2789 677 2971 749 μᾶλλον
3022 676 3375 756 θερμανθέντος
3420 680 3516 729 τοῦ

1925 778 2233 847 πνεύματος,
2273 774 2396 833 ὅσην
2422 771 2633 833 ἠδυνήθη
2679 776 2941 845 σωρεῦσαι
2962 772 3118 827 πνοήν
3145 772 3236 821 τοῦ
3260 764 3475 823 λαλῆσαι
3496 804 3518 832 ,

1926 875 2018 931 τήν
2047 875 2206 943 φωνην
2234 868 2461 932 διηνοιξε,
2491 868 2667 939 λέγων·
2700 863 2923 921 ’Λπόστα
2960 858 3052 916 ἀπ’
3071 862 3217 931 ἐμοῦ,
3248 864 3418 931 γύναι.
3449 858 3519 913 Τό

1928 964 2030 1036 γάρ
2058 968 2164 1035 πῦρ
2194 959 2269 1016 ἔτι
2301 965 2383 1034 ζῇ,
2412 957 2599 1029 ἕπαρον
2624 958 2684 1011 τὸ
2713 952 2936 1027 ἄχυρον.
2970 951 3185 1011 Ἐκείνης
3211 949 3265 1005 δέ
3294 949 3517 1019 ὑποχω-

1928 1056 2190 1131 ρησάσης,
2223 1057 2304 1109 καί
2330 1060 2421 1125 τῆς
2439 1058 2531 1107 τοῦ
2562 1053 2800 1118 σώματος
2819 1047 2972 1103 αὐτοῦ
3000 1043 3260 1115 δυνάμεως
3291 1042 3519 1104 αὐξησά·

1929 1170 2046 1214 σης,
2078 1148 2208 1219 μετά
2229 1146 2443 1218 μεγάλης
2467 1144 2778 1216 εὐφροσύνης
2797 1140 2983 1217 ἤρξατο
3004 1138 3205 1212 κράζειν
3226 1139 3311 1189 καί
3338 1134 3518 1207 λέγειν’

1930 1241 2109 1300 Καλῶς
2137 1237 2392 1313 ἔρχονται
2419 1235 2465 1290 οί
2495 1237 2658 1309 κύριοί
2689 1247 2807 1303 μου·
2835 1229 2998 1302 390
3033 1229 3085 1282 τί
3110 1228 3240 1302 πρὸς
3268 1225 3354 1281 τὸν
3397 1226 3523 1280 ἀνά-

1929 1334 2030 1397 ξιον
2058 1338 2198 1402 ὑμῶν
2227 1328 2402 1385 δοῦλον
2432 1328 2581 1381 ἐλθεῖν
2611 1326 2958 1389 κατηξιώσατε
2981 1337 2995 1386 ;
3021 1317 3315 1394 Ἔρχομαι,
3358 1316 3521 1390 ἔρχο-

1932 1447 2054 1497 μαι,
2080 1425 2377 1497 εὐχαριστῶ
2394 1461 2408 1486 ,
2439 1419 2762 1491 εὐχαριστῶ.
2795 1413 2873 1466 Ἐν
2901 1411 2955 1467 δέ
2994 1418 3068 1485 τῷ
3096 1417 3270 1483 συχνῇ
3298 1416 3361 1481 τῇ
3389 1414 3523 1482 φωνῇ

1932 1519 2019 1573 τόν
2066 1516 2218 1571 αὐτόν
2260 1513 2399 1582 λόγον
2448 1509 2752 1586 προσφέρειν
2797 1504 2980 1568 αὐτόν,
3008 1503 3053 1556 οἰ
3085 1502 3302 1573 γνωστοὶ
3338 1501 3521 1565 αὐτοῦ,

1933 1610 2113 1668 οἵτινες
2154 1605 2312 1661 ἐκεῖσε
2356 1605 2689 1679 παρίσταντο,
2734 1599 2843 1653 τίσι
2883 1600 3034 1651 τοῦτο
3078 1591 3245 1662 ὒεγεν
3290 1592 3521 1664 ἠρώτων.

1932 1702 2062 1775 Πρὸς
2090 1696 2181 1758 οὓς
2211 1697 2390 1755 ἐκείνος
2409 1693 2674 1763 θαυμάζων
2704 1688 2967 1763 ἀπεκρίθη,
3001 1686 3175 1756 λέγων’
3201 1683 3269 1734 Οὐ
3291 1682 3522 1750 θεωρεῖτε

227 1796 375 1852 citer
418 1809 633 1855 sanctos
664 1800 937 1869 apostolos
966 1800 1185 1866 viderit,
1215 1814 1309 1855 eos
1354 1798 1514 1854 etiam
1551 1772 1827 1867 sequendo

1945 1795 2051 1852 τοὺς
2091 1790 2267 1863 ἁγίους
2313 1784 2634 1843 ἀποστόλους
2695 1779 3093 1838 συνεληλυθότας
3158 1774 3421 1837 inuti/9a;
3458 1772 3529 1826 οὐ

225 1898 468 1946 testatus
498 1903 597 1948 est.
629 1892 781 1959 Quod
820 1892 1132 1962 plerumque
1168 1891 1433 1961 contingit
1457 1888 1635 1958 justis,
1668 1897 1728 1943 ut
1773 1887 1828 1942 in

226 1995 417 2041 morte
446 2002 540 2040 sua
587 1994 892 2040 sanctorum
923 1983 1337 2054 praecedentium
1367 1981 1395 2019 δ
1424 1983 1660 2036 visiones
1688 1982 1830 2045 aspi-

225 2075 402 2145 ciant,
434 2090 501 2131 ne
522 2076 693 2147 ipsam
721 2077 909 2130 mortis
931 2089 1041 2129 sua:
1063 2075 1330 2144 ptenalem
1358 2070 1677 2128 sententiam
1708 2084 1831 2140 per-

227 2165 550 2234 timescant,
574 2167 670 2222 sed
697 2166 825 2221 dum
848 2181 1034 2222 eorum
1060 2168 1224 2221 menti
1267 2166 1601 2221 internorum
1632 2162 1826 2217 civium

231 2259 477 2315 societas
510 2259 830 2327 ostenditur,
862 2274 891 2313 a
921 2259 1101 2314 carnis
1131 2273 1243 2313 suae
1270 2256 1462 2327 copula
1492 2254 1611 2311 sine
1631 2253 1831 2309 doloris

230 2358 288 2407 et
316 2351 631 2407 formidinis
660 2352 968 2423 fatigatione
1003 2350 1295 2405 solvantur.

1934 1886 2163 1959 θεωρεῖτε
2210 1884 2330 1941 τοὺς
2378 1879 2661 1953 μακαρίους
2691 1877 2872 1947 Πέτρον
2899 1875 2984 1927 καί
3011 1870 3200 1927 Παῦλον
3226 1870 3347 1929 τοὺς
3387 1867 3529 1939 πρὼ-

1931 1995 2055 2034 τους
2080 1982 2175 2029 τῶν
2198 1970 2536 2032 ἀποστόλων;
2585 1967 2716 2041 Πρὸς
2758 1964 2849 2024 οὓς
2887 1963 3035 2017 πάλιν
3075 1961 3424 2034 ἐπιστραφείς,
3460 1949 3532 2009 εἶ·

1932 2078 2045 2118 πεν⁶
2077 2060 2201 2117 Ἰδοὺ
2250 2059 2506 2134 ἔρχομαι,
2541 2054 2649 2111 ἰδοὺ
2679 2053 2938 2129 ἔρχομαι.
2967 2048 3045 2104 Ἐν
3072 2050 3273 2107 τούτοις
3302 2042 3391 2100 οὖν
3424 2049 3533 2102 τοῖς

1936 2154 2130 2227 ῥήμασι
2156 2157 2249 2211 τήν
2277 2152 2457 2221 ψυχήν
2514 2144 2795 2202 ἀπέδωκεν.
2832 2141 2937 2197 Ἐπ’
2988 2140 3217 2198 ἀληθείας
3265 2138 3533 2210 τοιγαροῦν

1938 2251 2058 2307 τοὺς
2105 2244 2425 2305 ἀποστόλους
2480 2238 2738 2302 ἐθεάσατο,
2786 2233 2862 2296 οἷς
2888 2237 2974 2290 καί
3002 2232 3284 2289 ἀκολουθεῖν
3313 2226 3537 2302 ἐμαρτύ-

1947 2362 2122 2414 ρησεν.
2147 2338 2294 2394 Ὀθεν
2323 2339 2492 2393 λοιπὸν
2520 2335 2794 2407 συμϐαίνει
2835 2333 2884 2385 ἐν
2924 2338 3038 2391 τοῖς
3067 2328 3293 2392 δικαίοις,
3326 2326 3455 2379 ὥστε
3485 2320 3534 2372 ἐν

228 2452 304 2517 τῷ
358 2447 557 2518 θανάτῳ
586 2448 772 2509 αὐτῶν»
816 2444 970 2516 ἁγίων
1015 2442 1503 2520 προλαμϐανόντων,
1577 2442 1834 2499 ὀπτασίας
1873 2438 2059 2497 αὐτοὺς
2086 2434 2398 2495 θεάσασθαι,
2464 2432 2544 2484 ἵνα
2606 2434 2677 2500 μὴ
2706 2430 2758 2483 ἐν
2793 2433 2855 2497 τῇ
2892 2425 3146 2496 ἀποφάσει
3185 2426 3275 2477 τοῦ
3317 2418 3533 2473 θανάτου

228 2510 469 2608 βάσανον
502 2510 993 2591 δειλιάσωσιν.-’Δλλ’
1023 2510 1072 2588 ἐν
1120 2510 1194 2609 τῶ
1242 2531 1612 2589 ἐπιδείκνυσθαι
1664 2530 1835 2591 αὐτοῖς
1870 2536 1944 2598 τῷ
1974 2522 2175 2581 ἔνδοθεν
2213 2524 2443 2594 λογισμῷ
2502 2521 2634 2591 μετά
2699 2519 2848 2573 τίνων
2880 2514 3211 2586 συμμέτοχοι
3248 2510 3541 2586 ὑπάρχου·

229 2647 341 2698 σιν,
376 2629 434 2683 ἑκ
471 2634 565 2683 τοῦ
605 2626 799 2698 δεσμοῦ
826 2635 920 2688 τῆς
967 2627 1154 2699 σαρκὸς
1195 2626 1363 2681 αὐτῶν
1408 2620 1527 2678 ἄνευ
1571 2620 1727 2677 πόνου
1755 2622 1841 2678 καί
1881 2618 2035 2692 φόϐου
2063 2614 2400 2672 ἀπολυθῶσιν.

848 2780 1075 2839 CAPUT
1114 2782 1227 2838 ΧΠ.

350 2919 433 2977 De
471 2921 641 2973 anima
676 2929 699 2957 ο
740 2917 901 2973 Probi
938 2916 1173 2973 Reatina:
1209 2915 1428 2971 civitatis
1465 2913 1713 2983 episcOpi.

309 3055 436 3123 Qua
465 3053 530 3108 de
557 3068 615 3108 re
641 3067 815 3121 neque
845 3052 946 3107 hoc
985 3052 1191 3117 sileam,
1240 3047 1385 3119 quod
1433 3046 1641 3102 Probus
1665 3043 1838 3099 omni-

231 3148 491 3222 potentis
516 3147 607 3202 Dei
634 3145 881 3210 famulus,
912 3144 1002 3213 qui
1029 3158 1172 3197 nunc
1202 3142 1257 3196 in
1282 3142 1384 3195 hac
1408 3140 1540 3195 urbe
1567 3146 1837 3192 monaste-

231 3243 327 3298 rio
364 3249 578 3309 praeest,
616 3235 643 3274 ἀ
670 3236 810 3306 quod
862 3234 1158 3305 appellatur
1204 3233 1415 3298 lienati,
1444 3232 1511 3285 de
1541 3230 1720 3286 Probo
1744 3242 1840 3297 pa-

230 3343 371 3389 truo
401 3346 501 3385 suo
555 3330 797 3384 Reatinae
850 3326 1082 3382 civitatis
1138 3324 1392 3395 episcopo
1430 3322 1559 3377 mihi
1617 3334 1839 3376 narrare

230 3424 546 3490 consuevit,
578 3423 761 3478 dicens
783 3422 929 3491 quia,
954 3418 1417 3489 appropinquante
1442 3416 1567 3469 vitae
1597 3413 1716 3484 ejus
1738 3423 1845 3468 ter-

231 3517 417 3580 mino,
444 3529 565 3570 eum
590 3511 907 3584 gravissima
933 3510 1204 3579 depressit
1235 3506 1518 3577 aegritudo.
1552 3505 1719 3575 Cujus
1752 3517 1845 3572 pa-

232 3615 324 3665 ter
352 3605 572 3660 nomine
594 3603 873 3667 Maximus,
898 3603 1077 3671 pueris
1106 3601 1526 3669 circumquaque
1559 3595 1846 3651 transmis-

233 3699 315 3756 sis
356 3696 615 3767 colligere
644 3694 880 3750 medicos
909 3692 1135 3759 studuit,
1166 3693 1213 3746 si
1242 3689 1475 3744 fortasse
1516 3688 1635 3757 ejus
1677 3686 1845 3740 mole-

234 3794 361 3850 stia:
392 3790 683 3847 subvenire
713 3788 992 3856 potuisset.
1025 3784 1131 3841 Sed
1180 3782 1490 3854 congregati
1537 3796 1608 3836 ex
1654 3779 1846 3834 vicinis

236 3882 378 3939 locis
408 3882 644 3951 undique
672 3878 891 3945 medici,
922 3877 988 3933 ad
1040 3885 1239 3931 tactum
1286 3888 1437 3929 vena:
1484 3872 1846 3927 denuntiave-

235 3983 373 4033 runt
394 3972 512 4041 eius
537 3972 739 4027 exitum
761 3970 917 4025 citius
949 3967 1277 4023 adfuturum.
1303 3964 1411 4020 Sed
1436 3978 1556 4018 cum
1575 3962 1686 4032 jam
1712 3972 1847 4017 tem-

238 4080 355 4138 pus
382 4063 683 4119 refectionis
714 4060 1077 4137 incumberet,
1121 4070 1281 4130 atque
1310 4058 1419 4113 diei
1467 4056 1601 4111 bora
1642 4054 1849 4109 tardior

239 4155 594 4221 excrevisSet,
627 4152 965 4210 venerandus
1003 4152 1289 4222 episcopus
1319 4150 1388 4205 de
1421 4149 1633 4204 illorum
1669 4146 1847 4216 potius

237 4260 407 4317 quam
439 4244 507 4298 de
536 4257 632 4297 sua
662 4240 836 4296 salute
865 4238 1148 4304 sollicitus,
1175 4250 1269 4291 eos
1288 4236 1380 4305 qui
1411 4234 1635 4290 aderant
1662 4232 1847 4288 admo-

234 4338 362 4395 nuit
394 4345 418 4373 °
446 4350 569 4390 cum
607 4347 705 4389 suo
735 4340 888 4401 patre
917 4329 973 4384 in
1002 4327 1297 4400 superioris
1322 4325 1581 4396 episcopii
1610 4325 1695 4380 sui
1724 4340 1847 4396 par-

235 4441 325 4489 tes
367 4428 689 4497 ascendere,
721 4440 888 4496 sequc
916 4432 1035 4493 post
1063 4422 1303 4478 laborem
1353 4420 1644 4477 reﬁciendo
1688 4434 1849 4489 repa-

234 4540 387 4582 rare.
444 4522 647 4578 Omnes
688 4521 848 4590 igitur
896 4517 1255 4573 ascenderunt
1307 4515 1553 4581 domum,
1604 4527 1742 4568 unus
1797 4514 1847 4567 ei

237 4616 623 4675 tantutnmodo
658 4613 912 4685 parvulus
950 4610 1169 4666 relictus
1198 4616 1283 4665 est
1326 4623 1480 4678 puer,
1509 4622 1668 4678 quem
1705 4622 1848 4662 nunc

2568 2776 2782 2825 ΚΕΦΔΔ.
2807 2772 2879 2822 ll"
2890 2804 2906 2819 .

2013 2919 2135 2990 Περὶ
2158 2924 2249 2976 τῆς
2273 2915 2457 2987 ψυχῆς
2484 2910 2682 2984 Πρόϐου
2704 2908 2989 2966 ἐπισκόπου
3017 2903 3213 2965 πόλεως
3240 2906 3463 2962 Ῥεατῆςο

2017 3048 2283 3099 καὶτοῦτο
2309 3042 2515 3117 φανερόν
2538 3045 2863 3097 καταστῆσαι
2894 3032 3096 3104 εὔλογον
3126 3033 3345 3102 ἡγοῦμαι
3365 3070 3380 3096 ,
3411 3025 3541 3101 ὅπερ

1949 3155 2035 3205 μοι
2061 3134 2255 3211 Πρόϐος
2299 3116 2324 3187 ό
2366 3116 2457 3186 rei)
2488 3135 2619 3187 Θεοῦ
2659 3129 2856 3186 οἰκέτης
2894 3123 3197 3197 διηγήσατο,
3242 3116 3387 3177 ὅστις
3432 3117 3540 3169 νυνί

1948 3223 1999 3277 ἔν
2021 3228 2184 3297 ταύτῃ
2211 3232 2275 3299 τῇ
2302 3223 2451 3278 πόλει
2496 3218 2512 3258 ί
2548 3219 2876 3293 μοναστηρίῳ
2922 3213 3236 3289 προΐσταται
3258 3249 3273 3272 ,
3318 3206 3544 3264 Ῥενὰτης

1949 3293 2398 3384 ἐπωνομαζομένῳ.
2427 3308 2595 3379 ’Ἔλεγε
2616 3309 2714 3380 γάρ
2744 3308 2866 3380 περί
2892 3302 3085 3376 Πρόϐου
3105 3306 3198 3354 τοῦ
3228 3297 3423 3373 πατρὸς
3444 3293 3543 3384 αό-

1946 3412 2061 3469 τοῦ,
2092 3409 2183 3458 τοῦ
2212 3401 2484 3474 γενομένου
2514 3396 2799 3453 ἐπισκόπου
2827 3401 2918 3451 τῆς
2954 3389 3148 3448 πόλεως
3179 3392 3418 3451 Ῥεατῆς,
3463 3380 3547 3438 ὅτι

1948 3500 2042 3549 τοῦ
2085 3495 2261 3553 τέλους
2306 3499 2397 3551 τῆς
2445 3495 2578 3554 ζωῆς
2630 3490 2786 3542 αὐτοῦ
2834 3483 3236 3544 πλησιάσαντος,
3280 3475 3547 3549 βαρυτάτη

1946 3582 2095 3643 νόσος
2122 3583 2270 3637 αὐτόν
2291 3580 2571 3649 κατέσχεν.
2600 3588 2657 3631 'O
2688 3574 2743 3631 δέ
2765 3576 2955 3629 ἐκείνου
2978 3576 3152 3645 πατὴρ
3181 3569 3403 3637 Μάξιμος
3432 3564 3548 3618 ὀνό-

1947 3692 2090 3743 ματι,
2121 3668 2321 3730 παῖδας
2363 3670 2411 3721 ἐν
2439 3676 2547 3728 τοῖς
2586 3667 2733 3741 πέριξ
2770 3665 2948 3721 τόποις
2987 3658 3293 3716 ἀποστείλας
3323 3675 3549 3724 συναγα-

1950 3769 2062 3835 γεῖν
2093 3763 2302 3835 ἰατροὺς
2336 3757 2348 3806 i
2389 3761 2694 3829 ἠγωνίσατο,
2721 3756 2852 3809 ὥστε
2881 3759 2944 3827 τῇ
2971 3752 3157 3803 ἐκείνου
3194 3747 3427 3818 ἀσθενείᾳ
3453 3740 3549 3796 εἴτι

1948 3849 2192 3906 δύνανται
2216 3846 2601 3922 συνδράμωσιν.
2626 3852 2735 3899 Τῶν
2755 3842 2808 3898 δέ
2834 3846 3019 3916 ἰατρῶν
3048 3841 3103 3893 ἐκ
3122 3845 3221 3894 τῶν
3245 3833 3550 3910 γειτνιαζόνσ·

1949 3962 2051 3995 των
2070 3937 2241 3995 τόπων
2269 3935 2297 3974 ¹ί
2326 3936 2671 4011 πορευθέντων
2688 3975 2703 3998 ,
2748 3934 2833 3986 καί
2855 3931 3041 3985 τούτου
3081 3929 3165 3983 τόν
3191 3924 3419 3998 σφυγμὸν
3445 3921 3548 3992 ψη·

1949 4030 2265 4102 λαφησαντες
2293 4029 2548 4097 ἐμήνυσαν
2578 4025 2830 4094 σύντομον
2852 4023 3006 4075 αὐτοῦ
3028 4023 3117 4076 την
3158 4014 3333 4079 ἔξοδον
3359 4012 3551 4086 μέλλειν

1950 4120 2178 4176 ἔσεσθαι.
2209 4127 2310 4179 Τῆς
2341 4112 2427 4171 οὖν
2473 4118 2612 4191 ὥρας
2638 4112 2991 4189 προκοψάσης,
3026 4113 3109 4162 καὶ
3134 4112 3221 4162 τοῦ
3253 4108 3427 4179 καιροῦ
3455 4107 3546 4158 τοῦ

1950 4211 2171 4284 ἀρίστου
2197 4206 2294 4267 ἤδη
2331 4207 2502 4261 λοιπὸν
2547 4200 2953 4266 καταλαϐόντος,
2981 4197 3007 4253 ό
3043 4197 3411 4254 εὐλαϐέστατος
3440 4192 3551 4246 ἐπί·

1950 4322 2142 4362 σκοπος
2184 4304 2304 4371 περὶ
2348 4307 2441 4357 τῆς
2488 4298 2682 4351 ἐκείνων
2729 4292 2914 4365 μᾶλλον
2967 4287 2983 4325 ¹
3035 4289 3165 4363 ἤπερ
3214 4295 3306 4346 τῆς
3360 4285 3547 4336 ἐκείνου

1950 4391 2212 4465 σωτηρίας
2234 4389 2539 4463 ἐφρόντισεν.
2570 4384 2716 4440 ὀθεν
2737 4387 2857 4445 τοὺς
2877 4380 3315 4455 παραγενομένους
3337 4374 3548 4447 ἰατροὺς

1948 4490 2318 4566 παρεκάλεσεν,
2346 4488 2430 4543 ἵνα
2451 4495 2490 4522 π’
2518 4485 2629 4558 ἅμα
2655 4490 2746 4541 τοῦ
2774 4478 3074 4560 πρεσϐύτου
3101 4480 3260 4533 αὐτοῦ
3282 4472 3473 4545 πατρὸς
3502 4472 3551 4522 ἐν

1951 4599 2061 4651 τοῖς
2081 4591 2338 4660 ἀνωγείοις
2362 4592 2453 4641 τοῦ
2483 4584 2822 4641 έπισκοπείου
2854 4582 3098 4636 ἀνέλθωσι
3130 4579 3210 4632 καί
3241 4580 3426 4651 τροφῆς
3457 4590 3550 4640 μισ

238 4725 460 4782 quoque
484 4706 771 4778 praadictus
798 4704 1006 4759 Probus
1031 4702 1227 4758 asserit
1246 4714 1552 4770 superesse.
1591 4699 1691 4768 Qui
1721 4700 1838 4755 dum

1951 4688 2235 4745 ταλάϐωσι.
2266 4688 2454 4747 Πάντες
2492 4680 2579 4738 οὖν
2612 4684 2663 4736 ἐν
2698 4690 2771 4753 τῷ
2812 4680 3044 4755 ἀνωτέρω
3071 4674 3184 4742 οἴκῳ
3211 4672 3434 4730 ἀνῆλθον.
3466 4669 3551 4723 Ἓν

238 4806 392 4863 lecto
416 4802 649 4874 jacentis
693 4800 994 4861 assisteret,
1029 4795 1208 4851 subito
1254 4793 1464 4865 aspexit
1494 4793 1752 4848 intrantes
1779 4792 1848 4848 ad

239 4897 422 4953 virum
472 4894 570 4951 Dei
621 4891 882 4964 quosdam
935 4889 1082 4944 viros
1130 4885 1283 4942 stolis
1326 4882 1571 4939 candidis
1599 4882 1847 4947 amictos,

318 5046 350 5074 ι
389 5035 579 5092 Germ.
612 5042 666 5090 et
689 5032 901 5100 Norm.,
944 5031 1067 5085 bene
1112 5027 1352 5093 ueniunt;
1396 5024 1540 5095 quod
1587 5022 1851 5094 signiﬁcat

244 5106 442 5163 Grates
472 5104 672 5162 versio.

316 5177 349 5217 ι’
396 5178 642 5233 Visiones
667 5175 865 5244 passim
898 5171 1187 5244 admittunt
1210 5168 1456 5244 leviores
1485 5166 1673 5244 animi,
1705 5164 1851 5220 deri-

242 5250 385 5306 dent
438 5249 611 5317 impii,
659 5237 968 5315 expendunt
996 5241 1372 5311 sapientiores.
1422 5237 1847 5317 Probavitnsan-

245 5330 379 5376 ctus
398 5308 717 5390 Cyprianus,
733 5308 923 5390 'iisque
946 5308 1077 5390 usus
1100 5321 1184 5367 est
1206 5325 1346 5390 non
1366 5310 1566 5390 semel,
1600 5318 1664 5390 nt
1688 5308 1847 5390 [idem

244 5378 603 5519 gangestiilide
632 5378 885 5459 epistolas
914 5383 1157 5457 ejusdem
1198 5382 1288 5448 10,
1318 5382 1409 5449 54,
1459 5381 1555 5449 40,
1601 5378 1695 5447 54,
1756 5378 1848 5434 56.

302 5478 337 5518 u
438 5476 525 5515 uv.

302 5474 525 5518 USSANV.

330 5544 356 5572 ο
403 5531 536 5597 Ejus
564 5544 758 5585 nomen
790 5530 984 5599 legitur
1012 5527 1068 5582 in
1094 5523 1371 5599 Martyrol.
1399 5523 1487 5578 die
1518 5521 1775 5599 l5nMart.

326 5600 359 5639 δ
390 5592 468 5656 lla
495 5601 703 5665 Germ.,
726 5592 935 5657 Gemvet.
968 5609 1024 5654 et
1038 5592 1447 5659 θεῖοι-Μονίμη
1472 5607 1579 5665 uno
1597 5592 1849 5665 Beceensi

247 5685 513 5742 excepto,
547 5684 655 5727 tres
682 5662 898 5728 Carnot.
930 5679 986 5742 et
1013 5670 1118 5725 duo
1146 5666 1351 5742 T_hend.
1379 5666 1437 5720 ln
1464 5662 1761 5733 Compend.
1794 5671 1850 5718 et

248 5740 493 5801 Valflll.
530 5744 723 5814 legitur
752 5743 924 5798 Beati.
948 5741 1007 5796 lu
1040 5742 1138 5797 Ed.
1170 5740 1446 5814 "enatum.

337 5825 363 5855 ο
406 5804 633 5885 Excusi,
652 5829 770 5869 cum
794 5829 911 5871 sene
941 5822 1104 5883 patre,
1135 5808 1488 5868 renitentibus
1512 5804 1639 5866 Mss.

1952 4787 2007 4845 δέ
2027 4786 2226 4844 παιδίον
2254 4794 2281 4822 η
2304 4786 2484 4859 σεμνόν
2514 4783 2893 4858 παριστάμενον
2923 4779 3064 4848 αὐτῷ
3091 4777 3177 4828 καί
3217 4772 3366 4838 μόνον
3407 4791 3552 4827 κατε-

1955 4889 2146 4962 λείφθη,
2180 4884 2307 4960 όπερ
2334 4888 2417 4941 καί
2439 4885 2603 4956 μέχρι
2620 4889 2710 4937 τοῦ
2740 4887 2827 4933 νῦν
2852 4878 3108 4952 περίεστι,
3135 4873 3299 4932 καθὼς
3346 4869 3373 4925 ό
3415 4891 3551 4943 προ-

2033 5019 2051 5058 ³
2085 5021 2357 5081 Fortasse,
2390 5015 2637 5071 ἐπιθεῖσα.

2028 5101 2054 5139 8
2077 5092 2260 5158 Forte,
2291 5091 2478 5143 καίτοι.

2024 5159 2055 5199 h
2086 5164 2210 5229 Ms.,
2235 5153 2416 5232 μᾶλλον
2434 5162 2525 5211 τοῦ
2540 5159 2673 5232 ᾎΘεοῦ
2700 5153 2912 5232 θερμαν.

2035 5232 2052 5271 ί
2087 5219 2244 5299 Μείί
2270 5228 2607 5303 μοναστηρίου
2656 5219 2968 5298 προίὰταται
3013 5220 3193 5298 ρεάτης
3236 5219 3550 5288 ἐπονομαζο-

1954 5306 2126 5376 eis”:

2031 5375 2044 5445 ᾗ
2085 5375 2182 5429 Ms.
2195 5414 2210 5440 ,
2243 5374 2530 5445 ἠγωνίζετο.

2010 5443 2055 5535 ,λι
2079 5434 2207 5512 Ms.,
2245 5434 2603 5512 συναχθέντων
2624 5440 2800 5495 καί....
2850 5435 3237 5509 ψιλαφησάντων
3288 5434 3545 5506 ἐμήνυσαν

1957 5538 2187 5589 συντομα
2197 5557 2208 5570 .

2037 5588 2054 5627 1
2235 5588 2365 5662 ηπέρ
2395 5589 2512 5661 περὶ
2538 5593 2630 5645 τῆς
2658 5581 2792 5662 ίδίας
2811 5583 3095 5662 σωτηρίας.

2031 5670 2072 5698 ω
2094 5660 2216 5724 Ms.,
2246 5650 2488 5732 μετ’άτοῧ
2520 5655 2715 5732 πατρὸς
2736 5656 2893 5711 αὐτοῦ
2923 5650 2972 5706 ἐν
2998 5658 3072 5721 τῷ
3093 5650 3328 5730 ὑπερώφ.

2028 5740 2057 5775 ⁸³
2087 5732 2209 5798 Mat,
2241 5730 2442 5809 μικρόν.
