3998 6356
437 213 547 276 σεο

1655 201 1901 269 SANC'I‘I
1934 198 2263 269 οιιιιθοιιιι
2299 199 2515 260 ΜΔΕΝΙ

3624 209 3733 267 340

434 348 639 422 λεχθείς
661 343 853 422 Πρόϐος
877 343 1030 419 λέγει.
1050 340 1233 405 ὀστις
1259 338 1315 398 δν
1336 338 1444 414 ὅσῳ
1572 337 1709 414 κλίνη
1734 342 1831 395 τοῦ
1862 337 2017 408 κειμέ·

2132 313 2226 385 qui
2271 312 2523 371 eumdem
2578 325 2795 385 quoque
2856 312 3149 422 candorem
3196 314 3454 386 vestium,
3477 318 3730 382 vultuum

433 459 522 495 νου
568 440 881 510 παρίστατο,
942 429 1189 489 ἐθεάσατο
1242 430 1418 505 αἴφνης
1470 428 1659 505 ἄνδρας
1706 430 1849 489 τινάς
1893 428 2027 505 πρὸς

432 531 581 587 αὑτὸν
626 526 1113 605 προσερχομένους,
1138 586 1139 589 η
1164 524 1346 583 στολάς
1388 523 1569 581 λευκάς
1622 520 2021 593 ἠμφιεσμένους,

432 621 608 681 οἵτινες
640 625 713 689 τῷ
741 620 868 691 φωτὶ
909 623 1000 673 τοῦ
1044 617 1327 693 προσώπου
1357 614 1527 669 αὑτῶν
1554 617 1645 671 τήν
1685 612 2025 687 λαμπρότητα

432 718 532 768 τῶν
558 710 769 783 ἱματίων
794 707 1155 783 ὑπερέϐαλλον.
1187 704 1268 761 Ἐκ
1286 712 1377 765 τῆς
1397 705 1671 777 ἀστραπῆς
1692 698 1778 756 οὖν
1804 712 1897 763 τῆς
1932 702 2022 756 αὑ-

429 811 531 861 τῶν
568 800 930 880 λαμπρότητος
977 801 1185 872 πληγείς
1228 798 1255 853 ό
1279 806 1437 866 παῖς,
1470 802 1631 871 φωνην
1652 796 2019 872 προσενέγκας,

436 899 638 972 κράζειν
666 897 879 969 ἤρξατο.
908 895 1041 953 τίνες
1069 894 1240 947 ἐκεῖναι
1266 890 1600 967 ὑπάρχουσι.
1639 897 1711 963 τῇ
1754 884 1807 943 δὲ
1835 888 2025 942 τούτου

432 999 565 1065 φωνῇ
602 992 794 1067 Προϐος
836 988 861 1043 ό
899 989 1177 1047 έπίσκοπος
1205 984 1584 1058 συνταραχθείς
1620 981 2023 1057 εἰσερχομένους

429 1080 616 1140 αὐτούς
644 1078 881 1153 έωρακώς
907 1075 1124 1136 τούτους
1145 1077 1356 1148 ἐπέγνω.
1380 1076 1467 1128 τὸν
1496 1072 1550 1129 δέ
1574 1074 1823 1147 κράζοντα
1862 1070 2024 1127 παῖδα

429 1168 749 1241 παρακαλεῖν
794 1168 996 1237 ἤρξατο,
1046 1165 1222 1237 λέγων’
1251 1169 1329 1223 Μὴ
1377 1164 1554 1235 φοϐοῦ,
1601 1160 1679 1217 ὅτι
1716 1160 1848 1236 πρός
1890 1180 1953 1230 με
1995 1158 2024 1215 ὃ

431 1259 577 1333 ἅγιος
605 1259 947 1322 ἰουϐενάλιος,
995 1261 1079 1310 καί
1118 1255 1145 1310 ό
1175 1254 1317 1328 ἅγιος
1354 1255 1655 1327 Ἐλευθέριος
1683 1254 1729 1307 οἱ
1761 1254 2022 1327 μάρτυρες

426 1346 590 1408 ἦλθον.
622 1355 838 1407 Ἐκεῖνος
866 1345 921 1400 δέ
944 1354 1038 1407 τῆς
1065 1346 1306 1405 τοιαύτης
1333 1345 1587 1404 ὀπτασίας
1623 1350 1651 1380 ⁸
1681 1344 1739 1397 τὸ
1781 1345 2023 1415 νεοὺργη-

427 1461 503 1511 μα
532 1444 602 1511 μή
641 1440 820 1513 φέρων,
851 1435 1025 1511 δρόμῳ
1054 1437 1343 1506 ταχυτάτω
1389 1432 1489 1499 ἔξω
1515 1440 1614 1488 τῶν
1658 1434 1823 1508 θυρῶν
1848 1430 2020 1504 ἔφυγεέ

385 1546 389 1552 ·
425 1533 543 1601 Περὶ
571 1528 626 1585 δέ
651 1526 717 1583 ὧν
748 1529 1021 1595 ἐθεάσατο,
1053 1534 1125 1596 τῷ
1156 1530 1316 1603 πατρὶ
1345 1530 1428 1580 καὶ
1465 1526 1575 1586 τοῖς
1610 1526 1802 1599 ἰατροῖς
1836 1524 2021 1594 ianva-

2135 424 2351 467 suorum
2380 408 2500 466 luce
2526 408 2830 464 vincebant.
2856 404 2876 448 ί
2904 408 3019 477 Qua
3041 408 3344 479 splendoris
3371 413 3529 469 etiam
3563 415 3734 473 clari-

2133 506 2245 557 tate
2273 499 2568 571 perculsus,
2592 497 2810 568 quinam
2840 498 2920 555 illi
2949 509 3151 567 essent,
3180 501 3382 556 emissa
3403 504 3569 572 carpit
3594 520 3732 564 voce

2132 590 2388 646 clamare.
2419 590 2532 657 Qua
2556 604 2686 645 voce
2715 591 2877 645 etiam
2920 590 3125 647 Probus
3153 591 3447 661 episcopus
3483 610 3732 653 commo-

2131 688 2241 751 tus,
2272 682 2536 739 intrantes
2562 696 2656 739 eos
2683 682 2900 753 aspexit
2924 692 2980 741 et
3013 686 3248 755 agnovit,
3277 697 3437 757 atque
3464 690 3726 747 eumdem

2131 772 2447 829 stridentem
2477 773 2887 845 vagientemque
2934 789 3161 846 puerum
3209 779 3479 837 consolari
3533 781 3733 852 cmpit,

2132 862 2318 920 dicens
2339 882 2355 918 :
2376 863 2493 921 Noli
2524 865 2735 933 timere,
2759 866 2857 932 ﬁli,
2886 867 3009 938 quia
3036 868 3105 925 ad
3136 883 3224 926 me
3245 878 3468 927 sanctus
3492 870 3736 931 Juvena-

2134 954 2201 1012 iis
2228 963 2282 1012 et
2307 964 2528 1013 sanctus
2579 957 2927 1017 Eleutherius
2976 968 3242 1031 martyres
3297 973 3587 1021 venerunt.
3640 966 3736 1023 Ille

2134 1059 2314 1109 autem
2344 1058 2510 1107 tantae
2537 1050 2765 1110 visionis
2815 1053 3108 1110 novitatem
3158 1069 3265 1112 non
3316 1056 3516 1125 terens,
3571 1075 3733 1117 cursu

2133 1144 2345 1201 concito
2367 1154 2519 1205 extra
2552 1143 2701 1201 tores
2727 1144 2881 1217 fugit,
2912 1156 3075 1218 atque
3102 1161 3198 1204 eos
3222 1163 3360 1219 quos
3397 1151 3614 1206 viderat
3640 1166 3737 1221 pa-

2133 1237 2203 1292 tri
2228 1252 2293 1293 ac
2322 1238 2547 1294 medicis
2576 1238 2860 1295 nuntiavit.
2908 1238 3011 1308 Qui
3064 1240 3277 1297 coneite
3302 1240 3732 1311 descenderunt;

2130 1332 2227 1389 sed
2252 1346 2454 1402 egrum
2483 1346 2643 1402 quem
2691 1332 3021 1402 reliquerant
3062 1332 3177 1402 jam
3222 1333 3536 1390 defunctum
3580 1336 3736 1391 inve-

2131 1434 2351 1493 nerunt,
2382 1425 2506 1496 quia
2537 1424 2614 1483 illi
2644 1438 2769 1484 eum
2798 1440 2981 1482 secum
3010 1426 3267 1493 tulerant,
3299 1442 3530 1496 quorum
3570 1427 3737 1485 visio-

2132 1537 2256 1579 nem
2283 1538 2417 1593 puer
2448 1521 2590 1579 terre
2615 1536 2721 1579 non
2753 1522 2947 1591 potuit,
2978 1523 3071 1593 qui
3098 1523 3186 1579 hic
3213 1524 3492 1580 remansit.

425 1640 536 1676 σεν.
567 1624 759 1684 Οἶτινες
788 1624 1054 1695 συντόμως
1090 1621 1439 1686 κατελθόντες,
1485 1622 1573 1677 τόν
1621 1617 1892 1693 ἄρρωστον
1917 1660 1933 1685 ,
1968 1614 2023 1671 ὃν
2060 1619 2350 1683 κατέλιπον,
2377 1620 2589 1676 θανόντα
2611 1618 2785 1673 λοιπόν
2818 1616 2989 1694 εὗρον.
3010 1616 3160 1674 ὀθεν
3186 1617 3353 1686 δῆλον,
3417 1618 3499 1677 ὅτι
3555 1619 3735 1676 iubet

426 1716 576 1773 αὐτόν
606 1718 718 1789 μετ’
746 1718 940 1775 ἕαυτῶν
983 1719 1197 1793 ίπῇραν,
1226 1714 1295 1771 ὧν
1324 1721 1416 1775 την
1466 1716 1577 1770 θέαν
1618 1714 1893 1785 ὑπενέγκαι
1938 1712 2028 1767 οὐκ
2062 1711 2283 1778 ἠδυνήθη
2309 1710 2339 1769 ό
2362 1710 2539 1769 ένθάδε
2558 1712 2836 1782 ἁπομείνας
2860 1720 3005 1773 παῖς.

944 1812 1105 1884 391
1138 1818 1366 1866 κΕοΑΛ.
1395 1809 1486 1865 m’.

419 1905 542 1980 Περὶ
567 1909 661 1965 τῆς
681 1904 989 1965 τελειώσεως
1018 1904 1214 1990 1:601:75-
1244 1906 1561 1989 μοναστρίας
1594 1901 1844 1977 θυγατρὸς
1880 1908 2018 1973 Συμ-

973 1996 1160 2046 μαχου
1188 1996 1457 2049 πατρικίου
1468 2015 1482 2030 .

494 2078 612 2139 Ἐπί
630 2083 831 2145 τούτοις
854 2083 972 2139 οὑδὲ
992 2091 1147 2142 τοῦτο
1168 2086 1627 2159 παρασιωπηθῆναι
1648 2082 1835 2141 δίκαιον
1860 2083 1889 2124 ³³
1916 2086 2022 2159 κρί-

422 2195 516 2240 νω,
547 2170 673 2250 ὅπερ
702 2196 789 2244 μοι
808 2175 1088 2251 πρόσωπον
1115 2177 1355 2249 μέγιστον
1386 2179 1467 2231 καί
1493 2176 1677 2232 πιστὸν
1700 2184 1762 2247 τῇ
1789 2174 2019 2249 διηγήσει

422 2265 714 2337 ἐγνώρισεν.
744 2262 917 2338 Ἔλεγε
944 2269 1044 2342 γάρ
1061 2307 1076 2332 ,
1110 2263 1187 2322 ὅτι
1235 2269 1285 2321 ἐν
1310 2274 1415 2327 τοῖς
1438 2273 1538 2322 τῶν
1570 2267 1770 2320 Γότθων
1797 2275 2015 2340 καιροῖς,

422 2353 591 2409 Γάλλοι
608 2374 689 2414 τις
717 2356 1048 2427 εὐγενεστάτη
1072 2357 1195 2433 κόρη
1220 2356 1414 2418 ταύτης
1436 2364 1528 2417 τῆς
1546 2357 1764 2422 πόλεως,
1795 2358 2019 2435 θυγάτηρ

400 2444 747 2521 ὑπάρχουσα
775 2449 1062 2520 Συμμὰχου
1088 2455 1177 2505 τοῦ
1207 2448 1415 2505 ὑπάτου
1437 2451 1523 2504 καί
1542 2453 1837 2523 πατρικίου,
1868 2448 1918 2502 έν
1944 2456 2019 2523 τῷ

420 2543 513 2594 τῆς
532 2537 771 2599 νεότητος
790 2540 951 2599 αὐτῆς
981 2539 1176 2614 χρόνῳ,
1207 2537 1352 2612 ἀνδρί
1380 2548 1402 2577 ⁸
1432 2536 1803 2612 παραδοθεῖσα,
1826 2539 1914 2593 ἕνα
1933 2541 2018 2593 καί

417 2626 565 2696 μόνον
588 2630 815 2687 ἐνιαυτόν
847 2637 1160 2700 συζήσασα,
1205 2634 1387 2689 τούτου
1425 2634 1827 2694 τελευτησαντος
1872 2639 2018 2710 χήρα

416 2715 606 2789 γέγονε.
636 2720 836 2777 Ταύτην
867 2720 921 2775 δὲ
943 2724 974 2781 ἠ
1002 2725 1138 2793 ἀκμή
1178 2730 1271 2783 τῆς
1309 2722 1563 2789 νεότητος,
1608 2726 1690 2778 καί
1714 2726 1745 2783 ἡ
1772 2730 1865 2779 τοῦ
1894 2726 2019 2779 κόσ-

416 2826 517 2875 μου
548 2808 817 2879 έπιθυμία,
847 2813 931 2871 καί
952 2817 1045 2868 τοῦ
1074 2812 1296 2869 πλούτου
1317 2814 1349 2871 τό
1378 2809 1404 2848 (³
1429 2814 1618 2878 ἀπάτη,
1655 2816 1788 2889 πρός
1818 2816 1875 2870 τό
1902 2811 2017 2869 δευ-

415 2896 587 2970 τέροις
607 2900 983 2975 προσομιλῆσαι
1008 2904 1191 2974 γάμοις
1228 2903 1521 2967 ἐξεκαλεῖτο.
1553 2903 1698 2959 Ἀ)λά
1730 2904 1861 2963 αὕτη
1888 2904 2017 2975 μᾶλα

416 2984 501 3040 λου
542 2984 790 3053 ἐξελέξατο
826 3001 1186 3062 πνευματικοῖς
1210 2989 1398 3066 γάμοις
1419 2999 1491 3063 τῷ
1530 3000 1641 3065 Θεῷ
1684 2994 2011 3065 συναφθῆναι,

418 3073 597 3137 οἵτινες
623 3078 727 3134 άπὸ
753 3082 958 3141 πένθους
1001 3078 1261 3155 ἄρχονται
1285 3124 1299 3149 ,
1351 3085 1436 3137 καί
1475 3088 1547 3146 εἰς
1595 3087 1771 3159 χαρὰν
1822 3088 2016 3140 αἰώνιον

415 3167 804 3242 καταλήγουσιν,
827 3169 958 3243 ἥπερ
982 3180 1240 3246 σαρκικοῖς
1266 3176 1445 3248 γάμοις
1473 3174 1811 3250 ὑποταγῆναι,
1834 3176 2017 3237 οἵτινες
2046 3212 2095 3280 c

425 3257 442 3280 ἓ
463 3279 472 3280 κ
500 3258 514 3280 3
581 3260 594 3277 θ
742 3261 755 3279 Ι
884 3260 912 3279 ιν
1215 3265 1228 3280 I
1294 3263 1340 3280 ιι
1410 3261 1438 3273 ⁸¹
1515 3267 1544 3280 κ
1748 3272 1758 3280 .
1852 3268 1864 3280 ι
1898 3269 1918 3280 ιι

416 3257 520 3312 άπὸ
547 3260 848 3335 εὐφροσύνης
877 3260 1137 3336 ἄρχονται
1156 3305 1169 3327 ,
1207 3265 1257 3319 ἐν
1289 3263 1342 3320 δέ
1370 3261 1443 3337 τῷ
1472 3267 1601 3322 τέλει
1634 3272 1765 3338 μετὰ
1799 3268 2021 3331 πένθους(

414 3351 739 3420 πορεύονται.
790 3352 980 3425 Σφόδρα
1028 3353 1082 3409 δέ
1112 3357 1270 3416 αὑτῆς
1310 3358 1498 3431 θέρμης
1547 3359 1903 3435 ὑπαρχούσης
1951 3370 2013 3437 τῇ

413 3448 706 3512 κατασκευῇ
734 3448 822 3495 τοῦ
851 3445 1110 3515 σώματος,
1139 3445 1356 3522 ἤρξαντο
1386 3448 1433 3500 οί
1460 3450 1623 3523 ἰατροί
1650 3450 1836 3521 λέγειν,
1866 3450 1943 3507 ὅτι
1972 3454 2015 3507 εί

416 3530 489 3594 μή
521 3528 594 3586 εἰς
623 3530 925 3600 συμπλοκήν
966 3531 1147 3608 ἀνδρὸς
1190 3535 1513 3611 ἐπιστρέψει,
1572 3547 1635 3613 τῇ
1691 3537 2012 3615 σφοδροτάτη

418 3619 576 3693 θέρμῃ
604 3627 697 3680 τῆς
741 3623 939 3692 φύσεως
977 3626 1141 3697 γένεια
1185 3627 1348 3697 μέλλει
1392 3627 1632 3705 ἐκφέρειν.
1666 3626 1829 3705 Ὅπερ
1869 3633 2016 3704 μετέ·

415 3731 571 3767 πειτα
600 3715 685 3767 καὶ
711 3712 929 3786 γέγονεν.
979 3717 1103 3770 ’Δλλ’
1150 3719 1181 3775 ἣ
1225 3717 1346 3790 ἁγία
1386 3721 1541 3779 ἐκείνη
1578 3727 1703 3794 γυνὴ
1748 3721 1886 3779 οὐδὲν
1924 3734 2016 3787 τῆς

418 3801 604 3869 ἔξωθεν
635 3806 1009 3881 ἀσχημοσύνης
1047 3809 1329 3889 ἐφρόντισεν
1350 3852 1363 3875 ,
1393 3816 1505 3874 ἥτις
1533 3811 1673 3869 ἔνδον
1713 3816 1926 3888 νυμφίου
1956 3818 2014 3874 τό

419 3896 600 3958 κάὶλος
628 3898 908 3972 ἠγάπησεν.
942 3900 1067 3957 Οὑδέ
1096 3906 1154 3959 τό
1185 3904 1236 3957 έν
1262 3904 1390 3978 αὑτῇ
1437 3905 1650 3966 ἀκαλλὲς
1687 3909 2011 3982 ἠρυθρίασεν,

419 3986 548 4042 ἀλλὰ
574 3989 761 4059 μάλλον
790 3992 951 4047 έκεῖνο
977 3992 1163 4068 ᾐδέσθη
1184 3997 1243 4050 τό
1269 4000 1409 4073 παρά
1430 4002 1521 4051 τοῦ
1550 3999 1779 4073 οὐρανίου
1805 4004 2016 4071 νυμφίου

419 4082 491 4150 μή
526 4080 881 4152 ἀγαπώμενον.
923 4089 1149 4161 Παρευθὺ
1193 4083 1284 4143 οὖν
1324 4095 1413 4144 τοῦ
1434 4089 1733 4149 τελευτῆσαι
1761 4094 1847 4147 τόν
1884 4094 2015 4149 ταύ-

421 4190 515 4230 της
543 4172 787 4245 σύζυγον,
844 4176 1177 4234 άποϐαλοῦσα
1204 4182 1260 4235 τό
1301 4181 1542 4253 κοσμικόν
1588 4192 1797 4254 σχῆμα,
1830 4188 1903 4244 εἷς
1928 4190 2017 4244 τήν

421 4268 514 4315 τοῦ
547 4264 936 4338 παντοδυνάμου
975 4265 1102 4324 Θεοῦ
1145 4269 1368 4327 δουλείαν
1422 4273 1604 4333 ἑαυτήν
1632 4273 1894 4333 ἐκδέδωκεν
1918 4317 1933 4343 ,
1966 4278 2018 4331 ἐν

422 4358 494 4421 τῷ
523 4360 846 4429 μοναστηρίῳ
871 4366 945 4431 τῷ
975 4354 1077 4415 ὄντι
1106 4364 1253 4434 παρά
1293 4367 1383 4421 την
1414 4369 1505 4418 τοῦ
1546 4358 1796 4441 μακαρίου
1827 4371 2016 4443 Πέτρου

423 4447 509 4496 τοῦ
540 4443 823 4501 ἀποστόλου
854 4447 1140 4507 ἐκκλησίαν.
1178 4449 1365 4505 Ἐκεῖσε
1397 4448 1484 4506 οὖν
1520 4453 1602 4509 ἐπὶ
1636 4456 1845 4517 πολλοὺς
1888 4458 2019 4535 χρό-

421 4558 540 4599 νους
568 4540 616 4592 ἐν
644 4541 831 4615 ἀκακία
860 4541 1073 4615 καρδίας
1106 4548 1187 4600 καί
1232 4547 1453 4618 ἐπιμόνῳ
1483 4559 1761 4627 προσευχῇ
1783 4548 2013 4625 διήρκεσε

418 4628 680 4691 πλουσίως
722 4641 831 4693 τοῖς
878 4631 1130 4705 δεομένοις
1173 4642 1267 4696 την
1307 4627 1642 4710 ἐλεημοσύνην
1670 4644 2011 4718 παρέχουσα.

416 4715 534 4774 Ὀτε
579 4718 633 4775 δέ
660 4722 831 4778 λοιπὸν
864 4726 951 4779 τόν
979 4726 1177 4780 αἰώνιον
1202 4727 1378 4797 μισθόν
1420 4727 1447 4782 ό
1483 4715 1865 4804 παντοδύναμος
1891 4735 2014 4796 Θεὸς

417 4817 529 4869 τοῖς
568 4813 761 4873 ταύτης
800 4816 1050 4887 καμάτοις
1089 4820 1466 4889 παρασχέσθαι
1495 4821 1684 4896 ὥρισε,
1723 4823 1747 4851 ⁸
1776 4828 2014 4899 καρκίνου

420 4898 611 4968 ἐπλήγη
642 4902 783 4973 θηλῇ.
814 4903 895 4959 Ἐν
918 4904 973 4961 δὲ
993 4916 1055 4981 τῇ
1082 4918 1348 4985 νυκτερινῇ
1379 4913 1582 4989 ἠσυχίᾳ
1612 4898 1901 4988 ἔμπροσθεν
1922 4925 2015 4980 τῆς

420 4992 582 5052 κλίνης
611 4995 769 5054 αὐτῆς
817 4997 909 5052 δνο
954 5000 1164 5070 λυχνίαι
1206 5006 1402 5083 ,φαίνειν
1447 5007 1682 5077 ἤρξαντο.
1711 5018 1761 5061 Ἦ
1785 5009 1885 5083 γάρ
1924 5017 2013 5065 τοῦ

418 5088 583 5155 φωτὸς
602 5090 883 5164 προσφιλὴς
909 5094 967 5146 οὑ
991 5096 1141 5166 μόνον
1168 5098 1228 5153 τὸ
1266 5099 1436 5157 νοητόν
1465 5097 1668 5162 σκότος,
1702 5101 1822 5156 ἀλλὰ
1848 5106 1935 5158 καὶ
1959 5106 2015 5159 τό

493 5219 521 5291 ξι
544 5212 670 5291 ᾗς..
700 5215 759 5291 τό
782 5214 970 5291 ὅραμα.

492 5279 521 5321 δ
547 5279 676 5361 Μὰ,
701 5279 939 5361 ἡγούμάι.

495 5364 521 5431 ῗ
546 5354 672 5431 δίδου

494 5423 525 5464 ἆ
550 5429 675 5501 Ms”

427 5572 479 5625 ἐν
500 5498 679 5626 ἔρια,
708 5498 945 5578 καρκίνον
973 5504 1140 5580 πληγῆ
1166 5507 1217 5563 ἂν
1243 5514 1320 5581 τῷ
1331 5507 1524 5568 ταύτης
1542 5506 1724 5581 μάσθω
1737 5506 2001 5581 ίκρούσθη.

507 5607 759 5717 ΐᾉμίιοε,
790 5644 893 5713 Qui
918 5647 1206 5717 splendoris
1234 5666 1409 5706 eorum
1448 5651 1576 5704 clar.

506 5720 533 5760 ι
562 5711 695 5784 Ejus
735 5711 1038 5775 encomittm
1084 5721 1284 5794 lege_in
1311 5723 1653 5793 Martyrolog.
1706 5722 1887 5789 Rom.,
1936 5720 2005 5778 ad

2046 1811 2098 1873 Β

2609 1809 2771 1881 θη
2812 1808 3042 1866 CAPUT
3090 1808 3228 1865 xm.

2426 1939 2508 1996 De
2546 1942 2767 1997 transitu
2797 1951 2823 1992 ι
2863 1941 3028 1998 Galla:
3066 1941 3271 1997 ancillm
3308 1941 3427 1998 Dei.

2200 2075 2409 2132 Interea
2438 2090 2615 2147 neque
2661 2076 2766 2132 hoc
2794 2076 3063 2132 silendum
3090 2075 3323 2131 arbitror
3350 2073 3379 2115 ιι
3417 2075 3565 2147 quod
3599 2076 3733 2135 mihi

2126 2183 2478 2241 personarum
2527 2169 2769 2239 gravium
2819 2177 2984 2238 atque
3036 2155 3273 2224 ﬁdelium
3322 2176 3407 2224 est
3461 2168 3735 2227 relatione

2125 2268 2477 2329 compertum.
2506 2258 2802 2314 Gothorum
2826 2272 3057 2324 namque
3084 2259 3422 2327 temporibus
3446 2257 3609 2314 Galla
3640 2259 3735 2315 hu-

2121 2352 2213 2423 jus
2240 2352 2386 2408 urbis
2428 2351 2760 2408 nobilissima
2809 2352 2986 2422 puella
3040 2351 3352 2423 Symmachi
3382 2353 3631 2409 consulis
3669 2367 3735 2410 ac

2124 2446 2333 2515 patricii
2362 2443 2489 2509 tilia,
2521 2443 2662 2498 intra
2688 2443 3067 2499 adolescentiae
3098 2451 3339 2514 tempora
3372 2444 3582 2500 marito
3615 2455 3728 2501 tra-

2125 2538 2259 2603 dita,
2314 2536 2368 2591 in
2413 2537 2570 2591 unius
2600 2536 2725 2590 anni
2780 2534 2957 2605 spatio
3004 2534 3122 2606 ejus
3148 2544 3234 2592 est
3264 2548 3439 2591 morte
3486 2537 3732 2593 viduata.

2074 2619 2081 2629 ’
2124 2629 2295 2698 Quam
2316 2628 2465 2695 dum,
2492 2628 2733 2685 fervente
2757 2628 2941 2683 mundi
2973 2628 3148 2697 copia,
3181 2628 3247 2683 ad
3272 2628 3587 2683 iterandum
3621 2631 3733 2683 tha-

2123 2722 2325 2777 lamum
2380 2729 2435 2775 et
2486 2734 2616 2787 Opes
2666 2728 2721 2776 et
2748 2712 2880 2775 :etas
2905 2728 3185 2787 vocarent,
3218 2720 3383 2791 elegit
3410 2721 3597 2790 magis
3626 2719 3733 2791 spi~

2122 2811 2367 2868 ritalibus
2393 2810 2596 2880 nuptiis
2624 2810 2862 2879 copulari
2893 2809 3029 2877 Deo,
3059 2811 3112 2865 in
3143 2811 3339 2879 quibus
3368 2824 3399 2864 a
3427 2811 3592 2865 luctu
3612 2810 3732 2867 inci~

2123 2905 2287 2974 pitur,
2311 2905 2405 2959 sed
2434 2903 2499 2958 ad
2528 2903 2721 2974 gaudia
2750 2913 2950 2958 aeterna
2983 2903 3315 2972 pervenitur,
3350 2918 3511 2974 quam
3528 2918 3727 2980 carna-

2120 2996 2259 3051 libus
2290 2996 2489 3065 nuptiis
2517 2993 2731 3065 subjici,
2755 3010 2878 3067 qua:
2900 3009 2930 3048 a
2969 2993 3149 3050 laetitia
3182 3010 3397 3065 semper
3428 2996 3721 3065 incipiunt,

2119 3099 2175 3145 et
2204 3088 2271 3143 ad
2300 3088 2462 3145 tinem
2504 3102 2627 3143 cum
2683 3087 2830 3143 luctu
2887 3086 3136 3143 tendunt.
3200 3087 3335 3143 Huic
3377 3097 3555 3143 autem
3612 3103 3732 3144 cum

2121 3176 2277 3235 valde
2308 3180 2461 3250 ignea
2509 3176 2824 3247 conspersio
2870 3180 3115 3248 corporis
3171 3180 3390 3243 inesset,
3444 3187 3734 3249 coeperunt

2124 3265 2319 3325 medici
2348 3265 2549 3335 dicere,
2585 3266 2707 3338 quia
2738 3262 2843 3322 nisi
2878 3264 2945 3321 ad
2977 3263 3254 3338 amplexus
3285 3264 3469 3324 viriles
3495 3269 3730 3339 rediret,

2117 3364 2295 3417 calore
2326 3361 2492 3417 nimio
2522 3372 2708 3416 contra
2735 3367 2982 3415 naturam
3026 3360 3227 3417 barbas
3253 3369 3399 3418 esset
3449 3361 3729 3431 habitura,

2117 3456 2267 3527 quod
2293 3454 2364 3510 ita
2387 3469 2599 3527 quoque
2630 3463 2751 3525 post
2790 3450 2991 3510 factum
3034 3462 3137 3511 est.
3182 3454 3288 3510 Sed
3319 3463 3504 3511 sancta
3534 3457 3732 3512 mulier

2104 3547 2251 3603 nihil
2274 3547 2555 3604 exterioris
2597 3546 2958 3603 deformitatis
3016 3545 3215 3613 timuit,
3267 3562 3387 3618 quae
3439 3548 3725 3605 interioris

2119 3641 2303 3709 sponsi
2345 3637 2581 3709 speciem
2610 3640 2830 3704 amavit,
2863 3653 2964 3694 nec
2994 3639 3164 3694 verita
3214 3648 3295 3695 est
3324 3643 3369 3695 si
3396 3638 3501 3696 boc
3550 3640 3609 3696 in
3640 3640 3727 3697 illa

2120 3732 2431 3797 fcedaretur,
2465 3732 2609 3804 quod
2635 3747 2664 3787 a
2693 3732 2904 3788 caelesti
2932 3748 3133 3804 sponso
3163 3733 3218 3788 in
3250 3747 3314 3789 ea
3355 3748 3463 3789 non
3510 3748 3729 3792 amare-

2122 3834 2223 3881 tur.
2254 3826 2375 3880 Mox
2401 3839 2528 3893 ergo
2560 3832 2617 3880 ut
2654 3824 2773 3897 ejus
2812 3826 3039 3882 maritus
3069 3826 3351 3884 defunctus
3377 3836 3481 3895 est,
3510 3830 3730 3902 abjecto

2120 3913 2364 3969 saeculari
2422 3914 2627 3979 habitu,
2685 3915 2751 3970 ad
2810 3916 3196 3986 omnipotentis
3226 3917 3322 3973 Dei
3370 3917 3386 3956 ί
3443 3922 3727 3976 servitium

2120 4019 2242 4061 sese
2269 4005 2410 4075 apud
2440 4004 2579 4060 beati
2606 4004 2753 4061 Petri
2780 4008 3007 4077 apostoli
3061 4010 3345 4067 ecclesiam
3394 4013 3729 4069 monasterio

2122 4096 2361 4163 tradidit,
2390 4098 2570 4167 ibique
2597 4099 2779 4154 multis
2805 4100 2963 4155 annis
2993 4100 3323 4171 simplicitati
3354 4104 3535 4159 cordis
3556 4116 3728 4177 atque

2121 4188 2348 4243 orationi
2374 4187 2576 4259 dedxta,
2636 4189 2784 4262 larga
2842 4192 3210 4263 indigentibus
3256 4196 3727 4269 eleemosynarum

2121 4292 2285 4350 Opera
2318 4281 2600 4353 impendit.
2649 4282 2895 4355 Cumque
2945 4287 3286 4356 omnipotens
3346 4289 3486 4345 Deus
3518 4307 3718 4360 pereu-

2122 4389 2245 4429 nem
2273 4374 2384 4445 jam
2417 4376 2722 4433 mercedem
2751 4377 2980 4434 reddere
3003 4379 3122 4449 ejus
3151 4380 3424 4438 laboribus
3446 4383 3724 4443 decrevis-

2124 4477 2228 4535 set,
2257 4468 2437 4523 cancri
2467 4470 2643 4525 ulcere
2671 4468 2724 4524 in
2757 4471 2995 4526 mamilla
3028 4487 3280 4542 percussa
3310 4484 3413 4529 est.
3443 4475 3722 4534 Nocturna

2124 4568 2301 4616 autem
2333 4569 2577 4631 tempore
2602 4570 2726 4618 ante
2756 4562 2953 4619 lectum
2996 4564 3114 4635 ejus
3141 4565 3247 4621 duo
3276 4568 3605 4627 candelabra
3636 4573 3717 4627 lu-

2120 4670 2245 4711 cere
2268 4667 2679 4724 consueverant,
2705 4658 2831 4728 quia
2880 4658 3131 4715 videlicet
3170 4662 3339 4717 amica
3398 4663 3550 4735 lucis,
3610 4683 3719 4724 non

2117 4745 2290 4801 solum
2322 4747 2611 4817 spiritales,
2650 4748 2746 4803 sed
2788 4750 2948 4804 etiam
2979 4752 3289 4821 corporales
3321 4756 3567 4812 tenebras
3592 4759 3718 4813 odio

2120 4834 2372 4893 habebat.
2413 4838 2542 4907 Quae
2577 4838 2701 4895 dum
2732 4851 2893 4896 nocte
2940 4843 3166 4911 quadam
3196 4859 3264 4899 ex
3294 4846 3393 4903 hac
3421 4850 3607 4905 eadem
3632 4851 3717 4921 ja-

2118 4938 2261 4982 ceret
2294 4927 2605 4987 inﬁrmitate
2625 4929 2867 5001 fatigata.
2897 4931 3033 4989 vidit
3059 4933 3277 4991 beatum
3320 4935 3535 4995 Petrum
3576 4956 3715 5011 apo-

2120 5018 2317 5074 stolum
2348 5019 2489 5076 inter
2517 5032 2742 5095 utraque
2783 5025 3104 5082 candelabra
3153 5041 3278 5085 ante
3308 5047 3461 5088 suum
3515 5035 3709 5092 lectum

2122 5112 2540 5180 consistentem;
2577 5132 2677 5173 nec
2721 5119 3000 5188 perterrita
3053 5121 3249 5192 timuit,
3280 5125 3375 5189 sed
3413 5142 3478 5185 ex
3527 5144 3712 5188 amore

2126 5229 2328 5314 d_iem_5
2354 5233 2627 5314 Octobris.
2660 5235 2860 5314 Iisdem
2885 5252 3016 5314 esse
3036 5241 3272 5314 creditur
3294 5242 3361 5297 ad
3387 5257 3545 5314 quam
3585 5262 3709 5303 san-

2122 5312 2240 5377 ctus
2266 5304 2579 5377 Fulgentius
2605 5309 2839 5377 scripsit,
2877 5308 2953 5363 De
2969 5311 3158 5366 viduis.

2116 5370 2471 5501 “ﬁngemus
2500 5370 2740 5448 Carnotf,
2763 5380 2901 5451 quod
2922 5382 3049 5436 mihi
3091 5399 3423 5453 personarum
3443 5387 3629 5445 civium
3651 5390 3710 5459 ﬁ-

2201 5514 2219 5554 ί
2263 5519 2444 5601 Βθοοτ,
2476 5514 2769 5601 obsequium
2789 5523 2855 5601 in
2885 5522 3116 5601 Ecclesia
3146 5527 3279 5601 beati
3314 5527 3463 5585 Petri
3485 5531 3709 5601 apostoli

2118 5594 2442 5715 ἓῖᾶιίηυεηὶι
2460 5610 2478 5660 ;
2502 5595 2670 5664 ibique
2689 5596 2863 5652 multis
2884 5597 3033 5653 annis
3058 5598 3280 5669 simplici
3299 5604 3473 5672 corde,
3491 5594 3711 5659 orationi

2221 5678 2235 5715 t
2259 5678 2311 5715 a.

2221 5678 2311 5719 ιια.
