3998 6356
165 396 267 456 541

1420 381 1871 455 DIALOGORUM
1911 380 2111 440 LIBER
2149 382 2241 447 ιν.

3355 384 3462 445 διε

164 524 394 571 sumens
417 506 694 565 audaciam
723 503 1037 573 exsultavit,
1076 503 1234 576 eique
1261 503 1402 560 dixit
1431 519 1447 558 :
1479 503 1619 573 Quid
1649 512 1755 579 est,
1784 565 1786 572 ι

1895 504 2106 565 εἶσθητέν
2136 507 2207 567 είς
2229 512 2383 578 μῖσος
2409 500 2567 578 εἶχεν.
2596 504 2680 559 Ἐν
2713 509 2807 579 μιᾷ
2838 505 2891 562 δὲ
2917 508 3059 563 νυκτί
3087 507 3379 581 κατάκοπος
3408 511 3462 567 ἐκ

166 607 402 666 Domine
428 581 526 668 mi,
552 601 771 658 dimissa
800 607 925 656 sunt
947 597 1078 654 mihi
1109 607 1326 671 peccata
1355 598 1515 654 mea?
1546 597 1641 653 Cui
1668 596 1760 655 ille

168 694 546 769 benignissimi
588 703 649 749 ut
680 700 765 749 est
790 691 993 759 vultus,
1036 690 1295 746 inclinato
1340 690 1514 760 capite
1555 688 1765 755 annuit,

170 791 402 848 dicens:
441 786 666 842 Dimissa
700 802 714 853 ;
744 783 889 841 veni.
940 782 1046 840 Sed
1088 782 1209 855 quia
1240 783 1525 854 quamdam
1574 781 1771 837 sancti-

172 882 469 941 monialem
506 879 757 934 feminam
799 877 853 932 in
897 876 1087 932 eodem
1119 876 1447 932 monasterio
1477 890 1586 946 prae
1614 882 1773 931 crete-

173 976 252 1034 ris
280 973 561 1043 diligebat,
594 971 741 1027 illico
772 968 925 1026 Galla
954 968 1229 1041 subiunxit
1258 986 1274 1027 :
1309 968 1460 1040 Rogo
1489 978 1547 1024 ut
1568 974 1596 1006 α
1618 982 1775 1024 soror

174 1068 472 1125 Benedicta
504 1079 712 1121 mecum
742 1063 941 1120 veniat.
993 1062 1093 1119 Cui
1133 1062 1224 1119 ille
1253 1062 1535 1133 reSpondit
1568 1079 1582 1117 :
1633 1062 1774 1132 Non,

178 1160 273 1218 sed
336 1158 430 1214 illa
463 1157 585 1213 talis
612 1155 798 1213 veniat
833 1165 1047 1221 tecum;
1101 1155 1219 1211 haec
1248 1170 1380 1211 vero
1408 1169 1570 1225 quam
1616 1155 1775 1226 petis,

176 1250 267 1306 die
296 1250 407 1305 erit
431 1245 706 1318 trigesimo
736 1256 1009 1302 secutura.
1034 1244 1132 1301 His
1162 1246 1343 1317 itaque
1366 1246 1616 1316 expletis,
1647 1246 1781 1301 visio

176 1341 413 1411 apostoli
442 1338 743 1394 assistentis
772 1346 827 1393 et
869 1337 1227 1407 colloquentis
1274 1337 1324 1393 ei
1355 1338 1531 1391 ablata
1562 1346 1666 1392 est.
1710 1337 1783 1393 At

176 1433 269 1490 illa
307 1434 552 1502 protinus
586 1438 792 1487 cuncta:
835 1428 1272 1500 congregationis
1302 1428 1495 1482 accivit
1524 1426 1774 1495 Matrem,

176 1526 348 1595 eique
372 1523 498 1596 quid
527 1522 745 1587 viderit,
769 1520 964 1591 quidve
987 1508 1245 1587 audierit,
1293 1518 1569 1574 indicavit.
1598 1518 1783 1573 Tertio

175 1626 364 1672 autem
396 1614 485 1670 die
512 1628 633 1669 cum
674 1627 737 1669 ea
768 1626 886 1682 qua:
912 1610 1058 1684 jussa
1102 1609 1278 1666 fuerat
1304 1623 1493 1665 sorore
1534 1608 1783 1664 defuncta

176 1718 297 1775 est;
334 1709 425 1763 illa
455 1723 581 1764 vero
608 1721 767 1777 quam
798 1707 912 1774 ipsa
944 1713 1260 1777 poposcerat
1283 1703 1369 1759 die
1396 1712 1478 1758 est
1503 1703 1782 1775 trigesimo

175 1802 494 1869 subsecuta.
528 1800 678 1868 Quod
704 1801 898 1855 factum
929 1812 1070 1853 nunc
1100 1811 1271 1869 usque
1299 1796 1350 1851 in
1379 1794 1569 1851 eodem
1596 1808 1783 1849 mona-

1873 606 1968 661 τῆς·
1994 600 2153 659 αὐτῆς
2175 600 2434 661 ἀσθενείας
2473 601 2670 670 κειμένη
2694 644 2708 668 ,
2746 599 2829 656 τὸν
2873 602 3111 674 μακάριον
3144 602 3330 676 Πέτρον
3379 602 3466 657 τὸν

1876 690 2166 746 ἀπόστολον
2198 691 2247 745 ἐν
2272 693 2413 763 μέσῳ
2445 698 2545 745 τῶν
2582 693 2876 764 ἀμφοτέρων
2914 692 3139 764 λυχνιῶν
3184 690 3471 769 ξαπροσθεν

1874 790 1969 845 τοῦ
1994 785 2256 861 κραϐάτου
2288 787 2447 845 αὐτῆς
2490 784 2691 841 ἑστῶτα
2738 783 3001 840 ἐθεάσατο.
3039 793 3062 821 ε
3106 783 3342 848 Μηδολως
3370 785 3471 843 δει-

1876 875 2110 933 λιάσασα
2135 876 2165 937 ἦ
2189 878 2478 951 φοϐηθεῖσα,
2502 878 2687 951 μᾶλλον
2714 875 2768 932 δέ
2796 880 2849 932 ἐκ
2868 883 2958 932 τοῦ
2988 876 3145 933 πόθου
3174 880 3471 955 παρρησίαν

1878 966 2131 1031 λαϐοῦσα,
2164 967 2527 1042 ἀγαλλιωμένη,
2552 969 2680 1044 πρὸς
2702 968 2855 1023 αὐτὸν
2884 964 3012 1023 εἷπε·
3044 972 3105 1023 Τί
3147 970 3289 1034 ἐστι,
3332 974 3473 1047 κύριέ

1881 1082 2004 1135 μου,
2026 1060 2471 1137 συνεχωρήθησάν
2507 1082 2593 1133 μοι
2616 1060 2667 1115 αί
2707 1060 2957 1134 ἁμαρτίαι
2982 1075 3110 1131 μου;
3143 1062 3272 1135 Πρὸς
3300 1061 3359 1120 ἣν
3383 1064 3476 1116 αύ-

1882 1156 1995 1222 τὸς,
2024 1150 2044 1191 τ
2070 1155 2241 1228 ἀγαθῷ
2279 1156 2540 1230 προσώπῳ
2569 1154 2733 1214 καθώς
2758 1157 2842 1207 καί
2870 1150 3126 1230 ὑπάρχει,
3153 1158 3242 1212 τήν
3265 1153 3478 1226 κεφαλήν

1885 1246 2077 1313 κλίνας,
2126 1243 2309 1307 ἔνευσε
2379 1246 2551 1318 λέγων’
2600 1247 3049 1322 Συνεχωρήθησαν,
3108 1246 3228 1299 ἐλθέ.
3254 1244 3337 1301 "ll
3389 1242 3478 1303 οὖν

1886 1338 2049 1393 Γάλλα
2078 1339 2360 1415 ἱερωτάτην
2382 1340 2495 1393 τινά
2527 1345 2553 1383 Β
2584 1337 2778 1396 θηλείαν
2806 1338 2854 1391 ἐν
2877 1344 2948 1410 τῷ
2975 1340 3127 1407 αύτῷ
3154 1340 3480 1415 μοναστηρίῳ

1888 1428 2021 1508 ὑπὲρ
2051 1435 2145 1492 τὰς
2172 1433 2352 1492 λοιπάς
2380 1432 2659 1506 ἀγαπῶσα,
2702 1434 3011 1505 προσέθετο,
3043 1433 3280 1505 λέγουσα·
3312 1440 3480 1511 Παρα-

1888 1524 2023 1577 καλῶ
2046 1524 2131 1578 ἵνα
2172 1526 2202 1582 ἦ
2246 1522 2429 1595 ἀδελφὴ
2458 1522 2719 1579 Βενέδικτα
2746 1525 2855 1596 μετ’
2888 1526 3010 1595 ἐμοῦ
3056 1523 3198 1596 ἔλθῃ.
3246 1529 3397 1588 Αὐτὸς
3431 1528 3484 1584 δέ

1889 1615 2020 1697 πρὸς
2048 1616 2200 1673 αὐτὴν
2229 1615 2495 1693 ἀπεκρίθη,
2525 1615 2699 1689 λέγων’
2727 1618 2884 1689 Ούχί,
2915 1615 3022 1670 ἀλλ’
3043 1619 3073 1674 ἡ
3105 1615 3264 1684 δεῖνα,
3296 1621 3486 1694 ἀρτίως

1890 1700 2014 1780 ἶλθῃ
2045 1708 2176 1776 μετά
2205 1726 2322 1761 σου.
2372 1706 2507 1765 Λύτη
2559 1704 2613 1761 δέ
2657 1706 2717 1765 ἣν
2768 1710 2957 1773 αἰτεῖς,
3005 1708 3137 1778 μετά
3176 1694 3485 1786 τριακοστῆν

1895 1798 2085 1874 ἡμέραν
2125 1797 2447 1856 ἀκολουθήσει
2496 1819 2602 1853 σοι.
2657 1798 2860 1853 Τούτων
2909 1800 3079 1854 τοίνυν
3124 1799 3406 1874 ῥηθέντων,
3454 1806 3487 1864 ἡ

175 1894 355 1952 sterio
385 1900 567 1947 manet
596 1891 756 1964 393
782 1888 1157 1957 memorabile,
1182 1888 1366 1958 sicque
1390 1886 1493 1941 hoc
1519 1901 1548 1940 a
1580 1901 1784 1954 praece-

1896 1886 2081 1965 ὅρασις
2121 1895 2212 1944 τοῦ
2243 1889 2531 1945 ἀποστόλου
2574 1896 2665 1944 τοῦ
2696 1898 3036 1965 παρεστῶτος
3073 1896 3151 1945 καί
3185 1896 3488 1966 συντυγχά-

175 1984 443 2041 dentibus
484 1981 512 2021 δ
568 1982 826 2037 Matribus
877 1979 1131 2035 traditum
1182 1993 1403 2034 narrare
1458 1977 1568 2032 illic
1610 1977 1786 2032 solent

175 2077 455 2149 subtiliter
506 2076 748 2144 iuniores
801 2090 920 2145 quae
975 2088 1119 2129 nunc
1173 2084 1298 2129 sunt
1346 2072 1785 2129 sanctimoniales

175 2170 444 2241 virgines,
473 2184 536 2224 ac
557 2171 600 2224 si
625 2170 719 2225 illo
742 2169 797 2224 in
827 2178 1070 2243 tempore
1093 2168 1220 2224 huic
1248 2177 1355 2223 tam
1384 2166 1576 2240 grandi
1609 2165 1780 2221 mira-

173 2264 297 2321 culo
325 2271 383 2317 et
414 2261 548 2331 ipsa:
571 2261 893 2317 adfuissent.
1398 2244 1401 2249 ’

1891 2000 2063 2039 νοντος
2117 1981 2246 2055 αὐτῇ
2292 1978 2443 2054 ἤρθη.
2471 1977 2664 2038 Ἐκείνη
2712 1978 2768 2034 δέ
2811 1984 2986 2043 εὐθέως
3030 1987 3122 2040 τήν
3175 1985 3368 2059 μητέρα
3398 1993 3490 2044 τῆς

1892 2074 2131 2131 συνοδίας
2166 2071 2624 2146 προσκαλεσαμένη
2666 2071 2869 2128 ἅπαντα
2898 2073 3025 2149 αύτῇ
3068 2071 3199 2151 άπερ
3248 2076 3491 2133 ἐθεάσατο

1890 2167 1974 2219 καί
1996 2166 2209 2220 ἀκήκοεν
2239 2165 2477 2237 ἐμήνυσε.
2509 2172 2580 2237 Τῇ
2606 2162 2661 2219 δὲ
2686 2166 2833 2240 τρίτῃ
2865 2166 3031 2241 ἡμέρᾳ
3066 2162 3175 2236 ἅμα
3214 2176 3275 2240 τῇ
3308 2164 3491 2241 ἀδελφῇ

1893 2253 1922 2293 ιι
2010 2255 2275 2313 ἐκελεύσθη
2305 2256 2435 2329 πρὸς
2460 2257 2629 2331 κύριον
2660 2255 2984 2329 ἐξεδήμησεν.
3027 2262 3200 2316 Εκεὶνη
3240 2256 3291 2311 δέ
3330 2260 3491 2335 ἤνπερ

173 2359 305 2418 αύτή
339 2359 590 2429 ᾐτήσατο,
621 2360 985 2430 τῇτριακοστῇ
1020 2349 1231 2428 ίὴμέρᾳ
1256 2353 1315 2407 τὸ
1352 2358 1445 2405 τοῦ
1486 2350 1602 2423 βίου
1647 2350 1789 2409 τέλος
1826 2345 2049 2412 ἐδέξατο.
2081 2353 2242 2402 Τοῦτο
2283 2346 2336 2401 δὲ
2383 2347 2433 2404 έν
2480 2357 2552 2423 τῷ
2584 2350 2721 2420 αύτῷ
2761 2351 3082 2426 μοναστηρίῳ
3122 2351 3359 2427 πραχθέν
3402 2352 3494 2425 μέ·-

170 2471 272 2529 ”:
314 2456 533 2508 τοῦινῦν
768 2446 1197 2518 μνημονευόμενον
1226 2442 1465 2514 διαμένει.
1496 2443 1634 2519 Παρά
1670 2443 1768 2517 γάρ
1807 2447 1907 2496 τῶν
1928 2436 2347 2513 προοδευκουσῶν
2378 2436 2503 2509 (sic)
2537 2441 2767 2515 μητέρων
2795 2428 3297 2518 ἐκεῖσε-παραδοθίν,
3328 2441 3491 2504 οὕτως

176 2546 263 2599 ἕπί
306 2546 506 2599 λεπτοῦ
550 2541 839 2614 διηγοῦνται
886 2540 1341 2594 αὐτόθιοοὶκοῦσαι
1384 2536 1603 2597 νεάνιδες
1659 2539 1791 2612 ἱεραί
1826 2535 2069 2612 παρθένοι
2109 2532 2491 2608 ὑπάρχουσαι,
2540 2534 2608 2593 ὡς
2650 2529 2733 2588 ὅτι
2771 2531 2821 2586 ἐν
2860 2534 3028 2604 ἐκείνῳ
3066 2542 3141 2610 τῷ
3167 2543 3329 2610 καιρῶ
3356 2556 3495 2616 παρ-

172 2642 332 2694 οὖσαι
358 2637 420 2692 τὸ
447 2641 646 2692 τοιοῦτο
675 2634 913 2707 μέγιστον
952 2632 1131 2702 θαῦμα·
1157 2630 1453 2685 ἐθεάσαντο.

787 2722 1015 2780 CAPUT
1039 2720 1179 2777 XIV.

553 2818 633 2875 De
660 2819 882 2873 transitu
910 2816 1115 2874 Servuli
1136 2814 1433 2887 paralytici.

245 2910 370 2969 Sed
400 2911 542 2967 inter
568 2910 684 2966 hzec
729 2910 1010 2967 sciendum
1056 2918 1140 2965 est
1166 2908 1291 2980 quia
1326 2921 1473 2977 saepe
1501 2901 1784 2959 animabus

171 3001 513 3060 exeuntibus
533 3000 846 3065 electorum,
870 3009 893 3039 ο
918 2998 1150 3055 dulcedo
1177 2982 1316 3053 solet
1340 2996 1514 3051 laudis
1545 2994 1786 3050 caelestis

170 3107 505 3162 erumpere,
534 3099 593 3145 ut
622 3092 746 3147 dum
768 3092 915 3147 illam
941 3091 1170 3146 libenter
1196 3088 1441 3155 audiunt,
1474 3086 1787 3142 dissolutio--

167 3199 309 3241 nem
358 3182 538 3238 carnis
565 3183 632 3237 ab
653 3183 824 3237 anima
875 3182 1080 3238 sentire
1128 3180 1349 3235 minime
1380 3179 1787 3250 permittantur.

168 3268 416 3339 Undein
440 3278 684 3333 Homiliis
712 3292 923 3349 quoque
955 3275 1228 3347 Evangelii
1266 3275 1377 3344 jam
1404 3287 1657 3329 narrasse
1695 3285 1781 3326 me

170 3372 411 3432 memini
445 3372 669 3445 (Homil.
694 3372 786 3441 15)
815 3371 955 3442 quod
981 3371 1032 3425 in
1063 3385 1125 3425 ea
1164 3369 1374 3440 porticu
1397 3385 1514 3439 qua:
1536 3368 1790 3424 euntibus

172 3470 243 3523 ad
276 3467 575 3522 ecclesiam
606 3466 751 3522 beati
781 3465 1074 3521 Clementis
1122 3471 1207 3519 est
1234 3462 1417 3534 pervia
1442 3503 1459 3530 ,
1519 3462 1616 3516 fuit
1662 3462 1787 3532 qui-

2516 2716 2730 2767 KE<l>AA.
2772 2720 2837 2767 IE
2852 2752 2865 2764 .

2044 2806 2163 2880 Περί
2188 2811 2282 2865 τῆς
2308 2803 2622 2864 τελειῶσεως
2651 2803 2933 2878 Σερϐούλου
2962 2804 3330 2879 παραλυτικοῧ.

1967 2898 2057 2952 Καὶ
2095 2902 2248 2953 τοῦτο
2295 2894 2350 2951 δέ
2392 2900 2643 2972 γνώριμον
2670 2904 2887 2955 ποιῆσαι
2931 2897 3199 2972 ἀναγκαῖον
3235 2899 3500 2977 ὑπάρχει,

1897 2984 1981 3043 ὅτι
2001 2988 2237 3048 πολλάκις
2269 2994 2372 3041 τῶν
2396 2986 2588 3059 ψυχῶν
2618 3009 2718 3043 των
2746 2988 2986 3044 ἐκλεκτῶν
3014 2990 3356 3063 ἐξερχομένων
3385 2994 3399 3042 1
3448 2996 3503 3050 ἐκ

1894 3085 1986 3136 τοῦ
2017 3083 2277 3144 σώματος,
2306 3073 2443 3140 αἶνος
2495 3080 2544 3132 ἐν
2586 3086 2701 3139 τοῖς
2722 3080 2958 3155 οὐρανοῖς
2984 3082 3307 3147 ἐπιτελεῖται,
3336 3084 3423 3138 ἵνα
3450 3088 3502 3140 ἑν

1899 3170 2011 3243 ὅσῳ
2058 3175 2241 3228 τούτου
2289 3170 2445 3233 ἡδέως
2493 3172 2547 3226 αἱ
2586 3171 2763 3242 ψυχαί
2802 3175 3165 3247 έπακροῶνται,
3194 3181 3283 3235 τήν
3310 3178 3363 3230 ἐκ
3406 3188 3498 3239 τῆς

1897 3266 2085 3340 σαρκὸς
2120 3262 2351 3319 διάλυσιν
2379 3269 2450 3335 μή
2492 3259 2773 3319 αἴσθωνται
2822 3271 2933 3324 πῶς
2961 3264 3318 3335 ὑπομένουσιν.
3350 3265 3495 3323 Ὀθεν

1892 3357 2013 3430 περί
2054 3356 2243 3409 τούτου
2291 3357 2373 3407 καί
2411 3355 2462 3407 ἐν
2490 3359 2609 3413 ταῖς
2640 3351 2851 3420 ὁμιλίαις
2886 3363 2995 3409 τοῦ.
3008 3356 3291 3430 εὐαγγελίου
3321 3357 3498 3433 διηγή-

1894 3457 2089 3510 σασθαι
2117 3456 2395 3527 μέμνημαι.
2423 3452 2500 3508 Ἐν
2525 3455 2626 3530 γάρ
2650 3462 2723 3524 τῷ
2751 3452 2777 3491 ¹ί
2805 3454 2996 3527 ἐμϐόλῳ
3043 3464 3114 3527 τῷ
3145 3459 3492 3535 ἀπερχομένῳ

174 3562 330 3629 dam,
362 3556 393 3598 ἀ
428 3559 689 3617 Servulus
714 3560 949 3625 nomine,
981 3558 1135 3631 Cujus
1164 3567 1218 3613 te
1249 3572 1461 3635 quoque
1484 3571 1592 3612 non
1617 3558 1786 3612 ambi-

1896 3556 1948 3610 ἐν
1974 3562 2037 3630 τῇ
2064 3554 2305 3629 ἐκκλησίᾳ
2332 3561 2425 3610 τοῦ
2447 3557 2699 3629 μακαρίου
2728 3555 3001 3625 Κλήμεντος
3030 3558 3243 3634 ὑπῆρχέ
3272 3581 3347 3621 τις
3371 3564 3501 3619 κατὰ

174 3669 246 3727 go
278 3653 634 3721 meminisse,
665 3655 751 3729 qui
781 3654 997 3724 quidem
1018 3667 1232 3733 pauper
1258 3652 1441 3717 rebus,
1468 3652 1560 3706 sed
1583 3652 1791 3706 meritis

175 3746 332 3803 dives
360 3756 506 3815 erat,
535 3762 697 3835 quem
724 3748 880 3818 longa
904 3746 1165 3823 aegritudo
1192 3746 1532 3802 dissolverat.
1565 3743 1702 3798 Nam
1726 3759 1794 3799 ex

175 3853 288 3911 quo
312 3837 477 3892 illum
506 3839 645 3893 scire
676 3839 967 3909 potuimus,
1000 3852 1169 3907 usque
1196 3838 1262 3892 ad
1286 3837 1448 3893 ﬁnem
1478 3838 1601 3893 vitae
1632 3851 1790 3907 para-

184 3928 394 4001 lyticus
422 3926 655 3997 jacebat.
700 3927 839 3997 Quid
879 3928 1053 3983 dicam
1085 3928 1207 3999 quia
1248 3937 1393 3985 stare
1421 3944 1527 3983 non
1561 3936 1789 3999 poterat,

183 4017 286 4092 qui
316 4033 593 4088 nunquam
634 4019 687 4073 in
716 4020 856 4073 lecto
878 4034 1100 4093 surgere
1118 4020 1199 4075 vel
1224 4020 1287 4073 ad
1321 4019 1615 4075 sedendum
1650 4020 1792 4074 vale-

173 4114 303 4181 bat,
341 4127 611 4181 nunquam
638 4126 859 4167 manum
880 4126 1035 4166 suam
1066 4110 1131 4165 ad
1159 4126 1221 4166 os
1246 4110 1466 4178 ducere,
1520 4126 1792 4180 nunquam

181 4222 249 4262 se
281 4204 470 4276 potuit
494 4204 559 4260 ad
598 4204 737 4259 latus
766 4203 911 4259 aliud
942 4203 1249 4258 declinare?
1298 4202 1430 4257 Huic
1460 4201 1525 4256 ad
1559 4202 1799 4258 servien-

175 4295 308 4352 dum
344 4304 527 4351 mater
550 4311 669 4351 cum
695 4293 859 4351 fratre
888 4294 1098 4361 aderat,
1158 4300 1215 4349 et
1238 4295 1496 4365 quidquid
1525 4310 1591 4351 ex
1648 4296 1799 4353 elee-

176 4404 413 4462 mosyna
441 4388 704 4458 pomisset
729 4388 994 4458 accipere,
1031 4386 1134 4443 hoc
1161 4402 1351 4443 eorum
1388 4389 1635 4444 manibus
1665 4404 1799 4459 pau-

178 4483 413 4556 peribus
454 4482 732 4552 erogabat.
780 4481 1128 4552 Nequaquam
1162 4480 1369 4537 litteras
1396 4492 1646 4550 noverat,
1699 4483 1799 4540 sed

182 4576 495 4646 Scriptura:
518 4590 686 4630 sacra:
712 4573 925 4631 sibimet
963 4572 1190 4630 Codices
1216 4583 1446 4642 emerat,
1501 4586 1552 4631 et
1583 4576 1803 4646 religio-

182 4684 271 4726 sos
303 4683 560 4740 quosque
583 4667 636 4722 in
661 4666 1075 4739 hospitalitatem
1102 4667 1428 4737 suscipiens,
1482 4668 1579 4724 hos
1612 4684 1798 4727 coram

180 4778 241 4818 se
270 4762 528 4818 studiose
557 4760 734 4831 legere
759 4758 1013 4815 faciebat.
1067 4760 1397 4831 Factumque
1426 4771 1509 4817 est
1541 4770 1597 4817 ut
1642 4761 1798 4833 juxta

181 4855 411 4909 modum
466 4868 623 4907 suum
668 4853 828 4923 plene
872 4868 1080 4909 sacram
1134 4854 1466 4924 Scripturam
1518 4855 1794 4927 disceret,

1896 3662 1986 3716 τήν
2018 3654 2133 3710 ὁδὸν
2160 3658 2542 3728 κατακείμενος,
2572 3655 2781 3727 ὀνόματι
2799 3658 3097 3731 Σέρϐουλος,
3124 3658 3276 3740 ὅνπερ
3307 3664 3502 3736 ἀγνοεῖν

1898 3779 1956 3813 σε
1980 3760 2032 3811 ού
2052 3758 2332 3830 λογίζομαι.
2367 3755 2530 3820 οὗτος
2552 3753 2661 3827 οὖν,
2694 3762 2739 3815 εἰ
2763 3764 2849 3816 καὶ
2876 3764 3097 3834 πτωχὸς
3122 3773 3234 3826 τοῖς
3259 3770 3504 3843 πράγμα-

1897 3868 1955 3917 σι
1990 3854 2083 3903 τοῦ
2118 3848 2236 3919 βίου
2267 3848 2574 3921 ἐτύγχανεν,
2607 3849 2712 3905 ἀλλ’
2740 3844 2827 3905 οὖν
2852 3859 2962 3914 τοῖς
2999 3851 3313 3928 δικαιώμασε
3340 3860 3499 3914 πλού-

1899 3959 2009 4000 σιος
2038 3940 2305 4014 ὑπῆρχεν.
2336 3931 2534 3995 ’ἑοῦτου
2562 3939 2615 3995 δὲ
2644 3942 2703 3998 τὸ
2755 3950 2909 4012 σῶμα
2951 3947 3295 4022 πολυχρόνιος
3333 3952 3503 4023 ἀρρω-

1903 4035 2025 4103 στία
2053 4030 2361 4106 παρέλυσεν.
2404 4031 2485 4096 Ἐξ
2525 4029 2582 4085 οὗ
2610 4033 2709 4106 γάρ
2759 4035 2908 4089 αὐτὸν
2955 4044 3137 4109 γνῶναι
3166 4037 3499 4112 ἠδυνήθημεν,

1899 4124 2066 4197 μέχρι
2108 4130 2200 4178 τοῦ
2244 4124 2417 4187 τέλους
2457 4132 2549 4187 τῆς
2580 4128 2711 4191 ζωῆς
2741 4129 2899 4182 αὐτοῦ
2929 4130 3271 4203 παραλυτικὸς
3307 4132 3497 4190 Δέέιειτο.

1902 4215 1964 4266 Τί
1994 4211 2046 4268 δέ
2076 4214 2238 4287 λέγως
2270 4214 2523 4275 Παντελῶς
2553 4225 2739 4273 στῆναι
2776 4216 2867 4271 οὐκ
2916 4217 3155 4285 ἠδύνατο,
3199 4221 3316 4279 οὕτε
3364 4227 3412 4279 ἐν
3436 4236 3499 4287 τῆ

1902 4304 2039 4380 κλίνῃ
2067 4301 2225 4360 αὐτοῦ
2256 4327 2381 4361 ποτε
2428 4300 2732 4363 ἀνακαθίσαι
2774 4305 3027 4381 ἴσχυσεν,
3070 4310 3181 4368 ούδέ
3228 4336 3353 4370 ποτε
3406 4286 3497 4375 τὴν

1904 4406 2064 4474 χεῖρα
2090 4400 2249 4453 αὐτοῦ
2299 4400 2348 4453 ἐν
2393 4407 2466 4474 τῷ
2509 4401 2734 4472 στόματι
2780 4404 3050 4478 άπενέγκαι
3095 4406 3336 4473 ἠδυνήθη,
3382 4408 3494 4464 οὐδέ

1903 4509 2028 4544 ποτε
2076 4490 2256 4546 ἑαυτὸν
2306 4486 2324 4527 1
2370 4493 2442 4551 εἰς
2484 4491 2657 4567 ἑτέραν
2706 4493 2931 4570 πλευράν
2979 4496 3198 4574 στρέψαι
3246 4498 3496 4569 ἴσχυσεν.

1904 4578 2079 4654 Τούτῳ
2130 4579 2184 4637 δέ
2228 4584 2359 4656 πρὸς
2402 4584 2686 4661 ὑπηρεσίαν
2728 4588 2759 4644 ἡ
2801 4591 2971 4656 μήτηρ
3018 4592 3101 4641 καί
3144 4590 3314 4664 ἕτερος
3341 4591 3498 4645 αὐτοῦ

1905 4668 2115 4744 ἀδελφὸς
2135 4678 2476 4748 παρίσταντο.
2509 4673 2618 4731 Εἴτε
2648 4674 2699 4730 δέ
2723 4676 2823 4730 ἀπὸ
2861 4674 3189 4746 έλεημοσύνης
3232 4678 3501 4749 ἐλάμϐανε,

1904 4770 2058 4819 τοῦτο
2109 4766 2257 4821 πάλιν
2301 4764 2387 4822 διὰ
2434 4775 2535 4822 τῶν
2588 4774 2779 4843 χειρῶν
2809 4776 2847 4802 ιη
2879 4769 3041 4822 αὐτοῦ
3101 4776 3207 4829 τοῖς
3254 4780 3502 4842 πτωχοῖς

1907 4854 2147 4914 διεδίδου.
2178 4863 2267 4915 Καὶ
2292 4862 2574 4936 γράμματα
2600 4864 2691 4933 μέν
2720 4857 2952 4929 οὐδαμῶς
2982 4861 3215 4929 ἐγίνωσκε
3239 4904 3253 4928 ,
3283 4862 3498 4936 βιϐλους

180 4960 330 5013 cum,
364 4947 513 5002 sicut
536 4943 668 5013 dixi,
700 4946 906 5000 litteras
939 4942 1178 5000 funditus
1207 4944 1501 5015 ignoraret.
1533 4946 1786 5004 Studebat

1907 4946 1959 5004 δέ
1990 4958 2081 5010 τῆς
2103 4950 2243 5027 ἱερᾶς
2268 4968 2465 5027 γραφῆς
2491 4952 2657 5023 ἐαυτῷ
2682 4950 2921 5026 ἠγόρασε.
2946 4954 3035 5005 καί
3059 4927 3341 5024 δεχόμενος
3361 4958 3492 5034 πρὸς

182 5056 406 5112 semper
437 5041 491 5096 in
520 5038 708 5095 dolore
729 5039 927 5111 gratias
957 5053 1139 5109 agere,
1202 5037 1413 5109 hymnis
1443 5040 1555 5095 Deo
1605 5050 1658 5097 et
1686 5044 1801 5098 lau-

182 5135 345 5194 dibus
379 5132 580 5189 diebus
610 5146 672 5187 ac
698 5132 946 5187 noctibus
975 5146 1187 5186 vacare.
1235 5129 1343 5186 Sed
1366 5146 1486 5187 cum
1510 5132 1624 5202 jam
1657 5144 1797 5191 tem-

256 5258 285 5319 9
324 5246 502 5319 Cujus
529 5245 772 5319 meminit
790 5244 1079 5319 Martyrol.
1106 5245 1263 5319 Rom.
1289 5245 1379 5301 die
1407 5244 1439 5296 6
1470 5246 1679 5319 Maii._.

254 5316 287 5358 ι»
323 5315 469 5373 Nota
495 5319 549 5372 in
580 5317 842 5387 Gregorio
887 5315 1091 5371 morem
1125 5315 1443 5372 hodiernum
1485 5318 1795 5386 appellandi

179 5388 658 5453 sanctimoniales,
692 5388 922 5442 maxime
945 5402 1065 5455 quae
1096 5396 1362 5455 provectae
1384 5387 1495 5457 jam
1520 5397 1645 5443 sunt
1666 5399 1789 5445 zela-

181 5465 277 5528 tis,
304 5471 524 5531 matres.
549 5459 605 5531 ln
630 5460 730 5531 bis
756 5457 982 5531 dialogis
1014 5459 1220 5531 saepius
1236 5459 1462 5531 legimus
1494 5460 1789 5531 monachos

182 5534 425 5589 Patrum
448 5530 601 5584 titulo
626 5529 928 5600 insignitas,
956 5530 1189 5585 maxime
1210 5529 1306 5585 lib.
1323 5546 1381 5595 ll,
1405 5529 1547 5598 quod
1564 5531 1621 5585 in
1646 5534 1790 5587 notis

181 5606 253 5661 ad
287 5602 558 5671 epistolas
587 5601 872 5671 aliquando
897 5600 1216 5657 illustraturi
1243 5616 1449 5656 sumus.

287 5622 320 5660 e
368 5621 558 5657 ιδιοιθδ
587 5621 872 5671 auquanuo
897 5621 1216 5657 lllllSll'alUl'l
1243 5621 1449 5656 sumus.

260 5688 287 5717 ε
319 5621 406 5731 fta
442 5673 570 5728 Mss.
601 5686 812 5739 omnes,
836 5673 938 5728 etsi
962 5674 1201 5742 legamus
1232 5672 1285 5727 in
1309 5671 1565 5741 Excusis,
1613 5672 1787 5729 dulces

182 5748 360 5805 solent
386 5745 569 5799 laudes
589 5744 810 5816 argestes
832 5760 1111 5816 erumpere,
1138 5752 1192 5797 ut
1216 5745 1341 5797 dum
1371 5744 1513 5797 illas.

257 5821 285 5856 ά
315 5817 527 5872 Eadem
555 5816 620 5870 de
644 5813 873 5871 Servum
892 5813 1277 5885 compendiose
1303 5817 1553 5886 leguntur
1575 5816 1630 5873 in
1652 5815 1793 5873 Mar-

187 5889 445 5963 tyrolog.
477 5887 662 5957 Rom.,
689 5887 778 5944 die
795 5888 868 5945 25
890 5886 1225 5945 Decembris.

1903 5046 2174 5117 παροικίαν
2206 5045 2435 5106 εὐλαϐεῖς
2462 5064 2599 5104 τινας
2629 5042 2837 5118 ἄνδρας,
2886 5044 3103 5104 τούτους
3147 5048 3358 5105 ἐνώπιον
3391 5056 3492 5105 αὐ-

1903 5144 1998 5193 τοῦ
2026 5140 2387 5213 πεπονημένως
2414 5140 2694 5211 ἀναγνῶναι
2715 5138 2892 5193 ἐποίει.
2913 5139 3093 5212 Γέγονε
3122 5137 3176 5196 δὲ
3207 5142 3340 5199 ὥστε
3368 5146 3498 5205 κατά

1983 5262 2006 5323 ἦ
2031 5253 2150 5318 Ms.,
2182 5251 2298 5323 μηδ’
2325 5250 2475 5313 ὅλως.

1981 5320 2002 5361 τ
2031 5328 2152 5399 bis,
2180 5320 2357 5399 Eloque").

1978 5404 2003 5469 ξς
2034 5396 2154 5469 με.
2185 5396 2449 5469 «areae-

1978 5463 2003 5542 ξι
2030 5467 2154 5542 liis,
2240 5463 2535 5542 ἐκελεύσθη.

1978 5538 1990 5612 ξ
2025 5538 2149 5612 .'_\l_s.,
2181 5538 2345 5612 ἡμέρᾳ
2376 5540 2477 5592 ἀπὸ
2507 5542 2598 5612 τοῦ
2629 5538 2762 5610 βίου.

2030 5608 2153 5675 Ms.,
2187 5611 2241 5663 ἐκ
2263 5608 2360 5664 τῶν
2383 5608 2660 5678 σωμάτων.

1970 5675 1997 5751 ιξ
2022 5678 2142 5746 Μερ,
2177 5680 2429 5751 ἔμϐούλῳ.

1979 5748 1995 5788 Ῑ
2031 5751 2151 5830 Ms,
2184 5748 2257 5830 εἰς
2276 5748 2443 5829 ἕτερον
2471 5756 2650 5830 μέρος.

1974 5832 2013 5859 ω
2043 5823 2163 5888 MS”
2194 5823 2376 5880 αὐτῶνξ

2317 6066 2345 6078 ο
