3928 6342
205 216 389 275 ιὲϐθ
932 213 1414 274 EPISTOLARUM
1452 213 1579 270 LIB.
1620 210 1757 268 XIII.
1796 236 1868 251 -
1901 207 2147 265 lNDlC'l‘.
2189 207 2277 265 Vl.
2319 240 2387 251 —
2427 211 2640 271 EPIST.
2681 213 2795 269 XV.
3358 214 3495 272 1270

202 330 456 386 directa
477 328 669 385 relatio
688 328 937 399 patefecit
960 329 1135 400 (Grut.
1153 370 1170 397 ,
1191 330 1312 384 dist.
1344 332 1433 397 6t,
1458 346 1506 384 ο.
1531 327 1646 399 16).
1687 328 1828 396 Qua-
1851 330 1907 392 Α
1929 327 2221 396 eodemque
2248 341 2512 383 consensu
2539 329 2697 386 talem
2724 331 2873 387 vobis
2901 330 3289 399 praeﬁciendum
3330 346 3491 400 expe-

212 431 473 492 propter
508 421 834 476 visitationis
873 421 1147 478 destitute
1202 421 1455 477 Ecclesiae
1507 420 1827 481 fraternitati
1932 428 2045 474 tere
2072 419 2423 485 sacerdotem,
2454 419 2544 489 qui
2566 429 2667 475 eta
2695 421 3010 477 venerandis
3036 418 3324 477 canonibus
3352 423 3491 477 nulla

220 522 354 568 utre
378 527 602 581 Operam
640 511 954 568 solemniter
979 512 1307 582 delegamus,
1339 528 1495 582 quam
1525 515 1594 567 ita
1624 521 1678 568 te
1700 527 1827 568 con-
1928 512 2191 582 discrepet
2221 513 2448 577 ratione,
2480 521 2533 567 et
2582 522 2731 569 tanto
2780 515 3077 571 ministerio
3108 516 3295 585 dignus
3326 519 3496 571 valeat

222 588 395 660 v3nit
420 603 777 670 exbiberemt
804 603 935 659 nihil
956 605 1021 659 de
1044 606 1470 673 provectionibus
1484 606 1824 672 clericorum,
1922 596 2170 673 ‘reperiri.
2196 604 2296 673 Qui
2317 605 2441 660 dum
2472 604 2635 661 fuerit
2665 606 2979 675 postulatus,
3011 621 3133 663 cum
3163 609 3496 666 solemnitate

206 690 425 753 «reditu
453 739 466 763 ,
513 706 739 763 ornatu,
776 698 1214 767 ministeriisque,
1254 699 1339 753 vel
1388 699 1639 769 quidquid
1694 700 1827 755 illud
1926 695 2129 751 decreti
2174 697 2410 752 omnium
2440 696 2915 767 subscriptionibus
2946 698 3199 765 roborati,
3228 709 3280 754 et
3309 700 3491 754 visita-

225 797 328 843 εει
375 789 429 841 in
477 788 800 857 patrimonio
826 788 1088 857 ejusdem,
1119 804 1151 844 ι
1179 804 1445 860 quoquam
1474 802 1829 860 praesumetur
1928 784 2058 842 toris
2090 787 2279 858 pagina
2313 796 2692 857 prosequente,
2716 788 2781 842 ad
2809 802 2905 843 nos
2934 787 3107 843 veniat
3128 788 3449 843 ordinandus
3476 805 3490 846 :

232 876 528 934 Ecclesiae.
561 880 627 933 Et
655 878 775 934 ideo
823 878 1039 934 dilectio
1067 888 1155 935 tua
1185 881 1250 934 ad
1293 881 1598 950 praedictam
1641 882 1826 939 Eccle-

235 972 385 1025 siam
422 972 499 1027 ire
522 972 847 1043 properabit,
870 983 926 1029 et
954 973 1184 1029 assiduis
1224 975 1683 1031 adhortationibus
1711 976 1824 1031 cle-

236 1076 366 1114 rum
395 1061 709 1131 plebemque
732 1062 971 1131 ejusdem
1004 1065 1255 1121 Ecclesiat
1276 1066 1565 1121 admonere
1589 1066 1821 1133 festinet,

238 1160 327 1217 ut,
358 1160 563 1207 remoto
610 1152 810 1220 studio,
842 1170 947 1210 uno
996 1155 1290 1226 eodemque
1343 1172 1609 1214 consensu
1658 1158 1820 1213 talem

239 1243 353 1299 sibi
391 1244 791 1313 praeﬁciendum
820 1256 1077 1316 expetant
1101 1249 1456 1316 sacerdotem,
1484 1250 1573 1318 qui
1602 1257 1655 1304 et
1677 1258 1823 1303 tanto

228 1337 544 1393 ministerio
573 1338 764 1409 dignus
792 1340 967 1395 valeat
1014 1340 1275 1409 reperiri,
1333 1348 1457 1423 et‘a
1506 1338 1824 1395 venerandis

246 1429 546 1484 canonibus
602 1429 906 1485 nullatenus
961 1438 1264 1500 respuatur.
1329 1430 1430 1497 Qui
1487 1430 1611 1485 dum
1666 1429 1825 1485 fuerit

250 1518 578 1587 postulatus,
611 1535 730 1575 cum
772 1520 1112 1577 solemnitate
1157 1521 1355 1578 decreti
1408 1522 1644 1577 omnium
1697 1523 1824 1578 sub-

247 1609 623 1687 scriptionibus
668 1612 900 1683 roborati
937 1622 991 1669 et
1017 1611 1318 1670 dilectionis
1368 1623 1469 1669 tum
1512 1615 1821 1671 testimonio

246 1698 541 1755 litterarum
572 1702 635 1757 ad
666 1718 762 1758 nos
792 1706 1082 1761 sacrandus
1111 1716 1373 1763 occurrat.
1402 1706 1814 1765 Commorientes
1847 1715 1896 1775 Β

250 1793 409 1847 etiam
462 1791 848 1850 fraternitatem
880 1804 1026 1851 tuam
1058 1807 1112 1852 ut
1157 1799 1357 1853 nullum
1389 1799 1455 1853 de
1500 1799 1664 1854 altera
1697 1800 1820 1871 eligi

248 1883 523 1950 permittas
544 1883 801 1952 Ecclesia,
832 1884 930 1939 nisi
960 1884 1097 1942 forte
1126 1887 1263 1943 inter
1288 1887 1514 1943 clericos
1537 1889 1704 1958 ipsius
1731 1891 1822 1944 ci-

247 1979 447 2045 vitatis,
480 1980 530 2034 in
558 1995 661 2051 qua
691 1982 1009 2037 visitationis
1057 1974 1321 2052 impendis
1352 1985 1608 2050 ofﬁcium,
1646 1985 1821 2041 nullus

248 2072 320 2125 ad
342 2071 695 2141 episcopatum
726 2073 934 2144 dignus,
966 2075 1106 2145 quod
1130 2077 1346 2132 evenire
1391 2091 1495 2131 non
1528 2077 1814 2145 credimus,

250 2162 482 2233 potuerit
513 2162 764 2227 inveniri;
801 2164 1107 2232 provisurus
1137 2176 1261 2221 ante
1288 2168 1465 2222 omnia
1508 2183 1574 2223 ne
1611 2168 1676 2222 ad
1720 2168 1823 2224 hoc

248 2253 535 2323 cujuslibet
564 2258 981 2313 conversationis
1009 2257 1093 2313 vel
1123 2260 1297 2314 meriti
1328 2259 1514 2314 laicam
1540 2277 1821 2331 personam

251 2344 491 2411 aspirare
522 2346 815 2413 permittas,
862 2361 929 2401 ne
970 2356 1023 2401 et
1059 2356 1282 2403 conatus
1330 2363 1514 2404 eorum
1568 2350 1825 2406 habeatur

253 2433 516 2503 inefﬁcax,
546 2447 599 2491 et
622 2436 675 2491 in
700 2437 996 2509 periculum
1020 2439 1225 2495 ordinis
1249 2440 1348 2507 tui,
1380 2440 1520 2511 quod
1552 2440 1708 2507 absit,
1742 2443 1825 2497 in-

252 2538 461 2580 curras.
489 2525 515 2565 δ
546 2527 864 2585 Monasteria
886 2539 1063 2586 autem
1089 2572 1104 2597 ,
1160 2533 1206 2588 si
1253 2547 1358 2602 qua
1397 2544 1521 2587 sunt
1560 2533 1612 2588 in
1660 2534 1825 2603 ipsius

249 2618 541 2673 constituta
582 2622 868 2690 parochia,
894 2623 992 2679 sub
1036 2632 1120 2678 tua
1168 2640 1294 2680 cura
1349 2625 1821 2698 diSpositioneque,

250 2723 524 2780 quousque
556 2710 662 2768 illic
711 2713 959 2785 proprius
1006 2714 1166 2773 fuerit
1201 2716 1474 2775 ordinatus
1519 2719 1824 2792 episcopus,

251 2812 376 2856 esse
401 2803 759 2861 concedimus.

750 2925 777 2954 ⁸
806 2916 1135 2975 EPISTULA
1169 2920 1307 2977 XIV.

764 3026 834 3066 an
866 3012 1289 3069 ranonutnnos'.

472 3098 702 3155 Barbara
737 3102 971 3171 episcOpo
1014 3103 1261 3157 uisitatori
1305 3103 1563 3159 obedient.

331 3187 613 3262 Gregorius
648 3192 792 3249 clero
814 3230 830 3258 ,
870 3192 1046 3249 ordini
1075 3202 1129 3251 et
1170 3194 1313 3265 plebi
1360 3197 1682 3254 consistenti
1717 3200 1823 3255 Pa-

257 3296 446 3339 ιιοτωι.

339 3376 505 3431 Vestri
535 3371 1035 3437 antistitis'obitum
1063 3391 1466 3451 cognoscentes,
1510 3399 1650 3439 cura:
1679 3385 1829 3441 nobis

260 3468 358 3523 fuit
406 3471 673 3528 destitutae
731 3472 983 3528 Ecclesiae
1021 3474 1388 3530 visitationem
1445 3475 1591 3530 fratri
1636 3485 1690 3531 et
1738 3492 1832 3532 co—

258 3559 503 3629 episcopo
524 3571 705 3616 nostro
728 3561 961 3618 Barbaro
988 3564 1297 3620 solemniter
1318 3564 1582 3635 delegare.
1615 3569 1826 3639 1228

264 3647 362 3705 Cui
386 3650 624 3708 dedimus
661 3652 715 3708 in
756 3654 1019 3712 mandatis
1048 3664 1109 3711 ut
1132 3656 1265 3711 nihil
1295 3657 1824 3727 deprovectionibus

262 3742 607 3815 clericorum,
656 3748 852 3818 reditu,
909 3759 1102 3805 ornatu
1145 3750 1589 3820 ministeriisque,
1625 3765 1655 3806 a
1699 3766 1829 3821 quo-

261 3853 413 3910 quam
445 3841 686 3911 usurpari
732 3841 977 3911 patiatur.
1027 3841 1189 3912 Cujus
1218 3859 1313 3900 vos
1360 3842 1581 3898 assiduis
1632 3844 1827 3899 adhor-

263 3932 544 3989 tationibus
570 3935 816 3990 convenit
839 3933 1078 4001 obedire,
1104 3945 1180 4003 et,
1203 3944 1410 3992 remoto
1438 3937 1685 4007 strepitu,
1718 3951 1826 4003 uno

332 4092 639 4168 Erts'r._Xlll
667 4093 787 4168 [4].
824 4092 930 4167 16].
966 4124 1034 4135 -
1064 4102 1090 4131 λ
1117 4094 1178 4168 ln_
1200 4095 1579 4168 recentioribus
1609 4093 1706 4149 Ed.
1743 4094 1821 4151 le-

264 4164 399 4235 gitur
438 4164 686 4235 gpiscopo‘
718 4164 1089 4219 Beneventano.
1151 4165 1484 4220 Prtetulimus
1539 4166 1821 4221 lectionem

266 4234 368 4292 vet.
433 4234 790 4302 Excusorum,
841 4238 981 4303 quod
1018 4238 1257 4290 ﬁrmetur
1302 4237 1616 4290 auctoritate
1674 4237 1819 4293 iibe-

1930 876 2195 946 provisuri
2238 884 2365 932 ante
2416 877 2592 931 omnia
2625 893 2689 932 ne
2719 877 2999 947 cujuslibet
3042 878 3165 933 vita:
3194 878 3274 933 vel
3324 878 3496 933 meriti

1915 966 2114 1023 laicam
2148 982 2430 1034 personam
2464 970 2795 1037 praesumatis
2824 970 3018 1039 eligere
3039 1010 3054 1037 ,
3087 978 3137 1024 et
3169 984 3273 1025 non
3320 971 3491 1024 solum

1926 1056 2015 1111 ille
2069 1057 2134 1113 ad
2182 1058 2522 1128 episcopatus
2572 1060 2776 1128 apicem
2834 1060 2976 1115 nulla
3028 1061 3233 1116 ratione
3284 1076 3496 1131 promo-

1926 1161 2127 1212 veatur,
2177 1164 2357 1204 verum
2391 1149 2549 1205 etiam
2582 1166 2677 1205 vos
2709 1151 2866 1206 nullis
2894 1149 3365 1207 intercessionibus
3405 1167 3495 1207 ve-

1925 1240 2066 1294 niam
2094 1241 2385 1309 promereri
2413 1256 2567 1311 posse
2596 1245 2921 1313 cognoscite,
2953 1244 3045 1300 sed
3073 1253 3125 1299 et
3150 1258 3336 1299 omnes
3364 1259 3495 1314 quos

1924 1346 1989 1386 ex
2015 1333 2165 1387 vobis
2196 1332 2262 1387 de
2292 1333 2427 1387 laica
2481 1348 2709 1401 persona
2739 1334 3003 1405 aSpirasse
3033 1334 3332 1391 constiterit
3357 1376 3374 1402 ,
3429 1334 3496 1389 ab

1924 1420 2099 1476 ofﬁcio
2144 1431 2197 1477 et
2244 1436 2274 1475 a
2323 1422 2697 1480 communione
2732 1424 2937 1481 alienos
2983 1423 3257 1481 faciendos
3306 1424 3490 1496 procul
3520 1472 3533 1481 ,

1924 1512 2086 1569 dubio
2114 1514 2388 1570 noveritis.

2453 1626 2787 1686 EPISTULA
2830 1627 2949 1685 XV.

2178 1736 2245 1775 AD
2284 1734 2585 1777 VENANTIUI
2624 1734 2909 1775 PATRICIU!
2951 1732 3234 1775 PANOBIIT.

1927 1811 2167 1869 Urbicum
2218 1814 2444 1867 abbatem
2474 1814 2687 1867 electum
2729 1816 2905 1885 merito
2952 1814 3005 1868 in
3051 1814 3368 1885 episcopum,
3405 1815 3495 1870 sed

1994 1885 2323 1937 reluctantem
2349 1901 2448 1937 non
2471 1884 2763 1953 cogendum.
2804 1884 3079 1939 Cresrentis
3109 1885 3309 1937 diaconi
3352 1901 3494 1938 scru-

1994 1956 2174 2007 tandos
2205 1971 2385 2007 mores.
2420 1954 2480 2008 Si
2508 1970 2662 2024 neque
2692 1958 2743 2007 in
2769 1956 2882 2021 hoc,
2906 1969 3063 2025 neque
3079 1955 3132 2009 in
3158 1956 3260 2009 alio
3283 1971 3495 2010 consen-

1995 2026 2142 2088 tiant,
2180 2026 2447 2079 mittendos
2478 2025 2691 2078 Romam
2718 2026 2929 2096 legatos.

1993 2118 2279 2188 Gregorius
2315 2118 2575 2175 Venantio
2596 2121 2817 2189 patricio
2840 2132 2868 2160 σι
2896 2121 3294 2175 Panormitatio.

1996 2210 2337 2265 Excellentim
2368 2220 2562 2265 vestrm
2591 2213 2785 2267 electio
2829 2212 2885 2267 in
2924 2225 3153 2280 persona
3186 2206 3364 2266 Urbici
3404 2207 3500 2263 ab-

1925 2302 2082 2367 batis,
2111 2302 2233 2369 quia
2263 2301 2416 2356 valde
2443 2301 2593 2357 nobis
2615 2303 2830 2370 placuit,
2852 2302 3145 2357 indicamus
3178 2319 3191 2354 :
3221 2302 3495 2369 quoniam,

1924 2395 2063 2450 sicut
2079 2392 2264 2463 judicii
2294 2394 2461 2449 vestri
2498 2394 2821 2451 discretione
2850 2394 3123 2464 oportuit,
3150 2393 3213 2447 ad
3240 2390 3497 2447 Ecclesia:

1922 2484 2364 2555 gubernationem
2429 2483 2599 2538 virum
2669 2482 2934 2553 quaesistis
2979 2482 3280 2552 vigilantem
3341 2489 3501 2550 atque

1924 2575 2233 2643 sollicitum,
2272 2588 2327 2634 et
2374 2578 2402 2618 δ
2456 2579 2650 2635 divinae
2695 2579 2983 2648 Scriptura!
3039 2579 3302 2646 scientia,
3356 2575 3499 2646 quod

1926 2668 2159 2723 maxime
2188 2668 2241 2725 in
2272 2671 2643 2729 sacerdotibus
2671 2671 2973 2744 eligendum
3028 2677 3143 2733 est,
3176 2670 3497 2723 institutum.

1927 2759 2035 2817 Sed
2086 2760 2212 2830 quia
2260 2764 2469 2818 caeteris
2517 2766 2596 2821 sic
2641 2775 2724 2821 est
2772 2763 2958 2837 aliquis
3004 2760 3410 2836 praeponendos,
3444 2768 3501 2819 ut

1926 2850 2054 2907 dum
2090 2851 2207 2921 ipse
2246 2857 2482 2910 exterius
2510 2856 2740 2925 proﬁcit,
2770 2858 2997 2913 interius
3038 2868 3145 2912 non
3198 2857 3494 2918 decrescat,

1926 2942 2161 3011 quietem
2215 2944 2381 3013 ipsius
2448 2947 2661 3002 turbare
2715 2962 2820 3003 nou
2883 2962 3205 3017 possumus,
3257 2961 3325 3002 ne
3371 2960 3493 3000 cum

1926 3048 2049 3088 eum
2076 3034 2141 3088 ad
2172 3033 2359 3090 altiora
2408 3036 2779 3105 producimus,
2813 3039 3074 3093 minorem
3120 3039 3273 3093 illum
3308 3040 3498 3106 ‘seipso

1844 3107 1895 3170 (ἶ
1929 3124 2043 3180 ﬁeri
2082 3126 2305 3181 missum
2332 3127 2383 3181 in
2415 3127 2666 3183 fluctibus
2691 3129 3093 3196 compellamus.
3118 3127 3348 3185 Persona
3372 3140 3500 3181 vero

1924 3214 2229 3272 Crescentis
2244 3215 2477 3284 diaconi,
2494 3227 2712 3288 propter
2731 3220 2870 3289 quod
2893 3220 3113 3276 omnino
3140 3220 3293 3276 nobis
3317 3219 3497 3290 ignota

1925 3314 2028 3367 est,
2061 3307 2233 3375 prima
2266 3306 2420 3361 nobis
2458 3324 2583 3363 cura
2613 3309 2711 3364 fuit
2751 3312 3023 3378 requirere
3052 3311 3494 3381 quemadmodum

1928 3396 2317 3451 xenodochium
2349 3395 2433 3450 cui
2479 3397 2765 3466 praefuerat
2796 3399 3169 3467 gubernasset,
3203 3409 3258 3454 ut
3286 3416 3348 3454 ex
3398 3400 3502 3454 mi-

1935 3487 2094 3540 nimis
2132 3486 2304 3554 qualis
2347 3502 2464 3542 esse
2515 3487 2685 3556 possit
2728 3488 2792 3543 in'
2839 3489 3083 3544 maximis
3130 3504 3496 3545 nosceremus.

1929 3575 2035 3632 Sed
2088 3578 2212 3645 quid
2262 3578 2414 3632 nobis
2479 3578 2763 3646 portitores
2820 3579 3145 3648 scriptorum
3192 3589 3496 3635 vestrorum

1929 3667 2341 3735 responderint,
2402 3668 2469 3722 ab
2516 3668 2644 3737 ipsis
2698 3669 3008 3727 addiscetis.
3066 3681 3089 3709 ο
3137 3671 3271 3726 Hinc
3322 3679 3502 3725 autem

1928 3757 2295 3827 presbyterum
2324 3757 2452 3813 dare
2491 3759 2710 3813 omnino
2762 3760 2915 3815 nobis
2953 3759 3267 3816 excellentia
3322 3770 3496 3815 vestra

1931 3844 2063 3900 sciat
2088 3862 2207 3901 esse
2229 3846 2470 3913 difﬁcile,
2500 3849 2620 3917 quia
2641 3849 2667 3884 α
2697 3862 3049 3919 personarum
3077 3865 3178 3907 nos
3205 3849 3500 3906 necessitas

1936 3938 2002 3994 ad
2029 3940 2324 3995 ordinanda
2352 3940 2458 3996 alia
2496 3941 2612 3997 loca
2641 3942 2939 4011 pastoribus
2955 3942 3207 3999 destituta
3236 3956 3343 3997 non
3369 3938 3501 3995 levis

1928 4098 2196 4179 omnibus.
2233 4098 2455 4153 Exstant
2481 4106 2658 4154 tamen
2686 4098 2739 4154 in
2768 4098 2886 4155 aliis
2907 4096 3145 4166 epistolis
3172 4095 3390 4150 omnino
3420 4092 3494 4148 si-

1930 4168 2175 4292 mea?
2211 4237 2327 4293 XIV
2354 4237 2460 4310 [Αι.
2489 4238 2734 4310 19].—7al
2762 4238 3105 4310 Desideratur
3132 4236 3243 4289 ltmc
3271 4232 3497 4301 epistola

268 4308 457 4388 tnensis
481 4348 494 4372 ,
542 4315 765 4388 quatuor
798 4305 1010 4388 V_atic.,
1031 4309 1362 4388 duorumque
1391 4307 1708 4388 Colberuet
1729 4309 1814 4388 _al.
1849 4327 1902 4388 ι)
2012 4311 2213 4388 Anglic.
2245 4320 2307 4388 ei
2341 4305 2527 4364 Norm.
2556 4305 2727 4388 Codd.
2771 4311 2838 4363 At
2961 4307 3205 4388 _Coll_)ert_.
3228 4346 3243 4370 ,
3276 4314 3499 4373 utroque

266 4377 323 4434 ln
372 4391 472 4432 uno
518 4392 580 4431 ex
637 4374 866 4446 Colbert.
894 4420 925 4446 ,ί
962 4374 1292 4431 dissimulato
1336 4379 1569 4446 episcopi
1627 4379 1817 4446 titulo,

267 4455 439 4503 exstat
455 4448 624 4499 solum
642 4444 870 4499 Barbara
894 4445 1115 4500 Carinis.
1129 4444 1432 4501 Carinensis
1449 4450 1571 4500 urbs
1592 4447 1683 4499 fttit
1698 4444 1820 4501 olim

265 4518 577 4589 episcopalis
604 4517 742 4589 apud
776 4518 1001 4589 Brutina,
1027 4528 1133 4571 non
1161 4519 1313 4589 longe
1342 4533 1370 4570 a
1402 4517 1587 4589 Regio.
1622 4518 1820 4589 Existi-

268 4587 371 4644 mat
398 4599 569 4642 autem
602 4587 812 4641 Rochns
842 4588 1039 4656 Ptrrus,
1072 4598 1214 4641 tanto
1264 4588 1323 4650 ll,
1356 4603 1472 4656 pag.
1507 4587 1634 4653 461,
1669 4588 1823 4642 intel-

268 4658 526 4727 ligendum
559 4672 677 4712 esse
703 4657 771 4711 de
805 4658 903 4711 alia
942 4655 1099 4725 hujus
1145 4658 1371 4710 nominis
1396 4658 1526 4711 urbe
1561 4658 1609 4710 in
1642 4659 1823 4713 Sicilia

269 4732 400 4785 haud
448 4731 629 4798 procul
675 4730 973 4794 Panormo,
1034 4742 1099 4781 ex
1151 4727 1314 4780 ruinis
1362 4728 1612 4796 Hyccaris
1643 4730 1823 4798 oppidi

267 4810 581 4864 constructa,
614 4814 769 4867 quam
794 4809 967 4853 tamen
1008 4815 1072 4851 an
1105 4798 1269 4851 ullum
1300 4798 1422 4851 olim
1458 4798 1702 4853 habuerit
1729 4816 1823 4854 an-

269 4875 507 4937 tistitem,
539 4872 796 4924 incertum
826 4870 926 4922 Salii
959 4882 1077 4923 esse
1124 4869 1218 4922 ait.
1267 4867 1374 4922 Cur
1403 4881 1579 4923 autem
1610 4882 1828 4925 sanctus

269 4943 549 5011 Gregorius
576 4948 766 5009 praeter
792 4954 991 4993 rnorem
1040 4950 1131 5011 aut
1163 4940 1534 5011 Beneventano
1563 4950 1653 5011 aut
1680 4941 1828 4995 Cari-

268 5009 415 5069 pensi
454 5014 707 5080 episcopo
750 5022 854 5063 tam
889 5010 1043 5077 longe
1071 5009 1255 5063 dissito
1303 5010 1591 5063 Ecclesiam
1625 5010 1827 5064 Panor-

268 5086 513 5139 mitanam
562 5080 877 5135 visitandam
930 5081 1286 5141 commiserit,
1336 5096 1440 5134 non
1474 5080 1665 5141 video,
1724 5082 1829 5137 nisi

269 5155 399 5210 forte
422 5155 542 5223 quia
574 5154 635 5205 iis
664 5152 715 5204 in
749 5150 876 5223 locis
899 5150 1015 5223 jam,
1054 5150 1174 5223 aliis
1201 5149 1423 5220 negotiis
1464 5150 1829 5223 gerendisde-

271 5221 561 5287 tinebatur;
596 5223 676 5277 vel
719 5222 878 5275 etiam
932 5222 1053 5290 quia
1100 5221 1246 5273 illum
1302 5223 1473 5290 virutn
1516 5221 1828 5275 industrium

269 5305 506 5355 noverat,
533 5301 588 5347 et
615 5292 704 5361 qui
735 5292 868 5345 alias
899 5288 1046 5344 ineo
1076 5304 1294 5343 munere
1324 5288 1572 5361 praeclare
1601 5304 1674 5361 se
1717 5306 1835 5360 ges-

268 5375 426 5431 serat,
459 5375 513 5417 ut
535 5359 654 5417 cum
698 5363 745 5417 ei
782 5362 1069 5431 Ecclesiam
1100 5361 1484 5431 Hortonensem
1515 5359 1828 5431 visitaudam

210 5470 213 5473 λ
268 5429 551 5500 commisit,
583 5436 740 5500 epist.
762 5430 830 5485 59
859 5433 947 5485 lib.
984 5446 1063 5497 nt,
1090 5444 1228 5484 nunc
1253 5429 1312 5484 41
1345 5431 1432 5485 lib.
1460 5444 1534 5495 tv,
1568 5440 1677 5485 etc.
1707 5430 1833 5484 Par-

271 5508 359 5559 tim
377 5523 437 5558 ex
453 5508 715 5561 Gussanv.
760 5530 770 5539 -

343 5576 367 5615 b
392 5577 519 5643 Quae
559 5585 848 5642 sequuntur
876 5586 1041 5639 usque
1068 5570 1132 5643 ad
1156 5571 1319 5643 ﬁnem
1362 5573 1599 5639 epistola:
1639 5572 1832 5627 desunt

276 5649 330 5710 in
356 5642 589 5720 quinque
618 5645 811 5711 Vatic.,
846 5644 1069 5707 Turon.,
1104 5642 1293 5695 liltem.
1317 5680 1331 5705 ,
1361 5644 1592 5707 Lolbert.
1620 5653 1670 5699 et
1700 5658 1832 5711 pene

1925 4380 2235 4443 Rhemensi,
2264 4378 2492 4447 Turon.,
2524 4388 2579 4450 et
2601 4381 2836 4450 quinque
2861 4378 3054 4450 \"artic._,
3079 4376 3286 4450 legitur.

1934 4464 1937 4469 ‘
1969 4450 2174 4522 _EPI§T.
2218 4450 2309 4502 XV
2342 4444 2487 4522 [AL'
2518 4444 2662 4522 μμ
2686 4444 2764 4515 -έ
2787 4458 2810 4485 α
2842 4450 2900 4522 In
2931 4448 3093 4522 \'a_ti_c.
3126 4446 3211 4522 Ρ,
3263 4444 3397 4522 clero
3434 4451 3491 4522 _et

1923 4520 2055 4589 plebi
2089 4508 2486 4572 Panorntiianre.
2518 4520 2571 4573 ln
2600 4508 2826 4589 North"
2858 4515 3086 4572 Patricio
3118 4508 3390 4569 Panormi.
3434 4512 3493 4568 In

1926 4588 2091 4644 tribus
2119 4591 2313 4654 Vatic.,
2347 4590 2571 4643 Patricio
2598 4588 2869 4644 Panormo.

1996 4660 2021 4697 δ
2060 4660 2286 4714 Maxime
2315 4661 2598 4727 requiritur
2628 4660 2678 4711 in
2712 4658 2973 4728 episcopis
2996 4656 3297 4725 evangelica
3323 4654 3498 4708 scien-

1929 4732 2025 4784 tia.
2059 4730 2190 4784 llinc
2219 4730 2350 4784 forte
2381 4730 2742 4797 praescribitur
2786 4730 2839 4782 in
2888 4729 3257 4797 episc0pornm
3310 4739 3502 4797 conse-

1926 4802 2184 4863 cratione,
2211 4811 2266 4853 ut
2296 4802 2394 4853 duo
2424 4805 2641 4868 episcopi
2667 4810 2855 4869 ponant
2896 4796 2941 4851 et
2972 4806 3169 4869 teneam
3200 4796 3501 4869 Evangelioa

1925 4888 2039 4924 rum
2070 4871 2304 4924 Codicem
2328 4865 2480 4939 super
2509 4865 2675 4941 caput
2695 4880 2744 4925 et
2784 4872 3022 4924 cervicem
3069 4868 3178 4937 ejus
3228 4870 3316 4935 qui
3346 4865 3504 4919 crdi-

1928 4952 2105 4996 natur.

2000 5024 2022 5051 ε
2054 5008 2305 5065 Mendose
2332 5008 2384 5079 in
2438 5009 2607 5064 Editis
2626 5053 2641 5077 ,
2674 5010 2812 5064 hunc
2841 5019 3007 5064 autem
3026 5047 3040 5062 .
3065 5047 3077 5061 .
3101 5047 3115 5061 .
3135 5045 3147 5060 .
3172 5044 3191 5079 ,Α
3227 5006 3386 5079 vobis.
3425 5002 3501 5057 Ex

1929 5081 2288 5156 Mss._Norm._
2309 5080 2537 5156 maxime
2566 5097 2803 5156 errorem
2837 5082 2975 5156 hunc
3005 5077 3431 5156 emendavintus.

2001 5148 2027 5187 ἀ
2059 5151 2154 5203 Sat
2184 5150 2354 5211 multi,
2381 5160 2438 5204 ut
2468 5151 2523 5204 ﬁt
2549 5194 2563 5217 ,
2597 5154 2826 5205 honores
2852 5148 3246 5205 ecclesiasticos
3293 5146 3500 5198 ambie-

1928 5222 2075 5295 bant,
2099 5235 2197 5274 nec
2227 5235 2382 5295 prere
2411 5220 2595 5285 modo,
2631 5222 2724 5295 sed
2751 5232 2803 5275 et
2832 5221 2895 5274 ad
2926 5217 3257 5295 eos_pretio__
3282 5228 3495 5295 gratiss-

1929 5292 2139 5365 bant_nr,
2173 5300 2227 5365 ut
2254 5291 2777 5365 docentcomplures
2822 5294 2988 5365 sancti
3018 5288 3259 5365 Gregorii
3292 5288 3492 5365 episto-

1932 5362 2014 5415 lae.
2050 5361 2205 5414 Pauci
2240 5370 2413 5414 tamen
2460 5360 2868 5434 inveniebantur
2908 5360 3051 5434 digni
3082 5360 3168 5428 qui
3199 5359 3251 5411 in
3283 5359 3488 5434 gurgite

1933 5442 2036 5484 tarn
2068 5441 2215 5483 vasto
2247 5439 2509 5483 natarent.
2542 5431 2673 5485 Hinc
2703 5430 3040 5484 sanctissimo
3072 5434 3185 5482 viro
3211 5430 3489 5495 angustia.

1931 5501 2040 5556 Nec
2068 5502 2206 5554 enim
2241 5500 2541 5555 hominibus
2577 5500 2831 5554 beneﬁcia
2862 5500 3139 5566 conferre,
3165 5500 3255 5553 sed
3311 5496 3493 5551 Eccle-

1933 5573 2022 5625 siae
2054 5589 2147 5639 μιν
2180 5571 2421 5624 homines
2448 5570 2657 5623 Volebat
2689 5570 2985 5639 providere.
3035 5570 3172 5637 Lege
3212 5567 3491 5639 epistolam

1938 5643 2055 5706 M8,
2091 5658 2229 5696 nunc
2255 5639 2346 5706 2|,
2374 5642 2542 5697 sancti
2574 5641 2871 5710 Augustini,
2898 5641 2983 5694 ubi
3010 5649 3226 5719 apparet
3262 5645 3495 5711 quantus
