3928 6342
459 250 591 308 1271

1681 231 1927 296 εΑΝοτι
1962 221 2288 287 οιιεςτοωι
2327 218 2546 281 MAGNI

3586 209 3741 265 {an

454 376 723 437 angustat.
782 364 849 419 Et
898 361 1019 417 ideo
1064 358 1189 429 quia
1240 358 1408 414 Deum
1441 354 1629 411 timere
1652 392 1669 419 ,
1698 350 1946 424 [1229
1972 352 2028 403 et
2051 344 2108 407 Δ
2128 339 2288 396 boum
2322 351 2419 407 par
2446 347 2628 437 unum,
2655 329 2684 371 ἀ
2710 338 2953 437 armenta
3194 327 3653 437 afﬂigar:
3666 334 3741 437 ff

452 456 651 512 animm
678 464 872 511 vestra:
910 451 1155 509 novimus
1205 462 1299 504 vos
1343 446 1544 503 habere
1585 452 1907 514 respectum,
1948 452 2030 509 pa-

454 556 611 604 terna
639 546 900 601 cbaritate
928 543 1260 599 salutationis
1286 539 1573 610 alloquium
1621 535 2032 605 promittentes,

454 637 737 695 hortamur
768 646 849 705 ut,
881 638 1016 692 sicut
1045 635 1220 697 decet,
1244 640 1399 689 cauta
1426 629 1774 699 diligentique
1813 623 2032 681 investi-

452 736 671 807 gatione
723 733 947 789 scrutari
995 732 1221 787 interius
1268 730 1336 785 de
1375 728 1502 796 vita,
1537 726 1776 781 moribus
1804 733 2032 791 actuque

454 824 667 895 praelati
692 823 901 879 diaconi
927 821 1187 878 debeatis.
1234 819 1299 876 Et
1326 820 1373 875 si
1393 834 1513 875 eum
1558 816 1625 871 ad
1655 814 1914 869 Ecclesia:
1945 825 2032 868 as-

451 932 679 987 surgere
746 916 983 987 regimen
1034 912 1373 984 agnoscatis,
1423 917 1600 966 vestra
1652 904 2029 962 adhortatione

451 1025 644 1065 omnes
670 1010 722 1064 in
746 1024 813 1065 eo
846 1024 906 1065 se
944 1010 1151 1064 uniant.
1178 1008 1236 1066 Si
1264 1017 1442 1063 autem
1474 1007 1629 1062 aliter
1673 1000 1836 1059 vestri
1867 998 2032 1055 sentit

452 1101 757 1157 sollicitudo
802 1101 1008 1171 judicii,
1040 1110 1095 1158 et
1122 1117 1244 1157 eum
1272 1100 1590 1172 pastoralem
1618 1111 1799 1154 curam
1841 1094 2033 1149 eflica-

454 1192 592 1249 citer
640 1192 1015 1248 administrare
1058 1206 1165 1248 non
1195 1206 1353 1260 posse
1397 1191 1732 1255 considerat,
1765 1185 2029 1257 agendum

451 1294 538 1343 est
559 1301 681 1343 cum
707 1286 956 1342 omnibus
985 1285 1343 1353 concorditer,
1377 1295 1435 1340 ut
1480 1285 1705 1340 alterum
1754 1282 1841 1351 qui
1876 1291 2031 1350 aptus

450 1379 609 1436 visus
630 1376 792 1436 fuerit
820 1379 887 1435 de
931 1378 1169 1435 Ecclesia
1199 1379 1309 1447 ipsa
1342 1378 1544 1448 possint
1582 1377 1810 1447 eligere,
1841 1381 1898 1428 ut
1938 1387 2029 1427 ve-

454 1471 666 1528 nientes
694 1473 759 1525 ad
792 1485 892 1526 nos
950 1480 1056 1526 tam
1101 1471 1355 1526 diaconus
1406 1473 1492 1540 qui
1541 1470 1652 1539 jam
1706 1472 1907 1523 electus
1947 1473 2031 1520 est

452 1576 615 1633 quam
666 1561 825 1617 etiam
857 1562 949 1631 qui
978 1560 1155 1617 adhuc
1210 1560 1487 1630 eligendus
1536 1570 1652 1624 est,
1707 1559 1749 1612 is
1788 1557 1877 1626 qui
1920 1557 2029 1610 Deo

451 1653 719 1722 placuerit
758 1652 1056 1709 ordinetur.
1086 1653 1371 1708 Enimvero
1398 1654 1440 1706 si
1470 1653 1520 1705 in
1547 1650 1783 1705 Ecclesia
1817 1649 1902 1703 illa
1936 1662 2030 1703 ne-

2135 444 2323 501 capras
2355 428 2682 499 promiscuas
2703 426 2878 495 capita
2905 423 3115 493 viginti,
3141 420 3198 477 in
3234 419 3401 476 fundo
3433 417 3742 474 Gressiane

2142 533 2165 561 ε
2192 522 2282 579 ubi
2312 522 2484 593 ipsum
2512 518 2894 576 monasterium
2942 515 3217 579 fundatur,
3253 512 3442 569 uncias
3472 520 3628 575 octo,
3684 511 3743 564 in

2135 614 2301 671 fundo
2348 612 2577 669 Staciani
2630 611 2815 666 uncias
2864 618 3007 672 octo,
3038 607 3254 662 fundum
3295 604 3516 660 Paterni
3542 602 3604 657 in
3636 600 3739 655 in-

2141 716 2314 776 tegro,
2355 717 2551 774 porcos
2578 703 2788 769 decem,
2812 698 3160 765 lectisternia,
3194 697 3469 768 gestisque
3498 693 3743 747 munici-

2136 797 2343 869 palibus
2357 796 2591 866 alligata,
2621 802 2753 861 etc.,
2776 793 3056 850 secundum
3078 803 3293 845 marem.
3319 785 3339 827 ί
3376 786 3519 842 Data
3540 799 3743 841 mense

2139 888 2441 957 Decembri,
2471 887 2657 943 indict.
2687 885 2743 941 θ.

2499 1000 2709 1073 1230
2748 1008 2774 1037 ⁸
2814 997 3147 1055 EPISTULA
3186 996 3349 1053 XVII.

2376 1110 2442 1148 AD
2479 1108 2716 1147 JOANNEI
2769 1106 3130 1147 SUBDIAGONUI
3183 1105 3481 1146 sums.

2137 1185 2485 1241 Marinianum
2512 1187 2799 1254 episcotmm
2822 1185 3074 1249 hortetur,
3098 1193 3151 1235 ut
3182 1199 3393 1254 causam
3416 1197 3538 1233 cum
3560 1179 3732 1254 Joan—

2205 1274 2268 1311 ne
2296 1259 2533 1325 episcopo
2559 1258 2745 1324 absque
2781 1256 2868 1308 lite
2883 1257 3063 1320 jubeat
3092 1254 3259 1321 ﬁniri.
3301 1253 3557 1325 Alioquin
3590 1253 3737 1325 illi}

2203 1321 2339 1382 ciunt
2366 1321 2478 1397 ipse
2501 1321 2701 1396 urgeat,
2731 1336 2775 1380 et
2810 1326 3106 1379 sententiam
3130 1331 3469 1397 exsequatur.
3500 1321 3731 1397 omne

2208 1392 2631 1451 constructionem
2682 1413 2742 1449 ac
2809 1397 3182 1449 dedicationem
3240 1396 3307 1447 ab
3369 1392 3735 1460 [imperantis

2205 1470 2438 1539 episcopo
2466 1469 2517 1521 in
2548 1466 2767 1522 Joannis
2793 1468 2990 1520 ὀίωοαὲ
3015 1467 3203 1535 factarn
3231 1464 3526 1533 improbat.

2205 1557 2493 1628 Gregorius
2519 1558 2710 1613 Joanni
2738 1557 3066 1611 subdiacouo
3098 1555 3394 1610 Ravenntc.

2124 1648 2138 1665 ‘
2207 1648 2369 1703 Lator
2423 1649 2759 1716 praesentium
2805 1646 3037 1702 Joannes
3084 1646 3248 1701 frater
3274 1654 3331 1702 et
3373 1645 3736 1714 coepiscopus

452 1759 559 1815 que
586 1745 654 1801 de
676 1745 1007 1816 presbyteris
1036 1745 1119 1800 vel
1147 1744 1533 1805 diaconis,sive
1550 1741 1911 1809 reliquojclero
1934 1738 2025 1793 hu-
2056 1731 2104 1793 B
2130 1752 2317 1796 noster
2344 1740 2517 1811 aliqua
2545 1741 2699 1795 nobis
2728 1739 2796 1793 de
2813 1739 2986 1793 causis
3013 1737 3263 1792 Ecclesiae
3292 1751 3410 1792 suae
3424 1736 3567 1790 dato
3593 1738 3733 1803 capi-

448 1833 683 1905 jusmodi
714 1837 935 1892 inveniri
958 1839 1212 1906 potuerit,
1249 1837 1314 1892 de
1334 1836 1435 1890 alia
1467 1836 1564 1889 sibi
1608 1835 1839 1889 Ecclesia
1866 1835 2024 1889 talem

453 1925 812 1981 ordinandum
843 1928 1045 1996 eligere
1085 1926 1337 1982 festinent
1390 1928 1714 1992 antistitem,
1764 1927 1854 1994 qui
1900 1924 2037 1993 vigi-

456 2017 591 2072 lanti
644 2018 1002 2074 sollicitudine
1063 2019 1422 2074 exterioribus
1472 2034 1657 2073 eorum
1715 2018 2035 2072 utilitatibus

454 2118 513 2165 et
545 2110 861 2165 sacerdotali
902 2112 1278 2167 adhortatione
1332 2112 1613 2166 animabus
1658 2111 1870 2175 valeat,
1924 2109 2035 2163 Deo

457 2202 773 2268 miserante,
804 2204 950 2257 utilis
994 2204 1239 2272 reperiri.
1292 2204 1558 2258 Praeterea
1606 2220 1671 2256 ne
1708 2218 1810 2272 qua
1854 2202 1952 2257 hac
1980 2203 2034 2257 in

459 2306 621 2348 causa
650 2293 819 2361 possit
845 2309 965 2349 esse
994 2294 1199 2359 dilatio,
1234 2302 1257 2332 θ
1291 2305 1347 2349 et
1377 2304 1595 2362 peccata
1635 2294 1712 2349 sic
1744 2294 1939 2349 faciant
1982 2304 2038 2349 ut

456 2382 640 2437 nullus
664 2384 732 2437 de
760 2383 947 2439 electis
994 2394 1151 2452 aptus
1188 2384 1401 2449 existat,
1430 2385 1723 2439 hortandus
1749 2395 1832 2439 est
1861 2386 2039 2440 clerus

460 2479 519 2527 et
551 2474 796 2541 populus.
829 2484 885 2528 ut
913 2475 993 2529 eis
1022 2475 1113 2545 qui
1139 2476 1207 2530 ad
1254 2492 1349 2531 nos
1373 2478 1616 2532 venerint
1670 2492 1763 2531 sua
1808 2477 2039 2531 debeant

461 2561 579 2617 vice
609 2564 899 2632 mandare,
922 2576 1184 2634 quatenus
1229 2567 1315 2622 hic
1346 2568 1578 2622 habeant
1600 2568 1833 2631 eligendi
1868 2569 2035 2623 licen-

465 2651 593 2706 tiam
618 2693 634 2718 ,
675 2652 936 2723 nobisque
980 2657 1080 2711 hoc
1112 2660 1283 2724 ipsum
1330 2659 1569 2725 apicibus
1609 2660 1719 2715 suis
1770 2660 2037 2717 roboratis

465 2745 701 2815 propriis
726 2747 1210 2814 subscriptionihus
1250 2749 1620 2819 innoteseaut,
1653 2763 1712 2807 ut
1742 2755 1785 2807 si
1818 2754 1905 2809 vel
1954 2756 2041 2810 hic

463 2838 695 2894 inveniri
752 2841 1023 2908 potuerit,
1083 2841 1200 2898 sine
1247 2844 1559 2900 difﬁcultate
1615 2847 1789 2915 aliqua
1839 2845 2039 2901 Christi

461 2943 791 3001 cooperante
817 2935 984 3004 gratia
1014 2949 1379 2996 consecretur.
1402 2940 1551 3007 Quod
1585 2951 1764 2997 tamen
1808 2957 1905 2997 nos
1933 2958 2037 2997 non

462 3027 740 3083 voluntate
784 3029 998 3096 impulsi
1043 3031 1344 3101 loquimur,
1394 3036 1487 3089 sed
1532 3034 1852 3091 necessitate
1894 3052 2041 3090 com-

2139 1834 2297 1888 tulari
2326 1835 2559 1887 noscitur
2586 1834 2858 1886 intimasse
2890 1848 2905 1884 ε
2937 1833 3128 1899 quibus
3156 1830 3410 1900 cognitis,
3458 1829 3725 1897 culpanda

2138 1941 2165 1979 a
2226 1926 2377 1979 nobis
2431 1924 2757 1994 experientia
2804 1933 2891 1978 tua
2933 1923 3131 1988 fuerat,
3186 1923 3231 1977 si
3286 1922 3358 1977 ad
3409 1931 3470 1976 te
3535 1922 3730 1989 perlata

2139 2018 2396 2073 hactenus
2459 2017 2731 2072 indeﬁnite
2787 2016 3158 2071 remanserint.
3212 2014 3317 2070 Sed
3393 2014 3731 2082 inquirente:

2139 2111 2445 2179 agnovimus
2491 2109 2633 2178 quod
2687 2108 2755 2163 ad
2808 2108 3050 2164 notitiam
3103 2120 3245 2161 tuam
3302 2105 3543 2162 minime
3613 2115 3728 2160 sunt

2140 2202 2414 2272 perducta.
2447 2200 2623 2270 Ipsum
2666 2216 2795 2269 ergo
2840 2202 2981 2270 quod
3024 2198 3176 2254 nobis
3205 2199 3515 2269 capitulare
3548 2213 3726 2265 porre-

2140 2304 2283 2348 ctum
2315 2304 2415 2359 est,
2451 2293 2533 2348 his
2576 2292 2795 2348 iecimus
2827 2295 3010 2347 subter
3040 2294 3269 2347 annecti.
3296 2290 3523 2361 Agnitis
3560 2290 3734 2358 itaque

2141 2386 2386 2441 omnibus
2409 2400 2472 2440 ac
2498 2385 2773 2451 discussis,
2799 2384 2846 2440 si
2886 2386 2955 2438 ita
2987 2384 3122 2455 apud
3149 2393 3200 2439 te
3223 2399 3366 2450 esse,
3417 2394 3485 2437 ut
3535 2397 3729 2453 sugge-

2141 2488 2283 2535 stum
2331 2488 2434 2545 est,
2467 2480 2741 2533 manifesta
2771 2479 2994 2533 veritate
3043 2478 3325 2548 patuerint,
3383 2476 3623 2531 fratrem
3674 2485 3723 2531 et

2145 2572 2520 2640 coepiscOpum
2550 2579 2788 2625 nostrum
2817 2570 3163 2625 Marinianum
3192 2571 3337 2626 adire
3367 2579 3420 2624 te
3440 2571 3721 2633 volumus,

2146 2675 2377 2729 eumque
2419 2661 2591 2715 modis
2632 2661 2879 2715 omnibus
2907 2660 3203 2726 adhortari,
3256 2668 3316 2714 ut
3365 2660 3449 2715 his
3498 2675 3733 2728 quorum

2145 2751 2197 2804 in
2232 2753 2547 2820 peragendis
2584 2752 2808 2822 negotiis
2850 2751 3107 2807 Ecclesia:
3156 2751 3321 2819 ipsius
3350 2751 3628 2806 interesse
3659 2753 3735 2805 di-

2145 2844 2418 2912 gnoscitur
2450 2888 2464 2910 ,
2514 2843 2705 2898 debeat
2759 2843 3047 2914 deputare,
3100 2854 3392 2914 quatenus,
3440 2846 3732 2914 perpensis

2145 2934 2392 2989 omnibus
2419 2949 2538 2989 cum
2561 2935 2818 3004 praedicto
2842 2936 2959 2989 viro
2984 2935 3049 2990 de
3077 2935 3159 2989 his
3184 2951 3303 3006 quae
3324 2945 3466 2990 mota
3504 2936 3740 3005 fuerint,

2147 3027 2512 3081 ecclesiastica
2542 3028 2678 3082 inter
2706 3042 2764 3082 se
2790 3028 3017 3082 debeant
3042 3030 3423 3098 tranquillitate
3451 3032 3743 3087 decidere.

463 3118 632 3186 pulsi,
664 3120 788 3189 quia
816 3131 1075 3189 quantum
1106 3134 1188 3177 est
1235 3124 1300 3178 ad
1349 3136 1547 3179 nostra:
1578 3125 1909 3179 auctoritatis
1956 3126 2035 3192 ju-

2150 3116 2247 3170 Sin
2278 3130 2409 3169 vero
2439 3116 2698 3184 elegerint
2751 3118 3107 3184 renitendum,
3138 3121 3465 3189 experientia
3506 3132 3608 3176 tua
3651 3124 3749 3177 im-

460 3210 692 3278 dicium,
719 3214 787 3272 de
825 3217 936 3273 suis
966 3216 1210 3272 volumus
1253 3226 1311 3271 ut
1346 3217 1575 3273 debeant
1622 3217 1822 3273 habere
1857 3227 2039 3288 pasto-

967 3407 991 3434 ⁸
1022 3400 1350 3457 EPISTOLA
1391 3401 1534 3457 XVI.

740 3506 807 3544 Αἰ)
844 3504 1098 3546 ΡΑεεΙνυιι
1137 3507 1412 3563 ΠΙΏΙΛΝῸῌ
1454 3508 1760 3548 EPISCOPUI.

462 3577 682 3636 Passivo
711 3590 766 3634 ut
796 3584 1155 3637 monasterium
1184 3585 1235 3637 in
1253 3585 1500 3639 honorem
1524 3588 1685 3639 sancti
1714 3586 1891 3641 Savini
1918 3602 2042 3641 con-

733 3662 891 3707 secret
913 3654 1119 3708 mundat
1148 3656 1240 3708 sub
1262 3666 1501 3709 consueta
1532 3658 1774 3727 formula.

533 3745 823 3812 Gregorius
847 3745 1067 3801 Passivo
1104 3747 1355 3815 episc0po
1386 3750 1653 3807 Firmano.

537 3832 815 3898 Proculus,
847 3834 1105 3890 diaconus
1134 3837 1387 3893 Ecclesia:
1434 3838 1461 3878 δ
1506 3842 1804 3905 Asculanm,
1842 3846 2039 3911 petito-

462 3923 545 3975 ria
574 3922 729 3977 nobis
767 3923 1124 3983 insinuatione
1166 3930 1429 3999 suggessit
1468 3930 1520 3985 in
1563 3932 1729 3988 fundo
1754 3934 2042 3993 Gressiano

458 4014 596 4083 juris
626 4017 705 4069 sui
728 4020 1104 4074 monasterium
1129 4034 1187 4075 se
1212 4037 1308 4089 pro
1331 4037 1427 4077 sua
1453 4023 1733 4081 devotione
1757 4026 2034 4092 fundasse.

460 4108 603 4177 quod
635 4108 688 4163 in
716 4108 969 4167 honorem
1003 4114 1172 4167 sancti
1223 4113 1405 4168 Savini
1456 4117 1701 4185 martyris
1763 4118 2038 4175 desiderat

463 4200 789 4256 consecrari.
815 4201 885 4256 Et
910 4201 1051 4271 ideo,
1080 4202 1247 4259 frater
1273 4203 1605 4270 charissime,
1638 4206 1684 4260 si
1720 4206 1771 4261 in
1811 4214 1914 4263 tua:
1947 4225 2039 4279 pa-

460 4291 663 4347 rochias
686 4303 980 4349 memorata
1022 4296 1352 4349 constructio
1385 4295 1507 4364 jure
1544 4296 1810 4364 consistit,
1840 4308 1895 4352 et
1924 4300 2039 4355 nul-

461 4384 571 4441 lum
615 4401 810 4457 corpus
858 4388 1055 4445 ibidem
1082 4392 1292 4445 constat
1321 4389 1616 4457 humatum,
1650 4400 1900 4462 percepta
1934 4396 2037 4463 pri-

460 4479 624 4535 mitus
677 4480 966 4540 donatione
1021 4482 1280 4553 legitima,
1326 4483 1377 4539 id
1422 4493 1505 4541 est
1538 4495 1560 4523 ο
1611 4486 1876 4543 conduma
1908 4504 2032 4558 una,

2150 3208 2353 3263 mineat
2376 3222 2497 3262 esse
2515 3208 2770 3277 judicium
2803 3228 2814 3261 :
2846 3221 2901 3265 et
2931 3210 3187 3281 quidquid
3221 3213 3571 3280 cognitorum
3608 3216 3747 3270 inter

2150 3312 2245 3353 eos
2275 3298 2435 3352 fuerit
2479 3300 2742 3353 sententia
2775 3298 3073 3365 deﬁnitum,
3106 3308 3159 3356 te
3185 3301 3375 3358 debeat
3404 3318 3747 3374 exsequente

2151 3392 2440 3460 compleri;
2472 3407 2537 3446 ne
2563 3392 2785 3448 diutinis
2816 3394 3258 3461 protractionibus
3285 3395 3449 3449 dilata
3492 3412 3749 3466 pauper-

2153 3495 2234 3537 tas
2265 3482 2522 3538 Ecclesia:
2548 3484 2735 3553 ipsius,
2782 3484 3029 3552 diversis,
3052 3486 3188 3542 sicut
3209 3485 3318 3557 jam
3351 3484 3567 3544 factum
3599 3505 3749 3548 asse-

2151 3575 2245 3639 rit,
2273 3574 2568 3644 dispendiis
2599 3576 2925 3645 ingravetur.

2217 3665 2475 3720 lndicavit
2517 3667 2678 3722 etiam
2706 3666 2858 3722 nobis
2890 3668 3057 3733 (Crat.
3090 3668 3176 3737 16,
3210 3686 3260 3740 q.
3294 3669 3347 3735 5,
3376 3687 3426 3723 c.
3455 3671 3540 3738 ὅ),
3595 3673 3742 3741 quod

2147 3758 2366 3827 quidam
2414 3758 2804 3828 Exuperautius
2848 3758 3128 3829 episcopus
3183 3773 3314 3816 ausu
3347 3758 3649 3818 temerario
3692 3766 3745 3819 in

2148 3848 2371 3905 ditecesi
2417 3849 2586 3920 ipsius
2633 3852 2924 3905 oratorium
2973 3852 3353 3921 construxerit,
3404 3853 3575 3924 idque
3628 3858 3745 3913 sine

2146 3942 2397 4011 praecepti
2426 3942 2742 3998 auctoritate
2763 3952 2946 3997 contra
2977 3957 3181 3998 morem
3207 3948 3621 4014 pmwmpserit
3648 3949 3743 4003 de-

2141 4032 2342 4097 dicare,
2377 4036 2674 4104 missasque
2721 4034 2831 4089 illic
2864 4034 3102 4103 publicas
3151 4034 3433 4092 celebrare
3476 4054 3590 4093 non
3629 4055 3744 4094 tne-

2139 4125 2262 4179 tuit.
2297 4126 2465 4192 Quam
2497 4141 2610 4181 rem
2653 4142 2773 4181 cum
2807 4140 3013 4180 summa
3048 4136 3099 4181 te
3140 4126 3417 4183 celeritate
3452 4145 3513 4185 ac
3542 4132 3740 4186 distri-

2138 4216 2316 4271 ctione
2339 4218 2588 4273 convcnit
2630 4218 2940 4283 emendare,
2996 4232 3065 4272 ne
3095 4218 3319 4273 ulterius
3375 4221 3486 4275 tale
3536 4223 3740 4292 aliquid

2138 4315 2397 4361 attentare
2452 4308 2747 4377 permittas.
2796 4306 3100 4362 Oratorium
3142 4322 3273 4362 vero
3332 4310 3478 4378 quod
3533 4312 3611 4367 ab
3664 4316 3742 4367 iu-

2134 4400 2457 4468 competenti
2493 4414 2721 4469 persona
2748 4398 3012 4468 repereris
3033 4412 3155 4454 esse
3177 4408 3578 4465 constructum,
3616 4404 3738 4459 huic

2135 4508 2255 4549 cum
2285 4493 2501 4565 proprio
2534 4504 2584 4549 te
2613 4494 2853 4548 volumus
2891 4492 3167 4563 episcopo,
3199 4492 3245 4548 si
3273 4508 3381 4557 res,
3406 4503 3466 4548 ut
3510 4496 3721 4552 dictum

462 4638 622 4718 fuerit
664 4637 970 4718 pontiﬁcum
1000 4640 1146 4695 zelus
1172 4640 1630 4718 in_con_qui_rendis
1662 4641 1815 4718 bonis
1844 4656 2031 4718 opera-
2059 4647 2113 4707 D
2136 4657 2189 4702 et
2214 4646 2445 4703 Colbert.
2479 4648 2680 4718 legitur
2699 4645 2940 4702 Ecclesia
2969 4649 3253 4703 Asculariar
3285 4664 3382 4717 pro
3429 4652 3738 4707 Asculum.

459 4708 596 4785 riis,
635 4723 755 4778 quae
786 4710 1046 4785 bonorum
1082 4725 1206 4765 cura
1237 4712 1291 4785 in
1345 4709 1609 4779 fugiendis
1666 4711 1812 4785 hisce
1861 4708 2032 4785 digni-

460 4777 687 4845 tatibus,
728 4779 848 4847 quis
874 4777 1103 4848 denique
1128 4777 1519 4836 mundanorum
1540 4795 1728 4836 sensus
1744 4783 1885 4839 circa
1904 4777 2035 4842 istas

459 4851 844 4917 promotiones.
868 4848 1130 4903 GUSSANV.

537 4926 561 4990 ἐ
594 4919 674 4990 ΔΙιίπξ
704 4918 831 4973 Mss.
867 4917 1058 4984 Vatic.,
1113 4919 1317 4986 Norm.,
1360 4921 1592 4990 Remig.,
1646 4931 1771 4989 etc.,
1827 4940 1946 4980 cum
1981 4924 2033 4980 in

460 4986 638 5044 Editis
666 4989 888 5059 legatur,
913 4998 961 5059 et
989 4991 1202 5057 peccatis
1249 4986 1788 5059 facientibusvnullus.

533 5056 871 5131 ΕιηεῖξΧνΙ
911 5056 1016 5131 [At
1052 5060 1164 5131 :20].
1209 5056 1279 5101 -ὲ
1331 5070 1354 5096 ει
1400 5063 1562 5116 Abest
1622 5078 1830 5131 quoque
1873 5063 2032 5129 epist.

464 5128 578 5203 [nec
604 5144 633 5183 a
660 5129 841 5203 Norm.
864 5128 1197 5203 et’_Anglii_:_.,
1232 5132 1331 5203 etsi
1381 5128 1679 5199 reperiatur
1728 5128 1779 5186 iit
1810 5128 2040 5203 quatuor

461 5199 722 5266 Colbert.,
762 5200 816 5256 in
867 5199 1098 5270 quinque
1128 5199 1330 5269 Vatic.,
1377 5211 1601 5272 utroque
1632 5199 1887 5259 Ithem'et
1934 5204 2042 5261 Tu-

458 5283 555 5325 1⁵011
563 5309 579 5323 .

530 5338 870 5412 δ-ᾼβρυιυηι,
918 5340 1074 5409 vulgo
1101 5341 1294 5412 Ascoli,
1344 5342 1591 5397 Picenum
1642 5344 1766 5397 olim
1813 5344 2038 5412 dictum,

458 5410 905 5485 ad_diﬂ'erentiam
934 5410 1133 5485 Asculi,
1163 5414 1308 5485 quod
1342 5413 1566 5485 Apulum
1592 5429 1683 5485 seu
1713 5410 2036 5485 Satrianum,

458 5479 618 5548 vulgo
642 5482 810 5533 Ascoti
835 5482 890 5533 di
940 5479 1208 5547 Satriano,
1260 5479 1554 5539 dicebatur.
1608 5484 1841 5539 Primum
1893 5479 2036 5541 enini

459 5550 744 5623 provincia:
777 5550 1124 5623 Picenigerat;
1173 5555 1461 5607 secundum
1490 5571 1617 5613 vero
1662 5556 1869 5623 Apulia:
1903 5558 2038 5611 Dau-

460 5620 583 5673 nite.
610 5619 746 5693 Urbs
774 5628 856 5673 est
877 5620 1140 5693 hodieque
1179 5622 1261 5690 cpi
1297 5625 1493 5693 copalis
1526 5619 1779 5680 lllarchia:
1804 5626 2038 5681 Aneoni-

458 5699 619 5760 tauat,
649 5688 888 5746 Romano
908 5688 1151 5760 pontiﬁci
1181 5688 1410 5750 subdita.
1459 5693 1808 5757 Cossum-lu
1839 5696 2035 5757 Turon.

2214 4728 2237 4756 ο
2278 4718 2414 4785 Quid
2441 4719 2508 4772 sit
2539 4717 2816 4773 ’conduma
2839 4729 3020 4788 repete
3049 4733 3115 4775 es
3144 4729 3271 4776 nota
3296 4721 3348 4789 ὁ,
3377 4722 3431 4776 in
3465 4724 3634 4791 epist.
3673 4726 3739 4778 su

2140 4788 2230 4844 lib.
2266 4805 2338 4844 ιι.
2390 4789 2573 4843 indict.
2606 4787 2661 4844 4.

2160 4798 2239 4941 mf}
2364 4798 2591 4926 .1133;
2606 4798 2782 4916 AVatic.
2805 4868 2860 4915 et
2888 4859 2944 4915 in
2961 4858 3223 4928 ColberL,
3245 4872 3532 4917 crementa
3558 4868 3740 4935 capita

2140 4947 2556 5073 7u21%:8.Vatic.
2588 5000 2632 5054 D
2674 5008 2729 5057 et
2773 4999 2965 5056 Rhem.
3017 5000 3106 5056 ubi
3152 5003 3413 5073 presbyter
3440 5008 3741 5062 monasterii

2148 5070 2417 5139 fundatur.

2227 5140 2247 5179 ί
2291 5143 2343 5195 In
2371 5142 2633 5205 Colbert.,
2681 5158 2849 5197 mense
2876 5142 3153 5197 Januario.

2224 5211 2399 5285 Erts'r.
2443 5211 2585 5285 XVll
2627 5212 2886 5285 [ALE‘I].
2916 5242 3008 5285 -τ
3040 5221 3066 5250 ι
3108 5213 3239 5268 Huic
3294 5215 3539 5282 epistolae
3602 5235 3739 5282 pm

2150 5283 2397 5355 mittitur,
2426 5292 2533 5336 tum
2562 5283 2859 5355 in‘duobus
2895 5283 3169 5355 Colbcrt.,‘
3216 5285 3404 5339 tumin
3453 5288 3731 5355 plerisque

2152 5352 2319 5422 Yatic.
2342 5394 2356 5418 ,
2386 5369 2552 5406 meme
2599 5352 2880 5417 Decembri,
2926 5354 3107 5407 indict.
3141 5353 3203 5415 6;
3236 5364 3290 5407 et
3318 5364 3506 5422 postea
3561 5352 3733 5412 mense

2146 5419 2417 5489 Januario,
2447 5422 2625 5476 indict.
2650 5422 2702 5476 6.
2729 5423 2975 5492 Cumque
3000 5422 3119 5476 duae
3165 5424 3268 5477 illa:
3301 5419 3563 5490 temporis
3595 5444 3732 5483 "018

2145 5493 2299 5547 unius
2327 5494 2671 5561 ejusdemque
2713 5494 2950 5561 epistolae
3005 5507 3124 5548 esse
3174 5508 3278 5548 non
3313 5496 3544 5562 possint.
3600 5500 3732 5553 furto

2147 5565 2294 5638 prior
2320 5565 2383 5619 ad
2414 5566 2741 5633 superiorem
2773 5565 3050 5631 epistolam
3078 5566 3332 5638 pertinet,
3362 5576 3421 5621 et
3464 5572 3731 5638 posterior

2147 5634 2215 5692 ad
2248 5636 2384 5692 hanc
2413 5637 2671 5695 decimam
2706 5640 3010 5708 septimaun
