3928 6342
134 291 282 350 1275

129 415 239 473 est,
264 406 338 464 ita
354 420 415 464 se
443 406 643 468 habere
669 410 991 483 constiterit,
1015 417 1132 474 sine
1162 433 1308 476 mora
1331 420 1508 493 aliqua
1532 424 1703 481 refor-

129 513 306 556 mare.

650 595 981 654 EPISTOLA
1020 599 1207 656 XVIII.

465 702 536 744 AD
562 703 798 752 QUOSDAI
827 706 1030 748 SICILIE
1069 710 1345 752 EPISCOPOS

123 776 415 858 Adrianum
444 780 738 846 patrimonii
771 793 1017 858 rectorem
1053 788 1392 841 commendat.
1425 787 1710 858 Episcopo:

201 851 449 930 admonet.
463 865 543 914 ne,
578 867 693 903 cum
716 854 786 904 ad
806 853 1025 930 infantes
1040 859 1424 930 consignandos
1445 851 1712 930 egrediun-

201 927 305 982 tur,
337 919 586 983 subiectos
614 938 732 976 suos
761 919 897 977 ultra
930 927 1136 980 modum
1163 919 1392 996 gravent.
1445 929 1447 932 ’

201 1011 487 1078 Gregorius
519 1012 704 1077 Leoni,
735 1015 1061 1084 Secundino,
1110 1018 1323 1088 Joanni,
1376 1022 1546 1092 Dono,
1595 1025 1710 1082 Lu-

122 1101 270 1167 cido,
306 1101 555 1171 Trajano,
594 1106 858 1175 episcopis
886 1108 1101 1165 Siciliae.

202 1194 350 1250 Sicut
391 1211 488 1251 nos
514 1197 666 1253 nobis
709 1199 932 1256 invicem
966 1212 991 1238 ⁸
1025 1203 1284 1274 spiritalia
1316 1224 1410 1277 per
1434 1214 1704 1282 apostolo-

121 1302 244 1341 rum
261 1290 553 1344 orationem
571 1291 1190 1366 admonemurimpertiri
1205 1299 1472 1372 suffragia,
1498 1308 1702 1380 1231

122 1377 200 1430 ita
233 1377 284 1431 in
309 1378 391 1433 liis
421 1394 539 1449 quae
572 1383 889 1440 necessitate
917 1386 1140 1456 injuncti
1166 1392 1436 1462 regiminis
1465 1411 1560 1462 pro
1595 1377 1704 1453 dis:

122 1472 438 1536 pensatione
468 1488 646 1529 rerum
675 1492 965 1546 pauperum
997 1480 1104 1535 Deo
1148 1498 1242 1552 per
1265 1501 1362 1540 nos
1386 1486 1582 1542 fuerint
1611 1506 1702 1543 au-

123 1570 279 1616 ctore
325 1563 582 1633 disposita
612 1569 964 1624 sacerdotalia
996 1572 1210 1642 dignum
1248 1586 1331 1630 est
1357 1579 1544 1634 solatia
1597 1598 1702 1638 non

115 1653 327 1710 deesse.
375 1657 622 1714 Latorem
675 1661 940 1731 siquidem
996 1669 1338 1735 praesentium
1388 1671 1699 1740 Adrianum,

113 1745 502 1805 chartularium
524 1760 787 1820 nostrum,
816 1754 880 1810 ad
905 1759 1194 1826 regendum
1223 1761 1476 1818 Ecclesiae
1503 1777 1699 1822 nosmn

114 1842 516 1910 patrimonium,
549 1845 1004 1917 Syracusanarum
1041 1852 1291 1909 videlicet
1334 1859 1583 1924 partium,
1610 1860 1694 1912 di-

115 1933 393 2003 rigentes,
446 1937 761 1994 fraternitati
819 1951 1008 1997 vestrze
1092 1947 1390 2003 necessario
1449 1951 1694 2006 duximus

112 2028 618 2098 commendandum,
645 2040 722 2098 ut,
754 2034 806 2087 in
858 2049 962 2104 quo
1003 2050 1129 2091 usus
1161 2041 1417 2110 exegerit,
1458 2041 1485 2080 δ
1521 2055 1694 2100 vestra

115 2121 170 2175 ei
197 2122 383 2175 solatia
411 2125 720 2191 conferatis,
768 2138 1030 2197 quatenus
1061 2130 1187 2185 dum
1219 2142 1272 2187 et
1313 2133 1377 2187 ad
1429 2137 1692 2203 agendum

113 2228 212 2281 per
237 2229 328 2268 vos
356 2216 742 2287 corporalibus,
778 2229 826 2273 et
853 2220 918 2273 ad
962 2221 1269 2277 facilitatem
1295 2226 1542 2294 explendi
1574 2246 1694 2296 qua:

110 2310 336 2374 cmperit
362 2307 689 2375 spiritalibus
720 2312 1018 2366 orationum
1061 2313 1222 2369 fuerit
1251 2315 1416 2373 fultus
1460 2321 1689 2387 auxiliis,

110 2413 368 2466 prospere
390 2413 450 2454 ea
478 2417 593 2471 quae
619 2418 648 2456 a
675 2404 828 2457 nobis
854 2406 903 2460 ei
934 2406 1168 2476 injuncta
1186 2421 1309 2464 sunt
1337 2411 1446 2467 Deo
1476 2429 1688 2485 quoque

111 2488 287 2543 valeat
314 2504 631 2561 cooperante
659 2495 933 2564 perﬁcere.
993 2498 1353 2572 Vosmetipsos
1401 2515 1575 2560 autem
1616 2506 1688 2562 ita

113 2591 241 2636 ante
266 2593 608 2650 conspectum
645 2587 1026 2656 omnipotentis
1051 2589 1146 2647 Dei
1173 2592 1225 2645 in
1255 2593 1409 2648 bonis
1433 2596 1688 2664 operibus

112 2671 324 2730 debetis
368 2676 641 2743 exhibere,
690 2688 745 2733 ut
776 2679 1003 2736 inveniri
1047 2683 1099 2736 in
1132 2693 1308 2739 vestra
1357 2688 1562 2743 actione
1592 2705 1689 2744 ne-

112 2776 273 2836 queat
300 2771 438 2837 quod
469 2771 552 2826 vel
582 2771 691 2826 Deo
714 2771 892 2842 judice
940 2775 1166 2842 percuti,
1199 2779 1280 2833 vel
1317 2781 1556 2848 quolibet
1588 2782 1686 2836 ho-

113 2859 259 2915 mine
279 2860 559 2917 insidiante
600 2864 771 2919 valeat
800 2867 1059 2921 accusari.
1102 2868 1231 2923 Nam
1264 2870 1435 2926 eidem
1470 2873 1710 2940 praefato.

111 2952 434 3008 chartulario
488 2964 671 3011 nostro
703 2958 1023 3026 injunximus
1055 2970 1113 3014 ut
1140 2960 1184 3014 si
1211 2977 1311 3030 qua
1341 2963 1406 3017 de
1434 2979 1686 3020 reveren-

106 3041 340 3098 dissimis
382 3046 632 3102 fratribus
663 3051 858 3104 nostris
903 3052 1167 3121 episcopis
1220 3055 1518 3112 inordinate
1564 3069 1685 3116 acta

102 3141 432 3208 cognoverit,
465 3142 608 3211 prius
634 3143 842 3213 quidem
885 3155 1087 3200 secreta
1118 3161 1179 3201 ac
1215 3149 1456 3205 modesta
1480 3153 1676 3209 adhor-

101 3230 302 3286 tatione
332 3231 444 3299 ipse
473 3234 724 3303 corripiat
758 3251 772 3289 :
797 3229 914 3305 quae
937 3233 982 3290 si
1012 3236 1084 3291 ita
1113 3239 1396 3296 emendata
1425 3258 1530 3298 non
1561 3244 1676 3302 fue-
1707 3217 1756 3283 θ

99 3320 229 3384 rint,
259 3321 412 3376 nobis
440 3324 687 3379 celeriter
710 3325 1034 3383 innotescat.

169 3412 430 3470 Praeterea
461 3416 682 3471 relatum
710 3427 791 3472 est
837 3419 987 3475 nobis
1021 3420 1218 3491 (Grat.,
1243 3442 1384 3480 caus.
1414 3427 1500 3493 10,
1529 3447 1580 3499 q.
1623 3430 1675 3497 5,

94 3519 148 3558 c.
194 3505 269 3575 9),
300 3515 496 3562 sancta:
535 3510 806 3564 memoriae
857 3512 1153 3570 decessoris
1202 3518 1306 3572 mei
1356 3522 1678 3588 temporibus

99 3613 202 3666 per
257 3597 565 3656 Servumdei
595 3600 896 3669 diaconum,
943 3607 1034 3676 qui
1077 3609 1187 3678 jam
1243 3619 1366 3665 tunc
1423 3614 1675 3669 ecclesia-

91 3689 215 3742 stici
240 3690 541 3759 patrimonii
572 3708 752 3750 curam
775 3698 959 3767 gessit,
999 3699 1162 3756 fuisse
1208 3703 1522 3772 dispositum
1557 3719 1578 3746 ο
1619 3719 1678 3766 ut

89 3783 401 3840 sacerdotes
447 3802 539 3855 per
567 3787 803 3844 diversas
832 3802 1035 3848 vestras
1080 3795 1336 3852 dieeceses
1381 3802 1673 3872 constituti,

87 3874 300 3943 quoties
329 3875 395 3931 ad
424 3879 815 3948 consignandos
867 3880 1097 3940 infantes
1145 3889 1482 3956 egredimini,
1535 3894 1674 3949 ultra

93 3968 312 4022 modum
343 3971 550 4040 gravari
604 3972 823 4029 minime
871 3974 1199 4032 debuissent.
1262 3979 1479 4036 Summa
1531 3986 1672 4039 enim

85 4057 308 4126 prmfixa
336 4059 526 4129 fuerat,
556 4062 732 4133 vobis,
771 4073 828 4119 ut
853 4066 1030 4134 audio,
1063 4073 1536 4142 consentientibus,
1556 4092 1674 4144 qua:

85 4150 162 4202 ab
211 4150 410 4207 eisdem
443 4154 808 4211 sacerdotibus
840 4173 936 4226 pro
981 4158 1162 4216 labore
1191 4163 1509 4220 clericorum
1557 4167 1672 4224 dari

82 4243 379 4301 debuisset.
412 4245 586 4316 Atque
615 4248 715 4304 hoc
744 4251 885 4319 quod
918 4259 1042 4307 tunc
1093 4255 1308 4322 placuit,
1342 4272 1510 4326 nunc,
1536 4260 1672 4316 sicut

79 4335 304 4402 dicitur,
353 4338 570 4394 minime
621 4341 934 4397 custoditur.
982 4343 1133 4401 Unde
1164 4347 1550 4406 fraternitatem
1583 4368 1672 4406 vc-

79 4436 255 4483 stram
290 4428 549 4486 admoneo
578 4440 634 4486 ut
681 4433 936 4503 subjectis
966 4437 1158 4492 vestris
1188 4454 1378 4507 graves
1422 4457 1526 4496 non
1560 4453 1671 4498 stu-

78 4520 258 4576 deatis
280 4522 526 4590 existere,
555 4525 650 4581 sed
675 4526 720 4581 si
746 4543 847 4597 qua
865 4538 987 4583 sunt
1008 4531 1311 4598 gravamina
1340 4536 1665 4603 temperatis,

843 295 1326 361 EPISTULARUM
1365 305 1491 363 LIB.
1534 307 1670 366 XIII.
1700 315 2034 378 —INDICT.
2077 323 2163 379 νι.
2202 354 2271 366 ——
2314 327 2525 388 EPIST.
2568 333 2685 392 XX.

3262 349 3399 406 1274

1732 433 1788 495 Α
1812 435 1932 502 quia
1962 451 2063 492 nec
2089 438 2156 496 ab
2187 455 2252 497 eo
2276 445 2416 513 quod
2455 450 2618 505 semel
2654 452 2930 511 definitum
2978 469 3061 514 est
3100 460 3394 522 deﬂectere

1821 527 2098 586 debuistis.
2148 535 2353 592 Etenim
2407 541 2461 596 in
2500 544 2673 601 lutura
2723 557 2778 603 et
2830 550 2883 605 in
2937 557 3184 621 praesenti
3241 558 3392 615 vobis

1819 621 1924 676 vita
1949 625 2270 697 prospicitis,
2302 632 2348 686 si
2387 647 2480 690 eos
2510 638 2596 707 qui
2629 639 2777 696 vobis
2814 645 3091 713 commissi
3124 657 3248 704 sunt
3276 650 3394 709 sine

1816 729 2124 785 gravamme
2153 729 2501 783 conservatis.

2340 819 2672 880 EPISTOLA
2709 826 2849 883 XIX.

2407 931 2474 969 AD
2510 933 2793 976 JULIANUII.

1810 996 2203 1090 Dissimulatam
2230 1007 2291 1090 ab
2323 1007 2414 1061 illo
2461 1028 2522 1066 ea:
2563 1017 2860 1090 verecundia
2888 1018 3115 1088 inepiam
3141 1022 3385 1090 queritur.

1879 1072 2185 1196 genstructo
2231 1077 2439 1136 Catane:
2483 1089 2794 1142 monasterio
2822 1090 2908 1143 dat
2952 1072 3386 1148 solidos'annuos

1915 1160 2066 1196 eccm.

1915 1160 2045 1199 868111
2053 1187 2066 1202 .

1881 1235 2166 1306 Gregorius
2204 1241 2436 1299 Juliano.

1879 1326 2075 1383 Gloriae
2101 1342 2294 1388 vestrae
2350 1339 2548 1408 scripta
2589 1343 2905 1412 suscipiens,
2959 1346 3179 1417 legenda
3230 1345 3386 1404 laetus

1808 1422 2008 1488 aperui,
2040 1425 2132 1477 sed
2166 1427 2330 1483 tri5tis
2360 1433 2590 1497 perlecta
2638 1436 2910 1505 replicavi.
2966 1438 3022 1491 In
3065 1438 3144 1492 eis
3189 1438 3384 1509 quippe

1805 1509 2079 1567 dicebatur
2106 1517 2243 1584 quod
2278 1520 2491 1586 pudoris
2519 1538 2678 1580 causa
2713 1527 2866 1583 fuerit
2892 1529 3022 1583 mihi
3052 1544 3144 1583 vos
3172 1544 3233 1584 ea
3255 1546 3376 1600 qua:

1805 1603 2026 1659 dicenda
2057 1617 2210 1663 erant
2233 1619 2471 1681 tempore
2495 1616 2652 1684 longo
2683 1621 2931 1676 tacuisse.
2962 1621 3028 1675 Et
3055 1631 3262 1678 certum
3292 1631 3380 1678 est

1804 1698 1922 1765 quia
1953 1698 2126 1753 minus
2171 1712 2381 1757 amatur
2435 1706 2524 1775 qui
2576 1709 2750 1764 adhuc
2798 1712 3148 1768 erubescitur.
3205 1716 3380 1782 Atque

1803 1791 2106 1846 omnimodo
2135 1799 2483 1852 contristatus
2528 1815 2665 1868 sum,
2705 1804 2913 1875 1232
2942 1808 3062 1874 quia
3092 1821 3178 1861 me
3211 1822 3240 1860 a
3283 1821 3379 1861 vo-

1800 1880 1878 1936 bis
1907 1886 2140 1952 comperi
2173 1889 2347 1942 minus
2373 1907 2530 1959 quam
2555 1895 2931 1950 testintaverim
2959 1897 3148 1952 amari.
3184 1896 3237 1951 In
3269 1898 3372 1954 hoc

1797 1983 1972 2030 autem
2015 1978 2171 2033 valde
2203 1989 2229 2017 τι
2283 1997 2368 2037 me
2417 1987 2723 2055 continetis,
2775 1991 2821 2043 si
2873 1992 3135 2046 mercedis
3187 2007 3378 2049 causas

1797 2067 1926 2121 mihi
1950 2071 2162 2125 assidue
2195 2075 2554 2142 providendas
2585 2080 2820 2135 studiose
2841 2083 3137 2151 requiritis.
3156 2083 3263 2140 Nec
3277 2100 3375 2139 vo-

1797 2159 1877 2233 bis
1906 2162 2065 2218 debet
2093 2179 2212 2221 esse
2239 2171 2572 2226 verecundiae
2611 2173 2660 2227 ei
2688 2173 2886 2243 aliquid
2913 2176 2980 2231 de
3021 2176 3374 2248 eleemosynis

1795 2251 2095 2318 importune
2123 2256 2323 2325 dicere,
2345 2276 2500 2330 quem
2550 2273 2758 2319 constat
2803 2281 2908 2320 non
2941 2281 3026 2322 res
3076 2283 3221 2333 suas,
3276 2267 3370 2322 sed

1793 2344 1860 2397 ad
1893 2345 2305 2412 dispensandum
2364 2367 2453 2407 res
2499 2369 2787 2422 pauperum
2819 2359 3036 2412 habere.
3094 2360 3169 2415 De
3195 2360 3370 2414 causis

1794 2436 1970 2507 itaque
1994 2436 2020 2475 δ
2051 2443 2312 2498 mercedis
2340 2446 2477 2514 apud
2507 2447 2813 2518 episcopum
2857 2451 3023 2507 libere
3065 2467 3226 2522 agere
3275 2453 3370 2508 de-

1793 2527 2001 2597 buistis,
2030 2534 2235 2589 etiamsi
2263 2551 2438 2591 meum
2483 2540 2721 2595 animum
2751 2544 2921 2612 qualis
2969 2544 3019 2598 in
3051 2557 3232 2598 amore
3275 2558 3372 2598 ve-

1791 2629 1903 2675 stro
1933 2624 2188 2680 existeret
2217 2629 2507 2686 nesciretis.
2551 2631 2839 2703 Postquam
2871 2635 3008 2689 enim
3039 2643 3093 2689 et
3121 2651 3218 2690 nos
3254 2651 3370 2690 om-

1792 2713 1922 2766 nino
1981 2715 2205 2784 gloriam
2254 2731 2487 2776 vestram
2544 2724 2832 2794 diligimus,
2877 2735 2933 2781 et
2985 2727 3367 2796 diSpensatoris

1790 2803 1964 2861 locum
1996 2807 2048 2862 in
2091 2811 2268 2878 rebus,
2299 2814 2436 2867 sicut
2466 2815 2633 2881 scitis,
2667 2834 2954 2887 pauperum
2981 2828 3243 2886 tenemus,
3277 2835 3369 2875 ve-

1788 2906 1916 2966 stra,
1951 2900 2138 2967 fateor,
2167 2907 2486 2960 verecundia
2512 2908 2668 2963 valde
2697 2911 3008 2965 accusabilis
3045 2912 3158 2966 fuit.
3192 2912 3360 2976 Quam

1788 2989 1909 3044 ideo
1936 2999 2013 3046 tot
2039 2994 2215 3048 verbis
2235 2994 2559 3066 increpando
2583 3000 2858 3068 insequor,
2904 3011 2962 3054 ut
2986 3002 3121 3055 lianc
3147 3017 3174 3054 a
3197 3002 3361 3057 corde

1788 3093 1964 3137 vestro
1988 3083 2222 3140 funditus
2254 3090 2526 3155 repellam,
2556 3100 2610 3144 et
2637 3092 2689 3144 in
2714 3092 2973 3146 mercedis
3021 3093 3196 3146 causis
3242 3108 3361 3146 ma.

1786 3191 1942 3245 gnum
1973 3177 2220 3232 solatium
2251 3190 2440 3235 veStrae
2471 3184 2788 3250 provisionis
2819 3184 3062 3240 habeam.
3090 3185 3358 3240 Monaste-

1787 3267 1865 3322 rio
1892 3268 2068 3338 itaque
2099 3281 2298 3335 vestro,
2330 3274 2471 3341 quod
2521 3289 2547 3326 a
2582 3275 2730 3329 vobis
2786 3276 2838 3329 in
2885 3276 3172 3331 Catanensi
3230 3276 3362 3331 urbe

1784 3372 2146 3419 constructum
2170 3375 2269 3432 est,
2298 3381 2390 3435 per
2411 3367 2703 3422 Adrianum
2730 3367 2993 3422 notarium
3016 3378 3068 3422 et
3096 3377 3357 3424 rectorem

1783 3454 2101 3523 patrimonii,
2133 3457 2328 3512 emissa
2357 3460 2606 3528 praecepti
2657 3460 2867 3530 pagina,
2919 3460 3103 3516 decem
3153 3475 3359 3514 annuos

1779 3546 1979 3602 solidos
2007 3548 2120 3601 dari
2152 3549 2552 3625 deputavimus,
2587 3565 2721 3620 quos
2754 3553 2983 3620 petimus
3009 3553 3125 3607 sine
3163 3551 3357 3621 injuria

1779 3639 2001 3706 suscipi,
2036 3639 2157 3708 quia
2188 3655 2292 3695 non
2326 3640 2439 3694 haec
2468 3642 2617 3697 vobis
2648 3653 2828 3698 nostra
2859 3643 3077 3709 oblatio,
3107 3644 3199 3698 sed
3228 3658 3354 3697 san-

1778 3729 1846 3781 cti
1907 3727 2047 3784 Petri
2108 3730 2474 3800 apostolorum
2532 3733 2784 3804 principis
2840 3732 3141 3790 benedictio
3192 3732 3354 3790 oder-

1779 3826 1864 3874 tur
1896 3829 1944 3872 ε.

2316 3894 2644 3951 EPISTOLA
2686 3894 2804 3950 ΧΧ.

2004 4001 2074 4040 AD
2111 4001 2377 4042 HONORIUM
2419 4005 2760 4045 TARENTINUM
2799 4005 3104 4047 EPISCOPUI.

2059 4079 2360 4136 Construrto
2389 4082 2678 4151 baptisteria
2705 4085 2782 4138 uti
2823 4087 3086 4152 permittit.

1845 4169 2132 4238 Gregorius
2179 4180 2208 4210 ι
2243 4172 2479 4229 Honorio
2505 4174 2761 4245 episcopo
2791 4174 3100 4230 Tarentino.

1847 4258 2197 4316 Fraternitate
2239 4271 2327 4318 tua
2384 4264 2648 4321 indicante
2694 4266 2975 4320 didicimus
3025 4267 3078 4318 in
3136 4267 3352 4321 civitate

1777 4352 2079 4423 Tarentina,
2113 4355 2163 4408 in
2214 4370 2314 4424 qua
2367 4369 2596 4425 prmesse
2648 4357 2998 4426 dignosceris,
3032 4356 3082 4410 in
3131 4356 3353 4412 ecclesia

1778 4454 1978 4498 sanctae
2011 4445 2190 4499 Mariae
2239 4446 2608 4513 baptisterium
2640 4455 2691 4501 te
2731 4451 2941 4502 noviter
2968 4448 3351 4502 construxisse.

1780 4539 1846 4593 Et
1875 4540 2015 4608 ideo,
2045 4538 2210 4597 frater
2239 4541 2574 4609 charissima,
2623 4543 2871 4612 praesenti
2902 4541 3214 4595 auctoritate
3258 4555 3350 4597 su-

157 4661 336 4745 Ertsr.
375 4662 551 4745 ξενιᾳ
576 4663 684 4736 [ΑΙ.
725 4663 949 4745 219.]._—
977 4672 1001 4699 θ
1037 4665 1252 4745 Εκριξξί,
1284 4665 1664 4727 reluctantibus
1693 4678 1747 4738 D
1772 4673 1963 4728 Rhem.
1997 4676 2186 4743 legitur
2227 4692 2304 4728 me
2329 4676 2526 4736 colitis;
2561 4675 2833 4730 continere
2874 4685 3050 4729 autem
3081 4674 3163 4729 hic
3189 4674 3348 4745 signi-

73 4733 218 4803 Mss.
254 4733 484 4799 Auglic.,
511 4733 718 4798 No'rm”
760 4733 954 4802 Vittic.,
986 4737 1245 4802 specialia.
1532 4796 1539 4803 ,

159 4802 186 4840 b
235 4803 488 4859 Mendose
527 4805 577 4860 in
608 4814 834 4870 recent.,
861 4815 1026 4859 vestra
1052 4807 1123 4860 eis
1169 4807 1372 4861 solatia.
1409 4802 1666 4867 Nimirum

71 4873 305 4930 Adriani
330 4875 495 4930 solius
536 4877 620 4931 hic
648 4877 701 4930 fit
732 4878 949 4930 mentio.

156 4954 184 4982 ο
229 4944 458 5013 Vulgati,
500 4964 586 5015 per
615 4949 893 5003 universas.
932 4947 1196 5004 Carlerum
1239 4951 1453 5006 nomine
1495 4967 1668 5008 sacer-

69 5016 271 5090 dotum
301 5015 400 5070 hoc
446 5018 559 5073 loco
591 5020 925 5090 presbyteros
973 5020 1215 5089 intelligit
1257 5023 1369 5075 sive
1398 5027 1661 5090 paroclios

68 5101 180 5156 per
209 5085 467 5142 diteceses
495 5085 830 5142 constitutos.
853 5089 967 5142 Non
1000 5085 1273 5145 enim'vox
1304 5085 1527 5146 illa‘tam
1562 5095 1657 5147 fuit

69 5156 459 5230 episcoporum
491 5161 723 5228 propria,
757 5170 814 5213 ut
845 5159 1168 5230 presbyteris
1231 5178 1333 5216 non
1381 5162 1538 5216 fuerit
1567 5165 1662 5218 ali-

67 5227 298 5301 quando
328 5229 543 5301 tributa,
571 5227 714 5301 quod
747 5231 944 5284 criticis
989 5227 1256 5287 nonnullis
1311 5233 1523 5301 placuit.
1578 5234 1662 5287 In-

68 5311 204 5352 noc.
245 5298 285 5364 l,
329 5299 485 5367 epist.
516 5298 939 5363 ad’V'ictricium,
993 5317 1042 5356 c.
1077 5301 1108 5352 ti
1156 5311 1211 5356 et
1250 5298 1324 5369 tl,
1367 5303 1661 5358 sacerdotis

67 5369 298 5453 nomine
319 5370 722 5453 comprehendit
746 5373 1099 5452 presbyteros.
1127 5372 1266 5453 Ideni
1293 5374 1481 5453 videre.
1496 5383 1575 5428 est
1604 5375 1656 5453 in

66 5438 323 5522 ejusdem
346 5441 503 5522 epilt.
526 5441 598 5522 ad
617 5438 1099 5522 Ex_t_tperium,_cap.
1126 5444 1174 5494 l.
1209 5443 1296 5522 Sic
1326 5443 1557 5522 incipist.
1588 5443 1654 5522 ad

71 5509 400 5581 Decentium
433 5511 637 5580 Eugub.
667 5511 868 5566 dixerat
894 5530 908 5566 :
950 5511 1085 5564 Nam
1126 5512 1401 5581 presbyteri
1421 5514 1533 5566 licet
1563 5517 1663 5569 sint

65 5580 390 5646 sacerdotes,
419 5591 522 5637 etc.
575 5583 665 5639 Sic
712 5583 777 5637 ad
831 5580 1131 5639 Himerium
1161 5582 1399 5638 Stricius.
1451 5583 1577 5642 Vide
1606 5586 1660 5642 in

66 5651 236 5721 epist.
265 5649 331 5704 l3
361 5653 453 5707 lib.
487 5669 565 5707 ιιι.
591 5714 594 5716 γ

150 5721 333 5795 Eptsr.
378 5723 502 5779 XIX
541 5722 647 5794 [ΑΙ.
691 5722 803 5795 25].
845 5754 914 5764 —
940 5733 964 5761 ⁸
989 5725 1069 5779 .Ita
1102 5739 1288 5779 omnes
1317 5724 1524 5791 Norm.,
1557 5725 1662 5780 Va-

68 5793 200 5862 tic.,
226 5792 491 5866 Golbert.,
523 5792 656 5866 Reg.
682 5803 736 5851 et
765 5792 1004 5880 plerique
1033 5795 1157 5852 Mss.
1199 5811 1260 5853 ac
1300 5797 1555 5881 potiores.
1600 5798 1661 5856 ln

1773 4746 1891 4799 licat
1923 4747 2111 4814 fovere,
2145 4749 2406 4816 adjuvare.
2444 4745 2576 4800 Vide
2606 4759 2788 4816 supra,
2839 4747 2928 4800 lib.
2980 4761 3030 4810 ν,
3065 4747 3220 4814 epist.
3257 4747 3348 4812 5.0,

1774 4826 1898 4868 nota
1951 4816 1998 4869 ὁ.
2035 4815 2228 4870 Eadem
2278 4817 2482 4870 ratione
2533 4815 2860 4870 continentia
2911 4817 3049 4882 apud
3103 4825 3346 4870 sanctum

1773 4884 2089 4958 Gregorium
2122 4897 2202 4939 (Erl
2228 4886 2571 4957 stipendium,
2606 4896 2661 4940 ut
2702 4902 2767 4940 ex
2794 4888 2949 4957 epist.
2984 4886 3051 4940 5'2
3083 4887 3200 4942 libri
3227 4904 3255 4940 v
3287 4889 3350 4942 li-

1768 4969 1912 5025 quet,
1945 4958 1994 5009 in
2025 4966 2144 5010 nota
2169 4974 2222 5010 ε.

1837 5050 1864 5088 ιι
1909 5049 2073 5118 llnjus
2104 5049 2250 5103 vocis
2280 5064 2382 5103 non
2416 5049 2612 5117 ubique
2655 5065 2843 5105 sensus
2895 5051 3035 5104 idem
3089 5060 3171 5105 est
3213 5051 3348 5119 apud

1769 5120 2112 5191 Gregorium;
2159 5119 2441 5188 aliquando
2472 5123 2613 5175 enim
2656 5122 2884 5175 sumitur
2911 5137 3006 5190 pro
3037 5123 3344 5176 misericor-

1770 5189 1895 5255 dia,
1923 5191 2110 5271 gallica
2157 5191 2329 5250 merci.
2371 5199 2439 5271 ‘ut
2467 5191 2558 5244 lib.
2607 5207 2685 5271 tu,
2715 5189 3029 5271 epistfib';
3085 5191 3185 5271 line
3237 5193 3352 5271 loco

1769 5276 1897 5315 vero
1931 5263 2136 5314 videtur
2164 5261 2420 5343 sumenda
2448 5263 2830 5343 pra-stipendio
2850 5270 2905 5315 et
2933 5262 3168 5343 praemio,
3203 5264 3344 5343 quod

1769 5341 1913 5385 recta
1948 5332 2206 5387 bonorum
2248 5332 2455 5386 Eccles.
2515 5332 2888 5388 distributione
2937 5342 2991 5388 et
3043 5335 3350 5403 eiOgatione

1767 5405 2072 5472 acquiritur.

1843 5502 1864 5530 ε
1912 5491 1965 5545 In
1996 5492 2165 5546 Editis
2201 5491 2418 5545 additur
2464 5508 2637 5546 mense
2691 5487 3001 5560 Februario,
3051 5494 3234 5550 indict.
3289 5494 3344 5563 6,

1769 5563 1910 5634 quod
1941 5563 2093 5618 abest
2119 5565 2186 5618 ab
2225 5563 2472 5618 omnibus
2502 5565 2629 5618 Mss.
2663 5565 2880 5618 nostris.

1842 5658 2016 5711 EPIST.
2057 5655 2155 5710 XX
2195 5656 2301 5728 [AL
2343 5656 2462 5728 Ἡ]ἒ
2488 5664 2595 5698 -ι
2621 5655 2691 5728 In
2732 5673 2837 5711 uno
2863 5673 2893 5713 e
2916 5659 3235 5714 Colbertinis
3265 5659 3349 5716 in-

1765 5707 2015 5790 scribitur
2033 5707 2408 5798 meamet
2419 5707 2574 5784 ’Bono
2605 5707 3200 5806 Ερεδὲὄροῖᾱὶἱιῖἰέῐὶὸῖ
