3928 6342
168 296 197 350 1
211 293 317 348 27⁸7

835 290 1309 353 EPISTOLARUM
1346 292 1474 349 LIB.
1518 292 1655 350 Xlll.
1696 322 1768 338 —-
1803 291 2051 352 INDICT.
2096 295 2181 354 Vl.
2221 325 2292 339 -
2330 297 2546 357 EPIST.
2592 300 2779 358 XXVI.

3296 302 3434 359 1278

161 410 491 481 qualitatem
559 408 830 465 subtiliter
900 408 1275 472 addiscentes.
1347 408 1476 479 quid
1537 408 1606 464 de
1664 408 2070 480 bisApereat;
2122 412 2218 467 sed
2256 422 2313 470 et
2354 415 2507 471 nobis
2551 431 2777 487 quaeque
2821 427 2938 476 acta
2987 418 3182 475 fuerint
3224 436 3433 477 renun-

157 518 293 574 quae
331 502 469 572 petit
494 501 613 558 fieri
650 500 848 558 debeat
886 501 1004 558 sine
1044 501 1317 557 dubietate
1354 499 1528 572 aliqua
1572 501 1751 573 dispo-

157 612 383 655 nm
682 666 1009 725 EPISTOLA
1051 664 1235 725 XXIV.

579 776 646 815 AD
683 775 909 816 SAVINUI
949 775 1335 816 SUBDIACONUI.

156 852 402 911 Proculo
432 853 670 925 episcopo
698 869 758 907 ea
785 868 898 922 qua:
934 868 1021 923 per
1050 852 1327 925 absentiam
1365 867 1508 907 suam
1540 852 1749 925 fuerant

528 928 756 997 neglecta
785 925 1043 993 reparanli
1070 938 1214 995 apem
1251 924 1402 993 ferat.

237 1015 529 1088 Gregorius
554 1014 754 1071 Savino
782 1014 1109 1070 subdiacono
1147 1014 1468 1085 regionario.

237 1109 418 1178 Quare
457 1109 777 1165 venerabilis
806 1109 969 1163 frater
997 1118 1181 1163 noster
1202 1118 1229 1146 ι
1252 1107 1511 1163 Proculus
1538 1109 1748 1179 episco-

153 1218 269 1275 pus
299 1205 367 1259 ab
388 1203 629 1261 Ecclesia
658 1218 753 1259 sua
783 1202 872 1258 diu
900 1199 1127 1257 abfuerit
1158 1202 1483 1270 experientia
1512 1212 1598 1257 tua
1633 1218 1740 1257 non

162 1298 401 1367 ignorat.
429 1294 509 1352 Ad
531 1311 686 1367 quam
712 1296 961 1366 quoniam
991 1294 1097 1349 Deo
1122 1294 1346 1363 propitio
1368 1294 1555 1348 habita
1581 1308 1741 1362 nunc,

150 1397 224 1444 ut
265 1389 519 1459 oportuit,
560 1386 939 1443 satisfactionis
984 1388 1296 1457 purgatione
1344 1400 1593 1441 reversus
1641 1396 1740 1453 est,

152 1493 233 1534 ne
262 1478 400 1534 forte
426 1493 520 1547 per
542 1477 660 1548 ejus
683 1478 983 1533 absentiam
1014 1479 1067 1532 in
1093 1478 1272 1548 aliquo
1303 1477 1556 1534 Ecclesiae
1579 1478 1743 1548 ipsius

152 1571 237 1626 sit
267 1571 509 1643 neglecta
551 1570 771 1637 utilitas,
823 1579 919 1625 aut
966 1571 1139 1641 aliqua
1191 1570 1301 1626 sint
1343 1570 1413 1625 de
1464 1570 1581 1641 ejus
1625 1570 1745 1640 jure

149 1666 453 1731 subtracta,
503 1679 753 1735 reparare
780 1679 843 1721 ea
873 1664 958 1721 vel
1001 1666 1269 1735 corrigere
1306 1664 1539 1734 cupienti
1584 1664 1658 1718 illi
1690 1664 1741 1718 in

152 1759 410 1815 omnibus
430 1760 676 1829 aequitate
706 1766 913 1813 servata
943 1759 1181 1814 solatiari
1221 1768 1273 1814 te
1309 1759 1551 1813 volumus
1583 1768 1740 1829 atque

154 1868 504 1919 concurrere,
536 1862 610 1919 ut,
642 1861 727 1907 tua
758 1853 1106 1922 opitulatione
1133 1852 1405 1916 suffultus,
1433 1850 1484 1907 in
1512 1850 1594 1906 his
1621 1866 1741 1922 quae

153 1946 231 2000 ab
258 1961 324 2001 eo
370 1943 574 2015 agenda
615 1953 761 2010 sunt,
814 1959 912 2007 nec
944 1941 1314 2000 difficultatem
1345 1944 1572 2014 aliquam
1605 1960 1740 2013 quo-

154 2036 405 2092 rumdam
446 2035 823 2107 impedimento
859 2036 1142 2107 sustineat,
1198 2051 1300 2093 nec
1327 2035 1523 2093 diutius
1550 2036 1741 2094 debeat

153 2130 426 2188 laborare.

678 2199 1005 2257 EPISTOLA
1052 2200 1223 2258 XXV.

573 2311 640 2350 AD
678 2309 903 2351 SAVINL'II
944 2308 1322 2351 SUBDIAGONUM.

156 2388 371 2445 Maneat
440 2387 749 2442 Palumbum
816 2388 1111 2457 episcopum
1168 2397 1225 2441 ut
1275 2403 1354 2441 res
1393 2384 1741 2443 Ecclesiarum

232 2471 435 2533 tueatur
491 2460 811 2531 diligentius,
872 2459 952 2513 sin
1003 2460 1175 2513 minus
1226 2470 1395 2529 partes
1436 2458 1579 2514 illius
1629 2461 1741 2533 ipse

231 2531 453 2602 expleat.
981 2537 988 2548 '

234 2623 524 2694 Gregorius
548 2622 747 2680 Savino
772 2621 1105 2679 subdiacono
1131 2623 1455 2695 regionario.

233 2717 487 2774 Pervenit
526 2717 594 2773 ad
637 2733 737 2773 nos
783 2718 1289 2774 reverendissimum
1328 2721 1542 2776 fratrem
1571 2730 1626 2777 et
1649 2736 1741 2778 co-

156 2812 468 2882 episcopum
492 2822 730 2867 nostrum
755 2818 781 2847 ε
804 2810 1137 2878 Palumbum,
1163 2813 1302 2880 quod
1327 2814 1429 2867 dici
1454 2828 1615 2882 grave
1635 2822 1738 2881 est,

160 2903 417 2961 Ecclesia:
445 2919 557 2959 suae
584 2903 668 2960 vel
699 2903 1070 2974 parochiarum
1099 2918 1291 2960 causas
1320 2906 1525 2976 1235
1556 2915 1610 2961 et
1635 2907 1739 2961 uti-

158 2998 342 3054 litates
367 2998 659 3069 negligere,
695 3008 754 3053 ut
782 3013 889 3053 non
919 2998 1093 3054 solum
1120 3013 1208 3054 res
1233 2999 1439 3069 aliquas
1471 3000 1553 3053 vel
1584 3015 1740 3055 man-

160 3091 307 3163 cipia
333 3105 536 3157 earum,
565 3080 667 3147 sed'
688 3092 850 3145 etiam
888 3099 944 3146 et
986 3091 1279 3147 ministeria
1321 3092 1460 3161 apud
1501 3093 1739 3148 diversos

1858 507 1990 565 tiare
2020 507 2235 574 festina,
2263 520 2321 565 ut
2348 525 2376 565 a
2407 512 2559 567 nobis
2584 513 2712 580 quid
2742 522 2862 584 post
2888 519 2991 571 hoc
3023 514 3197 571 facere
3226 515 3429 574 debeas

1850 597 2149 657 instruaris.
2176 598 2203 639 δ
2226 600 2355 657 Data
2384 618 2569 660 mense
2597 603 2791 672 Martii,
2824 605 3010 662 indict.
3048 607 3103 663 6.

2361 713 2691 770 EPISTOLA
2730 714 2919 771 XXVI.

2218 821 2286 862 ΑΒ
2322 821 2633 861 ANTIEIIUI
2671 822 3056 866 SUBDlACONUI.

1850 894 2117 953 Ρωιὴωῆ
2137 898 2358 969 episcopi
2383 900 2746 1026 negligenhtiai‘r’i
2776 917 2950 1025 forum
2987 900 3185 956 selectis
3210 898 3429 956 testibus

2457 987 2603 1026 rare
2639 988 2699 1026 en
2740 990 2769 1026 a
2800 1010 2815 1026 .

2457 987 2815 1043 reprenenaat.

1923 1059 2214 1132 Gregorius
2242 1060 2532 1117 Anthemio
2563 1061 2894 1117 subdiacono
2921 1062 3247 1134 Campania.

1922 1153 2175 1209 Pervenit
2200 1154 2264 1208 ad
2297 1169 2397 1209 nos
2427 1154 2645 1210 fratrem
2677 1166 2732 1210 et
2760 1157 3133 1225 coepiscopum
3183 1163 3427 1211 nostrum

1848 1246 2197 1302 Pasc’hasium
2229 1246 2299 1300 ita
2338 1246 2577 1302 desidem
2622 1247 3083 1319 negligentemque
3124 1248 3174 1302 in
3216 1248 3430 1305 cunctis

1848 1337 2082 1393 existere
2109 1335 2306 1409 (Grat.,
2347 1338 2468 1393 dist.
2511 1336 2602 1403 84,
2647 1356 2695 1393 c.
2743 1339 2820 1408 1),
2863 1340 2998 1393 utin
3030 1322 3178 1393 nullo
3201 1340 3321 1407 quia
3347 1346 3432 1397 est

1847 1430 2130 1500 episcopus
2152 1439 2503 1500 agnoscatur;
2535 1431 2677 1487 adeo
2699 1439 2759 1487 ut
2779 1445 2951 1503 neque
2974 1432 3209 1487 Ecclesia
3237 1432 3427 1501 ipsius,

1846 1536 2021 1594 neque
2046 1524 2393 1589 monasteria,
2426 1534 2447 1559 η
2479 1524 2593 1581 sive
2620 1524 2738 1593 fllii,
2769 1524 2851 1581 vel
2882 1526 3120 1595 oppressi
3140 1539 3426 1594 pauperes,

1846 1620 1960 1688 ejus
2003 1633 2125 1690 erga
2165 1633 2225 1674 se
2262 1619 2561 1675 dilectionis
2598 1620 2830 1676 studium
2874 1622 3133 1686 sentiant,
3177 1636 3279 1676 nec
3328 1620 3429 1675 ali-

1846 1726 2004 1781 quam
2043 1712 2463 1780 supplicantibus
2504 1712 2606 1769 sibi
2634 1714 2685 1768 in
2711 1714 2904 1784 quibus
2930 1714 3127 1784 justum
3157 1724 3241 1769 est
3268 1728 3424 1785 opem

1768 1794 2168 1858 Bdefensionis
2199 1803 2587 1873 accommodet,
2641 1812 2721 1872 et,
2767 1804 2908 1875 quod
2958 1804 3130 1859 adhuc
3183 1804 3291 1859 dici
3344 1810 3429 1859 est

1847 1896 2095 1967 gravius,
2146 1895 2371 1951 consilia
2420 1897 2720 1966 sapientum
2778 1908 2831 1952 et
2886 1905 3033 1952 recta
3083 1894 3423 1951 suadentium

1845 1990 1988 2043 nulla
2039 1990 2274 2059 patiatur
2321 1990 2530 2047 ratione
2577 1992 2876 2061 suscipere,
2929 2001 2986 2045 ut
3036 1990 3175 2060 quod
3227 2006 3318 2057 per
3365 2003 3425 2045 se

1843 2078 2029 2150 nequit
2069 2080 2368 2145 attendere,
2405 2082 2473 2135 ab
2512 2082 2618 2136 alio
2663 2082 2849 2135 saltem
2896 2081 3059 2150 possit
3105 2079 3421 2143 addiscere;

1842 2172 1963 2238 sed,
1998 2173 2158 2227 rebus
2186 2188 2304 2243 qua}
2334 2172 2402 2229 ad
2431 2175 2661 2243 pastoris
2686 2187 2872 2229 curam
2904 2173 3169 2243 pertinent
3197 2179 3422 2240 printer-

1843 2262 2045 2327 missis,
2092 2263 2159 2316 ad
2192 2262 2555 2319 fabricandum
2599 2279 2762 2319 naves
2794 2273 2908 2319 toto
2935 2279 2994 2318 se
3023 2263 3197 2317 studio
3225 2258 3426 2315 inutili-

1844 2363 1924 2410 ter
1948 2369 2227 2424 occupare.
2268 2355 2439 2423 Unde,
2485 2356 2625 2411 sicut
2664 2356 2854 2421 fertur,
2906 2354 3127 2424 contigit
3172 2351 3425 2422 quadrin-

1842 2456 2034 2517 gentos
2062 2447 2209 2501 illum
2237 2457 2328 2502 aut
2354 2449 2581 2517 amplius
2602 2447 2712 2519 jam
2738 2446 2939 2502 solidos
2969 2443 3285 2516 perdidisse.
3314 2443 3426 2499 Hoc

1844 2553 2059 2609 quoque
2104 2539 2223 2610 ejus
2280 2540 2452 2610 culpis
2502 2540 2827 2610 adjungitur,
2878 2539 3018 2609 quod
3072 2539 3141 2592 ita
3189 2535 3426 2606 quotidie

1843 2631 2126 2703 despectus
2178 2647 2301 2688 cum
2350 2648 2457 2688 uno
2495 2643 2584 2687 aut
2622 2633 2829 2689 duobus
2868 2632 3079 2688 clericis
3117 2630 3310 2685 dicitur
3355 2629 3424 2685 ad

1842 2741 1991 2783 mare
2035 2728 2384 2796 descendere,
2439 2739 2493 2783 ut
2533 2738 2587 2783 et
2616 2728 2753 2799 apud
2801 2742 2926 2791 suos
2953 2728 3004 2781 in
3034 2724 3207 2782 fabula
3239 2725 3328 2790 sit,
3372 2732 3427 2779 et

1844 2822 2115 2877 extraneis
2144 2822 2223 2879 sic
2265 2824 2385 2878 vilis
2414 2839 2474 2879 ac
2503 2823 2847 2894 despicabilis
2891 2823 3152 2887 videatur,
3198 2828 3255 2874 ut
3294 2817 3425 2873 nihil

1847 2913 2046 2970 habere
2075 2917 2125 2970 in
2156 2932 2214 2971 se
2237 2916 2557 2987 episc0palis
2586 2919 2667 2971 vel
2700 2917 2840 2988 genii
2870 2917 2955 2972 Vel
2991 2916 3308 2971 reverentia:
3332 2914 3426 2983 ju-

1844 3005 2071 3062 dicetur.
2114 3008 2264 3076 Quod
2310 3010 2356 3064 si
2403 3012 2473 3064 ita
2523 3020 2623 3075 est,
2673 3025 2776 3065 non
2817 3010 2932 3065 sine
2980 3010 3136 3079 culpa
3185 3018 3270 3062 tua
3300 3020 3421 3061 esse

1846 3112 2169 3167 cognoscas,
2222 3097 2248 3137 ι’
2300 3102 2390 3171 qui
2443 3114 2564 3155 eum
2615 3101 2900 3172 objurgare
2948 3110 3104 3169 atque
3149 3109 3422 3161 coercere,

159 3200 286 3243 esse
312 3184 523 3242 incaute
546 3186 797 3256 patiatur.
822 3184 975 3253 Quod
1002 3184 1076 3239 ita
1114 3199 1236 3241 esse
1262 3184 1365 3240 hoc
1391 3186 1552 3241 etiam
1582 3187 1737 3242 nobis
1765 3189 1811 3252 C
1847 3192 2057 3262 1236
2085 3201 2139 3245 ut
2167 3192 2383 3262 dignum
2408 3203 2491 3248 est
2508 3234 2521 3258 ,
2543 3193 2812 3247 distulisti.
2837 3192 2965 3258 Quia
2991 3206 3118 3261 ergo
3136 3190 3236 3243 hoc
3254 3196 3420 3243 totum

160 3296 229 3338 ex
258 3290 407 3351 parte
439 3280 617 3352 aliqua
646 3280 820 3336 innuit
846 3294 911 3336 ac
941 3280 1246 3346 conﬁrmat,
1280 3280 1421 3350 quod
1451 3281 1743 3352 Gregorius

163 3376 307 3435 lator
347 3375 715 3444 prmsentium,
758 3374 849 3444 qui
874 3373 1011 3444 juris
1033 3388 1093 3429 se
1119 3372 1431 3429 Emolitana:
1462 3375 1739 3448 Ecclesiae,

160 3483 286 3539 qua:
313 3470 363 3524 in
386 3468 501 3539 ejus
528 3467 746 3524 dimcesi
768 3467 1059 3523 constituta
1088 3475 1189 3532 est,
1223 3478 1345 3523 esse
1372 3467 1641 3537 perbibet,
1672 3471 1739 3527 ab

158 3563 274 3618 alio
295 3576 355 3619 se
385 3561 643 3629 indebite,
676 3575 741 3617 eo
768 3569 1033 3630 praesente
1051 3605 1064 3630 ,
1099 3562 1341 3633 queritur
1368 3563 1589 3618 servitio
1613 3565 1741 3622 sub-

146 3657 352 3730 jugari.
382 3657 610 3727 Ideoque
646 3655 974 3725 experientia
1019 3665 1109 3711 tua
1157 3656 1467 3725 praedictum
1516 3656 1737 3717 fratrem

152 3759 404 3805 nostrum
450 3748 659 3803 studeat
711 3762 1085 3815 commonere,
1141 3754 1199 3802 ut
1243 3762 1332 3803 res
1381 3749 1738 3809 Ecclesiarum

148 3845 246 3901 vel
276 3844 645 3914 parocliiarum
693 3855 909 3897 suarum
948 3845 1063 3897 sive
1100 3841 1415 3910 ministeria,
1446 3844 1737 3901 rationabi-

149 3939 285 3994 liter
324 3934 553 3990 vindicet
603 3943 768 4003 atque
811 3932 1099 3999 defendat,
1148 3940 1199 3989 et
1241 3935 1311 3988 ab
1348 3935 1465 3990 aliis
1506 3936 1737 3993 detineri

148 4034 307 4089 nullo
336 4034 493 4088 modo
520 4032 768 4103 patiatur.
803 4031 856 4085 In
887 4045 989 4102 qua
1024 4046 1083 4087 re
1114 4047 1180 4086 ne
1216 4047 1376 4102 quam
1407 4030 1544 4089 forte
1570 4050 1732 4091 excu-

146 4126 417 4184 sationem
446 4126 621 4182 Valeat
646 4125 907 4193 invenire,
943 4134 1031 4179 tua
1059 4125 1108 4181 ei
1137 4124 1381 4183 volumus
1404 4130 1549 4183 salva
1570 4131 1735 4200 tequi-

144 4229 268 4276 tate
310 4220 497 4275 adesse
540 4218 747 4273 solatia.
797 4216 966 4285 Quem
996 4218 1042 4272 si
1074 4218 1225 4283 forte,
1259 4227 1315 4273 ut
1343 4219 1599 4275 hactenus
1627 4237 1733 4276 ex-

142 4311 311 4379 stitit,
342 4310 538 4365 videris
567 4323 685 4364 esse
725 4309 1101 4379 negligentem,
1135 4324 1195 4364 ea
1228 4326 1345 4379 quae
1387 4326 1506 4366 eum
1551 4312 1729 4373 facere

140 4398 463 4474 Oportucrat
490 4412 542 4457 te
567 4418 727 4474 agere
753 4402 999 4456 volumus
1024 4411 1077 4458 et
1114 4402 1337 4469 implere
1368 4403 1419 4457 in
1456 4406 1727 4474 omnibus,

138 4504 413 4568 quatenus
455 4494 819 4551 Ecclesiarum
868 4495 1069 4549 utilitas
1112 4496 1254 4550 nulla
1301 4497 1581 4551 occasione
1628 4498 1727 4553 de-

221 4654 398 4710 Eprsr.
441 4654 609 4738 XXIV
638 4654 745 4725 (Al.
917 4683 987 4694 —

221 4734 364 4779 terat.
395 4744 458 4779 ex
487 4736 641 4779 eotst.
670 4726 759 4779 48.
803 4730 833 4777 lt
858 4742 893 4779 ι.
922 4742 973 4779 tx

136 4734 364 4791 coterae,
395 4744 458 4783 ex
487 4728 641 4790 epist.
670 4726 759 4781 48.
803 4726 893 4780 lib.
922 4742 1002 4790 ix,
1028 4726 1212 4784 indict.
1235 4726 1290 4781 2.

219 4797 395 4852 Eptsr.
443 4797 587 4853 XXV
628 4797 734 4868 [ΑΙ.
766 4794 877 4867 50].
910 4825 973 4837 -
1005 4806 1029 4833 α
1062 4799 1230 4852 Antea
1279 4798 1581 4867 Proculum,
1625 4803 1719 4859 sed

136 4881 276 4922 mss.
306 4882 398 4923 sex
436 4870 660 4923 Codices
704 4868 913 4937 Optima:
962 4878 1121 4938 noue,
1172 4886 1306 4938 quos
1351 4873 1716 4931 consuluinlus

132 4940 335 5009 quibus
374 4940 574 4995 similes
604 4948 728 5009 sunt
759 4939 897 4992 Edit.
938 4937 1095 5001 1504,
1126 4937 1285 5006 1ὓο8,
1318 4938 1476 5009 1559,
1511 4955 1559 4997 ει
1598 4946 1715 5001 alite

131 5007 370 5078 antiquae
416 5011 598 5080 legunt
640 5007 972 5064 Palumbum.
1018 5010 1238 5064 Videtur
1282 5007 1472 5068 autem
1505 5014 1715 5070 l‘alum-

133 5082 240 5151 bus
271 5096 389 5135 esse
412 5082 693 5149 episcopus
721 5082 1045 5145 Consentiae,
1078 5082 1143 5134 de
1181 5098 1284 5151 quo
1324 5085 1381 5137 fit
1422 5086 1620 5139 mentio
1658 5088 1709 5141 in

129 5150 295 5220 epist.
328 5153 361 5206 4
396 5154 432 5206 l.
464 5169 553 5216 vtt,
580 5153 763 5208 indict.
788 5154 841 5220 1,
873 5167 1010 5206 nunc
1045 5150 1209 5217 epist
1232 5155 1265 5207 5
1303 5153 1397 5208 lib.
1428 5170 1540 5208 \’lll.
1575 5155 1711 5211 Gus-

128 5236 287 5277 BANV.
324 5224 399 5294 ᾼσΙ
427 5222 680 5294 eumdem
705 5238 925 5294 quoque
940 5224 1122 5294 scribit
1150 5233 1365 5277 sanctus
1392 5224 1705 5294 Gregorius,

126 5294 294 5360 epist.
319 5291 385 5347 17
418 5294 511 5347 lib.
553 5309 623 5358 tt,
672 5293 858 5348 indict.
900 5292 955 5348 2.
996 5292 1264 5348 Laudatur
1312 5295 1424 5348 haec
1454 5291 1609 5361 epist.
1641 5291 1708 5352 ab

127 5363 442 5425 Hincmaro,
467 5365 721 5432 opusculo
750 5364 836 5427 55,
868 5378 918 5419 c.
945 5362 1031 5419 45.
1066 5365 1145 5419 Ah
1174 5365 1361 5418 eodem
1404 5367 1583 5419 multa:
1626 5370 1705 5421 ci-

129 5445 313 5488 tantur
361 5436 599 5503 epistola
627 5436 795 5489 sancti
826 5436 1087 5505 Gregorii,
1121 5445 1178 5488 ut
1204 5436 1355 5487 tertia
1397 5436 1513 5490 libri
1546 5451 1618 5500 ιιι,
1654 5441 1705 5493 in

124 5507 511 5569 capitularibns
538 5506 706 5577 Caroli
738 5506 907 5567 Calvi,
939 5507 1020 5559 tit.
1057 5507 1087 5558 7
1116 5521 1234 5577 cap.
1268 5506 1473 5577 ultimo.
1506 5508 1703 5563 Octava

124 5578 371 5646 ejusdem
414 5578 558 5639 libri,
591 5578 640 5629 in
674 5592 858 5642 opusc.
904 5578 993 5643 55,
1022 5591 1072 5630 c.
1099 5576 1200 5639 l7;
1230 5576 1387 5640 ibid.,
1411 5579 1570 5645 epist.
1602 5580 1702 5631 108

124 5648 328 5701 laudati
360 5647 475 5701 libri
513 5649 657 5701 noui.
705 5648 953 5709 Eiusdem
986 5650 1224 5715 opusculi
1256 5662 1377 5715 cap.
1408 5651 1477 5701 2t)
1505 5652 1702 5704 citatur

125 5718 291 5783 epist.
328 5717 425 5772 107
458 5718 700 5788 praedicti
728 5718 1028 5788 lihri.ll,ap.
1062 5720 1152 5784 22,
1183 5717 1411 5772 refertur
1439 5721 1599 5788 epist.
1625 5720 1696 5777 45

123 5790 249 5849 libri
279 5803 353 5855 st,
380 5792 446 5844 ad
462 5787 832 5846 "fiteoctistam
862 5787 929 5844 de
967 5792 1159 5847 lneresi
1200 5787 1536 5860 infamatam;
1570 5806 1689 5863 cap.

1848 3299 1954 3338 non
1984 3286 2161 3339 solum
2189 3288 2362 3355 ipsum
2403 3286 2679 3355 reprobat,
2711 3284 2805 3341 sed
2834 3284 2996 3341 etiam
3022 3285 3087 3338 ad
3118 3281 3421 3336 sacerdota-

1844 3376 1909 3429 lis
1949 3375 2111 3431 officii
2150 3378 2420 3446 pertinere
2464 3378 2723 3447 probatur
2760 3375 3127 3446 opprobrium,
3179 3371 3421 3426 volumus

1844 3478 1901 3524 ut
1941 3485 2063 3526 eum
2102 3485 2282 3527 coram
2329 3472 2449 3527 aliis
2495 3472 2867 3526 sacerdotibus
2896 3470 2977 3524 vel
3006 3466 3321 3539 quibusdam
3352 3464 3419 3520 de

1843 3562 1969 3617 filiis
1996 3563 2107 3618 suis
2138 3562 2407 3619 nobilibus
2448 3563 2739 3619 contestari
2773 3577 2868 3633 pro
2895 3562 2993 3616 ha'c
3024 3576 3081 3615 re
3114 3558 3330 3623 debeas,
3365 3564 3417 3611 et

1842 3658 2114 3711 adhortari
2145 3668 2221 3722 ut,
2254 3658 2380 3712 vitio
2419 3659 2650 3727 torporis
2689 3672 2941 3720 excusso,
2970 3656 3125 3710 deses
3154 3667 3274 3709 esse
3310 3666 3416 3706 non

1841 3748 2050 3813 debeat,
2086 3750 2179 3804 sed
2212 3750 2263 3804 in
2296 3750 2547 3805 Ecclesiae
2570 3765 2695 3819 sua:
2727 3765 2788 3804 ac
2818 3749 3260 3804 monasteriorum
3291 3760 3415 3799 cura

1839 3845 1906 3899 sit
1934 3845 2174 3913 vigilans,
2208 3856 2477 3914 paternam
2509 3846 2633 3902 filiis
2661 3850 2771 3902 suis
2799 3846 3114 3902 charitatem
3147 3842 3415 3909 exhibeat,

1838 3937 1888 3991 in
1914 3935 2277 3994 defensionem
2308 3955 2596 4010 pauperum
2628 3955 2745 3994 cum
2775 3937 3119 4004 discretione,
3147 3935 3196 3989 in
3224 3934 3414 4003 quibus

1831 4029 2037 4099 justitia
2090 4033 2361 4102 suaserit,
2410 4036 2478 4088 sit
2529 4043 2778 4097 erectus,
2833 4031 3055 4087 consilia
3109 4028 3411 4097 sapientum

1836 4123 2068 4179 libenter
2095 4128 2371 4197 suscipiat,
2405 4140 2666 4196 quatenus
2696 4137 2750 4182 et
2770 4126 2959 4182 civitas
2992 4124 3074 4177 illa
3109 4123 3223 4191 ejus
3253 4125 3413 4189 queat

1833 4216 2191 4273 sollicitudine
2221 4219 2511 4286 consolari,
2559 4230 2612 4274 et
2659 4220 2771 4287 ipse
2802 4217 3018 4273 desidia:
3068 4228 3177 4268 sua:
3224 4212 3411 4280 culpas

1834 4309 2009 4364 valeat
2036 4310 2264 4379 operire.
2310 4308 2365 4366 Si
2400 4325 2553 4379 vero,
2605 4308 2747 4381 quod
2794 4326 2898 4364 non
2949 4306 3238 4367 credimus.
3292 4307 3410 4370 1³0⁵⁸

1832 4401 1968 4458 hanc
1997 4403 2420 4458 adhortationem
2452 4411 2687 4457 nostram
2730 4401 2885 4457 solito
2926 4398 3103 4453 adhuc
3132 4408 3280 4450 more
3312 4408 3409 4447 ne-

1830 4498 2033 4566 gligens
2071 4511 2191 4552 esse
2238 4497 2542 4563 tentaverit,
2575 4497 2641 4550 ad
2674 4500 2773 4549 nos
2819 4500 2901 4547 est
2939 4488 3114 4545 modis
3157 4483 3407 4541 omnibus

1031 4663 1055 4730 ξι
1089 4655 1137 4730 is
1165 4665 1281 4730 erat
1309 4657 1591 4727 episcopus
1622 4658 1720 4715 Ni-
1750 4669 1805 4730 ι)
1827 4656 1917 4724 56,
1972 4659 2141 4730 epist,
2178 4659 2244 4713 15
2274 4658 2507 4726 ejusdem
2532 4656 2653 4730 libri
2680 4670 2736 4707 ιι
2765 4671 2778 4718 ;
2811 4667 2928 4730 cap.
2960 4651 3053 4718 45,
3076 4645 3308 4730 epistola

1828 4720 1944 4783 libri
2128 4729 2182 4783 In
2228 4720 2482 4796 opusculo
2530 4720 3024 4796 dcuiquediseu
3075 4722 3126 4775 in
3176 4720 3401 4787 epistola

1824 4793 2005 4855 Caroli
2045 4801 2190 4855 Calvi
2248 4793 2704 4873 notniiieuscriptii
2736 4795 2799 4873 ad
2844 4793 3133 4873 {adrianuin
3184 4804 3396 4870 papam,

1822 4873 2102 4926 adducitur
2131 4888 2192 4924 (ιχ
2226 4873 2381 4937 epist.
2418 4866 2517 4922 116
2545 4868 2663 4921 libri
2692 4882 2745 4920 ix
2773 4866 2981 4936 insigne
3011 4866 3393 4917 testimonium.

1889 4940 1915 4978 δ
1953 4944 2074 4996 llzcc
2100 4942 2255 4994 nullis
2287 4945 2339 4994 in
2366 4940 2493 4995 Mss.
2528 4941 2842 5009 reperimus.

1896 5014 2074 5066 lirtsr.
2109 5010 2270 5065 XXVI
2305 5010 2412 5081 [ΑΙ.
2453 5008 2563 5080 51].
2591 4999 2709 5081 1—9
2744 5010 2798 5061 In
2824 5005 3066 5081 Excusis,
3100 4999 3399 5081 ﬁlii_Eccle-

1818 5085 1926 5136 site.
1957 5083 2201 5137 Uttimam
2230 5072 2410 5135 vui-cm
2444 5072 2541 5135 nec
2568 5082 2617 5132 in
2656 5080 2942 5140 Vaticanis,
2980 5091 3075 5129 nec
3101 5079 3150 5127 iu
3180 5072 3391 5136 Norm.,

1816 5154 2075 5215 (lolhert.,
2108 5163 2197 5224 aut
2227 5153 2344 5205 aliis
2373 5153 2506 5224 Mss.
2527 5153 2856 5224 reperimus;
2906 5150 3044 5224 unde
3090 5146 3257 5224 illam.
3278 5155 3393 5195 res-

1814 5224 2076 5293 puendam
2135 5222 2417 5287 duximus;
2467 5222 2511 5276 si
2562 5222 2651 5287 qui
2710 5220 3104 5293 tameniipsani
3143 5220 3393 5293 retinere

1816 5283 2098 5361 voluerint,
2136 5309 2228 5362 per
2262 5310 2358 5347 nos
2389 5283 2533 5347 licet.
2566 5283 2661 5359 Qui
2708 5307 2834 5346 vero
2872 5283 2980 5344 sint
3008 5287 3104 5357 filii
3135 5283 3377 5339 Ecclesia:

1811 5366 2064 5419 docemus
2094 5367 2146 5419 in
2178 5364 2315 5418 notis
2344 5366 2406 5417 ad
2438 5367 2594 5429 epist.
2623 5362 2691 5418 56
2722 5363 2816 5417 lib.
2844 5377 2919 5415 Ill.

1881 5433 1907 5473 δ
1942 5436 2078 5489 Dura
2112 5435 2268 5490 verba
2322 5423 2573 5505 episcopo
2619 5452 2646 5487 a
2689 5433 3016 5488 subdiacono
3063 5423 3380 5505 intimanda.

1808 5506 1915 5560 Nec
1945 5507 2140 5561 leviora
2185 5517 2309 5562 sunt
2344 5499 2460 5575 quae
2506 5499 2802 5577 sequuntur
2828 5516 3010 5577 coram
3039 5499 3157 5577 aliis
3183 5510 3384 5577 expro:

1810 5577 2037 5651 branda.
2078 5577 2325 5633 Scribant
2354 5571 2537 5651 sancto
2567 5571 2844 5651 Gregorio,
2879 5574 3075 5651 dicam,
3121 5571 3379 5651 ῂῆηςίῑιέί

1809 5650 2203 5717 correptionem
2257 5650 2575 5716 improbant,
2630 5642 3058 5714 episcopalisqne
3106 5642 3383 5708 dignitatis

1807 5717 1969 5784 lazsae,
1998 5722 2309 5773 acerrimum
2333 5720 2571 5788 ejusdem
2590 5717 2862 5791 dignitatis
2888 5717 3170 5780 vindicem,
3194 5726 3374 5775 reum,

1803 5792 1849 5849 si
1883 5792 2105 5864 possint,
2142 5801 2413 5863 peragant.
2443 5795 2646 5848 Anser.
