3928 6342
478 357 616 419 1279

1662 331 1900 390 SANCTI
1943 326 2268 386 GREGORII
2309 321 2523 380 MAGNI

3597 309 3740 363 1230

478 464 943 528 transmittendus,
972 469 1030 517 ut
1058 460 1145 515 hic
1169 458 1370 526 positus
1394 454 1598 509 discere
1618 448 1789 517 possit
1817 443 1942 513 quid
1967 442 2051 497 vel
2080 446 2130 503 Α
2155 448 2357 509 quaerat
2388 434 2661 491 auxilium.
2696 432 2774 528 Et
2804 432 2925 487 ideo
2972 432 3092 502 quia
3137 430 3271 528 tales
3294 443 3429 528 erga
3455 427 3747 528 subiectos

480 560 711 632 qualiter
760 556 1049 613 secundum
1109 552 1352 608 timorem
1409 545 1501 601 Dei
1563 556 1721 614 agere
1773 537 2054 595 conveniat

483 653 834 713 sacerdotem.
862 663 883 691 ι
918 651 1044 704 Data
1076 632 1258 699 mense
1284 640 1490 701 Martio,
1518 635 1808 691 indictione
1840 632 1895 687 6.

982 734 1312 793 EPISTULA
1347 728 1559 787 XXVII.

858 849 925 887 AD
964 841 1271 886 AHTIIEIIUI
1308 834 1687 880 SUDDIACONUI.

488 927 781 998 Campania
816 924 1074 998 episcopos
1110 918 1271 990 ofﬁcii
1307 916 1395 998 sui
1444 916 1762 998 immemores
1787 914 2058 998 convocet,

561 982 709 1067 atque
738 1007 791 1050 ut
820 982 1125 1067 vigilantius
1144 982 1315 1067 'agant
1344 992 1564 1067 moneat.
1612 982 1673 1037 Si
1704 996 1852 1051 quem
1889 988 2063 1050 postea

560 1056 746 1122 no'verit
773 1056 1020 1129 desidem,
1058 1056 1223 1115 mittat
1253 1058 1402 1112 illum
1441 1056 1678 1109 Romam.

568 1159 855 1229 Gregorius
891 1153 1177 1211 Anthemio
1202 1150 1530 1206 subdiacono
1551 1143 1871 1214 Campania.

564 1250 782 1319 Quoties
802 1249 889 1303 illa
900 1247 967 1302 de
980 1246 1232 1300 fratribus
1253 1239 1688 1312 coepiscopisque
1710 1237 1905 1291 nostris
1921 1233 2070 1288 audi-

493 1359 610 1400 mus
639 1357 759 1411 quae
794 1351 849 1395 et
880 1340 999 1393 illos
1037 1334 1485 1406 reprehensibiles
1503 1328 1803 1391 ostendere,
1844 1335 1898 1381 et
1919 1324 2073 1380 nobis

495 1435 761 1493 tristitiam
789 1433 999 1487 valeant
1018 1444 1296 1501 generare,
1321 1428 1386 1483 de
1397 1440 1580 1482 eorum
1596 1438 1691 1477 nos
1704 1420 2076 1478 emendatione

497 1545 601 1586 non
650 1525 986 1584 mediocriter
1015 1525 1157 1593 cogit
1187 1522 1475 1579 necessitas
1502 1520 1755 1589 cogitare.
1787 1516 1921 1582 Quia
1949 1527 2079 1581 ergo

498 1622 794 1677 nuntiatum
827 1620 979 1674 nobis
1009 1626 1092 1672 est
1137 1613 1439 1684 Campania:
1482 1612 1760 1680 episcopos
1809 1609 1879 1662 ita
1910 1606 2076 1675 negli-

499 1724 686 1786 gentes
716 1713 945 1769 existere
969 1710 1164 1781 (Grat.,
1196 1709 1317 1763 dist.
1347 1705 1436 1771 ει,
1464 1721 1511 1759 c.
1535 1703 1614 1772 Ξ),
1639 1712 1716 1768 ut,
1743 1701 2083 1755 immemores

502 1804 726 1861 honoris
756 1813 782 1841 ι
810 1801 892 1858 sui
929 1801 1196 1871 geniique,
1237 1812 1407 1866 neque
1442 1810 1565 1864 erga
1591 1792 1879 1857 Ecclesias,
1914 1800 2083 1857 neque

505 1911 631 1965 erga
663 1894 798 1948 lilios
833 1907 957 1947 suos
990 1902 1222 1961 paternas
1244 1887 1529 1957 vigilantia:
1557 1899 1740 1941 curam
1769 1882 2077 1946 exhibeant,

504 1989 587 2042 vel
621 1984 1070 2040 monasteriorum
1110 1980 1521 2037 sollicitudinem
1557 1984 1763 2046 gerant,
1793 1989 1885 2027 seu
1914 1974 1965 2026 in
1987 1986 2084 2038 op-

507 2092 819 2147 pressorum
842 2090 901 2131 se
928 2084 982 2131 et
997 2089 1285 2145 pauperum
1310 2072 1586 2127 tuitionem
1610 2066 1938 2136 impendant,
1963 2064 2083 2118 ideo

510 2166 613 2223 hac
653 2166 745 2221 ιιὺὶ
783 2166 1098 2221 auctoritate
1126 2163 1459 2233 praecipimus
1491 2169 1547 2214 ut
1576 2159 1655 2213 eis
1682 2172 1713 2212 a
1742 2166 1793 2211 te
1822 2167 2085 2209 convoca-

511 2259 603 2324 tis,
646 2273 711 2313 ex
760 2267 944 2311 nostro
975 2256 1095 2310 illos
1130 2254 1383 2309 mandato
1428 2252 1672 2307 districte
1719 2260 2083 2311 commoneas,

509 2359 773 2417 quatenus
816 2347 1031 2403 desides
1076 2347 1296 2401 ulterius
1344 2359 1465 2399 esse
1514 2358 1621 2397 non
1673 2340 1937 2403 debeant,
1993 2336 2087 2390 sed

510 2437 892 2492 sacerdotalem
944 2450 1003 2491 se
1060 2435 1263 2490 habere
1325 2432 1500 2489 zelum
1558 2441 1613 2487 et
1668 2428 2087 2484 sollicitudinem

511 2541 673 2595 opere
700 2527 950 2591 doceant,
982 2536 1142 2596 atque
1171 2526 1241 2580 ita
1266 2524 1317 2579 in
1349 2525 1433 2579 his
1460 2539 1579 2593 qua:
1609 2536 1702 2577 eos
1722 2521 1865 2591 juste
1895 2534 2089 2576 secun-

513 2617 639 2671 dum
685 2617 849 2671 Deum
898 2631 1054 2685 agere
1102 2616 1373 2676 convenit,
1421 2614 1700 2684 vigilantes
1739 2612 1987 2675 existant,
2033 2618 2091 2664 ut

513 2708 713 2762 nullum
741 2721 838 2761 nos
856 2706 923 2761 de
947 2706 1029 2762 eis
1054 2705 1231 2760 denuo
1261 2720 1498 2760 murmur
1527 2710 1829 2773 exasperet.
1851 2702 1906 2756 Si
1929 2716 2088 2770 quem

512 2814 642 2855 vero
670 2813 853 2853 eorum
898 2808 1019 2869 post
1060 2797 1173 2853 haec
1218 2798 1568 2868 negligentem
1598 2810 1717 2851 esse
1747 2796 2085 2862 cognoveris,

519 2892 587 2947 ad
639 2907 735 2946 nos
790 2907 910 2947 eum
990 2892 1105 2947 sine
1152 2891 1327 2960 aliqua
1374 2888 1713 2946 excusatione
1766 2887 2089 2951 transmitte,

514 2981 544 3021 δ
579 2994 635 3039 ut
664 2999 819 3054 quam
850 2985 919 3038 sit
948 2998 1110 3055 grave
1141 2984 1281 3039 nolle
1302 2984 1367 3037 ab
1395 2982 1476 3036 his
1503 2996 1621 3050 qua:
1646 2978 2091 3049 reprehensibilia

520 3088 573 3133 et
605 3076 757 3132 valde
790 3076 1137 3145 vituperanda
1169 3084 1291 3130 sunt
1318 3073 1512 3145 corrigi
1555 3072 1786 3143 regulari
1826 3072 1879 3126 in
1911 3085 1969 3127 se
2000 3084 2091 3124 vu-

516 3170 660 3227 leant
687 3169 1017 3226 districtione
1045 3170 1265 3225 sentire.

864 3282 1076 3353 1237
1119 3279 1447 3337 EPISTULA
1485 3276 1725 3333 XXVIII.

762 3389 829 3427 AD
856 3387 1092 3427 JOANNEI
1132 3384 1498 3427 εγκλςυελκωι
1532 3383 1837 3423 EPISCOPUI.

521 3463 755 3519 Cosmum
778 3464 1147 3533 presbyterum,
1174 3478 1237 3516 ex
1255 3462 1500 3531 qualitate
1522 3461 1618 3514 loci
1638 3461 1707 3513 ad
1726 3474 1875 3533 quem
1894 3474 2093 3513 assum-

684 3531 798 3603 ptus
826 3531 991 3602 fuerat
1024 3535 1309 3604 afﬂictum,
1335 3533 1566 3586 restituat
1596 3533 1755 3602 priori
1803 3531 1934 3584 loco.

591 3625 875 3695 Gregorius
904 3624 1093 3678 Joanni
1126 3621 1378 3692 episcopo
1404 3621 1765 3692 Syracusano.

592 3716 954 3784 Quorumdam
988 3715 1054 3771 ad
1084 3731 1180 3771 nos
1200 3715 1458 3771 relatione
1488 3716 1725 3784 pervenit
1752 3713 1948 3784 (Crat,
1974 3714 2096 3768 dist.

525 3810 615 3870 Ἠ.
650 3826 693 3861 r.
726 3808 781 3876 6)
806 3808 1053 3863 Cosmam
1077 3850 1091 3874 ,
1125 3807 1215 3878 qui
1238 3823 1305 3864 ex
1337 3808 1598 3864 monacho
1629 3810 1935 3863 monasterii
1976 3824 2099 3864 san-

528 3908 630 3953 clm
665 3899 839 3953 Luciae.
868 3916 897 3954 a
944 3901 1227 3957 decessore
1268 3910 1449 3956 vestro
1483 3902 1797 3957 venerandae
1828 3903 2100 3957 memoriae

527 3989 847 4045 Maximiano
869 3991 921 4046 in
963 3991 1202 4047 Ecclesia
1240 3993 1573 4063 Syracusana
1605 3996 1772 4049 factus
1815 3995 2099 4049 subdiaco-

524 4095 627 4137 nus
656 4090 811 4151 atque
831 4097 860 4136 a
893 4082 1044 4138 vobis
1076 4092 1257 4152 postea
1282 4084 1336 4139 in
1370 4086 1711 4151 possessione
1739 4100 1857 4155 qua:
1885 4085 2097 4141 Juliana

521 4182 741 4229 vocatur
768 4175 1042 4247 presbyter
1074 4176 1266 4231 dicitur
1303 4175 1597 4242 ordinatus,
1633 4179 1702 4231 ita
1727 4178 1894 4232 nimia
1927 4180 2097 4233 tristi-

527 4268 600 4324 tia
629 4278 683 4324 et
720 4268 821 4325 loci
856 4269 1110 4340 qualitate
1155 4269 1500 4327 vehementer
1540 4271 1818 4337 afﬂictum,
1852 4281 1909 4325 ut
1940 4273 2102 4327 vitam

528 4360 631 4415 silli
680 4374 890 4430 partem
940 4360 1246 4430 existimet,
1279 4368 1307 4397 ι
1345 4370 1401 4415 et
1453 4360 1792 4415 contritionis
1830 4376 1941 4416 suae
1986 4362 2103 4431 fuga

2154 540 2365 585 nostros
2394 528 2653 584 debemus
2693 525 2926 581 existere
2951 525 3137 595 quales
3184 524 3370 589 nobis,
3424 521 3473 575 si
3505 521 3740 588 subjecti

2154 621 2483 683 fuissemus,
2543 626 2755 673 nostros
2816 618 3155 672 volueramus
3207 629 3329 670 esse
3387 614 3746 681 prapositos,

2156 727 2363 781 magnae
2392 710 2729 781 benignitatis
2758 720 2872 773 est,
2914 708 2961 764 si
2988 724 3110 764 eum
3140 708 3191 763 in
3218 707 3465 763 Ecclesia
3492 705 3583 761 ubi
3630 710 3749 760 sub-

2158 805 2370 862 diaconi
2400 815 2481 860 est
2511 804 2721 859 functus
2767 802 2945 858 oflicio
2982 803 3237 858 sanctitas
3266 811 3447 857 vestra
3494 800 3751 855 reducere

2162 911 2322 970 atque
2353 899 2463 953 illic
2487 899 2854 970 presbyterum
2883 897 3115 953 voluerit
3142 895 3476 952 constituere
3506 895 3752 950 cardina-

2163 991 2289 1048 Iem.
2319 990 2470 1058 Quod
2497 997 2553 1044 et
2579 988 2758 1044 facere
2784 999 3041 1060 quantum
3070 990 3394 1045 arbitramur
3418 988 3644 1043 debetis
3668 1029 3684 1051 ,
3712 989 3752 1042 si

2165 1091 2343 1139 tamen
2385 1081 2518 1135 nihil
2546 1090 2628 1135 est
2666 1082 2806 1148 quod
2826 1080 2971 1150 juste
2995 1089 3180 1135 contra
3208 1080 3385 1150 ipsum
3416 1079 3640 1133 animos
3668 1094 3743 1131 ve

2168 1184 2311 1229 atros
2340 1181 2643 1239 exasperet.
2674 1170 2731 1225 Si
2760 1186 2887 1225 vero
2912 1171 3093 1241 aliqua
3119 1171 3273 1239 culpa
3301 1179 3386 1226 est
3408 1210 3424 1235 ,
3458 1172 3578 1225 suis
3610 1169 3755 1225 nobis

2173 1264 2276 1320 hoc
2299 1263 2543 1331 epistolis
2575 1262 2878 1318 fraternitas
2916 1272 3093 1317 vestra
3121 1272 3179 1316 ut
3202 1263 3345 1317 scire
3375 1263 3657 1332 possimus
3681 1260 3754 1315 in-

2174 1358 2366 1414 sinuet.
2392 1354 2419 1395 δ
2448 1356 2638 1411 Datum
2669 1369 2852 1410 mense
2873 1354 3087 1424 Aprilis,
3115 1353 3300 1411 indict.
3334 1357 3393 1413 6.

2680 1467 3011 1523 EPISTULA
3058 1466 3251 1522 XXIX.

2563 1578 2629 1617 AD
2667 1576 2945 1617 Ριιιιιρρυι
2984 1576 3385 1617 Ριεεεῑτειυι.

2183 1655 2425 1711 Gai-istim
2454 1672 2505 1709 se
2533 1657 2594 1710 de
2635 1656 2855 1709 Ander
2881 1655 3018 1708 obitu
3038 1695 3055 1719 ,
3083 1654 3221 1723 quod
3262 1653 3330 1708 ad
3358 1661 3569 1723 atem
3588 1654 3762 1720 pndis

2261 1729 2558 1797 pervenerit.
2592 1725 2890 1793 Philippum
2931 1736 3077 1797 rogat
3096 1722 3157 1778 fut
3184 1725 3317 1797 idem
3350 1724 3451 1778 sibi
3474 1741 3511 1777 α
3542 1722 3654 1778 Deo
3682 1726 3756 1777 in.

2259 1807 2437 1866 petret.
2475 1796 2496 1850 1
2506 1798 2583 1865 psi
2611 1798 2762 1850 mittit
2784 1796 2973 1850 solidos
2992 1796 3383 1867 quinquaginta.

2255 1889 2542 1962 Gregorius
2571 1899 2595 1927 ⁸
2619 1890 2861 1960 Philippo
2889 1890 3219 1960 presbytero.

2257 1987 2473 2053 Suscepi
2512 1984 2763 2052 epistolas
2811 1982 3112 2037 dilectionis
3154 1992 3281 2047 tute,
3307 1981 3364 2036 in
3411 1980 3622 2049 quibus
3651 1981 3761 2035 mihi

2186 2078 2519 2133 innotescere
2564 2077 2762 2131 curasti
2803 2076 2945 2145 quod
2994 2077 3074 2130 vir
3121 2074 3452 2131 venerabilis
3500 2074 3762 2137 Andreas,

2188 2172 2487 2241 presbyter,
2518 2169 2586 2226 de
2610 2170 2709 2225 hac
2729 2168 2845 2224 luce
2867 2169 3197 2237 migraverit.
3220 2168 3297 2223 De
3318 2166 3481 2236 cujus
3504 2170 3766 2236 ereptione

2187 2266 2401 2336 gavisus
2428 2278 2567 2326 sum,
2592 2262 2714 2330 quia
2733 2261 2798 2316 ad
2829 2276 2890 2318 ea
2919 2277 3034 2331 qua:
3063 2276 3279 2330 semper
3311 2261 3557 2330 expetiit
3598 2261 3766 2329 gaudia

2188 2370 2385 2416 aeterna
2434 2359 2693 2427 pervenit.
2746 2358 2821 2413 De
2868 2357 3050 2413 solidis
3096 2371 3222 2411 vero
3266 2358 3358 2425 qui
3406 2370 3516 2425 pro
3544 2354 3769 2409 faciendo

2187 2452 2520 2508 xenudocbio
2547 2448 2575 2489 ιι
2598 2465 2628 2504 a
2660 2450 2769 2504 lilio
2792 2460 2978 2505 n05tro
2999 2448 3171 2504 Probo
3196 2448 3394 2503 abbate
3420 2446 3767 2517 Jerosolymis

2189 2544 2360 2600 relicti
2386 2552 2527 2609 sunt,
2559 2544 2657 2598 hoc
2680 2541 2819 2613 quod
2850 2538 3199 2596 deliberatum
3224 2541 3427 2604 fuerat,
3461 2550 3527 2594 ut
3549 2540 3668 2594 ﬁeri
3688 2541 3767 2595 de-

2192 2626 2413 2699 buisset,
2456 2635 2722 2690 immutari
2776 2634 2987 2706 1m
3029 2647 3133 2688 non
3164 2633 3360 2703 potuit.
3413 2632 3530 2689 Sed
3566 2632 3771 2687 benedi-

2190 2731 2422 2786 ctionem
2477 2728 2748 2795 parvulam
2803 2729 3183 2797 quinquaginta
3238 2727 3453 2782 solidos
3508 2726 3774 2780 sanctitati

2192 2836 2384 2875 vestrm
2432 2820 2724 2875 transmisi.
2771 2818 2877 2873 Vos
2926 2818 3085 2888 igitur
3130 2834 3224 2886 pro
3253 2833 3363 2884 me,
3429 2819 3581 2873 sicut
3632 2818 3777 2872 crede

2190 2915 2316 2984 quia
2346 2912 2541 2977 facilis,
2573 2912 2782 2968 enixius
2806 2919 2986 2977 orate,
3021 2919 3079 2965 ut
3101 2909 3170 2965 de
3201 2912 3485 2979 praesentis
3535 2910 3661 2963 vita
3695 2925 3779 2978 pe-

2193 3007 2313 3075 lago
2335 3021 2420 3061 me
2441 3005 2776 3073 omnipotens
2798 3003 2939 3058 Deus
2965 3017 3061 3058 sua
3087 3017 3243 3056 manu
3267 3002 3485 3070 eripiat,
3514 3011 3686 3071 atque
3707 3016 3781 3055 me

2194 3098 2472 3167 quiescere
2520 3097 2571 3150 in
2604 3105 2819 3150 aeternae
2849 3097 2972 3150 vita:
3022 3096 3200 3152 littore
3243 3094 3535 3150 concedat.
3593 3094 3784 3149 Graves

2198 3189 2341 3243 enim
2368 3188 2453 3242 hic
2474 3188 2772 3257 gladiorum
2794 3189 3169 3258 oppressiones
3189 3196 3244 3243 et
3268 3202 3570 3263 causarum
3601 3188 3787 3241 tumul-

2201 3291 2284 3336 tus
2332 3282 2523 3348 patior.
2575 3280 2683 3335 Sed
2711 3282 2756 3336 si
2784 3296 2869 3336 me
2898 3281 3139 3351 diligitis,
3184 3279 3388 3335 orando
3438 3290 3781 3344 monstrate,

2193 3382 2458 3444 quatenus
2502 3373 2756 3427 orationis
2800 3384 2994 3428 vestrae
3032 3372 3472 3429 intercessionem
3525 3374 3781 3435 sentiam.

2194 3474 2250 3519 et
2289 3464 2517 3533 amplius
2556 3463 2611 3517 in
2654 3471 2732 3519 tot
2760 3464 2916 3519 malis
2947 3473 3104 3534 atque
3153 3464 3665 3533 perturbationibus
3696 3479 3788 3518 nos

2192 3555 2418 3625 affligar.
2449 3554 2796 3625 Omnipotens
2826 3555 2963 3611 Deus
2992 3572 3084 3612 sua
3114 3571 3208 3611 vos
3234 3571 3395 3612 manu
3424 3564 3722 3627 protegat,
3744 3566 3789 3610 el

2190 3649 2479 3718 pervenire
2527 3663 2646 3703 cum
2691 3649 2885 3703 vestris
2927 3649 2995 3704 ad
3033 3649 3267 3707 cmlestia
3314 3650 3457 3705 bona
3499 3652 3789 3706 concedat.

2204 3739 2382 3796 Mense
2413 3739 2555 3806 Maii,
2582 3738 2875 3795 indictione
2907 3740 2961 3795 6.

2699 3839 2727 3869 ι
2756 3827 3088 3887 EPISTOLA
3119 3831 3285 3886 XXX.

2382 3938 2449 3977 AD
2491 3936 2783 3978 DEUSDBDIT
2816 3936 3252 3978 IBDIOLANENSEI
3281 3936 3613 3979 ινιςθοιοι.

2208 4011 2535 4084 Theodqum
2570 4028 2693 4084 cum
2729 4012 3005 4084 Defensore
3044 4012 3111 4065 ad
3164 4010 3473 4067 Venantium
3505 4016 3715 4082 miunt,
3744 4017 3793 4068 de

2400 4082 2657 4137 Theodori
2682 4082 3175 4153 expdstulationibus
3201 4085 3605 4151 inquisitururn.

2280 4176 2568 4247 Gregorius
2592 4175 2881 4232 Deusdedit
2906 4176 3158 4245 episcopo
3181 4176 3608 4233 Mediolanensi.

2279 4269 2465 4324 Frater
2508 4278 2563 4324 et
2611 4269 2961 4338 coepiscopus
3016 4276 3197 4324 noster
3245 4267 3572 4323 Theodorus
3631 4272 3789 4325 multa

2207 4363 2445 4431 queritur
2491 4375 2552 4417 se
2597 4369 2782 4417 contra
2836 4358 3100 4429 justitiam
3164 4368 3322 4430 atque
3370 4361 3791 4430 promissionem

604 4484 635 4548 ς
657 4474 769 4531 Hoc
844 4476 1192 4548 praemittitur
1240 4475 1296 4532 in
1344 4476 1511 4534 tribus
1539 4476 1733 4539 .Vatic.
1787 4482 1842 4532 et
1893 4475 2098 4532 duobus
2129 4479 2183 4539 D
2205 4476 2489 4548 gnitudirte,
2520 4473 2601 4548 vel
2626 4474 2894 4548 miraculis
2925 4490 3040 4544 qua
3083 4484 3321 4543 operatus
3344 4485 3477 4548 erat,
3514 4493 3690 4545 neque
3716 4496 3795 4530 rs-

526 4545 762 4602 Colberl.

602 4617 772 4692 Eetsr.
806 4617 997 4672 XXVII
1026 4618 1131 4692 [AL
1164 4617 1277 4691 55].
1303 4648 1373 4658 —
1405 4628 1427 4655 ⁸
1456 4618 1589 4692 Quid
1615 4617 1783 4692 honor
1800 4619 2098 4692 geniusque

533 4689 901 4754 episcoporum
936 4689 1185 4757 postulet,
1224 4689 1328 4744 non
1374 4691 1541 4744 semel
1588 4690 1836 4757 exprimit
1864 4691 1944 4745 vir
1975 4704 2099 4743 san-

536 4759 824 4813 elissitnus.
870 4760 1104 4826 Quatuor
1137 4760 1222 4814 hic
1258 4770 1681 4815 commemorat:
1708 4760 1939 4814 studium
1970 4775 2096 4827 erga

535 4827 820 4903 Ecclesias,
850 4830 1399 4903 paternmvigilantim
1424 4845 1605 4885 curam
1634 4846 1753 4899 erga
1782 4831 1938 4894 filios,
1981 4846 2095 4883 mo-

538 4899 891 4954 nasteriorum
939 4899 1370 4967 sollicitudinem,
1411 4916 1787 4969 oppressorum
1819 4909 1871 4953 rt
1902 4916 2097 4970 panpe-

534 4984 651 5043 r_um
680 4970 977 5043 tuitionem.
1010 4973 1064 5028 In
1095 4972 1252 5043 epist.
1279 4970 1372 5043 26,
1404 4972 1711 5037 Anthemio,
1743 4972 1955 5026 easdem
1974 4970 2097 5043 fere

534 5039 687 5113 doles
717 5042 968 5111 episcopo
995 5039 1250 5105 attribuit,
1291 5041 1347 5098 in
1382 5050 1615 5113 utraque
1660 5051 1925 5113 torporem
1955 5041 2097 5113 desir-

533 5110 781 5183 diamque
819 5110 1067 5182 exagitat.
1117 5117 1319 5183 Aucsr.
1379 5110 1793 5169 Vide—similent
1848 5112 2097 5183 loquendi

536 5182 771 5253 modum,
805 5196 983 5249 supra,
1014 5186 1171 5253 epist.
1194 5182 1283 5236 25.

602 5249 792 5324 ιξιεκθ
821 5255 988 5307 sancti
1023 5249 1160 5310 Petri
1181 5252 1423 5308 Damian.
1453 5254 1543 5309 lib.
1571 5270 1606 5320 ι,
1639 5254 1795 5324 epist.
1823 5252 1909 5321 l2,
1941 5254 2100 5309 Alex-

531 5323 701 5379 andro
727 5323 788 5395 II.
818 5325 1045 5379 Sanctus
1066 5324 1500 5395 Chrysostomus,
1525 5323 1784 5389 hom.’:2.l,
1815 5327 1865 5379 in
1898 5340 2014 5393 cap.
2047 5339 2098 5379 ιι

535 5395 654 5466 Act.
683 5412 696 5466 ς
730 5394 1142 5461 Expostularunt
1170 5394 1281 5449 cum
1309 5397 1465 5449 illo...
1490 5396 1737 5466 singulari
1768 5397 2101 5464 dispositione

532 5464 711 5537 accidit
738 5466 886 5519 illum
913 5466 1171 5536 (Petrum)
1199 5467 1520 5537 reprehendi,
1550 5464 1603 5519 ut
1630 5468 1683 5519 Iri
1710 5468 1972 5520 discant...
2012 5466 2101 5537 I’i-

536 5534 598 5606 dc
626 5545 789 5587 autem
815 5534 969 5606 quam
998 5534 1190 5592 alienus
1215 5534 1279 5591 sit
1308 5554 1339 5590 α
1362 5540 1495 5606 fastu
1541 5548 1585 5591 et
1618 5553 1746 5590 rana
1788 5539 1970 5605 gloria.
2007 5536 2098 5591 1η-

534 5603 737 5678 ςὶρὶεηιᾼ
771 5603 901 5660 enim
951 5606 1140 5662 Petrus
1181 5603 1408 5678 exposuit
1439 5608 1541 5661 illis
1586 5624 1675 5678 per
1695 5603 1920 5661 ordinem
1941 5650 1955 5673 ,
1992 5621 2095 5665 etc.

537 5673 703 5749 Idem,
729 5676 776 5749 in
804 5678 986 5732 IIOIIIII.
1013 5681 1077 5733 de
1102 5673 1338 5734 ferendis
1358 5673 1887 5749 reprehensionibus,
1914 5696 2097 5736 excin-

534 5745 680 5820 plutu
724 5748 884 5820 affert
922 5749 1118 5820 Moysis
1165 5765 1192 5802 a
1242 5745 1437 5804 socero
1476 5749 1691 5804 homine
1734 5750 1960 5803 barbaro
2016 5768 2098 5805 re-

532 5816 805 5884 prehensi.
837 5817 956 5873 Non
982 5816 1279 5890 inﬂabatur,
1308 5820 1498 5890 inquit,
1528 5821 1603 5874 vel
1645 5820 1961 5890 principatus
1989 5840 2095 5878 nut—

2205 4545 2322 4600 bore
2344 4545 2451 4613 stt/1'
2450 4546 2733 4599 undebatur
2757 4546 2895 4615 quod
2910 4554 2991 4617 tot
3015 4548 3343 4617 precantibus
3370 4547 3538 4617 iisque
3578 4550 3793 4601 subditis

2200 4619 2569 4689 corrigeretur;
2614 4617 2701 4689 sed
2744 4615 3095 4669 considerabat
3128 4616 3265 4685 quod
3289 4616 3405 4670 licet
3453 4615 3656 4689 magna
3688 4638 3721 4672 ι
3747 4636 3792 4673 κ

2200 4690 2347 4759 signa
2368 4687 2579 4756 ﬁerent,
2608 4688 2847 4759 humana;
2888 4696 3055 4740 tamen
3091 4699 3218 4741 esset
3247 4688 3509 4759 particeps
3541 4687 3789 4752 natura,

2199 4756 2351 4827 quam
2378 4776 2475 4811 non
2498 4775 2613 4812 raro
2642 4756 2800 4809 multa
2825 4757 3002 4829 latent,
3038 4767 3190 4829 atque
3210 4756 3324 4811 ideo
3345 4775 3461 4811 cum
3488 4771 3791 4815 mansuetu-

2198 4832 2317 4955 gine
2343 4830 2610 4882 consilium
2638 4830 2875 4898 suscepit.
2922 4827 3015 4882 Est
3042 4827 3179 4883 nunc
3216 4830 3384 4884 videre
3407 4831 3651 4900 aliquos,
3697 4845 3790 4889 etc.

2247 4916 2404 4955 acer.

2247 4916 2404 4957 UGET.

2273 4972 2453 5025 Ertsr.
2491 4970 2703 5026 XXVIII
2735 4969 2841 5041 [Αἰ.
2874 4967 2985 5040 56].
3018 4999 3087 5010 -
3111 4980 3136 5008 ι
3164 4970 3476 5029 Gratianus.
3512 4974 3790 5026 contrista-

2201 5043 2357 5096 tionis
2403 5058 2508 5097 sua:
2538 5047 2711 5113 [ngam
2740 5053 2933 5112 quwrat
2973 5043 3246 5097 auxilium.
3278 5042 3487 5099 Favent
3510 5044 3641 5100 huic
3673 5044 3789 5101 lect.

2200 5114 2435 5183 Colbert.
2468 5122 2518 5167 et
2539 5112 2672 5183 Reg.

2270 5182 2297 5221 ι)
2324 5185 2379 5237 In
2407 5186 2595 5238 eodem
2625 5182 2755 5239 Cod.
2784 5183 3019 5239 Golbert.
3044 5226 3057 5249 ,
3091 5200 3258 5238 ntense
3290 5183 3431 5238 Maio
3454 5226 3472 5253 ,
3508 5186 3705 5240 indict.
3742 5187 3787 5239 Β.

2203 5254 2271 5310 At
2301 5256 2459 5325 paulo
2488 5264 2665 5321 antea,
2695 5254 2850 5320 ibid.,
2879 5264 2933 5310 et
2962 5255 3013 5309 in
3044 5256 3151 5309 alio
3177 5255 3441 5318 Colbert.,
3479 5256 3630 5311 sicut
3660 5268 3715 5314 et
3744 5258 3787 5311 in

2201 5341 2321 5381 mox
2352 5326 2495 5379 laud.
2524 5326 2683 5393 Reg.,
2709 5325 2905 5393 legitur
2930 5342 3096 5380 mense
3118 5325 3307 5391 Aprili,
3336 5328 3526 5391 ἑπάξει,
3561 5328 3621 5382 6.

2274 5343 2321 5377 τ(
2353 5341 2495 5379 tauu.
2525 5341 2602 5381 tte
2646 5364 2683 5393 .,
2711 5341 2905 5393 tegitur
2930 5342 3096 5380 mense
3118 5341 3307 5391 ,ιρι-ιιι,
3336 5341 3526 5391 rnatu,
3561 5341 3621 5382 ι),

2274 5397 2451 5452 Εριδτ.
2485 5341 2651 5451 ΧΧᾶ
2672 5397 2790 5468 [ᾼί.
2821 5395 2933 5467 28].
2984 5426 3055 5437 —
3078 5398 3221 5468 {Sic
3242 5400 3479 5467 antiqua:
3514 5399 3789 5454 Editioncs

2201 5476 2256 5523 et
2286 5468 2411 5525 Mss.
2438 5468 2610 5525 Codd.
2638 5466 2773 5524 Male
2799 5468 2855 5523 in
2884 5466 3006 5523 aliis
3033 5484 3048 5522 :
3079 5466 3323 5541 Philippo
3353 5466 3625 5541 episc0po.
3663 5470 3787 5525 ϐεδε

2200 5553 2353 5595 δην.

2275 5610 2299 5647 ιι
2328 5609 2380 5663 In
2414 5609 2583 5667 Vatic.
2632 5610 2672 5664 D
2699 5619 2753 5667 el
2784 5610 2847 5676 F,
2893 5611 3051 5681 qui...
3092 5610 3203 5680 ﬁlio
3248 5621 3427 5664 nostro
3472 5610 3655 5666 Probo
3699 5612 3779 5665 el-

2203 5682 2373 5736 bati...
2402 5682 2560 5735 relicti
2590 5691 2739 5747 sunt;
2764 5696 2881 5750 quae
2913 5681 3071 5737 lectio
3102 5682 3264 5736 alium
3297 5681 3511 5738 inducit
3540 5698 3778 5737 sensum.

2273 5754 2446 5826 Ertsr.
2479 5750 2623 5807 XXX
2676 5753 2796 5826 [AL
2830 5750 2950 5823 37].
2985 5782 3074 5826 -j-_A
3102 5751 3411 5826 IIIn__tribt_ts
3459 5754 3638 5811 Valic.
3674 5755 3785 5811 huic

2202 5825 2360 5896 epist.
2392 5821 2876 5898 przeligitur'mense
2909 5821 3097 5897 Aprili,
3124 5822 3308 5879 indirt.
3338 5821 3397 5882 6.
