3928 6342
125 370 259 433 1ἰεί

789 370 1274 434 EPISTOLARUM
1310 375 1442 435 LIB.
1480 375 1619 434 Xlll.
1642 360 1713 419 -έ-
1737 373 1985 433 INDICT.
2026 375 2114 433 Vl.
2146 363 2226 420 ἰι-ὲ·
2261 376 2476 435 EPIST.
2519 374 2736 436 XXXII.

3235 384 3376 441 1283

122 492 227 540 tum
258 481 550 540 sanctitatis
582 481 809 554 perpeti,
839 500 959 555 qute
987 501 1085 541 nos
1110 484 1267 542 facile
1307 503 1413 542 non
1440 486 1692 543 duximus
1718 490 1770 551 Α
1794 495 1875 541 tur
1901 488 2031 553 cali,
2064 496 2112 542 et
2155 489 2369 544 exsultet
2414 500 2547 545 terra
2578 489 2753 561 (Psal.
2780 504 2901 560 xcv,
2944 491 3067 564 ll),
3099 499 3155 549 et
3180 495 3245 551 de
3277 512 3371 551 ve-

124 576 406 632 credenda.
437 575 541 632 Sed
571 576 693 646 quia
727 575 843 631 lucc
873 577 1175 647 relinquere
1200 579 1315 634 sine
1346 579 1694 650 inquisitione

126 684 234 723 non
264 681 560 737 possumus,
594 667 746 722 fratri
775 676 829 721 et
854 669 1177 737 coepiscOpo
1207 677 1393 725 nostro
1426 669 1698 725 Venantio

126 760 243 827 ejus
274 772 483 813 causam
513 758 885 829 deputavimus
914 760 1268 815 ventilandam
1293 800 1310 827 ,
1345 769 1402 814 ut
1429 759 1699 816 subtiliter

124 852 241 917 ipse
267 860 584 920 cognoscat,
617 848 875 919 nobisque
903 852 1193 906 renuntiet.
1222 851 1334 905 Tua
1366 853 1547 921 itaque
1587 850 1697 905 fra-

125 943 341 996 ternitas
370 942 615 997 eumdem
646 940 952 1010 episcopum
981 956 1099 997 cum
1132 942 1417 997 defensore
1443 941 1727 997 Ecclesiae.

123 1047 235 1085 sum
269 1032 364 1086 sub
392 1031 732 1087 festinatione
770 1032 835 1086 ad
868 1034 1173 1102 praedictum
1207 1033 1425 1089 fratrem
1456 1032 1683 1105 dirigat,

125 1134 319 1192 utnos,
351 1124 589 1196 ejusdem
635 1126 829 1195 negotii
872 1127 1078 1196 cognita
1131 1124 1373 1193 veritate,
1425 1128 1538 1181 suis
1585 1126 1700 1194 ipse

125 1216 361 1285 epistolis
389 1217 648 1272 certiores
677 1217 885 1271 reddat.

633 1307 967 1365 EPISTULA
1012 1307 1181 1363 XXXI

532 1419 597 1457 AD
636 1417 845 1457 PHOCAH
884 1417 1283 1457 IIPEBATOBEI.

127 1491 380 1549 Pessimos
419 1510 561 1564 reges
607 1495 675 1547 ad
724 1493 900 1562 pepuli
925 1501 1131 1560 peccata
1160 1492 1698 1564 punqienda,i_optimos

199 1567 265 1618 ad
308 1562 628 1619 subditorum
672 1565 1074 1618 consolationem
1126 1565 1385 1619 constitui.
1439 1562 1699 1618 Hortatur

200 1644 256 1689 ut
277 1637 487 1706 afﬂicta
509 1635 804 1705 reipublicw
829 1637 1115 1689 subveniat.

200 1724 485 1796 Gregorius
510 1725 706 1781 Pboca:
731 1730 992 1795 Augusto.

200 1827 225 1855 ι
256 1816 431 1873 Gloria
452 1818 505 1873 in
535 1818 763 1874 excelsis
794 1818 925 1883 Deo,
957 1817 1069 1887 qui,
1094 1816 1253 1887 juxta
1271 1815 1413 1887 quod
1441 1815 1696 1886 scriptum

125 1921 235 1977 est,
254 1911 491 1965 immutat
516 1918 751 1979 tempora
769 1952 784 1978 ,
808 1918 861 1963 et
884 1909 1137 1964 transfert
1155 1923 1314 1979 regna
1332 1924 1346 1974 ;
1364 1917 1417 1964 et
1446 1911 1569 1977 quia
1599 1908 1699 1963 hoc

130 2005 331 2060 cunctis
372 2002 602 2057 innotuit
646 2000 789 2071 quod
820 2016 913 2071 per
942 2000 1254 2071 prophetam
1287 2014 1441 2055 suum
1489 2000 1701 2071 1239

127 2096 266 2168 loqui
289 2095 532 2166 dignatus
560 2104 673 2161 est,
698 2095 883 2150 dicens
916 2112 929 2148 :
966 2094 1103 2161 Quia
1137 2095 1434 2149 dominatur
1462 2096 1695 2149 excelsus

125 2190 181 2242 in
205 2202 351 2258 regno
370 2186 648 2255 hominum,
680 2198 729 2240 et
756 2187 839 2240 cui
862 2186 1077 2240 voluerit
1102 2186 1214 2255 ipse
1240 2186 1331 2239 dat
1364 2186 1499 2240 illud
1523 2185 1693 2255 (Dan.

126 2295 199 2348 tv,
224 2282 329 2352 ll).
360 2279 417 2335 lu
455 2280 837 2350 omnipotentis
881 2279 1075 2350 quippe
1103 2280 1195 2335 Dei
1234 2280 1697 2350 incomprehensi-

129 2371 219 2427 bili
245 2370 639 2442 dispensatione
660 2371 863 2427 alterna
891 2382 1016 2427 sunt
1042 2371 1168 2426 vita:
1191 2372 1428 2428 mortalis
1450 2373 1698 2427 modera-

128 2464 289 2532 mina,
321 2472 373 2519 et
399 2463 684 2535 aliquando
713 2477 833 2519 cum
887 2463 1174 2518 multorum
1200 2472 1415 2533 peccata
1462 2464 1697 2521 ferienda

127 2566 271 2622 sunt,
314 2571 446 2613 unus
488 2555 710 2627 erigitur
739 2570 835 2627 per
863 2555 1015 2625 cujus
1046 2555 1303 2611 duritiam
1329 2558 1691 2613 tribulationis

119 2646 246 2715 jugo
270 2647 625 2716 subjectorum
654 2647 789 2702 colla
815 2647 1205 2717 deprimantur,
1237 2647 1380 2718 quod
1415 2651 1469 2703 in
1498 2656 1686 2705 nostra

124 2737 319 2792 diutius
360 2736 650 2794 afﬂictione
678 2737 1035 2808 probavimus.
1067 2739 1372 2809 Aliquando
1417 2755 1545 2795 vero
1572 2742 1721 2797 cum"

125 2828 425 2884 misericors
453 2829 598 2885 Deus
616 2826 645 2866 ι’
670 2831 952 2886 maerentia
978 2832 1263 2887 multorum
1292 2832 1452 2888 corda
1481 2847 1575 2888 sua
1602 2834 1697 2890 de-

124 2922 288 2978 crevit
338 2922 701 2979 consolatione
747 2923 990 2980 refovere
1012 2964 1029 2992 ,
1084 2938 1248 2979 unum
1306 2925 1372 2980 ad
1422 2922 1696 2996 regimidis
1762 2953 1769 2957 τ

125 3016 336 3072 culmen
366 3016 629 3087 provehit,
677 3026 731 3073 et
776 3032 871 3087 per
912 3018 1028 3087 ejus
1074 3016 1453 3082 misericordiae
1492 3018 1696 3076 viscera

118 3108 175 3165 in
222 3110 528 3166 cunctorum
576 3110 846 3166 mentibus
892 3108 1264 3166 exsultationis
1305 3123 1417 3165 sure
1464 3110 1693 3181 gratiam

118 3200 369 3258 infundit.
402 3202 478 3257 De
522 3216 625 3272 qua
666 3201 1037 3259 exsultationis
1088 3201 1408 3257 abundantia
1450 3203 1691 3259 roborari

114 3306 219 3349 nos
242 3292 396 3348 citius
417 3293 707 3360 credimus,
740 3295 829 3364 qui
860 3292 1239 3364 benignitatem
1258 3303 1453 3350 vestrae
1475 3297 1685 3364 pietatis

112 3388 181 3442 ad
211 3387 480 3457 imperiale
508 3386 770 3457 fastigium
800 3386 1104 3458 pervenisse
1129 3386 1445 3457 gaudemus.
1478 3386 1684 3443 Lazten-

190 3518 364 3574 EPIS‘I'.
398 3517 569 3574 XXXI
591 3517 700 3591 [Δι.
732 3518 852 3592 ‘58].
874 3549 947 3566 --
973 3528 997 3592 ἒ
1019 3520 1155 3577 Olim
1186 3522 1241 3577 in
1274 3522 1434 3578 rebus
1472 3523 1608 3581 laetis
1636 3535 1692 3582 et

106 3593 401 3664 gratiarum
427 3591 721 3664 actionibus
743 3591 985 3662 usurpari
1008 3594 1217 3648 solitum
1243 3593 1494 3664 hymnum
1508 3594 1549 3649 G
1558 3596 1691 3653 loria

103 3661 167 3716 in
208 3662 412 3716 excelsis
453 3661 578 3727 Deo,
602 3661 711 3730 jam
740 3661 1142 3718 observavimus
1172 3661 1350 3730 libfv,
1380 3665 1538 3734 epist.
1581 3667 1649 3722 59
1670 3708 1687 3734 ,

104 3741 240 3788 nota
271 3734 326 3786 d.
354 3733 644 3802 Antiquam
674 3748 876 3788 morem
920 3750 1069 3789 suam
1100 3733 1425 3790 testificandi
1449 3733 1686 3795 lzetitiam

102 3804 282 3876 Iinjus
316 3803 502 3876 Itymni
549 3806 946 3870 decantatione,
983 3820 1356 3874 peraeverasse
1400 3822 1567 3876 usque
1616 3811 1685 3865 ad

96 3874 285 3929 Caroli
314 3874 450 3943 Mag.
482 3884 737 3943 tempora,
766 3886 908 3943 patet
928 3891 993 3930 ex
1016 3878 1293 3930 Anastasio
1316 3881 1365 3930 in
1396 3874 1573 3933 Leone
1596 3880 1679 3936 Ill.

98 3945 333 4017 Pariter,
363 3947 549 4012 inquit,
582 3961 645 4017 se
660 3947 1017 4015 amplectente:
1045 3962 1159 4000 cum
1189 3950 1425 4017 lacrymis
1447 3965 1502 4003 se
1528 3966 1682 4004 ascu-

96 4016 203 4069 lati
231 4024 349 4087 sunt
379 4017 511 4087 (Leo
531 4025 587 4071 et
613 4015 854 4081 Carolus)
879 4028 927 4071 et
948 4018 1190 4085 praedicto
1216 4015 1459 4087 pontiﬁce
1499 4018 1679 4078 Gloria

94 4092 159 4162 in
187 4086 433 4162 excelsis
480 4086 589 4162 Deo
632 4088 920 4162 inc/mante,
951 4098 1074 4162 _etc.
1120 4086 1325 4162 lterum
1359 4091 1512 4157 paulo
1559 4105 1681 4162 pust

94 4157 266 4225 hujus
287 4156 501 4229 ‘bymni
548 4158 665 4211 loco
693 4159 964 4212 decantari
994 4160 1157 4229 cmpit
1188 4160 1257 4213 Te
1289 4156 1453 4215 Deum
1499 4156 1683 4217 lauda—

94 4244 244 4282 mus.
280 4226 337 4281 Si
364 4226 579 4297 quidem
603 4231 905 4299 Stephanus
951 4226 1094 4299 papa
1114 4241 1369 4299 exceptus
1410 4242 1492 4287 est
1536 4234 1681 4290 Rhe-

93 4312 211 4374 trns
242 4314 269 4349 a
296 4297 715 4374 Ludovico-Pio,—
751 4297 1137 4374 praecinentibus
1159 4297 1261 4374 pro
1281 4313 1423 4356 tanta
1453 4307 1682 4358 exsulta-

94 4370 248 4422 tione
284 4370 434 4445 variis
466 4366 715 4445 Ecclesiat
752 4366 1119 4445 or'dinibus__'fe
1159 4366 1327 4427 Deum
1360 4376 1640 4429 laudamus
1662 4419 1679 4445 ,

90 4450 240 4503 etc.,
274 4450 331 4492 ut
351 4442 409 4512 in
434 4441 669 4508 ejusdem
694 4440 948 4496 Ludovici
974 4442 1047 4496 Pii
1077 4443 1189 4498 Vita
1214 4445 1424 4512 legitur.
1456 4446 1509 4499 In
1535 4440 1683 4505 mure

89 4522 266 4563 etiam
299 4511 531 4582 positum
564 4521 678 4566 erat
704 4513 842 4581 apud
869 4512 1119 4578 Graecos,
1150 4514 1232 4568 bis
1265 4511 1471 4582 verbis,
1504 4515 1682 4571 Gloria

88 4583 156 4633 in
185 4582 399 4635 excelsis
428 4581 557 4654 Deo,
585 4591 689 4637 etc.
711 4623 727 4649 ,
759 4582 833 4637 uti
872 4582 1170 4654 adgratias
1210 4581 1464 4654 agendas,
1497 4596 1554 4640 ut
1590 4604 1683 4641 ex-

88 4666 299 4727 presse
322 4657 481 4727 docet
504 4653 915 4724 Chrysostomus
936 4653 1160 4727 _homi|.,_
1183 4656 1217 4709 3
1246 4653 1298 4727 in
1332 4671 1449 4727 cap.
1479 4672 1495 4711 ι
1522 4657 1677 4727 epist.

87 4723 169 4796 ad
202 4723 417 4796 Goloss.
452 4722 628 4777 Porro
646 4740 747 4793 qua
776 4724 1054 4796 occasione
1080 4725 1303 4794 epistola
1334 4722 1448 4780 hanc
1483 4722 1679 4796 scripta

86 4793 506 4867 fuerit,omnes
541 4805 755 4850 norunt.
807 4793 1267 4867 lii_superioribus
1313 4793 1673 4867 Editionibus,

84 4864 425 4939 igitigdibri
448 4878 526 4934 χι,
559 4880 698 4921 nunc
729 4865 1075 4939 atti,‘_legitur_
1113 4869 1211 4921 sub
1238 4867 1389 4921 titulo
1417 4870 1572 4939 epist.
1608 4873 1632 4923 l
1660 4864 1675 4924 Ξ

86 4932 178 4986 De
214 4934 393 4988 Phoco
414 4932 676 5004 coronato,
708 4947 811 4992 etc.
844 4932 1037 4991 Verum
1064 4936 1163 4992 lioc
1187 4940 1252 4992 ad
1275 4932 1473 4994 calcem
1496 4956 1682 4995 aman-

82 5006 341 5079 dandurn
374 5011 705 5079 censuimus.
762 5006 1073 5079 Gregorium
1123 5020 1350 5079 arguunt
1406 5014 1678 5076 nonnulli,

80 5078 251 5145 quasi
276 5077 628 5148 delllauricio
657 5079 907 5148 iniquius,
938 5080 1003 5132 de
1026 5077 1204 5134 Phoca
1225 5079 1519 5137 adulatorie
1547 5083 1681 5136 scri-

83 5150 291 5215 pserit.
328 5145 548 5213 Verum,
579 5157 634 5202 ut
657 5145 925 5205 taceamus
950 5149 1230 5204 adversum
1259 5152 1312 5207 in
1339 5155 1513 5206 multis
1538 5151 1675 5205 Gre-

78 5231 256 5286 gor.o
300 5218 463 5273 fuisse
495 5219 827 5285 Mauricium,
858 5235 1050 5289 nempe
1078 5222 1130 5274 in
1161 5228 1522 5276 controversia
1555 5237 1676 5276 cum

78 5292 309 5343 Joanne
335 5289 918 5360 ConstantinOpolitano
941 5292 1257 5346 (Boumenici
1281 5292 1489 5349 titulum
1524 5309 1679 5345 usur-

80 5372 282 5427 parite,
338 5360 392 5413 in
434 5360 643 5415 Maximi
696 5362 989 5419 Salonitani
1038 5363 1397 5427 ordinatione,
1448 5364 1500 5417 in
1551 5376 1681 5431 pace

76 5446 216 5484 cum
250 5432 617 5499 Langoliardis
646 5434 908 5500 ineunda,
941 5432 1127 5487 indict.
1158 5432 1247 5494 I5,
1293 5436 1449 5501 epist.
1494 5433 1591 5500 tu;
1624 5444 1681 5488 ut

73 5501 257 5555 etiam
293 5512 563 5557 taceamus
594 5505 923 5558 immanitate
946 5502 1137 5573 insigni
1166 5503 1411 5573 faedaque
1441 5506 1678 5560 avariiize

77 5574 215 5626 labe
242 5573 532 5642 prmtlaras
560 5576 799 5629 Mauricii
826 5576 979 5630 dotes
1002 5583 1128 5627 tunc
1165 5575 1355 5629 saltem
1394 5574 1556 5629 fuisse
1582 5575 1681 5631 de-

74 5644 380 5707 formatas,
413 5659 533 5697 cum
564 5645 830 5712 ingentem
858 5646 1184 5714 captivorum
1216 5661 1495 5700 numerum
1522 5646 1679 5715 jugu-

71 5716 185 5769 lari
219 5716 447 5786 maluit,
464 5730 622 5784 quam
655 5720 936 5786 perexigua
990 5719 1207 5783 pecunia
1245 5718 1298 5771 in
1346 5716 1675 5786 singulorum

68 5788 332 5856 pretium
356 5801 386 5839 a
409 5783 671 5855 Cliagano’
690 5783 864 5841 taxata
899 5789 1013 5842 illos
1040 5788 1334 5854 redimere;
1363 5783 1566 5843 certum
1592 5799 1677 5845 est

73 5862 368 5913 esarclios
398 5857 448 5911 in
487 5858 706 5926 italiam,
740 5874 797 5915 ut
825 5858 1078 5930 reliquias
1107 5858 1215 5915 illic
1243 5859 1451 5930 imperii
1474 5862 1676 5917 adver-

1798 580 1922 635 stris
1950 582 2190 651 benignis
2234 584 2437 639 actibus
2468 586 2744 641 universus
2788 586 3097 657 reipublicze
3146 592 3374 657 populus

1801 687 2115 743 truncusque
2153 674 2500 731 vehementer
2528 677 2756 733 amictus
2787 677 3088 735 liilarescat.
3128 677 3377 749 Compri-

1800 773 2017 818 mantur
2054 765 2184 834 jugo
2232 765 2610 823 dominationis
2659 776 2849 824 vestrae
2877 772 3120 840 superba:
3168 780 3376 827 mentes

1799 854 2052 911 hostium.
2085 856 2417 915 Releventur
2456 870 2633 917 vestra
2663 862 3028 917 misericordia
3059 864 3279 919 contriti
3310 877 3373 919 ac

1799 946 2037 1016 depressi
2079 950 2242 1005 animi
2279 951 2665 1020 subjectorum.
2724 954 2903 1009 Virtus
2929 956 3163 1011 celestis
3191 957 3378 1025 gratia:

1799 1039 2024 1094 inimicis
2050 1040 2314 1098 terribiles
2344 1057 2438 1097 vos
2484 1042 2661 1110 faciat,
2717 1045 2885 1113 pietas
2935 1044 3166 1101 subditis
3214 1048 3368 1102 beni-

1799 1146 1955 1202 gnos.
2000 1132 2251 1199 Quiescat
2298 1132 2625 1191 felicissimis
2663 1137 2991 1207 temporibus
3017 1138 3212 1194 vestris
3259 1141 3378 1196 uni-

1801 1237 1958 1278 versa
1986 1225 2308 1294 respublica,
2336 1227 2538 1296 prolata
2561 1228 2661 1283 sub
2689 1243 2967 1284 causarum
2990 1229 3221 1301 imagine
3244 1246 3380 1300 prm-

1800 1314 1868 1370 da
1899 1316 2061 1385 pacis.
2092 1316 2316 1373 Cessent
2367 1326 2811 1375 testamentorum
2862 1320 3070 1376 insidia;
3090 1361 3106 1387 ,
3137 1321 3380 1377 donatio-

1802 1420 1929 1461 num
1976 1408 2162 1476 gratia:
2211 1408 2471 1464 violenter
2523 1418 2743 1465 exactas.
2800 1410 3004 1466 Redeat
3054 1414 3262 1468 cunctis
3311 1414 3367 1469 in

1801 1499 1963 1556 rebus
2005 1500 2235 1570 propriis
2286 1515 2473 1557 secura
2525 1500 2833 1571 possessio,
2894 1511 2953 1557 ut
3001 1501 3118 1558 sine
3171 1504 3367 1559 timore

1802 1591 2001 1646 habere
2047 1604 2108 1645 se
2150 1590 2417 1661 gaudeant
2451 1607 2567 1662 qua:
2596 1607 2701 1647 non
2732 1601 2856 1647 sunt
2882 1593 2962 1648 eis
2990 1593 3262 1651 fraudibus
3284 1608 3379 1649 ac-

1802 1686 2019 1754 quisita.
2064 1685 2404 1741 Reformetur
2426 1685 2537 1754 jam
2575 1686 2799 1755 singulis
2844 1686 2945 1741 sub
2982 1686 3113 1756 jugo
3165 1687 3379 1756 imperii

1804 1775 1876 1845 pii
1903 1776 2124 1831 libertas
2155 1790 2271 1832 sua.
2312 1791 2332 1815 ε
2358 1775 2471 1831 Hoc
2501 1790 2730 1847 namque
2776 1777 2916 1832 inter
2962 1792 3116 1847 reges
3140 1778 3379 1848 gentium

1728 1868 1778 1930 B
1801 1880 1856 1926 et
1877 1870 2186 1940 reipublicae
2211 1871 2565 1940 imperatores
2585 1869 2767 1938 distat,
2791 1870 2931 1945 quod
2954 1885 3109 1942 reges
3133 1872 3373 1941 gentium

1798 1961 1998 2017 domini
2020 1976 2293 2017 servorum
2319 1970 2463 2029 sunt,
2514 1962 2864 2031 imperatores
2910 1977 3039 2017 vero
3070 1963 3379 2032 reipublicai

1798 2052 1998 2109 domini
2053 2053 2362 2108 liberorum.
2416 2053 2523 2109 Sed
2575 2053 2763 2108 melius
2810 2053 2924 2115 haec
2968 2054 3170 2110 orando
3222 2068 3379 2124 quam

1798 2144 2133 2213 suggerendo
2161 2144 2408 2200 dicimus.
2442 2143 2794 2214 Omnipotens
2820 2144 2961 2201 Deus
2990 2145 3042 2200 in
3068 2154 3259 2202 cuncta
3290 2160 3383 2199 co-
3464 2190 3467 2191 ν

1796 2236 2053 2303 gitationc
2094 2245 2144 2290 et
2176 2251 2340 2305 opere
2387 2250 2480 2291 cor
2525 2246 2718 2290 vestras
2765 2235 2982 2306 pietatis
3030 2251 3141 2291 suae
3194 2236 3380 2306 gratia:

1797 2341 1957 2381 manu
2006 2336 2219 2395 teneat,
2262 2335 2319 2382 et
2364 2341 2584 2397 quaeque
2606 2327 3034 2397 juste,quaeque
3087 2327 3381 2381 clementer

1797 2418 2003 2488 agenda
2034 2429 2177 2487 sunt,
2210 2418 2531 2473 inliabitator
2561 2419 2720 2473 vestri
2753 2417 2981 2487 pectoris
3015 2416 3245 2487 Spiritus
3266 2432 3381 2472 san-

1799 2518 1919 2565 ctus
1948 2511 2174 2581 benigne
2199 2510 2465 2580 disponat,
2490 2506 2517 2545 ά
2541 2519 2597 2564 ut
2624 2520 2678 2564 et
2699 2509 2977 2579 temporali
3004 2523 3166 2578 regno
3202 2518 3381 2562 vestra

1797 2603 2077 2659 clementia
2120 2602 2456 2665 sublimctur,
2501 2610 2555 2655 et
2603 2609 2721 2670 post
2772 2601 3059 2655 multorum
3118 2612 3380 2652 annorum

1796 2698 2063 2755 curricula
2101 2696 2169 2751 ad
2198 2695 2436 2751 caelestia
2466 2709 2630 2766 regna
2672 2695 2953 2765 pertingat.
3007 2704 3028 2732 ο
3054 2692 3173 2747 Dat.
3199 2704 3382 2747 mense

1795 2786 1963 2854 Junii‘,
2012 2786 2299 2845 indictione
2320 2785 2377 2842 6.

2289 2899 2621 2958 EPISTOLA
2660 2899 2874 2955 XXXII.

2239 3013 2304 3052 AD
2342 3010 2601 3051 EUSEBIAI
2640 3008 2953 3052 PATBICIAIg

1801 3109 2050 3166 Hortatur
2075 3116 2128 3163 ut
2157 3107 2273 3178 plus
2301 3123 2360 3161 ea
2404 3120 2517 3187 ante
2546 3104 2751 3187 animle
2777 3118 2932 3173 quam
2957 3116 3072 3173 qua:
3096 3107 3217 3158 sunt
3255 3116 3373 3155 cor-

2394 3183 2529 3246 poris
2570 3183 2771 3246 cogitet.

1867 3298 2158 3366 Gregorius
2189 3303 2216 3334 ι
2245 3292 2493 3350 Eusebia:
2522 3292 2781 3363 patriciae.

1863 3392 1931 3447 Et
1955 3390 2000 3445 si
2028 3395 2281 3459 occupata
2310 3401 2460 3441 mens
2500 3394 2675 3441 vestra
2701 3384 2729 3423 ιι
2768 3383 2967 3440 divitiis
2988 3424 3004 3452 ,
3030 3390 3123 3439 aut
3151 3382 3379 3440 fortasse

1796 3539 1888 3579 sus
1920 3521 2298 3591 Langobardos
2329 3529 2646 3589 tutarentur,
2676 3521 2867 3577 missos
2893 3536 2986 3590 per
3006 3520 3371 3592 impotentiam

1795 3605 1849 3650 et
1877 3594 2151 3648 avaritiam
2198 3594 2395 3662 majora
2426 3608 2583 3661 quam
2634 3594 2814 3648 hostes
2862 3594 2959 3661 ipsi
2989 3593 3181 3647 damna
3220 3594 3368 3646 Italis

1791 3667 2057 3721 attulisse.
2098 3664 2413 3730 Adjacentes
2443 3679 2654 3733 quoque
2695 3664 2856 3717 Italiae
2896 3666 3095 3717 insulas
3136 3665 3374 3717 exactio-

1792 3737 1948 3791 nibus
1998 3735 2171 3789 nimiis
2222 3749 2511 3804 oppressas
2553 3736 2794 3804 queritur
2836 3734 3121 3802 Gregorius
3168 3735 3261 3787 lib.
3315 3748 3369 3798 v,

1790 3812 1950 3872 epist.
1982 3806 2071 3858 41.
2107 3806 2268 3875 Igitur
2297 3805 2462 3873 magis
2482 3820 2633 3874 aequa
2658 3820 2880 3873 sperans
2904 3816 3165 3873 tempora,
3190 3804 3273 3857 liic
3298 3806 3366 3858 ad

1792 3878 2025 3932 Pltocam
2057 3877 2241 3930 scribit
2272 3894 2283 3929 :
2320 3876 2615 3929 lleleventur
2644 3884 2806 3930 vestra
2858 3875 3207 3929 misericordia
3238 3890 3360 3926 con-

1788 3950 1895 4002 triti
1934 3964 1993 4001 ac
2034 3947 2259 4015 depressi
2299 3948 2459 3999 animi
2500 3948 2859 4016 subjectorum.
2889 3948 3056 4016 Epist.
3090 3960 3219 4000 vero
3248 3944 3318 3998 58
3349 3963 3362 3999 :

1786 4019 2005 4073 Domino
2028 4020 2203 4072 laudes
2233 4018 2471 4071 debemus
2494 4058 2509 4082 ,
2557 4021 2713 4087 quod,
2736 4021 3073 4089 remotojugo
3118 4018 3366 4089 tristitiae,

1786 4092 1853 4143 ad
1881 4091 2125 4144 libertatis
2166 4099 2392 4159 tempora
2420 4090 2513 4142 sub
2544 4088 2800 4159 imperiali
2829 4088 3149 4159 benignitatis
3190 4101 3368 4140 vestra:

1788 4163 1972 4231 pietate
2013 4160 2353 4232 pervenimus.
2375 4231 2380 4232 γ
2402 4158 2659 4230 Denique,
2703 4163 2860 4229 epist.
2891 4158 2958 4212 59
2986 4176 2998 4210 :
3027 4158 3133 4232 Deo
3179 4159 3371 4232 gratias

1789 4226 2027 4285 debemus
2053 4234 2187 4300 quod
2217 4242 2321 4285 tam
2348 4231 2477 4283 dura
2518 4226 2656 4301 longi
2686 4226 2929 4297 temporis
2953 4226 3371 4301 pondera—cervi-

1789 4305 1929 4356 crbus
1975 4298 2161 4356 nostris
2187 4313 2357 4356 amota
2384 4310 2535 4365 sunt,
2582 4298 2630 4354 et
2676 4302 2952 4367 imperialis
2982 4298 3217 4350 culminis
3259 4298 3371 4350 lene

1789 4376 1937 4428 rediit
1958 4375 2165 4445 jugum.
2198 4375 2402 4445 Quippe
2434 4374 2897 4445 iniusis__iinperii
2927 4367 3231 4437 primordiis
3257 4368 3368 4420 cle-

1790 4441 2045 4499 mentiam
2070 4447 2119 4497 in
2150 4444 2390 4497 subditos
2410 4458 2474 4497 ac
2496 4441 2866 4497 liberalitatem
2899 4453 3161 4492 summam
3193 4449 3375 4491 osten-

1790 4514 1951 4569 debat
1978 4514 2184 4569 Pliocas
2212 4531 2225 4579 ;
2258 4518 2379 4567 ficte
2400 4514 2636 4582 quidem,
2670 4514 2916 4575 nimirum
2937 4521 2992 4562 ut
3013 4509 3366 4582 exacerbatus

1793 4602 1863 4639 ex
1895 4585 2193 4640 decessoris
2223 4589 2303 4639 sui
2336 4579 2446 4638 turn
2478 4588 2701 4637 avaritia
2749 4592 2857 4635 tum
2902 4582 3234 4634 immanitate
3263 4579 3365 4632 sibi

1791 4657 2103 4711 Concdiaret
2129 4658 2357 4709 animos.
2387 4660 2455 4708 At
2484 4668 2588 4707 non
2628 4653 2898 4707 divinabat
2927 4660 3140 4704 sanctus
3166 4651 3369 4718 Grego-

1788 4728 1900 4783 rius
1926 4742 2105 4781 morcs
2124 4730 2239 4795 ejus
2264 4723 2409 4779 brevi
2432 4731 2663 4795 mutatos
2690 4724 2753 4777 iri
2779 4726 2831 4776 in
2856 4724 3028 4792 pejus,
3053 4730 3105 4775 et
3132 4722 3365 4774 Phocum

1786 4798 2122 4867 postmodum
2148 4794 2396 4851 obscenis
2422 4809 2480 4847 se
2500 4794 2807 4867 libidinibus
2830 4796 3250 4867 inancipaturum
3305 4805 3370 4867 ac

1783 4862 2103 4937 optimorum
2135 4868 2368 4920 virorum
2395 4880 2588 4937 cruore
2632 4866 2968 4920 satiaturum.
3018 4863 3127 4916 Iino
3155 4862 3368 4917 etiamsi

1786 4936 2020 4993 futurum
2048 4938 2100 4990 id
2128 4938 2468 5006 praevideret,
2489 4936 2556 4991 de
2581 4936 2833 5005 praesenti
2855 4950 3037 5006 rerum
3066 4944 3228 4999 statu,
3259 4945 3365 4987 non

1784 5011 1849 5063 de
1880 5010 2091 5071 futuro,
2120 5005 2231 5061 Suis
2260 5010 2312 5062 iti
2342 5006 2581 5076 epistolis
2609 5008 2752 5073 loqui
2781 5005 2982 5060 debuit.

1856 5083 1877 5114 ιλ
1910 5079 2134 5148 Vulgati,
2170 5080 2345 5132 invitis
2380 5074 2540 5144 Mss”
2570 5080 2890 5130 maerentium
2918 5075 3108 5140 corda,
3139 5074 3367 5148 snaﬂde-

1785 5150 1940 5203 crevit
1982 5147 2253 5203 collatione
2282 5152 2530 5219 refouere.
2562 5149 2725 5203 Multa
2753 5148 2855 5201 alia
2877 5187 2892 5212 ,
2948 5147 3363 5219 praelucentibus

1786 5220 1935 5286 Μῦς..
1963 5220 2061 5274 hac
2084 5220 2136 5273 in
2157 5217 2381 5288 epistola
2407 5221 2760 5285 mutavimus;
2790 5229 2844 5272 at
2866 5232 2987 5272 cum
3013 5217 3209 5271 leviora
3232 5218 3362 5279 sint,

1786 5293 1854 5345 de
1886 5294 1968 5343 lus
1998 5306 2217 5347 monere
2245 5307 2421 5357 Opera:
2454 5292 2683 5359 pretium
2716 5304 2823 5343 non
2847 5292 3117 5342 duximus.

1862 5373 1881 5398 ο
1915 5362 2141 5429 ldipsuin
2198 5355 2358 5429 supra
2405 5355 2706 5417 notavimus
2728 5402 2743 5427 ,
2775 5360 2869 5414 lib.
2900 5374 3030 5427 vni,
3059 5358 3218 5428 epist.
3273 5355 3364 5422 SI,

1788 5446 1928 5487 nunc
1959 5432 2051 5485 ιιυ.
2087 5450 2140 5487 x.
2168 5431 2433 5487 Gussanv.

1858 5501 1883 5540 ἀ
1910 5506 1981 5556 Ita
2012 5502 2215 5568 Norm.,
2244 5503 2536 5570 prmsertim
2566 5511 2622 5557 et
2649 5502 2850 5558 Turon.
2882 5500 2938 5555 In
2968 5498 3204 5570 Vulgatis
3231 5497 3366 5566 legi-

1792 5583 1895 5640 lur,
1932 5584 1985 5626 ut
2015 5575 2078 5629 de
2122 5578 2385 5645 ternporali
2416 5591 2571 5645 regno
2598 5588 2760 5628 vestra
2797 5572 3063 5627 clementia
3092 5581 3203 5641 post
3232 5571 3366 5621 mul-

1786 5655 1955 5699 torum
1980 5663 2229 5699 annorum
2248 5652 2526 5713 curricula,
2552 5658 2656 5701 etc.

1859 5727 1881 5753 ο
1912 5715 2109 5771 Nullibi
2140 5721 2189 5772 id
2225 5720 2445 5787 legimus
2498 5709 2848 5789 praeterquam
2897 5718 2949 5772 in
2980 5714 3189 5770 duobus
3238 5709 3364 5766 Col-

1781 5787 1946 5855 bert.,
1979 5790 2067 5844 ubi
2100 5802 2274 5846 tamen
2310 5793 2575 5861 pertinere
2605 5787 2815 5847 videtur
2839 5792 2908 5846 ad
2937 5792 3102 5861 epist.
3131 5797 3363 5853 sequen-

1782 5869 1887 5915 tem
1896 5902 1909 5916 .
