3928 6342
444 333 587 393 1985

1640 323 1884 383 SANCTI
1922 306 2249 381 esseom:
2290 323 2511 382 MAGNI

3470 362 3475 363 ν
3575 323 3719 380 ἲὲᾕ

451 453 614 521 regiae
652 446 884 506 civitatis
925 442 1263 501 tumultuosis
1309 440 1767 511 implicationibus
1820 438 2031 512 1m
2056 442 2108 502 Α
2134 439 2361 508 primum
2391 439 2582 507 capit,
2608 440 2653 495 si
2679 449 2891 510 posset,
2922 438 3257 515 suasionibus
3298 454 3328 494 a
3366 439 3516 494 bono
3564 456 3723 494 revo-

453 559 551 598 nos
579 558 673 611 per
695 540 947 611 epistolas
970 552 1094 591 suas
1108 536 1327 591 visitare
1356 532 1647 604 postponit,
1677 542 1915 586 nostrum
1941 538 2027 584 est

452 645 628 691 tamen
643 634 802 690 etiam
824 645 1008 686 aversa
1035 627 1260 683 ﬁliorum
1286 626 1446 681 corda
1460 624 1602 679 dulci
1626 624 1885 678 charitate
1910 637 2030 692 pro-

455 728 626 794 sequi,
656 739 824 795 eaque
852 724 916 777 ad
971 722 1256 790 benignum
1308 719 1542 772 animum
1592 726 1648 771 et
1694 714 2031 769 admonendo

456 830 508 873 et
535 818 735 871 orando
761 828 1033 870 revocare.
1067 811 1218 868 Unde
1249 825 1389 865 nunc
1415 809 1657 864 debitum
1688 806 2025 862 salutationis

455 906 741 976 alloquium
790 906 1036 971 solvens,
1093 901 1279 955 hortor
1322 909 1382 954 ut
1431 900 1746 954 excellentia
1797 906 2030 951 vestrae

459 999 688 1052 civitatis
719 995 861 1050 illius
888 994 1170 1064 supertluis
1197 992 1508 1046 tumultibus
1536 990 1771 1044 animum
1801 998 2029 1055 avertat,

456 1093 680 1162 plusque
707 1104 768 1145 ea
793 1104 912 1159 quas
942 1089 1136 1143 animae
1161 1101 1321 1156 quam
1352 1100 1472 1155 qum
1500 1091 1627 1139 sunt
1671 1083 1912 1151 corporis
1941 1096 2033 1135 co.

454 1184 604 1252 gitet.
632 1181 961 1237 Transitoria
987 1194 1109 1236 esse
1137 1178 1315 1232 omnia
1349 1176 1659 1246 perpendat.
1693 1175 1914 1229 Venturi
1946 1174 2035 1244 ju-

453 1275 586 1329 dicis
640 1288 863 1329 examen
920 1271 1254 1326 tremendum
1312 1283 1433 1323 cum
1491 1276 1633 1321 metu
1685 1274 1741 1320 et
1786 1266 2035 1336 lacrymis

456 1365 697 1436 quotidie
738 1365 855 1419 sine
881 1363 1183 1419 cessatione
1224 1361 1559 1427 consideret,
1593 1359 1847 1427 illumque
1870 1359 2033 1423 diem,

461 1459 512 1511 in
545 1471 650 1526 quo
678 1456 1041 1526 perturbanda
1071 1463 1196 1509 sunt
1224 1454 1424 1519 omnia,
1456 1468 1575 1509 cum
1609 1453 1801 1506 timore
1833 1450 1896 1504 ad
1926 1452 2039 1505 sni-

461 1564 605 1604 mum
633 1548 873 1612 reducat,
906 1555 963 1599 ut
1004 1547 1137 1600 iram
1186 1544 1382 1614 judicis
1429 1545 1482 1599 in
1513 1544 1629 1613 ipso
1655 1544 1763 1613 jam
1812 1542 1900 1595 die
1930 1555 2035 1596 non

461 1642 665 1695 timeat.
691 1638 1042 1707 Omnipotens
1071 1645 1247 1692 autem
1284 1635 1423 1690 Deus
1455 1635 1570 1689 haec
1598 1633 1789 1689 vestris
1834 1633 2039 1701 eugita-

465 1737 698 1791 tionibus
725 1734 1049 1802 aspiratione
1091 1733 1170 1787 sui
1200 1733 1419 1801 spiritus
1450 1730 1692 1784 infundat
1716 1770 1730 1795 ,
1763 1740 1961 1794 vosque
1986 1734 2040 1780 et

2132 544 2258 585 care
2299 532 2592 600 proposito.
2646 532 2803 600 Quod
2850 532 2973 587 dum
3027 534 3282 600 pertlcere
3327 532 3443 586 Deo
3495 543 3725 587 auctore

2131 625 2355 679 minime
2398 624 2686 692 valuisset,
2742 627 3058 681 seditionem
3104 626 3180 679 illi
3233 639 3457 681 suorum
3521 626 3726 678 civium

2130 715 2367 771 excitare
2409 732 2511 771 non
2564 717 2759 773 timuit.
2792 718 2995 785 Quanta
3029 734 3155 773 vero
3208 720 3503 788 praedictus
3556 718 3730 772 frater

2131 820 2183 862 et
2215 810 2564 879 caepiscomts
2619 820 2803 865 noster
2854 810 3119 865 Firminus
3162 825 3233 865 ex
3279 810 3472 865 eadem
3518 811 3729 864 immis-

2130 900 2280 954 sione
2329 902 2636 968 pertulerit,
2671 902 2878 969 plenius
2925 903 3030 956 illic
3059 918 3120 957 ac
3165 902 3411 956 veracius
3465 916 3500 956 e
3545 904 3729 956 vicino

2132 997 2373 1066 poteritis
2394 1011 2703 1065 agnoscere.
2738 995 2963 1051 Ilirectis
3010 996 3187 1064 itaque
3236 996 3585 1051 excellentiae
3644 1012 3730 1049 ve-

2132 1100 2255 1143 stra:
2295 1089 2623 1157 jussionibus
2677 1089 2757 1142 his
2800 1088 2887 1158 qui
2932 1088 2982 1142 in
3030 1087 3196 1142 Istriae
3229 1087 3479 1156 partibus
3515 1085 3726 1158 1251

2136 1180 2307 1234 locum
2335 1190 2568 1233 vestrum
2619 1195 2797 1250 agere,
2844 1180 2953 1235 Deo
3000 1189 3237 1243 auctore,
3279 1190 3614 1241 nou-untur,
3661 1180 3729 1232 di.

2139 1275 2377 1327 strictius
2399 1272 2674 1341 jubetote,
2726 1282 2991 1340 quatenus
3039 1282 3091 1326 et
3120 1272 3476 1341 saepedictum
3511 1272 3723 1326 fratrem

2136 1376 2371 1418 nostrum
2416 1365 2484 1417 ab
2533 1365 2692 1419 illatis
2730 1364 2963 1419 debeant
3011 1364 3292 1419 defensare
3340 1365 3639 1429 molestiis,
3678 1377 3723 1418 et

2138 1456 2373 1525 quietem
2408 1456 2548 1511 illius
2585 1456 2766 1510 multis
2796 1457 2861 1509 ad
2896 1455 3208 1510 imitandum
3243 1454 3587 1526 profuturam
3619 1471 3723 1507 rno-

2139 1551 2222 1602 dis
2268 1549 2514 1603 omnibus
2557 1564 2873 1615 procurare;
2927 1558 2981 1603 ut
3031 1549 3144 1603 haec
3172 1557 3351 1603 vestra
3393 1546 3640 1616 ι)τωὶύο
3674 1556 3720 1600 et

2139 1654 2516 1694 conversurum
2566 1642 2635 1694 sit
2662 1648 2839 1708 Optata
2891 1639 3186 1707 securitas,
3236 1648 3294 1695 et
3334 1639 3563 1694 occasio
3614 1646 3721 1705 apta

2142 1733 2496 1799 sequentium.
2541 1732 2924 1789 Excellentiam
2967 1742 3298 1802 quziprOpter
3346 1741 3595 1787 vestram
3639 1746 3720 1799 pa-

464 1828 553 1883 bic
581 1843 702 1882 cum
733 1826 1064 1881 nobilissimo
1089 1824 1316 1894 conjuge
1345 1835 1398 1879 et
1430 1822 1714 1892 tranquille
1758 1821 1957 1881 vivere,
1987 1824 2043 1873 et
2072 1817 2118 1877 Β
2144 1832 2297 1880 terno
2335 1826 2626 1881 salutantes
2672 1826 2864 1881 allecto
2886 1870 2900 1894 ,
2942 1828 3172 1896 petimus
3217 1834 3277 1880 ut
3321 1825 3427 1880 zeli
3473 1828 3637 1881 vestn'
3678 1828 3724 1879 ia

464 1921 532 1975 de
560 1920 744 1976 domui
794 1917 1088 1989 cStrategii
1144 1919 1312 1972 salute
1355 1917 1588 1987 gaudere
1636 1914 1830 1981 faciat,
1882 1923 2040 1983 atque

464 2020 586 2081 post
614 2011 767 2081 longa
790 2018 1033 2079 tempora
1058 2007 1125 2063 ad
1151 2018 1350 2062 atterua
1382 2005 1595 2076 prtemia
1616 2006 1894 2074 pervenire
1912 2016 2045 2058 con-

461 2105 617 2161 cedat
634 2102 685 2159 ἀ.

938 2191 1271 2247 EPISTOLA
1313 2188 1553 2245 XXXIII.

870 2325 935 2362 ΑΒ
988 2322 1297 2363 SIARAGDUI
1348 2320 1651 2361 ειΑιςηυι.

475 2421 541 2478 Ut
572 2419 866 2476 Firminum
898 2422 1188 2490 episcopum
1214 2422 1281 2474 ad
1324 2420 1564 2476 Ecclesia:
1603 2420 1846 2474 unitatem
1882 2437 2048 2475 rever-

542 2510 675 2558 sum,
707 2510 735 2545 a
764 2490 939 2546 Seueri
993 2492 1233 2546 molestiis
1281 2494 1518 2562 defendat
1564 2493 1818 2545 hortatur.
1863 2490 2050 2562 Serva-

542 2576 712 2616 tnrum
756 2564 963 2631 triginta
987 2563 1183 2615 dierum
1222 2561 1455 2616 inducias
1498 2562 1767 2631 Cillancm,
1809 2573 1861 2617 at
1892 2561 2051 2617 Pisa-

554 2650 647 2687 nos
686 2635 872 2704 pacisci
916 2634 1154 2688 noluisse.

554 2747 842 2819 Gregorius
863 2746 1158 2817 Smaragdo
1201 2748 1425 2817 patricio
1444 2757 1499 2804 et
1528 2749 1777 2805 exarcbo.

550 2861 687 2917 Olim
718 2861 983 2927 novimus,
1016 2860 1465 2916 excellentissime
1496 2861 1587 2927 fili,
1620 2877 1725 2929 quo
1758 2861 2049 2929 desiderio,

481 2969 653 3025 quave
677 2954 1025 3008 conversione
1053 2952 1235 3020 animi,
1268 2967 1364 3023 pro
1392 2962 1415 2987 ει
1438 2953 1712 3009 adunanda
1739 2954 1833 3009 Dei
1867 2954 2053 3009 Eccle-

477 3048 554 3100 sia
603 3046 655 3099 in
688 3044 853 3099 Istrite
907 3043 1158 3098 videlicet
1204 3044 1465 3113 partibus,
1514 3047 1632 3100 zelo
1682 3045 2057 3115 Redemptoris

481 3136 671 3201 nostri,
720 3150 902 3190 amore
928 3143 1144 3189 internas
1172 3135 1455 3202 mercedis,
1486 3137 1646 3190 studii
1695 3137 1857 3191 vestri
1884 3134 2059 3194 fervor

2144 1916 2244 1972 bac
2286 1931 2446 1972 causa
2498 1918 2623 1972 olim
2668 1916 2889 1973 exhibiti
2937 1932 3076 1972 nunc
3122 1917 3512 1973 vehementius
3565 1916 3724 1971 (erm

2144 2008 2463 2073 incandeat;
2497 2016 2748 2077 tantoque
2779 2023 2873 2064 vos
2913 2023 3099 2063 contra
3124 2009 3310 2063 hostes
3365 2007 3465 2063 Dei
3502 2008 3729 2061 vindices

2146 2099 2557 2169 defensoresque
2588 2102 2883 2170 reperiant,
2917 2110 3117 2171 quanto
3142 2101 3287 2169 apud
3324 2102 3507 2155 Deum
3543 2099 3730 2168 pretio-

2146 2192 2256 2248 sior
2289 2201 2373 2248 est
2397 2196 2589 2249 animae
2615 2209 2771 2264 quam
2820 2194 3065 2250 defensio
3093 2196 3369 2264 corporis.
3404 2196 3604 2249 Amet
3642 2208 3737 2248 vos

2146 2294 2330 2341 contra
2357 2286 2541 2341 devios
2567 2286 2680 2355 ipsa
2705 2302 2823 2356 qua:
2856 2288 2907 2341 in
2937 2287 3084 2342 vobis
3116 2286 3239 2342 lidei
3266 2287 3420 2354 viget
3443 2285 3735 2349 rectitude,

2148 2381 2546 2451 redintegretur
2590 2381 2785 2436 vestris
2827 2381 3155 2452 temporibus
3201 2381 3347 2449 quod
3405 2380 3463 2433 in
3510 2379 3623 2433 illis
3666 2386 3743 2431 ea

2150 2474 2390 2542 partibus
2414 2475 2639 2529 scissum
2685 2489 2881 2543 corpus
2933 2474 3211 2530 Ecclesiae.
3263 2472 3497 2527 Habetis
3554 2472 3607 2525 in
3652 2471 3742 2524 hac

2153 2578 2315 2623 causa
2344 2566 2720 2621 retributorem
2768 2567 2935 2622 vestri
2967 2567 3170 2635 operis,
3197 2565 3559 2620 rectitudinis
3578 2578 3643 2616 ac
3668 2564 3740 2616 ia-

2153 2654 2416 2724 tegritatis
2459 2667 2756 2713 auctorem.
2801 2656 2880 2711 De
2917 2656 3095 2711 divina
3127 2669 3363 2724 namque
3392 2654 3744 2709 miseratione

2154 2748 2475 2805 conﬁdimus
2503 2750 2647 2818 quod
2679 2759 2829 2806 tanto
2856 2750 3160 2806 exteriores
3207 2749 3401 2801 hostes
3450 2746 3639 2801 nostri
3659 2759 3744 2798 va-

2157 2845 2408 2902 lentiores
2434 2862 2525 2902 vos
2544 2857 2733 2902 contra
2762 2862 2821 2902 se
2852 2848 3141 2916 reperient,
3168 2854 3373 2915 quanto
3401 2857 3510 2898 vos
3542 2840 3741 2896 inimici

2168 2949 2331 2995 rectae
2353 2938 2477 2995 ﬁdei
2500 2940 2680 2995 divino
2704 2941 2758 2994 in
2783 2954 2843 2995 se
2865 2939 3134 2995 senserint
3158 2953 3343 2992 amore
3374 2934 3682 2991 terribiles.

2232 3033 2495 3089 Praeterea
2523 3034 2655 3088 duas
2677 3043 2701 3071 ο
2724 3034 2790 3088 ad
2815 3031 3070 3088 Cillauem
3099 3032 3353 3100 epistolas
3388 3028 3672 3091 misimus.
3708 3026 3749 3081 si

2168 3138 2495 3193 pacemque
2541 3127 2608 3180 ab
2635 3126 2949 3180 escellentia
2981 3138 3152 3180 vestra
3197 3124 3251 3179 in
3296 3124 3525 3193 triginta
3568 3121 3751 3177 diebus

482 3229 764 3285 exstiterit.
790 3228 942 3296 Quod
972 3243 1092 3282 cum
1113 3228 1185 3283 ita
1216 3228 1307 3295 sit,
1328 3242 1391 3283 ea
1416 3243 1532 3297 qum
1558 3224 1711 3283 nobis
1736 3230 1803 3285 de
1831 3230 1939 3285 illis
1966 3245 2056 3285 ttu-
2084 3206 2131 3271 ο
2161 3215 2298 3272 fama
2324 3225 2408 3272 εει
2433 3217 2725 3272 cummi
2745 3234 2760 3282 ;
2784 3228 2835 3271 ει
2862 3216 3135 3286 Milli“
3157 3230 3273 3271 eam
3296 3229 3357 3269 ιθ
3376 3223 3749 3276 multm.

486 3336 581 3391 per
610 3329 736 3375 sunt
775 3320 1012 3389 partibus
1033 3320 1294 3384 nuntiata,
1340 3318 1408 3373 ad
1436 3328 1670 3374 vestram
1714 3335 1820 3375 nou
1849 3319 2059 3376 destiti-

492 3428 611 3466 mus
641 3410 880 3481 perferre
916 3411 1181 3465 nOtitiam.
1218 3411 1485 3465 Firminus
1511 3412 1774 3481 siquidem
1816 3411 1978 3468 frater
2006 3422 2061 3468 et

494 3507 843 3575 coepiscopus
872 3500 1125 3572 nosterﬂ’
1168 3503 1494 3574 Tregestime
1539 3506 1762 3559 antistes
1787 3503 2059 3572 Ecclesiae,

485 3606 612 3651 ante
637 3596 925 3651 adventum
955 3606 1145 3650 vestra:
1165 3596 1497 3650 excellentia:
1518 3595 1718 3650 salubri
1739 3596 1965 3651 consilio
1993 3595 2065 3650 ab

487 3686 794 3755 schismate,
824 3700 929 3755 quo
956 3688 1263 3753 inhrrserat,
1291 3686 1635 3755 resipiscens,
1668 3700 1826 3757 atque
1851 3688 1915 3740 ad
1948 3688 2064 3740 uni-

490 3790 648 3833 litem
694 3780 880 3833 matris
920 3778 1173 3833 Ecclesiae
1203 3778 1437 3843 rediens,
1472 3778 1669 3833 nostris
1714 3788 1794 3834 est
1821 3778 2063 3849 epistolis

488 3871 854 3936 confirmatus,
886 3880 1147 3939 quatenus
1176 3871 1225 3924 in
1254 3885 1380 3924 vero
1406 3886 1564 3940 quem
1590 3883 1911 3943 cognoverat
1940 3874 2062 3928 sinu

493 3962 679 4017 matris
713 3961 981 4024 Ecclesite,
1013 3961 1324 4016 fortitudine
1371 3963 1533 4015 animi
1579 3966 1712 4018 lixus
1756 3980 1818 4019 ac
1861 3966 2064 4020 stabilis

414 4118 415 4121 η
490 4060 845 4124 permaneret.
887 4052 1004 4119 Quo
1047 4052 1226 4107 audito
1272 4054 1532 4120 Severus,
1571 4064 1596 4102 Β
1636 4055 1923 4111 Gradensis
1953 4059 2063 4127 epi-

492 4162 728 4217 scopus,
771 4145 1015 4216 ejusdem
1062 4154 1222 4217 caput
1265 4145 1599 4212 schismatis,
1635 4146 1659 4185 α
1687 4163 1808 4203 eum
1840 4150 2068 4207 diversis

569 4306 746 4365 EPIS'I'.
770 4301 959 4361 XXXII
991 4302 1096 4375 [ΑΙ.
1130 4302 1241 4374 59].
1272 4315 1382 4346 —“
1408 4307 1629 4364 Videtur
1644 4307 1918 4364 fuisselilia
1936 4310 2073 4367 Rus-

494 4376 701 4432 ticiana:
733 4378 989 4447 patriciae,
1012 4392 1077 4447 ex
1106 4376 1262 4444 epist.
1294 4377 1398 4445 21,
1432 4395 1571 4434 nunc
1598 4383 1689 4444 ΞΤ,
1733 4381 1826 4435 lib.
1860 4397 1897 4434 ll
1926 4425 1938 4443 .
1974 4384 2058 4437 in-

2164 3308 2210 3364 si
2242 3320 2419 3365 tamen
2442 3309 2544 3378 ipsi
2572 3325 2601 3363 a
2648 3310 2956 3377 reipublic:
2984 3310 3224 3378 partibus
3259 3309 3425 3364 fuerit
3450 3306 3749 3363 custodita.

2166 3399 2421 3454 Ilomines
2446 3411 2623 3455 autem
2653 3402 2772 3457 illos
2800 3417 2936 3472 quos
2959 3410 3199 3458 tenuerat
3217 3417 3406 3459 omnes
3432 3415 3566 3458 cum
3600 3400 3751 3455 rebus

2163 3494 2274 3548 suis
2300 3492 2581 3548 relaxavit.
2613 3493 2739 3563 Sed,
2765 3496 2831 3549 de
2858 3494 3048 3551 occisis
3094 3495 3401 3551 hominibus
3446 3494 3573 3548 suis
3610 3492 3754 3547 valde

2169 3585 2335 3650 dolet,
2360 3595 2520 3657 atque
2547 3586 2616 3642 de
2637 3589 2787 3643 vobis
2815 3582 3164 3645 vehementer
3185 3596 3468 3658 suspectus
3501 3596 3619 3653 est,
3642 3585 3754 3655 quia

2170 3680 2235 3745 si,
2266 3682 2407 3750 quod
2442 3681 2587 3736 Deus
2614 3690 2836 3751 avertat,
2866 3683 3036 3738 locum
3078 3683 3355 3747 invenerit,
3388 3681 3560 3737 etiam
3594 3682 3649 3735 in
3675 3692 3755 3749 ps-

2176 3786 2239 3827 ce
2267 3787 2387 3826 eum
2422 3789 2526 3829 non
2550 3784 2633 3829 est
2679 3775 2895 3831 dubium
2940 3790 3307 3832 excessurum.
3352 3772 3373 3811 τ
3410 3774 3491 3829 Ad
3538 3772 3754 3828 Pisanos

2174 3873 2349 3917 autem
2382 3863 2652 3921 hominem
2682 3879 2924 3923 nostrum
2953 3867 3152 3922 dudum
3200 3868 3413 3936 qualem
3446 3867 3753 3928 debuimus,

2172 3960 2229 4008 et
2255 3955 2527 4023 quomodo
2575 3956 2875 4021 debuimus,
2925 3958 3348 4024 transmisimus;
3382 3958 3481 4013 sed
3515 3957 3756 4011 obtinere

2174 4044 2246 4098 nil
2274 4048 2463 4115 potuit.
2499 4046 2649 4103 Unde
2672 4057 2727 4104 et
2758 4061 2782 4087 α
2811 4052 3094 4107 dromones
3130 4067 3313 4107 eorum
3344 4051 3461 4122 jam
3494 4052 3672 4120 parati
3695 4046 3753 4103 ad

2173 4136 2552 4208 egrediendum
2582 4142 2806 4197 nuntiati
2833 4155 2977 4199 sunt.

2255 4326 2279 4392 _°
2310 4318 2613 4377 Patriarcba
2644 4321 2999 4391 Aquileiensis
3029 4330 3148 4392 post
3189 4319 3396 4376 Heliam
3421 4363 3437 4386 ,
3483 4322 3553 4375 ad
3606 4337 3751 4391 quan

2171 4387 2414 4454 Pelagius
2460 4393 2499 4447 Il
2549 4387 2781 4462 scripsit.
2818 4387 3043 4447 Incensa
3080 4402 3257 4449 autem
3304 4409 3334 4447 a
3378 4387 3748 4462 Langobardis

498 4445 758 4529 αῑςισηξθξ
789 4452 945 4529 9935}-
976 4445 1046 4501 44
1071 4448 1445 4529 Ξέὺξ,¹¹ίο“¹¹υίιςξ
1472 4451 1551 4529 46,
1574 4452 1662 4506 lib.
1696 4467 1766 4529 tv.
1800 4452 2064 4529 Qussmv.
2098 4459 2147 4521 Ι)
2176 4445 2435 4526 Aquileia,
2461 4445 3044 4519 sredﬁeV—mrtranstulitad
3073 4445 3418 4519 Grade—nsemr
3438 4445 3750 4529 Eoi‘lesiarn,

566 4516 591 4553 ι’
616 4516 932 4591 Rhemehsis
973 4530 1027 4591 et
1071 4517 1240 4591 V’alic.
1275 4519 1348 4585 D,
1398 4523 1576 4575 divinis
1624 4523 1939 4591 actionibus,
1982 4537 2069 4579 aut

501 4589 738 4658 fortasse,
769 4590 909 4660 quod
938 4588 1095 4660 etiam
1121 4589 1344 4658 legimus
1374 4592 1423 4645 in
1452 4604 1558 4646 vet.
1591 4594 1689 4647 Ed.

576 4671 597 4696 ο
628 4661 760 4715 Puto
784 4658 979 4733 ditium
1022 4658 1180 4713 luisse
1223 4664 1540 4731 supradicta;
1581 4665 1853 4733 Eusebiae,
1888 4667 2072 4733 sicque

500 4742 748 4799 nepotem
783 4730 1136 4804 Rus-liciarum;
1168 4730 1323 4804 quod,
1350 4737 1541 4804 colligo
1582 4750 1645 4788 ex
1691 4730 1849 4801 epist.
1880 4736 1950 4788 ‘25
1977 4730 2068 4792 lib.

499 4815 599 4866 vn,
653 4816 790 4875 nunc
816 4802 884 4854 22
914 4801 1008 4854 lib.
1051 4815 1166 4875 vm,
1196 4803 1402 4875 Aindict.
1450 4801 1514 4870 i';
1563 4805 1720 4873 epist.
1766 4805 1836 4860 58
1865 4807 1952 4861 lib.
1985 4824 2070 4875 ix,

498 4887 639 4925 nunc
668 4872 736 4924 4-4
761 4874 851 4926 lib.
882 4887 971 4937 x1;
1000 4871 1159 4939 epist.
1190 4872 1261 4926 26
1291 4874 1382 4929 lib.
1435 4891 1507 4943 xu,
1556 4871 1694 4930 nunc
1716 4876 1787 4929 ἐξ
1829 4877 1921 4933 lib.
1952 4871 2065 4934 xm.

500 4941 760 4995 Gvssauv.

549 4958 760 4998 USSANV.

570 5011 597 5086 tl
621 5012 807 5069 Posset
833 5013 952 5067 addi
981 5029 1148 5067 mense
1173 5012 1364 5079 Junio,
1399 5015 1581 5086 indict.
1613 5015 1666 5082 6,
1710 5018 1969 5086 siquidem
2004 5020 2071 5076 ita

500 5084 691 5153 legitur
740 5086 893 5153 initio
922 5086 1160 5151 Oplaloki‘.
1207 5087 1362 5150 hujus
1416 5084 1468 5138 in
1521 5088 1686 5141 tribus
1728 5084 1852 5142 Mss.
1899 5090 2067 5145 Vatic.

519 5175 525 5179 ’
562 5152 749 5210 Εριδτ.
771 5152 1021 5227 -ΧΧΧΙΙΙ
1068 5152 1177 5227 [ΑΙ.
1225 5154 1340 5224 401.
1388 5185 1459 5196 -
1490 5167 1515 5194 η
1542 5160 1611 5211 Ita
1640 5160 1830 5212 melius
1866 5160 2033 5214 Vatic.
2054 5202 2067 5223 ,

501 5228 705 5292 l\'orm.,
757 5225 1014 5291 Colbert.,
1070 5225 1287 5292 lihem.,
1332 5237 1462 5293 ete.,
1514 5245 1669 5298 quam
1716 5230 1933 5296 Excusi,
1980 5232 2071 5286 ubi

498 5297 688 5350 lenitur
721 5314 808 5350 uro
838 5298 1149 5350 adiuvanda.

519 5300 688 5365 egitur
721 5314 808 5364 pro
838 5299 1149 5361 adiuvanda.

575 5368 598 5403 ι)
625 5368 956 5435 Tergesmm,
990 5372 1140 5436 vulgo
1172 5368 1385 5432 Trieste,
1419 5368 1544 5423 urbs
1587 5372 1753 5423 Istri:e
1783 5372 1835 5424 in
1866 5371 2071 5425 Carno-

503 5453 619 5509 rum
642 5443 871 5491 contiuio
897 5443 1025 5503 sita;
1059 5440 1109 5492 iu
1135 5442 1318 5494 itttitlto
1342 5455 1551 5494 recessu
1577 5443 1724 5495 sinus
1748 5441 2071 5509 Tergestini,

504 5507 658 5573 Gotfo
690 5509 741 5559 di
786 5509 976 5582 ’f’rieste
1005 5510 1073 5563 ab
1094 5522 1153 5563 ea
1185 5512 1332 5564 dicti.
1357 5512 1570 5564 Portum
1607 5514 1761 5566 habet
1800 5507 2068 5582 capacem,

506 5589 693 5651 est-que
720 5581 1033 5645 episeopatis
1082 5582 1180 5633 siib
1229 5585 1525 5651 patriarcha
1569 5584 1930 5649 Aquileiensi.
1962 5586 2074 5638 sive

509 5647 751 5724 Utiuensi
800 5647 1242 5724 arcluepiscopof
1271 5652 1532 5724 GussANv.
1580 5647 1828 5724 Legimus
1883 5654 2071 5724 Trege-

499 5731 639 5793 stum
667 5717 979 5793 iugumque
1003 5718 1192 5784 Vatie.,
1223 5731 1274 5773 et
1301 5722 1353 5793 iu
1381 5722 1624 5778 omnibus
1647 5717 1855 5793 Norm.,
1891 5717 2002 5779 ituri
2019 5733 2076 5780 et

500 5787 557 5842 in
587 5794 692 5840 vet.
722 5786 840 5839 Ed..
873 5801 1007 5854 quos
1035 5793 1182 5855 sequi
1210 5791 1470 5857 cogimur.

2173 4531 2630 4607 schismaticorum
2675 4539 2726 4591 in
2757 4535 2862 4607 illis
2904 4538 3141 4607 partibus
3168 4536 3433 4605 princeps.
3474 4535 3615 4592 Vide
3647 4550 3751 4607 qua

2171 4601 2407 4676 diximus
2428 4608 2492 4659 ad
2525 4609 2683 4676 epist.
2711 4604 2775 4661 t6
2806 4601 2956 4660 Iibfi.
2988 4601 3250 4662 Gussaivv.

2246 4674 2271 4711 ἀ
2300 4675 2353 4729 In
2379 4674 2618 4743 Excusis,
2648 4694 2763 4731 cum
2814 4680 3022 4731 diversis
3072 4681 3414 4748 pramiornm,
3449 4687 3587 4745 etc.,
3619 4688 3753 4733 certe

2172 4743 2615 4803 dissentientibus
2642 4751 2830 4803 saltem
2865 4743 3132 4815 plerisque
3162 4750 3285 4804 Mss.

2251 4818 2369 4871 °Ita
2403 4821 2453 4871 in
2484 4820 2732 4874 omnibus
2785 4820 2991 4882 Norm..
3025 4823 3253 4885 Turon.,
3297 4819 3543 4875 Colbert.
3604 4832 3659 4876 et
3709 4821 3750 4875 in

2174 4887 2382 4962 duobus
2414 4890 2584 4946 Vatic.
2616 4891 2675 4945 In
2703 4891 2821 4946 aliis
2869 4891 3057 4962 legitur
3094 4891 3472 4962 ,Varucinallem
3518 4894 3606 4945 vel
3660 4892 3750 4945 Va-

2174 4958 2537 5025 saccillonent;
2569 4964 2724 5016 nullis
2766 4958 2943 5017 autem
2974 4967 3026 5018 in
3055 4961 3184 5021 Mss.
3217 4966 3516 5034 reperimus
3566 4962 3751 5033 Titani-

2176 5044 2318 5095 num,
2348 5040 2401 5083 ut
2431 5044 2513 5086 e~t
2544 5035 2594 5086 in
2627 5033 2868 5088 Excusis.

2255 5100 2279 5173 fr
2309 5104 2466 5169 Piste,
2494 5103 2648 5173 vulgo
2680 5102 2834 5172 Pisa,
2867 5103 2992 5158 urbs
3041 5105 3272 5162 celebris
3320 5106 3571 5172 Etruriae,
3625 5121 3751 5162 nunc

2174 5172 2662 5243 archiepiscopahs.

2250 5253 2277 5291 tt
2304 5245 2377 5297 De
2399 5251 2498 5316 hac
2522 5259 2651 5300 Voce
2679 5261 2863 5315 supra,
2895 5248 3051 5316 epist.
3078 5247 3141 5300 57
3177 5248 3267 5302 lib.
3298 5248 3425 5302 olim
3459 5263 3589 5313 vm,
3627 5263 3748 5303 nunc

2176 5315 2270 5369 lib.
2300 5332 2354 5370 ι.
2381 5315 2622 5369 Liburna!
2660 5333 2870 5385 quoque
2900 5315 2990 5371 aut
3021 5318 3307 5373 ιὶὁιιι-ηἱειε
3332 5320 3495 5373 dicta:
3527 5333 3655 5375 sunt
3682 5323 3747 5372 hx

2144 5432 2147 5435 .
2176 5400 2338 5442 naves
2368 5402 2398 5441 a
2427 5386 2674 5443 Liburnis
2706 5389 2897 5459 Illyrici
2936 5391 3162 5457 populis.
3197 5391 3463 5457 Horatius,
3495 5392 3658 5462 epod.
3686 5393 3705 5445 l
3734 5408 3744 5442 :

2392 5503 2492 5553 Ibis
2518 5502 2748 5554 Liburnis
2774 5508 2905 5555 inter
2927 5504 3024 5569 alta
3048 5506 3260 5569 navium,

2392 5569 2580 5627 Amice,
2608 5567 2988 5630 propugnacula.

2177 5677 2644 5733 Dromonariorum
2686 5679 2950 5750 remigum
2981 5680 3221 5735 meminit
3243 5678 3635 5749 Cassiodorus,
3656 5676 3747 5739 νεα

2176 5752 2306 5807 riar.
2332 5751 2424 5805 lib.
2453 5764 2525 5818 tv,
2558 5750 2715 5818 epist.
2750 5750 2839 5805 15.
