3928 6342
133 420 297 477 1%85

638 536 964 593 EPISTOLA
1007 536 1247 593 XXXIV.

526 646 594 685 ΑΙ)
633 646 799 685 ΡΔΝΤΑ
808 646 1014 685 ιεοΝεκ
1054 646 1344 685 NOTABIUI.

142 723 309 788 Quod
329 723 396 775 ad
427 725 625 794 justam
653 740 945 776 mensuram
986 724 1210 776 modium
1237 741 1334 794 quo
1370 722 1612 794 Ecclesia:
1641 737 1729 776 co-

221 796 331 847 loni
361 793 613 867 [ruinenta
641 796 827 848 dabam
858 796 1104 867 redegerit
1134 796 1328 850 laudat.
1357 793 1513 848 Iubet
1557 809 1733 867 perce-

219 877 365 930 gitam
392 882 454 918 ex
478 866 670 931 iniusto
698 867 865 919 modio
897 866 1161 935 pecuniam
1187 867 1380 921 colonis
1414 866 1733 936 pauperiori-

222 937 318 988 ἐπιδ
359 945 547 989 secreto
579 936 839 990 distribui.

225 1026 515 1098 Gregorius
543 1027 849 1082 Pantaleoni
874 1029 1101 1084 notario.

230 1117 570 1187 Experientia
594 1129 679 1173 tua
706 1120 845 1189 quod
874 1120 956 1174 vel
976 1120 1133 1191 quale
1154 1119 1291 1188 apud
1313 1118 1734 1175 sacratissimum

151 1225 356 1279 corpus
378 1209 521 1266 beati
552 1210 694 1267 Petri
745 1212 968 1281 apostoli
1014 1211 1388 1283 jusjurandum
1446 1209 1735 1281 praebuerit

152 1320 368 1359 memor
394 1315 496 1360 est.
528 1304 675 1360 Unde
697 1321 792 1360 nos
815 1321 1025 1376 quoque
1050 1305 1223 1361 securi
1267 1304 1612 1361 discussionis
1643 1302 1734 1357 tibi

154 1396 461 1452 causamin
492 1397 810 1466 patrimonio
861 1398 1024 1467 partis
1070 1399 1419 1471 Syracusana:
1464 1396 1735 1452 commisi-

154 1504 299 1543 mus.
330 1489 549 1557 Oportet
579 1504 706 1559 ergo
742 1498 792 1543 te
820 1489 974 1543 fidem
1008 1497 1174 1555 tuatu,
1222 1498 1273 1543 et
1314 1487 1551 1556 ejusdem
1595 1485 1734 1541 beati

163 1580 305 1635 l'etri
334 1579 557 1647 apostoli
614 1580 860 1635 timorem
892 1596 1105 1648 semper
1134 1589 1257 1634 ante
1297 1579 1479 1633 oculos
1514 1578 1732 1644 habere,

154 1681 321 1740 atque
346 1672 414 1725 ita
451 1686 629 1741 agere,
660 1682 711 1724 ut
740 1686 910 1741 neque
939 1671 1007 1725 ab
1054 1670 1356 1725 hominibus
1387 1671 1437 1724 in
1489 1669 1734 1739 praesenti

159 1762 291 1827 vita,
319 1777 489 1829 neque
515 1763 581 1817 ab
607 1771 977 1833 omnipotente
1010 1763 1118 1817 Deo
1160 1763 1215 1816 in
1260 1771 1502 1817 extremo
1536 1761 1734 1831 judicio

156 1856 337 1909 valeas
365 1854 701 1924 reprehendi.
738 1855 946 1927 1242
978 1864 1001 1891 ει
1050 1854 1256 1910 Salerio
1288 1855 1549 1925 siquidem
1579 1854 1734 1908 char-

160 1947 353 2002 tulario
406 1958 589 2002 nostro
628 1956 899 2011 narrante,
934 1948 1278 2017 cognovimus
1325 1949 1448 2019 quia
1491 1948 1729 2003 modium

155 2059 265 2113 quo
288 2044 461 2099 coloni
508 2044 760 2099 Ecclesiae
786 2044 1050 2097 frumenta
1097 2044 1226 2099 dare
1273 2045 1730 2113 compellebantur

156 2138 340 2207 viginti
370 2137 601 2206 quinque
628 2137 981 2192 sextariorum
1012 2136 1304 2192 inveneris.
1337 2138 1486 2205 Quod
1512 2138 1729 2194 omnino

155 2230 417 2284 exsecrati
448 2243 628 2284 sumus
646 2273 661 2297 ,
695 2237 856 2301 atque
884 2228 1124 2285 eamdem
1151 2230 1495 2285 discussionis
1515 2245 1728 2286 causam

156 2334 206 2378 te
233 2326 382 2377 tarde
402 2322 588 2378 fecisse
612 2322 897 2378 doluimus.
922 2322 1052 2389 Quia
1078 2337 1205 2392 ergo
1220 2323 1465 2377 eumdem
1492 2322 1728 2378 modium

155 2426 205 2470 te
241 2414 461 2486 fregisse
491 2429 543 2470 et
591 2416 794 2487 justum
849 2416 1041 2471 fecisse
1087 2431 1507 2483 commemoras,
1563 2415 1731 2486 gavisi

153 2526 360 2567 smnus.
410 2510 512 2564 Sed
561 2512 682 2581 quia
737 2510 1020 2581 praedictus
1072 2511 1427 2566 chartularius
1469 2526 1728 2566 summam

153 2601 309 2655 nobis
330 2616 540 2671 quoque
570 2600 806 2656 iudicare
834 2600 1057 2664 studuit,
1086 2617 1206 2670 quae
1222 2601 1288 2656 de
1311 2600 1582 2656 fraudibus
1609 2617 1732 2656 con-

154 2692 437 2746 ductorum
490 2692 627 2761 apud
658 2693 1040 2761 experientiam
1074 2705 1213 2750 tuam
1256 2693 1368 2764 jam
1419 2695 1483 2749 de
1526 2695 1733 2751 duobus

153 2784 434 2838 territoriis
462 2793 545 2839 est
565 2784 810 2852 collecta,
844 2788 982 2841 sicut
1006 2798 1056 2842 te
1080 2788 1317 2842 studiose
1348 2787 1538 2842 fecisse
1565 2788 1731 2842 fracto

154 2876 354 2945 injusto
382 2878 557 2931 modio
587 2879 899 2948 gaudemus,
944 2882 1066 2951 quia
1122 2880 1174 2935 in
1207 2881 1384 2935 futuro
1412 2881 1563 2935 nobis
1601 2896 1731 2950 pro-

151 2970 426 3037 spicimus,
459 2970 528 3025 ita
559 2971 716 3025 etiam
742 2972 807 3026 de
840 2974 1068 3042 peccatis
1103 2974 1387 3042 praeteritis
1409 2976 1726 3043 cogitamus,

154 3075 225 3114 ne
252 3061 293 3113 si
324 3074 385 3114 ea
405 3074 525 3130 quae
544 3059 907 3117 fraudulenter
928 3064 1278 3119 conductores
1300 3078 1330 3118 a
1358 3063 1569 3119 rusticis
1597 3066 1724 3121 abs-

158 3153 390 3208 tulerunt
425 3154 493 3209 ad
535 3170 634 3209 nos
680 3157 1031 3226 perveniunt,
1080 3169 1296 3228 peccata
1342 3174 1461 3229 qua:
1500 3160 1567 3214 ab
1600 3161 1728 3230 ipsis

155 3257 451 3315 perpetrata
486 3257 609 3302 sunt
628 3249 691 3303 ad
723 3264 819 3304 nos
847 3252 1141 3307 trahantur.
1193 3250 1259 3305 Et
1310 3252 1428 3307 ideo
1482 3252 1727 3308 volumus

150 3354 275 3392 Clllll
297 3339 436 3393 omni
454 3340 732 3407 lide,omni
758 3343 1003 3413 puritate,
1035 3342 1373 3398 considerato
1398 3344 1585 3399 timore
1606 3360 1727 3399 om-

154 3431 443 3498 nipotentis
477 3432 587 3498 Dei,
646 3433 863 3487 reducta
914 3434 981 3487 ad
1033 3435 1346 3488 memoriam
1396 3434 1731 3493 districtione

154 3520 295 3573 beati
328 3516 465 3574 Petri
498 3522 745 3590 apostoli,
778 3538 873 3592 per
898 3538 1326 3594 unamquamque
1367 3540 1596 3579 massam
1641 3542 1731 3582 co-

152 3612 309 3666 lonos
337 3627 594 3682 pauperes
620 3624 672 3669 et
703 3614 1003 3685 indigentes
1052 3616 1436 3684 experientiam
1467 3625 1612 3672 tuam
1636 3617 1731 3673 de-

145 3704 412 3769 scribere,
442 3713 600 3774 atque
622 3721 685 3760 ex
717 3704 794 3761 eis
824 3706 1060 3775 pecuniis
1089 3722 1207 3776 quae
1237 3709 1288 3761 in
1315 3708 1585 3763 fraudibus
1607 3719 1732 3764 sunt

144 3797 207 3850 in
222 3804 407 3864 venue,
430 3810 640 3865 vaccas,
664 3811 791 3852 oves
830 3812 1126 3867 porcosque
1174 3814 1507 3869 comparare,
1541 3811 1595 3855 et
1622 3802 1732 3855 sin-

142 3887 291 3960 gulis
321 3890 525 3944 culonis
558 3890 877 3959 pauperibus
902 3905 964 3946 ea
992 3890 1333 3946 distribuere.
1370 3892 1525 3959 Quod
1556 3892 1733 3950 facere

147 3995 208 4039 te
241 3999 356 4038 cum
384 3984 607 4038 consilio
653 3984 750 4038 viri
798 3984 1228 4039 reverendissimi
1279 3986 1462 4038 domui
1513 3985 1732 4043 Joannis

145 4075 420 4145 episc0pi,
453 4086 611 4145 atque
632 4075 852 4131 Adriani
884 4075 1190 4130 cllartnlarii
1228 4078 1395 4131 nostri
1426 4086 1481 4132 et
1509 4081 1732 4134 rectoris

146 4168 422 4226 volumus.
449 4167 505 4222 Si
535 4176 709 4223 autem
745 4182 965 4223 necesse
990 4176 1206 4238 propter
1234 4169 1516 4224 consilium
1547 4170 1727 4239 fuerit,

146 4260 314 4316 etiam
346 4261 479 4315 ﬁlius
508 4270 688 4315 noster
716 4260 943 4316 domnus
990 4259 1229 4317 Julianus
1260 4262 1418 4317 debet
1466 4263 1730 4333 adhiberi,

146 4354 231 4409 ita
258 4362 310 4407 ut
342 4354 516 4407 nullus
542 4354 676 4408 alius
707 4361 992 4423 agnoscat,
1050 4354 1142 4409 sed
1194 4356 1412 4409 omnino
1468 4366 1733 4412 secretum

146 4446 246 4501 sit.
279 4446 381 4500 Vos
408 4462 535 4517 ergo
566 4447 702 4501 inter
732 4461 825 4501 vos
856 4457 1174 4517 pertractate
1196 4456 1371 4502 utrum
1402 4448 1454 4503 in
1486 4465 1617 4505 auro
1646 4460 1737 4507 aut

148 4548 302 4593 certe
332 4536 359 4576 δ
393 4538 445 4592 in
479 4538 719 4607 pecuniis
763 4537 963 4594 eisdem
995 4538 1200 4595 colonis
1252 4539 1572 4608 pauperibus
1619 4541 1734 4597 dari

149 4632 341 4686 eadem
373 4632 694 4686 continentia
736 4631 946 4685 debeat.
1005 4629 1270 4698 Quidquid
1330 4646 1456 4683 vero
1495 4646 1734 4687 commu-

763 420 1244 480 EPISTOLARUM
1281 420 1412 478 LIB.
1454 419 1588 478 χιιι.
1619 449 1690 463 --
1719 412 1961 474 INDICT.
2008 418 2091 474 Vl.
2132 448 2201 460 —
2240 418 2453 477 EPIST.
2493 419 2735 479 XXXVI.

3274 422 3414 483 1286

1761 540 1811 600 Α
1840 534 2074 603 gentium
2107 542 2351 599 testatur,
2378 534 2547 590 habeo
2574 536 2773 604 omnia,
2804 545 2858 593 et
2887 536 3131 605 abundo;
3165 554 3263 594 nec
3316 556 3413 609 pe-

1833 628 2040 692 cunias,
2065 628 2157 681 sed
2182 626 2482 683 mercedem
2522 644 2704 697 quaero
2731 628 2952 700 (Philip.
3010 632 3106 700 tv).
3164 629 3241 685 lta
3287 642 3417 702 ergo

1835 735 1953 791 age,
1988 721 2115 773 utin
2146 718 2233 772 die
2260 718 2445 788 judicii
2471 720 2537 773 de
2560 734 2717 775 causa
2749 729 2770 757 ε
2811 720 3070 776 mercedis
3108 736 3226 790 quae
3253 737 3416 791 expe-

1835 812 2040 866 rientiae
2066 820 2174 864 tute
2202 814 2489 865 commissa
2512 818 2596 865 est
2633 810 2763 864 mihi
2794 808 3028 865 fructum
3056 825 3213 881 quem
3254 812 3413 868 fece-

1839 902 1913 957 ris
1944 902 2217 957 ostendas.
2248 900 2400 967 Quod
2423 900 2469 955 si
2499 915 2647 969 pure,
2691 901 2920 957 fideliter
2943 912 2998 958 et
3047 910 3266 959 strenue
3293 918 3417 975 ege-

1836 996 1931 1062 ris,
1962 1005 2016 1049 et
2046 994 2133 1049 hic
2164 995 2290 1049 illud
2319 996 2369 1048 in
2400 994 2519 1049 ﬁliis
2543 993 2645 1049 tuis
2693 996 2941 1066 recipies,
2993 1004 3049 1052 et
3075 998 3413 1067 postmodum

1837 1086 2267 1142 retributionem
2288 1085 2580 1155 plenariam
2610 1085 2666 1141 in
2694 1088 2880 1142 aeterni
2927 1087 3123 1159 judicia
3168 1093 3413 1149 examine

1837 1180 2081 1236 habebis.

2332 1249 2664 1307 EPISTOLA
2701 1249 2919 1307 XXXV.

2237 1359 2304 1398 AD
2341 1359 2586 1400 CATULUI
2624 1360 2693 1400 ET
2736 1359 3003 1401 ROIAHUM.

1840 1434 2081 1505 Optatum
2110 1434 2425 1505 defensorem
2464 1436 2516 1488 in
2545 1436 2835 1489 amovendis
2861 1453 2894 1488 a
2922 1443 3239 1493 sacerdotum
3268 1456 3402 1497 con-

2075 1508 2304 1560 tubernio
2327 1508 2585 1560 extraneis
2618 1506 2913 1560 mulieribus
2944 1509 3167 1580 adjuvet.

1908 1596 2193 1667 Gregorius
2218 1606 2242 1633 α
2273 1599 2484 1664 Catulo,
2516 1598 2777 1666 Rvmano,
2806 1610 2857 1655 et
2881 1600 3162 1664 Vintarith.

1908 1689 2155 1745 Pervenit
2205 1690 2269 1744 ad
2325 1706 2421 1745 nos
2477 1692 2614 1760 quod
2664 1692 2751 1761 qui
2801 1702 2922 1746 sunt
2953 1693 3002 1746 in
3044 1707 3195 1748 sacro
3223 1695 3411 1753 ordine

1835 1781 2105 1836 constituti
2130 1782 2180 1834 in
2213 1782 2483 1835 territorio
2515 1779 2541 1819 δ
2570 1779 2801 1835 Nursino
2828 1797 2947 1838 cum
2973 1784 3280 1842 mulieribus
3309 1804 3408 1843 ex-

1836 1872 2031 1926 traneis
2057 1872 2316 1928 habitent.
2345 1874 2491 1939 Quod
2520 1874 2643 1941 quia
2681 1884 2702 1911 ο
2729 1889 2892 1944 grave
2940 1882 2993 1930 et
3024 1877 3230 1950 1243
3261 1881 3410 1937 valde

1833 1962 2083 2017 indecens
2105 1972 2207 2031 est,
2236 1964 2428 2034 Optato
2455 1965 2720 2019 defensori
2752 1969 3098 2036 praecepimus
3123 1982 3175 2024 ut
3200 1987 3291 2027 eos
3317 1973 3411 2028 de-

1833 2053 1953 2109 beat
1998 2053 2293 2119 adhortari,
2342 2062 2624 2124 quatenus,
2681 2056 2725 2109 si
2776 2057 2846 2110 ita
2877 2067 2979 2127 est,
3015 2059 3189 2115 nullus
3219 2076 3405 2118 eorum

1833 2161 1951 2200 cum
1977 2150 2246 2202 extraneis
2270 2147 2582 2201 mulieribus
2604 2146 2670 2202 de
2696 2157 2893 2204 caetero
2919 2150 3111 2205 audeat
3140 2152 3405 2211 habitare.

1832 2237 1981 2305 Quod
2008 2238 2052 2291 si
2084 2238 2220 2294 forte
2266 2237 2690 2293 adhortationem
2739 2240 2853 2310 ejus
2904 2243 3254 2312 neglexerint,
3306 2247 3408 2303 hoc

1831 2345 2042 2400 quoque
2071 2330 2120 2384 ei
2150 2332 2495 2400 injunximus,
2525 2340 2582 2385 ut
2621 2332 2686 2398 ad
2718 2333 2956 2387 notitiam
3003 2335 3178 2389 fratris
3203 2347 3256 2389 et
3283 2350 3407 2392 coe-

1831 2423 2036 2492 piscori
2088 2424 2255 2477 nostri
2304 2422 2631 2493 Chrysanthi
2691 2423 2816 2478 illud
2875 2424 3163 2494 perducere
3192 2427 3408 2498 debeat,

1832 2519 2121 2573 dummodo
2151 2534 2245 2589 per
2272 2516 2419 2572 illum
2453 2518 2702 2586 corrigat,
2735 2526 2827 2572 aut
2867 2532 2988 2573 cum
3018 2518 3133 2590 ejus
3162 2523 3407 2577 auctori-

1833 2618 1941 2665 tate
1974 2610 2257 2679 przedictus
2306 2610 2556 2665 defensor
2596 2610 2806 2664 studeat
2839 2612 3178 2668 emendare:
3196 2614 3259 2667 Et
3288 2615 3408 2672 ideo

1831 2700 2139 2772 magnitudo
2171 2709 2349 2754 vestra
2373 2700 2427 2755 in
2458 2700 2559 2753 hoc
2586 2699 2836 2769 capitulo,
2885 2702 3022 2757 sicut
3067 2717 3183 2758 eam
3210 2705 3409 2762 conde-

1833 2802 1935 2857 cet,
1961 2802 2263 2858 concurrat,
2285 2804 2443 2863 atque
2490 2793 2735 2849 eumdem
2776 2792 3004 2863 desuper
3048 2794 3262 2852 fratrem
3316 2799 3411 2852 ha-

1831 2887 1955 2941 beat
1985 2887 2037 2940 in
2060 2886 2307 2940 omnibus
2337 2884 2788 2951 commendatum,
2835 2896 2892 2939 ut
2920 2886 3069 2942 vobis
3109 2888 3411 2945 solatianti-

1832 2979 1929 3032 bus
1961 2987 2014 3032 et
2036 2993 2154 3048 quae
2174 2978 2222 3032 ei
2254 2978 2486 3046 injuncta
2513 2977 2938 3032 suntsalubriter
2961 2980 3199 3048 expleat,
3247 2992 3301 3037 et
3348 2983 3405 3043 in

1829 3071 1953 3128 aliis
1981 3082 2167 3127 contra
2199 3071 2460 3126 rationem
2495 3070 2737 3126 laborare
2763 3085 2867 3125 non
2896 3071 3086 3126 valeat.
3402 3056 3405 3061 λ

2306 3184 2637 3241 EPISTULA
2670 3184 2908 3241 XXXVI.

2008 3294 2075 3333 ΔΙ)
2125 3290 2503 3333 CBBYSAHTHUM
2543 3293 2889 3339 ενοιεΤΑΝυι
2922 3292 3224 3336 EPISCOPUB.

1838 3369 2137 3424 Habitantes
2188 3386 2300 3423 cum
2335 3370 2590 3491 euganeis
2623 3369 2923 3425 mulieribus
2952 3369 3208 3427 Nursinos
3244 3388 3413 3429 sacer-

2448 3448 2551 3491 otes
2573 3449 2818 3491 coerceat.

2448 3448 2551 3493 otes
2573 3449 2818 3495 coerceat.

1903 3530 2189 3600 Gregorius
2212 3528 2549 3601 Chrysantho
2579 3530 2830 3599 episcopo
2858 3530 3169 3603 Spoletano.

1910 3623 1982 3676 Ex
2015 3620 2365 3691 quorumdam
2418 3620 2675 3677 relatione
2723 3624 3066 3692 cognovimus
3105 3624 3410 3684 sacerdotes

1839 3713 2097 3771 territorii
2127 3712 2340 3768 Nursini
2370 3728 2489 3768 cum
2523 3714 2837 3770 mulieribus
2860 3718 3127 3773 extraneis
3166 3732 3407 3777 comma-

1834 3821 1983 3860 nere.
2018 3804 2121 3859 Pro
2143 3820 2247 3874 qua
2277 3819 2334 3859 re
2365 3804 2519 3861 valde
2545 3818 2642 3859 nos
2668 3804 2977 3864 fraternitas
3008 3817 3095 3863 tua
3124 3809 3413 3867 contrista-

1836 3907 1917 3953 tos
1950 3906 2221 3968 agnoscat,
2254 3911 2372 3967 quae
2400 3897 2599 3952 dudum
2646 3897 2793 3963 talia,
2836 3898 2881 3953 si
2928 3906 3106 3956 tamen
3136 3902 3411 3971 cognovit.

1834 3990 2052 4044 minime
2107 4003 2258 4059 passa
2306 3999 2387 4043 est
2434 4003 2704 4045 coercere.
2762 3988 2866 4045 Sed
2918 3994 3166 4061 quoniam
3219 3997 3416 4064 Optato

1837 4081 2173 4151 praecipimus
2196 4079 2463 4137 defensori
2494 4093 2554 4137 ut
2584 4081 2701 4137 haec
2728 4081 2919 4139 debeat
2946 4083 3123 4140 modis
3165 4085 3412 4144 omnibus

1836 4173 2145 4241 emendare,
2173 4182 2228 4230 et
2248 4174 2295 4229 si
2322 4175 2603 4244 quisquam
2631 4188 2699 4233 ex
2728 4175 2807 4230 eis
2839 4176 2891 4230 in
2922 4174 3017 4231 tali
3034 4176 3264 4245 capitulo
3286 4192 3416 4235 eon-

1838 4276 2015 4323 tumax
2056 4266 2284 4322 voluerit
2313 4281 2590 4337 apparere,
2642 4266 2708 4320 ad
2751 4267 3097 4322 fraternitatis
3136 4279 3240 4323 tuan
3283 4283 3409 4325 eum

1836 4359 2029 4415 debeat
2058 4372 2284 4415 evocare
2310 4357 2590 4428 judicium,
2623 4357 2744 4413 ideo
2787 4359 3054 4414 sanctitati
3086 4366 3189 4413 tute
3218 4374 3411 4416 neces-

1838 4454 1980 4507 sario
2014 4451 2264 4506 duximus
2287 4449 2629 4507 scribendum
2655 4458 2711 4503 ut
2739 4448 2786 4504 si
2807 4464 2938 4519 quos
2959 4450 3027 4505 de
3041 4450 3410 4510 sacerdotibus

1837 4545 1901 4600 ad
1931 4556 2071 4600 tuam
2102 4543 2379 4600 dimcesim
2408 4541 2794 4611 pertinentibus
2825 4532 2947 4595 cum
2991 4540 3259 4597 extraneis
3286 4557 3415 4614 cog-

1839 4638 2049 4690 noverit
2078 4634 2337 4697 habitare,
2370 4631 2453 4687 vel
2481 4638 2626 4686 certe
2656 4629 2722 4683 de
2750 4628 2939 4698 quibus
2974 4630 3269 4686 antedicms
3297 4631 3418 4701 Op-

152 4724 299 4778 niter
324 4725 551 4790 steterit,
584 4723 729 4792 prius
761 4721 1201 4791 descriptionem,
1231 4722 1368 4777 sicut
1393 4722 1521 4790 dixi,
1546 4721 1728 4791 facito,
1758 4692 1814 4757 D
1840 4738 1979 4783 tatus
2008 4738 2109 4782 ture
2147 4726 2529 4782 renuntiaverit
2557 4723 2820 4777 sanctitati
2851 4721 2870 4743 '
2920 4738 3167 4793 procaces
3198 4724 3416 4781 invene-

151 4826 215 4871 et
243 4816 579 4884 postmodum
607 4815 826 4885 singulis
850 4814 1000 4883 juxta
1014 4814 1333 4887 qualitatem
1368 4829 1480 4868 sua:
1508 4830 1734 4883 pauper-

152 4907 283 4961 tatis
335 4906 665 4963 distribuere
710 4905 884 4962 stude.
935 4905 1048 4976 Ego
1097 4905 1262 4975 enim,
1295 4907 1431 4962 sicut
1484 4907 1737 4977 Magister

154 5053 158 5067 '
232 5044 410 5099 EPIST.
440 5042 652 5098 XXXIV
682 5042 787 5115 ιΑι.
811 5041 923 5115 41].
952 5071 1022 5082 —
1050 5050 1075 5079 ι
1109 5041 1276 5115 Prius
1302 5043 1572 5112 legebatur
1617 5043 1725 5099 Va-

153 5118 307 5180 lerio,
336 5115 473 5182 quod
499 5113 705 5169 mutare
743 5113 1034 5184 coegerunt
1074 5115 1198 5169 Mss.
1237 5113 1442 5183 Norm.,
1490 5115 1725 5184 Anglic..

157 5184 357 5249 Vatia,
388 5186 647 5251 Colbert.,
680 5198 785 5242 etc.
817 5189 1017 5239 Modius
1062 5186 1130 5239 de
1170 5201 1276 5255 quo
1331 5186 1414 5239 hic
1456 5188 1726 5241 sexdecim

153 5260 509 5315 sextariorum
536 5266 737 5311 tantum
767 5271 885 5311 esse
911 5257 1111 5310 debuit.
1142 5256 1271 5310 Vide
1303 5268 1453 5310 notas
1476 5258 1541 5309 ad
1569 5257 1726 5323 epist.

102 5342 105 5347 λ
152 5327 232 5383 ﬂ
259 5329 351 5384 lib.
376 5343 413 5381 ι.
449 5327 579 5381 Hinc
607 5336 751 5397 patet
787 5337 978 5395 quanta
1009 5327 1150 5380 fraus
1179 5327 1247 5379 ab
1276 5327 1526 5381 Ecclesia:
1578 5337 1726 5381 acto-

154 5400 307 5457 ribus
327 5401 480 5462 facta,
510 5414 666 5467 quam
686 5398 805 5469 jure
826 5410 1132 5453 exsecratur
1156 5410 1371 5469 sanctus
1398 5397 1653 5469 pontifex.

233 5470 259 5509 δ
291 5471 423 5524 Tres
446 5470 611 5522 V-atic.
638 5466 701 5534 A,
731 5471 790 5533 Β,
822 5470 882 5533 F,
929 5471 981 5522 in
1030 5466 1260 5538 peculiis.
1292 5467 1518 5521 Pecunia
1550 5478 1726 5523 autem

154 5540 1145 5610 dicitnr'qt'tldquid‘habenthomines
1174 5540 1227 5591 in
1283 5547 1452 5602 terra;
1505 5540 1733 5592 omnium

155 5628 378 5684 quarunt
403 5614 594 5665 domini
619 5624 733 5665 sunt
756 5613 967 5684 pecunia
988 5620 1223 5674 vocatur;
1240 5624 1559 5684 arcitenens,
1586 5626 1729 5684 ager,
1758 5618 1761 5621 '

156 5680 335 5746 arbor,
364 5699 531 5747 pecus,
560 5680 803 5751 quidquid
830 5684 1009 5735 horum
1034 5691 1137 5745 est,
1179 5681 1391 5749 pecunia
1414 5680 1629 5745 dicitur,
1652 5681 1731 5734 in-

157 5755 281 5825 quit
306 5755 651 5824 Alugustinus,
677 5754 770 5809 lib.
817 5754 884 5807 de
926 5753 1141 5822 Discipl.
1168 5753 1389 5815 (λιι-ἰείη
1422 5766 1471 5806 c.
1506 5753 1556 5820 l,
1587 5751 1737 5822 quod

159 5826 393 5882 refertur
411 5839 571 5880 causa
604 5827 648 5890 l,
671 5839 724 5894 q.
756 5825 811 5891 5,
842 5839 891 5878 e.
927 5825 977 5894 6.

241 5907 263 5933 ο
320 5897 412 5950 llic
463 5910 667 5951 merces
690 5892 1016 5964 accipienda
1054 5894 1263 5951 videtur
1313 5906 1412 5963 pro
1451 5892 1733 5950 beneﬁcio.

1842 4817 2315 4881 rit.:admonitione
2338 4812 2653 4868 sacerdotali
2702 4814 2993 4881 prtemissa,
3023 4823 3096 4884 et,
3129 4816 3172 4871 si
3216 4831 3303 4871 res
3346 4817 3419 4874 ita

1839 4909 2097 4979 exegerit,
2126 4909 2283 4963 etiam
2312 4907 2621 4962 canonicam
2656 4905 2914 4963 adhibens
2954 4907 3311 4981 disciplinam,
3343 4910 3412 4968 de

1832 5045 1963 5100 Vide
1989 5044 2081 5099 lib.
2110 5058 2187 5105 ut,
2220 5044 2375 5111 epist.
2406 5045 2460 5107 3,
2484 5054 2660 5098 nolam
2684 5045 2738 5101 ά.

1901 5119 2076 5171 Εριετ.
2110 5114 2448 5189 XXXV_[AI.
2482 5112 2594 5186 42].
2617 5145 2688 5189 _—
2716 5124 2741 5153 ι
2775 5115 2829 5169 lu
2884 5117 3089 5182 Anglic.
3142 5127 3196 5174 et
3226 5120 3409 5179 Norm‘.

1831 5196 2038 5241 tantum
2083 5187 2270 5256 legitur
2301 5185 2480 5239 catulo
2524 5185 2570 5256 et
2620 5186 2872 5241 Romano.
2906 5188 3131 5243 Additur
3168 5190 3414 5250 Wintjta-

1830 5259 1931 5310 rith
1960 5260 2011 5313 in
2042 5255 2270 5327 quinque
2301 5257 2493 5327 Vatic.,
2522 5255 2713 5312 Rhein.
2754 5270 2805 5313 et
2834 5260 3064 5315 Colbert.
3091 5271 3194 5315 vet.
3236 5264 3289 5317 ln
3322 5279 3413 5319 se-

1830 5330 2003 5382 cundo
2029 5325 2344 5393 e_Co|bert.,
2381 5325 2664 5381 Cartulario
2698 5326 2955 5382 Romano.
2989 5329 3040 5383 In
3073 5333 3253 5397 tertio,
3286 5333 3415 5388 Car-

1832 5399 2039 5465 tulario,
2066 5400 2322 5470 Romano,
2364 5407 2410 5451 et
2446 5398 2793 5453 Winthareth.
2844 5400 2898 5453 In
2932 5412 3140 5468 quarto,
3202 5402 3413 5470 Catulo,

1834 5471 2088 5537 Romano,
2121 5482 2165 5524 et
2219 5469 2508 5524 Wictarith.
2542 5470 2593 5523 In
2637 5478 2822 5538 quinto
2852 5472 3034 5523 Catulo
3077 5480 3122 5525 el
3157 5469 3413 5533 Romano.

1833 5541 1970 5596 Editi
2002 5549 2222 5607 recent.,
2254 5556 2349 5610 pro
2385 5539 2720 5605 Wintltaritlt,
2749 5541 2941 5594 habent
2972 5539 3188 5596 Victori.

1908 5614 1930 5649 ι’
1964 5612 2253 5689 Deﬂursia
2284 5612 2403 5689 vide
2436 5622 2610 5664 notam
2636 5610 2663 5662 ὁ
2690 5612 2753 5689 ad
2785 5625 2901 5689 clap‘.
2932 5613 2953 5664 Ἰ
2984 5612 3103 5666 libri
3130 5630 3182 5669 st
3207 5614 3412 5689 Dialog.

1910 5694 1931 5721 ο
1970 5686 2023 5737 ln
2049 5683 2253 5747 Norm.,
2278 5684 2515 5749 ignarum
2545 5690 2589 5733 ct
2617 5681 2764 5734 valde
2798 5680 3054 5737 indecens.

1909 5754 2469 5828 ltirtsr.XXXVl[Al_.
2520 5752 2633 5826 45].
2685 5782 2752 5793 -
2794 5762 2820 5790 ⁸·
2877 5756 2932 5808 ln
2987 5756 3199 5821 Norm.,
3254 5758 3413 5828 Reg.,

1839 5826 1992 5885 Coll).
2025 5835 2080 5883 et
2101 5828 2235 5898 plur.
2270 5826 2387 5881 aliis
2419 5826 2566 5893 Mss.,
2596 5827 2860 5882 omittitur
2883 5843 3126 5897 procaces
3148 5826 3421 5884 invenerit.
