3928 6342
505 391 534 447 1
547 386 646 443 287

1710 380 1788 438 SA
1798 377 1948 437 NCTI
1988 376 2308 436 GREGORII
2345 378 2563 437 MAGNI

3633 377 3783 436 i988

508 516 706 564 caetero
730 502 1017 579 emendare
1038 500 1272 569 festinet,
1303 500 1425 571 quia
1453 513 1550 555 nos
1574 500 1756 556 audire
1782 500 1904 556 talia
1934 500 2076 555 nulla
2107 497 2158 557 Δ
2185 494 2521 564 disponente,
2548 496 2615 551 ad
2647 495 2857 553 culmen
2905 496 3112 568 imperii
3156 494 3469 567 pervenisse
3496 509 3779 567 cognove-

507 599 739 667 pttimur
771 596 996 651 ratione.
1033 593 1139 651 Sed
1191 603 1245 648 et
1274 593 1641 664 presbyterum
1689 610 1845 663 quem
1900 596 2085 648 dicunt

507 693 629 752 sine
650 690 746 747 Dei
777 698 1018 759 respectu
1049 688 1288 757 plurimis
1315 687 1594 743 violentias
1616 688 1874 757 irrogare,
1897 688 2083 742 admo-

511 798 642 839 nere
672 797 792 838 eum
836 781 921 837 vel
952 781 1223 848 increpare
1268 793 1364 848 pro
1412 779 1602 833 talibus
1642 778 1947 834 fraternitas
1994 788 2083 833 tua

511 875 740 933 studeat.
772 874 873 941 Qui
929 872 974 928 si
1021 880 1073 927 te
1119 870 1303 926 audire
1347 871 1596 937 noluerit,
1638 886 1668 926 a
1711 871 2084 927 communione

511 981 636 1024 eum
667 965 953 1035 suspende,
987 973 1044 1019 ut
1072 964 1155 1019 vel
1178 964 1257 1018 sic
1288 964 1505 1035 incipiat
1534 978 1562 1018 a
1595 966 1766 1033 pravis
1797 979 1853 1019 se
1879 964 2085 1019 actibus

512 1072 812 1115 removere.
840 1054 867 1093 ι’
899 1056 1082 1125 Mense
1110 1055 1256 1123 Julii,
1291 1056 1575 1111 indictione
1609 1058 1661 1111 6.

982 1166 1313 1224 EPISTOLA
1353 1166 1615 1222 XXXVII.

723 1276 791 1318 AD
825 1274 1061 1317 JOANNEI
1099 1274 1507 1315 PANORIITANUI
1566 1272 1869 1314 EPISCOPUI.

1014 1350 1170 1406 Pollii
1181 1368 1323 1405 usum
1340 1352 1587 1405 concedit.

586 1446 877 1517 Gregorius
904 1443 1097 1500 Joannt
1126 1446 1377 1513 episcopo
1409 1442 1801 1497 Panormitano.

587 1539 909 1607 Apostolicze
936 1537 1079 1593 sedis
1116 1536 1483 1591 benevolentia
1520 1535 1812 1603 provocati,
1848 1531 2091 1589 fraterni-

518 1632 611 1687 tati
646 1641 769 1697 tum,
802 1644 958 1699 quam
986 1628 1378 1683 Panormitanm
1402 1626 1650 1682 Ecclesite
1673 1635 1700 1663 ι
1743 1626 2091 1695 speculatoris

516 1730 724 1779 constat
749 1722 1049 1792 suscepisse
1074 1720 1331 1786 ofﬁcium,
1376 1720 1519 1789 pallii
1567 1735 1717 1774 usum
1749 1718 2091 1789 pratvidimus

520 1816 941 1881 concedendum,
968 1814 1070 1869 illis
1101 1813 1345 1869 videlicet
1378 1812 1587 1885 12M
1629 1811 1973 1881 temporibus,
2008 1821 2090 1865 at-

2184 596 2327 652 runt,
2357 588 2461 658 ipsi
2490 604 2704 659 quoque
2732 590 2990 646 suadente
3019 588 3197 644 laetitia
3222 588 3250 627 δ
3302 588 3369 643 ad
3399 599 3580 644 vestra
3608 592 3779 643 vesti-

2184 684 2268 751 gia
2292 683 2475 738 venire
2515 684 2786 750 festinant,
2835 685 2921 755 qui
2964 685 3111 755 prius
3139 684 3263 740 illuc
3307 684 3571 740 accwere
3621 684 3777 739 valde

2186 774 2492 831 timuerant.
2516 776 2622 833 Sed
2649 779 2771 847 quia
2794 792 2979 834 eorum
2999 777 3214 848 quidam
3244 779 3314 833 ita
3336 787 3625 833 senectute
3656 789 3776 833 sunt

2185 865 2413 933 debiles,
2456 878 2513 923 ιιι
2544 868 2779 925 laborem
2810 869 2949 924 ferre
2977 871 3063 923 vix
3118 869 3342 938 possint,
3394 869 3620 939 quidam
3653 884 3777 925 vero

2185 957 2553 1013 ecclesiasticis
2580 959 2728 1013 curis
2752 960 3095 1015 vehementer
3112 960 3477 1030 implicantur,
3502 967 3560 1014 et
3585 970 3611 999 ε
3647 961 3777 1014 lator

2188 1049 2556 1117 praesentium,
2600 1049 2689 1119 qui
2736 1050 2936 1120 primus
2984 1050 3219 1105 omnium
3258 1051 3615 1107 defensorum
3662 1051 3773 1119 fu-t,

2188 1139 2325 1195 bene
2351 1140 2480 1195 mihi
2514 1157 2577 1196 ex
2624 1142 2782 1213 longa
2826 1142 3135 1199 assiduitate
3164 1154 3478 1214 compertus
3509 1155 3615 1210 est,
3652 1147 3775 1210 vita,

2190 1230 2314 1296 fide,
2339 1246 2401 1287 ac
2442 1233 2682 1289 moribus
2731 1236 3070 1303 approbatus,
3125 1237 3267 1292 hunc
3317 1246 3509 1308 aptum
3564 1239 3778 1307 pietatis

2190 1330 2379 1376 vestrm
2428 1323 2671 1392 vestigiis
2699 1338 2820 1379 esse
2859 1325 3113 1395 iudicavi.
3166 1326 3321 1383 Unde
3372 1343 3531 1394 eum,
3560 1341 3775 1385 auctore

2190 1410 2319 1477 Deo,
2349 1410 2628 1468 diaconum
2656 1412 2779 1483 feci,
2840 1427 2897 1472 et
2937 1418 3035 1473 sub
3082 1418 3358 1475 celeritate
3406 1421 3773 1476 transmittere

2191 1503 2389 1571 studui,
2408 1505 2496 1575 qui
2520 1514 2707 1561 cuncta
2726 1522 2844 1579 qum
2866 1509 2919 1564 in
2950 1509 3029 1565 his
3053 1512 3289 1581 partibus
3308 1522 3573 1582 aguntur,
3600 1514 3775 1569 iuvat-

2193 1608 2249 1654 to
2273 1609 2573 1669 opportuno
2606 1611 2864 1673 tempore,
2896 1606 3068 1659 valeat
3095 1606 3401 1662 clementia:
3430 1618 3641 1663 vestra:
3666 1626 3775 1678 sag-

2193 1681 2399 1764 gerere.
2424 1693 2452 1733 ά
2477 1694 2573 1751 Cui
2605 1712 2737 1767 rogo
2767 1708 2824 1753 ut
2860 1700 3120 1755 serenitas
3149 1712 3325 1757 vestra
3358 1703 3486 1773 pias
3519 1719 3684 1760 aures
3711 1708 3776 1760 in-

2194 1787 2396 1844 clinare
2422 1788 2690 1859 dignetur,
2722 1800 2781 1846 ut
2811 1800 2959 1848 tanto
2985 1793 3137 1849 nobis
3160 1796 3338 1852 valeat
3364 1799 3615 1855 celerius
3636 1801 3777 1855 mise-

517 1923 621 1979 que
644 1922 708 1962 eo
736 1908 941 1971 ordine,
971 1916 1028 1959 ut
1054 1906 1186 1959 alios
1216 1919 1429 1975 quoque
1473 1904 1659 1959 insula:
1689 1903 1883 1958 Sicilia:
1911 1916 2088 1958 sacer-

2198 1881 2301 1935 reri
2327 1891 2528 1949 quanto
2554 1882 2892 1939 afﬁictionem
2933 1895 3171 1942 nostram
3224 1888 3411 1944 verius
3440 1906 3516 1947 ex
3548 1893 3669 1961 ejus
3708 1911 3775 1948 re-

517 1999 674 2056 dotes
702 2000 785 2054 vel
828 2000 1141 2054 decessores
1198 2007 1316 2052 tuos
1365 2013 1491 2053 usos
1538 2013 1658 2053 esse
1706 2012 1808 2051 non
1842 1997 2086 2068 ambigis.

511 2089 645 2148 lllud
677 2100 851 2147 autem
875 2092 1246 2156 admonemus,
1297 2100 1354 2145 ut
1404 2092 1708 2160 apostolica:
1754 2090 1895 2144 sedis
1940 2104 2091 2144 reve-

511 2185 684 2241 rentia
736 2186 931 2241 nullius
985 2184 1399 2254 pratsumptione
1452 2183 1710 2239 turbetur.
1757 2183 1904 2237 Tunc
1951 2183 2090 2237 enim

509 2287 683 2335 status
713 2277 1073 2332 membrorum
1104 2278 1310 2346 integer
1353 2284 1561 2340 manet,
1595 2272 1622 2312 δ
1672 2272 1717 2328 si
1765 2284 1919 2343 caput
1969 2274 2090 2328 ﬁdei

448 2391 459 2405 ι
513 2370 659 2424 nulla
688 2370 862 2436 pulset
891 2367 1104 2436 injuria,
1129 2376 1183 2421 et
1218 2376 1239 2404 ε
1272 2380 1535 2420 canonum
1564 2374 1775 2420 maneat
1815 2364 2092 2421 incolumis

516 2469 674 2529 atque
704 2460 1025 2515 intemerata
1055 2473 1270 2527 semper
1294 2458 1599 2522 auctoritas,
1628 2457 1851 2511 ut-sicut
1878 2472 1907 2510 a
1938 2457 2091 2511 nobis

514 2550 884 2623 hujuscemodi
907 2550 1115 2606 decoris
1145 2564 1296 2606 usum
1321 2549 1387 2605 ad
1417 2549 1762 2606 sacerdotalis
1807 2549 1966 2604 ofﬁcii
1996 2549 2093 2605 lto-

514 2661 701 2701 norem
721 2620 993 2715 accepisse
1022 2654 1073 2700 te
1096 2644 1315 2716 gaudes,
1352 2644 1425 2699 ita
1475 2643 1636 2698 etiam
1681 2658 1889 2697 morum
1932 2651 2091 2713 atque

511 2746 724 2793 actuum
750 2738 1011 2806 probitate
1040 2745 1345 2806 susceptum
1389 2735 1651 2790 adornare
1679 2734 1969 2790 contendas
1999 2732 2093 2789 of-

512 2824 714 2883 licium.
746 2828 835 2883 Sic
855 2826 1051 2883 etenim
1077 2827 1285 2881 alterno
1309 2827 1417 2882 eris
1465 2826 1691 2881 invicem
1721 2826 1915 2882 decore
1956 2839 2091 2880 con-

510 2921 746 2992 spicuus,
775 2920 818 2975 si
842 2919 906 2973 ad
929 2918 1294 2990 hujuscemodi
1324 2918 1568 2989 corporis
1616 2917 1853 2974 habitum
1895 2918 2092 2975 mentis

509 3027 722 3085 quoque
748 3020 853 3069 tuae
881 3013 1020 3070 bona
1050 3012 1400 3068 concordent.

972 3102 1313 3159 EPISTOLA
1346 3101 1638 3158 XXXVIII.

920 3211 988 3251 AD
1026 3210 1235 3251 PROCAI
1272 3210 1674 3250 IIPERATOREII.

509 3288 727 3346 Diaconi
755 3290 837 3345 sui
868 3290 1144 3345 absentiam
1167 3291 1425 3359 ingeniose
1444 3298 1669 3345 excusat.
1694 3286 1857 3343 Mittit
1879 3286 2091 3360 Bonifa-
2116 3276 2166 3343 C

612 3363 769 3416 cium.
797 3362 1049 3417 Adversus
1070 3360 1436 3431 Langobardos
1452 3361 1702 3415 auxilium
1723 3363 1985 3432 implorat.

587 3460 613 3490 ι
628 3451 915 3522 Gregorius
938 3451 1131 3507 Pltocte
1158 3454 1417 3523 Augusto.

579 3543 935 3600 Considerate
958 3558 1078 3599 cum
1107 3544 1315 3615 gaudiis
1342 3552 1395 3600 et
1420 3545 1625 3617 magnis
1654 3546 1951 3603 actionibus
1973 3562 2093 3618 gra-

511 3636 703 3694 tiarum
734 3638 864 3693 libet
892 3647 1118 3708 quantas
1149 3638 1502 3709 omnipotenti
1536 3640 1760 3695 Domino
1789 3639 1973 3695 laudes
2000 3641 2094 3696 dc-

511 3727 721 3795 bemus,
756 3729 918 3800 quod,
946 3739 1155 3786 remoto
1180 3729 1310 3801 jugo
1339 3730 1566 3786 tristitia:
1589 3731 1654 3785 ad
1678 3731 1939 3786 libertatis
1960 3741 2091 3787 tem-

509 3834 662 3892 pora,
696 3823 795 3878 sub
838 3823 1099 3891 imperiali
1155 3823 1498 3894 benignitatis
1527 3834 1717 3879 vestra:
1748 3826 1943 3895 pietate
1974 3839 2094 3895 per-

511 3912 779 3967 venimus.
813 3912 946 3966 Nam
975 3914 1115 3982 quod
1142 3929 1457 3984 permanere
1480 3914 1533 3969 in
1580 3915 1795 3984 palatio,
1819 3916 1968 3985 juxta
1997 3932 2092 3971 an-

518 4002 719 4070 tiquam
767 4003 1228 4074 consuetudinem,
1271 4006 1574 4075 apostolicae
1622 4007 1767 4063 sedis
1810 4009 2091 4065 diaconum

517 4100 696 4148 vestra
725 4092 986 4148 serenitas
1011 4108 1117 4148 non
1145 4096 1363 4165 invenit,
1395 4111 1497 4151 non
1531 4097 1632 4152 hoc
1660 4112 1791 4153 mete
1814 4100 2089 4171 negligen-

510 4183 623 4248 tiae,
654 4184 747 4238 sed
773 4183 1095 4253 gravissima:
1124 4186 1460 4241 necessitatis
1481 4185 1599 4254 fuit,
1627 4188 1745 4257 quia
1767 4188 1892 4243 dum
1934 4191 2093 4245 minis

511 4275 608 4330 stri
631 4288 817 4329 omnes
841 4273 997 4345 hujus
1017 4283 1212 4331 nostrae
1243 4275 1494 4332 Ecclesia:
1540 4288 1644 4331 tam
1676 4280 1900 4333 contrita
1939 4294 2094 4350 aspe-

512 4379 678 4436 raque
705 4374 943 4435 tempora
972 4381 1094 4422 cum
1122 4366 1407 4424 formidine
1435 4353 1765 4428 declinarent
1802 4381 1961 4441 atque
2001 4388 2089 4428 re-

512 4457 786 4528 fugerent,
818 4459 947 4514 nulli
996 4474 1181 4515 eorum
1228 4469 1434 4531 poterat
1464 4460 1662 4532 imponi
1706 4472 1764 4517 ut
1806 4464 1873 4519 ad
1905 4467 2088 4522 urbem

518 4552 718 4620 regiam
749 4554 802 4605 in
831 4552 1024 4622 palatio
1062 4568 1439 4625 permansurus
1467 4555 1768 4612 accederet.
1813 4556 1919 4611 Sed
1953 4570 2094 4627 post-

2194 1970 2394 2027 latione
2422 1975 2752 2043 cognoverit.
2771 1975 3013 2043 Qualiter
3041 1979 3185 2034 enim
3228 1982 3578 2050 quotidianis
3608 1985 3775 2055 gladiis

2193 2073 2248 2120 et
2269 2066 2480 2147 quantis
2531 2066 2997 2137 Langobardorum
3048 2072 3451 2128 incursionibus
3507 2089 3642 2130 ecce
3678 2077 3774 2145 jam

2193 2172 2293 2228 per
2326 2159 2536 2228 triginta
2567 2161 2803 2229 quinque
2850 2176 3107 2217 annorum
3158 2163 3566 2235 longitudinem
3595 2169 3779 2237 premi.

2193 2268 2333 2320 mur,
2359 2253 2517 2308 nullis
2548 2255 2767 2325 explere
2800 2255 3008 2329 1245
3047 2258 3411 2329 suggestionis
3438 2263 3668 2317 vocibus
3696 2278 3777 2316 va.

2192 2345 2382 2401 lemtts.
2413 2346 2519 2402 Sed
2561 2347 2615 2402 in
2642 2348 3006 2418 omnipotente
3036 2349 3261 2405 Domino
3298 2351 3642 2409 conﬁdimus
3668 2356 3778 2422 quia

2194 2454 2255 2495 ea
2280 2455 2395 2509 qua:
2417 2438 2581 2511 cmpit
2596 2441 2972 2495 consolationis
2993 2457 3103 2497 sua:
3134 2442 3289 2498 nobis
3321 2445 3471 2501 bona
3504 2447 3777 2515 paﬁciet;

2194 2542 2251 2587 et
2294 2534 2383 2603 qui
2414 2534 2690 2589 suscitavit
2736 2535 2792 2589 in
2824 2534 3091 2605 republica
3146 2536 3263 2606 pios
3311 2537 3603 2601 dominos,
3630 2543 3779 2594 etiam

2195 2628 2498 2697 exstinguet
2541 2627 2785 2683 crudeles
2812 2628 3080 2685 inimicos.
3111 2629 3308 2686 Sancta
3336 2633 3536 2702 itaque
3561 2632 3781 2689 Trinitas

2193 2717 2354 2772 vitam
2380 2727 2611 2773 vestram
2647 2734 2741 2789 per
2768 2730 3006 2790 tempora
3032 2724 3183 2793 longa
3208 2725 3513 2792 custodiat,
3541 2734 3600 2779 ut
3624 2725 3691 2780 de
3710 2726 3786 2780 bo-

2194 2824 2264 2865 no
2288 2819 2483 2866 vestrae
2507 2813 2747 2882 pietatis,
2792 2815 2934 2883 quod
2974 2815 3125 2871 tarde
3167 2818 3538 2886 suscepimus,
3600 2820 3785 2875 diutim

2192 2902 2538 2973 gaudeamus.
2567 2903 2747 2972 (Joan.
2778 2906 2951 2973 Diac.,
2982 2908 3070 2963 lib.
3096 2923 3168 2975 tv,
3196 2925 3241 2964 c.
3272 2909 3389 2981 2i.)

2671 3018 3003 3075 EPISTULA
3044 3019 3291 3077 XXXIX.

2571 3125 2639 3165 AD
2678 3125 2945 3166 LEONTIAI
2982 3127 3397 3168 llPEBATRICBI.

2202 3197 2507 3278 Gratulatur
2542 3203 2606 3257 de
2641 3204 2827 3278 gdepto
2873 3206 3107 3278 imperio.
3133 3204 3394 3278 Divinam
3428 3206 3513 3261 illi
3556 3218 3791 3278 precatur

2362 3274 2600 3344 gratiam.
2632 3275 2919 3329 Romanam
2944 3274 3226 3331 Ecclesium
3253 3274 3620 3334 commendat.

2269 3361 2556 3435 Gregorius
2585 3364 2821 3421 Leontim
2848 3367 3117 3437 Augustae.
3144 3386 3149 3387 ί

2268 3456 2397 3525 Qua:
2426 3459 2603 3529 lingua
2634 3458 2819 3530 loqui,
2862 3461 2981 3531 quis
3018 3462 3229 3518 animus
3266 3464 3513 3534 cogitare
3559 3466 3791 3523 sufﬁciat

2194 3562 2421 3622 quantas
2450 3551 2519 3606 de
2548 3552 2837 3609 serenitate
2864 3554 3026 3609 vestri
3054 3555 3261 3625 imperii
3290 3557 3669 3627 omnipotenti
3691 3560 3791 3614 Deo

2193 3645 2394 3714 gratias
2426 3643 2703 3707 debemus,
2733 3645 2876 3715 quod
2901 3654 3005 3701 tam
3036 3646 3168 3702 dura
3196 3647 3337 3719 longi
3360 3651 3643 3720 temporis
3665 3667 3791 3722 pon-

2193 3736 2319 3791 dera
2350 3736 2647 3793 cervicibus
2672 3738 2872 3793 nostris
2889 3747 3067 3794 amota
3089 3749 3231 3804 sunt,
3260 3748 3317 3795 et
3344 3741 3667 3811 imperialis
3688 3745 3789 3798 cn!-

2194 3829 2359 3883 minis
2394 3836 2419 3863 α
2451 3828 2571 3883 lene
2594 3827 2775 3899 jugum
2817 3830 2977 3885 rediit
3016 3831 3159 3901 quod
3204 3832 3363 3887 libeat
3403 3841 3645 3904 portare
3673 3835 3788 3892 sub-

2189 3920 2386 3992 jectis?
2409 3920 2680 3977 Reddatur
2700 3938 2829 3993 ergo
2846 3921 3085 3979 Creatori
3106 3926 3342 3981 omnium
3364 3926 3434 3981 ab
3457 3927 3788 4000 hymnidicis

2193 4012 2507 4082 angelorum
2535 4012 2715 4069 choris
2738 4014 2907 4083 gloria
2938 4015 2990 4069 in
3018 4016 3176 4085 coelo,
3211 4018 3562 4087 persolvatur
3592 4023 3669 4077 ab
3696 4021 3785 4076 bo-

2192 4092 2427 4162 minibus
2454 4107 2743 4178 gratiarum
2768 4109 2909 4164 actio
2938 4109 2990 4164 in
3022 4118 3161 4165 terra
3188 4155 3203 4179 ,
3233 4113 3357 4182 quia
3385 4113 3660 4172 universa
3688 4132 3786 4172 res-

2193 4200 2403 4270 publica
2430 4244 2445 4269 ,
2478 4216 2595 4271 qua:
2624 4202 2787 4256 multa
2819 4202 3067 4258 mmroris
3109 4205 3329 4274 pertulit
3364 4207 3605 4263 vulnera
3629 4251 3648 4275 ,
3682 4210 3785 4279 jam

2195 4304 2338 4345 nunc
2387 4291 2773 4347 consolationis
2821 4302 3016 4349 vestra:
3059 4294 3259 4350 invenit
3303 4295 3573 4353 fomenta.
3641 4300 3786 4357 Unde

2193 4381 2349 4437 nobis
2400 4396 2619 4439 necesse
2667 4393 2750 4438 est
2792 4387 3169 4455 omnipotentis
3210 4386 3307 4442 Dei
3350 4390 3783 4448 misericordiam

2197 4475 2403 4531 enixius
2433 4491 2690 4544 exorare,
2722 4484 2782 4531 ut
2824 4492 2916 4534 cor
2955 4488 3144 4535 vestra:
3171 4479 3380 4550 pietatis
3420 4497 3517 4538 sua
3570 4500 3787 4553 semper

2196 4568 2416 4624 dextera
2450 4578 2665 4636 teneat,
2706 4569 2926 4640 ejusque
2952 4571 3301 4642 cogitationes
3328 4574 3573 4631 caelestis
3606 4578 3783 4647 gratia

517 4659 675 4715 quam
709 4654 940 4700 vestram
967 4645 1329 4717 clementiam,
1353 4647 1732 4716 omnipotentis
1778 4651 1868 4708 Dei
1918 4660 2087 4725 gratia
2116 4654 2169 4716 D
2196 4674 2298 4731 ope
2346 4662 2658 4732 dispenset,
2700 4672 2960 4735 quatenus
3001 4663 3354 4732 tranquillitas
3397 4675 3584 4721 vestra
3612 4645 3784 4723 -ῑέιιιω

579 4784 698 4865 sntit
726 4784 972 4865 omnibus
1001 4783 1129 4865 M_ss.
1150 4783 1279 4865 base
1302 4784 1691 4865 desiderantur,
1725 4800 2077 4865 praeterquam

506 4855 560 4931 in
588 4857 847 4921 Colbert.,
878 4857 972 4931 ubi
994 4856 1059 4931 ad
1080 4856 1355 4931 epistolam
1382 4873 1497 4931 seq.
1525 4855 1771 4915 videntur
1795 4855 2080 4931 pertinere.

510 4928 698 4984 Utrum
744 4936 918 5001 tamen
960 4926 1256 5001 habeantur
1284 4930 1334 4981 in
1387 4926 1677 5001 Vaticanis,
1730 4926 1920 5001 necne,
1977 4955 2082 4993 non

511 5001 644 5055 satis
674 5000 983 5065 intelligitur
1027 5012 1089 5050 ex
1122 4998 1389 5051 variarum
1434 5000 1718 5057 lectionum
1767 4998 2083 5066 collectione

509 5086 629 5140 qua:
654 5070 720 5123 ad
742 5083 837 5140 nos
858 5068 1123 5140 pervenit.

587 5143 764 5195 Ειιιδτ.
791 5136 1033 5221 XXXIIII
1057 5138 1162 5221 [Al.
1204 5138 1327 5221 44].
1361 5170 1433 5183 —
1461 5151 1488 5181 α
1524 5143 1724 5221 _A|ludit
1761 5145 1828 5200 ad
1854 5147 2086 5221 episcopi

513 5227 726 5274 nomen,
754 5210 892 5281 quod
925 5207 1109 5265 Graece
1136 5207 1470 5283 inspt‘ctorem
1499 5215 1780 5283 signiﬁcat.

586 5284 612 5323 δ
641 5283 881 5351 lntelligit
911 5283 1091 5353 sedem
1121 5282 1491 5353 apostolicam,
1511 5282 1595 5340 eoi
1628 5287 1873 5353 praesidet
1894 5288 2087 5347 Roma-

508 5369 610 5480 ιὲιιε
640 5354 870 5423 pontifex
897 5351 1070 5407 sancti
1099 5352 1240 5407 Petri
1268 5368 1567 5411 successor.
1601 5351 1731 5412 Vide
1760 5359 1945 5416 Matth.
1970 5378 2081 5419 xvi.

562 5440 772 5479 ussatw.

562 5440 772 5479 USSANV.

583 5506 606 5533 ο
634 5496 739 5549 Leo
764 5496 800 5564 I,
821 5495 975 5564 epist.
1005 5493 1096 5561 92,
1149 5494 1214 5567 ad
1258 5496 1540 5554 Maximum
1589 5499 1865 5567 Antioch,
1918 5517 1967 5557 c.
1997 5506 2030 5560 4
2064 5521 2079 5559 :

514 5566 772 5640 Unit'ersw
800 5567 941 5634 pacis
987 5566 1333 5640 tranquillitas
1377 5586 1477 5622 non
1506 5571 1655 5625 aliter
1678 5566 1922 5626 custodiri
1946 5585 2083 5640 pote-

402 5648 405 5649 '
504 5641 604 5701 rit,
634 5638 729 5688 nisi
749 5652 842 5690 sua
871 5638 1150 5690 canonibus
1193 5640 1471 5694 reverentia
1507 5644 1805 5698 intemerata
1838 5638 2081 5701 servetur.

1083 5776 1188 5847 [ΑΙ.
1208 5780 1317 5855 s51.
1348 5809 1419 5821 —
1449 5794 1472 5820 ιι
1510 5784 1801 5855 Epistolam
1836 5786 1974 5845 hanc
1997 5803 2082 5846 re-

505 5850 612 5913 fert
642 5847 958 5910 Amalatius,
989 5847 1080 5901 lib.
1115 5865 1162 5902 tv
1189 5851 1254 5903 de
1276 5847 1478 5911 Eccles.
1511 5847 1640 5920 ΟΠ..
1668 5870 1718 5909 c.
1749 5857 1839 5912 25.

2254 4798 2283 4841 δ
2315 4800 2499 4856 Modus
2554 4801 2803 4869 loquendi
2856 4817 3098 4875 magnam
3147 4811 3256 4859 tum
3276 4798 3443 4875 animi
3488 4806 3785 4864 demissio-

2185 4887 2308 4928 nem
2353 4881 2461 4926 tum
2497 4876 2897 4945 venerationem
2950 4875 3298 4945 signiﬁcansa
3326 4874 3564 4931 Sanctus
3603 4880 3780 4935 Pauli.

2187 4959 2313 5019 nus,
2332 4942 2617 5019 epi_st_.25,
2664 4945 2729 5019 ad
2767 4942 3042 5019 Severum,
3065 4960 3200 5019 pag.
3223 4944 3385 5019 _H'l:
3438 4948 3583 5019 Dum
3632 4955 3781 5019 pedes

2188 5013 2355 5092 lumbo
2378 5015 2595 5092 divinos,
2632 5015 2827 5092 piarent
2854 5017 3009 5069 castis
3055 5013 3188 5092 labia
3215 5015 3487 5092 immunda

2188 5084 2353 5159 lsaia:_
2365 5102 2449 5159 1.x,
2465 5086 2553 5159 Ali
2578 5103 2592 5137 :
2626 5086 2929 5159 Adorabunt
2949 5089 3157 5159 vestigia
3186 5090 3392 5157 pedum.

2268 5164 2292 5193 α
2324 5155 2642 5219 Bonifacius,
2675 5158 2742 5212 de
2770 5171 2876 5228 quo
2904 5158 2959 5210 ﬁt
2981 5155 3363 5228 mentio‘epist.
3387 5157 3481 5226 49,
3513 5176 3669 5218 nunc
3688 5162 3776 5225 di,

2195 5226 2260 5281 ad
2307 5241 2464 5295 quem
2495 5228 2667 5299 etiam
2693 5227 2906 5295 scripsit
2946 5230 3102 5296 epist.
3149 5226 3183 5280 5
3229 5226 3322 5283 lib.
3370 5245 3471 5294 sit,
3519 5248 3677 5289 nunc
3722 5236 3776 5299 Δ,

2194 5299 2284 5370 l_ib.
2314 5313 2448 5370 pinv.
2501 5296 2697 5370 ls_fuit
2745 5307 2930 5366 postea
2980 5313 3218 5355 summus
3262 5299 3503 5370 pontifex
3534 5344 3550 5368 ,
3602 5296 3779 5361 dictus

2190 5367 2516 5423 Bonifacius.
2547 5367 2806 5423 Gessanv.
3211 5422 3221 5431 ,

2262 5437 2288 5476 ἀ
2319 5438 2473 5513 Prius
2501 5440 2770 5513 legebatur
2797 5441 3162 5513 prapterrquod
3188 5457 3327 5513 rogo.
3354 5441 3411 5497 ln
3440 5445 3640 5502 multis
3662 5447 3777 5502 aliis

2190 5508 2329 5564 hanc
2373 5511 2650 5581 epistolam
2703 5512 2767 5565 ad
2802 5508 2930 5565 Mss.
2979 5508 3336 5568 sinceritatem
3366 5520 3773 5581 remeavimus,

2187 5595 2217 5633 ιι
2245 5594 2349 5648 qua
2376 5580 2429 5634 in
2449 5579 2672 5635 Excusis
2699 5590 3012 5637 recesserat.

2259 5652 2439 5724 Eptsr.
2476 5649 2691 5724 XXXIX
2716 5652 2821 5723 [ΑΙ.
2850 5651 2961 5724 46].
2990 5682 3062 5694 -
3087 5661 3113 5689 ⁸
3149 5654 3230 5710 Ita
3265 5651 3498 5724 Turon.,
3544 5658 3773 5721 Rhein,

2186 5721 2445 5788 Colbert.,
2476 5722 2687 5789 Norm.,
2719 5721 2967 5796 :Anglic.,
3004 5725 3199 5793 Vatic.,
3240 5726 3389 5796 quod
3420 5721 3663 5786 ωὶιιιιιω
3696 5730 3775 5786 ἀί·

2186 5801 2401 5864 screpat
2427 5809 2457 5849 a
2484 5797 2690 5860 vulgata
2719 5792 2869 5861 lect.,
2900 5795 3005 5855 leae
3019 5792 3205 5868 jugum
3222 5792 3400 5855 subiit.
