  <div class='ocr_page' id='page_1' title='image "/cluster/home/n/w/nwhite01/storage/ocr_20150623/77/hvd.32044015469398/654.png"; bbox 0 0 3928 6342; ppageno 0'>
   <div class='ocr_carea' id='block_1_1' title="bbox 100 308 252 368">
    <p class='ocr_par' dir='ltr' id='par_1_1' title="bbox 100 308 252 368">
     <span class='ocr_line' id='line_1_1' title="bbox 100 308 252 368; baseline -0.007 0"><span class='ocrx_word' id='word_1_1' title='bbox 100 308 252 368; x_wconf 67' lang='grc' dir='ltr'><strong>ΙΞΒΘ</strong></span> 
     </span>
    </p>
   </div>
   <div class='ocr_carea' id='block_1_2' title="bbox 785 308 2674 383">
    <p class='ocr_par' dir='ltr' id='par_1_2' title="bbox 785 308 2674 383">
     <span class='ocr_line' id='line_1_2' title="bbox 785 308 2674 383; baseline 0.008 -15"><span class='ocrx_word' id='word_1_2' title='bbox 785 309 1272 369; x_wconf 80' lang='lat' dir='ltr'><strong>EPISTOLARUM</strong></span> <span class='ocrx_word' id='word_1_3' title='bbox 1311 308 1440 369; x_wconf 83' lang='lat' dir='ltr'><strong>LIB.</strong></span> <span class='ocrx_word' id='word_1_4' title='bbox 1482 311 1630 370; x_wconf 80' lang='lat' dir='ltr'><strong>XIII.</strong></span> <span class='ocrx_word' id='word_1_5' title='bbox 1671 343 1744 360; x_wconf 90' lang='lat'><em>-</em></span> <span class='ocrx_word' id='word_1_6' title='bbox 1781 315 2027 376; x_wconf 84' lang='lat' dir='ltr'><strong>INDICT.</strong></span> <span class='ocrx_word' id='word_1_7' title='bbox 2075 317 2158 379; x_wconf 83' lang='lat' dir='ltr'><strong>Vl.</strong></span> <span class='ocrx_word' id='word_1_8' title='bbox 2199 351 2269 364; x_wconf 91' lang='lat'><strong>--</strong></span> <span class='ocrx_word' id='word_1_9' title='bbox 2299 323 2519 382; x_wconf 84' lang='lat' dir='ltr'><strong>EPIST.</strong></span> <span class='ocrx_word' id='word_1_10' title='bbox 2560 325 2674 383; x_wconf 75' lang='lat' dir='ltr'><strong>XL.</strong></span> 
     </span>
    </p>
   </div>
   <div class='ocr_carea' id='block_1_3' title="bbox 3239 333 3376 394">
    <p class='ocr_par' dir='ltr' id='par_1_3' title="bbox 3239 333 3376 394">
     <span class='ocr_line' id='line_1_3' title="bbox 3239 333 3376 394; baseline 0.022 -3"><span class='ocrx_word' id='word_1_11' title='bbox 3239 333 3376 394; x_wconf 76' lang='grc'>1290</span> 
     </span>
    </p>
   </div>
   <div class='ocr_carea' id='block_1_4' title="bbox 92 419 3383 515">
    <p class='ocr_par' dir='ltr' id='par_1_4' title="bbox 92 419 3383 515">
     <span class='ocr_line' id='line_1_4' title="bbox 92 419 3383 515; baseline 0.01 -39"><span class='ocrx_word' id='word_1_12' title='bbox 92 423 315 476; x_wconf 77' lang='lat' dir='ltr'><strong>rectius</strong></span> <span class='ocrx_word' id='word_1_13' title='bbox 353 420 530 477; x_wconf 99' lang='lat' dir='ltr'><strong>valeat</strong></span> <span class='ocrx_word' id='word_1_14' title='bbox 567 419 667 476; x_wconf 92' lang='lat' dir='ltr'><strong>sibi</strong></span> <span class='ocrx_word' id='word_1_15' title='bbox 700 424 999 480; x_wconf 83' lang='lat' dir='ltr'><strong>servientes</strong></span> <span class='ocrx_word' id='word_1_16' title='bbox 1034 437 1224 493; x_wconf 82' lang='lat' dir='ltr'><strong>regere</strong></span> <span class='ocrx_word' id='word_1_17' title='bbox 1250 464 1264 490; x_wconf 98' lang='lat'><strong>,</strong></span> <span class='ocrx_word' id='word_1_18' title='bbox 1293 433 1494 495; x_wconf 88' lang='lat' dir='ltr'><strong>quanto</strong></span> <span class='ocrx_word' id='word_1_19' title='bbox 1523 427 1697 481; x_wconf 88' lang='lat' dir='ltr'><strong>domi-</strong></span> <span class='ocrx_word' id='word_1_20' title='bbox 1723 444 1775 502; x_wconf 67' lang='grc' dir='ltr'><strong>Α</strong></span> <span class='ocrx_word' id='word_1_21' title='bbox 1804 431 2000 486; x_wconf 90' lang='lat' dir='ltr'><strong>tionem</strong></span> <span class='ocrx_word' id='word_1_22' title='bbox 2047 449 2167 503; x_wconf 67' lang='lat' dir='ltr'><strong>qua:</strong></span> <span class='ocrx_word' id='word_1_23' title='bbox 2199 436 2477 492; x_wconf 84' lang='lat' dir='ltr'><strong>animabus</strong></span> <span class='ocrx_word' id='word_1_24' title='bbox 2512 453 2724 510; x_wconf 81' lang='lat' dir='ltr'><strong>semper</strong></span> <span class='ocrx_word' id='word_1_25' title='bbox 2764 442 2991 500; x_wconf 90' lang='lat' dir='ltr'><strong>adversa</strong></span> <span class='ocrx_word' id='word_1_26' title='bbox 3033 452 3117 502; x_wconf 88' lang='lat' dir='ltr'><strong>est</strong></span> <span class='ocrx_word' id='word_1_27' title='bbox 3140 489 3157 515; x_wconf 86' lang='lat'><strong>,</strong></span> <span class='ocrx_word' id='word_1_28' title='bbox 3201 450 3383 509; x_wconf 70' lang='lat' dir='ltr'><strong>cordis</strong></span> 
     </span>
    </p>
   </div>
   <div class='ocr_carea' id='block_1_5' title="bbox 95 515 1700 574">
    <p class='ocr_par' dir='ltr' id='par_1_5' title="bbox 95 515 1700 574">
     <span class='ocr_line' id='line_1_5' title="bbox 95 515 1700 574; baseline 0.004 -6"><span class='ocrx_word' id='word_1_29' title='bbox 95 517 284 568; x_wconf 87' lang='lat' dir='ltr'><strong>natori</strong></span> <span class='ocrx_word' id='word_1_30' title='bbox 322 515 562 568; x_wconf 88' lang='lat' dir='ltr'><strong>omnium</strong></span> <span class='ocrx_word' id='word_1_31' title='bbox 610 515 819 569; x_wconf 88' lang='lat' dir='ltr'><strong>noverit</strong></span> <span class='ocrx_word' id='word_1_32' title='bbox 863 515 1039 571; x_wconf 90' lang='lat' dir='ltr'><strong>verius</strong></span> <span class='ocrx_word' id='word_1_33' title='bbox 1086 515 1381 571; x_wconf 82' lang='lat' dir='ltr'><strong>deservire.</strong></span> <span class='ocrx_word' id='word_1_34' title='bbox 1429 516 1486 571; x_wconf 93' lang='lat' dir='ltr'><strong>ln</strong></span> <span class='ocrx_word' id='word_1_35' title='bbox 1517 533 1700 574; x_wconf 87' lang='lat' dir='ltr'><strong>amore</strong></span> 
     </span>
    </p>
   </div>
   <div class='ocr_carea' id='block_1_6' title="bbox 93 608 1699 679">
    <p class='ocr_par' dir='ltr' id='par_1_6' title="bbox 93 608 1699 679">
     <span class='ocr_line' id='line_1_6' title="bbox 93 608 1699 679; baseline 0.002 -14"><span class='ocrx_word' id='word_1_36' title='bbox 93 611 388 666; x_wconf 68' lang='lat' dir='ltr'><strong>catholicae</strong></span> <span class='ocrx_word' id='word_1_37' title='bbox 416 611 536 665; x_wconf 83' lang='lat' dir='ltr'><strong>tidei</strong></span> <span class='ocrx_word' id='word_1_38' title='bbox 568 608 726 665; x_wconf 78' lang='lat' dir='ltr'><strong>faciat</strong></span> <span class='ocrx_word' id='word_1_39' title='bbox 755 609 1068 666; x_wconf 81' lang='lat' dir='ltr'><strong>defensores</strong></span> <span class='ocrx_word' id='word_1_40' title='bbox 1095 624 1251 675; x_wconf 88' lang='lat' dir='ltr'><strong>suos,</strong></span> <span class='ocrx_word' id='word_1_41' title='bbox 1292 624 1428 679; x_wconf 85' lang='lat' dir='ltr'><strong>quos</strong></span> <span class='ocrx_word' id='word_1_42' title='bbox 1468 611 1592 666; x_wconf 77' lang='lat' dir='ltr'><strong>fecit</strong></span> <span class='ocrx_word' id='word_1_43' title='bbox 1633 627 1699 669; x_wconf 84' lang='lat' dir='ltr'><strong>ex</strong></span> 
     </span>
    </p>
   </div>
   <div class='ocr_carea' id='block_1_7' title="bbox 91 701 1699 772">
    <p class='ocr_par' dir='ltr' id='par_1_7' title="bbox 91 701 1699 772">
     <span class='ocr_line' id='line_1_7' title="bbox 91 701 1699 772; baseline 0 -14"><span class='ocrx_word' id='word_1_44' title='bbox 91 703 338 772; x_wconf 76' lang='lat' dir='ltr'><strong>benigno</strong></span> <span class='ocrx_word' id='word_1_45' title='bbox 365 718 531 771; x_wconf 89' lang='lat' dir='ltr'><strong>opere</strong></span> <span class='ocrx_word' id='word_1_46' title='bbox 564 702 918 770; x_wconf 79' lang='lat' dir='ltr'><strong>imperatores</strong></span> <span class='ocrx_word' id='word_1_47' title='bbox 955 710 1192 757; x_wconf 90' lang='lat' dir='ltr'><strong>nostros.</strong></span> <span class='ocrx_word' id='word_1_48' title='bbox 1219 701 1468 757; x_wconf 80' lang='lat' dir='ltr'><strong>lniundat</strong></span> <span class='ocrx_word' id='word_1_49' title='bbox 1495 701 1548 756; x_wconf 92' lang='lat' dir='ltr'><strong>in</strong></span> <span class='ocrx_word' id='word_1_50' title='bbox 1580 718 1699 758; x_wconf 91' lang='lat' dir='ltr'><strong>ves-</strong></span> 
     </span>
    </p>
   </div>
   <div class='ocr_carea' id='block_1_8' title="bbox 90 795 1700 864">
    <p class='ocr_par' dir='ltr' id='par_1_8' title="bbox 90 795 1700 864">
     <span class='ocr_line' id='line_1_8' title="bbox 90 795 1700 864; baseline 0.001 -13"><span class='ocrx_word' id='word_1_51' title='bbox 90 795 202 851; x_wconf 83' lang='lat' dir='ltr'><strong>tris</strong></span> <span class='ocrx_word' id='word_1_52' title='bbox 245 795 514 850; x_wconf 90' lang='lat' dir='ltr'><strong>mentibus</strong></span> <span class='ocrx_word' id='word_1_53' title='bbox 558 795 730 849; x_wconf 87' lang='lat' dir='ltr'><strong>zelum</strong></span> <span class='ocrx_word' id='word_1_54' title='bbox 779 795 938 850; x_wconf 85' lang='lat' dir='ltr'><strong>simul</strong></span> <span class='ocrx_word' id='word_1_55' title='bbox 983 804 1040 850; x_wconf 89' lang='lat' dir='ltr'><strong>et</strong></span> <span class='ocrx_word' id='word_1_56' title='bbox 1087 795 1590 864; x_wconf 81' lang='lat' dir='ltr'><strong>mansuetudinem,</strong></span> <span class='ocrx_word' id='word_1_57' title='bbox 1642 805 1700 853; x_wconf 92' lang='lat' dir='ltr'><strong>ut</strong></span> 
     </span>
    </p>
   </div>
   <div class='ocr_carea' id='block_1_9' title="bbox 94 889 1698 960">
    <p class='ocr_par' dir='ltr' id='par_1_9' title="bbox 94 889 1698 960">
     <span class='ocr_line' id='line_1_9' title="bbox 94 889 1698 960; baseline 0.001 -16"><span class='ocrx_word' id='word_1_58' title='bbox 94 903 324 959; x_wconf 87' lang='lat' dir='ltr'><strong>semper</strong></span> <span class='ocrx_word' id='word_1_59' title='bbox 357 889 444 957; x_wconf 77' lang='lat' dir='ltr'><strong>pio</strong></span> <span class='ocrx_word' id='word_1_60' title='bbox 475 889 686 943; x_wconf 82' lang='lat' dir='ltr'><strong>fervore</strong></span> <span class='ocrx_word' id='word_1_61' title='bbox 715 889 938 943; x_wconf 74' lang='lat' dir='ltr'><strong>valeatis</strong></span> <span class='ocrx_word' id='word_1_62' title='bbox 963 897 1019 944; x_wconf 92' lang='lat' dir='ltr'><strong>et</strong></span> <span class='ocrx_word' id='word_1_63' title='bbox 1044 889 1303 960; x_wconf 89' lang='lat' dir='ltr'><strong>quidquid</strong></span> <span class='ocrx_word' id='word_1_64' title='bbox 1335 890 1386 944; x_wconf 94' lang='lat' dir='ltr'><strong>in</strong></span> <span class='ocrx_word' id='word_1_65' title='bbox 1413 890 1520 944; x_wconf 89' lang='lat' dir='ltr'><strong>Deo</strong></span> <span class='ocrx_word' id='word_1_66' title='bbox 1543 904 1698 946; x_wconf 82' lang='lat' dir='ltr'><strong>exce-</strong></span> 
     </span>
    </p>
   </div>
   <div class='ocr_carea' id='block_1_10' title="bbox 90 981 1698 1053">
    <p class='ocr_par' dir='ltr' id='par_1_10' title="bbox 90 981 1698 1053">
     <span class='ocr_line' id='line_1_10' title="bbox 90 981 1698 1053; baseline 0.002 -16"><span class='ocrx_word' id='word_1_67' title='bbox 90 981 250 1037; x_wconf 87' lang='lat' dir='ltr'><strong>ditur</strong></span> <span class='ocrx_word' id='word_1_68' title='bbox 278 998 383 1038; x_wconf 92' lang='lat' dir='ltr'><strong>non</strong></span> <span class='ocrx_word' id='word_1_69' title='bbox 416 984 640 1038; x_wconf 92' lang='lat' dir='ltr'><strong>inultum</strong></span> <span class='ocrx_word' id='word_1_70' title='bbox 671 984 978 1053; x_wconf 87' lang='lat' dir='ltr'><strong>relinquere</strong></span> <span class='ocrx_word' id='word_1_71' title='bbox 1003 1027 1017 1049; x_wconf 94' lang='lat'><strong>,</strong></span> <span class='ocrx_word' id='word_1_72' title='bbox 1050 992 1104 1039; x_wconf 91' lang='lat' dir='ltr'><strong>et</strong></span> <span class='ocrx_word' id='word_1_73' title='bbox 1133 983 1158 1021; x_wconf 68' lang='grc' dir='ltr'>δ</span> <span class='ocrx_word' id='word_1_74' title='bbox 1193 983 1238 1038; x_wconf 89' lang='lat' dir='ltr'><strong>si</strong></span> <span class='ocrx_word' id='word_1_75' title='bbox 1269 984 1395 1050; x_wconf 90' lang='lat' dir='ltr'><strong>quid</strong></span> <span class='ocrx_word' id='word_1_76' title='bbox 1425 985 1576 1040; x_wconf 90' lang='lat' dir='ltr'><strong>vobis</strong></span> <span class='ocrx_word' id='word_1_77' title='bbox 1605 986 1698 1041; x_wconf 89' lang='lat' dir='ltr'><strong>de-</strong></span> 
     </span>
    </p>
   </div>
   <div class='ocr_carea' id='block_1_11' title="bbox 92 1073 1695 1143">
    <p class='ocr_par' dir='ltr' id='par_1_11' title="bbox 92 1073 1695 1143">
     <span class='ocr_line' id='line_1_11' title="bbox 92 1073 1695 1143; baseline 0.004 -16"><span class='ocrx_word' id='word_1_78' title='bbox 92 1073 364 1143; x_wconf 83' lang='lat' dir='ltr'><strong>linquitur</strong></span> <span class='ocrx_word' id='word_1_79' title='bbox 414 1074 683 1143; x_wconf 89' lang='lat' dir='ltr'><strong>parcendo</strong></span> <span class='ocrx_word' id='word_1_80' title='bbox 730 1075 978 1130; x_wconf 89' lang='lat' dir='ltr'><strong>tolerare.</strong></span> <span class='ocrx_word' id='word_1_81' title='bbox 1018 1085 1041 1113; x_wconf 76' lang='lat'><strong><em>°</em></strong></span> <span class='ocrx_word' id='word_1_82' title='bbox 1084 1075 1183 1129; x_wconf 87' lang='lat' dir='ltr'><strong>Det</strong></span> <span class='ocrx_word' id='word_1_83' title='bbox 1223 1076 1376 1129; x_wconf 90' lang='lat' dir='ltr'><strong>nobis</strong></span> <span class='ocrx_word' id='word_1_84' title='bbox 1420 1076 1475 1131; x_wconf 87' lang='lat' dir='ltr'><strong>in</strong></span> <span class='ocrx_word' id='word_1_85' title='bbox 1517 1088 1695 1133; x_wconf 89' lang='lat' dir='ltr'><strong>vestra</strong></span> 
     </span>
    </p>
   </div>
   <div class='ocr_carea' id='block_1_12' title="bbox 92 1167 1696 1239">
    <p class='ocr_par' dir='ltr' id='par_1_12' title="bbox 92 1167 1696 1239">
     <span class='ocr_line' id='line_1_12' title="bbox 92 1167 1696 1239; baseline 0.003 -18"><span class='ocrx_word' id='word_1_86' title='bbox 92 1169 306 1238; x_wconf 82' lang='lat' dir='ltr'><strong>pietate</strong></span> <span class='ocrx_word' id='word_1_87' title='bbox 330 1167 628 1222; x_wconf 72' lang='lat' dir='ltr'><strong>Pulcheria:</strong></span> <span class='ocrx_word' id='word_1_88' title='bbox 652 1169 904 1237; x_wconf 75' lang='lat' dir='ltr'><strong>Augustm</strong></span> <span class='ocrx_word' id='word_1_89' title='bbox 925 1167 1285 1235; x_wconf 90' lang='lat' dir='ltr'><strong>clementiam,</strong></span> <span class='ocrx_word' id='word_1_90' title='bbox 1315 1184 1434 1238; x_wconf 80' lang='lat' dir='ltr'><strong>quae</strong></span> <span class='ocrx_word' id='word_1_91' title='bbox 1461 1184 1559 1239; x_wconf 91' lang='lat' dir='ltr'><strong>pro</strong></span> <span class='ocrx_word' id='word_1_92' title='bbox 1581 1172 1696 1226; x_wconf 88' lang='lat' dir='ltr'><strong>zelo</strong></span> 
     </span>
    </p>
   </div>
   <div class='ocr_carea' id='block_1_13' title="bbox 93 1259 1694 1358">
    <p class='ocr_par' dir='ltr' id='par_1_13' title="bbox 93 1259 1694 1358">
     <span class='ocr_line' id='line_1_13' title="bbox 93 1259 1694 1358; baseline 0.003 -45"><span class='ocrx_word' id='word_1_93' title='bbox 93 1259 387 1314; x_wconf 69' lang='lat' dir='ltr'><strong>catholica:</strong></span> <span class='ocrx_word' id='word_1_94' title='bbox 414 1259 543 1313; x_wconf 77' lang='lat' dir='ltr'><strong>.‘idei</strong></span> <span class='ocrx_word' id='word_1_95' title='bbox 576 1259 629 1312; x_wconf 96' lang='lat' dir='ltr'><strong>in</strong></span> <span class='ocrx_word' id='word_1_96' title='bbox 661 1269 840 1313; x_wconf 86' lang='lat' dir='ltr'><strong>sancta</strong></span> <span class='ocrx_word' id='word_1_97' title='bbox 875 1260 1081 1358; x_wconf 57' lang='lat' dir='ltr'><strong>sy‘iodo</strong></span> <span class='ocrx_word' id='word_1_98' title='bbox 1111 1259 1308 1315; x_wconf 86' lang='lat' dir='ltr'><strong>Helena</strong></span> <span class='ocrx_word' id='word_1_99' title='bbox 1340 1276 1475 1315; x_wconf 91' lang='lat' dir='ltr'><strong>nova</strong></span> <span class='ocrx_word' id='word_1_100' title='bbox 1504 1272 1694 1318; x_wconf 86' lang='lat' dir='ltr'><strong>vocata</strong></span> 
     </span>
    </p>
   </div>
   <div class='ocr_carea' id='block_1_14' title="bbox 86 1348 1693 1420">
    <p class='ocr_par' dir='ltr' id='par_1_14' title="bbox 86 1348 1693 1420">
     <span class='ocr_line' id='line_1_14' title="bbox 86 1348 1693 1420; baseline 0.002 -16"><span class='ocrx_word' id='word_1_101' title='bbox 86 1358 186 1404; x_wconf 87' lang='lat' dir='ltr'><strong>est</strong></span> <span class='ocrx_word' id='word_1_102' title='bbox 205 1349 383 1417; x_wconf 68' lang='lat' dir='ltr'><strong>(ActJ</strong></span> <span class='ocrx_word' id='word_1_103' title='bbox 409 1351 591 1420; x_wconf 81' lang='lat' dir='ltr'><strong>synodi</strong></span> <span class='ocrx_word' id='word_1_104' title='bbox 614 1348 1080 1418; x_wconf 78' lang='lat' dir='ltr'><strong>Chalcedonensis).</strong></span> <span class='ocrx_word' id='word_1_105' title='bbox 1097 1350 1452 1418; x_wconf 84' lang='lat' dir='ltr'><strong>Omnipotens</strong></span> <span class='ocrx_word' id='word_1_106' title='bbox 1474 1353 1564 1408; x_wconf 87' lang='lat' dir='ltr'><strong>Dei</strong></span> <span class='ocrx_word' id='word_1_107' title='bbox 1591 1355 1693 1408; x_wconf 90' lang='lat' dir='ltr'><strong>mi-</strong></span> 
     </span>
    </p>
   </div>
   <div class='ocr_carea' id='block_1_15' title="bbox 85 1441 1692 1510">
    <p class='ocr_par' dir='ltr' id='par_1_15' title="bbox 85 1441 1692 1510">
     <span class='ocr_line' id='line_1_15' title="bbox 85 1441 1692 1510; baseline 0.002 -14"><span class='ocrx_word' id='word_1_108' title='bbox 85 1442 392 1496; x_wconf 88' lang='lat' dir='ltr'><strong>sericordia</strong></span> <span class='ocrx_word' id='word_1_109' title='bbox 421 1441 649 1510; x_wconf 85' lang='lat' dir='ltr'><strong>largiora</strong></span> <span class='ocrx_word' id='word_1_110' title='bbox 680 1442 832 1496; x_wconf 85' lang='lat' dir='ltr'><strong>vobis</strong></span> <span class='ocrx_word' id='word_1_111' title='bbox 855 1457 974 1496; x_wconf 92' lang='lat' dir='ltr'><strong>cum</strong></span> <span class='ocrx_word' id='word_1_112' title='bbox 1004 1442 1242 1509; x_wconf 85' lang='lat' dir='ltr'><strong>piissimo</strong></span> <span class='ocrx_word' id='word_1_113' title='bbox 1270 1443 1488 1498; x_wconf 92' lang='lat' dir='ltr'><strong>domino</strong></span> <span class='ocrx_word' id='word_1_114' title='bbox 1524 1449 1692 1510; x_wconf 90' lang='lat' dir='ltr'><strong>spatia</strong></span> 
     </span>
    </p>
   </div>
   <div class='ocr_carea' id='block_1_16' title="bbox 90 1533 1696 1605">
    <p class='ocr_par' dir='ltr' id='par_1_16' title="bbox 90 1533 1696 1605">
     <span class='ocr_line' id='line_1_16' title="bbox 90 1533 1696 1605; baseline 0.004 -19"><span class='ocrx_word' id='word_1_115' title='bbox 90 1533 318 1593; x_wconf 76' lang='lat' dir='ltr'><strong>vivendi</strong></span> <span class='ocrx_word' id='word_1_116' title='bbox 367 1535 658 1600; x_wconf 87' lang='lat' dir='ltr'><strong>concedat,</strong></span> <span class='ocrx_word' id='word_1_117' title='bbox 695 1545 749 1589; x_wconf 90' lang='lat' dir='ltr'><strong>ut</strong></span> <span class='ocrx_word' id='word_1_118' title='bbox 786 1550 891 1604; x_wconf 90' lang='lat' dir='ltr'><strong>quo</strong></span> <span class='ocrx_word' id='word_1_119' title='bbox 920 1544 1098 1590; x_wconf 87' lang='lat' dir='ltr'><strong>vestra</strong></span> <span class='ocrx_word' id='word_1_120' title='bbox 1130 1535 1342 1605; x_wconf 77' lang='lat' dir='ltr'><strong>longius</strong></span> <span class='ocrx_word' id='word_1_121' title='bbox 1371 1537 1477 1591; x_wconf 91' lang='lat' dir='ltr'><strong>vita</strong></span> <span class='ocrx_word' id='word_1_122' title='bbox 1507 1547 1696 1593; x_wconf 83' lang='lat' dir='ltr'><strong>exten-</strong></span> 
     </span>
    </p>
   </div>
   <div class='ocr_carea' id='block_1_17' title="bbox 100 1627 1695 1700">
    <p class='ocr_par' dir='ltr' id='par_1_17' title="bbox 100 1627 1695 1700">
     <span class='ocr_line' id='line_1_17' title="bbox 100 1627 1695 1700; baseline 0.003 -18"><span class='ocrx_word' id='word_1_123' title='bbox 100 1627 278 1695; x_wconf 81' lang='lat' dir='ltr'><strong>ditur,</strong></span> <span class='ocrx_word' id='word_1_124' title='bbox 308 1629 671 1700; x_wconf 89' lang='lat' dir='ltr'><strong>subjectorum</strong></span> <span class='ocrx_word' id='word_1_125' title='bbox 702 1631 942 1685; x_wconf 89' lang='lat' dir='ltr'><strong>omnium</strong></span> <span class='ocrx_word' id='word_1_126' title='bbox 972 1629 1268 1685; x_wconf 88' lang='lat' dir='ltr'><strong>consolatio</strong></span> <span class='ocrx_word' id='word_1_127' title='bbox 1301 1632 1532 1688; x_wconf 88' lang='lat' dir='ltr'><strong>validius</strong></span> <span class='ocrx_word' id='word_1_128' title='bbox 1564 1646 1695 1688; x_wconf 78' lang='lat' dir='ltr'><strong>con-</strong></span> 
     </span>
    </p>
   </div>
   <div class='ocr_carea' id='block_1_18' title="bbox 91 1721 366 1777">
    <p class='ocr_par' dir='ltr' id='par_1_18' title="bbox 91 1721 366 1777">
     <span class='ocr_line' id='line_1_18' title="bbox 91 1721 366 1777; baseline 0 -1"><span class='ocrx_word' id='word_1_129' title='bbox 91 1721 366 1777; x_wconf 78' lang='lat' dir='ltr'><strong>firmetur.</strong></span> 
     </span>
    </p>
   </div>
   <div class='ocr_carea' id='block_1_19' title="bbox 175 1815 1691 1886">
    <p class='ocr_par' dir='ltr' id='par_1_19' title="bbox 175 1815 1691 1886">
     <span class='ocr_line' id='line_1_19' title="bbox 175 1815 1691 1886; baseline 0.001 -16"><span class='ocrx_word' id='word_1_130' title='bbox 175 1816 386 1886; x_wconf 77' lang='lat' dir='ltr'><strong>Rogare</strong></span> <span class='ocrx_word' id='word_1_131' title='bbox 434 1816 657 1872; x_wconf 80' lang='lat' dir='ltr'><strong>forsitan</strong></span> <span class='ocrx_word' id='word_1_132' title='bbox 706 1817 866 1872; x_wconf 85' lang='lat' dir='ltr'><strong>debui</strong></span> <span class='ocrx_word' id='word_1_133' title='bbox 906 1825 967 1872; x_wconf 87' lang='lat' dir='ltr'><strong>ut</strong></span> <span class='ocrx_word' id='word_1_134' title='bbox 1007 1817 1299 1873; x_wconf 90' lang='lat' dir='ltr'><strong>Ecclesiam</strong></span> <span class='ocrx_word' id='word_1_135' title='bbox 1355 1815 1498 1872; x_wconf 86' lang='lat' dir='ltr'><strong>beati</strong></span> <span class='ocrx_word' id='word_1_136' title='bbox 1547 1816 1691 1872; x_wconf 88' lang='lat' dir='ltr'><strong>Petri</strong></span> 
     </span>
    </p>
   </div>
   <div class='ocr_carea' id='block_1_20' title="bbox 94 1908 1688 1980">
    <p class='ocr_par' dir='ltr' id='par_1_20' title="bbox 94 1908 1688 1980">
     <span class='ocr_line' id='line_1_20' title="bbox 94 1908 1688 1980; baseline 0 -17"><span class='ocrx_word' id='word_1_137' title='bbox 94 1909 357 1977; x_wconf 84' lang='lat' dir='ltr'><strong>apostoli,</strong></span> <span class='ocrx_word' id='word_1_138' title='bbox 388 1925 506 1976; x_wconf 72' lang='lat' dir='ltr'><strong>qua:</strong></span> <span class='ocrx_word' id='word_1_139' title='bbox 531 1923 674 1964; x_wconf 91' lang='lat' dir='ltr'><strong>nunc</strong></span> <span class='ocrx_word' id='word_1_140' title='bbox 697 1924 864 1979; x_wconf 89' lang='lat' dir='ltr'><strong>usque</strong></span> <span class='ocrx_word' id='word_1_141' title='bbox 886 1909 1137 1980; x_wconf 81' lang='lat' dir='ltr'><strong>gravibus</strong></span> <span class='ocrx_word' id='word_1_142' title='bbox 1165 1908 1372 1963; x_wconf 88' lang='lat' dir='ltr'><strong>insidiis</strong></span> <span class='ocrx_word' id='word_1_143' title='bbox 1403 1908 1688 1980; x_wconf 88' lang='lat' dir='ltr'><strong>laboravit,</strong></span> 
     </span>
    </p>
   </div>
   <div class='ocr_carea' id='block_1_21' title="bbox 99 2002 1697 2072">
    <p class='ocr_par' dir='ltr' id='par_1_21' title="bbox 99 2002 1697 2072">
     <span class='ocr_line' id='line_1_21' title="bbox 99 2002 1697 2072; baseline 0.001 -16"><span class='ocrx_word' id='word_1_144' title='bbox 99 2002 330 2057; x_wconf 84' lang='lat' dir='ltr'><strong>haberet</strong></span> <span class='ocrx_word' id='word_1_145' title='bbox 376 2014 554 2059; x_wconf 88' lang='lat' dir='ltr'><strong>vestra</strong></span> <span class='ocrx_word' id='word_1_146' title='bbox 601 2004 956 2072; x_wconf 86' lang='lat' dir='ltr'><strong>tranquillitas</strong></span> <span class='ocrx_word' id='word_1_147' title='bbox 997 2004 1301 2072; x_wconf 88' lang='lat' dir='ltr'><strong>specialiter</strong></span> <span class='ocrx_word' id='word_1_148' title='bbox 1355 2005 1697 2059; x_wconf 87' lang='lat' dir='ltr'><strong>commenda-</strong></span> 
     </span>
    </p>
   </div>
   <div class='ocr_carea' id='block_1_22' title="bbox 91 2094 1693 2166">
    <p class='ocr_par' dir='ltr' id='par_1_22' title="bbox 91 2094 1693 2166">
     <span class='ocr_line' id='line_1_22' title="bbox 91 2094 1693 2166; baseline 0.001 -18"><span class='ocrx_word' id='word_1_149' title='bbox 91 2103 234 2148; x_wconf 86' lang='lat' dir='ltr'><strong>tam.</strong></span> <span class='ocrx_word' id='word_1_150' title='bbox 261 2094 364 2150; x_wconf 86' lang='lat' dir='ltr'><strong>Sed</strong></span> <span class='ocrx_word' id='word_1_151' title='bbox 388 2094 476 2163; x_wconf 92' lang='lat' dir='ltr'><strong>qui</strong></span> <span class='ocrx_word' id='word_1_152' title='bbox 499 2094 613 2149; x_wconf 91' lang='lat' dir='ltr'><strong>scio</strong></span> <span class='ocrx_word' id='word_1_153' title='bbox 642 2096 764 2164; x_wconf 90' lang='lat' dir='ltr'><strong>quia</strong></span> <span class='ocrx_word' id='word_1_154' title='bbox 793 2096 1222 2165; x_wconf 88' lang='lat' dir='ltr'><strong>omnipotentem</strong></span> <span class='ocrx_word' id='word_1_155' title='bbox 1257 2094 1423 2150; x_wconf 93' lang='lat' dir='ltr'><strong>Deum</strong></span> <span class='ocrx_word' id='word_1_156' title='bbox 1451 2095 1693 2166; x_wconf 80' lang='lat' dir='ltr'><strong>diligitis,</strong></span> 
     </span>
    </p>
   </div>
   <div class='ocr_carea' id='block_1_23' title="bbox 104 2186 1697 2260">
    <p class='ocr_par' dir='ltr' id='par_1_23' title="bbox 104 2186 1697 2260">
     <span class='ocr_line' id='line_1_23' title="bbox 104 2186 1697 2260; baseline 0.004 -20"><span class='ocrx_word' id='word_1_157' title='bbox 104 2201 223 2240; x_wconf 86' lang='lat' dir='ltr'><strong>non</strong></span> <span class='ocrx_word' id='word_1_158' title='bbox 250 2186 421 2241; x_wconf 89' lang='lat' dir='ltr'><strong>debeo</strong></span> <span class='ocrx_word' id='word_1_159' title='bbox 447 2197 630 2255; x_wconf 88' lang='lat' dir='ltr'><strong>petere</strong></span> <span class='ocrx_word' id='word_1_160' title='bbox 655 2188 797 2256; x_wconf 90' lang='lat' dir='ltr'><strong>quod</strong></span> <span class='ocrx_word' id='word_1_161' title='bbox 827 2197 1018 2258; x_wconf 89' lang='lat' dir='ltr'><strong>sponte</strong></span> <span class='ocrx_word' id='word_1_162' title='bbox 1049 2205 1112 2243; x_wconf 82' lang='lat' dir='ltr'><strong>ex</strong></span> <span class='ocrx_word' id='word_1_163' title='bbox 1143 2190 1468 2260; x_wconf 82' lang='lat' dir='ltr'><strong>benignitate</strong></span> <span class='ocrx_word' id='word_1_164' title='bbox 1503 2200 1697 2246; x_wconf 65' lang='lat' dir='ltr'><strong>vestras</strong></span> 
     </span>
    </p>
   </div>
   <div class='ocr_carea' id='block_1_24' title="bbox 93 2279 1696 2350">
    <p class='ocr_par' dir='ltr' id='par_1_24' title="bbox 93 2279 1696 2350">
     <span class='ocr_line' id='line_1_24' title="bbox 93 2279 1696 2350; baseline 0.005 -20"><span class='ocrx_word' id='word_1_165' title='bbox 93 2279 314 2348; x_wconf 87' lang='lat' dir='ltr'><strong>pietatis</strong></span> <span class='ocrx_word' id='word_1_166' title='bbox 344 2279 628 2335; x_wconf 75' lang='lat' dir='ltr'><strong>exhibetis.</strong></span> <span class='ocrx_word' id='word_1_167' title='bbox 666 2282 877 2346; x_wconf 89' lang='lat' dir='ltr'><strong>Quanto</strong></span> <span class='ocrx_word' id='word_1_168' title='bbox 915 2282 1056 2335; x_wconf 91' lang='lat' dir='ltr'><strong>enim</strong></span> <span class='ocrx_word' id='word_1_169' title='bbox 1094 2282 1214 2350; x_wconf 90' lang='lat' dir='ltr'><strong>plus</strong></span> <span class='ocrx_word' id='word_1_170' title='bbox 1259 2283 1457 2337; x_wconf 87' lang='lat' dir='ltr'><strong>timetis</strong></span> <span class='ocrx_word' id='word_1_171' title='bbox 1493 2284 1696 2338; x_wconf 82' lang='lat' dir='ltr'><strong>Condi-</strong></span> 
     </span>
    </p>
   </div>
   <div class='ocr_carea' id='block_1_25' title="bbox 101 2371 1694 2442">
    <p class='ocr_par' dir='ltr' id='par_1_25' title="bbox 101 2371 1694 2442">
     <span class='ocr_line' id='line_1_25' title="bbox 101 2371 1694 2442; baseline 0.003 -18"><span class='ocrx_word' id='word_1_172' title='bbox 101 2380 281 2424; x_wconf 86' lang='lat' dir='ltr'><strong>torem</strong></span> <span class='ocrx_word' id='word_1_173' title='bbox 303 2371 560 2439; x_wconf 79' lang='lat' dir='ltr'><strong>omnium,</strong></span> <span class='ocrx_word' id='word_1_174' title='bbox 589 2381 738 2425; x_wconf 91' lang='lat' dir='ltr'><strong>tanto</strong></span> <span class='ocrx_word' id='word_1_175' title='bbox 759 2373 988 2442; x_wconf 90' lang='lat' dir='ltr'><strong>amplius</strong></span> <span class='ocrx_word' id='word_1_176' title='bbox 1009 2373 1126 2442; x_wconf 89' lang='lat' dir='ltr'><strong>ejus</strong></span> <span class='ocrx_word' id='word_1_177' title='bbox 1150 2374 1374 2442; x_wconf 70' lang='lat' dir='ltr'><strong>potesnis</strong></span> <span class='ocrx_word' id='word_1_178' title='bbox 1401 2374 1694 2430; x_wconf 82' lang='lat' dir='ltr'><strong>Ecclesiam</strong></span> 
     </span>
    </p>
   </div>
   <div class='ocr_carea' id='block_1_26' title="bbox 96 2463 1697 2536">
    <p class='ocr_par' dir='ltr' id='par_1_26' title="bbox 96 2463 1697 2536">
     <span class='ocr_line' id='line_1_26' title="bbox 96 2463 1697 2536; baseline 0.004 -20"><span class='ocrx_word' id='word_1_179' title='bbox 96 2477 285 2517; x_wconf 84' lang='lat' dir='ltr'><strong>amare</strong></span> <span class='ocrx_word' id='word_1_180' title='bbox 305 2505 320 2531; x_wconf 88' lang='lat'><strong>,</strong></span> <span class='ocrx_word' id='word_1_181' title='bbox 353 2465 436 2517; x_wconf 85' lang='lat' dir='ltr'><strong>cui</strong></span> <span class='ocrx_word' id='word_1_182' title='bbox 463 2464 660 2519; x_wconf 91' lang='lat' dir='ltr'><strong>dictum</strong></span> <span class='ocrx_word' id='word_1_183' title='bbox 689 2473 770 2519; x_wconf 89' lang='lat' dir='ltr'><strong>est</strong></span> <span class='ocrx_word' id='word_1_184' title='bbox 799 2484 812 2518; x_wconf 89' lang='lat'><strong>:</strong></span> <span class='ocrx_word' id='word_1_185' title='bbox 846 2463 925 2519; x_wconf 89' lang='lat' dir='ltr'><strong>Tu</strong></span> <span class='ocrx_word' id='word_1_186' title='bbox 959 2483 1010 2520; x_wconf 86' lang='lat' dir='ltr'><strong>es</strong></span> <span class='ocrx_word' id='word_1_187' title='bbox 1045 2464 1232 2520; x_wconf 87' lang='lat' dir='ltr'><strong>Petrus</strong></span> <span class='ocrx_word' id='word_1_188' title='bbox 1256 2505 1270 2530; x_wconf 94' lang='lat'><strong>,</strong></span> <span class='ocrx_word' id='word_1_189' title='bbox 1302 2476 1349 2520; x_wconf 90' lang='lat' dir='ltr'><strong>et</strong></span> <span class='ocrx_word' id='word_1_190' title='bbox 1377 2483 1530 2536; x_wconf 82' lang='lat' dir='ltr'><strong>super</strong></span> <span class='ocrx_word' id='word_1_191' title='bbox 1565 2467 1697 2522; x_wconf 88' lang='lat' dir='ltr'><strong>hanc</strong></span> 
     </span>
    </p>
   </div>
   <div class='ocr_carea' id='block_1_27' title="bbox 96 2555 1697 2628">
    <p class='ocr_par' dir='ltr' id='par_1_27' title="bbox 96 2555 1697 2628">
     <span class='ocr_line' id='line_1_27' title="bbox 96 2555 1697 2628; baseline 0.003 -19"><span class='ocrx_word' id='word_1_192' title='bbox 96 2565 304 2626; x_wconf 83' lang='lat' dir='ltr'><strong>petram</strong></span> <span class='ocrx_word' id='word_1_193' title='bbox 327 2556 593 2623; x_wconf 76' lang='lat' dir='ltr'><strong>(ediﬁcabo</strong></span> <span class='ocrx_word' id='word_1_194' title='bbox 617 2555 904 2610; x_wconf 82' lang='lat' dir='ltr'><strong>Ecclesium</strong></span> <span class='ocrx_word' id='word_1_195' title='bbox 930 2573 1093 2610; x_wconf 88' lang='lat' dir='ltr'><strong>meam</strong></span> <span class='ocrx_word' id='word_1_196' title='bbox 1118 2598 1133 2623; x_wconf 93' lang='lat'><strong>,</strong></span> <span class='ocrx_word' id='word_1_197' title='bbox 1156 2567 1204 2612; x_wconf 89' lang='lat' dir='ltr'><strong>et</strong></span> <span class='ocrx_word' id='word_1_198' title='bbox 1228 2569 1387 2628; x_wconf 67' lang='lat' dir='ltr'><strong>porta:</strong></span> <span class='ocrx_word' id='word_1_199' title='bbox 1418 2559 1567 2628; x_wconf 77' lang='lat' dir='ltr'><strong>inferi</strong></span> <span class='ocrx_word' id='word_1_200' title='bbox 1595 2575 1697 2614; x_wconf 90' lang='lat' dir='ltr'><strong>non</strong></span> 
     </span>
    </p>
   </div>
   <div class='ocr_carea' id='block_1_28' title="bbox 99 2649 1694 2718">
    <p class='ocr_par' dir='ltr' id='par_1_28' title="bbox 99 2649 1694 2718">
     <span class='ocr_line' id='line_1_28' title="bbox 99 2649 1694 2718; baseline 0.003 -16"><span class='ocrx_word' id='word_1_201' title='bbox 99 2649 448 2718; x_wconf 69' lang='lat' dir='ltr'><strong>praevalebunt</strong></span> <span class='ocrx_word' id='word_1_202' title='bbox 478 2651 718 2704; x_wconf 87' lang='lat' dir='ltr'><strong>adversus</strong></span> <span class='ocrx_word' id='word_1_203' title='bbox 745 2666 877 2704; x_wconf 89' lang='lat' dir='ltr'><strong>eam.</strong></span> <span class='ocrx_word' id='word_1_204' title='bbox 925 2651 989 2704; x_wconf 85' lang='lat' dir='ltr'><strong>Et</strong></span> <span class='ocrx_word' id='word_1_205' title='bbox 1025 2651 1112 2705; x_wconf 90' lang='lat' dir='ltr'><strong>cui</strong></span> <span class='ocrx_word' id='word_1_206' title='bbox 1156 2650 1353 2705; x_wconf 89' lang='lat' dir='ltr'><strong>dicitur</strong></span> <span class='ocrx_word' id='word_1_207' title='bbox 1382 2668 1395 2706; x_wconf 89' lang='lat'><strong>:</strong></span> <span class='ocrx_word' id='word_1_208' title='bbox 1425 2651 1539 2705; x_wconf 86' lang='lat' dir='ltr'><strong>Tibi</strong></span> <span class='ocrx_word' id='word_1_209' title='bbox 1564 2654 1694 2706; x_wconf 87' lang='lat' dir='ltr'><strong>dabo</strong></span> 
     </span>
    </p>
   </div>
   <div class='ocr_carea' id='block_1_29' title="bbox 100 2740 1698 2813">
    <p class='ocr_par' dir='ltr' id='par_1_29' title="bbox 100 2740 1698 2813">
     <span class='ocr_line' id='line_1_29' title="bbox 100 2740 1698 2813; baseline 0.003 -20"><span class='ocrx_word' id='word_1_210' title='bbox 100 2740 270 2795; x_wconf 83' lang='lat' dir='ltr'><strong>claves</strong></span> <span class='ocrx_word' id='word_1_211' title='bbox 306 2741 451 2810; x_wconf 81' lang='lat' dir='ltr'><strong>regni</strong></span> <span class='ocrx_word' id='word_1_212' title='bbox 491 2744 769 2806; x_wconf 73' lang='lat' dir='ltr'><strong>caelorum;</strong></span> <span class='ocrx_word' id='word_1_213' title='bbox 809 2748 854 2794; x_wconf 91' lang='lat' dir='ltr'><strong>et</strong></span> <span class='ocrx_word' id='word_1_214' title='bbox 896 2742 1232 2810; x_wconf 84' lang='lat' dir='ltr'><strong>quodcunque</strong></span> <span class='ocrx_word' id='word_1_215' title='bbox 1272 2743 1508 2813; x_wconf 79' lang='lat' dir='ltr'><strong>ligaveris</strong></span> <span class='ocrx_word' id='word_1_216' title='bbox 1545 2759 1698 2807; x_wconf 81' lang='lat' dir='ltr'><strong>super</strong></span> 
     </span>
    </p>
   </div>
   <div class='ocr_carea' id='block_1_30' title="bbox 104 2833 1697 2904">
    <p class='ocr_par' dir='ltr' id='par_1_30' title="bbox 104 2833 1697 2904">
     <span class='ocr_line' id='line_1_30' title="bbox 104 2833 1697 2904; baseline 0.003 -19"><span class='ocrx_word' id='word_1_217' title='bbox 104 2839 318 2896; x_wconf 73' lang='lat' dir='ltr'><strong>terram,</strong></span> <span class='ocrx_word' id='word_1_218' title='bbox 349 2833 442 2885; x_wconf 89' lang='lat' dir='ltr'><strong>erit</strong></span> <span class='ocrx_word' id='word_1_219' title='bbox 475 2833 689 2902; x_wconf 87' lang='lat' dir='ltr'><strong>ligatum</strong></span> <span class='ocrx_word' id='word_1_220' title='bbox 713 2843 758 2885; x_wconf 87' lang='lat' dir='ltr'><strong>et</strong></span> <span class='ocrx_word' id='word_1_221' title='bbox 790 2833 841 2885; x_wconf 86' lang='lat' dir='ltr'><strong>in</strong></span> <span class='ocrx_word' id='word_1_222' title='bbox 872 2834 1034 2898; x_wconf 78' lang='lat' dir='ltr'><strong>ctrlo;</strong></span> <span class='ocrx_word' id='word_1_223' title='bbox 1062 2844 1110 2886; x_wconf 91' lang='lat' dir='ltr'><strong>et</strong></span> <span class='ocrx_word' id='word_1_224' title='bbox 1143 2850 1458 2904; x_wconf 63' lang='lat' dir='ltr'><strong>quacunque</strong></span> <span class='ocrx_word' id='word_1_225' title='bbox 1486 2834 1697 2890; x_wconf 86' lang='lat' dir='ltr'><strong>solveris</strong></span> 
     </span>
    </p>
   </div>
   <div class='ocr_carea' id='block_1_31' title="bbox 103 2927 1692 3003">
    <p class='ocr_par' dir='ltr' id='par_1_31' title="bbox 103 2927 1692 3003">
     <span class='ocr_line' id='line_1_31' title="bbox 103 2927 1692 3003; baseline 0.004 -24"><span class='ocrx_word' id='word_1_226' title='bbox 103 2941 260 2996; x_wconf 74' lang='lat' dir='ltr'><strong>super</strong></span> <span class='ocrx_word' id='word_1_227' title='bbox 282 2937 488 2992; x_wconf 87' lang='lat' dir='ltr'><strong>terram,</strong></span> <span class='ocrx_word' id='word_1_228' title='bbox 512 2927 682 2981; x_wconf 88' lang='lat' dir='ltr'><strong>soluta</strong></span> <span class='ocrx_word' id='word_1_229' title='bbox 705 2938 857 2981; x_wconf 88' lang='lat' dir='ltr'><strong>erunt</strong></span> <span class='ocrx_word' id='word_1_230' title='bbox 878 2938 924 2981; x_wconf 89' lang='lat' dir='ltr'><strong>et</strong></span> <span class='ocrx_word' id='word_1_231' title='bbox 955 2929 1008 2982; x_wconf 89' lang='lat' dir='ltr'><strong>in</strong></span> <span class='ocrx_word' id='word_1_232' title='bbox 1031 2929 1154 2984; x_wconf 70' lang='lat' dir='ltr'><strong>caelo</strong></span> <span class='ocrx_word' id='word_1_233' title='bbox 1185 2929 1399 2999; x_wconf 79' lang='lat' dir='ltr'><strong>(Matth.</strong></span> <span class='ocrx_word' id='word_1_234' title='bbox 1435 2947 1546 2998; x_wconf 76' lang='lat' dir='ltr'><strong>xvr,</strong></span> <span class='ocrx_word' id='word_1_235' title='bbox 1584 2933 1692 3003; x_wconf 74' lang='grc'><strong>13).</strong></span> 
     </span>
    </p>
   </div>
   <div class='ocr_carea' id='block_1_32' title="bbox 109 3017 1697 3092">
    <p class='ocr_par' dir='ltr' id='par_1_32' title="bbox 109 3017 1697 3092">
     <span class='ocr_line' id='line_1_32' title="bbox 109 3017 1697 3092; baseline 0.004 -19"><span class='ocrx_word' id='word_1_236' title='bbox 109 3017 261 3073; x_wconf 87' lang='lat' dir='ltr'><strong>Unde</strong></span> <span class='ocrx_word' id='word_1_237' title='bbox 286 3019 436 3072; x_wconf 89' lang='lat' dir='ltr'><strong>nobis</strong></span> <span class='ocrx_word' id='word_1_238' title='bbox 464 3019 675 3091; x_wconf 62' lang='grc'>1246</span> <span class='ocrx_word' id='word_1_239' title='bbox 695 3021 920 3075; x_wconf 88' lang='lat' dir='ltr'><strong>dubium</strong></span> <span class='ocrx_word' id='word_1_240' title='bbox 946 3037 1050 3074; x_wconf 91' lang='lat' dir='ltr'><strong>non</strong></span> <span class='ocrx_word' id='word_1_241' title='bbox 1075 3030 1340 3092; x_wconf 85' lang='lat' dir='ltr'><strong>estquam</strong></span> <span class='ocrx_word' id='word_1_242' title='bbox 1367 3024 1486 3078; x_wconf 79' lang='lat' dir='ltr'><strong>forti</strong></span> <span class='ocrx_word' id='word_1_243' title='bbox 1512 3041 1697 3081; x_wconf 89' lang='lat' dir='ltr'><strong>amore</strong></span> 
     </span>
    </p>
   </div>
   <div class='ocr_carea' id='block_1_33' title="bbox 106 3108 1695 3182">
    <p class='ocr_par' dir='ltr' id='par_1_33' title="bbox 106 3108 1695 3182">
     <span class='ocr_line' id='line_1_33' title="bbox 106 3108 1695 3182; baseline 0.004 -18"><span class='ocrx_word' id='word_1_244' title='bbox 106 3108 176 3164; x_wconf 83' lang='lat' dir='ltr'><strong>ad</strong></span> <span class='ocrx_word' id='word_1_245' title='bbox 209 3123 328 3163; x_wconf 88' lang='lat' dir='ltr'><strong>eum</strong></span> <span class='ocrx_word' id='word_1_246' title='bbox 358 3124 454 3163; x_wconf 92' lang='lat' dir='ltr'><strong>vos</strong></span> <span class='ocrx_word' id='word_1_247' title='bbox 484 3111 768 3182; x_wconf 90' lang='lat' dir='ltr'><strong>stringitis,</strong></span> <span class='ocrx_word' id='word_1_248' title='bbox 799 3127 895 3181; x_wconf 90' lang='lat' dir='ltr'><strong>per</strong></span> <span class='ocrx_word' id='word_1_249' title='bbox 925 3127 1083 3182; x_wconf 89' lang='lat' dir='ltr'><strong>quem</strong></span> <span class='ocrx_word' id='word_1_250' title='bbox 1126 3113 1263 3168; x_wconf 75' lang='lat' dir='ltr'><strong>solvi</strong></span> <span class='ocrx_word' id='word_1_251' title='bbox 1290 3113 1316 3149; x_wconf 75' lang='grc' dir='ltr'><em>ά</em></span> <span class='ocrx_word' id='word_1_252' title='bbox 1350 3116 1417 3168; x_wconf 93' lang='lat' dir='ltr'><strong>ab</strong></span> <span class='ocrx_word' id='word_1_253' title='bbox 1448 3116 1695 3171; x_wconf 86' lang='lat' dir='ltr'><strong>omnibus</strong></span> 
     </span>
    </p>
   </div>
   <div class='ocr_carea' id='block_1_34' title="bbox 105 3203 1693 3277">
    <p class='ocr_par' dir='ltr' id='par_1_34' title="bbox 105 3203 1693 3277">
     <span class='ocr_line' id='line_1_34' title="bbox 105 3203 1693 3277; baseline 0.006 -20"><span class='ocrx_word' id='word_1_254' title='bbox 105 3203 347 3273; x_wconf 81' lang='lat' dir='ltr'><strong>peccatis</strong></span> <span class='ocrx_word' id='word_1_255' title='bbox 374 3203 582 3260; x_wconf 82' lang='lat' dir='ltr'><strong>enixius</strong></span> <span class='ocrx_word' id='word_1_256' title='bbox 617 3205 955 3261; x_wconf 88' lang='lat' dir='ltr'><strong>desideratis.</strong></span> <span class='ocrx_word' id='word_1_257' title='bbox 991 3207 1107 3276; x_wconf 77' lang='lat' dir='ltr'><strong>lpse</strong></span> <span class='ocrx_word' id='word_1_258' title='bbox 1136 3222 1264 3277; x_wconf 88' lang='lat' dir='ltr'><strong>ergo</strong></span> <span class='ocrx_word' id='word_1_259' title='bbox 1295 3209 1365 3264; x_wconf 89' lang='lat' dir='ltr'><strong>sit</strong></span> <span class='ocrx_word' id='word_1_260' title='bbox 1404 3211 1568 3265; x_wconf 89' lang='lat' dir='ltr'><strong>vestri</strong></span> <span class='ocrx_word' id='word_1_261' title='bbox 1597 3227 1693 3266; x_wconf 89' lang='lat' dir='ltr'><strong>cu-</strong></span> 
     </span>
    </p>
   </div>
   <div class='ocr_carea' id='block_1_35' title="bbox 109 3294 1699 3372">
    <p class='ocr_par' dir='ltr' id='par_1_35' title="bbox 109 3294 1699 3372">
     <span class='ocr_line' id='line_1_35' title="bbox 109 3294 1699 3372; baseline 0.008 -24"><span class='ocrx_word' id='word_1_262' title='bbox 109 3305 226 3349; x_wconf 86' lang='lat' dir='ltr'><strong>stos</strong></span> <span class='ocrx_word' id='word_1_263' title='bbox 252 3294 483 3366; x_wconf 84' lang='lat' dir='ltr'><strong>imperii,</strong></span> <span class='ocrx_word' id='word_1_264' title='bbox 513 3299 584 3350; x_wconf 92' lang='lat' dir='ltr'><strong>sit</strong></span> <span class='ocrx_word' id='word_1_265' title='bbox 621 3297 773 3352; x_wconf 84' lang='lat' dir='ltr'><strong>vobis</strong></span> <span class='ocrx_word' id='word_1_266' title='bbox 805 3308 1075 3367; x_wconf 89' lang='lat' dir='ltr'><strong>protector</strong></span> <span class='ocrx_word' id='word_1_267' title='bbox 1103 3300 1156 3354; x_wconf 93' lang='lat' dir='ltr'><strong>in</strong></span> <span class='ocrx_word' id='word_1_268' title='bbox 1188 3309 1353 3367; x_wconf 87' lang='lat' dir='ltr'><strong>terra,</strong></span> <span class='ocrx_word' id='word_1_269' title='bbox 1386 3303 1455 3357; x_wconf 91' lang='lat' dir='ltr'><strong>sit</strong></span> <span class='ocrx_word' id='word_1_270' title='bbox 1482 3319 1576 3372; x_wconf 90' lang='lat' dir='ltr'><strong>pro</strong></span> <span class='ocrx_word' id='word_1_271' title='bbox 1607 3319 1699 3361; x_wconf 91' lang='lat' dir='ltr'><strong>vo-</strong></span> 
     </span>
    </p>
   </div>
   <div class='ocr_carea' id='block_1_36' title="bbox 111 3385 1698 3462">
    <p class='ocr_par' dir='ltr' id='par_1_36' title="bbox 111 3385 1698 3462">
     <span class='ocr_line' id='line_1_36' title="bbox 111 3385 1698 3462; baseline 0.009 -22"><span class='ocrx_word' id='word_1_272' title='bbox 111 3385 198 3441; x_wconf 87' lang='lat' dir='ltr'><strong>bis</strong></span> <span class='ocrx_word' id='word_1_273' title='bbox 225 3387 552 3444; x_wconf 89' lang='lat' dir='ltr'><strong>intercessor</strong></span> <span class='ocrx_word' id='word_1_274' title='bbox 581 3390 633 3444; x_wconf 93' lang='lat' dir='ltr'><strong>in</strong></span> <span class='ocrx_word' id='word_1_275' title='bbox 665 3390 803 3445; x_wconf 75' lang='lat' dir='ltr'><strong>cmlo</strong></span> <span class='ocrx_word' id='word_1_276' title='bbox 827 3431 844 3460; x_wconf 90' lang='lat'><strong>,</strong></span> <span class='ocrx_word' id='word_1_277' title='bbox 879 3400 937 3445; x_wconf 93' lang='lat' dir='ltr'><strong>ut</strong></span> <span class='ocrx_word' id='word_1_278' title='bbox 961 3407 1057 3461; x_wconf 88' lang='lat' dir='ltr'><strong>per</strong></span> <span class='ocrx_word' id='word_1_279' title='bbox 1087 3391 1191 3448; x_wconf 89' lang='lat' dir='ltr'><strong>hoc</strong></span> <span class='ocrx_word' id='word_1_280' title='bbox 1217 3395 1357 3462; x_wconf 91' lang='lat' dir='ltr'><strong>quod</strong></span> <span class='ocrx_word' id='word_1_281' title='bbox 1380 3436 1394 3461; x_wconf 90' lang='lat'><strong>,</strong></span> <span class='ocrx_word' id='word_1_282' title='bbox 1447 3399 1698 3455; x_wconf 85' lang='lat' dir='ltr'><strong>relevatis</strong></span> 
     </span>
    </p>
   </div>
   <div class='ocr_carea' id='block_1_37' title="bbox 106 3480 1700 3560">
    <p class='ocr_par' dir='ltr' id='par_1_37' title="bbox 106 3480 1700 3560">
     <span class='ocr_line' id='line_1_37' title="bbox 106 3480 1700 3560; baseline 0.008 -25"><span class='ocrx_word' id='word_1_283' title='bbox 106 3480 261 3535; x_wconf 89' lang='lat' dir='ltr'><strong>duris</strong></span> <span class='ocrx_word' id='word_1_284' title='bbox 290 3481 618 3550; x_wconf 89' lang='lat' dir='ltr'><strong>ponderibus</strong></span> <span class='ocrx_word' id='word_1_285' title='bbox 644 3523 660 3551; x_wconf 90' lang='lat'><strong>,</strong></span> <span class='ocrx_word' id='word_1_286' title='bbox 703 3485 758 3538; x_wconf 88' lang='lat' dir='ltr'><strong>in</strong></span> <span class='ocrx_word' id='word_1_287' title='bbox 803 3495 982 3540; x_wconf 88' lang='lat' dir='ltr'><strong>vestro</strong></span> <span class='ocrx_word' id='word_1_288' title='bbox 1021 3486 1248 3556; x_wconf 87' lang='lat' dir='ltr'><strong>imperio</strong></span> <span class='ocrx_word' id='word_1_289' title='bbox 1275 3489 1542 3557; x_wconf 91' lang='lat' dir='ltr'><strong>subjectos</strong></span> <span class='ocrx_word' id='word_1_290' title='bbox 1572 3507 1700 3560; x_wconf 83' lang='lat' dir='ltr'><strong>gau-</strong></span> 
     </span>
    </p>
   </div>
   <div class='ocr_carea' id='block_1_38' title="bbox 105 3573 1699 3651">
    <p class='ocr_par' dir='ltr' id='par_1_38' title="bbox 105 3573 1699 3651">
     <span class='ocr_line' id='line_1_38' title="bbox 105 3573 1699 3651; baseline 0.007 -20"><span class='ocrx_word' id='word_1_291' title='bbox 105 3575 247 3631; x_wconf 89' lang='lat' dir='ltr'><strong>dere</strong></span> <span class='ocrx_word' id='word_1_292' title='bbox 275 3573 473 3643; x_wconf 85' lang='lat' dir='ltr'><strong>facitis,</strong></span> <span class='ocrx_word' id='word_1_293' title='bbox 507 3585 628 3645; x_wconf 90' lang='lat' dir='ltr'><strong>post</strong></span> <span class='ocrx_word' id='word_1_294' title='bbox 656 3577 820 3632; x_wconf 85' lang='lat' dir='ltr'><strong>multa</strong></span> <span class='ocrx_word' id='word_1_295' title='bbox 848 3594 1110 3633; x_wconf 88' lang='lat' dir='ltr'><strong>annorum</strong></span> <span class='ocrx_word' id='word_1_296' title='bbox 1143 3592 1380 3651; x_wconf 86' lang='lat' dir='ltr'><strong>tempora</strong></span> <span class='ocrx_word' id='word_1_297' title='bbox 1411 3584 1461 3638; x_wconf 93' lang='lat' dir='ltr'><strong>in</strong></span> <span class='ocrx_word' id='word_1_298' title='bbox 1493 3586 1699 3642; x_wconf 74' lang='lat' dir='ltr'><strong>scelesti</strong></span> 
     </span>
    </p>
   </div>
   <div class='ocr_carea' id='block_1_39' title="bbox 104 3667 1440 3745">
    <p class='ocr_par' dir='ltr' id='par_1_39' title="bbox 104 3667 1440 3745">
     <span class='ocr_line' id='line_1_39' title="bbox 104 3667 1440 3745; baseline 0.004 -21"><span class='ocrx_word' id='word_1_299' title='bbox 104 3681 284 3737; x_wconf 82' lang='lat' dir='ltr'><strong>regno</strong></span> <span class='ocrx_word' id='word_1_300' title='bbox 311 3667 592 3739; x_wconf 84' lang='lat' dir='ltr'><strong>gaudeatis</strong></span> <span class='ocrx_word' id='word_1_301' title='bbox 622 3668 804 3741; x_wconf 84' lang='lat' dir='ltr'><strong>(Joan.</strong></span> <span class='ocrx_word' id='word_1_302' title='bbox 827 3670 1002 3739; x_wconf 61' lang='lat' dir='ltr'><strong>Diam,</strong></span> <span class='ocrx_word' id='word_1_303' title='bbox 1032 3673 1122 3726; x_wconf 87' lang='lat' dir='ltr'><strong>lib.</strong></span> <span class='ocrx_word' id='word_1_304' title='bbox 1145 3687 1218 3739; x_wconf 83' lang='grc' dir='ltr'><strong>ιν,</strong></span> <span class='ocrx_word' id='word_1_305' title='bbox 1247 3690 1294 3728; x_wconf 89' lang='lat' dir='ltr'><strong>c.</strong></span> <span class='ocrx_word' id='word_1_306' title='bbox 1324 3673 1440 3745; x_wconf 78' lang='lat'><strong>2‘2).</strong></span> 
     </span>
    </p>
   </div>
   <div class='ocr_carea' id='block_1_40' title="bbox 658 3780 1142 3839">
    <p class='ocr_par' dir='ltr' id='par_1_40' title="bbox 658 3780 1142 3839">
     <span class='ocr_line' id='line_1_40' title="bbox 658 3780 1142 3839; baseline 0.004 -4"><span class='ocrx_word' id='word_1_307' title='bbox 658 3780 990 3839; x_wconf 86' lang='lat' dir='ltr'><strong>EPISTOLA</strong></span> <span class='ocrx_word' id='word_1_308' title='bbox 1029 3784 1142 3838; x_wconf 78' lang='lat' dir='ltr'><strong>XL.</strong></span> 
     </span>
    </p>
   </div>
   <div class='ocr_carea' id='block_1_41' title="bbox 144 3887 1657 3940">
    <p class='ocr_par' dir='ltr' id='par_1_41' title="bbox 144 3887 1657 3940">
     <span class='ocr_line' id='line_1_41' title="bbox 144 3887 1657 3940; baseline 0.009 -14"><span class='ocrx_word' id='word_1_309' title='bbox 144 3887 220 3927; x_wconf 79' lang='grc' dir='ltr'><strong>ΔΙ)</strong></span> <span class='ocrx_word' id='word_1_310' title='bbox 255 3887 518 3930; x_wconf 70' lang='lat' dir='ltr'><strong>CYBIACUI</strong></span> <span class='ocrx_word' id='word_1_311' title='bbox 557 3890 931 3932; x_wconf 68' lang='lat' dir='ltr'><strong>PATBIABCHAM</strong></span> <span class='ocrx_word' id='word_1_312' title='bbox 971 3893 1657 3940; x_wconf 70' lang='lat' dir='ltr'><strong>CONSTANTINOPOLITANUM.</strong></span> 
     </span>
    </p>
   </div>
   <div class='ocr_carea' id='block_1_42' title="bbox 104 3964 1700 4040">
    <p class='ocr_par' dir='ltr' id='par_1_42' title="bbox 104 3964 1700 4040">
     <span class='ocr_line' id='line_1_42' title="bbox 104 3964 1700 4040; baseline 0.008 -21"><span class='ocrx_word' id='word_1_313' title='bbox 104 3964 376 4040; x_wconf 4' lang='lat' dir='ltr'><strong>Hortatur,</strong></span> <span class='ocrx_word' id='word_1_314' title='bbox 405 3977 460 4020; x_wconf 88' lang='lat' dir='ltr'><strong>ut</strong></span> <span class='ocrx_word' id='word_1_315' title='bbox 502 3968 642 4040; x_wconf 84' lang='lat' dir='ltr'><strong>pacis</strong></span> <span class='ocrx_word' id='word_1_316' title='bbox 679 3969 847 4022; x_wconf 85' lang='lat' dir='ltr'><strong>studio</strong></span> <span class='ocrx_word' id='word_1_317' title='bbox 891 3973 1175 4040; x_wconf 24' lang='lat' dir='ltr'><strong>aisuperbo</strong></span> <span class='ocrx_word' id='word_1_318' title='bbox 1215 3970 1522 4028; x_wconf 74' lang='lat' dir='ltr'><strong>Unicersalis</strong></span> <span class='ocrx_word' id='word_1_319' title='bbox 1552 3978 1700 4033; x_wconf 82' lang='lat' dir='ltr'><strong>titulo</strong></span> 
     </span>
    </p>
   </div>
   <div class='ocr_carea' id='block_1_43' title="bbox 247 4038 1563 4111">
    <p class='ocr_par' dir='ltr' id='par_1_43' title="bbox 247 4038 1563 4111">
     <span class='ocr_line' id='line_1_43' title="bbox 247 4038 1563 4111; baseline 0.01 -23"><span class='ocrx_word' id='word_1_320' title='bbox 247 4038 516 4092; x_wconf 76' lang='lat' dir='ltr'><strong>abstineat.</strong></span> <span class='ocrx_word' id='word_1_321' title='bbox 550 4039 881 4094; x_wconf 73' lang='lat' dir='ltr'><strong>Commendat</strong></span> <span class='ocrx_word' id='word_1_322' title='bbox 912 4038 1239 4111; x_wconf 48' lang='lat' dir='ltr'><strong>Bon&#39;ifacium</strong></span> <span class='ocrx_word' id='word_1_323' title='bbox 1269 4045 1563 4101; x_wconf 83' lang='lat' dir='ltr'><strong>diaconum.</strong></span> 
     </span>
    </p>
   </div>
   <div class='ocr_carea' id='block_1_44' title="bbox 190 4128 1694 4209">
    <p class='ocr_par' dir='ltr' id='par_1_44' title="bbox 190 4128 1694 4209">
     <span class='ocr_line' id='line_1_44' title="bbox 190 4128 1694 4209; baseline 0.008 -24"><span class='ocrx_word' id='word_1_324' title='bbox 190 4128 479 4201; x_wconf 87' lang='lat' dir='ltr'><strong>Gregorius</strong></span> <span class='ocrx_word' id='word_1_325' title='bbox 498 4133 725 4204; x_wconf 88' lang='lat' dir='ltr'><strong>Cyriaco</strong></span> <span class='ocrx_word' id='word_1_326' title='bbox 749 4134 1064 4203; x_wconf 79' lang='lat' dir='ltr'><strong>patriarchae</strong></span> <span class='ocrx_word' id='word_1_327' title='bbox 1087 4134 1694 4209; x_wconf 86' lang='lat' dir='ltr'><strong>Constantinopolitano.</strong></span> 
     </span>
    </p>
   </div>
   <div class='ocr_carea' id='block_1_45' title="bbox 189 4222 1700 4298">
    <p class='ocr_par' dir='ltr' id='par_1_45' title="bbox 189 4222 1700 4298">
     <span class='ocr_line' id='line_1_45' title="bbox 189 4222 1700 4298; baseline 0.009 -23"><span class='ocrx_word' id='word_1_328' title='bbox 189 4222 396 4289; x_wconf 88' lang='lat' dir='ltr'><strong>Quanta</strong></span> <span class='ocrx_word' id='word_1_329' title='bbox 424 4223 494 4277; x_wconf 90' lang='lat' dir='ltr'><strong>sit</strong></span> <span class='ocrx_word' id='word_1_330' title='bbox 525 4225 669 4293; x_wconf 91' lang='lat' dir='ltr'><strong>pacis</strong></span> <span class='ocrx_word' id='word_1_331' title='bbox 694 4227 882 4290; x_wconf 88' lang='lat' dir='ltr'><strong>virtus,</strong></span> <span class='ocrx_word' id='word_1_332' title='bbox 914 4226 1229 4282; x_wconf 81' lang='lat' dir='ltr'><strong>cliarissime</strong></span> <span class='ocrx_word' id='word_1_333' title='bbox 1257 4227 1442 4298; x_wconf 77' lang='lat' dir='ltr'><strong>frater,</strong></span> <span class='ocrx_word' id='word_1_334' title='bbox 1475 4245 1540 4286; x_wconf 83' lang='lat' dir='ltr'><strong>ex</strong></span> <span class='ocrx_word' id='word_1_335' title='bbox 1570 4247 1700 4289; x_wconf 88' lang='lat' dir='ltr'><strong>voce</strong></span> 
     </span>
    </p>
   </div>
   <div class='ocr_carea' id='block_1_46' title="bbox 103 4312 1699 4388">
    <p class='ocr_par' dir='ltr' id='par_1_46' title="bbox 103 4312 1699 4388">
     <span class='ocr_line' id='line_1_46' title="bbox 103 4312 1699 4388; baseline 0.007 -20"><span class='ocrx_word' id='word_1_336' title='bbox 103 4312 378 4368; x_wconf 89' lang='lat' dir='ltr'><strong>dominica</strong></span> <span class='ocrx_word' id='word_1_337' title='bbox 406 4313 715 4384; x_wconf 87' lang='lat' dir='ltr'><strong>diligentius</strong></span> <span class='ocrx_word' id='word_1_338' title='bbox 736 4316 1026 4385; x_wconf 86' lang='lat' dir='ltr'><strong>intuentes,</strong></span> <span class='ocrx_word' id='word_1_339' title='bbox 1049 4334 1167 4388; x_wconf 70' lang='lat' dir='ltr'><strong>quae</strong></span> <span class='ocrx_word' id='word_1_340' title='bbox 1189 4319 1261 4374; x_wconf 90' lang='lat' dir='ltr'><strong>ait</strong></span> <span class='ocrx_word' id='word_1_341' title='bbox 1288 4338 1299 4372; x_wconf 87' lang='lat'><strong>:</strong></span> <span class='ocrx_word' id='word_1_342' title='bbox 1325 4319 1514 4376; x_wconf 86' lang='lat' dir='ltr'><strong>Pacem</strong></span> <span class='ocrx_word' id='word_1_343' title='bbox 1535 4341 1699 4379; x_wconf 68' lang='lat' dir='ltr'><strong>meam</strong></span> 
     </span>
    </p>
   </div>
   <div class='ocr_carea' id='block_1_47' title="bbox 99 4407 1698 4482">
    <p class='ocr_par' dir='ltr' id='par_1_47' title="bbox 99 4407 1698 4482">
     <span class='ocr_line' id='line_1_47' title="bbox 99 4407 1698 4482; baseline 0.01 -23"><span class='ocrx_word' id='word_1_344' title='bbox 99 4408 179 4460; x_wconf 87' lang='lat' dir='ltr'><strong>do</strong></span> <span class='ocrx_word' id='word_1_345' title='bbox 209 4407 347 4461; x_wconf 83' lang='lat' dir='ltr'><strong>vobis</strong></span> <span class='ocrx_word' id='word_1_346' title='bbox 381 4408 560 4478; x_wconf 86' lang='lat' dir='ltr'><strong>(Joan.</strong></span> <span class='ocrx_word' id='word_1_347' title='bbox 593 4426 704 4477; x_wconf 81' lang='lat' dir='ltr'><strong>xlv,</strong></span> <span class='ocrx_word' id='word_1_348' title='bbox 738 4411 831 4482; x_wconf 75' lang='grc'><strong>27)</strong></span> <span class='ocrx_word' id='word_1_349' title='bbox 853 4450 868 4478; x_wconf 92' lang='grc'><em>,</em></span> <span class='ocrx_word' id='word_1_350' title='bbox 896 4411 967 4466; x_wconf 88' lang='lat' dir='ltr'><strong>ita</strong></span> <span class='ocrx_word' id='word_1_351' title='bbox 997 4413 1049 4466; x_wconf 94' lang='lat' dir='ltr'><strong>in</strong></span> <span class='ocrx_word' id='word_1_352' title='bbox 1080 4413 1195 4482; x_wconf 87' lang='lat' dir='ltr'><strong>ejus</strong></span> <span class='ocrx_word' id='word_1_353' title='bbox 1224 4429 1321 4469; x_wconf 92' lang='lat' dir='ltr'><strong>nos</strong></span> <span class='ocrx_word' id='word_1_354' title='bbox 1349 4415 1504 4471; x_wconf 87' lang='lat' dir='ltr'><strong>decet</strong></span> <span class='ocrx_word' id='word_1_355' title='bbox 1529 4419 1698 4474; x_wconf 92' lang='lat' dir='ltr'><strong>dilec-</strong></span> 
     </span>
    </p>
   </div>
   <div class='ocr_carea' id='block_1_48' title="bbox 99 4498 1698 4570">
    <p class='ocr_par' dir='ltr' id='par_1_48' title="bbox 99 4498 1698 4570">
     <span class='ocr_line' id='line_1_48' title="bbox 99 4498 1698 4570; baseline 0.008 -20"><span class='ocrx_word' id='word_1_356' title='bbox 99 4498 255 4551; x_wconf 89' lang='lat' dir='ltr'><strong>tione</strong></span> <span class='ocrx_word' id='word_1_357' title='bbox 289 4499 610 4567; x_wconf 88' lang='lat' dir='ltr'><strong>persistere,</strong></span> <span class='ocrx_word' id='word_1_358' title='bbox 660 4509 718 4554; x_wconf 93' lang='lat' dir='ltr'><strong>ut</strong></span> <span class='ocrx_word' id='word_1_359' title='bbox 761 4500 936 4556; x_wconf 90' lang='lat' dir='ltr'><strong>locum</strong></span> <span class='ocrx_word' id='word_1_360' title='bbox 971 4503 1211 4570; x_wconf 67' lang='lat' dir='ltr'><strong>praebere</strong></span> <span class='ocrx_word' id='word_1_361' title='bbox 1241 4505 1524 4562; x_wconf 71' lang='lat' dir='ltr'><strong>discordiae</strong></span> <span class='ocrx_word' id='word_1_362' title='bbox 1553 4509 1698 4564; x_wconf 93' lang='lat' dir='ltr'><strong>nullo</strong></span> 
     </span>
    </p>
   </div>
   <div class='ocr_carea' id='block_1_49' title="bbox 1803 525 3386 607">
    <p class='ocr_par' dir='ltr' id='par_1_49' title="bbox 1803 525 3386 607">
     <span class='ocr_line' id='line_1_49' title="bbox 1803 525 3386 607; baseline 0.013 -28"><span class='ocrx_word' id='word_1_363' title='bbox 1803 525 1938 594; x_wconf 89' lang='lat' dir='ltr'><strong>pede</strong></span> <span class='ocrx_word' id='word_1_364' title='bbox 1959 528 2246 595; x_wconf 85' lang='lat' dir='ltr'><strong>calcantes,</strong></span> <span class='ocrx_word' id='word_1_365' title='bbox 2274 535 2507 600; x_wconf 85' lang='lat' dir='ltr'><strong>perversi</strong></span> <span class='ocrx_word' id='word_1_366' title='bbox 2534 534 2892 607; x_wconf 72' lang='lat' dir='ltr'><strong>“superbique</strong></span> <span class='ocrx_word' id='word_1_367' title='bbox 2910 539 3154 596; x_wconf 87' lang='lat' dir='ltr'><strong>vocabuli</strong></span> <span class='ocrx_word' id='word_1_368' title='bbox 3175 540 3204 580; x_wconf 67' lang='grc' dir='ltr'>δ</span> <span class='ocrx_word' id='word_1_369' title='bbox 3229 557 3386 599; x_wconf 81' lang='lat' dir='ltr'><strong>scan-</strong></span> 
     </span>
    </p>
   </div>
   <div class='ocr_carea' id='block_1_50' title="bbox 1801 617 3384 706">
    <p class='ocr_par' dir='ltr' id='par_1_50' title="bbox 1801 617 3384 706">
     <span class='ocr_line' id='line_1_50' title="bbox 1801 617 3384 706; baseline 0.013 -36"><span class='ocrx_word' id='word_1_370' title='bbox 1801 617 1980 673; x_wconf 91' lang='lat' dir='ltr'><strong>dalum</strong></span> <span class='ocrx_word' id='word_1_371' title='bbox 2010 621 2262 677; x_wconf 67' lang='lat' dir='ltr'><strong>Ecclesiae</strong></span> <span class='ocrx_word' id='word_1_372' title='bbox 2289 626 2499 680; x_wconf 80' lang='lat' dir='ltr'><strong>auferre</strong></span> <span class='ocrx_word' id='word_1_373' title='bbox 2525 627 2592 682; x_wconf 93' lang='lat' dir='ltr'><strong>de</strong></span> <span class='ocrx_word' id='word_1_374' title='bbox 2614 629 2790 684; x_wconf 89' lang='lat' dir='ltr'><strong>medio</strong></span> <span class='ocrx_word' id='word_1_375' title='bbox 2818 626 3108 702; x_wconf 81' lang='lat' dir='ltr'><strong>festinetis,</strong></span> <span class='ocrx_word' id='word_1_376' title='bbox 3147 648 3215 690; x_wconf 88' lang='lat' dir='ltr'><strong>ne</strong></span> <span class='ocrx_word' id='word_1_377' title='bbox 3235 652 3264 690; x_wconf 92' lang='lat' dir='ltr'><strong>a</strong></span> <span class='ocrx_word' id='word_1_378' title='bbox 3289 653 3384 706; x_wconf 80' lang='lat' dir='ltr'><strong>pa-</strong></span> 
     </span>
    </p>
   </div>
   <div class='ocr_carea' id='block_1_51' title="bbox 1803 709 3383 791">
    <p class='ocr_par' dir='ltr' id='par_1_51' title="bbox 1803 709 3383 791">
     <span class='ocr_line' id='line_1_51' title="bbox 1803 709 3383 791; baseline 0.011 -27"><span class='ocrx_word' id='word_1_379' title='bbox 1803 709 1883 764; x_wconf 90' lang='lat' dir='ltr'><strong>cis</strong></span> <span class='ocrx_word' id='word_1_380' title='bbox 1912 721 2110 767; x_wconf 61' lang='lat' dir='ltr'><strong>nostra:</strong></span> <span class='ocrx_word' id='word_1_381' title='bbox 2141 715 2403 772; x_wconf 90' lang='lat' dir='ltr'><strong>societate</strong></span> <span class='ocrx_word' id='word_1_382' title='bbox 2424 717 2581 774; x_wconf 83' lang='lat' dir='ltr'><strong>divisi</strong></span> <span class='ocrx_word' id='word_1_383' title='bbox 2604 720 2826 776; x_wconf 89' lang='lat' dir='ltr'><strong>inveniri</strong></span> <span class='ocrx_word' id='word_1_384' title='bbox 2851 725 3084 791; x_wconf 89' lang='lat' dir='ltr'><strong>possitis.</strong></span> <span class='ocrx_word' id='word_1_385' title='bbox 3117 725 3222 782; x_wconf 90' lang='lat' dir='ltr'><strong>Sed</strong></span> <span class='ocrx_word' id='word_1_386' title='bbox 3245 743 3383 783; x_wconf 89' lang='lat' dir='ltr'><strong>unus</strong></span> 
     </span>
    </p>
   </div>
   <div class='ocr_carea' id='block_1_52' title="bbox 1800 800 3384 885">
    <p class='ocr_par' dir='ltr' id='par_1_52' title="bbox 1800 800 3384 885">
     <span class='ocr_line' id='line_1_52' title="bbox 1800 800 3384 885; baseline 0.009 -29"><span class='ocrx_word' id='word_1_387' title='bbox 1800 800 1854 856; x_wconf 91' lang='lat' dir='ltr'><strong>in</strong></span> <span class='ocrx_word' id='word_1_388' title='bbox 1886 803 2038 859; x_wconf 89' lang='lat' dir='ltr'><strong>nobis</strong></span> <span class='ocrx_word' id='word_1_389' title='bbox 2074 805 2322 875; x_wconf 88' lang='lat' dir='ltr'><strong>spiritus,</strong></span> <span class='ocrx_word' id='word_1_390' title='bbox 2371 824 2474 865; x_wconf 88' lang='lat' dir='ltr'><strong>una</strong></span> <span class='ocrx_word' id='word_1_391' title='bbox 2513 826 2695 878; x_wconf 91' lang='lat' dir='ltr'><strong>mens,</strong></span> <span class='ocrx_word' id='word_1_392' title='bbox 2744 829 2846 868; x_wconf 90' lang='lat' dir='ltr'><strong>una</strong></span> <span class='ocrx_word' id='word_1_393' title='bbox 2890 815 3152 885; x_wconf 88' lang='lat' dir='ltr'><strong>charitas,</strong></span> <span class='ocrx_word' id='word_1_394' title='bbox 3195 833 3300 873; x_wconf 91' lang='lat' dir='ltr'><strong>una</strong></span> <span class='ocrx_word' id='word_1_395' title='bbox 3331 820 3384 872; x_wconf 93' lang='lat' dir='ltr'><strong>in</strong></span> 
     </span>
    </p>
   </div>
   <div class='ocr_carea' id='block_1_53' title="bbox 1798 891 3384 977">
    <p class='ocr_par' dir='ltr' id='par_1_53' title="bbox 1798 891 3384 977">
     <span class='ocr_line' id='line_1_53' title="bbox 1798 891 3384 977; baseline 0.011 -32"><span class='ocrx_word' id='word_1_396' title='bbox 1798 891 2038 962; x_wconf 87' lang='lat' dir='ltr'><strong>Christo,</strong></span> <span class='ocrx_word' id='word_1_397' title='bbox 2065 897 2152 964; x_wconf 90' lang='lat' dir='ltr'><strong>qui</strong></span> <span class='ocrx_word' id='word_1_398' title='bbox 2175 911 2268 952; x_wconf 91' lang='lat' dir='ltr'><strong>sua</strong></span> <span class='ocrx_word' id='word_1_399' title='bbox 2292 901 2530 955; x_wconf 88' lang='lat' dir='ltr'><strong>membra</strong></span> <span class='ocrx_word' id='word_1_400' title='bbox 2555 916 2676 958; x_wconf 87' lang='lat' dir='ltr'><strong>esse</strong></span> <span class='ocrx_word' id='word_1_401' title='bbox 2697 917 2794 958; x_wconf 95' lang='lat' dir='ltr'><strong>nos</strong></span> <span class='ocrx_word' id='word_1_402' title='bbox 2815 904 3006 971; x_wconf 82' lang='lat' dir='ltr'><strong>voluit,</strong></span> <span class='ocrx_word' id='word_1_403' title='bbox 3030 908 3101 961; x_wconf 83' lang='lat' dir='ltr'><strong>sit</strong></span> <span class='ocrx_word' id='word_1_404' title='bbox 3125 921 3384 977; x_wconf 89' lang='lat' dir='ltr'><strong>compago</strong></span> 
     </span>
    </p>
   </div>
   <div class='ocr_carea' id='block_1_54' title="bbox 1799 987 3385 1069">
    <p class='ocr_par' dir='ltr' id='par_1_54' title="bbox 1799 987 3385 1069">
     <span class='ocr_line' id='line_1_54' title="bbox 1799 987 3385 1069; baseline 0.01 -29"><span class='ocrx_word' id='word_1_405' title='bbox 1799 987 2126 1042; x_wconf 65' lang='lat' dir='ltr'><strong>concordiae.</strong></span> <span class='ocrx_word' id='word_1_406' title='bbox 2159 987 2289 1043; x_wconf 85' lang='lat' dir='ltr'><strong>Nam</strong></span> <span class='ocrx_word' id='word_1_407' title='bbox 2319 1007 2477 1061; x_wconf 89' lang='lat' dir='ltr'><strong>quam</strong></span> <span class='ocrx_word' id='word_1_408' title='bbox 2500 993 2714 1062; x_wconf 90' lang='lat' dir='ltr'><strong>durum,</strong></span> <span class='ocrx_word' id='word_1_409' title='bbox 2738 1011 2896 1065; x_wconf 89' lang='lat' dir='ltr'><strong>quam</strong></span> <span class='ocrx_word' id='word_1_410' title='bbox 2923 996 3200 1066; x_wconf 89' lang='lat' dir='ltr'><strong>indecens,</strong></span> <span class='ocrx_word' id='word_1_411' title='bbox 3222 1013 3385 1069; x_wconf 88' lang='lat' dir='ltr'><strong>quam</strong></span> 
     </span>
    </p>
   </div>
   <div class='ocr_carea' id='block_1_55' title="bbox 1798 1076 3382 1154">
    <p class='ocr_par' dir='ltr' id='par_1_55' title="bbox 1798 1076 3382 1154">
     <span class='ocr_line' id='line_1_55' title="bbox 1798 1076 3382 1154; baseline 0.013 -25"><span class='ocrx_word' id='word_1_412' title='bbox 1798 1076 2046 1145; x_wconf 90' lang='lat' dir='ltr'><strong>crudele,</strong></span> <span class='ocrx_word' id='word_1_413' title='bbox 2087 1094 2353 1150; x_wconf 89' lang='lat' dir='ltr'><strong>quamque</strong></span> <span class='ocrx_word' id='word_1_414' title='bbox 2393 1099 2422 1137; x_wconf 89' lang='lat' dir='ltr'><strong>a</strong></span> <span class='ocrx_word' id='word_1_415' title='bbox 2473 1087 2745 1154; x_wconf 91' lang='lat' dir='ltr'><strong>proposito</strong></span> <span class='ocrx_word' id='word_1_416' title='bbox 2779 1089 2849 1142; x_wconf 83' lang='lat' dir='ltr'><strong>sit</strong></span> <span class='ocrx_word' id='word_1_417' title='bbox 2875 1090 3168 1145; x_wconf 87' lang='lat' dir='ltr'><strong>sacerdotis</strong></span> <span class='ocrx_word' id='word_1_418' title='bbox 3197 1101 3382 1148; x_wconf 84' lang='lat' dir='ltr'><strong>extra-</strong></span> 
     </span>
    </p>
   </div>
   <div class='ocr_carea' id='block_1_56' title="bbox 1797 1171 3383 1253">
    <p class='ocr_par' dir='ltr' id='par_1_56' title="bbox 1797 1171 3383 1253">
     <span class='ocr_line' id='line_1_56' title="bbox 1797 1171 3383 1253; baseline 0.011 -31"><span class='ocrx_word' id='word_1_419' title='bbox 1797 1182 1959 1224; x_wconf 87' lang='lat' dir='ltr'><strong>neum</strong></span> <span class='ocrx_word' id='word_1_420' title='bbox 1993 1171 2141 1226; x_wconf 89' lang='lat' dir='ltr'><strong>illum</strong></span> <span class='ocrx_word' id='word_1_421' title='bbox 2171 1188 2355 1243; x_wconf 87' lang='lat' dir='ltr'><strong>pacem</strong></span> <span class='ocrx_word' id='word_1_422' title='bbox 2386 1191 2545 1246; x_wconf 89' lang='lat' dir='ltr'><strong>quam</strong></span> <span class='ocrx_word' id='word_1_423' title='bbox 2571 1178 2690 1233; x_wconf 90' lang='lat' dir='ltr'><strong>aliis</strong></span> <span class='ocrx_word' id='word_1_424' title='bbox 2720 1181 2975 1248; x_wconf 67' lang='lat' dir='ltr'><strong>prmdicat</strong></span> <span class='ocrx_word' id='word_1_425' title='bbox 3003 1198 3109 1238; x_wconf 94' lang='lat' dir='ltr'><strong>non</strong></span> <span class='ocrx_word' id='word_1_426' title='bbox 3137 1183 3338 1239; x_wconf 89' lang='lat' dir='ltr'><strong>habere</strong></span> <span class='ocrx_word' id='word_1_427' title='bbox 3361 1223 3383 1253; x_wconf 89' lang='lat'><strong>,</strong></span> 
     </span>
    </p>
   </div>
   <div class='ocr_carea' id='block_1_57' title="bbox 1798 1263 3381 1345">
    <p class='ocr_par' dir='ltr' id='par_1_57' title="bbox 1798 1263 3381 1345">
     <span class='ocr_line' id='line_1_57' title="bbox 1798 1263 3381 1345; baseline 0.011 -28"><span class='ocrx_word' id='word_1_428' title='bbox 1798 1263 2052 1320; x_wconf 86' lang='lat' dir='ltr'><strong>sanctitas</strong></span> <span class='ocrx_word' id='word_1_429' title='bbox 2076 1277 2250 1321; x_wconf 88' lang='lat' dir='ltr'><strong>vestra</strong></span> <span class='ocrx_word' id='word_1_430' title='bbox 2277 1270 2586 1325; x_wconf 88' lang='lat' dir='ltr'><strong>consideret</strong></span> <span class='ocrx_word' id='word_1_431' title='bbox 2613 1314 2625 1337; x_wconf 95' lang='lat'><strong>,</strong></span> <span class='ocrx_word' id='word_1_432' title='bbox 2658 1279 2713 1327; x_wconf 89' lang='lat' dir='ltr'><strong>et</strong></span> <span class='ocrx_word' id='word_1_433' title='bbox 2744 1287 2867 1328; x_wconf 88' lang='lat' dir='ltr'><strong>suos</strong></span> <span class='ocrx_word' id='word_1_434' title='bbox 2897 1274 2964 1328; x_wconf 89' lang='lat' dir='ltr'><strong>de</strong></span> <span class='ocrx_word' id='word_1_435' title='bbox 2992 1275 3242 1345; x_wconf 79' lang='lat' dir='ltr'><strong>superbia</strong></span> <span class='ocrx_word' id='word_1_436' title='bbox 3273 1276 3381 1333; x_wconf 81' lang='lat' dir='ltr'><strong>fra-</strong></span> 
     </span>
    </p>
   </div>
   <div class='ocr_carea' id='block_1_58' title="bbox 1799 1358 3382 1440">
    <p class='ocr_par' dir='ltr' id='par_1_58' title="bbox 1799 1358 3382 1440">
     <span class='ocr_line' id='line_1_58' title="bbox 1799 1358 3382 1440; baseline 0.011 -32"><span class='ocrx_word' id='word_1_437' title='bbox 1799 1365 1908 1410; x_wconf 92' lang='lat' dir='ltr'><strong>tres</strong></span> <span class='ocrx_word' id='word_1_438' title='bbox 1936 1358 2298 1416; x_wconf 82' lang='lat' dir='ltr'><strong>scandalizare</strong></span> <span class='ocrx_word' id='word_1_439' title='bbox 2328 1364 2614 1418; x_wconf 89' lang='lat' dir='ltr'><strong>abstineat.</strong></span> <span class='ocrx_word' id='word_1_440' title='bbox 2647 1366 2752 1421; x_wconf 91' lang='lat' dir='ltr'><strong>Sed</strong></span> <span class='ocrx_word' id='word_1_441' title='bbox 2787 1367 2900 1422; x_wconf 68' lang='lat' dir='ltr'><strong>haec</strong></span> <span class='ocrx_word' id='word_1_442' title='bbox 2933 1369 3101 1440; x_wconf 92' lang='lat' dir='ltr'><strong>magis</strong></span> <span class='ocrx_word' id='word_1_443' title='bbox 3132 1371 3382 1439; x_wconf 84' lang='lat' dir='ltr'><strong>studeat,</strong></span> 
     </span>
    </p>
   </div>
   <div class='ocr_carea' id='block_1_59' title="bbox 1797 1453 3383 1520">
    <p class='ocr_par' dir='ltr' id='par_1_59' title="bbox 1797 1453 3383 1520">
     <span class='ocr_line' id='line_1_59' title="bbox 1797 1453 3383 1520; baseline 0.011 -20"><span class='ocrx_word' id='word_1_444' title='bbox 1797 1456 1854 1501; x_wconf 92' lang='lat' dir='ltr'><strong>ut</strong></span> <span class='ocrx_word' id='word_1_445' title='bbox 1885 1463 2034 1504; x_wconf 70' lang='lat' dir='ltr'><strong>vanm</strong></span> <span class='ocrx_word' id='word_1_446' title='bbox 2061 1465 2124 1506; x_wconf 92' lang='lat' dir='ltr'><strong>ac</strong></span> <span class='ocrx_word' id='word_1_447' title='bbox 2151 1453 2440 1520; x_wconf 72' lang='lat' dir='ltr'><strong>superﬂua:</strong></span> <span class='ocrx_word' id='word_1_448' title='bbox 2470 1456 2718 1511; x_wconf 87' lang='lat' dir='ltr'><strong>elationis</strong></span> <span class='ocrx_word' id='word_1_449' title='bbox 2747 1469 3024 1514; x_wconf 92' lang='lat' dir='ltr'><strong>auctorem</strong></span> <span class='ocrx_word' id='word_1_450' title='bbox 3067 1462 3383 1517; x_wconf 82' lang='lat' dir='ltr'><strong>humilitatis</strong></span> 
     </span>
    </p>
   </div>
   <div class='ocr_carea' id='block_1_60' title="bbox 1795 1551 3384 1620">
    <p class='ocr_par' dir='ltr' id='par_1_60' title="bbox 1795 1551 3384 1620">
     <span class='ocr_line' id='line_1_60' title="bbox 1795 1551 3384 1620; baseline 0.009 -26"><span class='ocrx_word' id='word_1_451' title='bbox 1795 1551 1955 1610; x_wconf 91' lang='lat' dir='ltr'><strong>queat</strong></span> <span class='ocrx_word' id='word_1_452' title='bbox 1982 1558 2112 1598; x_wconf 88' lang='lat' dir='ltr'><strong>ense</strong></span> <span class='ocrx_word' id='word_1_453' title='bbox 2143 1557 2508 1612; x_wconf 86' lang='lat' dir='ltr'><strong>prosternere,</strong></span> <span class='ocrx_word' id='word_1_454' title='bbox 2541 1556 2802 1616; x_wconf 89' lang='lat' dir='ltr'><strong>quatenus</strong></span> <span class='ocrx_word' id='word_1_455' title='bbox 2830 1552 2882 1605; x_wconf 92' lang='lat' dir='ltr'><strong>in</strong></span> <span class='ocrx_word' id='word_1_456' title='bbox 2917 1552 3183 1620; x_wconf 88' lang='lat' dir='ltr'><strong>ejusmodi</strong></span> <span class='ocrx_word' id='word_1_457' title='bbox 3214 1553 3384 1608; x_wconf 87' lang='lat' dir='ltr'><strong>victo-</strong></span> 
     </span>
    </p>
   </div>
   <div class='ocr_carea' id='block_1_61' title="bbox 1795 1633 3385 1714">
    <p class='ocr_par' dir='ltr' id='par_1_61' title="bbox 1795 1633 3385 1714">
     <span class='ocr_line' id='line_1_61' title="bbox 1795 1633 3385 1714; baseline 0.009 -27"><span class='ocrx_word' id='word_1_458' title='bbox 1795 1633 1874 1687; x_wconf 92' lang='lat' dir='ltr'><strong>ria</strong></span> <span class='ocrx_word' id='word_1_459' title='bbox 1906 1649 2060 1688; x_wconf 89' lang='lat' dir='ltr'><strong>suum</strong></span> <span class='ocrx_word' id='word_1_460' title='bbox 2093 1649 2185 1690; x_wconf 88' lang='lat' dir='ltr'><strong>vos</strong></span> <span class='ocrx_word' id='word_1_461' title='bbox 2215 1637 2572 1693; x_wconf 86' lang='lat' dir='ltr'><strong>habitaculum</strong></span> <span class='ocrx_word' id='word_1_462' title='bbox 2600 1642 2775 1696; x_wconf 89' lang='lat' dir='ltr'><strong>sancti</strong></span> <span class='ocrx_word' id='word_1_463' title='bbox 2814 1641 3043 1712; x_wconf 89' lang='lat' dir='ltr'><strong>Spiritus</strong></span> <span class='ocrx_word' id='word_1_464' title='bbox 3085 1644 3255 1714; x_wconf 88' lang='lat' dir='ltr'><strong>gratia</strong></span> <span class='ocrx_word' id='word_1_465' title='bbox 3280 1644 3385 1700; x_wconf 85' lang='lat' dir='ltr'><strong>sibi</strong></span> 
     </span>
    </p>
   </div>
   <div class='ocr_carea' id='block_1_62' title="bbox 1795 1724 3382 1807">
    <p class='ocr_par' dir='ltr' id='par_1_62' title="bbox 1795 1724 3382 1807">
     <span class='ocr_line' id='line_1_62' title="bbox 1795 1724 3382 1807; baseline 0.008 -28"><span class='ocrx_word' id='word_1_466' title='bbox 1795 1724 2056 1791; x_wconf 80' lang='lat' dir='ltr'><strong>vindicet,</strong></span> <span class='ocrx_word' id='word_1_467' title='bbox 2087 1737 2140 1782; x_wconf 90' lang='lat' dir='ltr'><strong>et</strong></span> <span class='ocrx_word' id='word_1_468' title='bbox 2167 1740 2354 1798; x_wconf 87' lang='lat' dir='ltr'><strong>aperte</strong></span> <span class='ocrx_word' id='word_1_469' title='bbox 2384 1731 2664 1800; x_wconf 88' lang='lat' dir='ltr'><strong>impleatur</strong></span> <span class='ocrx_word' id='word_1_470' title='bbox 2685 1735 2738 1788; x_wconf 91' lang='lat' dir='ltr'><strong>in</strong></span> <span class='ocrx_word' id='word_1_471' title='bbox 2771 1735 2922 1790; x_wconf 89' lang='lat' dir='ltr'><strong>vobis</strong></span> <span class='ocrx_word' id='word_1_472' title='bbox 2953 1736 3098 1807; x_wconf 91' lang='lat' dir='ltr'><strong>quod</strong></span> <span class='ocrx_word' id='word_1_473' title='bbox 3120 1738 3382 1806; x_wconf 88' lang='lat' dir='ltr'><strong>scriptum</strong></span> 
     </span>
    </p>
   </div>
   <div class='ocr_carea' id='block_1_63' title="bbox 1721 1819 3384 1906">
    <p class='ocr_par' dir='ltr' id='par_1_63' title="bbox 1721 1819 3384 1906">
     <span class='ocr_line' id='line_1_63' title="bbox 1721 1819 3384 1906; baseline 0.007 -34"><span class='ocrx_word' id='word_1_474' title='bbox 1721 1844 1770 1906; x_wconf 79' lang='grc' dir='ltr'><strong>Β</strong></span> <span class='ocrx_word' id='word_1_475' title='bbox 1795 1827 1919 1874; x_wconf 88' lang='lat' dir='ltr'><strong>est:</strong></span> <span class='ocrx_word' id='word_1_476' title='bbox 1952 1819 2223 1893; x_wconf 84' lang='lat' dir='ltr'><strong>Templum</strong></span> <span class='ocrx_word' id='word_1_477' title='bbox 2270 1822 2367 1878; x_wconf 87' lang='lat' dir='ltr'><strong>Dei</strong></span> <span class='ocrx_word' id='word_1_478' title='bbox 2397 1835 2629 1880; x_wconf 82' lang='lat' dir='ltr'><strong>sanctum</strong></span> <span class='ocrx_word' id='word_1_479' title='bbox 2667 1836 2742 1882; x_wconf 85' lang='lat' dir='ltr'><strong>est</strong></span> <span class='ocrx_word' id='word_1_480' title='bbox 2765 1868 2782 1896; x_wconf 90' lang='lat'><strong>,</strong></span> <span class='ocrx_word' id='word_1_481' title='bbox 2821 1829 2957 1898; x_wconf 88' lang='lat' dir='ltr'><strong>quod</strong></span> <span class='ocrx_word' id='word_1_482' title='bbox 2997 1831 3120 1883; x_wconf 81' lang='lat' dir='ltr'><strong>estis</strong></span> <span class='ocrx_word' id='word_1_483' title='bbox 3162 1844 3250 1883; x_wconf 80' lang='lat' dir='ltr'><strong>vos</strong></span> <span class='ocrx_word' id='word_1_484' title='bbox 3290 1827 3384 1899; x_wconf 90' lang='lat' dir='ltr'><strong>(II</strong></span> 
     </span>
    </p>
   </div>
   <div class='ocr_carea' id='block_1_64' title="bbox 1802 1908 2967 1984">
    <p class='ocr_par' dir='ltr' id='par_1_64' title="bbox 1802 1908 2967 1984">
     <span class='ocr_line' id='line_1_64' title="bbox 1802 1908 2967 1984; baseline 0.007 -20"><span class='ocrx_word' id='word_1_485' title='bbox 1802 1908 1921 1966; x_wconf 88' lang='lat' dir='ltr'><strong>Cor.</strong></span> <span class='ocrx_word' id='word_1_486' title='bbox 1952 1913 2176 1984; x_wconf 76' lang='lat' dir='ltr'><strong>vt,i7).</strong></span> <span class='ocrx_word' id='word_1_487' title='bbox 2814 1967 2818 1971; x_wconf 83' lang='lat'><strong>.</strong></span> <span class='ocrx_word' id='word_1_488' title='bbox 2892 1963 2894 1966; x_wconf 48' lang='grc' dir='ltr'><strong><em>τ</em></strong></span> <span class='ocrx_word' id='word_1_489' title='bbox 2963 1977 2967 1981; x_wconf 60' lang='grc'><strong>,</strong></span> 
     </span>
    </p>
   </div>
   <div class='ocr_carea' id='block_1_65' title="bbox 1870 2003 3385 2079">
    <p class='ocr_par' dir='ltr' id='par_1_65' title="bbox 1870 2003 3385 2079">
     <span class='ocr_line' id='line_1_65' title="bbox 1870 2003 3385 2079; baseline 0.011 -21"><span class='ocrx_word' id='word_1_490' title='bbox 1870 2003 2225 2061; x_wconf 69' lang='grc' dir='ltr'><strong>Ρτωεεηιὶυιη</strong></span> <span class='ocrx_word' id='word_1_491' title='bbox 2259 2023 2389 2064; x_wconf 87' lang='lat' dir='ltr'><strong>vero</strong></span> <span class='ocrx_word' id='word_1_492' title='bbox 2423 2012 2737 2079; x_wconf 88' lang='lat' dir='ltr'><strong>portitorem</strong></span> <span class='ocrx_word' id='word_1_493' title='bbox 2778 2014 3183 2072; x_wconf 87' lang='lat' dir='ltr'><strong>dilectissimum</strong></span> <span class='ocrx_word' id='word_1_494' title='bbox 3230 2030 3385 2074; x_wconf 89' lang='lat' dir='ltr'><strong>com-</strong></span> 
     </span>
    </p>
   </div>
   <div class='ocr_carea' id='block_1_66' title="bbox 1798 2099 3384 2178">
    <p class='ocr_par' dir='ltr' id='par_1_66' title="bbox 1798 2099 3384 2178">
     <span class='ocr_line' id='line_1_66' title="bbox 1798 2099 3384 2178; baseline 0.011 -29"><span class='ocrx_word' id='word_1_495' title='bbox 1798 2111 2014 2152; x_wconf 88' lang='lat' dir='ltr'><strong>munem</strong></span> <span class='ocrx_word' id='word_1_496' title='bbox 2051 2099 2217 2154; x_wconf 82' lang='lat' dir='ltr'><strong>tilium</strong></span> <span class='ocrx_word' id='word_1_497' title='bbox 2254 2101 2586 2158; x_wconf 81' lang='lat' dir='ltr'><strong>Bonifacium</strong></span> <span class='ocrx_word' id='word_1_498' title='bbox 2619 2108 2904 2178; x_wconf 86' lang='lat' dir='ltr'><strong>diaconum</strong></span> <span class='ocrx_word' id='word_1_499' title='bbox 2943 2109 3094 2166; x_wconf 87' lang='lat' dir='ltr'><strong>vobis</strong></span> <span class='ocrx_word' id='word_1_500' title='bbox 3122 2111 3176 2166; x_wconf 91' lang='lat' dir='ltr'><strong>in</strong></span> <span class='ocrx_word' id='word_1_501' title='bbox 3205 2113 3384 2167; x_wconf 85' lang='lat' dir='ltr'><strong>omni-</strong></span> 
     </span>
    </p>
   </div>
   <div class='ocr_carea' id='block_1_67' title="bbox 1797 2188 3383 2272">
    <p class='ocr_par' dir='ltr' id='par_1_67' title="bbox 1797 2188 3383 2272">
     <span class='ocr_line' id='line_1_67' title="bbox 1797 2188 3383 2272; baseline 0.01 -29"><span class='ocrx_word' id='word_1_502' title='bbox 1797 2188 1899 2244; x_wconf 87' lang='lat' dir='ltr'><strong>bus</strong></span> <span class='ocrx_word' id='word_1_503' title='bbox 1937 2193 2416 2264; x_wconf 84' lang='lat' dir='ltr'><strong>commendamus,</strong></span> <span class='ocrx_word' id='word_1_504' title='bbox 2461 2207 2517 2251; x_wconf 93' lang='lat' dir='ltr'><strong>ut</strong></span> <span class='ocrx_word' id='word_1_505' title='bbox 2565 2213 2884 2269; x_wconf 87' lang='lat' dir='ltr'><strong>quocunque</strong></span> <span class='ocrx_word' id='word_1_506' title='bbox 2931 2215 3154 2257; x_wconf 82' lang='lat' dir='ltr'><strong>necesse</strong></span> <span class='ocrx_word' id='word_1_507' title='bbox 3203 2203 3383 2272; x_wconf 80' lang='lat' dir='ltr'><strong>luerit,</strong></span> 
     </span>
    </p>
   </div>
   <div class='ocr_carea' id='block_1_68' title="bbox 1798 2284 3212 2357">
    <p class='ocr_par' dir='ltr' id='par_1_68' title="bbox 1798 2284 3212 2357">
     <span class='ocr_line' id='line_1_68' title="bbox 1798 2284 3212 2357; baseline 0.011 -20"><span class='ocrx_word' id='word_1_508' title='bbox 1798 2284 1988 2339; x_wconf 88' lang='lat' dir='ltr'><strong>solatia</strong></span> <span class='ocrx_word' id='word_1_509' title='bbox 2017 2294 2232 2357; x_wconf 63' lang='lat' dir='ltr'><strong>vestrm,</strong></span> <span class='ocrx_word' id='word_1_510' title='bbox 2260 2288 2398 2343; x_wconf 90' lang='lat' dir='ltr'><strong>sicut</strong></span> <span class='ocrx_word' id='word_1_511' title='bbox 2420 2290 2602 2355; x_wconf 89' lang='lat' dir='ltr'><strong>decet,</strong></span> <span class='ocrx_word' id='word_1_512' title='bbox 2633 2293 2871 2347; x_wconf 88' lang='lat' dir='ltr'><strong>inveniat</strong></span> <span class='ocrx_word' id='word_1_513' title='bbox 2896 2296 3212 2353; x_wconf 85' lang='lat' dir='ltr'><strong>sanctitatis.</strong></span> 
     </span>
    </p>
   </div>
   <div class='ocr_carea' id='block_1_69' title="bbox 2320 2380 2829 2440">
    <p class='ocr_par' dir='ltr' id='par_1_69' title="bbox 2320 2380 2829 2440">
     <span class='ocr_line' id='line_1_69' title="bbox 2320 2380 2829 2440; baseline 0.012 -6"><span class='ocrx_word' id='word_1_514' title='bbox 2320 2380 2652 2437; x_wconf 78' lang='lat' dir='ltr'><strong>EPISTULA</strong></span> <span class='ocrx_word' id='word_1_515' title='bbox 2694 2384 2829 2440; x_wconf 81' lang='lat' dir='ltr'><strong>XLI.</strong></span> 
     </span>
    </p>
   </div>
   <div class='ocr_carea' id='block_1_70' title="bbox 1958 2485 3206 2540">
    <p class='ocr_par' dir='ltr' id='par_1_70' title="bbox 1958 2485 3206 2540">
     <span class='ocr_line' id='line_1_70' title="bbox 1958 2485 3206 2540; baseline 0.011 -15"><span class='ocrx_word' id='word_1_516' title='bbox 1958 2487 2026 2525; x_wconf 69' lang='lat' dir='ltr'><strong>AD</strong></span> <span class='ocrx_word' id='word_1_517' title='bbox 2065 2485 2327 2527; x_wconf 70' lang='lat' dir='ltr'><strong>EULOGIUM</strong></span> <span class='ocrx_word' id='word_1_518' title='bbox 2366 2490 2774 2532; x_wconf 70' lang='lat' dir='ltr'><strong>ALEXANDRINUM</strong></span> <span class='ocrx_word' id='word_1_519' title='bbox 2815 2495 3206 2540; x_wconf 70' lang='lat' dir='ltr'><strong>PATRIABCEAH.</strong></span> 
     </span>
    </p>
   </div>
   <div class='ocr_carea' id='block_1_71' title="bbox 1944 2560 3236 2635">
    <p class='ocr_par' dir='ltr' id='par_1_71' title="bbox 1944 2560 3236 2635">
     <span class='ocr_line' id='line_1_71' title="bbox 1944 2560 3236 2635; baseline 0.013 -22"><span class='ocrx_word' id='word_1_520' title='bbox 1944 2560 2220 2635; x_wconf 85' lang='lat' dir='ltr'><strong>Eulogium</strong></span> <span class='ocrx_word' id='word_1_521' title='bbox 2249 2566 2316 2618; x_wconf 87' lang='lat' dir='ltr'><strong>ad</strong></span> <span class='ocrx_word' id='word_1_522' title='bbox 2345 2566 2614 2621; x_wconf 85' lang='lat' dir='ltr'><strong>simoniam</strong></span> <span class='ocrx_word' id='word_1_523' title='bbox 2637 2569 2953 2626; x_wconf 86' lang='lat' dir='ltr'><strong>evellendam</strong></span> <span class='ocrx_word' id='word_1_524' title='bbox 2983 2574 3236 2630; x_wconf 83' lang='lat' dir='ltr'><strong>hortatur.</strong></span> 
     </span>
    </p>
   </div>
   <div class='ocr_carea' id='block_1_72' title="bbox 1871 2654 3117 2730">
    <p class='ocr_par' dir='ltr' id='par_1_72' title="bbox 1871 2654 3117 2730">
     <span class='ocr_line' id='line_1_72' title="bbox 1871 2654 3117 2730; baseline 0.01 -20"><span class='ocrx_word' id='word_1_525' title='bbox 1871 2654 2162 2724; x_wconf 83' lang='lat' dir='ltr'><strong>Gregorius</strong></span> <span class='ocrx_word' id='word_1_526' title='bbox 2195 2657 2416 2727; x_wconf 84' lang='lat' dir='ltr'><strong>Eulogio</strong></span> <span class='ocrx_word' id='word_1_527' title='bbox 2445 2663 2702 2730; x_wconf 89' lang='lat' dir='ltr'><strong>episcopo</strong></span> <span class='ocrx_word' id='word_1_528' title='bbox 2730 2664 3117 2722; x_wconf 82' lang='lat' dir='ltr'><strong>Alexandrino.</strong></span> 
     </span>
    </p>
   </div>
   <div class='ocr_carea' id='block_1_73' title="bbox 1871 2748 3386 2819">
    <p class='ocr_par' dir='ltr' id='par_1_73' title="bbox 1871 2748 3386 2819">
     <span class='ocr_line' id='line_1_73' title="bbox 1871 2748 3386 2819; baseline 0.012 -18"><span class='ocrx_word' id='word_1_529' title='bbox 1871 2748 2111 2815; x_wconf 87' lang='lat' dir='ltr'><strong>Quadam</strong></span> <span class='ocrx_word' id='word_1_530' title='bbox 2151 2749 2240 2804; x_wconf 91' lang='lat' dir='ltr'><strong>die</strong></span> <span class='ocrx_word' id='word_1_531' title='bbox 2277 2751 2402 2804; x_wconf 90' lang='lat' dir='ltr'><strong>dum</strong></span> <span class='ocrx_word' id='word_1_532' title='bbox 2433 2751 2577 2807; x_wconf 89' lang='lat' dir='ltr'><strong>inter</strong></span> <span class='ocrx_word' id='word_1_533' title='bbox 2605 2769 2692 2808; x_wconf 90' lang='lat' dir='ltr'><strong>me</strong></span> <span class='ocrx_word' id='word_1_534' title='bbox 2719 2764 2773 2809; x_wconf 89' lang='lat' dir='ltr'><strong>et</strong></span> <span class='ocrx_word' id='word_1_535' title='bbox 2799 2754 3091 2812; x_wconf 80' lang='lat' dir='ltr'><strong>fatniliares</strong></span> <span class='ocrx_word' id='word_1_536' title='bbox 3126 2773 3277 2816; x_wconf 90' lang='lat' dir='ltr'><strong>meos</strong></span> <span class='ocrx_word' id='word_1_537' title='bbox 3317 2760 3386 2819; x_wconf 80' lang='lat' dir='ltr'><strong>de</strong></span> 
     </span>
    </p>
   </div>
   <div class='ocr_carea' id='block_1_74' title="bbox 1803 2841 3385 2923">
    <p class='ocr_par' dir='ltr' id='par_1_74' title="bbox 1803 2841 3385 2923">
     <span class='ocr_line' id='line_1_74' title="bbox 1803 2841 3385 2923; baseline 0.008 -28"><span class='ocrx_word' id='word_1_538' title='bbox 1803 2841 2282 2896; x_wconf 86' lang='lat' dir='ltr'><strong>consuetudinibus</strong></span> <span class='ocrx_word' id='word_1_539' title='bbox 2315 2842 2677 2898; x_wconf 86' lang='lat' dir='ltr'><strong>Ecclesiarum</strong></span> <span class='ocrx_word' id='word_1_540' title='bbox 2707 2860 2886 2901; x_wconf 89' lang='lat' dir='ltr'><strong>sermo</strong></span> <span class='ocrx_word' id='word_1_541' title='bbox 2912 2847 3099 2904; x_wconf 80' lang='lat' dir='ltr'><strong>fuisset</strong></span> <span class='ocrx_word' id='word_1_542' title='bbox 3126 2863 3385 2923; x_wconf 80' lang='lat' dir='ltr'><strong>exortus,</strong></span> 
     </span>
    </p>
   </div>
   <div class='ocr_carea' id='block_1_75' title="bbox 1800 2934 3388 3006">
    <p class='ocr_par' dir='ltr' id='par_1_75' title="bbox 1800 2934 3388 3006">
     <span class='ocr_line' id='line_1_75' title="bbox 1800 2934 3388 3006; baseline 0.01 -21"><span class='ocrx_word' id='word_1_543' title='bbox 1800 2934 2011 3001; x_wconf 85' lang='lat' dir='ltr'><strong>quidam</strong></span> <span class='ocrx_word' id='word_1_544' title='bbox 2039 2975 2055 2999; x_wconf 95' lang='lat'><strong>,</strong></span> <span class='ocrx_word' id='word_1_545' title='bbox 2085 2935 2172 3002; x_wconf 91' lang='lat' dir='ltr'><strong>qui</strong></span> <span class='ocrx_word' id='word_1_546' title='bbox 2217 2937 2267 2988; x_wconf 93' lang='lat' dir='ltr'><strong>in</strong></span> <span class='ocrx_word' id='word_1_547' title='bbox 2299 2950 2494 3006; x_wconf 89' lang='lat' dir='ltr'><strong>magna</strong></span> <span class='ocrx_word' id='word_1_548' title='bbox 2527 2939 2743 2993; x_wconf 87' lang='lat' dir='ltr'><strong>civitate</strong></span> <span class='ocrx_word' id='word_1_549' title='bbox 2771 2941 3132 2998; x_wconf 80' lang='lat' dir='ltr'><strong>Alexandrina</strong></span> <span class='ocrx_word' id='word_1_550' title='bbox 3162 2954 3184 2980; x_wconf 73' lang='grc'><strong>³</strong></span> <span class='ocrx_word' id='word_1_551' title='bbox 3218 2947 3388 3001; x_wconf 89' lang='lat' dir='ltr'><strong>medi-</strong></span> 
     </span>
    </p>
   </div>
   <div class='ocr_carea' id='block_1_76' title="bbox 1802 3028 3386 3108">
    <p class='ocr_par' dir='ltr' id='par_1_76' title="bbox 1802 3028 3386 3108">
     <span class='ocr_line' id='line_1_76' title="bbox 1802 3028 3386 3108; baseline 0.009 -29"><span class='ocrx_word' id='word_1_552' title='bbox 1802 3028 1988 3082; x_wconf 90' lang='lat' dir='ltr'><strong>cinalis</strong></span> <span class='ocrx_word' id='word_1_553' title='bbox 2017 3040 2132 3082; x_wconf 88' lang='lat' dir='ltr'><strong>arte</strong></span> <span class='ocrx_word' id='word_1_554' title='bbox 2162 3040 2277 3082; x_wconf 89' lang='lat' dir='ltr'><strong>erat</strong></span> <span class='ocrx_word' id='word_1_555' title='bbox 2307 3030 2539 3085; x_wconf 88' lang='lat' dir='ltr'><strong>imbutus</strong></span> <span class='ocrx_word' id='word_1_556' title='bbox 2567 3073 2582 3096; x_wconf 94' lang='lat'><strong>,</strong></span> <span class='ocrx_word' id='word_1_557' title='bbox 2619 3031 2646 3070; x_wconf 70' lang='grc' dir='ltr'><strong>ι’</strong></span> <span class='ocrx_word' id='word_1_558' title='bbox 2673 3033 3019 3088; x_wconf 83' lang='lat' dir='ltr'><strong>collectorem</strong></span> <span class='ocrx_word' id='word_1_559' title='bbox 3072 3037 3279 3108; x_wconf 66' lang='grc'><strong>1247</strong></span> <span class='ocrx_word' id='word_1_560' title='bbox 3327 3053 3386 3094; x_wconf 91' lang='lat' dir='ltr'><strong>se</strong></span> 
     </span>
    </p>
   </div>
   <div class='ocr_carea' id='block_1_77' title="bbox 1800 3121 3386 3196">
    <p class='ocr_par' dir='ltr' id='par_1_77' title="bbox 1800 3121 3386 3196">
     <span class='ocr_line' id='line_1_77' title="bbox 1800 3121 3386 3196; baseline 0.009 -23"><span class='ocrx_word' id='word_1_561' title='bbox 1800 3121 1938 3188; x_wconf 88' lang='lat' dir='ltr'><strong>apud</strong></span> <span class='ocrx_word' id='word_1_562' title='bbox 1991 3122 2284 3190; x_wconf 74' lang='lat' dir='ltr'><strong>sophistam</strong></span> <span class='ocrx_word' id='word_1_563' title='bbox 2335 3139 2491 3178; x_wconf 90' lang='lat' dir='ltr'><strong>suum</strong></span> <span class='ocrx_word' id='word_1_564' title='bbox 2524 3124 2774 3180; x_wconf 88' lang='lat' dir='ltr'><strong>habuisse</strong></span> <span class='ocrx_word' id='word_1_565' title='bbox 2816 3127 3121 3196; x_wconf 80' lang='lat' dir='ltr'><strong>perhibuit,</strong></span> <span class='ocrx_word' id='word_1_566' title='bbox 3160 3147 3386 3188; x_wconf 71' lang='lat' dir='ltr'><strong>summa:</strong></span> 
     </span>
    </p>
   </div>
   <div class='ocr_carea' id='block_1_78' title="bbox 1725 3213 3383 3304">
    <p class='ocr_par' dir='ltr' id='par_1_78' title="bbox 1725 3213 3383 3304">
     <span class='ocr_line' id='line_1_78' title="bbox 1725 3213 3383 3304; baseline 0.009 -41"><span class='ocrx_word' id='word_1_567' title='bbox 1725 3240 1771 3304; x_wconf 64' lang='grc' dir='ltr'>α</span> <span class='ocrx_word' id='word_1_568' title='bbox 1802 3213 2077 3282; x_wconf 64' lang='lat' dir='ltr'><strong>pravitatis</strong></span> <span class='ocrx_word' id='word_1_569' title='bbox 2101 3229 2348 3282; x_wconf 88' lang='lat' dir='ltr'><strong>puerum,</strong></span> <span class='ocrx_word' id='word_1_570' title='bbox 2373 3232 2530 3283; x_wconf 87' lang='lat' dir='ltr'><strong>quem</strong></span> <span class='ocrx_word' id='word_1_571' title='bbox 2557 3226 2778 3286; x_wconf 90' lang='lat' dir='ltr'><strong>repente</strong></span> <span class='ocrx_word' id='word_1_572' title='bbox 2801 3218 2934 3273; x_wconf 82' lang='lat' dir='ltr'><strong>dixit</strong></span> <span class='ocrx_word' id='word_1_573' title='bbox 2957 3234 3076 3275; x_wconf 90' lang='lat' dir='ltr'><strong>esse</strong></span> <span class='ocrx_word' id='word_1_574' title='bbox 3099 3221 3383 3278; x_wconf 91' lang='lat' dir='ltr'><strong>diaconum</strong></span> 
     </span>
    </p>
   </div>
   <div class='ocr_carea' id='block_1_79' title="bbox 1802 3303 3389 3378">
    <p class='ocr_par' dir='ltr' id='par_1_79' title="bbox 1802 3303 3389 3378">
     <span class='ocr_line' id='line_1_79' title="bbox 1802 3303 3389 3378; baseline 0.006 -20"><span class='ocrx_word' id='word_1_575' title='bbox 1802 3303 2130 3358; x_wconf 89' lang='lat' dir='ltr'><strong>ordinatum.</strong></span> <span class='ocrx_word' id='word_1_576' title='bbox 2162 3307 2338 3374; x_wconf 87' lang='lat' dir='ltr'><strong>Atque</strong></span> <span class='ocrx_word' id='word_1_577' title='bbox 2367 3306 2573 3361; x_wconf 86' lang='lat' dir='ltr'><strong>addidit</strong></span> <span class='ocrx_word' id='word_1_578' title='bbox 2599 3310 2739 3377; x_wconf 90' lang='lat' dir='ltr'><strong>quod</strong></span> <span class='ocrx_word' id='word_1_579' title='bbox 2765 3324 2860 3378; x_wconf 89' lang='lat' dir='ltr'><strong>per</strong></span> <span class='ocrx_word' id='word_1_580' title='bbox 2886 3311 3100 3378; x_wconf 65' lang='lat' dir='ltr'><strong>praemia</strong></span> <span class='ocrx_word' id='word_1_581' title='bbox 3131 3323 3184 3366; x_wconf 91' lang='lat' dir='ltr'><strong>et</strong></span> <span class='ocrx_word' id='word_1_582' title='bbox 3215 3314 3389 3369; x_wconf 88' lang='lat' dir='ltr'><strong>datio-</strong></span> 
     </span>
    </p>
   </div>
   <div class='ocr_carea' id='block_1_80' title="bbox 1803 3394 3387 3466">
    <p class='ocr_par' dir='ltr' id='par_1_80' title="bbox 1803 3394 3387 3466">
     <span class='ocr_line' id='line_1_80' title="bbox 1803 3394 3387 3466; baseline 0.011 -18"><span class='ocrx_word' id='word_1_583' title='bbox 1803 3410 1899 3449; x_wconf 90' lang='lat' dir='ltr'><strong>nes</strong></span> <span class='ocrx_word' id='word_1_584' title='bbox 1933 3394 2211 3449; x_wconf 90' lang='lat' dir='ltr'><strong>ordinatus</strong></span> <span class='ocrx_word' id='word_1_585' title='bbox 2256 3395 2442 3451; x_wconf 83' lang='lat' dir='ltr'><strong>fuisset</strong></span> <span class='ocrx_word' id='word_1_586' title='bbox 2471 3439 2486 3464; x_wconf 91' lang='lat'><strong>,</strong></span> <span class='ocrx_word' id='word_1_587' title='bbox 2517 3400 2636 3466; x_wconf 77' lang='lat' dir='ltr'><strong>quia</strong></span> <span class='ocrx_word' id='word_1_588' title='bbox 2668 3402 2914 3456; x_wconf 85' lang='lat' dir='ltr'><strong>eamdem</strong></span> <span class='ocrx_word' id='word_1_589' title='bbox 2942 3405 3387 3465; x_wconf 88' lang='lat' dir='ltr'><strong>consuetudinem</strong></span> 
     </span>
    </p>
   </div>
   <div class='ocr_carea' id='block_1_81' title="bbox 1805 3487 3388 3570">
    <p class='ocr_par' dir='ltr' id='par_1_81' title="bbox 1805 3487 3388 3570">
     <span class='ocr_line' id='line_1_81' title="bbox 1805 3487 3388 3570; baseline 0.009 -29"><span class='ocrx_word' id='word_1_590' title='bbox 1805 3487 1861 3541; x_wconf 91' lang='lat' dir='ltr'><strong>in</strong></span> <span class='ocrx_word' id='word_1_591' title='bbox 1903 3497 2084 3540; x_wconf 89' lang='lat' dir='ltr'><strong>sancta</strong></span> <span class='ocrx_word' id='word_1_592' title='bbox 2133 3487 2498 3544; x_wconf 80' lang='lat' dir='ltr'><strong>Alexandrina</strong></span> <span class='ocrx_word' id='word_1_593' title='bbox 2528 3489 2768 3570; x_wconf 88' lang='lat' dir='ltr'><strong>Ecclesia</strong></span> <span class='ocrx_word' id='word_1_594' title='bbox 2805 3495 3388 3556; x_wconf 68' lang='lat' dir='ltr'><strong>convaluisselateba-</strong></span> 
     </span>
    </p>
   </div>
   <div class='ocr_carea' id='block_1_82' title="bbox 1801 3579 3389 3654">
    <p class='ocr_par' dir='ltr' id='par_1_82' title="bbox 1801 3579 3389 3654">
     <span class='ocr_line' id='line_1_82' title="bbox 1801 3579 3389 3654; baseline 0.01 -21"><span class='ocrx_word' id='word_1_595' title='bbox 1801 3587 1908 3634; x_wconf 88' lang='lat' dir='ltr'><strong>tur.</strong></span> <span class='ocrx_word' id='word_1_596' title='bbox 1949 3579 2101 3647; x_wconf 83' lang='lat' dir='ltr'><strong>Quod</strong></span> <span class='ocrx_word' id='word_1_597' title='bbox 2129 3595 2230 3652; x_wconf 85' lang='lat' dir='ltr'><strong>ego</strong></span> <span class='ocrx_word' id='word_1_598' title='bbox 2268 3582 2496 3637; x_wconf 89' lang='lat' dir='ltr'><strong>audiens</strong></span> <span class='ocrx_word' id='word_1_599' title='bbox 2525 3583 2816 3654; x_wconf 87' lang='lat' dir='ltr'><strong>obstupui,</strong></span> <span class='ocrx_word' id='word_1_600' title='bbox 2860 3595 2915 3641; x_wconf 92' lang='lat' dir='ltr'><strong>et</strong></span> <span class='ocrx_word' id='word_1_601' title='bbox 2961 3589 3116 3644; x_wconf 87' lang='lat' dir='ltr'><strong>valde</strong></span> <span class='ocrx_word' id='word_1_602' title='bbox 3161 3593 3389 3650; x_wconf 81' lang='lat' dir='ltr'><strong>miratus</strong></span> 
     </span>
    </p>
   </div>
   <div class='ocr_carea' id='block_1_83' title="bbox 1801 3669 3389 3743">
    <p class='ocr_par' dir='ltr' id='par_1_83' title="bbox 1801 3669 3389 3743">
     <span class='ocr_line' id='line_1_83' title="bbox 1801 3669 3389 3743; baseline 0.009 -15"><span class='ocrx_word' id='word_1_603' title='bbox 1801 3686 1919 3728; x_wconf 87' lang='lat' dir='ltr'><strong>sum</strong></span> <span class='ocrx_word' id='word_1_604' title='bbox 1948 3714 1963 3738; x_wconf 92' lang='lat'><strong>,</strong></span> <span class='ocrx_word' id='word_1_605' title='bbox 2001 3669 2127 3743; x_wconf 76' lang='lat' dir='ltr'><strong>quia</strong></span> <span class='ocrx_word' id='word_1_606' title='bbox 2161 3676 2484 3732; x_wconf 86' lang='lat' dir='ltr'><strong>sanctissimi</strong></span> <span class='ocrx_word' id='word_1_607' title='bbox 2515 3691 2578 3731; x_wconf 90' lang='lat' dir='ltr'><strong>ac</strong></span> <span class='ocrx_word' id='word_1_608' title='bbox 2615 3677 2910 3737; x_wconf 89' lang='lat' dir='ltr'><strong>beatissimi</strong></span> <span class='ocrx_word' id='word_1_609' title='bbox 2939 3683 3040 3737; x_wconf 92' lang='lat' dir='ltr'><strong>viri</strong></span> <span class='ocrx_word' id='word_1_610' title='bbox 3069 3683 3251 3740; x_wconf 89' lang='lat' dir='ltr'><strong>domni</strong></span> <span class='ocrx_word' id='word_1_611' title='bbox 3281 3687 3389 3742; x_wconf 85' lang='lat' dir='ltr'><strong>Eu-</strong></span> 
     </span>
    </p>
   </div>
   <div class='ocr_carea' id='block_1_84' title="bbox 1802 3764 3389 3837">
    <p class='ocr_par' dir='ltr' id='par_1_84' title="bbox 1802 3764 3389 3837">
     <span class='ocr_line' id='line_1_84' title="bbox 1802 3764 3389 3837; baseline 0.011 -18"><span class='ocrx_word' id='word_1_612' title='bbox 1802 3764 1932 3834; x_wconf 87' lang='lat' dir='ltr'><strong>logii</strong></span> <span class='ocrx_word' id='word_1_613' title='bbox 1959 3766 2160 3836; x_wconf 87' lang='lat' dir='ltr'><strong>lingua,</strong></span> <span class='ocrx_word' id='word_1_614' title='bbox 2185 3782 2305 3837; x_wconf 66' lang='lat' dir='ltr'><strong>quae</strong></span> <span class='ocrx_word' id='word_1_615' title='bbox 2334 3776 2442 3823; x_wconf 88' lang='lat' dir='ltr'><strong>tam</strong></span> <span class='ocrx_word' id='word_1_616' title='bbox 2474 3771 2670 3826; x_wconf 88' lang='lat' dir='ltr'><strong>multos</strong></span> <span class='ocrx_word' id='word_1_617' title='bbox 2701 3772 2981 3830; x_wconf 83' lang='lat' dir='ltr'><strong>haereticos</strong></span> <span class='ocrx_word' id='word_1_618' title='bbox 3009 3776 3077 3831; x_wconf 90' lang='lat' dir='ltr'><strong>ad</strong></span> <span class='ocrx_word' id='word_1_619' title='bbox 3106 3778 3264 3834; x_wconf 76' lang='lat' dir='ltr'><strong>[idem</strong></span> <span class='ocrx_word' id='word_1_620' title='bbox 3296 3794 3389 3835; x_wconf 86' lang='lat' dir='ltr'><strong>ca-</strong></span> 
     </span>
    </p>
   </div>
   <div class='ocr_carea' id='block_1_85' title="bbox 1805 3857 3388 3930">
    <p class='ocr_par' dir='ltr' id='par_1_85' title="bbox 1805 3857 3388 3930">
     <span class='ocr_line' id='line_1_85' title="bbox 1805 3857 3388 3930; baseline 0.011 -17"><span class='ocrx_word' id='word_1_621' title='bbox 1805 3857 2054 3913; x_wconf 89' lang='lat' dir='ltr'><strong>tholicam</strong></span> <span class='ocrx_word' id='word_1_622' title='bbox 2101 3869 2356 3929; x_wconf 87' lang='lat' dir='ltr'><strong>revocat,</strong></span> <span class='ocrx_word' id='word_1_623' title='bbox 2403 3863 2751 3920; x_wconf 87' lang='lat' dir='ltr'><strong>simoniacam</strong></span> <span class='ocrx_word' id='word_1_624' title='bbox 2801 3867 3056 3925; x_wconf 65' lang='lat' dir='ltr'><strong>haeresim</strong></span> <span class='ocrx_word' id='word_1_625' title='bbox 3093 3870 3163 3927; x_wconf 89' lang='lat' dir='ltr'><strong>de</strong></span> <span class='ocrx_word' id='word_1_626' title='bbox 3198 3882 3388 3930; x_wconf 76' lang='lat' dir='ltr'><strong>sancta</strong></span> 
     </span>
    </p>
   </div>
   <div class='ocr_carea' id='block_1_86' title="bbox 1801 3949 3387 4034">
    <p class='ocr_par' dir='ltr' id='par_1_86' title="bbox 1801 3949 3387 4034">
     <span class='ocr_line' id='line_1_86' title="bbox 1801 3949 3387 4034; baseline 0.011 -30"><span class='ocrx_word' id='word_1_627' title='bbox 1801 3949 2162 4005; x_wconf 84' lang='lat' dir='ltr'><strong>Alexandrina</strong></span> <span class='ocrx_word' id='word_1_628' title='bbox 2186 3951 2424 4007; x_wconf 86' lang='lat' dir='ltr'><strong>Ecclesia</strong></span> <span class='ocrx_word' id='word_1_629' title='bbox 2456 3968 2562 4009; x_wconf 93' lang='lat' dir='ltr'><strong>non</strong></span> <span class='ocrx_word' id='word_1_630' title='bbox 2589 3957 2770 4012; x_wconf 88' lang='lat' dir='ltr'><strong>erasit.</strong></span> <span class='ocrx_word' id='word_1_631' title='bbox 2822 3957 2891 4013; x_wconf 88' lang='lat' dir='ltr'><strong>Et</strong></span> <span class='ocrx_word' id='word_1_632' title='bbox 2937 3960 3058 4029; x_wconf 92' lang='lat' dir='ltr'><strong>quis</strong></span> <span class='ocrx_word' id='word_1_633' title='bbox 3100 3963 3202 4028; x_wconf 88' lang='lat' dir='ltr'><strong>erit</strong></span> <span class='ocrx_word' id='word_1_634' title='bbox 3231 3964 3387 4034; x_wconf 88' lang='lat' dir='ltr'><strong>cujus</strong></span> 
     </span>
    </p>
   </div>
   <div class='ocr_carea' id='block_1_87' title="bbox 1801 4043 3387 4125">
    <p class='ocr_par' dir='ltr' id='par_1_87' title="bbox 1801 4043 3387 4125">
     <span class='ocr_line' id='line_1_87' title="bbox 1801 4043 3387 4125; baseline 0.01 -27"><span class='ocrx_word' id='word_1_635' title='bbox 1801 4043 2105 4098; x_wconf 84' lang='lat' dir='ltr'><strong>exhortatio</strong></span> <span class='ocrx_word' id='word_1_636' title='bbox 2153 4046 2236 4100; x_wconf 89' lang='lat' dir='ltr'><strong>vel</strong></span> <span class='ocrx_word' id='word_1_637' title='bbox 2285 4050 2552 4103; x_wconf 90' lang='lat' dir='ltr'><strong>correctio</strong></span> <span class='ocrx_word' id='word_1_638' title='bbox 2603 4048 2705 4104; x_wconf 92' lang='lat' dir='ltr'><strong>hoc</strong></span> <span class='ocrx_word' id='word_1_639' title='bbox 2736 4052 2938 4121; x_wconf 83' lang='lat' dir='ltr'><strong>poterit</strong></span> <span class='ocrx_word' id='word_1_640' title='bbox 2977 4056 3269 4112; x_wconf 87' lang='lat' dir='ltr'><strong>emendare</strong></span> <span class='ocrx_word' id='word_1_641' title='bbox 3292 4099 3308 4125; x_wconf 91' lang='lat'><strong>,</strong></span> <span class='ocrx_word' id='word_1_642' title='bbox 3339 4059 3387 4114; x_wconf 88' lang='lat' dir='ltr'><strong>si</strong></span> 
     </span>
    </p>
   </div>
   <div class='ocr_carea' id='block_1_88' title="bbox 1798 4135 3387 4213">
    <p class='ocr_par' dir='ltr' id='par_1_88' title="bbox 1798 4135 3387 4213">
     <span class='ocr_line' id='line_1_88' title="bbox 1798 4135 3387 4213; baseline 0.011 -26"><span class='ocrx_word' id='word_1_643' title='bbox 1798 4149 1990 4204; x_wconf 84' lang='lat' dir='ltr'><strong>magna</strong></span> <span class='ocrx_word' id='word_1_644' title='bbox 2018 4144 2074 4190; x_wconf 94' lang='lat' dir='ltr'><strong>et</strong></span> <span class='ocrx_word' id='word_1_645' title='bbox 2102 4135 2431 4192; x_wconf 90' lang='lat' dir='ltr'><strong>admirabilis</strong></span> <span class='ocrx_word' id='word_1_646' title='bbox 2460 4139 2701 4197; x_wconf 89' lang='lat' dir='ltr'><strong>doctrina</strong></span> <span class='ocrx_word' id='word_1_647' title='bbox 2743 4143 2861 4213; x_wconf 88' lang='lat' dir='ltr'><strong>ejus</strong></span> <span class='ocrx_word' id='word_1_648' title='bbox 2902 4145 3006 4202; x_wconf 92' lang='lat' dir='ltr'><strong>hoc</strong></span> <span class='ocrx_word' id='word_1_649' title='bbox 3040 4150 3160 4203; x_wconf 86' lang='lat' dir='ltr'><strong>sine</strong></span> <span class='ocrx_word' id='word_1_650' title='bbox 3198 4163 3387 4204; x_wconf 91' lang='lat' dir='ltr'><strong>emen-</strong></span> 
     </span>
    </p>
   </div>
   <div class='ocr_carea' id='block_1_89' title="bbox 1801 4226 3387 4303">
    <p class='ocr_par' dir='ltr' id='par_1_89' title="bbox 1801 4226 3387 4303">
     <span class='ocr_line' id='line_1_89' title="bbox 1801 4226 3387 4303; baseline 0.011 -24"><span class='ocrx_word' id='word_1_651' title='bbox 1801 4226 2018 4282; x_wconf 89' lang='lat' dir='ltr'><strong>datione</strong></span> <span class='ocrx_word' id='word_1_652' title='bbox 2049 4228 2367 4298; x_wconf 88' lang='lat' dir='ltr'><strong>reliquerit?</strong></span> <span class='ocrx_word' id='word_1_653' title='bbox 2400 4229 2548 4288; x_wconf 82' lang='lat' dir='ltr'><strong>Unde</strong></span> <span class='ocrx_word' id='word_1_654' title='bbox 2582 4249 2677 4303; x_wconf 90' lang='lat' dir='ltr'><strong>pro</strong></span> <span class='ocrx_word' id='word_1_655' title='bbox 2709 4236 3046 4294; x_wconf 88' lang='lat' dir='ltr'><strong>absolutione</strong></span> <span class='ocrx_word' id='word_1_656' title='bbox 3076 4240 3266 4295; x_wconf 69' lang='lat' dir='ltr'><strong>animae</strong></span> <span class='ocrx_word' id='word_1_657' title='bbox 3292 4255 3387 4297; x_wconf 85' lang='lat' dir='ltr'><strong>ve-</strong></span> 
     </span>
    </p>
   </div>
   <div class='ocr_carea' id='block_1_90' title="bbox 1799 4326 3387 4396">
    <p class='ocr_par' dir='ltr' id='par_1_90' title="bbox 1799 4326 3387 4396">
     <span class='ocr_line' id='line_1_90' title="bbox 1799 4326 3387 4396; baseline 0.009 -23"><span class='ocrx_word' id='word_1_658' title='bbox 1799 4327 1925 4374; x_wconf 85' lang='lat' dir='ltr'><strong>strae</strong></span> <span class='ocrx_word' id='word_1_659' title='bbox 1953 4360 1966 4386; x_wconf 86' lang='lat'><strong>,</strong></span> <span class='ocrx_word' id='word_1_660' title='bbox 2003 4336 2097 4390; x_wconf 86' lang='lat' dir='ltr'><strong>pro</strong></span> <span class='ocrx_word' id='word_1_661' title='bbox 2132 4331 2416 4392; x_wconf 86' lang='lat' dir='ltr'><strong>augmento</strong></span> <span class='ocrx_word' id='word_1_662' title='bbox 2447 4326 2715 4381; x_wconf 86' lang='lat' dir='ltr'><strong>mercedis</strong></span> <span class='ocrx_word' id='word_1_663' title='bbox 2738 4337 2931 4384; x_wconf 70' lang='lat' dir='ltr'><strong>vestrae</strong></span> <span class='ocrx_word' id='word_1_664' title='bbox 2952 4370 2968 4396; x_wconf 91' lang='lat'><strong>,</strong></span> <span class='ocrx_word' id='word_1_665' title='bbox 3019 4339 3079 4385; x_wconf 89' lang='lat' dir='ltr'><strong>ut</strong></span> <span class='ocrx_word' id='word_1_666' title='bbox 3114 4341 3240 4386; x_wconf 90' lang='lat' dir='ltr'><strong>ante</strong></span> <span class='ocrx_word' id='word_1_667' title='bbox 3276 4340 3387 4388; x_wconf 87' lang='lat' dir='ltr'><strong>tre-</strong></span> 
     </span>
    </p>
   </div>
   <div class='ocr_carea' id='block_1_91' title="bbox 1799 4413 3385 4490">
    <p class='ocr_par' dir='ltr' id='par_1_91' title="bbox 1799 4413 3385 4490">
     <span class='ocr_line' id='line_1_91' title="bbox 1799 4413 3385 4490; baseline 0.01 -25"><span class='ocrx_word' id='word_1_668' title='bbox 1799 4413 1982 4466; x_wconf 81' lang='lat' dir='ltr'><strong>mendi</strong></span> <span class='ocrx_word' id='word_1_669' title='bbox 2008 4413 2193 4468; x_wconf 89' lang='lat' dir='ltr'><strong>oculos</strong></span> <span class='ocrx_word' id='word_1_670' title='bbox 2223 4413 2429 4470; x_wconf 82' lang='lat' dir='ltr'><strong>.ludicis</strong></span> <span class='ocrx_word' id='word_1_671' title='bbox 2454 4429 2632 4472; x_wconf 80' lang='lat' dir='ltr'><strong>ve5tra</strong></span> <span class='ocrx_word' id='word_1_672' title='bbox 2662 4419 2715 4473; x_wconf 92' lang='lat' dir='ltr'><strong>in</strong></span> <span class='ocrx_word' id='word_1_673' title='bbox 2742 4420 2989 4476; x_wconf 91' lang='lat' dir='ltr'><strong>omnibus</strong></span> <span class='ocrx_word' id='word_1_674' title='bbox 3017 4420 3251 4490; x_wconf 79' lang='lat' dir='ltr'><strong>perfecta</strong></span> <span class='ocrx_word' id='word_1_675' title='bbox 3273 4427 3385 4482; x_wconf 87' lang='lat' dir='ltr'><strong>sint</strong></span> 
     </span>
    </p>
   </div>
   <div class='ocr_carea' id='block_1_92' title="bbox 1802 4504 3385 4588">
    <p class='ocr_par' dir='ltr' id='par_1_92' title="bbox 1802 4504 3385 4588">
     <span class='ocr_line' id='line_1_92' title="bbox 1802 4504 3385 4588; baseline 0.011 -31"><span class='ocrx_word' id='word_1_676' title='bbox 1802 4519 1962 4572; x_wconf 86' lang='lat' dir='ltr'><strong>opera</strong></span> <span class='ocrx_word' id='word_1_677' title='bbox 1990 4548 2005 4574; x_wconf 91' lang='lat'><strong>,</strong></span> <span class='ocrx_word' id='word_1_678' title='bbox 2040 4504 2297 4563; x_wconf 79' lang='lat' dir='ltr'><strong>festinare</strong></span> <span class='ocrx_word' id='word_1_679' title='bbox 2327 4508 2532 4564; x_wconf 90' lang='lat' dir='ltr'><strong>debetis</strong></span> <span class='ocrx_word' id='word_1_680' title='bbox 2566 4511 2913 4567; x_wconf 82' lang='lat' dir='ltr'><strong>simoniacam</strong></span> <span class='ocrx_word' id='word_1_681' title='bbox 2943 4513 3192 4571; x_wconf 67' lang='lat' dir='ltr'><strong>haeresim</strong></span> <span class='ocrx_word' id='word_1_682' title='bbox 3217 4561 3232 4582; x_wconf 85' lang='lat'><strong><em>.</em></strong></span> <span class='ocrx_word' id='word_1_683' title='bbox 3263 4533 3385 4588; x_wconf 67' lang='lat' dir='ltr'><strong>qua</strong></span> 
     </span>
    </p>
   </div>
   <div class='ocr_carea' id='block_1_93' title="bbox 96 4587 3384 4692">
    <p class='ocr_par' dir='ltr' id='par_1_93' title="bbox 96 4587 3384 4692">
     <span class='ocr_line' id='line_1_93' title="bbox 96 4587 3384 4692; baseline 0.008 -49"><span class='ocrx_word' id='word_1_684' title='bbox 96 4587 274 4643; x_wconf 88' lang='lat' dir='ltr'><strong>modo</strong></span> <span class='ocrx_word' id='word_1_685' title='bbox 301 4589 608 4645; x_wconf 89' lang='lat' dir='ltr'><strong>debeamus.</strong></span> <span class='ocrx_word' id='word_1_686' title='bbox 657 4591 764 4646; x_wconf 91' lang='lat' dir='ltr'><strong>Sed</strong></span> <span class='ocrx_word' id='word_1_687' title='bbox 812 4593 932 4662; x_wconf 90' lang='lat' dir='ltr'><strong>quia</strong></span> <span class='ocrx_word' id='word_1_688' title='bbox 982 4594 1035 4648; x_wconf 93' lang='lat' dir='ltr'><strong>in</strong></span> <span class='ocrx_word' id='word_1_689' title='bbox 1073 4593 1254 4648; x_wconf 87' lang='lat' dir='ltr'><strong>radice</strong></span> <span class='ocrx_word' id='word_1_690' title='bbox 1303 4597 1470 4664; x_wconf 87' lang='lat' dir='ltr'><strong>ipsius</strong></span> <span class='ocrx_word' id='word_1_691' title='bbox 1511 4596 1696 4654; x_wconf 89' lang='lat' dir='ltr'><strong>vivere</strong></span> <span class='ocrx_word' id='word_1_692' title='bbox 1725 4632 1778 4692; x_wconf 83' lang='lat' dir='ltr'><strong>D</strong></span> <span class='ocrx_word' id='word_1_693' title='bbox 1804 4596 1974 4666; x_wconf 88' lang='lat' dir='ltr'><strong>prima</strong></span> <span class='ocrx_word' id='word_1_694' title='bbox 2025 4596 2078 4652; x_wconf 92' lang='lat' dir='ltr'><strong>in</strong></span> <span class='ocrx_word' id='word_1_695' title='bbox 2124 4597 2365 4654; x_wconf 87' lang='lat' dir='ltr'><strong>Ecclesia</strong></span> <span class='ocrx_word' id='word_1_696' title='bbox 2409 4611 2596 4656; x_wconf 83' lang='lat' dir='ltr'><strong>exorta</strong></span> <span class='ocrx_word' id='word_1_697' title='bbox 2643 4612 2764 4669; x_wconf 86' lang='lat' dir='ltr'><strong>est,</strong></span> <span class='ocrx_word' id='word_1_698' title='bbox 2808 4619 2838 4658; x_wconf 89' lang='lat' dir='ltr'><strong>a</strong></span> <span class='ocrx_word' id='word_1_699' title='bbox 2879 4608 3214 4664; x_wconf 89' lang='lat' dir='ltr'><strong>sanctissima</strong></span> <span class='ocrx_word' id='word_1_700' title='bbox 3252 4587 3384 4668; x_wconf 81' lang='lat' dir='ltr'><strong>sede</strong></span> 
     </span>
    </p>
   </div>
   <div class='ocr_carea' id='block_1_94' title="bbox 99 4679 1691 4757">
    <p class='ocr_par' dir='ltr' id='par_1_94' title="bbox 99 4679 1691 4757">
     <span class='ocr_line' id='line_1_94' title="bbox 99 4679 1691 4757; baseline 0.006 -23"><span class='ocrx_word' id='word_1_701' title='bbox 99 4679 266 4736; x_wconf 87' lang='lat' dir='ltr'><strong>aliter</strong></span> <span class='ocrx_word' id='word_1_702' title='bbox 292 4697 398 4736; x_wconf 93' lang='lat' dir='ltr'><strong>non</strong></span> <span class='ocrx_word' id='word_1_703' title='bbox 430 4683 670 4738; x_wconf 90' lang='lat' dir='ltr'><strong>valemus</strong></span> <span class='ocrx_word' id='word_1_704' title='bbox 689 4724 702 4748; x_wconf 92' lang='lat'><strong>,</strong></span> <span class='ocrx_word' id='word_1_705' title='bbox 734 4683 836 4739; x_wconf 92' lang='lat' dir='ltr'><strong>nisi</strong></span> <span class='ocrx_word' id='word_1_706' title='bbox 867 4694 1044 4739; x_wconf 89' lang='lat' dir='ltr'><strong>mente</strong></span> <span class='ocrx_word' id='word_1_707' title='bbox 1069 4693 1126 4741; x_wconf 88' lang='lat' dir='ltr'><strong>et</strong></span> <span class='ocrx_word' id='word_1_708' title='bbox 1151 4693 1274 4740; x_wconf 92' lang='lat' dir='ltr'><strong>actu</strong></span> <span class='ocrx_word' id='word_1_709' title='bbox 1297 4686 1648 4744; x_wconf 88' lang='lat' dir='ltr'><strong>humilitatem</strong></span> <span class='ocrx_word' id='word_1_710' title='bbox 1675 4730 1691 4757; x_wconf 94' lang='lat'><strong>,</strong></span> 
     </span>
    </p>
   </div>
   <div class='ocr_carea' id='block_1_95' title="bbox 93 4773 1693 4845">
    <p class='ocr_par' dir='ltr' id='par_1_95' title="bbox 93 4773 1693 4845">
     <span class='ocr_line' id='line_1_95' title="bbox 93 4773 1693 4845; baseline 0.008 -21"><span class='ocrx_word' id='word_1_711' title='bbox 93 4786 264 4842; x_wconf 90' lang='lat' dir='ltr'><strong>quam</strong></span> <span class='ocrx_word' id='word_1_712' title='bbox 306 4773 423 4842; x_wconf 86' lang='lat' dir='ltr'><strong>ipse</strong></span> <span class='ocrx_word' id='word_1_713' title='bbox 447 4783 638 4830; x_wconf 89' lang='lat' dir='ltr'><strong>auctor</strong></span> <span class='ocrx_word' id='word_1_714' title='bbox 668 4775 815 4845; x_wconf 90' lang='lat' dir='ltr'><strong>pacis</strong></span> <span class='ocrx_word' id='word_1_715' title='bbox 842 4775 1061 4841; x_wconf 90' lang='lat' dir='ltr'><strong>docuit,</strong></span> <span class='ocrx_word' id='word_1_716' title='bbox 1105 4785 1376 4832; x_wconf 81' lang='lat' dir='ltr'><strong>teneamus</strong></span> <span class='ocrx_word' id='word_1_717' title='bbox 1401 4817 1416 4844; x_wconf 95' lang='lat'><strong>,</strong></span> <span class='ocrx_word' id='word_1_718' title='bbox 1462 4792 1584 4834; x_wconf 90' lang='lat' dir='ltr'><strong>cum</strong></span> <span class='ocrx_word' id='word_1_719' title='bbox 1629 4795 1693 4837; x_wconf 88' lang='lat' dir='ltr'><strong>ea</strong></span> 
     </span>
    </p>
   </div>
   <div class='ocr_carea' id='block_1_96' title="bbox 95 4866 1692 4940">
    <p class='ocr_par' dir='ltr' id='par_1_96' title="bbox 95 4866 1692 4940">
     <span class='ocr_line' id='line_1_96' title="bbox 95 4866 1692 4940; baseline 0.005 -20"><span class='ocrx_word' id='word_1_720' title='bbox 95 4866 204 4920; x_wconf 88' lang='lat' dir='ltr'><strong>cha</strong></span> <span class='ocrx_word' id='word_1_721' title='bbox 217 4867 374 4922; x_wconf 88' lang='lat' dir='ltr'><strong>ritate</strong></span> <span class='ocrx_word' id='word_1_722' title='bbox 404 4883 507 4938; x_wconf 86' lang='lat' dir='ltr'><strong>qua</strong></span> <span class='ocrx_word' id='word_1_723' title='bbox 531 4868 746 4938; x_wconf 86' lang='lat' dir='ltr'><strong>dignum</strong></span> <span class='ocrx_word' id='word_1_724' title='bbox 775 4878 857 4924; x_wconf 90' lang='lat' dir='ltr'><strong>est</strong></span> <span class='ocrx_word' id='word_1_725' title='bbox 885 4869 1172 4924; x_wconf 89' lang='lat' dir='ltr'><strong>suademus</strong></span> <span class='ocrx_word' id='word_1_726' title='bbox 1200 4878 1256 4924; x_wconf 91' lang='lat' dir='ltr'><strong>ut</strong></span> <span class='ocrx_word' id='word_1_727' title='bbox 1276 4868 1553 4940; x_wconf 85' lang='lat' dir='ltr'><strong>profanam</strong></span> <span class='ocrx_word' id='word_1_728' title='bbox 1579 4873 1692 4930; x_wconf 82' lang='lat' dir='ltr'><strong>ela-</strong></span> 
     </span>
    </p>
   </div>
   <div class='ocr_carea' id='block_1_97' title="bbox 175 4977 1688 5054">
    <p class='ocr_par' dir='ltr' id='par_1_97' title="bbox 175 4977 1688 5054">
     <span class='ocr_line' id='line_1_97' title="bbox 175 4977 1688 5054; baseline 0.007 -22"><span class='ocrx_word' id='word_1_729' title='bbox 175 4977 456 5054; x_wconf 52' lang='lat' dir='ltr'><strong>P__Excusi,</strong></span> <span class='ocrx_word' id='word_1_730' title='bbox 487 4981 530 5033; x_wconf 90' lang='lat' dir='ltr'><strong>si</strong></span> <span class='ocrx_word' id='word_1_731' title='bbox 557 4982 682 5052; x_wconf 75' lang='lat' dir='ltr'><strong>quid</strong></span> <span class='ocrx_word' id='word_1_732' title='bbox 709 4983 762 5034; x_wconf 91' lang='lat' dir='ltr'><strong>in</strong></span> <span class='ocrx_word' id='word_1_733' title='bbox 787 4982 925 5036; x_wconf 84' lang='lat' dir='ltr'><strong>vobis</strong></span> <span class='ocrx_word' id='word_1_734' title='bbox 947 4983 1278 5054; x_wconf 84' lang='lat' dir='ltr'><strong>delinquitur.</strong></span> <span class='ocrx_word' id='word_1_735' title='bbox 1322 4986 1421 5042; x_wconf 85' lang='lat' dir='ltr'><strong>Hic</strong></span> <span class='ocrx_word' id='word_1_736' title='bbox 1449 4989 1587 5043; x_wconf 84' lang='lat' dir='ltr'><strong>vobis</strong></span> <span class='ocrx_word' id='word_1_737' title='bbox 1616 4991 1688 5044; x_wconf 86' lang='lat' dir='ltr'><strong>si-</strong></span> 
     </span>
    </p>
   </div>
   <div class='ocr_carea' id='block_1_98' title="bbox 92 5049 1686 5131">
    <p class='ocr_par' dir='ltr' id='par_1_98' title="bbox 92 5049 1686 5131">
     <span class='ocr_line' id='line_1_98' title="bbox 92 5049 1686 5131; baseline 0.008 -27"><span class='ocrx_word' id='word_1_738' title='bbox 92 5049 317 5119; x_wconf 79' lang='lat' dir='ltr'><strong>gniﬁcat</strong></span> <span class='ocrx_word' id='word_1_739' title='bbox 352 5061 530 5131; x_wconf 75' lang='lat' dir='ltr'><strong>contra</strong></span> <span class='ocrx_word' id='word_1_740' title='bbox 569 5049 681 5107; x_wconf 65' lang='lat' dir='ltr'><strong>eos.</strong></span> <span class='ocrx_word' id='word_1_741' title='bbox 724 5055 797 5108; x_wconf 83' lang='lat' dir='ltr'><strong>ita</strong></span> <span class='ocrx_word' id='word_1_742' title='bbox 827 5056 961 5122; x_wconf 89' lang='lat' dir='ltr'><strong>psal.</strong></span> <span class='ocrx_word' id='word_1_743' title='bbox 993 5071 1057 5123; x_wconf 73' lang='grc' dir='ltr'><strong>ι,</strong></span> <span class='ocrx_word' id='word_1_744' title='bbox 1099 5049 1187 5110; x_wconf 79' lang='lat' dir='ltr'><strong>tibi</strong></span> <span class='ocrx_word' id='word_1_745' title='bbox 1218 5059 1315 5112; x_wconf 83' lang='lat' dir='ltr'><strong>soli</strong></span> <span class='ocrx_word' id='word_1_746' title='bbox 1350 5061 1551 5130; x_wconf 84' lang='lat' dir='ltr'><strong>peccavi</strong></span> <span class='ocrx_word' id='word_1_747' title='bbox 1589 5076 1686 5131; x_wconf 90' lang='lat' dir='ltr'><strong>pro</strong></span> 
     </span>
    </p>
   </div>
   <div class='ocr_carea' id='block_1_99' title="bbox 92 5123 571 5176">
    <p class='ocr_par' dir='ltr' id='par_1_99' title="bbox 92 5123 571 5176">
     <span class='ocr_line' id='line_1_99' title="bbox 92 5123 571 5176; baseline 0.004 -2"><span class='ocrx_word' id='word_1_748' title='bbox 92 5133 279 5174; x_wconf 86' lang='lat' dir='ltr'><strong>contra</strong></span> <span class='ocrx_word' id='word_1_749' title='bbox 308 5133 354 5176; x_wconf 88' lang='lat' dir='ltr'><strong>te</strong></span> <span class='ocrx_word' id='word_1_750' title='bbox 381 5123 571 5176; x_wconf 85' lang='lat' dir='ltr'><strong>solum.</strong></span> 
     </span>
    </p>
   </div>
   <div class='ocr_carea' id='block_1_100' title="bbox 175 5192 1683 5256">
    <p class='ocr_par' dir='ltr' id='par_1_100' title="bbox 175 5192 1683 5256">
     <span class='ocr_line' id='line_1_100' title="bbox 175 5192 1683 5256; baseline 0.009 -12"><span class='ocrx_word' id='word_1_751' title='bbox 175 5201 197 5230; x_wconf 74' lang='grc' dir='ltr'><strong>ε</strong></span> <span class='ocrx_word' id='word_1_752' title='bbox 235 5192 330 5248; x_wconf 92' lang='lat' dir='ltr'><strong>Hic</strong></span> <span class='ocrx_word' id='word_1_753' title='bbox 354 5193 479 5250; x_wconf 72' lang='lat' dir='ltr'><strong>Mss.</strong></span> <span class='ocrx_word' id='word_1_754' title='bbox 503 5193 781 5251; x_wconf 89' lang='lat' dir='ltr'><strong>dissident.</strong></span> <span class='ocrx_word' id='word_1_755' title='bbox 808 5195 863 5250; x_wconf 85' lang='lat' dir='ltr'><strong>In</strong></span> <span class='ocrx_word' id='word_1_756' title='bbox 888 5195 1057 5250; x_wconf 83' lang='lat' dir='ltr'><strong>Vatic.</strong></span> <span class='ocrx_word' id='word_1_757' title='bbox 1085 5197 1128 5251; x_wconf 84' lang='grc' dir='ltr'><strong>Ι)</strong></span> <span class='ocrx_word' id='word_1_758' title='bbox 1149 5207 1202 5252; x_wconf 89' lang='lat' dir='ltr'><strong>et</strong></span> <span class='ocrx_word' id='word_1_759' title='bbox 1222 5198 1417 5255; x_wconf 79' lang='lat' dir='ltr'><strong>Rhem.</strong></span> <span class='ocrx_word' id='word_1_760' title='bbox 1446 5218 1458 5254; x_wconf 89' lang='lat'>:</span> <span class='ocrx_word' id='word_1_761' title='bbox 1489 5201 1683 5256; x_wconf 87' lang='lat' dir='ltr'><strong>Redeat</strong></span> 
     </span>
    </p>
   </div>
   <div class='ocr_carea' id='block_1_101' title="bbox 88 5264 1682 5341">
    <p class='ocr_par' dir='ltr' id='par_1_101' title="bbox 88 5264 1682 5341">
     <span class='ocr_line' id='line_1_101' title="bbox 88 5264 1682 5341; baseline 0.008 -26"><span class='ocrx_word' id='word_1_762' title='bbox 88 5267 150 5341; x_wconf 47' lang='lat' dir='ltr'><strong>in</strong></span> <span class='ocrx_word' id='word_1_763' title='bbox 172 5275 336 5341; x_wconf 61' lang='lat' dir='ltr'><strong>vestra</strong></span> <span class='ocrx_word' id='word_1_764' title='bbox 367 5266 553 5341; x_wconf 77' lang='lat' dir='ltr'><strong>pietate</strong></span> <span class='ocrx_word' id='word_1_765' title='bbox 582 5264 868 5341; x_wconf 21' lang='lat' dir='ltr'><strong>P‘ulclterite</strong></span> <span class='ocrx_word' id='word_1_766' title='bbox 894 5269 1447 5341; x_wconf 76' lang='lat' dir='ltr'><strong>Augusta:_clententia.</strong></span> <span class='ocrx_word' id='word_1_767' title='bbox 1482 5272 1537 5326; x_wconf 93' lang='lat' dir='ltr'><strong>ln</strong></span> <span class='ocrx_word' id='word_1_768' title='bbox 1562 5275 1606 5326; x_wconf 80' lang='grc' dir='ltr'>Α</span> <span class='ocrx_word' id='word_1_769' title='bbox 1629 5284 1682 5329; x_wconf 91' lang='lat' dir='ltr'><strong>et</strong></span> 
     </span>
    </p>
   </div>
   <div class='ocr_carea' id='block_1_102' title="bbox 95 5336 1680 5413">
    <p class='ocr_par' dir='ltr' id='par_1_102' title="bbox 95 5336 1680 5413">
     <span class='ocr_line' id='line_1_102' title="bbox 95 5336 1680 5413; baseline 0.005 -22"><span class='ocrx_word' id='word_1_770' title='bbox 95 5337 177 5413; x_wconf 85' lang='lat' dir='ltr'><strong>F_:</strong></span> <span class='ocrx_word' id='word_1_771' title='bbox 212 5336 402 5413; x_wconf 83' lang='lat' dir='ltr'><strong>Sedeat</strong></span> <span class='ocrx_word' id='word_1_772' title='bbox 421 5336 580 5413; x_wconf 81' lang='lat' dir='ltr'><strong>_vo_bis</strong></span> <span class='ocrx_word' id='word_1_773' title='bbox 617 5337 866 5413; x_wconf 80' lang='lat' dir='ltr'><strong>in_vestra</strong></span> <span class='ocrx_word' id='word_1_774' title='bbox 908 5336 1095 5413; x_wconf 78' lang='lat' dir='ltr'><strong>pietate</strong></span> <span class='ocrx_word' id='word_1_775' title='bbox 1123 5337 1412 5413; x_wconf 78' lang='lat' dir='ltr'><strong>Pulcherite</strong></span> <span class='ocrx_word' id='word_1_776' title='bbox 1435 5343 1680 5413; x_wconf 77' lang='lat' dir='ltr'><strong>Augusta:</strong></span> 
     </span>
    </p>
   </div>
   <div class='ocr_carea' id='block_1_103' title="bbox 91 5407 1677 5484">
    <p class='ocr_par' dir='ltr' id='par_1_103' title="bbox 91 5407 1677 5484">
     <span class='ocr_line' id='line_1_103' title="bbox 91 5407 1677 5484; baseline 0.006 -23"><span class='ocrx_word' id='word_1_777' title='bbox 91 5407 563 5484; x_wconf 67' lang='lat' dir='ltr'><strong>clementia._Colb.</strong></span> <span class='ocrx_word' id='word_1_778' title='bbox 588 5418 640 5484; x_wconf 81' lang='lat' dir='ltr'><strong>et</strong></span> <span class='ocrx_word' id='word_1_779' title='bbox 661 5407 888 5484; x_wconf 87' lang='lat' dir='ltr'><strong>Turon.,</strong></span> <span class='ocrx_word' id='word_1_780' title='bbox 918 5411 1007 5484; x_wconf 79' lang='lat' dir='ltr'><strong>sed</strong></span> <span class='ocrx_word' id='word_1_781' title='bbox 1028 5412 1117 5463; x_wconf 90' lang='lat' dir='ltr'><strong>dat</strong></span> <span class='ocrx_word' id='word_1_782' title='bbox 1137 5412 1303 5484; x_wconf 81' lang='lat' dir='ltr'><strong>nobis,</strong></span> <span class='ocrx_word' id='word_1_783' title='bbox 1331 5407 1557 5484; x_wconf 64' lang='lat' dir='ltr'><strong>fortasse</strong></span> <span class='ocrx_word' id='word_1_784' title='bbox 1581 5431 1677 5484; x_wconf 90' lang='lat' dir='ltr'><strong>pro</strong></span> 
     </span>
    </p>
   </div>
   <div class='ocr_carea' id='block_1_104' title="bbox 91 5479 1678 5557">
    <p class='ocr_par' dir='ltr' id='par_1_104' title="bbox 91 5479 1678 5557">
     <span class='ocr_line' id='line_1_104' title="bbox 91 5479 1678 5557; baseline 0.005 -25"><span class='ocrx_word' id='word_1_785' title='bbox 91 5497 148 5532; x_wconf 71' lang='lat' dir='ltr'><strong>le</strong></span> <span class='ocrx_word' id='word_1_786' title='bbox 178 5482 264 5530; x_wconf 84' lang='lat' dir='ltr'><strong>dat</strong></span> <span class='ocrx_word' id='word_1_787' title='bbox 289 5479 859 5557; x_wconf 59' lang='lat' dir='ltr'><strong>nobis....._cle3ientia,</strong></span> <span class='ocrx_word' id='word_1_788' title='bbox 883 5490 938 5557; x_wconf 85' lang='lat' dir='ltr'><strong>ut</strong></span> <span class='ocrx_word' id='word_1_789' title='bbox 960 5481 1153 5557; x_wconf 83' lang='lat' dir='ltr'><strong>legitur</strong></span> <span class='ocrx_word' id='word_1_790' title='bbox 1183 5482 1236 5557; x_wconf 88' lang='lat' dir='ltr'><strong>in</strong></span> <span class='ocrx_word' id='word_1_791' title='bbox 1261 5482 1545 5557; x_wconf 69' lang='lat' dir='ltr'><strong>Audoeno,</strong></span> <span class='ocrx_word' id='word_1_792' title='bbox 1573 5479 1678 5557; x_wconf 84' lang='lat' dir='ltr'><strong>Ly-</strong></span> 
     </span>
    </p>
   </div>
   <div class='ocr_carea' id='block_1_105' title="bbox 91 5549 1316 5616">
    <p class='ocr_par' dir='ltr' id='par_1_105' title="bbox 91 5549 1316 5616">
     <span class='ocr_line' id='line_1_105' title="bbox 91 5549 1316 5616; baseline 0.002 -12"><span class='ocrx_word' id='word_1_793' title='bbox 91 5566 210 5604; x_wconf 89' lang='lat' dir='ltr'><strong>ran.</strong></span> <span class='ocrx_word' id='word_1_794' title='bbox 237 5559 289 5603; x_wconf 90' lang='lat' dir='ltr'><strong>et</strong></span> <span class='ocrx_word' id='word_1_795' title='bbox 319 5549 524 5604; x_wconf 82' lang='lat' dir='ltr'><strong>Getnet.</strong></span> <span class='ocrx_word' id='word_1_796' title='bbox 558 5551 612 5603; x_wconf 82' lang='lat' dir='ltr'><strong>In</strong></span> <span class='ocrx_word' id='word_1_797' title='bbox 644 5550 920 5616; x_wconf 84' lang='lat' dir='ltr'><strong>Beccensi,</strong></span> <span class='ocrx_word' id='word_1_798' title='bbox 949 5549 1132 5606; x_wconf 82' lang='lat' dir='ltr'><strong>reddat</strong></span> <span class='ocrx_word' id='word_1_799' title='bbox 1153 5554 1316 5607; x_wconf 86' lang='lat' dir='ltr'><strong>nobis.</strong></span> 
     </span>
    </p>
   </div>
   <div class='ocr_carea' id='block_1_106' title="bbox 166 5619 1672 5690">
    <p class='ocr_par' dir='ltr' id='par_1_106' title="bbox 166 5619 1672 5690">
     <span class='ocr_line' id='line_1_106' title="bbox 166 5619 1672 5690; baseline 0.006 -16"><span class='ocrx_word' id='word_1_800' title='bbox 166 5619 190 5655; x_wconf 73' lang='grc' dir='ltr'>ἀ</span> <span class='ocrx_word' id='word_1_801' title='bbox 220 5621 318 5674; x_wconf 85' lang='lat' dir='ltr'><strong>llic</strong></span> <span class='ocrx_word' id='word_1_802' title='bbox 343 5622 613 5688; x_wconf 78' lang='lat' dir='ltr'><strong>sequimur</strong></span> <span class='ocrx_word' id='word_1_803' title='bbox 640 5622 866 5689; x_wconf 89' lang='lat' dir='ltr'><strong>Turon.,</strong></span> <span class='ocrx_word' id='word_1_804' title='bbox 898 5624 1106 5690; x_wconf 69' lang='lat' dir='ltr'><strong>Nori‘n.,</strong></span> <span class='ocrx_word' id='word_1_805' title='bbox 1134 5621 1317 5689; x_wconf 87' lang='lat' dir='ltr'><strong>Colb.,</strong></span> <span class='ocrx_word' id='word_1_806' title='bbox 1346 5624 1480 5680; x_wconf 90' lang='lat' dir='ltr'><strong>duos</strong></span> <span class='ocrx_word' id='word_1_807' title='bbox 1504 5625 1672 5685; x_wconf 84' lang='lat' dir='ltr'><strong>Vatic.</strong></span> 
     </span>
    </p>
   </div>
   <div class='ocr_carea' id='block_1_107' title="bbox 93 5690 1675 5768">
    <p class='ocr_par' dir='ltr' id='par_1_107' title="bbox 93 5690 1675 5768">
     <span class='ocr_line' id='line_1_107' title="bbox 93 5690 1675 5768; baseline 0.008 -26"><span class='ocrx_word' id='word_1_808' title='bbox 93 5690 150 5744; x_wconf 90' lang='lat' dir='ltr'><strong>ln</strong></span> <span class='ocrx_word' id='word_1_809' title='bbox 185 5691 410 5768; x_wconf 64' lang='lat' dir='ltr'><strong>Eatensis</strong></span> <span class='ocrx_word' id='word_1_810' title='bbox 438 5693 579 5768; x_wconf 71' lang='lat' dir='ltr'><strong>etin</strong></span> <span class='ocrx_word' id='word_1_811' title='bbox 604 5695 876 5768; x_wconf 84' lang='lat' dir='ltr'><strong>nonnullis</strong></span> <span class='ocrx_word' id='word_1_812' title='bbox 908 5695 1056 5763; x_wconf 79' lang='lat' dir='ltr'><strong>Mss.,</strong></span> <span class='ocrx_word' id='word_1_813' title='bbox 1088 5697 1151 5748; x_wconf 92' lang='lat' dir='ltr'><strong>ab</strong></span> <span class='ocrx_word' id='word_1_814' title='bbox 1180 5697 1410 5750; x_wconf 88' lang='lat' dir='ltr'><strong>omnibus</strong></span> <span class='ocrx_word' id='word_1_815' title='bbox 1441 5709 1675 5768; x_wconf 86' lang='lat' dir='ltr'><strong>peccato-</strong></span> 
     </span>
    </p>
   </div>
   <div class='ocr_carea' id='block_1_108' title="bbox 88 5763 792 5817">
    <p class='ocr_par' dir='ltr' id='par_1_108' title="bbox 88 5763 792 5817">
     <span class='ocr_line' id='line_1_108' title="bbox 88 5763 792 5817; baseline 0.003 -3"><span class='ocrx_word' id='word_1_816' title='bbox 88 5778 211 5815; x_wconf 86' lang='lat' dir='ltr'><strong>rum</strong></span> <span class='ocrx_word' id='word_1_817' title='bbox 238 5767 449 5816; x_wconf 73' lang='lat' dir='ltr'><strong>nexibus</strong></span> <span class='ocrx_word' id='word_1_818' title='bbox 475 5763 792 5817; x_wconf 73' lang='lat' dir='ltr'><strong>desideratis.</strong></span> 
     </span>
    </p>
   </div>
   <div class='ocr_carea' id='block_1_109' title="bbox 163 5833 1676 5912">
    <p class='ocr_par' dir='ltr' id='par_1_109' title="bbox 163 5833 1676 5912">
     <span class='ocr_line' id='line_1_109' title="bbox 163 5833 1676 5912; baseline 0.006 -24"><span class='ocrx_word' id='word_1_819' title='bbox 163 5835 349 5892; x_wconf 75' lang='lat' dir='ltr'><strong>EPIST.</strong></span> <span class='ocrx_word' id='word_1_820' title='bbox 382 5833 472 5893; x_wconf 68' lang='lat' dir='ltr'><strong>XL</strong></span> <span class='ocrx_word' id='word_1_821' title='bbox 503 5834 609 5904; x_wconf 70' lang='grc' dir='ltr'><strong>[Αἰ.</strong></span> <span class='ocrx_word' id='word_1_822' title='bbox 635 5833 746 5904; x_wconf 78' lang='grc'><strong>47].</strong></span> <span class='ocrx_word' id='word_1_823' title='bbox 767 5861 838 5876; x_wconf 87' lang='grc'><strong><em>-</em></strong></span> <span class='ocrx_word' id='word_1_824' title='bbox 859 5842 883 5868; x_wconf 72' lang='grc' dir='ltr'>α</span> <span class='ocrx_word' id='word_1_825' title='bbox 911 5834 1032 5892; x_wconf 85' lang='lat' dir='ltr'><strong>Jam</strong></span> <span class='ocrx_word' id='word_1_826' title='bbox 1058 5851 1152 5895; x_wconf 84' lang='lat' dir='ltr'><strong>sex</strong></span> <span class='ocrx_word' id='word_1_827' title='bbox 1181 5837 1308 5894; x_wconf 91' lang='lat' dir='ltr'><strong>anni</strong></span> <span class='ocrx_word' id='word_1_828' title='bbox 1334 5848 1486 5896; x_wconf 89' lang='lat' dir='ltr'><strong>erant</strong></span> <span class='ocrx_word' id='word_1_829' title='bbox 1505 5854 1535 5896; x_wconf 91' lang='lat' dir='ltr'><strong>a</strong></span> <span class='ocrx_word' id='word_1_830' title='bbox 1557 5843 1676 5912; x_wconf 87' lang='lat' dir='ltr'><strong>qui-</strong></span> 
     </span>
    </p>
   </div>
   <div class='ocr_carea' id='block_1_110' title="bbox 373 5926 996 5990">
    <p class='ocr_par' dir='ltr' id='par_1_110' title="bbox 373 5926 996 5990">
     <span class='ocr_line' id='line_1_110' title="bbox 373 5926 996 5990; baseline -0.003 0"><span class='ocrx_word' id='word_1_831' title='bbox 373 5928 646 5990; x_wconf 71' lang='lat' dir='ltr'><strong>Pnnon.</strong></span> <span class='ocrx_word' id='word_1_832' title='bbox 675 5926 996 5990; x_wconf 80' lang='lat' dir='ltr'><strong>LXXVII.</strong></span> 
     </span>
    </p>
   </div>
   <div class='ocr_carea' id='block_1_111' title="bbox 1801 4694 3383 4770">
    <p class='ocr_par' dir='ltr' id='par_1_111' title="bbox 1801 4694 3383 4770">
     <span class='ocr_line' id='line_1_111' title="bbox 1801 4694 3383 4770; baseline 0.009 -27"><span class='ocrx_word' id='word_1_833' title='bbox 1801 4699 1999 4758; x_wconf 87' lang='lat' dir='ltr'><strong>vestra,</strong></span> <span class='ocrx_word' id='word_1_834' title='bbox 2032 4703 2053 4731; x_wconf 79' lang='grc' dir='ltr'><strong>ο</strong></span> <span class='ocrx_word' id='word_1_835' title='bbox 2081 4707 2198 4762; x_wconf 68' lang='lat' dir='ltr'><strong>quae</strong></span> <span class='ocrx_word' id='word_1_836' title='bbox 2222 4701 2406 4748; x_wconf 88' lang='lat' dir='ltr'><strong>nostra</strong></span> <span class='ocrx_word' id='word_1_837' title='bbox 2433 4702 2536 4759; x_wconf 83' lang='lat' dir='ltr'><strong>est,</strong></span> <span class='ocrx_word' id='word_1_838' title='bbox 2565 4694 2802 4751; x_wconf 80' lang='lat' dir='ltr'><strong>funditus</strong></span> <span class='ocrx_word' id='word_1_839' title='bbox 2823 4699 3053 4756; x_wconf 88' lang='lat' dir='ltr'><strong>evellere</strong></span> <span class='ocrx_word' id='word_1_840' title='bbox 3080 4710 3240 4770; x_wconf 87' lang='lat' dir='ltr'><strong>atque</strong></span> <span class='ocrx_word' id='word_1_841' title='bbox 3260 4717 3383 4759; x_wconf 87' lang='lat' dir='ltr'><strong>era-</strong></span> 
     </span>
    </p>
   </div>
   <div class='ocr_carea' id='block_1_112' title="bbox 1800 4783 3386 4860">
    <p class='ocr_par' dir='ltr' id='par_1_112' title="bbox 1800 4783 3386 4860">
     <span class='ocr_line' id='line_1_112' title="bbox 1800 4783 3386 4860; baseline 0.008 -22"><span class='ocrx_word' id='word_1_842' title='bbox 1800 4783 2002 4840; x_wconf 87' lang='lat' dir='ltr'><strong>dicare.</strong></span> <span class='ocrx_word' id='word_1_843' title='bbox 2043 4784 2267 4855; x_wconf 82' lang='lat' dir='ltr'><strong>Propter</strong></span> <span class='ocrx_word' id='word_1_844' title='bbox 2297 4785 2401 4841; x_wconf 92' lang='lat' dir='ltr'><strong>hoc</strong></span> <span class='ocrx_word' id='word_1_845' title='bbox 2428 4787 2628 4843; x_wconf 88' lang='lat' dir='ltr'><strong>etenim</strong></span> <span class='ocrx_word' id='word_1_846' title='bbox 2658 4789 2883 4860; x_wconf 90' lang='lat' dir='ltr'><strong>contigit</strong></span> <span class='ocrx_word' id='word_1_847' title='bbox 2910 4800 2967 4847; x_wconf 93' lang='lat' dir='ltr'><strong>ut</strong></span> <span class='ocrx_word' id='word_1_848' title='bbox 2988 4793 3386 4850; x_wconf 85' lang='lat' dir='ltr'><strong>ecclesiastico-</strong></span> 
     </span>
    </p>
   </div>
   <div class='ocr_carea' id='block_1_113' title="bbox 1799 4877 3382 4961">
    <p class='ocr_par' dir='ltr' id='par_1_113' title="bbox 1799 4877 3382 4961">
     <span class='ocr_line' id='line_1_113' title="bbox 1799 4877 3382 4961; baseline 0.009 -29"><span class='ocrx_word' id='word_1_849' title='bbox 1799 4892 1918 4932; x_wconf 88' lang='lat' dir='ltr'><strong>rum</strong></span> <span class='ocrx_word' id='word_1_850' title='bbox 1967 4877 2214 4933; x_wconf 89' lang='lat' dir='ltr'><strong>ordinum</strong></span> <span class='ocrx_word' id='word_1_851' title='bbox 2264 4895 2295 4935; x_wconf 88' lang='lat' dir='ltr'><strong>a</strong></span> <span class='ocrx_word' id='word_1_852' title='bbox 2343 4880 2584 4950; x_wconf 87' lang='lat' dir='ltr'><strong>plurimis</strong></span> <span class='ocrx_word' id='word_1_853' title='bbox 2636 4884 2895 4941; x_wconf 87' lang='lat' dir='ltr'><strong>sanctitas</strong></span> <span class='ocrx_word' id='word_1_854' title='bbox 2945 4888 3201 4956; x_wconf 89' lang='lat' dir='ltr'><strong>caderet,</strong></span> <span class='ocrx_word' id='word_1_855' title='bbox 3257 4890 3382 4961; x_wconf 82' lang='lat' dir='ltr'><strong>quia</strong></span> 
     </span>
    </p>
   </div>
   <div class='ocr_carea' id='block_1_114' title="bbox 1797 4995 3381 5077">
    <p class='ocr_par' dir='ltr' id='par_1_114' title="bbox 1797 4995 3381 5077">
     <span class='ocr_line' id='line_1_114' title="bbox 1797 4995 3381 5077; baseline 0.012 -26"><span class='ocrx_word' id='word_1_856' title='bbox 1797 4995 1897 5077; x_wconf 37' lang='lat' dir='ltr'><strong>b&#39;us</strong></span> <span class='ocrx_word' id='word_1_857' title='bbox 1945 4996 2198 5077; x_wconf 82' lang='lat' dir='ltr'><strong>Cyriacus</strong></span> <span class='ocrx_word' id='word_1_858' title='bbox 2239 4997 2883 5077; x_wconf 78' lang='lat' dir='ltr'><strong>constantinopolitanam</strong></span> <span class='ocrx_word' id='word_1_859' title='bbox 2926 5007 3146 5077; x_wconf 83' lang='lat' dir='ltr'><strong>regebat</strong></span> <span class='ocrx_word' id='word_1_860' title='bbox 3191 5011 3381 5070; x_wconf 84' lang='lat' dir='ltr'><strong>Eccle-</strong></span> 
     </span>
    </p>
   </div>
   <div class='ocr_carea' id='block_1_115' title="bbox 1793 5069 3378 5148">
    <p class='ocr_par' dir='ltr' id='par_1_115' title="bbox 1793 5069 3378 5148">
     <span class='ocr_line' id='line_1_115' title="bbox 1793 5069 3378 5148; baseline 0.014 -29"><span class='ocrx_word' id='word_1_861' title='bbox 1793 5069 1930 5121; x_wconf 90' lang='lat' dir='ltr'><strong>siam</strong></span> <span class='ocrx_word' id='word_1_862' title='bbox 1959 5110 1973 5135; x_wconf 90' lang='lat'><strong>,</strong></span> <span class='ocrx_word' id='word_1_863' title='bbox 2035 5069 2462 5148; x_wconf 70' lang='lat' dir='ltr'><strong>universalisque</strong></span> <span class='ocrx_word' id='word_1_864' title='bbox 2512 5069 2750 5148; x_wconf 78' lang='lat' dir='ltr'><strong>episcopi</strong></span> <span class='ocrx_word' id='word_1_865' title='bbox 2797 5069 3154 5148; x_wconf 63' lang='lat' dir='ltr'><strong>vocabulum,</strong></span> <span class='ocrx_word' id='word_1_866' title='bbox 3207 5069 3378 5142; x_wconf 78' lang='lat' dir='ltr'><strong>invito</strong></span> 
     </span>
    </p>
   </div>
   <div class='ocr_carea' id='block_1_116' title="bbox 1790 5139 3377 5215">
    <p class='ocr_par' dir='ltr' id='par_1_116' title="bbox 1790 5139 3377 5215">
     <span class='ocr_line' id='line_1_116' title="bbox 1790 5139 3377 5215; baseline 0.014 -25"><span class='ocrx_word' id='word_1_867' title='bbox 1790 5151 1978 5193; x_wconf 89' lang='lat' dir='ltr'><strong>sancto</strong></span> <span class='ocrx_word' id='word_1_868' title='bbox 2028 5139 2322 5209; x_wconf 84' lang='lat' dir='ltr'><strong>Gregorio,</strong></span> <span class='ocrx_word' id='word_1_869' title='bbox 2377 5139 2713 5215; x_wconf 63' lang='lat' dir='ltr'><strong>usurpabat;</strong></span> <span class='ocrx_word' id='word_1_870' title='bbox 2764 5139 3152 5213; x_wconf 36' lang='lat' dir='ltr'><strong>communione.</strong></span> <span class='ocrx_word' id='word_1_871' title='bbox 3197 5139 3377 5213; x_wconf 81' lang='lat' dir='ltr'><strong>tamen</strong></span> 
     </span>
    </p>
   </div>
   <div class='ocr_carea' id='block_1_117' title="bbox 1789 5220 2023 5264">
    <p class='ocr_par' dir='ltr' id='par_1_117' title="bbox 1789 5220 2023 5264">
     <span class='ocr_line' id='line_1_117' title="bbox 1789 5220 2023 5264; baseline -0.009 0"><span class='ocrx_word' id='word_1_872' title='bbox 1789 5220 2023 5264; x_wconf 83' lang='lat' dir='ltr'><strong>servata.</strong></span> 
     </span>
    </p>
   </div>
   <div class='ocr_carea' id='block_1_118' title="bbox 1787 5280 3379 5405">
    <p class='ocr_par' dir='ltr' id='par_1_118' title="bbox 1787 5280 3379 5405">
     <span class='ocr_line' id='line_1_118' title="bbox 1787 5280 3379 5405; baseline 0.015 -75"><span class='ocrx_word' id='word_1_873' title='bbox 1787 5347 1836 5402; x_wconf 71' lang='grc' dir='ltr'>Ε</span> <span class='ocrx_word' id='word_1_874' title='bbox 1863 5280 2155 5405; x_wconf 37' lang='lat' dir='ltr'><strong>blin.Colb.</strong></span> <span class='ocrx_word' id='word_1_875' title='bbox 2185 5290 2240 5339; x_wconf 90' lang='lat' dir='ltr'><strong>et</strong></span> <span class='ocrx_word' id='word_1_876' title='bbox 2268 5284 2479 5356; x_wconf 84' lang='lat' dir='ltr'><strong>Norm.,</strong></span> <span class='ocrx_word' id='word_1_877' title='bbox 2522 5289 2829 5344; x_wconf 82' lang='lat' dir='ltr'><strong>scandalum</strong></span> <span class='ocrx_word' id='word_1_878' title='bbox 2865 5296 3071 5364; x_wconf 78' lang='lat' dir='ltr'><strong>auferre</strong></span> <span class='ocrx_word' id='word_1_879' title='bbox 3109 5296 3175 5349; x_wconf 88' lang='lat' dir='ltr'><strong>de</strong></span> <span class='ocrx_word' id='word_1_880' title='bbox 3209 5299 3379 5354; x_wconf 86' lang='lat' dir='ltr'><strong>medio</strong></span> 
     </span>
     <span class='ocr_line' id='line_1_119' title="bbox 1839 5367 2050 5405; baseline 0.014 -3"><span class='ocrx_word' id='word_1_881' title='bbox 1839 5367 1894 5404; x_wconf 78' lang='lat' dir='ltr'><strong><em>CC</em></strong></span> <span class='ocrx_word' id='word_1_882' title='bbox 1915 5368 2050 5405; x_wconf 83' lang='lat' dir='ltr'><strong>estte.</strong></span> 
     </span>
    </p>
   </div>
   <div class='ocr_carea' id='block_1_119' title="bbox 1839 5367 2050 5408">
    <p class='ocr_par' dir='ltr' id='par_1_119' title="bbox 1839 5367 2050 5408">
     <span class='ocr_line' id='line_1_120' title="bbox 1839 5367 2050 5408; baseline 0.028 -6"><span class='ocrx_word' id='word_1_883' title='bbox 1839 5367 2050 5408; x_wconf 74' lang='grc' dir='ltr'><strong>ετιεδιιε.</strong></span> 
     </span>
    </p>
   </div>
   <div class='ocr_carea' id='block_1_120' title="bbox 1858 5423 3377 5512">
    <p class='ocr_par' dir='ltr' id='par_1_120' title="bbox 1858 5423 3377 5512">
     <span class='ocr_line' id='line_1_121' title="bbox 1858 5423 3377 5512; baseline 0.013 -36"><span class='ocrx_word' id='word_1_884' title='bbox 1858 5424 2033 5512; x_wconf 37' lang='lat' dir='ltr'><strong>blvita.</strong></span> <span class='ocrx_word' id='word_1_885' title='bbox 2064 5423 2180 5479; x_wconf 83' lang='lat' dir='ltr'><strong>XLI</strong></span> <span class='ocrx_word' id='word_1_886' title='bbox 2208 5426 2313 5512; x_wconf 57' lang='grc' dir='ltr'><strong>[Αζτ</strong></span> <span class='ocrx_word' id='word_1_887' title='bbox 2346 5427 2467 5512; x_wconf 35' lang='lat'><strong>.48]...</strong></span> <span class='ocrx_word' id='word_1_888' title='bbox 2495 5460 2565 5471; x_wconf 94' lang='lat'><strong>-—</strong></span> <span class='ocrx_word' id='word_1_889' title='bbox 2587 5439 2612 5466; x_wconf 73' lang='grc'><strong>³</strong></span> <span class='ocrx_word' id='word_1_890' title='bbox 2639 5431 2850 5500; x_wconf 85' lang='lat' dir='ltr'><strong>Norm.,</strong></span> <span class='ocrx_word' id='word_1_891' title='bbox 2891 5435 3201 5493; x_wconf 80' lang='lat' dir='ltr'><strong>medicinam</strong></span> <span class='ocrx_word' id='word_1_892' title='bbox 3237 5439 3377 5512; x_wconf 79' lang='lat' dir='ltr'><strong>lege-</strong></span> 
     </span>
    </p>
   </div>
   <div class='ocr_carea' id='block_1_121' title="bbox 1785 5498 2646 5559">
    <p class='ocr_par' dir='ltr' id='par_1_121' title="bbox 1785 5498 2646 5559">
     <span class='ocr_line' id='line_1_122' title="bbox 1785 5498 2646 5559; baseline 0.013 -13"><span class='ocrx_word' id='word_1_893' title='bbox 1785 5503 1888 5549; x_wconf 88' lang='lat' dir='ltr'><strong>rat.</strong></span> <span class='ocrx_word' id='word_1_894' title='bbox 1921 5498 2138 5559; x_wconf 74' lang='lat' dir='ltr'><strong>Kliem..</strong></span> <span class='ocrx_word' id='word_1_895' title='bbox 2171 5498 2494 5554; x_wconf 74' lang='lat' dir='ltr'><strong>medicinalis</strong></span> <span class='ocrx_word' id='word_1_896' title='bbox 2518 5514 2646 5558; x_wconf 90' lang='lat' dir='ltr'><strong>erat.</strong></span> 
     </span>
    </p>
   </div>
   <div class='ocr_carea' id='block_1_122' title="bbox 1854 5562 2553 5640">
    <p class='ocr_par' dir='ltr' id='par_1_122' title="bbox 1854 5562 2553 5640">
     <span class='ocr_line' id='line_1_123' title="bbox 1854 5562 2553 5640; baseline 0.014 -23"><span class='ocrx_word' id='word_1_897' title='bbox 1854 5562 1882 5600; x_wconf 66' lang='grc' dir='ltr'>δ</span> <span class='ocrx_word' id='word_1_898' title='bbox 1913 5567 2076 5640; x_wconf 65' lang='grc' dir='ltr'><strong>Υειίρ.</strong></span> <span class='ocrx_word' id='word_1_899' title='bbox 2107 5570 2164 5630; x_wconf 81' lang='grc' dir='ltr'><strong>Β,</strong></span> <span class='ocrx_word' id='word_1_900' title='bbox 2199 5573 2553 5640; x_wconf 86' lang='lat' dir='ltr'><strong>conjectorem.</strong></span> 
     </span>
    </p>
   </div>
   <div class='ocr_carea' id='block_1_123' title="bbox 1858 5637 3369 5723">
    <p class='ocr_par' dir='ltr' id='par_1_123' title="bbox 1858 5637 3369 5723">
     <span class='ocr_line' id='line_1_124' title="bbox 1858 5637 3369 5723; baseline 0.015 -35"><span class='ocrx_word' id='word_1_901' title='bbox 1858 5652 1880 5674; x_wconf 74' lang='grc' dir='ltr'><strong>υ</strong></span> <span class='ocrx_word' id='word_1_902' title='bbox 1916 5637 1993 5691; x_wconf 91' lang='lat' dir='ltr'><strong>De</strong></span> <span class='ocrx_word' id='word_1_903' title='bbox 2011 5639 2177 5723; x_wconf 64' lang='lat' dir='ltr'><strong>trium</strong></span> <span class='ocrx_word' id='word_1_904' title='bbox 2209 5637 2379 5723; x_wconf 73' lang='lat' dir='ltr'><strong>sancti</strong></span> <span class='ocrx_word' id='word_1_905' title='bbox 2409 5641 2548 5723; x_wconf 74' lang='lat' dir='ltr'><strong>Petri</strong></span> <span class='ocrx_word' id='word_1_906' title='bbox 2579 5644 2809 5723; x_wconf 83' lang='lat' dir='ltr'><strong>sedium,</strong></span> <span class='ocrx_word' id='word_1_907' title='bbox 2840 5649 3046 5723; x_wconf 85' lang='lat' dir='ltr'><strong>scilicet</strong></span> <span class='ocrx_word' id='word_1_908' title='bbox 3071 5649 3369 5723; x_wconf 71' lang='lat' dir='ltr'><strong>Romanae,</strong></span> 
     </span>
    </p>
   </div>
   <div class='ocr_carea' id='block_1_124' title="bbox 1783 5706 3370 5793">
    <p class='ocr_par' dir='ltr' id='par_1_124' title="bbox 1783 5706 3370 5793">
     <span class='ocr_line' id='line_1_125' title="bbox 1783 5706 3370 5793; baseline 0.013 -34"><span class='ocrx_word' id='word_1_909' title='bbox 1783 5706 2164 5793; x_wconf 50' lang='lat' dir='ltr'><strong>Alexandrina:</strong></span> <span class='ocrx_word' id='word_1_910' title='bbox 2215 5720 2284 5793; x_wconf 49' lang='grc' dir='ltr'><strong>ει</strong></span> <span class='ocrx_word' id='word_1_911' title='bbox 2319 5712 2674 5793; x_wconf 77' lang='lat' dir='ltr'><strong>_Antio_c_l_ien:e</strong></span> <span class='ocrx_word' id='word_1_912' title='bbox 2723 5706 2932 5775; x_wconf 86' lang='lat' dir='ltr'><strong>unitate</strong></span> <span class='ocrx_word' id='word_1_913' title='bbox 2998 5706 3370 5793; x_wconf 17' lang='lat' dir='ltr'><strong>videisupr&#39;a;</strong></span> 
     </span>
    </p>
   </div>
   <div class='ocr_carea' id='block_1_125' title="bbox 1782 5777 3368 5862">
    <p class='ocr_par' dir='ltr' id='par_1_125' title="bbox 1782 5777 3368 5862">
     <span class='ocr_line' id='line_1_126' title="bbox 1782 5777 3368 5862; baseline 0.013 -28"><span class='ocrx_word' id='word_1_914' title='bbox 1782 5777 1875 5834; x_wconf 93' lang='lat' dir='ltr'><strong>lib.</strong></span> <span class='ocrx_word' id='word_1_915' title='bbox 1899 5794 1990 5848; x_wconf 88' lang='lat' dir='ltr'><strong>vn,</strong></span> <span class='ocrx_word' id='word_1_916' title='bbox 2017 5782 2175 5850; x_wconf 86' lang='lat' dir='ltr'><strong>epist.</strong></span> <span class='ocrx_word' id='word_1_917' title='bbox 2201 5779 2290 5837; x_wconf 75' lang='grc'><strong>40.</strong></span> <span class='ocrx_word' id='word_1_918' title='bbox 2315 5781 2458 5854; x_wconf 84' lang='lat' dir='ltr'><strong>Lege</strong></span> <span class='ocrx_word' id='word_1_919' title='bbox 2480 5785 2848 5856; x_wconf 86' lang='lat' dir='ltr'><strong>llincmarnm,</strong></span> <span class='ocrx_word' id='word_1_920' title='bbox 2872 5805 3058 5862; x_wconf 89' lang='lat' dir='ltr'><strong>opusc.</strong></span> <span class='ocrx_word' id='word_1_921' title='bbox 3084 5793 3176 5862; x_wconf 83' lang='lat'><strong>55,</strong></span> <span class='ocrx_word' id='word_1_922' title='bbox 3199 5777 3254 5851; x_wconf 57' lang='lat' dir='ltr'><strong>c&#39;.</strong></span> <span class='ocrx_word' id='word_1_923' title='bbox 3273 5777 3368 5855; x_wconf 17' lang='lat' dir='ltr'><strong>illi:</strong></span> 
     </span>
    </p>
   </div>
   <div class='ocr_carea' id='block_1_126' title="bbox 2899 5948 2972 6010">
    <p class='ocr_par' dir='ltr' id='par_1_126' title="bbox 2899 5948 2972 6010">
     <span class='ocr_line' id='line_1_127' title="bbox 2899 5948 2972 6010; baseline 0.082 -6"><span class='ocrx_word' id='word_1_924' title='bbox 2899 5948 2972 6010; x_wconf 70' lang='lat' dir='ltr'><strong>Isi</strong></span> 
     </span>
    </p>
   </div>
  </div>
