3928 6342
491 318 628 381 1891

494 444 737 509 personae
762 440 870 484 non
892 436 992 495 pro
1019 418 1126 475 vita
1157 423 1211 473 et
1236 411 1463 477 actibus,
1494 408 1586 465 sed
1611 423 1707 479 pro
1736 409 1973 479 prtemi‘ts
1999 405 2062 462 ad
2093 404 2143 464 Α

493 505 586 587 eos
625 523 841 584 ordines
880 518 1235 573 adducuntur.
1276 510 1329 565 Si
1373 515 1549 563 autem
1584 519 1790 559 morum
1834 505 2026 558 merita
2055 541 2072 569 ,

1688 291 1861 354 SANC
1876 289 1927 347 I‘I
1968 285 2295 345 GREGORII
2332 282 2547 343 MAGNI

2168 398 2557 470 temporalem,
2609 392 2701 448 sed
2752 403 3000 445 aeternam
3050 386 3474 449 consolationem
3519 383 3761 451 mquam,

2179 510 2335 565 quam
2368 507 2462 562 per
2490 506 2577 545 me
2606 489 2894 557 impetrare
2921 502 3024 541 non
3050 484 3219 548 valeo,
3248 482 3344 537 sed
3372 478 3767 535 intercessione

3624 265 3761 325 12Ώί

498 572 689 678 :thon
722 613 940 687 praemia
966 613 1296 681 qumruntur,
1320 600 1387 657 ad
1409 598 1798 656 ordinationem
1833 608 2078 665 personas
2177 595 2372 645 vestra:
2402 582 2746 640 beatitudinis
2779 582 2914 639 Itane
2940 594 3025 687 me
3053 578 3296 683 obtinere
3320 572 3562 631 conﬁdo.

497 718 730 785 indigna:
773 726 878 766 non
925 706 1156 762 venient.
1199 700 1266 756 Et
1314 705 1461 753 tanto
1502 695 1621 766 plus
1661 693 1878 762 incipiet
1926 691 2078 746 vobis

499 819 706 863 merces
736 812 1073 865 accrescere,
1109 801 1307 864 quanto
1329 790 1455 846 boui
1487 788 1685 858 quique
1705 830 1719 853 ,
1746 788 1833 856 qui
1860 786 2077 840 adducti

504 900 570 953 ad
604 909 783 951 saeros
808 891 1024 946 ordines
1052 885 1291 950 fuerint,
1336 883 1404 938 de
1441 881 1740 936 animarum
1774 879 1935 934 lucris
1968 887 2083 933 stu-

500 990 712 1045 duerint
741 985 996 1054 cogitare.

1021 1067 1359 1126 EPISTULA
1395 1063 1556 1121 XLII.

665 1185 731 1223 AD
770 1178 1036 1222 ευιοςιυιι
1078 1171 1451 1214 PATRIAIICIIAH
1491 1165 1922 1208 ALEXANDRINUI.

499 1263 579 1319 De
605 1278 707 1315 non
748 1260 933 1312 amisso
963 1254 1229 1309 oculorum
1257 1252 1365 1304 visu
1386 1290 1401 1314 ,
1443 1264 1503 1301 ac
1534 1248 1597 1300 de
1641 1255 1791 1319 aucto
1829 1242 2086 1319 dominico

572 1349 721 1403 grege
757 1328 1067 1399 gratulatur.
1102 1323 1277 1376 Monet
1315 1329 1585 1403 susceptas
1634 1318 1779 1403 illius
1822 1316 2085 1403 eulogias‘,

576 1387 780 1458 ἷκετῖιοιῖ
803 1407 985 1464 parata
1027 1412 1134 1450 esse
1162 1391 1439 1464 grandiora
1477 1390 1644 1460 ligna,
1674 1389 1855 1457 quibus
1886 1387 1929 1439 si
1954 1394 2087 1455 eget,

574 1476 761 1529 scribat
784 1469 1073 1538 Bonifacio.

572 1564 862 1632 Gregorius
897 1558 1119 1627 Eulogio
1146 1554 1470 1624 patriarchae
1496 1549 1883 1607 Alexandrino.

576 1658 795 1726 Magnas
822 1648 1176 1719 omnipotenti
1206 1648 1317 1702 Deo
1356 1645 1557 1715 gratias
1603 1642 1883 1699 reddimus
1907 1681 1920 1704 ,
1969 1638 2091 1708 quia

507 1751 563 1804 in
593 1764 688 1803 ore
720 1746 898 1801 cordis
927 1742 1299 1811 experimento
1330 1738 1501 1791 dulcis
1522 1736 1580 1790 lit
1607 1750 1767 1804 sapor
1791 1732 2088 1800 charitatis,

512 1856 633 1896 cum
667 1839 920 1909 impletur
950 1837 1090 1907 quod
1122 1838 1377 1905 scriptum
1408 1842 1490 1888 est
1520 1850 1532 1885 :
1566 1832 1712 1887 Sicut
1742 1847 1875 1901 aqua
1905 1828 2096 1899 frigida

510 1934 738 1995 sitienti,
774 1933 845 1986 sic
872 1931 1083 1984 nuntius
1118 1930 1276 1983 bonus
1318 1928 1380 1981 de
1425 1938 1560 1981 terra
1602 1925 1879 1995 longinqua
1908 1922 2096 1992 (Prov.

515 2043 641 2097 xxv,
675 2024 791 2096 25).
832 2026 973 2080 Ante
998 2024 1101 2078 hoc
1124 2022 1267 2078 enim
1302 2020 1557 2090 temporis
1589 2018 1845 2074 Bonifacii
1875 2016 2099 2069 chartu-

512 2121 628 2175 larii
650 2163 665 2187 ,
695 2118 1020 2189 responsalis
1046 2117 1188 2183 mei,
1220 2114 1311 2185 qui
1342 2114 1396 2168 in
1428 2114 1564 2168 urbe
1594 2111 1741 2182 regia
1769 2111 2099 2173 demoratur,

514 2212 867 2265 vehementer
906 2224 992 2263 me
1034 2208 1235 2277 scripta
1280 2205 1666 2269 turbaverant,
1694 2215 1814 2272 qum
1850 2200 2103 2255 dicebant

522 2302 882 2355 dulcissimam
941 2299 1070 2353 mihi
1121 2307 1281 2367 atque
1334 2296 1703 2351 suavissimam
1759 2293 2100 2347 sanctitatem

525 2402 759 2447 vestram
809 2391 1077 2445 detectum
1127 2388 1373 2457 corporei
1412 2386 1629 2442 luminis
1670 2386 1977 2456 pertulisse.
2024 2384 2104 2439 Ex

526 2484 719 2554 quibus
768 2482 979 2551 scriptis
1016 2481 1163 2551 gravi
1207 2495 1440 2535 maerore
1490 2492 1778 2549 percussus
1822 2492 1965 2533 sum.
1999 2476 2107 2533 Sed

526 2574 726 2639 subito,
742 2572 1009 2627 Creatoris
1032 2586 1093 2625 ac
1112 2570 1484 2640 Redemptoris
1509 2571 1678 2624 nostri
1700 2568 1865 2637 gratia
1890 2580 2110 2637 prospe-

529 2675 687 2721 rante
711 2706 725 2731 ,
758 2663 1102 2719 beatitudinis
1128 2672 1319 2719 vestra:
1346 2662 1554 2730 suscepi
1596 2660 1878 2731 epistolam
1904 2704 1919 2727 ,
1962 2670 1988 2696 ⁸
2012 2668 2067 2716 et
2088 2699 2108 2729 ,

531 2769 714 2810 sanam
739 2754 808 2809 de
836 2768 901 2809 ea
931 2768 1091 2825 quam
1132 2753 1314 2808 audivi
1363 2753 1604 2823 corporis
1654 2751 1897 2805 molestia
1940 2765 2111 2820 agno-

530 2862 686 2903 scens
707 2885 722 2911 ,
752 2846 1014 2901 exsultavi
1040 2846 1411 2912 vehementer,
1442 2845 1563 2915 quia
1597 2852 1743 2897 tanta
1771 2843 1954 2898 laetitia
1983 2856 2111 2898 cor-

531 2938 617 2993 dis
646 2948 828 2993 secuta
858 2946 970 3005 est,
992 2946 1189 3006 quanta
1223 2936 1368 3004 prius
1398 2934 1626 2991 tristitiae
1652 2934 1950 2988 amaritudo
1976 2948 2114 3003 prte-

530 3042 790 3087 cesserat.
843 3031 1053 3088 Scimus
1101 3033 1244 3087 enim
1293 3034 1423 3101 quia
1471 3032 1525 3085 in
1577 3032 1961 3101 omnipotentis
2017 3030 2113 3087 Dei

524 3124 795 3192 adjutorio
821 3124 1112 3179 multorum
1144 3122 1290 3179 salus
1325 3132 1410 3179 est
1442 3123 1547 3177 vita
1573 3132 1769 3177 vestra.
1810 3123 1940 3176 Nam
1986 3131 2115 3177 tunc

525 3218 665 3273 inter
696 3218 889 3273 ﬂuctus
914 3228 1090 3273 nautae
1118 3220 1292 3273 securi
1336 3216 1623 3287 navigant,
1672 3216 1884 3287 quando
1917 3217 2113 3284 guber-

524 3317 681 3363 nator
707 3308 900 3364 doctus
928 3318 1090 3379 atque
1114 3307 1309 3363 artifex
1340 3306 1407 3361 ad
1436 3306 1572 3361 clavi
1598 3306 1835 3377 regimen
1865 3306 2038 3363 sedet.

596 3402 654 3457 In
680 3402 869 3458 salutis
898 3411 1078 3459 autem
1111 3411 1307 3458 vestrm
1338 3401 1532 3472 gaudio
1562 3399 1589 3437 ι)
1617 3401 1728 3456 lucc
1753 3416 1963 3471 quoque
1984 3400 2115 3456 mihi

530 3504 615 3551 est
641 3496 929 3552 exsultatio
956 3494 1134 3550 addita
1161 3536 1178 3563 ,
1209 3494 1331 3565 quia
1370 3503 1425 3548 et
1470 3491 1780 3548 imminutos
1808 3506 1903 3547 ore
1934 3502 2117 3547 vestro

532 3586 790 3642 Ecclesia:
832 3591 1013 3642 hostes
1040 3626 1057 3653 ,
1099 3594 1154 3643 et
1191 3586 1573 3656 multiplicatos
1601 3584 1899 3639 dominicos
1927 3600 2117 3656 greges

539 3678 756 3751 1248
781 3680 994 3752 θεηανί.
1037 3680 1300 3735 Crescunt
1345 3679 1489 3734 enim
1535 3676 1775 3748 quotidie
1800 3690 1897 3747 per
1924 3677 2119 3745 lingua

529 3780 725 3826 vestrae
750 3786 1023 3827 vomerem
1052 3785 1217 3841 grana
1248 3770 1487 3826 ctelestia
1514 3808 1528 3835 ,
1570 3777 1730 3837 atque
1768 3768 1823 3823 in
1871 3765 2120 3837 supernis

528 3862 743 3916 horreis
773 3863 1232 3931 multiplicantur;
1257 3864 1330 3917 ita
1354 3871 1413 3915 ut
1439 3862 1491 3916 in
1522 3862 1675 3916 vobis
1699 3860 1976 3930 impletum
1998 3872 2120 3916 esse

539 3952 869 4022 gaudeamus
896 3954 1039 4024 quod
1067 3954 1438 4022 scriptunyest
1468 3970 1482 4007 :
1517 3952 1616 4007 Ubi
1651 3954 1890 4022 plurima:
1909 3962 2118 4025 segetes,

539 4043 612 4097 ibi
655 4043 927 4113 manifesta
974 4046 1226 4115 fortitudo
1267 4046 1416 4100 boum
1459 4043 1641 4115 (Prov.
1674 4060 1798 4112 xlv,
1834 4046 1919 4115 ι).
1970 4046 2123 4102 Unde

536 4145 724 4207 aperte
752 4138 1075 4209 colligimus,
1105 4139 1231 4209 quia
1254 4148 1454 4208 quanto
1482 4139 1603 4211 plus
1628 4140 1695 4196 ad
1724 4142 2001 4196 servitium
2025 4138 2122 4196 Dei

536 4230 924 4299 omnipotentis
944 4231 1199 4301 fugitivos
1220 4232 1340 4301 ejus
1359 4232 1638 4300 reducitis,
1670 4242 1815 4289 tanto
1836 4234 1975 4302 apud
1998 4249 2123 4290 eum

534 4323 711 4393 majus
735 4326 985 4380 meritum
1024 4325 1251 4381 habetis.
1302 4326 1367 4381 Et
1406 4334 1607 4397 quanto
1654 4327 1904 4381 meritum
1948 4327 2121 4397 majus

534 4416 781 4487 accipitis
806 4458 822 4484 ,
855 4426 1005 4473 tanto
1034 4419 1259 4487 potestis
1284 4418 1515 4487 amplius
1547 4420 1839 4489 impetrare
1874 4436 1991 4490 qua:
2031 4434 2124 4489 pe-

540 4508 671 4563 titis.
704 4508 855 4579 Rogo
881 4524 1008 4581 ergo
1039 4519 1096 4564 ut
1125 4524 1222 4580 pro
1248 4526 1335 4566 me
1366 4519 1646 4579 peccatore
1675 4510 1886 4565 enixius
1913 4510 2078 4566 oretis
2099 4554 2116 4580 ,

2252 678 2499 735 Secundo
2524 692 2655 732 vero
2686 691 2826 731 anno
2856 674 2998 728 nulla
3028 670 3326 727 sanctitatis
3348 677 3548 725 vestra:
3573 665 3768 735 scripta

2182 771 2393 839 suscepi
2416 812 2429 831 ,
2460 780 2619 838 atque
2644 766 2864 823 omnino
2892 765 3245 820 contristatus
3272 776 3411 817 sum.
3455 759 3525 815 Et
3551 758 3769 827 quidem

2183 876 2362 920 vestra
2392 862 2695 917 benedictio
2719 901 2737 927 ,
2765 874 2921 926 quam
2952 859 3069 913 sine
3098 855 3323 925 epistola
3354 850 3735 907 transmisist‘ts
3754 890 3766 909 .

2184 957 2304 1011 data
2353 965 2511 1022 atque
2550 960 2797 1021 suscepta
2846 959 2951 1005 est.
2994 949 3103 1006 Sed
3153 947 3275 1016 quia
3309 946 3429 1015 plus
3474 958 3563 997 me
3609 941 3771 1008 lingua

2184 1058 2363 1103 vestra
2390 1061 2548 1116 quam
2577 1046 2697 1101 data
2730 1044 2963 1097 laetificat
2986 1080 3003 1107 ,
3032 1040 3258 1097 minoris
3293 1038 3485 1109 gratiae
3516 1050 3641 1089 esse
3670 1049 3772 1088 cre-

2186 1142 2295 1197 didi
2319 1156 2437 1210 quze
2457 1139 2745 1193 dabantur.
2769 1136 3115 1189 Communem
3140 1142 3318 1187 autem
3344 1130 3520 1184 [illum
3548 1127 3773 1195 Epipha-

2187 1236 2333 1291 nium
2366 1235 2647 1288 diaconum
2673 1273 2687 1296 ,
2720 1228 3026 1285 Alexandro
3055 1238 3217 1297 atque
3252 1224 3465 1280 lsidoro
3503 1218 3773 1276 sanctissi—

2191 1342 2293 1383 ma:
2313 1338 2335 1367 ο
2364 1326 2618 1382 Ecclesia:
2634 1330 2826 1378 vestrm
2845 1321 3082 1377 diaconis
3099 1319 3198 1375 ieci
3216 1318 3486 1380 scribere,
3500 1324 3558 1368 ut
3571 1324 3774 1368 consu-

2191 1432 2272 1479 ret
2299 1422 2424 1491 quia
2454 1435 2515 1474 ea
2548 1434 2667 1489 quas
2699 1418 3007 1473 transmissa
3035 1422 3159 1469 sunt
3185 1412 3583 1481 suscepissem.

2263 1511 2466 1578 Scripsi
2501 1524 2629 1564 vero
2667 1508 2791 1577 quia
2826 1506 3052 1579 grandia
3078 1505 3143 1560 ad
3174 1504 3403 1560 arbores
3439 1516 3509 1557 ac
3554 1511 3778 1555 temones

2195 1604 2470 1659 faciendos
2502 1602 2639 1670 ligna
2672 1614 3009 1670 paraveram.
3038 1597 3132 1655 sed
3162 1598 3315 1652 navis
3344 1607 3524 1665 parva
3555 1606 3675 1663 quae
3702 1605 3775 1645 reo

2197 1706 2367 1761 nerat,
2406 1698 2518 1750 tunc
2548 1704 2763 1764 portare
2794 1708 2901 1747 non
2932 1692 3103 1760 potuit
3128 1731 3141 1755 ,
3173 1698 3227 1744 et
3258 1688 3395 1742 nihil
3437 1687 3580 1741 mihi
3610 1684 3777 1740 eximie

2123 1793 2172 1859 Β
2198 1787 2573 1856 rescripsistis.
2610 1785 2761 1841 Unde
2783 1787 2829 1840 si
2852 1794 2973 1839 sunt
3002 1781 3299 1839 necessaria
3323 1822 3340 1847 ,
3375 1777 3665 1837 communi
3693 1778 3777 1831 tilia

2201 1879 2479 1935 Ilonitaeio
2506 1876 2735 1933 diacono
2766 1888 2952 1931 nostro
2978 1918 2991 1941 ,
3030 1889 3190 1945 quem
3224 1887 3373 1928 nunc
3400 1871 3473 1924 ad
3502 1870 3691 1923 urbem
3714 1884 3780 1921 re-

2200 1974 2345 2043 giam
2374 1988 2471 2042 pro
2503 1969 2761 2025 faciendis
2790 1969 3063 2038 responsis
3090 1965 3541 2026 transmittimus,
3568 1960 3778 2025 scribite,

2203 2076 2263 2120 ut
2291 2064 2422 2119 mihi
2456 2063 2571 2131 ipse
2592 2062 2855 2119 rescribat
2873 2069 3137 2129 quatenus
3166 2066 3584 2129 praeparentur,
3609 2064 3663 2108 ut
3684 2066 3782 2107 cum

2204 2156 2483 2215 beatitudo
2502 2164 2675 2211 vestra
2695 2152 3071 2213 transmiserit,
3092 2159 3275 2222 parata
3298 2149 3533 2204 valeant
3559 2144 3780 2200 inveniri.

2284 2249 2552 2304 Praeterea
2582 2244 2979 2301 transmisimus
3010 2258 3224 2298 crucem
3259 2240 3558 2311 parvulam
3581 2280 3599 2303 ,
3632 2240 3679 2291 in
3702 2253 3784 2307 qua

2208 2342 2275 2399 de
2306 2320 2509 2397 catenis
2537 2349 2838 2396 amatorum
2870 2346 3171 2393 vestrorum
3214 2344 3549 2393 sanctorum
3594 2333 3721 2388 Petri
3744 2342 3785 2386 et

2210 2436 2365 2494 Pauli
2392 2433 2753 2504 apostolorum
2780 2430 2979 2487 inserta
3007 2438 3092 2487 est
3114 2428 3456 2493 benedictio,
3493 2442 3620 2497 qua:
3647 2423 3786 2480 oculis

2212 2530 2405 2588 vestris
2466 2528 2679 2584 assidue
2725 2525 2753 2565 ἀ
2811 2533 3244 2596 superponatur,
3300 2524 3432 2594 quia
3491 2523 3665 2578 multa
3712 2536 3790 2590 per

2211 2622 2461 2680 eamdem
2490 2618 2920 2676 benedictionem
2945 2616 3198 2672 miracula
3229 2615 3347 2670 ﬁeri
3383 2621 3788 2669 consueverant.

2285 2714 2637 2783 Omnipotens
2667 2710 2810 2767 Deus
2838 2709 2987 2765 cordi
3044 2708 3400 2763 beatitudinis
3436 2718 3644 2762 vestra:
3678 2704 3795 2773 aspi-

2213 2818 2318 2875 ret,
2350 2817 2407 2863 ut
2435 2822 2535 2877 pro
2557 2821 2644 2862 me
2670 2820 2827 2861 orare
2853 2802 3063 2861 assidue
3086 2800 3317 2866 curetis,
3348 2810 3413 2857 et
3451 2815 3556 2855 vos
3584 2809 3795 2854 vestros-

2217 2916 2324 2972 que
2351 2915 2538 2957 omnes
2567 2913 2664 2954 sua
2720 2897 2940 2953 dextera
2968 2903 3245 2967 protegat,
3287 2904 3463 2964 atque
3508 2902 3627 2962 post
3658 2892 3802 2959 longa

2220 3009 2482 3052 annorum
2508 2992 2771 3050 curricula
2799 2992 2865 3047 ad
2893 2991 3133 3046 cmlestia
3164 3003 3332 3060 regna
3368 2990 3659 3056 perducat.

2295 3100 2319 3129 ⁸
2348 3089 2598 3158 Eulogias
2642 3102 2772 3143 vero
2810 3088 2978 3143 sancti
3020 3085 3182 3141 Marci
3212 3100 3243 3139 ιι
3275 3083 3605 3141 beatissima
3636 3081 3803 3136 Crater-

2137 3183 2190 3251 C
2220 3184 2387 3240 nitate
2411 3193 2587 3239 vestra
2616 3181 2960 3238 transmissas
2985 3194 3102 3235 cum
3138 3194 3201 3234 ca
3238 3178 3519 3233 charitate
3560 3191 3663 3246 qua
3700 3180 3804 3229 sunt

2216 3276 2433 3333 directa:
2471 3274 2768 3333 secundum
2819 3272 3060 3329 notitiam
3108 3286 3295 3327 earum
3346 3270 3807 3339 suscepimus.et

2217 3368 2415 3439 gratias
2440 3367 2653 3422 atl'ectui
2684 3376 2869 3421 vestro
2893 3364 3202 3431 referimus,
3244 3363 3382 3433 quia
3428 3376 3503 3419 ex
3554 3362 3639 3415 bis
3674 3371 3807 3414 exte-

2219 3460 2450 3517 rioribus
2489 3459 2679 3529 quales
2718 3472 2846 3528 erga
2895 3471 2992 3512 nos
3035 3456 3262 3513 interius
3297 3455 3426 3512 sitis
3452 3456 3807 3525 agnoscimus.

2220 3551 2400 3623 (Joan.
2434 3551 2610 3623 Diac.,
2642 3551 2730 3607 lib.
2762 3566 2837 3619 tv,
2864 3566 2915 3604 c.
2946 3547 3062 3620 52.)

2731 3662 3069 3722 EPISTOLA
3110 3661 3297 3718 XLIII.

2606 3796 2673 3834 AD
2712 3792 2947 3834 JOANNEI
2988 3792 3357 3833 PANORIIITANU
3367 3792 3431 3830 Η.

2226 3871 2390 3938 Quem
2414 3870 2585 3926 videre
2619 3870 2949 3942 peraptabat,
2983 3871 3274 3942 manerent
3318 3867 3515 3923 Sicilia
3560 3867 3807 3930 concedit,

2705 3942 2766 3996 ob
2796 3944 2986 4013 navigii
3016 3941 3317 4013 periculum.

2295 4036 2585 4109 Gregorius
2610 4034 2802 4091 ποιηηί
2834 4034 3237 4091 Panormitano.

2294 4130 2547 4183 Amorem
2574 4128 2715 4183 circa
2747 4141 2845 4182 nos
2871 4136 3110 4183 vestrum
3128 4167 3142 4193 ,
3170 4138 3328 4196 quem
3351 4124 3649 4193 corporali
3680 4121 3813 4175 nobis

2227 4221 2431 4277 visione
2457 4229 2481 4257 ι
2512 4218 2775 4275 voluimus
2802 4218 3081 4287 exhibere,
3111 4218 3325 4286 scriptis
3354 4226 3415 4272 et
3444 4216 3680 4289 [2‘9
3705 4229 3812 4281 ope

2225 4317 2372 4373 ribus
2399 4314 2611 4370 assidue
2640 4312 3041 4369 demonstratis.
3073 4311 3178 4367 Sed
3207 4310 3330 4381 quid
3352 4309 3501 4364 aliud
3533 4312 3663 4364 haec
3684 4306 3813 4362 exhi-

2226 4408 2403 4465 bendo
2444 4408 2601 4478 agitis
2626 4449 2642 4474 ,
2690 4407 2791 4462 nisi
2818 4416 2878 4463 ut
2906 4407 3025 4477 plus
3053 4419 3357 4477 quaeramus
3391 4404 3599 4459 videre
3625 4445 3645 4469 ,
3677 4416 3814 4471 quem

2225 4502 2483 4558 docemur
2508 4501 2738 4571 amplius
2764 4500 2989 4556 amare?
3023 4499 3087 4553 Et
3120 4499 3284 4569 paulo
3308 4500 3491 4551 minus
3517 4496 3646 4565 jam
3675 4496 3814 4549 etiam

534 4601 659 4669 quia
690 4610 747 4656 et
773 4601 928 4655 dolor
944 4575 1199 4671 corporis
1222 4645 1236 4667 ,
1271 4609 1326 4656 et
1354 4575 1661 4657 amaritudo
1689 4602 1868 4658 cordis
1891 4641 1906 4668 ,
1936 4610 1989 4658 et
2022 4575 2124 4657 im:-
2151 4575 2204 4637 D
2229 4610 2471 4652 murmur
2488 4594 2812 4664 accepimus,
2842 4593 2965 4663 quia
2995 4607 3101 4648 non
3133 4605 3419 4662 possumus
3442 4587 3655 4645 videre
3677 4600 3814 4657 ques

526 4706 717 4747 mensa
766 4697 988 4748 vastitas
1041 4692 1385 4748 mortalitatis
1438 4693 1581 4749 inter
1636 4700 1718 4749 tot
1770 4694 2118 4749 barbarorum

529 4785 740 4855 gladios
769 4801 858 4842 me
885 4785 1231 4842 vehementer
1260 4786 1469 4856 afﬂigit.
1500 4788 1647 4845 Inter
1670 4802 1789 4858 qua:
1809 4787 1988 4843 omnia
2010 4802 2119 4843 non

600 4926 779 4983 Eptsr.
813 4926 951 5011 XCII
979 4927 1084 5054 [611.
1111 4928 1224 5001 49].
1245 4958 1317 4971 —-
1340 4940 1367 4968 ει
1396 4928 1450 4985 In
1479 4930 1708 4995 Turon.,
1736 4929 1958 5012 Rheni”
1982 4928 2117 5013 Nor-

600 5014 674 5052 tn.
707 5011 761 5052 et
790 4998 958 5054 Vattc.
1038 5044 1051 5054 .
1083 5012 1129 5054 et
1167 5011 1375 5054 sanatos
1416 5003 1481 5054 de
1516 5017 1576 5054 ea
1621 5018 1854 5054 cornorts
1884 5004 2117 5054 molestia

527 5014 674 5054 man.
707 5011 761 5052 et
790 4998 958 5055 Vatic.
982 4998 1051 5065 Ι),
1083 5012 1129 5054 et
1167 4998 1375 5057 sanatos
1416 5003 1481 5056 de
1516 5017 1576 5055 ea
1621 5004 1854 5073 corporis
1884 5004 2117 5056 molestia

527 5086 632 5126 atra
663 5068 739 5121 vel
765 5086 920 5126 quam
947 5073 1237 5126 audieram.

525 5086 632 5138 qua
663 5084 737 5121 ret
765 5086 920 5139 quam
947 5084 1237 5127 audieram.

598 5138 626 5225 λζ
645 5139 924 5225 Ιξλοιηιειητ,
950 5142 1044 5196 Itur
1063 5159 1260 5225 quoque
1280 5145 1405 5225 mihi
1423 5150 1499 5198 est
1515 5144 1847 5225 avultationis
1861 5145 2116 5199 additum.

604 5219 627 5248 ο
658 5211 1029 5296 Innplerisqne
1067 5211 1248 5269 Norm.
1289 5216 1480 5296 legitur
1518 5216 1705 5296 gloria:
1746 5226 1959 5296 vestrm,
2013 5231 2119 5284 quo

530 5286 863 5408 sinentistulo
907 5286 1189 5355 episcopos
1232 5300 1262 5339 a
1311 5287 1569 5357 Gregorio
1618 5286 1963 5355 compellatos
2012 5302 2118 5343 non

592 5370 639 5421 gl
703 5370 732 5406 u
772 5394 785 5409 .

601 5423 629 5463 ά
655 5425 810 5511 Prius
850 5425 1125 5551 legebatur
1154 5438 1495 5510 supponatur,
1527 5428 1671 5498 quod
1707 5429 2116 5486 emendavimus

601 5496 855 5551 .Codtces
929 5508 1189 5551 attcanos.
1222 5500 1452 5551 Analtc.-
1484 5501 1670 5551 Norm.

536 5495 855 5580 ad‘C'odices
881 5495 1189 5580 vaticanos,
1215 5495 1453 5580 Anglic},
1484 5495 1670 5554 Norm.

610 5565 876 5638 eEulogia
926 5569 1066 5624 idem
1107 5571 1194 5623 hic
1241 5565 1511 5642 signiﬁed
1561 5586 1623 5627 ac
1674 5573 1973 5638 benedictio,
2008 5587 2114 5641 qua

610 5650 665 5693 ce
703 5642 861 5694 toties
888 5642 1053 5695 utitur
1081 5650 1299 5697 sanctus
1331 5642 1621 5698 Gregorius
1649 5644 1714 5698 ad
1762 5643 2111 5698 significanda

532 5649 665 5695 voce
703 5644 861 5694 toties
888 5644 1053 5695 utitur
1081 5650 1299 5697 sanctus
1331 5644 1621 5713 Gregorius
1649 5644 1714 5698 ad
1762 5644 2111 5713 signiﬁcanda

532 5721 759 5789 munera
788 5725 854 5764 ex
879 5710 1142 5789 charitate
1172 5713 1327 5789 data;
1354 5714 1564 5789 Eodem
1591 5728 1754 5789 sensu
1787 5724 2111 5789 usurpantur

536 5778 782 5851 eulogia},
826 5780 1027 5852 regulae
1062 5785 1243 5838 sancti
1294 5784 1565 5840 Benedicti
1613 5800 1663 5840 c.
1696 5785 1786 5841 54.
1820 5778 1952 5841 Vide
1990 5800 2111 5859 qua:

2225 4702 2489 4745 amamus.
2518 4688 2623 4743 Sed
2655 4686 2825 4742 adfuit
2845 4686 2935 4757 qui
2968 4685 3100 4739 mihi
3139 4682 3649 4753 impossibilitatem
3683 4680 3815 4736 nari-

2224 4784 2298 4852 gii
2322 4782 2349 4820 ι’
2373 4783 2441 4838 de
2462 4789 2637 4837 vestra
2662 4780 2833 4851 gloria
2855 4787 3121 4846 narraret,
3150 4785 3309 4848 atque
3331 4776 3456 4832 ideo
3475 4777 3637 4846 quod
3660 4773 3815 4831 amari

2214 4930 2448 4986 diximus
2472 4930 2537 4985 ad
2567 4928 2818 4998 epist._29
2862 4926 2959 4982 lib.
2989 4940 3104 4993 vttt,
3123 4931 3193 4998 Aet
3226 4922 3453 4998 consule
3482 4918 3816 4998 observatio-

2217 5017 2310 5056 nes
2340 5002 2508 5129 ngstsri
2549 4992 2686 5073 Ilug.
2719 4992 2959 5055 Menardi
2997 4998 3063 5051 ad
3094 4992 3377 5052 Concord.
3411 4994 3617 5063 Regul.
3658 5006 3711 5047 c.
3738 4992 3812 5053 ﬁl.

2217 5087 2340 5129 naa.
2418 5090 2431 5124 ι
2485 5112 2498 5127 .

2255 5088 2340 5127 an.
2371 5088 2498 5127 615.

2215 5087 2673 5217 Ρηὲιιῗείιῗάιῐη
2700 5142 2806 5217 [Αι,
2841 5140 2957 5213 50].
2978 5169 3049 5217 -τ
3077 5148 3103 5177 ⁸
3126 5137 3352 5217 Etcusi,
3393 5136 3651 5217 voluistis
3688 5132 3819 5217 exin}

2220 5215 2347 5270 beri.
2395 5214 2640 5271 Nostram
2684 5208 2970 5269 léctionein
3024 5212 3301 5268 hausimus
3339 5214 3404 5263 cx
3440 5208 3637 5263 V'atic.
3693 5212 3737 5263 Α
3776 5214 3815 5257 ει

2222 5287 2457 5371 Ilemig.,
2508 5290 2561 5341 in
2594 5286 2789 5359 quibus
2829 5286 2960 5341 solis
2998 5280 3303 5339 .Codicibus
3341 5281 3652 5355 epistolam
3699 5280 3817 5333 hanc

2221 5374 2545 5414 IﬂVBIllmllS.

2292 5430 2317 5467 ι)
2345 5430 2585 5484 Indicant
2616 5432 2730 5484 hazc
2752 5430 2915 5484 verba
2956 5426 3149 5481 falsum
3173 5440 3293 5483 esse
3324 5425 3543 5478 titulum
3583 5424 3816 5476 Excusa-

2218 5517 2360 5565 rum.
2390 5501 2585 5556 Joanni
2616 5500 2865 5555 Panorm.
2896 5499 3374 5571 episc0p0;7neque
3396 5496 3547 5571 eui-tt
3601 5488 3815 5571 ita:ch

2218 5574 2294 5628 bit
2324 5575 2389 5629 ad
2420 5574 2701 5644 episcopos
2729 5568 2941 5644 sanctus
2964 5570 3280 5641 Gregorius,
3312 5583 3492 5644 neque
3524 5568 3583 5620 in
3615 5570 3814 5644 crusta.

2223 5645 2285 5699 lis
2315 5646 2432 5699 aliis
2455 5637 2521 5699 ad
2564 5637 2823 5701 Joannem
2855 5637 3289 5711 Patt'orttiitanutn
3314 5637 3650 5711 episcopum
3678 5637 3807 5690 datis

2219 5716 2361 5773 istud
2383 5716 2550 5788 ipsius
2579 5716 2791 5773 videndi
2819 5710 3149 5773 desiderium
3168 5709 3430 5785 ostendit.
