3928 6342
115 314 248 373 £393

730 305 1212 368 EPISTOLARUM
1246 305 1373 363 LIB.
1414 302 1549 361 XIII.
1592 330 1665 346 —
1698 297 1946 359 INDICT.
1985 296 2077 355 Vl.
2114 324 2186 339 —-
2220 294 2439 355 EPIST.
2480 294 2643 352 XLV.

3223 298 3366 363 ιω

115 429 296 487 retinui
319 470 334 496 ,
368 436 424 485 et
452 425 591 498 quod
623 425 787 481 iratus
817 428 1017 480 fueram
1050 421 1283 493 peperci.
1331 419 1677 488 Omnipotens
1702 423 1759 484 Α
1788 411 1806 451 ί
1832 413 2021 468 Datum
2053 425 2235 468 mense
2265 412 2427 482 Aug.,
2457 410 2642 467 indict.
2682 406 2734 465 6.
2765 404 2946 481 (Joan.
2974 404 3153 480 Diam,
3182 410 3270 467 lib.
3304 426 3369 488 xi

116 525 249 581 Deus
273 538 366 579 sua
395 538 489 578 vos
520 521 850 591 protectione
876 519 1160 586 custodiat,
1189 524 1244 574 et
1269 529 1302 571 a
1324 515 1480 571 malis
1508 514 1681 572 omni-

116 621 211 672 bus
238 627 257 656 ε
286 616 454 688 gratia
485 615 729 671 continua
761 612 1030 668 defendat.

615 724 947 783 EPISTULA
998 723 1182 779 XLIV.

338 860 405 899 AD
430 858 669 899 JOANNEM
699 856 1109 897 ΡΔΝΟΒΜΙΤΑΝΒΜ
1139 852 1446 894 EPISCOPUM.

154 958 273 1023 Qua!
302 956 499 1011 clericis
524 956 631 1011 suis
650 958 800 1028 justa
824 955 1104 1026 petentibus
1138 953 1371 1025 promisit
1400 950 1645 1006 exhibeat.

186 1070 469 1140 Gregorius
500 1077 525 1105 ιι
550 1067 740 1123 Joanni
772 1067 1025 1136 episcopo
1056 1064 1450 1119 Panormitano.

187 1161 447 1230 lmplenda
505 1168 629 1213 sunt
692 1173 905 1227 semper
965 1156 1344 1227 postulantium
1397 1154 1684 1223 desideria,

116 1257 319 1327 quoties
343 1256 431 1309 illa
463 1262 753 1325 poscuntur
779 1269 895 1323 qua:
923 1268 952 1309 a
984 1254 1189 1307 ratione
1222 1269 1326 1307 non
1357 1252 1590 1306 deviam.
1626 1250 1692 1304 Et

118 1351 236 1405 ideo
274 1350 396 1421 quia
426 1348 669 1419 qumdam
698 1348 947 1418 capitula,
980 1362 1097 1416 quae
1126 1356 1467 1401 servaturum
1501 1354 1553 1398 te
1582 1345 1692 1398 cle-

119 1443 241 1498 ricis
271 1444 370 1497 tuis
413 1442 712 1512 petentibus
756 1440 1068 1509 promisisti,
1115 1448 1297 1493 nostra
1335 1437 1403 1491 ab
1441 1435 1567 1491 eisb
1592 1450 1691 1506 po-

118 1535 370 1589 stulamur
396 1533 717 1587 auctoritate
751 1532 982 1593 firmare,
1013 1528 1400 1585 fraternitatem
1434 1536 1576 1582 tuam
1607 1529 1690 1583 bis

121 1627 392 1682 hortamur
420 1626 687 1693 affatibus,
715 1634 770 1680 ut
795 1640 857 1680 ea
879 1640 999 1695 qua:
1027 1624 1312 1695 prmsentia
1340 1623 1535 1693 scripta
1559 1636 1691 1683 con-

120 1720 425 1775 tinent‘sine
466 1718 641 1789 aliqua
674 1718 866 1773 debeat
910 1716 1266 1787 refragatioue
1305 1728 1543 1771 scrvare.
1574 1713 1689 1770 Pri-

1781 521 1829 560 ε.
1858 502 1977 578 54.)

2283 584 2309 612 ιι
2339 573 2670 632 EPISTOLA
2720 570 2863 631 XLV

2525 686 2615 724 seu

2199 785 2642 855 CAPITULARE
2681 785 2967 844 PRIMUM.

2204 920 2272 959 ΔΙ)
2310 919 2547 959 ΣοΑΝΝΕΠ
2586 916 2950 958 DEFENSOREI.

1790 1019 1930 1084 Quid
1955 1019 2009 1094 in
2037 1017 2297 1094 Januarii,
2334 1019 2637 1094 Malacitani
2661 1023 2905 1091 episcopi,
2930 1022 3202 1094 cujusdam
3222 1021 3363 1076 illius

1862 1092 2157 1161 presbyteri,
2209 1092 2690 1165 necnonVStephani
2727 1093 2948 1165 episcopi
2990 1092 3165 1147 causis
3195 1095 3368 1163 inqui.

1858 1165 2073 1217 rendam
2103 1179 2164 1216 ac
2190 1164 2512 1217 statuendum
2536 1166 2623 1218 sit.

1862 1255 2152 1325 Gregorius
2205 1254 2395 1311 Joanni
2447 1256 2718 1313 defensori
2770 1257 2825 1312 in
2880 1258 3093 1315 nomine
3159 1256 3373 1315 Domini

1791 1348 1936 1401 eunti
1968 1347 2020 1401 in
2055 1348 2383 1416 ilispaniam.

1869 1442 1925 1495 ln
1957 1440 2144 1511 primis
2172 1443 2549 1511 requirendum
2582 1452 2669 1499 est
2703 1443 2773 1499 de
2812 1458 3039 1513 persona
3073 1443 3376 1517 presbyteri

1794 1532 2131 1589 dilectissimi
2182 1533 2363 1588 fratris
2435 1544 2489 1589 et
2537 1534 2839 1604 coepiscopi
2905 1534 3075 1592 nostri
3132 1535 3374 1591 Januarii

1796 1622 1991 1694 (Grat.,
2022 1626 2077 1692 2,
2116 1642 2169 1695 q.
2222 1629 2274 1691 1,
2315 1643 2363 1680 c.
2396 1626 2491 1695 7);
2546 1636 2599 1683 et
2642 1626 2687 1682 si
2715 1629 2788 1682 ita
2830 1642 2890 1683 se
2936 1627 3137 1684 veritas
3182 1628 3368 1698 habet,

1794 1717 1935 1772 sicut
1958 1716 2197 1787 ejusdem
2227 1720 2459 1789 episcopi
2490 1719 2673 1789 petitio
2702 1721 2961 1788 continet,
2994 1722 3045 1775 in
3076 1720 3370 1777 Ecclesiam

124 1830 284 1878 mum,
334 1821 389 1867 ut
432 1812 499 1868 de
529 1812 784 1867 reditibus
817 1811 1071 1867 Ecclesia:
1113 1818 1352 1879 quartam
1396 1809 1449 1865 in
1485 1808 1694 1878 integro
1723 1810 1772 1873 B
1797 1818 1955 1880 atque
1980 1810 2033 1865 in
2064 1812 2237 1866 locum
2265 1826 2422 1867 suum
2447 1812 2619 1867 modis
2648 1812 2895 1868 omnibus
2924 1811 3064 1867 idem
3096 1813 3376 1882 presbyter

122 1908 413 1976 portionem
448 1903 704 1959 Ecclesia:
728 1912 831 1958 tuae
860 1904 1071 1959 clericis
1099 1902 1391 1959 secundum
1420 1902 1693 1967 meritum,

120 2000 205 2055 vel
232 2000 481 2065 officium,
516 2000 631 2053 sive
672 1997 907 2052 laborem
951 2011 1130 2061 suum,
1163 2004 1222 2050 ut
1264 1995 1379 2064 ipse
1408 1993 1695 2063 unicuique

122 2092 249 2147 dare
294 2091 653 2162 pr05pexeris,
686 2091 802 2145 sine
847 2089 1024 2159 aliqua
1071 2088 1311 2158 prmbere
1342 2088 1539 2142 debeas
1587 2096 1697 2141 tar-

122 2186 305 2241 ditate.
340 2186 412 2240 De
449 2183 550 2239 hoc
579 2199 706 2239 vero
750 2180 889 2254 quod
917 2198 983 2238 ex
1028 2181 1265 2238 fidelium
1306 2180 1579 2235 oblatione
1608 2194 1699 2235 ac-

122 2277 363 2341 cesserit,
395 2284 637 2345 quartam
664 2285 872 2346 partem
906 2277 957 2329 in
1000 2274 1206 2348 solidis,
1233 2272 1315 2327 vel
1346 2272 1581 2333 cellario,
1618 2271 1697 2326 eis

117 2371 265 2440 juxta
306 2370 583 2439 pristinam
640 2368 1083 2425 consuetudinem
1141 2368 1269 2422 dare
1310 2380 1415 2420 non
1458 2364 1695 2419 differas.

124 2462 341 2534 Reliqua
393 2471 568 2517 autem
600 2461 779 2515 omnia
815 2459 1031 2514 mobilia
1066 2459 1120 2513 in
1165 2466 1251 2513 tua
1278 2457 1511 2512 retineas
1548 2464 1700 2525 pote-

121 2564 277 2609 state.
310 2552 601 2608 lmmobilia
634 2552 778 2607 enim
806 2550 1183 2609 ecclesiasticis
1221 2548 1482 2604 reditibus
1512 2561 1700 2617 aggre-

119 2656 331 2719 gentur,
369 2655 424 2700 ut
456 2645 803 2715 multiplicata
850 2644 1147 2715 quantitate
1172 2651 1193 2679 °
1219 2641 1537 2697 clericorum
1577 2648 1700 2695 tuo.

118 2755 236 2795 rum
267 2746 477 2807 quarta,
509 2738 617 2792 Deo
648 2738 927 2807 largiente,
963 2736 1269 2805 proficiant.

193 2830 219 2866 ά
240 2829 579 2885 Tabularium
620 2839 795 2883 autem
834 2843 934 2883 una
958 2842 1081 2882 eum
1110 2840 1376 2881 consensu
1424 2825 1699 2880 seniorum

118 2931 171 2975 et
202 2922 327 2975 cleri
354 2921 661 2974 memineris
684 2918 1061 2985 ordinandum,
1088 2918 1177 2988 qui
1211 2919 1364 2973 annis
1389 2918 1613 2989 singulis
1632 2920 1701 2975 ad

116 3014 496 3083 amputandam
556 3013 760 3067 ftaudis
800 3012 1529 3083 suSpicionem‘solemuiter
1577 3028 1702 3067 suas

116 3108 313 3161 debeat
339 3107 570 3161 rationes
600 3120 891 3175 exponere.
935 3104 1337 3160 Vindemiarum
1366 3114 1545 3158 autem
1573 3114 1704 3158 tern-

1799 1913 2096 1957 revocetur.
2131 1902 2189 1957 Si
2217 1912 2398 1958 autem
2426 1902 2626 1957 dictum
2659 1903 2818 1959 fuerit
2847 1904 2968 1973 quia
2992 1914 3175 1959 contra
3200 1903 3377 1972 ipsum

1797 2008 1961 2051 causa
1988 1995 2167 2064 aliqua
2195 2004 2337 2050 mota
2368 1995 2480 2051 sive
2528 1996 2748 2064 probata
2787 2006 2891 2061 est,
2925 1996 3215 2061 subtiliter,
3257 1996 3377 2063 ipso

1798 2094 2063 2157 praesente
2090 2094 2144 2141 et
2188 2101 2284 2156 pro
2327 2102 2387 2142 se
2415 2086 2677 2142 rationem
2718 2088 2997 2156 reddente,
3027 2089 3373 2159 qumrendum

1799 2188 1883 2236 est
1901 2188 1958 2235 et
1985 2196 2155 2249 genus
2183 2194 2381 2247 causae,
2422 2190 2477 2237 et
2508 2182 2700 2237 modus
2723 2181 3078 2251 probationis,
3104 2191 3161 2237 ut
3180 2198 3245 2237 ex
3280 2184 3379 2239 hoc

1800 2283 1946 2330 recte
1972 2276 2225 2345 colligere
2247 2277 2430 2333 valeas
2468 2286 2652 2332 utrum
2692 2276 2867 2332 adhuc
2891 2277 2946 2332 in
2975 2278 3165 2333 exsilio
3192 2278 3383 2332 demo-

1800 2369 1929 2434 rari,
1977 2384 2045 2424 an
2074 2378 2221 2425 certe
2263 2370 2319 2426 in
2355 2370 2652 2427 Ecclesiam
2686 2385 2837 2427 suam
2867 2380 2922 2427 et
2946 2371 3179 2427 officium
3221 2387 3379 2429 suum

1802 2461 1995 2518 debeat
2019 2465 2281 2518 revocari.

1876 2554 1955 2610 De
2001 2556 2351 2626 suprascripti
2378 2570 2511 2613 vero
2558 2558 2797 2628 episcopi
2844 2571 3074 2628 persona
3125 2558 3228 2613 hoc
3273 2565 3388 2613 sta-

1804 2647 2066 2702 tuendum
2120 2658 2223 2714 est,
2281 2657 2341 2704 ut
2383 2649 2429 2703 si
2477 2648 2625 2704 nulla
2677 2658 2865 2705 contra
2912 2665 3035 2705 eum
3086 2649 3382 2707 criminalis

1804 2750 1990 2804 causa,
2024 2752 2142 2807 qua:
2170 2739 2363 2795 exsilio
2400 2739 2487 2794 vel
2530 2739 2868 2809 depositione
2897 2741 3054 2809 digna
3083 2748 3189 2808 est,
3236 2750 3383 2795 mota

1804 2830 1919 2884 sive
1946 2831 2162 2898 probata
2188 2840 2288 2895 est,
2318 2832 2364 2887 is
2388 2833 2479 2902 qui
2516 2847 2580 2887 eo
2622 2834 2914 2903 superstite
2938 2833 3219 2903 episcopus
3256 2848 3386 2903 per-

1808 2937 1965 2979 verse
1991 2938 2056 2979 ac
2091 2933 2279 2980 contra
2312 2939 2549 2981 canones
2594 2925 2653 2980 in
2700 2924 2938 2980 Ecclesia
2977 2926 3093 2995 ejus
3139 2927 3386 2981 ordinari

1809 3019 2172 3087 praesumpsit,
2204 3019 2507 3073 sacerdOtio
2536 3020 2796 3087 privatus,
2840 3019 2907 3075 ab
2940 3020 3085 3074 omni
3128 3020 3387 3075 ecclesia-

1808 3111 1945 3164 stico
1984 3110 2280 3165 ministerio
2334 3111 2646 3180 repellatur.
2698 3110 2800 3178 Qui
2840 3108 3004 3165 etiam
3033 3109 3207 3165 eidem
3252 3111 3389 3165 dile-

116 3213 252 3269 pore
298 3198 434 3253 idem
466 3199 640 3253 clerus
686 3197 898 3252 emendi
945 3198 1125 3251 viuum
1167 3197 1235 3251 de
1276 3196 1700 3264 possessionibus
1726 3199 1774 3265 ε
1805 3205 2043 3261 ctissimo
2084 3202 2336 3258 Januario
2383 3202 2533 3256 fratri
2582 3209 2637 3256 et
2663 3202 2986 3272 coepiscOpo
3037 3212 3223 3257 nostro
3266 3210 3380 3257 ιη-

118 3292 380 3345 Ecclesia:
412 3300 514 3345 tuae
558 3290 623 3345 ad
651 3289 797 3360 justa
841 3290 1030 3360 pretia,
1077 3292 1128 3344 in
1174 3300 1431 3360 quantum
1466 3290 1703 3345 venden-

117 3386 250 3440 dum
279 3397 382 3452 est,
412 3385 707 3441 remedium
740 3394 1116 3456 consequatur.
1157 3384 1291 3440 Nam
1339 3386 1471 3440 satis
1516 3394 1703 3440 contra

118 3479 383 3535 rationem
435 3487 519 3534 est
566 3489 625 3535 ιιι
674 3480 814 3551 quod
854 3488 1029 3551 potest
1076 3482 1347 3537 estraneis
1384 3482 1703 3549 venundari,

116 3573 332 3627 clericis
374 3574 499 3629 dato
532 3575 701 3643 pretio
747 3574 1057 3646 denegetur.
1110 3575 1484 3633 Possessiones
1523 3578 1702 3646 igitur,

115 3666 211 3721 vel
238 3667 281 3719 si
308 3682 409 3736 qua
437 3677 558 3721 sunt
588 3668 691 3722 alia
722 3668 1089 3725 ecclesiastico
1112 3668 1219 3739 juri
1249 3670 1629 3739 competentia,
1653 3679 1707 3725 et

112 3762 186 3814 ab
217 3761 487 3816 extraneis
540 3760 775 3817 indebite
802 3763 1131 3830 detinentur,
1168 3779 1289 3818 cum
1340 3764 1485 3818 omni
1529 3764 1707 3819 studio

113 3862 336 3907 servata
385 3853 677 3920 civilitate,
731 3856 781 3909 in
810 3853 899 3925 jus
948 3854 1204 3910 Ecclesia:
1253 3864 1356 3910 tuae
1396 3864 1420 3893 ⁸
1456 3871 1707 3923 reparare

113 3944 338 4007 festina,
368 3953 425 4000 ut
451 3947 726 4016 negligens
753 3948 803 3999 in
855 3946 1033 4017 aliquo
1072 3946 1243 4002 videri
1273 3964 1377 4002 non
1420 3949 1615 4005 valeas.
1647 3947 1707 4005 Si

112 4038 248 4106 quid
279 4040 442 4109 igitur
470 4039 538 4093 de
569 4054 891 4110 quocunque
923 4039 1120 4095 clerico
1152 4038 1221 4095 ad
1255 4056 1413 4096 aures
1439 4051 1559 4096 tuas
1586 4057 1709 4110 per-

110 4133 329 4187 venerit
352 4134 492 4204 quod
524 4142 573 4190 te
591 4134 735 4205 juste
762 4136 929 4204 possit
954 4134 1225 4192 ofiettdere
1246 4136 1444 4207 (Grat.,
1468 4137 1589 4190 dist.
1614 4136 1706 4204 8t},

110 4244 162 4281 c.
202 4227 295 4293 :25,
319 4244 465 4282 caus.
495 4229 582 4294 15,
605 4246 655 4299 q.
692 4231 745 4295 7,
773 4247 819 4284 c.
844 4230 925 4297 ἢ),
954 4230 1108 4286 facile
1146 4247 1251 4286 non
1282 4232 1496 4297 credas,
1526 4245 1623 4285 nec
1643 4230 1708 4285 ad

110 4322 414 4376 vindictam
452 4333 502 4378 te
533 4337 619 4377 res
657 4322 916 4378 accendat
957 4322 1263 4393 incognita;
1303 4324 1397 4380 sed
1428 4324 1711 4393 praesenti-

108 4418 222 4472 bus
276 4418 582 4472 senioribus
631 4418 886 4474 Ecclesia:
932 4430 1035 4474 tum
1075 4420 1358 4488 diligenter
1383 4430 1465 4475 est
1500 4420 1709 4491 1250

105 4510 325 4565 veritas
370 4510 774 4581 perscrutanda,
806 4520 859 4565 et
906 4522 1028 4567 tunc
1074 4512 1117 4566 si
1148 4512 1375 4580 qualitas
1426 4512 1502 4565 rei
1545 4526 1710 4580 popo-

1808 3296 2019 3351 dendus
2049 3302 2152 3359 est,
2181 3304 2238 3349 ut
2274 3303 2365 3347 aut
2392 3293 2460 3348 ab
2484 3294 2601 3361 ipso
2626 3293 2679 3346 in
2709 3292 2949 3349 custodia
2981 3292 3262 3354 habeatur,
3293 3297 3389 3347 aut

1809 3396 1954 3444 certe
1970 3387 2038 3441 ab
2067 3401 2133 3442 eo
2154 3386 2220 3440 ad
2250 3400 2348 3440 nos
2370 3400 2464 3454 per
2490 3385 2669 3440 omnia
2699 3384 3110 3440 transmittatur.
3139 3384 3390 3454 Episcopi

1808 3496 1937 3537 vero
1959 3480 2050 3550 qui
2080 3495 2203 3536 eum
2230 3480 2633 3545 ordinaverunt,
2657 3479 2739 3534 vel
2768 3479 3088 3535 ordinationi
3115 3478 3232 3549 ejus
3256 3495 3388 3535 con-

1809 3576 2106 3631 sentientes
2151 3573 2532 3639 interfuerunt,
2584 3573 2637 3628 in
2680 3588 2781 3628 sex
2831 3573 3107 3629 mensibus
3135 3572 3396 3629 dominici

1809 3668 2052 3736 corporis
2082 3676 2134 3721 et
2153 3666 2430 3736 sanguinis
2453 3666 2829 3721 communione
2848 3665 3062 3735 privati,
3093 3679 3252 3737 agere
3275 3679 3391 3735 poe-

1811 3758 2097 3812 nitentiam
2127 3757 2484 3812 decernantur
2512 3756 2571 3811 in
2610 3756 2963 3824 monasterio,
2998 3766 3054 3812 et
3091 3757 3394 3826 suprascri-

1811 3858 1932 3919 ptus
1958 3850 2241 3905 Januarius
2268 3849 2385 3905 loco
2413 3858 2467 3905 et
2487 3847 2665 3904 ordini
2694 3862 2795 3903 suo
2823 3849 2995 3904 modis
3022 3850 3274 3904 omnibus
3304 3865 3388 3905 re-

1809 3942 2093 3999 formetur.
2126 3942 2183 3997 δί
2212 3956 2342 3997 vero
2368 3941 2747 3998 communione
2796 3940 3013 4010 privatis
3042 3942 3231 3999 mortis
3258 3956 3393 3999 con-

1814 4035 1993 4105 tigerit
2045 4035 2331 4090 imminere
2379 4035 2701 4105 periculum,
2746 4034 3051 4089 benedictio
3093 4036 3174 4091 eis
3218 4035 3398 4093 viatici

1810 4142 1918 4182 non
1944 4135 2189 4197 negetur.
2226 4127 2284 4183 Si
2314 4136 2492 4183 autem
2514 4126 2750 4196 episcopi
2780 4126 2837 4181 in
2869 4125 3238 4197 praejudicium
3264 4141 3397 4182 con-

1810 4221 2175 4278 demnationis
2218 4220 2304 4278 vel
2349 4220 2705 4289 depositionis
2740 4221 3023 4275 memorati
3066 4219 3305 4288 episcopi
3332 4233 3396 4276 se

1815 4322 1961 4369 metu
2003 4313 2198 4382 judicis
2239 4313 2584 4369 consensisse
2620 4327 2685 4367 ac
2726 4311 2853 4367 talia
2903 4309 3096 4367 fecisse
3139 4325 3249 4365 non
3297 4324 3393 4365 sua

1813 4416 2008 4477 sponte
2046 4407 2173 4461 fassi
2213 4407 2433 4471 fuerint,
2481 4413 2535 4461 et
2586 4413 2796 4474 tempus
2844 4404 2926 4458 eis
2973 4401 3394 4458 abbreviandum

1813 4512 1913 4567 est,
1939 4513 1991 4557 et
2022 4502 2209 4558 modus
2239 4503 2572 4571 poenitentiae
2616 4498 3011 4569 temperandus.
3043 4498 3102 4553 Si
3146 4514 3273 4553 vero
3304 4500 3396 4555 ille

104 4603 310 4668 scerit,
362 4606 617 4659 canonica
650 4605 916 4659 districtio
956 4604 1167 4672 culpam
1207 4604 1362 4658 feriat
1393 4604 1705 4671 delinqueu-
1730 4593 1787 4661 D
1813 4597 1901 4664 qni
1942 4596 2117 4650 locum
2142 4595 2260 4664 ejus
2278 4594 2473 4651 invasit
2502 4594 2567 4647 de
2598 4591 2700 4646 hac
2730 4590 2957 4646 fortasse
2986 4591 3104 4645 luce
3131 4591 3397 4662 migrave-

105 4696 209 4751 tis.
246 4696 379 4753 llmc
415 4698 591 4766 itaque
616 4698 794 4752 omnia
818 4699 892 4752 sic
929 4696 1154 4752 sollicite
1194 4712 1257 4751 ac
1288 4705 1567 4751 mansuete
1596 4706 1708 4750 stu-

102 4789 189 4844 dii
224 4790 305 4845 tui
355 4792 425 4845 sit
466 4791 761 4855 custodire,
814 4800 1080 4860 quatenus
1113 4805 1213 4845 nec
1245 4800 1298 4844 tu
1340 4788 1711 4858 promissionis

100 4892 225 4938 tum
259 4884 497 4938 videaris
540 4886 821 4938 immemor
863 4884 1151 4946 exstitiSse,
1202 4896 1299 4936 nec
1326 4881 1400 4934 illi
1431 4889 1614 4935 contra
1660 4889 1710 4935 te

93 4975 322 5050 justam
375 4976 711 5033 oceasionem
761 4977 1003 5034 invenire
1044 4976 1259 5042 valeant
1309 4973 1704 5029 murmuraudi.

194 5133 219 5159 ο
244 5119 306 5173 In
328 5118 588 5186 V'ulgatis,
618 5118 784 5185 gratia
820 5116 1046 5170 assidua.

185 5190 378 5244 Ειηετ.
430 5184 588 5259 XLIV
620 5184 733 5259 [Αἰ.
785 5186 898 5258 51].
929 5217 999 5227 --
1026 5187 1128 5242 “in
1174 5201 1281 5244 uno
1323 5202 1391 5243 ex
1438 5184 1705 5255 Colbert.,

1818 4688 1890 4741 rit
1924 4690 2130 4760 1251
2161 4696 2215 4742 et
2254 4688 2388 4740 alter
2424 4693 2511 4739 est
2540 4685 2839 4750 ordinatus,
2871 4684 2995 4753 quia
3038 4681 3203 4738 levior
3241 4682 3396 4754 culpa

1816 4781 2047 4845 videtur,
2096 4795 2218 4833 cum
2248 4794 2354 4835 non
2393 4778 2546 4847 quasi
2588 4778 2675 4831 isti
2717 4775 3019 4845 superstiti,
3051 4776 3146 4829 sed
3188 4789 3397 4830 succes-

1820 4872 1956 4928 sisse
1985 4871 2238 4927 defuncto
2268 4870 2533 4934 videatur,
2565 4868 2904 4938 episcopatus
2948 4867 3023 4921 illi
3060 4866 3297 4921 officium
3329 4866 3398 4921 ab

1816 4973 1910 5028 illa
1938 4968 2180 5027 Ecclesia
2203 4966 2575 5022 tantummodo
2601 4964 2957 5022 interdicatur
2984 4971 3043 5020 ut
3085 4964 3138 5020 in
3164 4965 3266 5020 alia
3297 4963 3404 5020 Ec-

1821 5112 1972 5183 {uerit
1994 5109 2184 5163 habens
2215 5106 2499 5183 proprium,
2522 5122 2625 5160 non
2654 5104 2736 5183 illi
2758 5104 2991 5183 permitto
3008 5112 3064 5183 ιιι
3082 5102 3212 5183 inde
3242 5102 3403 5172 faciat

1816 5174 2193 5243 iestumeutum,
2216 5174 2319 5233 sed
2339 5177 2513 5231 delebo
2541 5194 2651 5232 eum
2682 5181 2745 5233 de
2773 5177 2944 5235 tabula
2970 5174 3295 5231 clericorum.

1890 5264 1912 5291 θ
1944 5253 2195 5308 Mcudose
2220 5250 2443 5320 vulgati,
2475 5264 2785 5320 praeparare.

1890 5324 1910 5362 ί
1934 5325 2054 5377 llaec
2086 5323 2241 5376 nullis
2271 5315 2637 5375 in'Codi'cibus
2667 5319 2910 5387 legimus,
2956 5324 3311 5385 prmterquam
3344 5315 3396 5369 in

1812 5396 2019 5450 duobus
2040 5394 2298 5456 Colltert.,
2325 5390 2413 5445 ubi
2436 5391 2723 5445 obscurum
2751 5398 2833 5445 est
2862 5397 3039 5443 utrum
3070 5387 3135 5441 ad
3162 5401 3399 5456 pricsen-

1813 5477 1920 5523 tem
1953 5465 2256 5533 epistolam,
2284 5479 2350 5515 an
2379 5460 2444 5533 ad
2474 5470 2785 5533 sequentem
2822 5459 3146 5533 pertineant.

1887 5527 2059 5592 Ertsr.
2091 5534 2226 5588 XLV
2262 5533 2367 5605 [ΑΙ.
2388 5530 2522 5605 βῆ.
2545 5527 2663 5605 Σ-ξι
2686 5527 3078 5605 Ηίιβοίερὶξιυιίι
3124 5527 3400 5605 invenitur

1811 5609 1864 5663 in
1888 5609 2134 5661 omnibus
2159 5601 2357 5669 Vatia,
2388 5601 2594 5666 Norm.,
2619 5602 2849 5670 Anglic.,
2880 5602 3144 5664 Colbert.,
3171 5601 3398 5663 Tcllcr.,

1812 5682 2035 5743 Turon.,
2072 5679 2385 5740 Rhemens.,
2418 5674 2575 5727 Corb.
2612 5676 2669 5726 In
2699 5674 2933 5743 quinque
2960 5670 3129 5726 Vatic.
3158 5671 3351 5743 legitur
3381 5687 3395 5723 :

1813 5740 2096 5815 capitulure
2133 5747 2270 5819 quod
2308 5745 2673 5800 observandum
2710 5753 2787 5800 est
2816 5740 2861 5800 ai
2886 5740 3090 5799 Joanne
3134 5742 3406 5817 defensore

1814 5835 1961 5880 eunte
1989 5824 2039 5877 in
2073 5819 2401 5891 Hispaniam.

90 5263 427 5323 Hariniano
462 5257 713 5315 [inveniare
751 5257 1007 5329 episcOpo.

182 5334 215 5374 ι)
244 5334 485 5403 Vulgati,
520 5332 1137 5403 postulatur.mgﬁrmari.

190 5418 213 5444 ε
234 5407 316 5459 Ita
334 5398 738 5459 rEstituimnsex
760 5405 885 5457 Mss.
906 5401 1098 5467 Vatic.,
1120 5402 1275 5469 Reg.,
1290 5400 1443 5453 Colb.
1462 5398 1519 5454 In
1536 5398 1701 5453 Corb.

88 5487 302 5538 tamen
342 5477 553 5543 legitur,
583 5483 844 5543 quarta}...
873 5474 1162 5543 proﬁciant.
1188 5473 1241 5526 in
1268 5473 1377 5536 ed.,
1399 5471 1703 5525 clericorum

88 5560 336 5609 tuorum
362 5547 535 5601 usibus
556 5544 659 5597 Deo
689 5546 1018 5614 largiente....
1055 5545 1340 5611 proficiant.

182 5620 211 5659 ἀ
246 5621 305 5673 Id
362 5628 464 5683 est,
517 5619 935 5683 dispensatorem
987 5626 1185 5684 quartae
1229 5617 1391 5682 partis
1438 5615 1700 5669 redituum

92 5694 393 5753 Ecclesia:
445 5700 599 5758 atque
638 5690 983 5741 oblatiouutn.
1025 5690 1117 5741 llic
1165 5688 1373 5741 clericis
1430 5688 1704 5755 portiones

93 5762 485 5823 distribuebat
511 5764 657 5827 juxta
700 5760 930 5825 ipsorum
981 5758 1311 5812 matriculam
1363 5774 1481 5827 qua:
1527 5760 1703 5810 tabula

93 5839 221 5898 dlC‘.
239 5839 431 5892 batur.
454 5832 799 5904 Augustinus,
830 5846 991 5885 serm.
1027 5830 1130 5885 555
1158 5846 1171 5886 :
1206 5830 1443 5901 Quisquis
1474 5832 1708 5885 iwentus
