3928 6342
494 326 658 395 ’1295

1721 310 1960 378 SANCTI
2000 314 2323 375 GREGOR]!
2358 308 2572 372 MAGNI

3650 317 3779 373 ηλθὸ

500 451 685 510 'clesia
732 461 853 520 quas
901 441 1180 502 sacerdote
1216 438 1516 504 vacaverit,
1566 436 1611 491 si
1659 435 1861 492 electus
1909 432 2094 498 fuerit,
2120 431 2173 491 Α
2199 427 2421 520 professi
2471 428 2702 496 fuerint,
2738 435 2945 496 tempus
2991 427 3070 485 eis
3118 427 3541 486 abbreviandum
3585 446 3696 495 eat,
3730 448 3779 488 et

444 556 451 575 ’
522 546 695 620 possit
718 557 840 600 esse
888 534 1325 611 episcopus,had
1375 531 1740 587 Malacitanam
1786 540 1962 584 tamen
1996 528 2096 581 Ec-

522 640 755 696 clesiam'
772 648 1037 702 nunquam
1070 630 1245 698 aliquo
1270 624 1428 681 modo
1455 636 1792 679 reversurus.
1818 620 2098 674 Gloriosus

523 740 704 787 autem
731 725 1043 783 Comitiolus
1081 718 1333 791 quidquid
1369 716 1655 786 praedictus
1693 714 1975 783 episcopus
2004 724 2099 779 per

523 820 829 876 violentiam
858 828 1017 884 atque
1047 812 1436 867 insecutionem
1471 809 1634 877 ipsius
1656 805 1982 876 expendisse
2014 802 2098 857 vel

524 912 777 969 damnum
819 906 1099 978 pertulisse
1138 905 1261 958 dato
1292 911 1628 955 sacramento
1659 896 1969 963 firmaverit,
2021 894 2100 949 ei-

525 1001 650 1058 dem
676 1001 926 1071 episcOpo
954 997 1238 1051 restituere
1261 991 1667 1047 condemnetur.
1698 987 1756 1041 Si
1796 996 1973 1041 autem
2002 984 2101 1038 ali-

524 1104 608 1150 ter
636 1107 793 1162 quam
837 1088 1057 1145 antelati
1102 1083 1339 1154 episcOpi
1395 1082 1585 1152 petitio
1628 1080 1869 1135 continet
1921 1087 2096 1133 actum

532 1200 653 1241 esse
684 1184 903 1239 forsitan
934 1179 1265 1250 perhibetur,
1296 1175 1562 1229 subtiliter
1597 1171 1944 1243 quaerendum
1991 1179 2099 1235 est,

524 1286 581 1334 et
606 1277 831 1332 veritate
878 1275 1110 1343 cognita,
1141 1287 1260 1328 cum
1311 1270 1405 1325 Dei
1456 1270 1649 1323 timore
1689 1265 1828 1337 quod
1874 1264 2099 1335 justitia:

525 1370 659 1425 ordo
681 1366 908 1423 suaserit
924 1365 1289 1437 judicandum.

595 1462 727 1528 Quia
770 1475 898 1529 ergo
940 1458 1241 1527 Stephanus
1269 1454 1553 1524 episc0pus
1594 1453 1647 1507 in
1675 1450 1797 1506 odio
1826 1462 1925 1504 suo
1954 1461 2099 1518 qua:-

523 1556 645 1609 dam
682 1554 821 1614 (icta,
853 1560 908 1606 et
932 1552 999 1605 de
1031 1549 1176 1603 falsis
1202 1563 1262 1601 se
1289 1546 1537 1616 capitulis
1566 1554 1895 1609 accusatum,
1926 1551 2100 1609 neque

524 1643 724 1712 aliquid
767 1639 1137 1695 ordinahiliter
1163 1637 1380 1703 factum,
1424 1634 1518 1689 sed
1561 1634 1755 1701 injuste
1801 1648 1860 1687 se
1906 1632 2102 1684 asserit

524 1735 955 1790 condemnatum.
998 1730 1278 1799 diligenter
1314 1725 1658 1795 querendum
1703 1733 1784 1778 est
1831 1721 2002 1793 primo
2050 1719 2097 1773 si

2203 519 2390 573 modus
2445 520 2772 586 paenitentia:
2816 520 3212 589 temperandus.
3276 520 3333 577 Si
3384 523 3547 590 igitur
3596 523 3647 577 is
3698 527 3780 591 qui

2204 611 2442 680 pradicti
2472 612 2732 682 Stephani
2764 615 2974 685 1252
3008 614 3179 668 locum
3213 608 3408 668 invasit
3427 614 3667 670 fortasse
3696 617 3782 671 de-

2203 701 2419 755 functus
2447 715 2552 768 est,
2599 714 2760 773 atque
2790 707 2926 760 alius
2968 712 3018 759 in
3059 707 3295 761 Ecclesia
3334 708 3454 775 ejus
3502 710 3787 778 episcopus

2200 791 2477 848 ordinatus
2505 804 2608 859 est,
2642 796 2769 849 illud
2811 797 2880 851 de
2923 812 2988 851 eo
3020 799 3360 852 statuendum
3404 809 3495 855 est
3524 801 3679 867 quod
3703 818 3787 855 su-

2201 883 2379 951 perius
2403 887 2469 940 de
2491 899 2650 939 causa
2685 887 2864 941 fratris
2890 897 2945 943 et
2985 890 3290 959 coepiscOpi
3339 892 3518 945 nostri
3554 892 3788 950 Januarii

2199 976 2449 1033 diximus.
2482 978 2635 1046 Quod
2664 980 2710 1035 si
2740 981 2876 1035 forte
2903 981 3081 1052 aliqua
3110 982 3177 1036 de
3200 982 3425 1052 objectis
3459 994 3657 1037 contra
3684 1002 3787 1041 me-

2201 1085 2465 1128 moratum
2493 1077 2821 1145 Stephanum
2845 1078 3153 1146 episcopum
3186 1078 3409 1147 probata
3440 1090 3593 1144 sunt,
3622 1080 3783 1150 aliqua

2199 1181 2329 1222 vero
2358 1167 2542 1223 doceri
2568 1171 2789 1225 minime
2816 1180 3119 1240 potuerunt,
3149 1180 3305 1225 cauta
3353 1170 3585 1226 omnino
3617 1178 3786 1227 consi-

2200 1263 2479 1319 deratione
2511 1267 2843 1335 pensandum
2874 1276 2957 1323 est
2983 1276 3158 1322 utrum
3189 1269 3394 1323 leviora
3436 1270 3701 1338 capitula,
3730 1287 3786 1326 an

2200 1364 2347 1410 certe
2372 1358 2616 1429 graviora
2652 1360 2870 1427 probata
2898 1362 3025 1422 sint,
3058 1369 3112 1413 ut
3138 1374 3199 1413 ex
3228 1361 3307 1414 eis
3338 1362 3587 1428 qualiter
3612 1362 3787 1416 delini-

2201 1449 2398 1502 tionem
2427 1462 2569 1503 tuam
2597 1451 2620 1487 ά
2650 1452 2878 1507 formare
2898 1452 3095 1506 debeas
3119 1454 3293 1518 possis
3316 1452 3490 1505 scire.
3524 1452 3787 1509 Gloriosus

2200 1553 2331 1594 vero
2352 1540 2693 1608 Comitiolus,
2724 1545 2768 1597 si
2801 1546 3193 1613 suprascriptus
3222 1545 3526 1611 episc0pus
3551 1546 3788 1602 innocens

2202 1646 2322 1688 esse
2363 1634 2632 1699 claruerit,
2667 1636 2919 1705 quidquid
2951 1636 3018 1691 de
3048 1638 3207 1691 rebus
3237 1637 3381 1704 ejus,
3417 1637 3508 1691 vel
3548 1637 3788 1694 Ecclesia

2203 1722 2373 1792 ipsius
2416 1725 2555 1791 tulit,
2588 1727 2637 1780 ei
2670 1728 2786 1781 sine
2811 1728 2984 1795 aliqua
3018 1728 3262 1782 reatituat
3292 1727 3591 1786 dilatione.
3626 1731 3727 1787 Sed
3749 1744 3789 1787 et

525 1825 783 1897 judicium
810 1822 1176 1877 ordinabiliter
1204 1827 1285 1873 est
1318 1818 1579 1884 habiturn,
1619 1827 1710 1870 aut
1738 1816 1782 1869 si
1826 1814 1912 1867 alii
1944 1827 2095 1867 accu'
2130 1813 2178 1874 Β
2207 1832 2429 1886 quaeque
2457 1831 2517 1873 se
2552 1818 2605 1872 in
2638 1820 3061 1887 persecutionem
3091 1835 3154 1876 ac
3194 1820 3521 1876 violentiam
3556 1824 3675 1891 ejus
3710 1841 3785 1880 ex.

523 1928 749 1983 sutores,
782 1916 871 1970 alii
912 1923 1072 1969 testes
1104 1913 1334 1967 fuerunt.
1383 1909 1581 1964 Deinde
1610 1921 1890 1962 causarum
1930 1902 2100 1975 quali-

524 2021 605 2063 tas
634 2020 715 2063 est
744 2006 1125 2070 examinanda,
1167 2003 1212 2058 si
1240 2004 1398 2076 digna
1426 2001 1613 2057 exsilio
1643 2000 1724 2054 vel
1770 1997 2102 2068 depositione

522 2100 641 2155 fuit.
690 2100 796 2153 Aut
844 2100 888 2153 si
940 2115 1004 2153 eo
1050 2105 1313 2166 praesente
1345 2095 1491 2150 csub
1536 2092 1881 2165 jurejurando
1916 2099 2102 2145 contra

525 2208 647 2249 eum
672 2189 1035 2245 testimonium
1063 2188 1263 2241 dictum
1290 2196 1395 2249 est,
1424 2202 1519 2241 seu
1559 2187 1772 2253 scriptis
1800 2192 1973 2237 actum
1994 2191 2097 2249 est,

525 2288 608 2340 vel
630 2284 743 2351 ipse
768 2280 1039 2335 licentiam
1086 2278 1441 2347 respondendi
1469 2284 1524 2331 et
1546 2274 1866 2330 defendendi
1906 2290 1966 2328 se
2009 2274 2102 2328 ha-

524 2376 663 2431 buit.
708 2373 815 2429 Sed
845 2383 899 2428 et
928 2374 994 2427 de
1038 2371 1279 2440 personis
1314 2370 1677 2425 accusantium
1720 2382 1783 2423 ac
1814 2369 2103 2422 testifican-

524 2468 655 2522 tium
700 2465 1352 2533 subtiliterqurerendum
1404 2470 1509 2526 est,
1555 2461 1711 2531 cujus
1756 2460 2097 2525 cenditionis,

527 2558 783 2629 cujusque
811 2556 1093 2627 opinionis,
1138 2566 1227 2610 aut
1256 2570 1323 2609 ne
1369 2554 1555 2624 inopes
1579 2563 1709 2619 sint,
1754 2562 1845 2607 aut
1874 2568 1940 2607 ne
1970 2556 2103 2607 forte

525 2652 732 2721 aliquas
760 2662 945 2707 contra
983 2651 1289 2720 praedictum
1319 2650 1627 2718 episcOpum
1663 2648 1970 2701 inimicitias
2002 2649 2095 2701 lia-

524 2744 789 2809 buissent,
820 2755 873 2800 et
899 2756 1075 2799 utrum
1125 2745 1483 2799 testimonium
1520 2757 1587 2797 ex
1618 2742 1803 2796 auditu
1853 2742 2104 2796 dixerunt

522 2847 617 2893 aut
638 2850 784 2893 certe
812 2852 870 2893 se
895 2838 1033 2893 scire
1058 2837 1360 2908 specialiter
1399 2835 1574 2891 testati
1601 2844 1743 2898 sunt,
1778 2835 1862 2889 vel
1894 2836 1936 2888 si
1966 2835 2101 2888 scri-

521 2930 629 2999 ptis
663 2928 955 2999 judicatum
994 2939 1098 2991 est.
1129 2937 1183 2983 et
1222 2927 1459 2995 partibus
1490 2925 1844 2994 praasentibus
1887 2935 2103 2979 senten-

524 3022 597 3075 tia
628 3022 849 3075 recitata
889 3029 990 3075 est.
1023 3019 1175 3089 Quod
1225 3018 1267 3073 si
1308 3017 1447 3073 forte
1493 3017 1607 3072 haec
1645 3018 1956 3072 solemniter
1984 3028 2102 3073 acta

525 3126 632 3166 non
671 3122 819 3176 sunt,
848 3126 946 3165 nec
975 3124 1135 3165 causa
1168 3110 1387 3179 probata
1418 3119 1502 3165 est
1521 3124 1639 3180 quae
1667 3110 1856 3165 exsilio
1885 3111 1970 3165 vel
1997 3110 2103 3165 de-

520 3202 787 3271 positione
811 3202 968 3273 digna
1000 3203 1090 3267 sit,
1122 3203 1173 3257 in
1208 3203 1497 3258 Ecclesiam
1544 3218 1691 3257 suam
1725 3204 1898 3257 modis
1926 3204 2100 3258 omni-
2124 3206 2176 3273 ο

516 3299 620 3356 bus
650 3310 953 3360 revocetur.
997 3300 1056 3354 Hi
1085 3314 1211 3355 vero
1240 3302 1327 3367 qui
1358 3314 1479 3355 eum
1517 3310 1702 3355 contra
1728 3298 1823 3353 Dei
1854 3301 2098 3355 timorem

519 3403 573 3448 et
623 3409 887 3449 canonum
933 3402 1129 3448 statuta
1167 3393 1678 3457 condemnaverunt,
1720 3395 2099 3447 excommuni-

518 3485 626 3540 cati
657 3486 709 3539 in
744 3486 1126 3540 monasterium
1160 3484 1225 3538 ad
1247 3484 1505 3553 agendam
1530 3484 1898 3554 paenitentiam
1920 3484 1973 3538 in
1997 3498 2096 3538 se:

517 3577 796 3633 mensibus
821 3585 944 3632 sunt
982 3577 1248 3644 mittendi,
1294 3578 1363 3631 ita
1395 3592 1525 3632 sane
1552 3586 1610 3631 ut
1652 3576 1695 3631 si
1721 3579 1965 3647 cuiquam
1996 3593 2099 3633 eo-

518 3683 638 3723 rum
670 3674 861 3723 mortis
888 3668 1175 3740 contigerit
1198 3666 1478 3722 imminere
1499 3667 1811 3736 discrimen,
1842 3670 2021 3725 viatici
2048 3672 2099 3726 ei

515 3761 822 3817 benedictio
870 3778 976 3816 non
1019 3771 1261 3833 negetur.
1312 3760 1429 3831 Ipse
1458 3772 1636 3817 autem
1671 3764 1758 3832 qui
1790 3778 1855 3817 eo
1887 3763 2097 3818 vivente

517 3851 693 3905 locum
724 3853 843 3920 ejus
875 3854 1157 3908 temerarie
1184 3854 1408 3908 ambivit
1439 3856 1673 3923 privatus
1700 3855 2000 3909 sacerdotio
2029 3855 2096 3911 ab

518 3939 664 3993 omni
687 3941 987 3996 ministerio
1007 3944 1372 3999 ecclesiastico
1399 3946 1707 4016 repellatur,
1740 3956 1898 4016 atque
1920 3947 2097 4003 eidem

521 4030 879 4086 dilectissimo
910 4031 1060 4087 fratri
1092 4044 1146 4088 et
1173 4035 1493 4105 coepiscopo
1536 4046 1722 4091 nostro
1753 4038 2010 4104 tradatur,
2043 4048 2099 4094 ut

516 4136 641 4178 eum
671 4131 764 4178 aut
791 4125 906 4193 ipse
927 4126 993 4179 ad
1024 4138 1124 4180 nos
1153 4128 1496 4193 transmittat,
1524 4138 1616 4182 aut
1642 4129 1782 4198 apud
1825 4145 1885 4186 se
1914 4132 1966 4185 in
1992 4147 2099 4186 cu-

513 4219 691 4276 stodia
723 4219 936 4276 habeat.
970 4219 1223 4290 Episcopi
1256 4236 1385 4276 vero
1416 4224 1501 4291 qui
1532 4238 1654 4277 eum
1683 4225 1932 4280 ordinare
1962 4241 2099 4295 prae-

514 4324 884 4388 sumpserunt,
910 4317 990 4371 vel
1010 4330 1273 4386 perversae
1299 4317 1464 4386 ipsius
1483 4318 1803 4373 ordinationi
1824 4321 2097 4389 praebuere

514 4422 860 4474 conSensum,
897 4408 1082 4479 iidem,
1107 4410 1483 4467 communione
1511 4412 1723 4481 privati,
1774 4427 1864 4468 sex
1898 4414 2098 4469 mensi-

514 4502 619 4558 bus
648 4502 715 4557 ad
765 4502 1026 4572 agendam
1076 4502 1444 4572 pmnitentiam
1486 4505 1538 4559 in
1573 4507 1894 4561 monasterio
1925 4507 2095 4576 depu-

2204 1908 2453 1976 pendisse
2495 1910 2576 1964 vel
2608 1911 2859 1965 damnum
2893 1912 3029 1966 idem
3062 1912 3352 1982 episcOpus
3396 1917 3696 1983 pertulisse
3716 1918 3789 1984 je-

2206 2002 2424 2064 raverit,
2452 1998 2590 2055 idem
2621 2012 2945 2058 memoratus
2965 2003 3231 2073 gloriosus
3257 2004 3597 2061 Comitiolus
3627 2008 3789 2063 reddat

2203 2104 2266 2143 ac
2309 2091 2619 2145 satisfaciat.
2670 2095 2726 2147 Si
2772 2105 2948 2149 autem
3000 2096 3155 2150 talem
3201 2099 3423 2165 culpam
3480 2101 3789 2153 antedictos:

2202 2182 2513 2251 episcopum
2556 2186 2893 2240 commisisse
2935 2188 3237 2243 constiterit
3260 2187 3470 2259 (εἷναι,
3528 2190 3619 2257 16,
3663 2194 3789 2260 «ινδ,

2204 2289 2251 2327 c.
2282 2274 2356 2344 ὃ),
2392 2278 2532 2344 quod
2562 2277 2726 2342 absit,
2775 2288 2831 2331 ut
2870 2289 3079 2333 constet
3107 2294 3231 2335 eum
3272 2298 3387 2335 non
3423 2282 3791 2337 irrationabili-

2206 2379 2287 2425 ter
2318 2371 2482 2425 fuisse
2532 2372 2856 2442 depositum,
2898 2374 3084 2429 cadent
3132 2375 3250 2444 ejus
3293 2377 3587 2446 depositio
3615 2380 3789 2433 contir-

2204 2472 2399 2523 metur.
2431 2472 2484 2516 et
2514 2463 2767 2518 Ecclesia:
2792 2480 2876 2519 res
2906 2480 3016 2520 sure
3045 2460 3229 2521 Omnes
3272 2471 3665 2535 restituantur.
3691 2488 3789 2540 qua

2204 2554 2395 2609 ablata:
2416 2557 2723 2622 claruerint,
2751 2559 2871 2627 quia
2904 2558 3156 2613 delictum
3186 2576 3443 2629 personae
3470 2565 3533 2618 in
3561 2568 3789 2617 damnum

2207 2648 2467 2703 ﬁctilesize
2498 2666 2601 2702 non
2625 2659 2708 2704 est
2739 2653 3177 2707 convertendum.
3208 2654 3265 2708 Si
3296 2656 3478 2719 enim,
3508 2666 3574 2711 ut
3605 2659 3788 2722 dicunt,

2204 2738 2523 2793 Comitiolus
2564 2740 2849 2795 defunctus
2887 2752 2990 2809 est,
3022 2744 3091 2797 ab
3135 2745 3357 2800 haerede
3398 2746 3530 2815 ejus
3580 2765 3693 2815 quae
3736 2750 3790 2802 ab

2206 2828 2301 2883 illo
2331 2839 2355 2866 ο
2381 2832 2575 2899 injuste
2605 2833 2779 2887 ablata
2808 2846 2932 2888 sunt
2953 2834 3071 2889 sine
3100 2837 3460 2893 excusatione
3492 2842 3790 2895 reddantur.

2206 2922 2385 2993 (Joan.
2416 2924 2590 2991 Diac.,
2620 2925 2707 2978 lib.
2743 2942 2813 2990 ιν,
2846 2942 2891 2980 c.
2928 2926 3042 2996 28.)

2316 3046 2338 3071 ⁸
2368 3036 2807 3093 CAPITULARE
2846 3038 2887 3094 ll
2927 3037 3152 3095 LEGUM
3196 3041 3697 3102 IMPERIALIL'M.

2206 3163 2306 3204 PRO
2344 3165 2675 3205 IIIUNITATE
2702 3164 3061 3219 ειειιιοοιιυκ,
3084 3168 3265 3209 ΧΟΔΝΝΙ
3306 3170 3628 3211 DEFENSOIU
3660 3172 3796 3211 Εῑιιτι

2846 3238 3145 3279 ιιιδιιΑΜΑιι.

2208 3312 2343 3378 Quid
2363 3312 2415 3366 in
2442 3315 2852 3392 sup‘r-adictorum
2870 3320 3042 3392 causis
3064 3316 3127 3370 sit
3153 3319 3414 3387 agendum
3438 3322 3664 3376 uberius
3684 3341 3793 3392 pre-

2442 3386 2638 3451 scribit,
2678 3388 2902 3439 collectis
2933 3386 3301 3456 imperatorum
3328 3393 3569 3461 legibus.

2274 3476 2350 3532 De
2381 3492 2607 3547 persona
2630 3482 2923 3550 presbyteri
2945 3482 3045 3535 hoc
3064 3486 3452 3539 attendendum
3479 3498 3579 3540 est
3612 3486 3795 3557 (Cum,

2203 3570 2292 3637 ll,
2324 3588 2376 3641 q.
2412 3572 2464 3638 l,
2496 3588 2543 3625 c.
2572 3571 2686 3642 58),
2733 3574 2856 3640 quia
2901 3574 2947 3627 si
2977 3589 3133 3643 quam
3166 3590 3385 3631 causam
3436 3579 3667 3646 habuit,
3706 3597 3798 3634 nos

2201 3665 2271 3720 ab
2314 3666 2418 3721 alio
2474 3666 2666 3734 teneri,
2714 3668 2809 3721 sed
2861 3669 3144 3738 episcopus
3192 3672 3358 3741 ipsius
3411 3674 3564 3730 adiri
3610 3679 3800 3737 debuit.

2202 3758 2229 3797 δ
2251 3761 2389 3815 sicut
2421 3762 2535 3815 haec
2581 3763 2921 3817 Novellarum
2953 3766 3266 3821 constitutio
3310 3770 3671 3837 manifestat,
3699 3787 3801 3841 qua

2202 3851 2435 3921 loquitur
2456 3854 2525 3907 de
2557 3855 2913 3909 sanctissimis
2944 3863 2999 3910 et
3039 3857 3155 3911 Deo
3178 3860 3507 3916 amabilibus
3542 3877 3613 3918 ac
3648 3879 3801 3918 rere-

2202 3945 2535 4000 rendissimis
2563 3948 2851 4015 episcopis,
2884 3947 3097 4002 clericis
3146 3959 3201 4003 et
3230 3952 3548 4009 monachis.

2275 4047 2299 4075 ο
2328 4038 2478 4091 Petro
2526 4038 2895 4110 gloriosissimo
2935 4041 3177 4110 praefecto
3205 4044 3449 4111 primario
3470 4061 3492 4096 :
3523 4045 3553 4081 ἀ
3585 4046 3652 4102 Si
3701 4046 3801 4113 quis

2200 4138 2380 4183 contra
2414 4128 2638 4199 aliquem
2667 4130 2932 4198 clericum,
2978 4142 3068 4185 aut
3114 4136 3444 4199 monachum,
3478 4149 3590 4189 aut
3638 4140 3799 4190 diaco-

2201 4222 2414 4286 nissam,
2440 4231 2528 4274 aut
2559 4224 2914 4289 mouastriam,
2940 4233 3032 4277 aut
3073 4226 3339 4277 ascetriam
3378 4225 3544 4280 habet
3579 4231 3800 4299 aliqua

2200 4322 2482 4381 actionem,
2526 4318 2673 4371 adeat
2726 4318 2867 4386 prius
2909 4320 3283 4373 sanctissimum
3333 4322 3675 4391 episcopum,
3730 4341 3799 4375 cxi

2199 4414 2385 4467 horum
2422 4415 2767 4483 unusquisque
2798 4414 3075 4483 rubjaceat.
3111 4412 3213 4469 Ille
3252 4431 3375 4469 vero
3419 4433 3650 4471 causam
3683 4423 3804 4472 ista

2199 4525 2281 4564 eos
2304 4511 2569 4580 dijudicet.
2602 4507 2667 4561 Et
2692 4509 2735 4561 si
2763 4509 2965 4578 quidem
3005 4518 3215 4577 utraque
3257 4526 3380 4579 pars
3408 4510 3488 4564 liis
3528 4514 3802 4583 quwjudi-

514 4601 714 4649 tentur.
762 4594 817 4649 Si
858 4602 1035 4649 autem
1066 4594 1302 4665 episcOpi
1334 4596 1386 4649 in
1438 4596 1800 4665 praajudicium
1833 4598 2091 4653 condem-
2121 4598 2174 4660 Ι)
2197 4611 2313 4654 cata
2335 4610 2452 4654 sunt
2476 4608 2500 4637 ο
2523 4600 2849 4667 acquiererit,
2883 4601 3121 4669 jubemur
3163 4615 3250 4667 per
3290 4602 3391 4655 loci
3417 4605 3671 4675 judicans
3704 4605 3805 4657 hac

514 4686 747 4741 nationis
768 4687 851 4742 vel
881 4687 1229 4757 depositionis
1268 4691 1550 4744 memorati
1578 4690 1834 4761 Stephani
1865 4708 1921 4747 se
1947 4703 2093 4749 metu

512 4777 709 4846 judicis
734 4778 1092 4848 consensisse,
1121 4795 1183 4835 ac
1203 4779 1327 4835 talia
1361 4796 1418 4836 se
1442 4781 1635 4837 fecisse
1659 4798 1762 4837 non
1785 4798 1877 4838 sua
1900 4794 2091 4855 sponte

579 4913 826 4995 E’Malaca
847 4915 1102 4995 ,___incolis
1132 4916 1365 4995 θιριαρα,
1406 4918 1592 4995 Gallis
1622 4928 1800 4976 autem
1848 4920 2078 4995 Malgue,

507 4986 642 5065 urbs
682 4987 829 5065 olim_
855 4986 1121 5065 Hispaniae
1169 4986 1391 5065 _Bm_t_ict_c
1423 4991 1706 5065 maritima,
1750 5008 1887 5065 nunc
1934 4986 2082 5065 regni

511 5058 862 5136 Granatensis
896 5059 959 5136 ad
1000 5062 1132 5111 ostia
1155 5059 1308 5136 littvii
1342 5060 1520 5136 Dictis,
1569 5063 1723 5136 vulgo
1757 5058 2081 5136 Quadalqui-

508 5131 689 5206 eirejo.
732 5130 1040 5206 Emporium
1088 5132 1321 5206 celebre_,_
1364 5131 1545 5206 sedem
1577 5130 1777 5186 habens
1807 5130 2087 5206 episcopa-

509 5200 615 5254 lem
665 5202 763 5255 sub
808 5200 1211 5268 archiepiscopo
1253 5203 1378 5253 olim
1412 5200 1729 5267 Hispalensi,
1776 5200 1917 5260 nunc
1960 5200 2086 5265 vero

505 5276 607 5324 sun
662 5270 1003 5335 Granatensi,
1056 5281 1114 5324 ut
1168 5271 1329 5326 habet
1380 5271 1711 5330 Provinciale
1762 5274 2083 5336 Romanum.

506 5342 768 5396 Gussmv.

581 5423 602 5490 ξ
634 5415 874 5490 ltecent.,
902 5429 960 5490 eo
988 5422 1232 5490 pra-rente
1269 5414 1369 5490 qui
1398 5425 1662 5470 accusatus
1703 5426 1797 5485 est,
1832 5428 1887 5475 et
1928 5420 2085 5490 infra,

505 5484 653 5553 cujus
676 5486 807 5549 uiue,
838 5488 987 5552 cujus
1014 5486 1338 5539 conditionis.
1405 5522 1411 5529 -

582 5556 605 5591 ιλ
629 5556 833 5607 Νυιιιι..
870 5560 1074 5607 ﬁrmare
1098 5561 1301 5607 debeas.

677 5574 833 5609 υΠΙΙ..
869 5570 1074 5609 nrmare
1098 5570 1301 5608 aeneas.

583 5560 605 5591 ι¹
629 5560 833 5620 Nurum,
866 5560 1074 5625 ﬁrmare
1098 5561 1301 5608 debeas.
1900 5571 1909 5573 ‘

583 5625 863 5699 :(Jolbert.
898 5643 963 5699 ac
989 5624 1157 5699 Vatic.
1193 5628 1314 5699 Aet
1345 5627 1405 5694 Β,
1431 5627 1617 5699 injuste
1645 5629 1775 5684 (ulla
1804 5640 1940 5686 sunt.

577 5692 919 5773 Cernemus
952 5695 1128 5773 ll_[Al.
1158 5692 1399 5773 56].-ιξ
1425 5692 1767 5773 Desideratur
1791 5702 1843 5756 in
1873 5704 2085 5773 Norm.,

506 5763 741 5841 gnglicn
777 5768 937 5841 Qurb.
989 5763 1176 5841 E'xstat
1224 5763 1276 5822 in
1314 5770 1549 5841 quinque
1596 5771 1789 5841 Vatic.,
1827 5776 1875 5828 in
1916 5763 2084 5831 tribus

508 5781 588 5817 nn
633 5781 741 5832 uc.,
777 5781 937 5821 nuru.
989 5781 1176 5820 Exstat
1224 5784 1276 5822 in
1314 5784 1440 5834 quin
1486 5785 1549 5823 ne
1601 5781 1789 5841 Vatic.,
1827 5781 1875 5828 in
1916 5781 2078 5831 tribus

508 5781 768 5905 Coﬁiert”
799 5838 852 5892 in
881 5837 1107 5904 Turon.,
1132 5839 1182 5890 in
1209 5785 1677 5909 utroqueithemq
1698 5854 1753 5899 et
1783 5846 1833 5899 in
1871 5844 2078 5905 duobus

2199 4692 2509 4747 exsecutioni
2543 4696 2760 4762 perfecte
2803 4693 3060 4757 mandari,
3093 4702 3198 4747 etc.
3225 4691 3303 4747 Ne
3335 4708 3466 4746 vero
3508 4694 3803 4763 objiciater

2199 4786 2320 4854 quia
2368 4783 2436 4839 de
2474 4784 2671 4840 clerico
2723 4784 2827 4839 hoc
2878 4784 3135 4853 loquitur,
3184 4798 3291 4838 non
3340 4784 3413 4839 de
3449 4789 3804 4859 presbytero,

2186 4924 2405 4987 Tellen,
2432 4921 2519 4975 ubi
2550 4921 2628 4993 sic
2649 4917 2836 4993 incipit
2852 4934 2873 4993 _:
2894 4917 3090 4993 Joanni
3114 4920 3369 4989 defensori
3391 4923 3541 4974 eunti
3567 4924 3627 4975 in
3660 4923 3805 4993 Sese

2196 4997 2334 5050 niam
2358 4991 2647 5059 exemplum
2671 4991 2814 5059 legis.
2852 4990 2905 5043 In
2944 4989 3115 5045 Vatic.
3150 4997 3187 5043 Α
3226 4993 3525 5059 prietigitur
3564 4989 3799 5048 titu:us:

2190 5063 2489 5131 Capitulare
2539 5067 2727 5133 legum,
2754 5074 2909 5133 Aetc.,
2962 5073 3012 5114 ut
3058 5062 3110 5114 in
3160 5061 3404 5115 Excmis.
3451 5065 3508 5116 In
3560 5071 3805 5133 quumque

2196 5130 2371 5191 Vatic.
2415 5130 2608 5187 Rheni.
2645 5143 2697 5186 et
2741 5130 2917 5202 Culb.,
2961 5141 3162 5186 tantum
3205 5130 3801 5237 praemittit‘g‘tixera-

2196 5211 2334 5256 nlum
2365 5206 2509 5256 leais.
2541 5204 2616 5256 De
2635 5219 2874 5256 persona.
3320 5238 3333 5256 .
3480 5236 3516 5256 *ι
3566 5230 3569 5231 ν

2194 5211 2334 5281 plum
2365 5207 2509 5274 legis.
2541 5207 2616 5257 De
2635 5219 2874 5273 persona.
3320 5238 3333 5259 ,

2271 5278 2297 5318 δ
2322 5280 2392 5333 Ita
2423 5290 2610 5331 omnes
2643 5274 2767 5330 Mss.
2803 5274 2856 5328 In
2891 5272 3141 5342 Escusis,
3179 5276 3311 5329 sicut
3348 5236 3561 5329 novella
3600 5280 3801 5333 caram-

2195 5360 2539 5477 tulzolixcusi.
2588 5415 3077 5471 contradicentibus
3124 5415 3371 5471 omnibus
3424 5432 3575 5487 pene
3622 5420 3801 5485 Mss.,

2193 5491 2481 5559 Imperator
2510 5487 2833 5559 Justinﬁianus
2856 5487 3137 5558 Augustus,
3171 5487 3344 5541 Petro.

2262 5558 2289 5601 δ
2315 5564 2369 5617 ln
2397 5561 2623 5624 Turon.,
2648 5558 2824 5631 Petro
2850 5560 3226 5631 gloriosissimo
3246 5630 3251 5631 γ
3271 5562 3587 5631 ρι’ωροεὶω.
3626 5563 3805 5618 Addi.

2191 5644 2278 5689 tur
2388 5632 2594 5685 duobus
2622 5630 2814 5694 Vatic.,
2846 5630 3036 5683 lthetn.
3064 5645 3117 5685 et
3146 5630 3320 5697 Colb.,
3352 5630 3535 5697 pridie
3556 5632 3799 5687 Kalend.

2196 5711 2517 5831 Apztilliiose
2539 5773 2751 5841 irrepsit
2780 5770 3032 5840 particula
3064 5787 3163 5825 non
3195 5772 3247 5825 in
3277 5783 3487 5827 recent.
3518 5774 3707 5829 Abest
3734 5775 3804 5831 ab

2188 5848 2438 5905 omnibus
2467 5844 2617 5912 Mss.,
2641 5859 2741 5901 nec
2766 5844 2868 5914 legi
2903 5853 3077 5913 potest
3097 5845 3232 5900 citra
3260 5857 3456 5899 sensus
3485 5846 3799 5916 jacturam.
