3928 6342
75 333 181 387 297

692 331 1169 391 EPISTOLARUM
1206 330 1335 388 LIB.
1374 330 1516 388 XIII.
1552 357 1624 372 —-
1659 326 1902 384 INDICT.
1944 326 2033 385 Vl.
2072 355 2143 369 —
2178 324 2396 382 EPIST.
2437 324 2596 382 XLV.
2883 342 2909 357 ε

3178 319 3333 384 ΊΞθὸ

75 450 333 507 ciendum
380 455 465 505 est
505 448 629 520 quia
676 450 732 504 in
771 449 957 505 eadem
1004 449 1408 515 constitutione,
1442 445 1463 487 ί
1503 448 1563 502 L.
1596 462 1634 501 ι.
1664 446 1719 505 Α
1743 443 1928 510 vocati,
1959 442 2172 513 singulis
2193 442 2361 496 causis
2389 450 2541 511 atque
2568 438 2798 510 personis
2825 448 3173 509 praesentanea
3201 454 3332 494 con-

76 586 116 608 .,
155 544 359 613 legitur
387 542 745 612 appellatione
793 543 1110 598 clericorum
1163 542 1323 600 etiam
1366 540 1645 612 presbyte-

76 656 135 693 os
182 648 241 691 ct
296 637 555 692 diaconos
594 638 879 692 contineri.
917 636 1087 691 Verba
1136 645 1317 690 autem
1363 637 1494 705 legis
1539 633 1643 689 ista

76 744 173 784 unt
201 749 214 784 :
248 730 585 800 Presbyteres
615 741 805 797 autent,
839 740 886 785 et
913 731 1180 795 diaconos,
1203 739 1251 783 et
1278 730 1641 794 subdiaconos,

75 836 311 888 autores,
336 837 384 879 et
414 826 650 891 lectores;
678 841 805 895 quos
850 840 1020 877 omnes
1056 823 1267 877 clericos
1296 821 1640 892 appellamus,

75 930 88 972 ι
120 920 345 989 reliqua.
382 918 597 992 (Nocet.
628 912 751 985 123,
786 918 812 989 §
843 918 903 973 Si
924 919 1038 989 quis
1077 928 1280 984 contra,
1309 917 1451 985 apud
1472 914 1645 969 Julia-

82 1030 195 1076 um,
215 1028 336 1083 cap.
361 1012 431 1068 32
456 1029 469 1077 ;
501 1012 613 1065 Lib.
639 1028 655 1066 ι
684 1028 732 1065 c.
756 1010 977 1065 Authen.
1003 1011 1066 1063 de
1085 1010 1319 1064 sanctiss.
1344 1008 1643 1079 episcopis.)

118 1105 202 1159 De
237 1118 468 1174 persona
510 1104 748 1159 Januarii
788 1104 1028 1174 episcopi
1057 1102 1336 1158 sciendum
1361 1110 1445 1157 est
1471 1100 1647 1170 gravi-

75 1213 130 1251 er
161 1199 387 1251 omnino
425 1206 477 1251 et
503 1206 689 1252 contra
721 1197 865 1266 leges
913 1210 1034 1252 esse
1069 1205 1246 1250 actum
1277 1204 1337 1250 ut
1374 1194 1641 1248 violenter

75 1293 272 1363 [253
299 1292 367 1347 de
385 1292 625 1348 Ecclesia
648 1292 975 1356 traheretur,
997 1292 1123 1347 dum
1146 1292 1358 1361 quando
1383 1291 1428 1345 si
1452 1305 1643 1359 quam-

75 1386 186 1439 ibet
214 1385 377 1439 aliam
408 1385 657 1452 injuriam
706 1401 735 1438 a
781 1398 1100 1454 quocunque
1137 1383 1428 1453 episcopus
1455 1395 1645 1451 passus

76 1478 223 1530 uerit
276 1477 333 1531 in
388 1476 654 1543 Ecclesia,
697 1476 1038 1547 injuriantem
1088 1476 1173 1531 lex
1221 1474 1432 1544 capitali
1489 1489 1645 1542 poena

75 1570 347 1635 iercutiat,
372 1578 428 1625 et
446 1571 585 1625 sicut
606 1568 899 1639 majestatis
927 1584 1076 1623 reum
1102 1569 1352 1624 omnibus
1375 1567 1467 1622 det
1487 1582 1647 1621 accu-

76 1662 211 1716 andi
243 1664 394 1718 illum
436 1663 730 1728 licentiam,
763 1672 823 1717 ut
866 1663 1024 1733 hujus
1053 1663 1185 1733 legis
1215 1663 1386 1717 series
1413 1661 1647 1730 loquitur

76 1753 275 1809 Iodicis
307 1754 443 1810 libro
470 1756 660 1824 primo,
698 1765 723 1803 ϐ
751 1757 906 1811 titulo
946 1766 1119 1823 sexto,
1152 1755 1532 1812 constitutione
1552 1753 1646 1810 de-

1745 539 1925 591 stituta
1954 544 2272 604 praestamus,
2302 536 2469 588 nullos
2492 534 2691 605 penitus
2712 535 3057 604 cujuscunque
3084 532 3340 587 conditio-

1747 629 1825 682 nis
1854 632 1916 682 de
1953 628 2290 681 sacrosanctis
2333 624 2576 679 Ecclesiis
2620 625 2918 679 orthodoxi:
2946 624 3069 693 ﬁdei
3115 624 3335 692 expelli,

1746 730 1837 776 aut
1865 721 2022 783 trahi,
2050 721 2126 775 vel
2154 721 2391 791 protrahi
2419 724 2688 788 confugas.
2734 718 2800 772 Et
2830 728 2946 788 post
2977 731 3141 786 pauca
3176 733 3190 769 ;
3237 715 3339 782 Qui

1746 814 1843 868 hoc
1871 816 2062 879 moliri,
2108 824 2197 867 aut
2245 813 2441 882 facere,
2491 820 2577 865 aut
2618 810 2761 864 nuda
2806 811 3111 881 cogitatione
3163 810 3342 863 saltem

1747 912 1897 978 atque
1923 915 2141 959 tractatu
2166 907 2279 958 ausi
2319 904 2509 974 fuerint
2536 913 2766 967 tentare,
2807 904 3017 971 capituli
3064 910 3109 955 et
3162 900 3344 955 ultima

1746 997 1989 1069 supplicii
2030 997 2470 1051 animadversione
2516 995 2769 1062 plectendt'
2812 1006 2952 1049 sunt.
2996 992 3082 1049 Ea:
3116 995 3194 1047 Itis
3222 1009 3342 1065 ergo

1747 1089 1893 1154 locis,
1926 1104 2198 1158 eorumque
2223 1088 2410 1157 ﬁnibus
2432 1128 2449 1154 ,
2480 1103 2605 1157 quos
2651 1088 2969 1141 anteriorum
3011 1086 3175 1157 legum
3203 1099 3342 1155 prtu-

1744 1183 1934 1253 scripta
1962 1192 2274 1245 sanxerunt,
2322 1181 2490 1234 nullos
2533 1179 2650 1250 ejici
2689 1189 2777 1231 aut
2830 1179 3015 1246 expelli
3063 1177 3341 1247 aliquando

1746 1277 1990 1345 patimur,
2038 1290 2129 1327 nec
2169 1274 2223 1325 in
2262 1273 2385 1343 ipsis
2416 1270 2660 1325 Ecclesiis
2706 1272 2992 1325 reverendis
3042 1274 3112 1324 ita
3160 1285 3342 1341 quem-

1747 1383 1900 1438 quam
1930 1366 2143 1419 detineri
2174 1374 2322 1431 atqtte
2344 1364 2644 1435 constringi,
2675 1373 2729 1417 ut
2758 1364 2803 1417 ei
2823 1364 3019 1432 aliquid
3040 1375 3125 1416 aut
3149 1365 3346 1416 victua-

1748 1460 1875 1514 liunt
1906 1474 2097 1520 rerum,
2130 1467 2220 1511 aut
2249 1458 2399 1511 vestis
2425 1467 2655 1527 negetur,
2686 1468 2774 1509 aut
2800 1456 3018 1527 requies,
3050 1465 3154 1510 etc.
3207 1454 3345 1510 Data

1749 1552 1914 1622 pridie
1942 1550 2169 1607 Kalend.
2200 1550 2381 1604 Martii
2411 1547 2874 1620 Constantinopoli,
2916 1548 3081 1604 Leone
3112 1549 3343 1620 Augusto

1750 1644 1952 1697 tertium
1979 1642 2203 1697 consule.
2239 1641 2341 1713 (De
2371 1641 2450 1696 his
2491 1644 2577 1711 qui
2618 1643 2686 1697 ad
2729 1640 3014 1697 Ecclesium
3041 1642 3249 1715 confug.
3281 1639 3343 1696 C.

1749 1735 1841 1792 lib.
1865 1750 1905 1801 t,
1934 1734 1993 1789 ll.
2028 1734 2203 1790 Fideli
2229 1746 2273 1788 et
2308 1734 2607 1807 Prtesenti.)

75 1846 191 1900 :ima
225 1842 661 1917 :hlmperatores
701 1848 954 1903 Arcadius
991 1858 1039 1902 et
1079 1848 1346 1903 Honorius
1397 1848 1635 1920 Augusti,
1673 1841 1720 1902 Β
1828 1828 1900 1883 De
1946 1842 2173 1896 persona
2219 1828 2477 1896 Stephani
2529 1829 2763 1899 episcopi
2812 1827 2915 1885 hoc
2959 1826 3344 1883 alienandum

75 1937 332 1995 Flteodoro
364 1944 605 2009 prwfecto
629 1950 837 2010 prator.
868 1940 929 1996 Si
954 1942 1068 2012 quis
1087 1942 1142 1994 in
1177 1942 1272 1995 hoc
1294 1957 1454 2013 genus
1481 1942 1644 1995 sacri-

76 2032 177 2101 egit
216 2032 529 2103 proruperit,
565 2042 639 2094 ut,
689 2022 743 2086 in
782 2031 1043 2087 Ecclesias
1092 2034 1372 2088 catholicas
1420 2034 1644 2098 irruens,

76 2125 410 2178 ‘acerdotibus
456 2135 502 2179 et
532 2126 803 2190 ministris,
854 2128 930 2179 vel
980 2125 1080 2196 ipsi
1108 2127 1270 2179 cultui
1311 2125 1520 2196 locoque
1549 2126 1648 2178 ali-

75 2216 183 2277 tuid
210 2216 447 2287 importet
478 2218 708 2286 injuriae,
738 2220 875 2287 quod
904 2220 1099 2288 geritur
1125 2234 1159 2271 a
1188 2218 1460 2284 provincia:
1484 2227 1647 2271 recto-

76 2306 199 2360 'ibus
236 2308 694 2375 animadvertatur,
723 2318 873 2377 atque
910 2311 983 2363 ita
1012 2311 1291 2381 provincia:
1334 2312 1644 2377 moderator,

76 2401 381 2453 :acerdotum
412 2409 459 2455 et
491 2402 792 2455 clericorum
840 2411 886 2455 et
909 2404 1175 2458 catholica:
1218 2402 1464 2459 Ecclesitz
1490 2406 1647 2459 mini-

75 2503 307 2558 :trorum,
356 2495 453 2547 loci
481 2510 678 2564 quoque
709 2495 872 2565 ipsius
901 2509 948 2551 et
986 2498 1147 2551 divini
1195 2496 1362 2551 cultus
1402 2500 1651 2568 injuriam

75 2586 271 2652 'apitali
302 2587 354 2639 in
378 2589 631 2641 convictos
658 2604 747 2642 seu
782 2592 1044 2659 confessos
1074 2606 1189 2645 reos
1221 2592 1471 2645 sententia
1497 2606 1648 2644 nove-

75 2679 129 2730 it
162 2678 542 2732 vindicandum.
566 2678 631 2733 Et
656 2690 778 2748 post
806 2695 969 2751 pauca
996 2700 1009 2734 :
1039 2681 1217 2753 Sitque
1246 2683 1439 2736 cunctis
1467 2682 1652 2737 lauda-

76 2770 166 2823 iile
194 2774 356 2840 factas
391 2781 590 2827 atroces
624 2774 973 2828 sacerdotibus
1021 2786 1110 2829 aut
1139 2776 1388 2830 ministris
1427 2776 1651 2849 injurias

75 2864 219 2916 veluti
260 2864 522 2933 publicum
552 2866 739 2919 crimen
778 2867 1003 2937 insequi,
1044 2876 1195 2937 atque
1236 2868 1299 2921 de
1324 2869 1509 2923 talibus
1538 2869 1641 2923 reis

75 2955 315 3007 ultimm
346 2958 547 3020 mereri,
575 2964 679 3011 etc.
721 2955 913 3011 Datum
941 2973 1011 3012 vn
1039 2957 1305 3013 Kalendas
1337 2958 1490 3023 Maii,
1529 2958 1651 3014 Me-

75 3046 281 3114 diolani,
309 3045 543 3101 llonorio
570 3049 802 3118 Augusto
822 3060 1001 3118 quater
1033 3060 1079 3103 et
1112 3048 1439 3120 Eutychiano
1465 3067 1652 3104 consu-

75 3136 214 3189 libus.
246 3134 326 3205 (C.
360 3138 422 3191 de
450 3137 627 3209 Episc.
657 3147 704 3192 et
735 3137 895 3205 Cler.,
951 3140 988 3191 l.
1041 3139 1103 3195 Si
1149 3140 1305 3209 quis.,
1348 3150 1393 3194 et
1428 3156 1475 3195 c.
1519 3138 1649 3197 Cod.

75 3225 291 3291 Theod.,
325 3228 414 3282 lib.
448 3245 558 3294 xvr,
588 3232 668 3286 tit.
700 3230 757 3297 2,
790 3247 905 3302 cap.
935 3229 1049 3301 51.)

75 3412 329 3467 Honorius
356 3424 402 3468 et
432 3413 747 3469 Theodosius
777 3415 1026 3488 Augusti,
1054 3413 1210 3470 Ionio
1239 3418 1478 3485 prtcfecto
1523 3432 1656 3485 pra.-

75 3514 174 3561 tor.
226 3503 396 3559 Fideli
443 3522 504 3559 ac
549 3506 729 3559 devota
778 3508 1114 3577 praeceptione
1160 3508 1421 3561 sancimus
1471 3508 1657 3562 nemini

75 3596 223 3651 licere
243 3598 306 3651 ad
333 3609 684 3652 sacrosanctas
716 3596 972 3653 Ecclesias
999 3599 1347 3670 confugientes
1380 3597 1407 3638 ¹ί
1437 3600 1657 3654 abduce-

75 3705 152 3754 re,
182 3690 270 3742 sub
297 3690 390 3745 hac
410 3690 643 3744 videlicet
671 3690 986 3757 deﬁnitione,
1018 3700 1075 3744 ut
1112 3694 1159 3746 si
1181 3693 1448 3760 quisquam
1478 3704 1657 3747 contra

75 3781 205 3832 hanc
225 3780 378 3849 legem
404 3781 571 3834 venire
594 3784 873 3843 tentaverit,
900 3782 1028 3834 sciat
1065 3797 1119 3835 se
1148 3781 1438 3853 Majestatis
1485 3784 1657 3836 crimi-

75 3888 135 3925 ne
162 3886 264 3924 esse
290 3872 625 3925 retinendum.
662 3871 800 3925 Data
832 3871 1083 3926 Kalendis
1125 3873 1318 3944 Aprilis
1347 3914 1362 3937 ,
1418 3873 1656 3930 Honorio

75 3960 254 4027 septies
281 3969 326 4014 et
356 3959 642 4016 Theodosio
666 3962 810 4015 tertio
841 3962 1155 4017 consulibus.
1191 3965 1321 4019 Item
1351 3964 1390 4019 I.
1415 3963 1654 4035 ejusdem

75 4053 185 4118 tit.,
216 4052 233 4089 ι
264 4054 479 4109 constit.
531 4052 583 4108 5.
628 4053 922 4123 Imperator
946 4063 985 4092 ιιι
1014 4055 1117 4110 Leo
1155 4057 1437 4127 Augustus,
1486 4058 1655 4129 Euty-

75 4144 257 4197 chiano
285 4147 523 4217 prtefecto
552 4157 759 4216 prtctor.
785 4147 1034 4202 Prwsenti
1075 4151 1183 4221 lege
1224 4151 1537 4207 decernimus
1567 4170 1657 4223 per

75 4237 249 4289 omnia
271 4239 382 4291 locu
411 4240 649 4305 valitura,
680 4250 891 4308 excepta
914 4239 1012 4294 Itac
1036 4244 1156 4296 urbe
1184 4246 1343 4315 reg'a,
1377 4245 1429 4297 in
1444 4261 1546 4311 qua
1562 4262 1653 4300 nos

75 4327 331 4383 divinitate
371 4333 595 4402 propitia
632 4332 890 4402 degentes,
920 4336 1112 4403 quoties
1153 4351 1273 4390 usus
1318 4339 1538 4408 exegerit
1567 4338 1651 4391 in-

1750 1931 1853 1987 est,
1878 1923 2001 1991 quia
2034 1936 2135 1976 nec
2164 1922 2359 1977 invitus
2384 1923 2450 1977 ad
2488 1923 2745 1992 judicium
2789 1922 2949 1989 trahi,
2990 1938 3091 1980 nec
3128 1922 3196 1978 ab
3222 1922 3343 1991 epi-

1749 2014 1927 2083 scopis
1953 2016 2110 2071 alieni
2139 2016 2347 2071 concilii
2374 2016 2557 2072 debuit
2601 2017 2861 2088 judicari,
2912 2018 3050 2074 sicut
3090 2018 3344 2087 praedicta

1756 2107 2099 2162 Novellarum
2148 2110 2458 2163 constitutio
2509 2111 2766 2178 continet,
2821 2126 2939 2180 qua:
2987 2112 3054 2164 de
3080 2109 3349 2180 episcopis

1751 2199 2006 2269 loquitur.
2039 2199 2128 2254 Ait
2157 2201 2341 2255 enim:
2379 2201 2485 2257 Sed
2531 2219 2690 2273 neque
2735 2218 2827 2274 pro
2875 2203 3215 2272 qualicunque
3254 2218 3347 2275 pe-

1750 2291 1989 2345 cuniaria
2021 2294 2096 2344 vel
2127 2293 2387 2346 criminali
2434 2310 2591 2348 causa
2636 2295 2705 2348 ad
2735 2295 2962 2367 judicent
3007 2294 3205 2349 civilem
3245 2294 3350 2349 sive

1750 2385 2025 2437 militarem
2055 2382 2265 2437 invitum
2319 2386 2608 2456 episcopum
2660 2388 2940 2458 producere
2990 2389 3068 2443 vel
3118 2388 3351 2442 exhibere

1751 2480 1878 2534 citra
1902 2479 2222 2547 imperialem
2250 2480 2537 2551 jussionem
2580 2484 2953 2553 permittimus;
3004 2480 3216 2555 1254
3260 2482 3350 2537 sed

1744 2572 1975 2642 judicem
2002 2572 2089 2643 qui
2116 2572 2219 2627 tale
2245 2574 2441 2644 aliquid
2468 2574 2570 2629 sive
2615 2590 2679 2629 ea:
2716 2577 2905 2642 scripto
2926 2615 2942 2642 ,
2988 2580 3092 2629 sive
3138 2590 3202 2628 ea:
3244 2589 3347 2627 non

1751 2668 1962 2736 scripto,
1987 2668 2367 2736 prtcsumpserit
2389 2676 2417 2703 η
2440 2669 2710 2739 imperare,
2736 2680 2845 2740 post
2882 2670 3075 2741 singuli
3105 2670 3350 2740 privatio-

1752 2775 1890 2826 nem,
1925 2775 1992 2813 χι
2024 2760 2268 2814 librarum
2312 2762 2429 2815 auri
2466 2779 2666 2831 poenam
2705 2764 2959 2819 exsolvere
2983 2764 3218 2836 jubemus
3246 2763 3353 2818 Ec-

1753 2852 1921 2906 clesitc
1950 2854 2099 2924 cujus
2120 2856 2387 2924 episcOpus
2409 2856 2622 2926 produci
2652 2868 2739 2911 aut
2782 2858 3005 2912 exhiberi
3037 2859 3217 2929 jussus
3245 2866 3350 2925 est;

1753 2957 2102 3000 exsecutorem
2126 2948 2359 3001 similiter
2388 2957 2499 3018 post
2524 2949 2716 3018 ciuguli
2744 2950 3078 3017 privationem
3108 2960 3155 3002 et
3181 2951 3353 3003 verbe-

1755 3038 1897 3091 ribus
1946 3037 2286 3106 subdendum,
2337 3048 2383 3091 et
2429 3040 2484 3092 in
2532 3041 2767 3094 exsilium
2796 3041 3188 3108 deportandum.
3217 3041 3349 3095 Item

1757 3138 1880 3201 post
1904 3130 2065 3185 multa
2094 3148 2106 3184 :
2137 3131 2199 3188 Si
2221 3140 2392 3186 autem
2414 3144 2463 3188 et
2485 3150 2517 3187 a
2545 3136 2729 3189 clerico
2757 3145 2845 3189 aut
2874 3137 3004 3190 laico
3052 3152 3352 3208 quocunque

1679 3230 1728 3296 α
1758 3223 1919 3277 aditio
1947 3233 2125 3277 contra
2152 3224 2446 3295 episcopum
2472 3226 2592 3293 ﬁat,
2643 3238 2851 3297 prapter
2896 3232 3171 3300 quamlibet
3225 3248 3351 3287 cau-

144 3320 285 3375 Libri
313 3323 663 3391 suprascripti
700 3322 717 3361 ί
768 3324 848 3377 tit.
894 3323 997 3391 I5,
1043 3332 1217 3379 const.
1257 3323 1330 3379 2:
1361 3323 1655 3395 Imperator
1693 3356 1704 3369 -

1759 3334 1891 3383 sam,
1919 3320 2061 3386 apttd
2090 3320 2466 3374 sanctissimum
2493 3324 2603 3392 ejus
2629 3323 3004 3394 metropolitam
3021 3365 3035 3388 ,
3068 3325 3348 3381 secundum

1757 3424 1963 3467 sanctas
1990 3415 2191 3485 regulas
2218 3422 2263 3467 et
2294 3424 2493 3468 nostras
2524 3416 2657 3485 leges
2702 3433 2859 3471 causa
2894 3419 3174 3488 judicetur.
3208 3419 3275 3474 Et
3304 3421 3351 3475 si

1759 3504 1873 3573 quis
1903 3503 2156 3575 judicatis
2198 3506 2588 3572 contradixerit,
2621 3507 2687 3559 ad
2716 3510 3062 3563 beatissimum
3090 3512 3349 3583 archiepi-

1758 3612 1973 3666 scopum
2000 3606 2047 3651 et
2068 3598 2409 3666 patriarcham
2431 3600 2699 3654 diaeceseos
2725 3601 2868 3655 illius
2896 3602 3146 3671 referatur
3168 3619 3347 3670 causa,

1765 3697 1860 3742 0et
1906 3688 1996 3742 ille
2042 3690 2323 3745 secundum
2347 3707 2566 3747 canones
2613 3701 2659 3747 et
2704 3693 2837 3764 leges
2877 3692 2995 3748 huic
3026 3696 3246 3764 prtebeat
3284 3695 3352 3763 ﬁ-

1762 3798 1896 3839 nem.

1834 3874 2033 3931 Contra
2057 3877 2170 3934 haec
2214 3879 2261 3935 si
2308 3879 2506 3936 dictum
2552 3880 2730 3946 fuerit,
2763 3883 2887 3953 quia
2919 3898 3017 3939 nec
3043 3885 3351 3954 metropoli-

1761 3976 1873 4022 tam
1920 3968 2105 4024 habuit
2152 3985 2251 4026 nec
2304 3972 2680 4042 patriarcham,
2714 3975 2996 4031 dcendum
3037 3985 3120 4032 est
3164 3978 3286 4048 quia
3318 3992 3349 4031 a

1763 4063 1892 4117 sede
1916 4062 2229 4129 apostolica,
2255 4079 2374 4132 quas
2402 4065 2636 4120 omnium
2670 4066 3026 4122 Ecclesinrum
3054 4078 3213 4138 caput
3242 4077 3347 4137 est,

1762 4167 1919 4209 causa
1967 4153 2083 4208 haec
2129 4155 2393 4210 audienda
2425 4171 2489 4210 ac
2540 4156 2840 4212 dirimenda
2892 4159 3087 4223 fuerat,
3132 4163 3271 4214 sicut
3295 4166 3354 4214 et

1760 4243 2048 4313 praedictus
2075 4245 2356 4317 episcopus
2388 4247 2606 4317 petiisse
2632 4251 2979 4321 dignoscitur,
3016 4252 3106 4318 qui
3135 4253 3349 4320 episco-

1759 4353 1856 4409 pos
1897 4339 2055 4400 alieni
2101 4341 2312 4397 concilii
2367 4342 2548 4398 habuit
2593 4346 2812 4401 omnino
2859 4354 3155 4415 suspectos.
3210 4345 3347 4412 Quia

75 4471 231 4550 Certe
258 4470 311 4525 in
353 4471 466 4542 ipso
495 4471 640 4528 fonte
687 4473 854 4531 habes
878 4490 992 4544 qua:
1010 4476 1250 4549 judicata
1296 4488 1414 4532 sunt
1441 4481 1648 4550 acquie-
1677 4483 1731 4544 D
1756 4481 1960 4536 utiliter
1988 4482 2289 4539 admonebo
2312 4483 2360 4539 id
2385 4484 2498 4539 ﬁeri
2524 4486 2727 4539 ratione
2753 4485 2984 4549 volente,
3024 4486 3343 4543 auctoritate

76 4544 221 4596 verit.

156 4612 173 4650 τ
206 4614 535 4688 Ιιιᾴίιυὶηαμθ
580 4615 776 4678 Vatic.,
805 4615 861 4688 in
900 4617 1075 4670 eadem
1114 4619 1472 4673 constitutione
1498 4622 1650 4688 quin.

76 4686 368 4759 quagesimo
398 4687 562 4759 primo
592 4688 815 4759 capitulo
846 4687 1047 4757 legitur.
1078 4688 1167 4743 Sic
1195 4690 1449 4758 explicari
1481 4686 1653 4759 potest

75 4755 219 4827 quod
241 4755 433 4827 habent
458 4758 699 4827 plerique
719 4757 869 4822 Mss,
895 4755 959 4813 L.
998 4775 1035 4812 ι.
1069 4774 1117 4811 c.

153 4836 176 4872 ε
211 4826 329 4900 Duo
366 4826 655 4882 Rhemeus.
701 4839 753 4883 et
782 4830 1013 4900 quinque
1065 4828 1256 4895 Vatic.,
1300 4830 1448 4885 titulo
1503 4833 1652 4887 tertio

77 4898 430 4952 constitutione
457 4901 746 4955 undecima.

153 4965 182 5003 δ
208 4966 440 5023 Colbert.
470 4986 533 5025 ac
556 4970 770 5033 Rbem..
803 4969 1209 5040 Imperatorjbus
1235 4974 1459 5029 Arcadio
1484 4986 1529 5031 et
1551 4974 1600 5029 Η
1610 4992 1655 5029 o-

78 5042 241 5112 norio_
245 5041 374 5111 Aug.
405 5041 676 5095 Theodoro
704 5042 1015 5112 presbytero.

76 5148 85 5181 ι
150 5110 173 5184 ,ί
208 5108 413 5184 Beniig.
444 5120 495 5166 et
520 5123 625 5167 tres
658 5108 869 5178 vana;
884 5114 958 5166 tit.
992 5112 1091 5181 12;
1118 5114 1294 5184 Colb.,
1328 5117 1405 5172 tit.
1438 5117 1525 5174 Il.

150 5178 179 5218 Β
208 5178 453 5237 Mendose
479 5185 530 5237 in
563 5185 680 5250 Ed.,
705 5185 981 5239 adducere.

153 5250 171 5288 1
202 5251 401 5320 Remig.
437 5268 558 5307 cum
584 5265 807 5322 quatuor
838 5256 1027 5322 Vatic.,
1056 5261 1262 5314 constit.
1294 5258 1347 5313 6.

151 5331 188 5357 ιη
218 5324 449 5401 Quatuor
478 5324 670 5393 Vatic.,
706 5326 998 5395 lmperante
1026 5329 1192 5384 Leone
1215 5332 1431 5401 August.
1462 5328 1654 5383 Eritrio

82 5396 363 5466 prtrpusito,

155 5474 176 5500 η
217 5466 267 5519 In
298 5466 533 5532 Turon.,
587 5465 820 5522 Colbert.
874 5480 925 5523 et
972 5470 1140 5525 tribus
1190 5469 1384 5534 Vatic.,
1444 5470 1656 5523 omissis

82 5536 281 5611 multis,
301 5539 574 5611 imperare,
605 5549 714 5606 post
742 5542 935 5611 cinguli
960 5542 1287 5611 privationem
1308 5552 1353 5593 et
1374 5542 1656 5594 verberibus

82 5608 418 5664 subdendum.
448 5609 643 5663 Eadem
673 5608 1147 5678 przetermit'tuntur
1170 5613 1220 5665 in
1253 5611 1417 5669 Vatic.
1448 5614 1506 5664 ι).

160 5688 182 5713 ο
214 5680 279 5733 lit
314 5694 377 5733 ex
428 5683 778 5748 quorumdam
819 5683 1010 5737 animis
1054 5682 1361 5749 scrupulum
1408 5684 1654 5748 evellam,

87 5749 311 5817 quicum
357 5750 499 5820 leges
540 5752 837 5821 principum
880 5754 1216 5809 adducuntur
1264 5753 1315 5806 in
1358 5754 1656 5809 subsidium

86 5833 365 5890 canonum,
420 5821 519 5879 hoc
567 5822 893 5893 probationis
939 5840 1106 5897 genus
1162 5824 1362 5884 habent
1414 5825 1652 5895 fastidio,

1757 4555 1911 4625 duce.
1948 4551 2101 4607 Ratio
2124 4570 2186 4608 ex
2209 4554 2332 4624 jure
2355 4555 2651 4623 principum
2683 4558 2858 4619 detur,
2883 4564 3041 4622 atque
3070 4572 3134 4611 ex
3157 4556 3342 4625 legum

1757 4623 1990 4677 civilium
2042 4623 2307 4691 aequitate.
2350 4627 2472 4679 Illas
2529 4627 2742 4696 appello
2792 4642 2910 4695 qure
2961 4628 3047 4694 jus
3104 4623 3347 4683 naturale

1760 4696 2290 4768 eruunt,_illusuant,
2318 4699 2593 4768 muniunt,
2636 4696 2776 4767 quod
2819 4697 3216 4768 jnriscon5nltis
3248 4716 3344 4753 usu

1757 4766 1923 4819 venit.
1954 4765 2256 4821 Canonistaa
2285 4767 2522 4834 plerique
2551 4765 2706 4821 aliain
2733 4765 2920 4822 ineunt
2946 4770 3106 4835 viam,
3138 4780 3191 4824 et
3215 4770 3342 4825 dum

1758 4835 1919 4888 nimis
1957 4840 2301 4903 scrupulose,
2352 4847 2411 4891 ut
2455 4840 2632 4892 omnia
2677 4840 2973 4893 concedant
3019 4842 3347 4905 auctoritati,

1758 4907 2040 4960 verborum
2069 4908 2153 4961 vel
2186 4908 2568 4963 minutissimus
2598 4920 2869 4965 sectantur
2896 4912 3070 4980 apices
3094 4954 3108 4976 ,
3136 4913 3223 4982 jus
3254 4913 3348 4980 ip-

1758 4991 1876 5028 sum
1906 4986 2109 5029 natura:
2132 4988 2222 5030 aut
2250 4990 2506 5033 enervant
2529 4990 2620 5034 aut
2648 4983 2938 5035 obscurant
2969 4984 3127 5037 nimis
3170 4985 3353 5037 servi-

1757 5046 1900 5100 liter.
1932 5047 2096 5121 Porro
2109 5049 2262 5121 leges
2285 5051 2579 5120 principum
2604 5053 2716 5121 ipsa
2744 5067 3005 5107 canonum
3032 5057 3350 5109 auctoritate

1758 5117 2141 5190 connuen‘dari.
2175 5117 2258 5173 vel
2286 5117 2669 5177 mucis—notum
2711 5133 2812 5177 est.
2846 5125 3036 5181 Lucius
3065 5124 3161 5190 Ill,
3193 5126 3345 5179 Extr.

1758 5186 1852 5240 lib.
1878 5203 1929 5267 v_,
1957 5190 2039 5267 tit.
2190 5204 2238 5245 c.
2330 5210 2341 5243 :
2376 5192 2890 5267 Statutacanonum,
2930 5198 3022 5256 ait,
3056 5186 3347 5267 principum

1757 5260 2201 5336 constitutionibus
2225 5262 2555 5336 adjuvantur.
2595 5266 2930 5320 Innocentius
2962 5260 3065 5329 Ill;
3099 5260 3264 5336 inibi,
3292 5283 3343 5321 ρ.

1756 5327 1813 5393 2,
1843 5342 2103 5404 memorat
2126 5327 2463 5388 traditionem
2495 5336 2724 5390 civilem.
2756 5336 3005 5392 Nicolaus
3038 5327 3077 5403 IV,
3100 5338 3224 5392 dist.
3251 5327 3345 5404 IO,

1756 5399 1886 5473 c._l,
1916 5400 2120 5466 legibus
2165 5404 2544 5473 imperatorum
2582 5408 2632 5460 in
2672 5399 3347 5465 controversiiseci-le-ia;

1757 5470 1905 5524 sticis
1935 5474 2213 5541 utendum,
2239 5470 2398 5530 modo
2421 5492 2524 5530 non
2552 5479 2767 5533 obvient
2798 5481 3071 5535 canonicte
3105 5482 3345 5536 sanctio-

1757 5546 1832 5622 ni.
1866 5542 2073 5597 Citatur
2102 5544 2318 5622 ibidem,
2350 5562 2400 5622 c.
2454 5550 2626 5622 7,_ex
2668 5562 2853 5622 sancto
2896 5551 3213 5622 Augustino,
3242 5552 3340 5622 sed

1758 5612 1933 5689 alieno
1973 5628 2155 5689 sensu.
2192 5614 2465 5689 Gelasius,
2508 5618 2635 5673 tlist.
2677 5620 2765 5683 54,
2810 5636 2860 5675 c.
2894 5612 3082 5687 9,30,
3117 5612 3341 5689 11,12,

1760 5686 1874 5755 vult
1902 5684 2158 5741 custodiri
2187 5688 2357 5755 legum
2404 5692 2691 5745 tramitem.
2741 5693 2893 5748 Mitto
2931 5684 3125 5749 caetera
3171 5684 3342 5750 multo

1758 5752 2071 5881 gl‘tggovra,
2101 5773 2219 5828 qua:
2241 5752 2301 5815 in
2330 5759 2569 5818 conciliis
2585 5766 2746 5820 etiam
2778 5766 3047 5845 primariis
3075 5776 3339 5849 prostant.

1810 5839 2018 5882 USSANV.
2784 5839 2791 5845 ’
3082 5846 3087 5849 ⁷
