3928 6342
1671 278 1916 340 SANCTI
1953 279 2279 339 GREGOlill
2316 279 2530 338 MAGNI

3614 288 3749 347 {300

462 408 596 468 ergo
620 393 887 452 sententia
909 406 1017 449 non
1044 407 1075 449 a
1104 406 1204 450 suo
1226 392 1407 466 judice
1433 394 1572 451 dicta
1602 394 1733 451 nihil
1782 396 2045 450 ﬁrmitatis
2073 397 2128 458 Α
2148 398 2443 467 producere.
2491 397 2556 450 At
2600 414 2663 452 ne
2705 406 2880 468 postea
2905 400 3173 471 objiciatur
3202 403 3276 457 eis
3313 403 3439 472 quia
3468 419 3562 473 per
3590 420 3748 459 unum

461 490 723 557 obtineat,
775 487 1018 543 lectionis
1056 487 1212 557 hujus
1241 497 1396 543 tenor
1425 488 1683 551 ostendit,
1732 488 1826 544 lib.
1859 488 1918 543 C.
1951 506 2045 557 vn,

459 584 542 634 tit.
578 577 671 644 48,
717 578 931 634 constit.
965 577 1019 633 4.
1067 578 1411 647 Imperatores
1452 580 1751 649 Gratianus,
1812 582 2046 637 Valenti-

459 672 650 724 nianus
673 680 720 724 et
755 670 1067 724 Theodosius
1111 673 1349 742 Augusti,
1390 674 1458 726 ad
1490 673 1719 728 Potitum
1755 676 2001 729 vicarium
2031 690 2050 733 :

464 762 531 816 Et
563 765 617 815 in
642 763 954 833 privatorum
994 764 1161 817 causis
1190 764 1487 835 hujusmodi
1519 766 1685 836 forma
1710 776 1957 833 servetur,
1988 785 2051 822 ne

466 871 775 925 quemquam
806 853 1120 926 litigatorum
1149 857 1416 923 sententia,
1447 874 1549 911 non
1579 874 1611 911 a
1641 874 1732 913 suo
1752 861 1930 930 judice
1970 862 2050 915 di-

461 958 563 1013 cta,
611 951 945 1018 constringat.
988 948 1124 1003 Data
1162 964 1236 1005 xu
1282 951 1507 1010 Kalend.
1564 952 1816 1018 Octobris,
1852 954 2047 1021 Romen,

466 1043 696 1097 Ausonio
723 1051 769 1096 et
800 1042 999 1098 Ulibrio
1024 1046 1334 1099 consulibus.
1366 1046 1454 1116 (Si
1482 1063 1514 1101 a
1552 1063 1652 1102 non
1682 1058 1897 1117 compet.
1922 1050 2046 1120 jud.

466 1134 529 1190 ὃ.
560 1136 598 1189 l.
630 1150 724 1204 vn,
759 1137 795 1188 l.
827 1133 893 1188 Et
922 1137 973 1188 in
999 1136 1362 1208 privatorum.)

537 1228 671 1282 lllud
702 1236 878 1282 autem
912 1229 1050 1298 quod
1080 1230 1273 1284 dicitur
1319 1246 1347 1284 a
1380 1232 1549 1286 servis
1597 1232 1709 1287 suis
1750 1243 2050 1301 accusatus,

466 1321 591 1392 quia
616 1322 784 1375 audiri
813 1323 1032 1378 minime
1069 1324 1387 1393 debuerunt,
1429 1326 1543 1382 hair,
1568 1328 1879 1383 constitutio
1907 1339 2054 1399 pate-

468 1415 593 1469 facit
617 1416 695 1469 sic
737 1416 941 1483 dicens,
968 1416 1030 1471 C.
1064 1419 1157 1473 lib.
1194 1434 1273 1483 lx,
1302 1420 1382 1474 tit.
1420 1421 1469 1487 l,
1503 1423 1719 1477 constit.
1746 1416 1841 1479 9.0.
1884 1422 2057 1493 Impe-

462 1516 659 1562 ratores
717 1510 969 1564 Arcadius
1024 1521 1071 1566 et
1120 1512 1385 1567 Honorius
1433 1516 1683 1585 Augusti,
1734 1516 2056 1589 Eutycliiano

464 1603 710 1669 prcefecto
736 1612 944 1673 prcetor.
976 1605 1039 1661 Si
1074 1608 1188 1676 quis
1217 1624 1281 1662 ea:
1310 1610 1652 1679 familiaribus
1698 1613 1773 1667 rel
1812 1630 1873 1669 ex
1902 1617 2057 1669 servis

460 1693 733 1763 cujuslibet
772 1696 953 1750 domus
997 1700 1345 1769 cujuscunque
1388 1703 1617 1758 criminis
1667 1706 1864 1761 delator
1908 1719 2058 1779 atque

2154 499 2349 558 partem
2373 500 2512 559 gesta
2542 495 2771 562 confecta
2792 504 2931 559 sunt,
2964 506 3160 563 oportet
3188 507 3238 552 et
3277 498 3429 551 illum
3469 502 3557 568 qui
3591 502 3751 568 impe-

2152 582 2298 644 titur,
2329 583 2381 634 in
2408 582 2522 650 ipsa
2549 584 2747 638 civitate
2791 587 3123 640 constitutum
3152 588 3238 641 ubi
3282 592 3581 644 testimonia
3624 593 3751 646 dan-

2153 684 2255 741 tur,
2287 676 2606 730 admonitum
2630 694 2661 730 a
2680 679 2859 748 judice
2884 681 2989 733 sive
3027 698 3060 734 a
3096 683 3363 748 defensore
3401 685 3677 751 advenire,
3711 698 3751 740 et

2152 768 2331 821 audire
2360 771 2724 824 attestationes.
2774 770 2837 825 Si
2888 788 3004 825 vero
3056 774 3275 828 noluerit
3320 776 3614 843 advenire,
3670 782 3751 833 sed

2154 862 2525 930 contempserit,
2560 872 2615 916 ut
2640 879 2704 917 ex
2728 863 2821 917 hoc
2845 864 2908 917 ab
2936 880 3038 916 una
3062 874 3204 930 parte
3233 869 3528 921 testimonia
3575 872 3759 923 adrer-

2152 968 2241 1007 sus
2261 968 2373 1007 eum
2414 954 2619 1009 inutilia
2660 956 2783 1019 sint,
2822 959 3077 1011 sancimus
3106 960 3402 1029 hujusmodi
3462 966 3753 1019 testimonia

2153 1044 2226 1099 ita
2252 1044 2437 1111 ualere,
2469 1061 2529 1099 ac
2572 1047 2617 1100 si
2656 1064 2759 1101 non
2799 1064 2861 1101 ex
2913 1065 3017 1103 una
3063 1063 3207 1119 parte
3248 1055 3635 1122 consisterent,
3670 1061 3751 1109 sed

2156 1138 2307 1192 etiam
2334 1138 2445 1207 ipso
2467 1152 2713 1208 pra’sente
2738 1144 2948 1210 fuissent
2971 1149 3129 1211 facta.
3161 1145 3222 1201 Si
3248 1148 3382 1201 enim
3414 1165 3571 1202 recns

2156 1237 2203 1283 et
2232 1232 2401 1285 venire
2423 1234 2660 1295 noluerit,
2691 1243 2738 1286 et
2766 1235 2946 1287 audire
2972 1250 3088 1305 qua:
3116 1238 3467 1305 deponuntur,
3518 1258 3637 1294 cum
3662 1248 3751 1294 ati-

2156 1339 2254 1393 que
2277 1325 2330 1377 in
2362 1324 2566 1393 publico
2595 1327 2692 1389 sit,
2721 1335 2769 1380 et
2796 1343 2895 1380 non
2921 1344 2987 1382 ex
3010 1331 3289 1385 inevitabili
3316 1335 3555 1400 quadam
3583 1352 3748 1391 neces-

2158 1416 2307 1469 sitate
2336 1418 2504 1469 venire
2532 1433 2634 1471 non
2662 1420 2842 1487 possit,
2871 1421 3053 1475 similis
3074 1424 3363 1478 advenienti
3383 1427 3509 1493 erit,
3539 1437 3589 1481 et
3618 1429 3749 1483 nulla

2158 1508 2349 1560 utilitas
2376 1524 2441 1561 ea:
2468 1518 2753 1579 contemptu
2792 1527 2887 1564 suo
2928 1512 2974 1566 ei
3002 1502 3358 1578 adhibebitur,
3390 1519 3488 1570 sed
3518 1518 3748 1573 videbu-

2161 1610 2244 1651 tur
2270 1600 2472 1667 quidem
2498 1602 2552 1653 in
2581 1603 2848 1668 utriusque
2876 1606 3145 1673 praesentia
3182 1608 3521 1674 probationes
3546 1616 3747 1678 faetet

2163 1692 2302 1748 Ecce
2322 1694 2692 1749 admonendus
2720 1705 2803 1751 est
2830 1713 3044 1766 semper
3080 1700 3455 1770 adversarius,
3492 1714 3553 1759 ut
3578 1706 3645 1760 ad
3671 1722 3749 1759 au-

463 1793 736 1838 accusator
783 1790 1048 1856 exstiterit,
1080 1794 1190 1863 ejus
1234 1795 1619 1850 testimationem
1645 1844 1659 1865 ,
1711 1813 1863 1870 caput
1901 1812 2049 1872 atque

2164 1787 2383 1844 diendos
2411 1798 2573 1845 testes
2601 1792 2868 1846 adveniat.
2898 1793 3049 1861 Quod
3092 1797 3211 1866 quia
3244 1797 3331 1851 hic
3361 1800 3629 1853 omissum
3660 1811 3746 1867 est,

462 1878 697 1946 fortunas
727 1879 977 1947 petiturus
1024 1886 1172 1952 cujus
1213 1887 1553 1954 familiaritati
1591 1890 1669 1944 vel
1715 1891 1941 1946 dominio
1972 1895 2055 1946 in-

462 1968 683 2038 haeserit,
718 1980 835 2025 ante
857 1974 1213 2031 exhibitionem
1243 1981 1466 2048 testium,
1489 1993 1605 2036 ante
1633 1986 2056 2042 exanimationem

454 2060 666 2131 judieii,
699 2063 753 2116 in
782 2064 896 2133 ipsa
916 2070 1230 2136 expositione
1248 2073 1518 2127 criminum
1547 2084 1695 2144 atque
1717 2080 2057 2134 accusationis

461 2152 692 2220 exordio,
726 2155 891 2208 ultore
916 2156 1092 2226 gladio
1122 2160 1362 2229 feriatur.
1405 2162 1591 2217 Vocem
1621 2168 1756 2219 enim
1802 2169 2055 2237 funestam

460 2243 698 2299 intercidi
728 2258 925 2315 oportet
946 2253 1112 2319 potius
1138 2270 1291 2322 quam
1319 2257 1513 2311 audiri.
1546 2257 1841 2329 Majestatis
1886 2272 2057 2315 autem

460 2336 653 2390 crimen
706 2348 905 2394 tantum
946 2344 1245 2414 excipimus.
1287 2347 1427 2403 Data
1466 2365 1500 2403 ν
1544 2349 1676 2406 Idus
1730 2352 2053 2425 Novembris,

462 2424 686 2481 Cwsario
712 2431 977 2502 Atticoque
999 2439 1311 2495 consulibus.
1345 2440 1449 2511 (De
1470 2442 1551 2497 Itis
1574 2444 1664 2514 qui
1686 2461 1928 2503 accusare
1954 2424 2057 2505 non

461 2536 601 2587 poss.
627 2522 687 2575 Ο.
722 2525 758 2577 l.
788 2540 864 2591 Ix,
900 2527 939 2583 Ι.
971 2529 1034 2582 Si
1059 2530 1220 2599 quis.)

534 2613 589 2668 Si
624 2630 752 2672 vero
779 2618 978 2673 dictum
1021 2621 1182 2679 fuerit
1206 2626 1329 2693 quia
1358 2627 1426 2683 de
1470 2627 1573 2684 hoc
1617 2640 1899 2690 accusatus
1947 2646 2049 2705 est,

462 2704 606 2772 quod
634 2707 698 2759 ad
725 2709 1018 2779 majestatis
1057 2715 1259 2772 crimen
1290 2723 1532 2787 attendit,
1564 2737 1663 2779 nec
1696 2726 1867 2795 ipsum
1893 2729 1961 2786 de
1986 2746 2051 2788 eo

461 2798 789 2855 credendum
822 2802 940 2870 fuit,
975 2806 1019 2860 si
1042 2806 1148 2861 vita
1178 2810 1263 2865 vel
1286 2812 1467 2880 opinio
1486 2812 1603 2884 ejus
1625 2818 1745 2872 talis
1775 2830 1898 2875 ante
1944 2837 2051 2878 non

460 2888 688 2959 exstitit,
735 2892 872 2949 sicut
910 2894 1003 2951 lib.
1034 2892 1421 2959 Pan‘dectarum
1452 2921 1636 2977 XLVIII,
1661 2910 1726 2963 ad
1760 2911 1927 2981 legem
1959 2914 2053 2969 Ju-

459 2978 587 3037 liam
620 2992 649 3033 P
671 2986 988 3055 majestatis,
1034 2993 1219 3049 scribit
1250 2996 1575 3055 Modestinus
1596 3043 1610 3066 ,
1656 3003 1773 3073 lege
1812 2978 2048 3078 lv‘amosi,

458 3075 617 3142 paulo
647 3088 766 3147 post
795 3082 1112 3154 principium
1148 3104 1160 3141 :
1193 3088 1311 3142 Hoc
1352 3101 1519 3147 tamen
1560 3095 1748 3151 crimen
1788 3115 1820 3152 a
1852 3075 2050 3170 judici;

458 3165 549 3222 ltus
580 3185 682 3224 non
709 3172 761 3225 in
792 3176 1056 3231 occasione
1080 3181 1142 3233 ob
1182 3182 1484 3251 principalis
1522 3189 1801 3254 maiestatis
1846 3208 2046 3248 venera-
2068 3178 2133 3244 α’

456 3260 647 3315 tionem
698 3264 984 3321 habendum
1013 3280 1119 3338 est,
1167 3274 1257 3327 sed
1305 3277 1359 3329 in
1415 3280 1625 3333 veritate
1668 3284 1743 3338 rei
1774 3286 2050 3354 judicatw.

458 3351 601 3408 Nam
641 3365 689 3409 et
732 3374 947 3427 persona
990 3367 1269 3431 spectanda
1316 3376 1411 3435 est,
1455 3387 1523 3425 an
1573 3376 1759 3444 poterit
1774 3351 1973 3449 facere,
2003 3390 2053 3437 et

456 3461 576 3505 ante
595 3454 717 3521 quid
744 3456 941 3524 fecerit,
971 3469 1020 3513 et
1036 3477 1103 3514 an
1131 3464 1449 3534 cogitaverit.

528 3546 683 3612 Quod
713 3560 890 3607 autem
923 3553 1055 3608 dicit
1082 3554 1221 3610 idem
1251 3559 1555 3630 episcopus,
1586 3562 1708 3633 quia
1740 3579 1799 3622 se
1828 3566 2049 3626 absente

453 3638 623 3708 aliqui
672 3643 916 3699 vilissimi
972 3648 1080 3703 sint
1129 3657 1291 3706 testes
1345 3652 1590 3723 exhibiti,
1646 3656 1748 3713 hoc
1788 3660 1833 3714 si
1864 3677 2048 3719 verum

462 3731 674 3804 1255
720 3745 820 3801 est,
855 3738 1055 3793 nullius
1096 3756 1216 3798 esse
1265 3750 1519 3802 momenti
1559 3748 1679 3818 lege
1721 3754 2048 3810 noscendum

457 3832 564 3888 est,
594 3819 989 3885 Constitutione
1020 3833 1230 3889 novella
1272 3850 1392 3905 quae
1438 3838 1507 3893 de
1540 3842 1761 3896 testibus
1792 3846 2043 3917 loquitur,

457 3927 509 4011 c.
543 3913 608 3967 16
641 3932 653 3967 :
681 3916 795 3971 Hoc
822 3936 1017 3990 quoque
1040 3927 1223 3995 stepius
1264 3931 1562 3999 agnovimus
1584 3971 1598 3997 ,
1646 3913 1885 4003 quoniam
1934 3913 2048 4011 qui-

458 4005 582 4060 dam
610 4020 700 4063 aut
726 4013 868 4080 apud
896 4012 1124 4069 locorum
1168 4018 1454 4089 defensores
1476 4065 1489 4089 ,
1520 4035 1608 4078 aut
1639 4029 1779 4095 apud
1824 4005 2049 4087 clarissi-

456 4115 569 4154 mos
596 4104 969 4173 provinciarum
1000 4110 1235 4180 judices,
1285 4122 1373 4167 aut
1410 4117 1585 4183 etiam,
1616 4130 1670 4173 ut
1719 4126 1923 4192 assolet,
1967 4128 2049 4181 hic

456 4195 596 4264 apud
623 4197 787 4251 virum
816 4199 1154 4256 clarissimum
1184 4205 1483 4276 magistrum
1528 4226 1706 4267 census
1754 4216 2051 4286 ingrediun-

457 4294 563 4355 tur,
593 4297 644 4344 et
668 4301 949 4359 queruntur
978 4303 1220 4366 tanquam
1246 4300 1311 4353 ab
1337 4301 1441 4355 alio
1468 4305 1610 4373 passi
1648 4308 1843 4377 aliquid
1870 4321 2051 4367 contra

456 4377 614 4454 leges,
644 4391 731 4437 aut
759 4383 913 4441 aliter
940 4386 1050 4443 lazsi
1086 4400 1177 4444 aut
1217 4392 1539 4463 damniﬁcati
1561 4442 1575 4466 ,
1630 4407 1782 4454 testes
1828 4402 2050 4463 volentes

2160 1895 2381 1937 necesse
2398 1892 2481 1937 est
2512 1885 2731 1953 utquod
2762 1896 2944 1941 contra
2990 1888 3134 1958 leges
3180 1900 3364 1945 actum
3406 1904 3499 1945 est
3549 1893 3748 1948 ﬁrmita-

2161 1981 2267 2027 tem
2295 1989 2398 2027 non
2430 1974 2642 2030 habeat.
2669 1976 2911 2043 (Aut/ten.
2938 1979 3001 2032 de
3029 1988 3143 2033 test.
3165 2022 3179 2046 ,
3214 1981 3241 2051 ᾗ
3273 1980 3344 2035 Et
3374 1982 3464 2036 hic
3493 1985 3661 2053 vero.)

2230 2066 2425 2131 Quales
2454 2078 2633 2122 autem
2668 2078 2690 2106 τ
2724 2079 2909 2135 testes,
2939 2072 3022 2127 vel
3057 2072 3209 2141 cujus
3247 2075 3535 2143 opinionis
3578 2078 3645 2132 ad
3688 2089 3755 2133 te-

2159 2160 2466 2215 stimonium
2514 2161 2832 2217 admittendi
2877 2174 3021 2229 sunt,
3074 2166 3315 2234 plurima:
3374 2168 3533 2239 leges
3587 2181 3756 2226 osten~

2160 2251 2311 2317 dunt,
2344 2269 2463 2323 quae
2490 2269 2626 2322 pene
2649 2256 2777 2311 nulli
2811 2258 3073 2313 habentur
3096 2260 3421 2330 incognitas;
3452 2278 3584 2334 qua:
3608 2264 3757 2319 etiam

2159 2354 2216 2400 et
2247 2346 2374 2400 illud
2400 2350 2665 2414 sanciunt,
2692 2359 2747 2404 ut
2778 2349 3049 2405 vilissimis
3080 2354 3303 2408 testibus
3326 2356 3452 2410 sine
3500 2358 3757 2425 corporali

2159 2438 2495 2494 discussione
2533 2440 2676 2495 credi
2728 2456 2836 2496 non
2864 2441 3074 2497 debeat.
3119 2444 3270 2511 Quod
3307 2456 3503 2501 autem
3556 2449 3754 2513 dicitur,

2157 2534 2280 2603 quia
2306 2535 2437 2589 nihil
2466 2536 2679 2605 scriptis
2714 2536 3007 2604 judicatdm
3037 2548 3139 2605 est,
3175 2548 3197 2575 ⁸
3242 2541 3519 2609 legendus
3560 2553 3643 2597 est
3685 2544 3755 2597 tit.

2156 2623 2227 2677 44
2278 2626 2372 2680 lib.
2406 2642 2480 2682 vn
2525 2625 2774 2695 Codicis,
2828 2631 2949 2698 quia
3004 2632 3218 2700 scriptis
3271 2633 3467 2689 debuit
3515 2634 3754 2704 judicari.

2156 2718 2291 2773 Nam
2316 2720 2385 2773 ibi
2420 2720 2558 2775 inter
2585 2721 2687 2775 alia
2730 2722 3039 2792 pra-cipitur
3068 2734 3127 2779 ut
3167 2728 3445 2781 sententia
3500 2742 3625 2797 quae
3654 2730 3757 2783 sine

2156 2812 2357 2883 scripto
2385 2813 2525 2869 dicta
2559 2814 2717 2869 fuerit
2744 2831 2841 2869 nec
2872 2830 3065 2872 nomen
3094 2818 3380 2873 sententia:
3422 2820 3633 2876 habere
3657 2836 3751 2875 rne-

2156 2919 2355 2963 reatur.
2386 2908 2511 2979 (Ubi
2538 2925 2717 2976 supra,
2745 2910 2773 2982 §
2800 2910 3019 2981 Testes.)

2326 3030 2350 3056 θ
2392 3022 2774 3078 SENTENTIA
2814 3024 3093 3082 JOANNIS
3132 3025 3597 3086 DEFENSORIS.

2155 3112 2470 3185 Exemplum
2519 3118 2779 3170 sententia:
2820 3135 2913 3187 pro
2959 3117 3214 3174 Januario
3272 3120 3608 3178 Malacitano
3656 3128 3757 3189 epi-

2860 3206 3032 3259 scopo.

2232 3278 2287 3333 la
2320 3277 2536 3336 nomine
2559 3280 2794 3350 Domini,
2845 3283 3168 3354 imperatore
3214 3285 3307 3342 illo
3328 3329 3344 3351 .
3395 3287 3491 3344 illa
3524 3289 3652 3357 die,
3682 3293 3761 3347 illa

2154 3372 2466 3429 indictione.

2228 3466 2322 3521 Ille
2346 3466 2429 3521 cui
2459 3466 2695 3522 ollicium
2727 3468 3017 3540 cognitoris
3058 3470 3353 3543 iniungitur
3400 3476 3477 3529 ita
3523 3490 3588 3533 se
3640 3494 3765 3549 pura

2155 3573 2217 3615 ac
2242 3559 2559 3616 intemerata
2581 3564 2906 3618 conscientia
2934 3562 3096 3619 debet
3122 3564 3173 3619 in
3197 3566 3453 3623 omnibus
3478 3570 3763 3639 exhibere,

2156 3660 2216 3709 ut
2241 3669 2303 3709 ex
2337 3654 2422 3709 his
2448 3653 2474 3691 ιι
2515 3671 2635 3726 quae
2662 3656 2716 3711 in
2744 3656 2861 3711 aliis
2894 3656 3095 3727 judicat
3139 3658 3251 3729 ipse
3280 3660 3556 3719 ultionem
3586 3668 3764 3720 ademi

2155 3750 2419 3805 examinis
2461 3765 2565 3804 non
2604 3749 2859 3806 incurrat.
2898 3752 3027 3805 Dum
3081 3754 3237 3823 igitur
3284 3770 3347 3809 ex
3405 3756 3765 3827 depulalione

2154 3845 2449 3900 beatissimi
2476 3855 2636 3916 atque
2668 3847 2994 3915 c‘apostolici
3024 3846 3205 3902 domni
3231 3851 3332 3903 mei
3365 3867 3532 3921 papa:
3559 3852 3762 3921 Grego-

2155 3938 2220 3994 rii
2248 3953 2347 4008 ego
2377 3939 2612 3996 Joannes
2659 3939 2909 3996 defensor
2942 3941 3077 3995 inter
3104 3939 3418 3998 Januarium
3444 3946 3761 4015 episcopum

2154 4032 2481 4089 Malacitanm
2504 4035 2734 4089 civitatis
2761 4044 2922 4104 atque
2944 4034 3083 4089 inter
3101 4035 3219 4089 illos
3244 4036 3450 4102 etillos
3472 4040 3761 4105 θιιὶςριιρτέςε

2155 4125 2181 4165 d
2213 4127 2452 4196 cognitor
2478 4128 2817 4193 resedissent,
2849 4143 3067 4183 necesse
3095 4126 3493 4183 habuicausam
3524 4133 3761 4199 pnedicti

2151 4216 2393 4274 Januarii
2422 4219 2631 4274 interna
2652 4218 2999 4288 inquisitione
3025 4219 3311 4286 discutere,
3358 4230 3419 4273 et
3446 4234 3478 4275 ε
3520 4223 3761 4289 partibus

2152 4310 2420 4366 subtiliter
2446 4325 2688 4381 quaarcre
2718 4311 3019 4375 veritatem,
3051 4309 3118 4375 si,
3152 4318 3207 4367 ut
3242 4310 3434 4378 petitio
3481 4312 3616 4381 ejus
3644 4329 3761 4369 can-

2153 4404 2323 4470 tinet,
2375 4405 2707 4460 transmissis
2758 4403 2968 4459 clericis
3025 4422 3057 4459 a
3111 4405 3427 4460 memoratis
3484 4408 3763 4478 episcopis

527 4570 646 4659 Pin
666 4569 849 4627 Vatic.
880 4571 958 4655 ᾼ,
984 4573 1025 4627 Β
1044 4574 1395 4659 κῇᾘθμηίς.
1425 4587 1481 4659 et
1509 4580 1773 4659 Colbe_rt.,
1794 4586 2045 4659 inaiesla-
2071 4589 2126 4655 ι)
2148 4606 2299 4645 sonas
2324 4604 2439 4659 qua:
2466 4587 2791 4654 contrahunt,
2844 4586 3071 4658 alioquin
3107 4602 3135 4641 e
3164 4588 3507 4659 notariorum
3547 4606 3759 4642 numero

456 4642 522 4696 tis
549 4643 733 4714 digest.
775 4645 1011 4712 septimo,
1049 4642 1390 4716 Modestinus,
1422 4650 1513 4707 lib.
1546 4667 1620 4706 xu
1652 4642 1904 4712 Pandect'.
1932 4666 2048 4729 post

454 4730 640 4784 pauca.

532 4786 891 4869 silic‘paulo.
914 4786 1236 4869 discrepant
1273 4790 1445 4869 vatic.
1479 4792 1520 4848 Β
1544 4802 1599 4850 et
1626 4795 1687 4863 D,
1723 4810 1785 4853 ac
1821 4796 2043 4869 Rbem.,

456 4857 551 4911 sed
578 4857 678 4931 line
703 4857 1089 4931 locovidentnr
1110 4864 1367 4931 corrupti.

532 4928 667 5011 fDe
698 4928 922 5011 testibus
969 4930 1240 5011 duo‘su‘nt
1272 4928 1421 5011 tituli
1466 4934 1613 4992 Extr.
1662 4937 1755 4994 lib.
1801 4956 1859 5007 ιι,
1914 4958 2048 5011 quos

456 4999 806 5084 subsequitur
842 5000 1015 5084 alter,
1051 5003 1127 5084 _de
1161 5004 1265 5071 ﬁde
1297 5005 1776 5084 instrumentorum.
1810 4999 1863 5066 in
1895 4999 2049 5084 cujus

458 5086 506 5156 (λ.
540 5072 575 5123 2
606 5072 719 5154 haec
750 5072 865 5141 lego
898 5090 909 5126 :
945 5072 1149 5156 Scripta
1197 5075 1527 5156 aut/gentico,
1562 5081 1605 5133 si
1625 5091 1782 5156 testes
1812 5072 2046 5156 inscripti

458 5142 911 5220 decesserint,-non
940 5146 1176 5198 videntur
1198 5148 1342 5220 nobis
1360 5149 1581 5220 alicujus
1606 5151 1867 5220 ﬁrmitatis
1891 5142 2047 5212 robur

458 5214 661 5293 habere,
707 5216 805 5268 nisi
840 5232 929 5283 per
954 5232 1166 5293 manum
1203 5218 1457 5288 publicam
1488 5214 1644 5291 'fact'a
1691 5225 1878 5293 fuerint
1900 5269 1915 5289 .
1974 5230 2045 5283 ita

456 5286 593 5369 quqd
639 5296 922 5369 appareant
968 5286 1249 5369 publicata,
1300 5301 1388 5369 aut
1435 5286 1782 5369 aulbentieum
1816 5286 2042 5369 sigillum

459 5355 725 5437 babiieriiit
756 5374 845 5426 per
868 5355 1006 5428 quod
1036 5361 1229 5426 possint
1262 5364 1485 5437 probari.
1533 5366 1705 5434 lle-ges
1746 5355 1913 5423 nostii
1940 5387 2044 5437 quo

460 5424 779 5509 falsitatibus
810 5424 1183 5509 occurrerent,
1238 5424 1399 5487 multa
1442 5424 1763 5509 sanvaunt,
1813 5424 2042 5509 φυονῖιῶ

460 5498 636 5565 aliqua
666 5501 895 5572 reperiet
917 5502 1085 5557 lector
1112 5506 1163 5559 in
1192 5520 1379 5572 magna
1417 5508 1703 5564 collatione
1738 5498 2041 5569 Ordinatio;

460 5582 587 5621 num
617 5571 899 5637 regiarum,
934 5573 1027 5630 lib.
1056 5592 1126 5641 iv,
1162 5578 1243 5630 tit.
1268 5571 1321 5631 5.
1350 5577 1494 5632 lianc
1528 5579 1777 5636 Ludovici
1826 5583 1915 5639 XII
1964 5585 2043 5640 le-

460 5654 577 5704 gem
604 5641 848 5694 exscribo
874 5660 886 5693 :
924 5644 1129 5719 lVotarii
1158 5649 1355 5701 nullum
1384 5660 1589 5717 pactum
1618 5654 1919 5719 exscribent,
1944 5659 2044 5711 nisi

460 5728 704 5789 personas
735 5715 1087 5789 contra/tentes
1133 5722 1285 5786 probe
1325 5715 1575 5789 noverint,
1624 5734 1711 5776 aut
1760 5715 2043 5783 certe-ﬁdis

463 5782 671 5836 testibus
697 5782 1176 5857 assertoribusipsis
1202 5792 1386 5858 liqueat
1407 5782 1611 5849 easdem
1628 5798 1767 5866 ipsas
1798 5815 1903 5855 esse
1926 5782 2040 5869 ρετ-

2152 4657 2530 4731 expungantur.
2576 4660 2891 4714 Franciscus
2936 4658 2974 4726 Ι,
3021 4675 3106 4712 an.
3156 4657 3315 4731 15.35,
3348 4660 3617 4713 addidit:
3656 4659 3759 4713 No-

2153 4734 2271 4786 tarii
2297 4734 2494 4786 nullum
2518 4732 2820 4803 perscribent
2846 4741 3157 4784 contractum
3186 4730 3295 4783 sine
3330 4732 3575 4803 testibus,
3609 4733 3701 4799 qui
3718 4742 3760 4786 et

2151 4804 2367 4858 notariis
2390 4814 2437 4857 et
2473 4806 2698 4873 personis
2730 4802 3139 4855 contrahentibus
3168 4803 3275 4854 noti
3305 4802 3430 4854 sint.
3464 4802 3759 4857 Contraria

2151 4889 2254 4929 usu
2302 4876 2664 4930 invalescentc
2709 4874 3076 4929 instrumentis
3125 4873 3448 4928 adulterinis
3507 4874 3757 4929 abnues-

2152 4962 2290 5000 mus.
2322 4946 2585 5001 Gussssv.

2227 5026 2248 5051 ⁸
2281 5018 2451 5072 Vatic.
2476 5018 2519 5071 A
2548 5025 2602 5071 et
2630 5016 2693 5081 Ρ,
2724 5016 2962 5087 legendus
2989 5024 3061 5070 est
3092 5016 3269 5069 titulus
3298 5011 3363 5087 19¹
3382 5015 3485 5087 lib.
3519 5030 3577 5068 Vl
3624 5015 3756 5087 Con—

2147 5088 2335 5154 stitut.,
2385 5088 2527 5157 quia.
2570 5084 2849 5142 (Ionseiitit
2880 5089 3079 5142 Turnn.
3111 5096 3313 5141 mutato
3343 5084 3407 5141 19
3460 5089 3513 5141 in
3572 5084 3667 5143 18.
3702 5088 3751 5143 In

2148 5160 2339 5239 Rheni.
2360 5202 2374 5224 ,
2409 5160 2674 5239 legendum
2704 5172 2775 5213 est
2985 5161 3102 5239 libri
3131 5174 3181 5213 γι
3203 5158 3427 5239 Con-sitit.
3513 5230 3527 5239 .

2219 5232 2494 5286 Ssarru'r.
2519 5230 2672 5284 loss.
2706 5247 2828 5286 per.
2864 5231 2967 5302 [AL
3000 5230 3116 5302 55].,
3148 5260 3219 5270 —-
3250 5240 3273 5265 ³
3306 5230 3491 5283 Exstat
3513 5230 3574 5284 in
3610 5236 3751 5302 quin-

2148 5317 2251 5371 que
2274 5302 2473 5366 Vatic.,
2507 5311 2735 5370 quatuor
2764 5301 3001 5358 Colbert.
3031 5344 3047 5369 ,
3091 5301 3300 5356 duobus
3349 5302 3556 5366 Teller,
3615 5301 3751 5359 utro

2148 5389 2251 5455 que
2280 5374 2474 5455 linem.
2500 5384 2554 5427 et
2580 5372 2779 5455 'l‘u‘ron.
2814 5375 2978 5429 Abest
2994 5390 3035 5455 ἐξ
3067 5372 3254 5455 Narin.
3305 5452 3314 5455 Α
3349 5442 3387 5455 ﬁ

2218 5444 2246 5483 ι)
2280 5446 2332 5499 In
2375 5446 2599 5512 liliem.,
2637 5446 2876 5502 Colbcrt.
2905 5457 2960 5501 et
2994 5443 3158 5499 Vatic.
3193 5448 3234 5497 A
3266 5452 3320 5498 et
3349 5442 3391 5497 Ξ)
3416 5485 3433 5511 ,
3466 5461 3589 5511 qua:
3638 5448 3747 5501 aliis

2146 5517 2358 5571 indicat.

2224 5600 2246 5627 ο
2272 5588 2723 5656 AdduntExcusi,
2744 5588 3038 5645 faventibus
3065 5586 3251 5659 paucis
3272 5587 3568 5644 admodum
3596 5588 3739 5656 Μελ,

2149 5669 2198 5715 et
2222 5662 2462 5715 iussione.

2368 5683 2377 5707 ν
2452 5703 2462 5714 .

2213 5680 2510 5791 {iugblblgru
2540 5742 2593 5791 ct
2628 5732 2819 5801 Vatic.,
2848 5733 3127 5802 cognitores
3154 5732 3487 5791 resedissent.
