3928 6342
73 266 235 327 ,501
790 266 1276 327 EPISTULARUM
1313 267 1444 324 LIB.
1484 267 1623 324 XIII.
1664 297 1734 310 --
1769 267 2016 327 lNDICT.
2055 269 2148 326 VI.
2183 299 2254 312 —
2292 270 2510 330 EPIST.
2552 272 2764 330 XLVII.
3288 280 3434 339 1302

73 385 340 458 [256
398 399 514 441 una
549 398 672 440 cum
715 381 1023 440 hominibus
1069 381 1290 456 gloriosi
1314 382 1625 452 'Comitioli,
1674 385 1819 449 deA
1845 385 2128 455 debemus,
2157 401 2228 442 ne
2256 385 2680 446 dissimulatione
2709 389 2852 446 vires
2895 389 3026 448 dare
3067 395 3243 462 pravis
3293 401 3435 454 acti-

74 482 374 538 chlesia
410 481 578 538 fuerit
605 480 868 536 violenter
904 479 1224 536 abstractus.
1266 469 1368 548 Qui
1418 477 1545 534 dum
1571 477 1737 532 multa
1841 479 1973 545 bus,
2021 495 2156 550 quos
2203 478 2342 536 falce
2384 481 2682 552 disciplina:
2728 498 2978 542 resecare
3029 499 3128 542 nos
3161 490 3429 553 convenit,

74 587 303 632 :ontra
336 591 408 632 se
440 575 670 632 invicem
691 616 709 644 ,
737 576 876 632 sicut
921 582 1070 646 gesta
1101 582 1388 642 testantur,
1418 573 1735 644 objicerent,
1841 573 2143 630 videamur.
2167 574 2302 640 Quia
2330 590 2459 644 ergo
2485 575 2726 644 pervenit
2751 576 2817 631 ad
2849 592 2948 633 nos
2987 578 3281 634 monachos
3321 595 3436 634 mo-

73 671 151 724 ul
194 670 604 726 conclusionis
637 671 779 725 hunc
809 677 1049 738 utraeque
1077 679 1257 740 partes
1298 667 1584 738 aliquando
1628 675 1738 724 ter-
1845 664 2066 720 nasterii
2097 673 2122 701 λ
2154 665 2210 719 in
2240 663 2532 734 Capricana
2562 666 2757 733 insula,
2788 683 2908 737 quae
2933 667 3084 737 juxta
3128 668 3434 740 Majoricam

74 763 328 816 uinum
365 770 761 836 pervenerunt,
792 770 1037 830 petentes
1061 775 1147 818 me
1193 761 1262 816 de
1305 762 1498 831 agnitis
1540 760 1740 817 debere
1843 758 2070 812 insulam
2100 767 2182 812 est
2208 755 2401 826 posita,
2426 757 2496 811 ita
2521 763 2773 827 perverse
2802 773 2980 828 agere,
3008 773 3073 815 ac
3099 761 3259 817 vitam
3279 776 3434 816 suam

73 854 391 917 iudicare.
453 852 608 910 Unde
651 851 884 908 sollicite
911 851 1156 922 relegens
1187 867 1305 923 quae
1352 860 1471 907 acta
1511 859 1657 917 sunt,
1686 857 1741 907 et
1843 850 2075 906 diversis
2104 847 2431 904 facinoribus
2468 847 2807 918 submisisse,
2842 860 2898 906 ut
2927 866 3033 907 non
3077 853 3437 922 omnipotenti

73 947 426 1002 veritatem
455 945 696 1016 diligenti
726 943 1137 1016 investigatione
1164 942 1513 1014 perquirens,
1539 943 1738 998 nullam
1844 941 1982 1012 Deo,
2012 939 2108 996 sed
2138 941 2361 1010 antiquo
2392 955 2450 996 se
2488 941 2658 1010 hosti,
2711 942 2852 1014 quod
2893 957 3015 998 cum
3060 943 3262 1012 gemitu
3306 943 3441 998 dici-

73 1037 150 1093 in
199 1039 507 1095 antedicto
533 1037 786 1094 Januario
811 1037 1023 1108 culpam
1071 1051 1190 1108 quae
1218 1035 1408 1092 exsilio
1444 1035 1530 1092 vel
1574 1035 1742 1106 depo-
1845 1049 1988 1101 mus,
2011 1034 2300 1090 ostendant
2321 1035 2496 1103 potius
2525 1034 2775 1102 militare,
2805 1035 3136 1106 experientia
3160 1046 3269 1102 tua,
3304 1051 3440 1106 prae-

73 1134 319 1188 sitione
353 1133 526 1204 digna
559 1142 706 1188 esset
744 1132 944 1203 puniri,
985 1130 1084 1188 sed
1127 1131 1299 1200 magis
1328 1131 1478 1187 illum
1507 1131 1741 1202 ejectum
1843 1129 1982 1184 senti
2010 1128 2328 1183 auctoritate
2369 1128 2726 1198 commonita,
2773 1129 2841 1185 ad
2887 1129 3200 1200 praedictum
3251 1145 3438 1184 mona-

74 1222 170 1277 de
229 1221 497 1278 Ecclesia
547 1221 808 1277 violenter
857 1221 1055 1277 inveni.
1091 1220 1162 1276 Et
1203 1235 1508 1290 quanquam
1547 1221 1736 1291 hujus-
1843 1222 2067 1274 sterium
2099 1218 2382 1284 accedere,
2409 1230 2462 1275 et
2486 1219 2648 1274 vitam
2671 1235 2955 1291 moresque
2976 1221 3084 1277 illic
3113 1235 3439 1277 conversan-

77 1314 266 1371 modi
296 1315 667 1371 temeritatem
691 1319 868 1386 legum
889 1329 1118 1371 censura
1141 1314 1538 1370 districtissime
1561 1316 1739 1382 feriat,
1846 1311 1977 1365 tium
2006 1311 2186 1366 subtili
2217 1310 2426 1367 studeat
2453 1311 2859 1384 investigatione
2901 1312 3210 1383 perquirere
3234 1353 3249 1378 ,
3282 1321 3339 1369 et
3368 1313 3438 1368 ita

79 1423 212 1478 ego
273 1418 467 1463 tamen
510 1406 690 1478 legum
732 1408 967 1477 vigorem
1008 1407 1331 1462 sacerdotali
1368 1407 1742 1464 moderatione
1843 1420 2070 1477 quaeque
2093 1407 2429 1462 resecatione
2451 1407 2608 1479 digna
2635 1399 2916 1476 repererit,
2940 1407 3077 1462 sicut
3109 1403 3319 1480 1257
3347 1420 3440 1462 ca-

85 1509 472 1568 temperans,
503 1508 528 1536 ο
551 1500 744 1556 mediis
771 1502 1133 1556 sacrosanctis
1175 1499 1475 1572 Evangeliis
1499 1541 1515 1569 ,
1548 1501 1743 1570 quibus
1845 1502 2072 1557 nonicus
2093 1501 2228 1557 ordo
2255 1500 2285 1540 ι)
2316 1501 2607 1569 desiderat,
2635 1516 2870 1572 congrua
2911 1501 3112 1556 ultione
3141 1501 3437 1572 corrigere,

103 1595 500 1662 praesentibus
525 1594 594 1648 ab
617 1595 772 1650 initio
802 1596 855 1650 in
888 1595 991 1651 hoc
1033 1595 1275 1666 cognitor
1315 1595 1489 1650 resedi
1515 1594 1741 1666 judicio,
1844 1606 2006 1666 atque
2031 1611 2124 1651 eos
2154 1613 2271 1666 qua:
2299 1596 2588 1652 observare
2627 1595 2859 1652 debeant
2882 1605 2905 1635 ο
2940 1589 3263 1662 informare,
3303 1611 3438 1664 qua-

91 1705 172 1745 ea
207 1705 341 1759 qua:
392 1696 585 1745 contra
630 1706 752 1746 eum
797 1698 998 1746 statuta
1029 1699 1177 1758 sunt,
1218 1689 1348 1747 licet
1379 1690 1501 1759 jure
1528 1705 1631 1746 non
1664 1701 1742 1746 te-
1847 1697 2003 1744 tenus
2031 1687 2421 1744 emendationis
2449 1697 2551 1743 tua:
2579 1687 2793 1756 tnodus,
2821 1696 2876 1743 et
2902 1687 3030 1742 istos
3075 1686 3142 1741 ad
3170 1686 3310 1741 viam
3350 1699 3438 1741 re-

93 1781 322 1849 neant',
370 1797 475 1838 nec
517 1783 741 1853 alicujus
770 1783 880 1838 sint
923 1782 1220 1849 momenti,
1254 1781 1451 1852 injusta
1481 1791 1657 1838 tamen
1685 1789 1741 1838 et
1768 1797 1820 1862 Β
1846 1790 1951 1837 ctze
1989 1781 2418 1838 conversationis
2459 1783 2750 1850 reducere,
2793 1789 2850 1839 et
2890 1792 2942 1840 te
2986 1780 3129 1854 apud
3163 1796 3263 1839 nos
3289 1781 3436 1838 nullo

99 1871 338 1928 infirma
371 1887 494 1929 esse
526 1875 832 1944 pronuntio,
865 1883 1028 1945 atque
1053 1873 1176 1930 illos
1207 1884 1262 1930 et
1295 1875 1418 1929 illos
1462 1890 1730 1930 memora-
1833 1875 1997 1933 modo
2021 1877 2195 1933 valeat
2220 1892 2476 1933 accusare
2505 1877 2845 1947 culpabilem.

104 1973 206 2019 tos
239 1963 560 2034 episcopos,
589 1966 710 2034 qui,
743 1966 1038 2036 postposita
1088 1965 1516 2022 consideratione
1551 1980 1731 2021 sacer-
2336 1970 2671 2027 EPISTOLA
2708 1968 2915 2028 XLVII.

110 2058 321 2125 dotali,
376 2059 433 2114 in
479 2057 660 2114 fratris
703 2061 786 2115 sui
817 2058 1188 2130 prmjudicium
1218 2069 1376 2129 atque
1400 2059 1729 2114 condemnas
2224 2077 2291 2117 tto
2330 2077 2654 2118 rusooonuu
2694 2077 3039 2120 CURA'I‘OBEI.

114 2151 329 2206 tionem
359 2151 562 2221 injuste
589 2161 642 2207 et
671 2161 857 2207 contra
898 2148 994 2208 Dei
1043 2151 1288 2206 timorem
1336 2151 1536 2207 versati
1582 2161 1726 2222 sunt,
1941 2150 2158 2208 Petrum
2186 2155 2398 2224 ejusque
2426 2166 2645 2210 matrem
2675 2166 2908 2211 amanter
2947 2154 3294 2212 commendat.

110 2243 522 2310 culidemnans,
558 2243 614 2298 in
637 2243 963 2300 monasterio
1002 2242 1341 2312 recipiendos
1370 2242 1437 2297 ad
1468 2244 1729 2313 agendam
1908 2244 2209 2319 Gregorius
2236 2247 2525 2304 Theodoro
2550 2258 2576 2286 ³
2607 2249 2859 2306 curatori.

113 2333 175 2388 in
213 2342 427 2402 tempus
451 2334 818 2403 paenitentiam
864 2342 1043 2388 statuo
1074 2342 1233 2402 atque
1271 2333 1524 2389 decerno.
1577 2333 1731 2389 Illum
1910 2338 2199 2409 Postquam
2229 2339 2308 2394 sic
2338 2341 2404 2396 de
2431 2338 2616 2411 gloriae
2643 2337 2838 2396 vestrae
2871 2341 3186 2398 sinceritate
3220 2353 3430 2412 praesu-

118 2439 262 2480 vero
285 2426 379 2494 qui
410 2426 584 2480 locum
607 2426 865 2481 antedicti
896 2428 1226 2483 sanctissimi
1265 2425 1503 2483 Januarii
1545 2435 1731 2482 contra
1837 2431 2058 2498 mimus,
2089 2442 2147 2486 ut
2176 2442 2383 2488 vestros
2412 2447 2508 2488 vos
2537 2433 2823 2490 credamus
2860 2443 3113 2504 reputare
3139 2434 3231 2504 qui
3262 2433 3434 2488 nostri

123 2531 412 2572 sacrorum
440 2531 706 2572 canonum
736 2525 932 2572 statuta
967 2519 1214 2587 nequiter
1257 2519 1600 2589 praesumpsit
1645 2519 1732 2573 in-
1836 2532 1982 2591 sunt,
2002 2523 2158 2579 latori
2179 2527 2518 2593 praisentiutn
2547 2525 2728 2594 l’etro,
2761 2525 2878 2581 viro
2901 2525 3185 2595 magniﬁco
3221 2523 3433 2595 1258

123 2607 354 2674 vadere,
384 2608 772 2675 condemnans,
806 2608 1006 2678 privari
1043 2609 1347 2664 sacerdotio
1385 2617 1441 2666 et
1487 2609 1554 2664 ab
1584 2612 1734 2666 omni
1838 2615 1907 2671 ad
1936 2617 2352 2686 promerendum
2384 2617 2636 2672 bonitatis
2657 2626 2849 2672 vestrae
2877 2619 3102 2689 gratiam
3134 2615 3236 2672 hoc
3254 2618 3430 2670 solum

125 2700 495 2756 ecclesiasﬁco
524 2699 712 2756 ordine
752 2699 1022 2757 removeri
1052 2709 1249 2765 statuo,
1283 2709 1342 2756 ut
1369 2708 1424 2756 et
1450 2701 1551 2756 hoc
1589 2700 1732 2771 quod
1838 2707 2090 2764 sufficere
2123 2717 2351 2779 poterat,
2386 2709 2623 2766 indicare
2650 2708 2774 2780 quia
2805 2720 2989 2765 noster
3018 2718 3120 2764 est.
3156 2707 3264 2764 Setl
3290 2724 3430 2778 quo-

130 2795 278 2851 male
307 2804 389 2850 est
409 2793 635 2863 adeptus
665 2791 894 2856 amillat.
931 2807 1030 2846 nec
1058 2790 1126 2845 ad
1153 2790 1390 2846 ofﬁcium
1421 2793 1562 2862 (100d
1609 2798 1733 2846 anle
1839 2799 1984 2854 niam
2014 2809 2238 2869 paterna
2297 2801 2694 2856 commendatio
2723 2801 2849 2856 boni
2884 2799 2976 2854 ﬁlii
3029 2809 3262 2855 mentem
3292 2798 3433 2854 solet

132 2885 354 2956 indigne
373 2894 616 2958 gesserat
641 2892 968 2940 revertatur.
1004 2881 1365 2952 Stepedictum
1396 2892 1575 2939 autem
1602 2898 1734 2938 san-
1838 2907 2053 2962 sgmper
2104 2891 2402 2949 accendere
2428 2940 2441 2962 ,
2491 2904 2708 2964 paterna
2759 2893 3048 2949 dulcedine
3097 2896 3389 2948 salutantes
3413 2933 3430 2962 ’

137 2982 438 3036 ctissimum
468 2978 781 3035 .lauuarium
811 2978 1122 3047 episcopum
1152 2975 1453 3031 absolutum
1476 2975 1595 3031 loco
1633 2990 1732 3031 suo
1841 2987 2075 3056 petimus
2102 2995 2159 3040 ιιι
2188 2997 2487 3041 memorato
2516 2987 2628 3040 ﬁlio
2666 2995 2873 3056 nostra,
2918 2995 3081 3055 atque
3121 2993 3433 3040 memorata;

138 3071 196 3128 in
230 3072 564 3142 episcopatus
585 3070 753 3141 gradu
796 3069 909 3125 Deo
955 3077 1176 3124 auctore
1216 3067 1415 3124 reverti
1451 3081 1515 3122 ac
1557 3067 1734 3126 modis
1841 3076 1965 3132 filia:
1996 3087 2197 3133 nostra:
2224 3078 2472 3148 gloriosae
2496 3077 2654 3133 matri
2683 3078 2870 3149 ipsius,
2930 3075 3214 3149 patrocinii
3265 3076 3435 3132 vestri

139 3164 390 3221 omnibus
419 3163 696 3220 reformari
718 3161 1012 3238 constituo.
1453 3165 1478 3182 ‘
1764 3185 1811 3250 ρ
1841 3167 2067 3239 gratiam
2108 3167 2426 3236 o~tendatis,
2458 3183 2658 3240 eosque
2690 3175 2744 3225 et
2789 3168 2897 3224 illic
2949 3167 3147 3238 pesitos
3191 3168 3433 3223 tuitionis

659 3265 992 3325 EPISTOLA
1028 3263 1213 3321 XLVI.

555 3399 623 3438 AD
658 3397 898 3438 JOANNBM
938 3393 1310 3436 DEFENSOIIEII.

141 3473 426 3532 Dissolutos
459 3490 520 3528 ac
556 3475 860 3546 deprauatus
902 3470 1209 3546 Capricanw
1234 3468 1418 3525 insulto
1458 3468 1734 3524 monachos

700 3547 755 3598 in
775 3544 908 3598 uiam
939 3544 1172 3597 reducat.

221 3635 499 3707 Gregorius
526 3635 720 3692 Joanni
745 3634 1038 3691 defensori.

223 3726 320 3783 Ubi
349 3728 659 3784 canonicam
690 3726 1077 3783 districtionem
1123 3723 1400 3795 culparum
1449 3732 1635 3778 contra
1669 3737 1732 3779 se

149 3820 368 3891 qualitas
393 3821 611 3887 excitat,
649 3826 976 3890 postponere
1002 3832 1121 3886 quae
1143 3815 1461 3888 corrigenda
1482 3825 1606 3872 sunt
1623 3830 1732 3871 non

227 3994 248 4023 ο
280 3984 346 4038 Ea
375 3983 436 4037 de
483 3998 542 4038 re
586 3982 695 4052 jam
742 3981 974 4037 diximus
1025 3980 1093 4036 ad
1141 3981 1302 4050 epist.
1356 3980 1421 4034 15
1469 3980 1580 4052 lib.
1611 3996 1724 4038 vttt.

158 4057 398 4111 Eamdem
430 4051 650 4109 formam
676 4069 706 4108 a
739 4054 886 4109 laicis
904 4053 1174 4123 judicibus
1196 4054 1537 4109 observatam
1561 4051 1731 4111 fuisse

161 4138 301 4182 lt'slis
325 4139 399 4182 est
427 4127 798 4190 Cassiodorus,
833 4122 926 4180 lib.
959 4140 1010 4180 tv
1037 4122 1269 4193 Variar.,
1297 4124 1458 4191 epist.
1492 4123 1581 4179 12.
1612 4123 1730 4180 Me-

158 4201 249 4254 diis
277 4200 600 4252 sacrosanctis
643 4197 891 4266 Evangel.
923 4213 1039 4250 cum
1084 4197 1246 4250 tribus
1292 4196 1554 4250 honoratis
1603 4213 1729 4267 quos

156 4271 365 4342 partium
392 4285 663 4342 consensus
689 4269 918 4342 elegerit,
944 4277 1050 4323 etc.

231 4338 584 4420 llrts'r._XLYl
617 4328 869 4420 {Magi}.
1049 4337 1238 4420 Melius
1268 4337 1727 4420 Capraria,_vulgo

161 4413 382 4476 Cabrera,
413 4413 584 4466 insula
618 4402 785 4465 inaris
813 4402 1006 4466 I‘herici
1030 4425 1122 4463 seu
1150 4402 1430 4475 Balearici,
1456 4402 1726 4477 Majoricva':
1754 4402 1806 4462 D

163 4486 396 4554 adjacens
425 4483 479 4538 iu
509 4485 788 4548 Austrum,
817 4483 1011 4552 vixque
1038 4480 1247 4554 duabus
1276 4480 1441 4554 leucis
1471 4481 1721 4554 Ilispani-

164 4551 241 4608 eis
265 4558 324 4609 ab
347 4571 401 4610 ea
456 4555 661 4609 distans
691 4568 878 4608 versus
912 4551 1332 4621 promontorium
1393 4551 1722 4607 Salinarum.

167 4629 401 4682 Gussan'v.
458 4625 512 4680 In
565 4627 813 4681 omnibus
861 4623 1069 4688 Norm,,
1125 4622 1315 4686 Corb.,
1359 4622 1622 4688 Colbert.,
1672 4632 1728 4678 et

170 4699 324 4750 Il‘lIlIlS
357 4697 542 4765 Vatic.,
574 4698 710 4770 quod
738 4697 790 4749 in
822 4694 1012 4767 Capria
1039 4695 1212 4747 insula
1229 4693 1384 4763 juxta
1414 4693 1725 4766 Majoricam

171 4780 234 4823 est
251 4770 471 4823 positum.

239 4788 574 4906 ὺρῗιῗηὲἕζωη
607 4839 844 4895 Colbert.
869 4852 931 4892 ac
954 4835 1142 4901 Corb.,
1175 4836 1492 4891 considerat.
1539 4837 1727 4891 Cano-

173 4911 450 4965 nicusardo
495 4913 636 4981 leges
680 4925 944 4965 canonum
993 4907 1284 4977 significat.
1323 4909 1529 4963 Eodem
1561 4923 1725 4963 sensu

173 4984 413 5036 cauonicus
439 4984 564 5036 ordo
591 4985 818 5036 sumitur
837 4982 927 5036 lib.
954 4995 1060 5042 xlv,
1099 4982 1256 5049 epist.
1281 4981 1334 5046 ϋ,
1362 4994 1569 5034 necnon
1600 4994 1724 5035 can.

179 5053 238 5108 iii
277 5053 448 5125 synodi
473 5053 856 5125 Augustodun.
889 5067 977 5108 an.
1029 5049 1135 5104 674
1174 5057 1278 5105 :dc
1305 5051 1571 5106 abbatibus
1612 5065 1729 5104 vero

1839 3267 2034 3313 vestrae
2066 3258 2306 3314 remedio
2335 3259 2580 3330 foveatis,
2610 3269 2664 3315 et
2691 3260 2971 3316 venientes
3013 3259 3080 3314 ad
3110 3273 3210 3315 nos
3237 3261 3432 3315 vestris

1841 3352 2094 3409 subsidiis
2142 3354 2443 3424 adjuvetis,
2487 3365 2748 3422 quatenus
2808 3355 2937 3409 dum
2993 3368 3058 3409 ea
3102 3368 3224 3425 quae
3265 3354 3433 3421 gloria

1839 3452 2020 3500 vestra
2051 3459 2114 3499 ex
2145 3459 2205 3500 se
2233 3447 2372 3501 solet
2401 3445 2733 3518 impendere,
2769 3455 2952 3501 nostra
2983 3445 3266 3516 benignius
3295 3447 3438 3517 epis-

1841 3537 1948 3592 tola
2002 3537 2416 3605 interveniente,
2473 3537 2806 3607 praestiterit,
2855 3545 2912 3593 et
2940 3538 3112 3606 ipsam
3161 3551 3275 3592 rem
3304 3550 3436 3592 con-

1839 3637 2050 3687 suetam
2082 3630 2325 3687 videatur
2362 3631 2700 3686 laudabiliter
2747 3630 3027 3697 exhibere,
3079 3637 3134 3685 et
3180 3643 3281 3684 nos
3327 3629 3434 3684 sibi

1842 3742 1941 3796 pro
1969 3742 2064 3783 sua
2117 3727 2358 3785 bonitate
2409 3727 2704 3799 gratiarum
2750 3740 2874 3784 esse
2903 3738 2996 3798 per
3044 3721 3228 3782 omnia
3272 3721 3435 3781 faciat

1842 3819 2115 3878 debitores
2145 3820 2194 3876 ιι.

1839 3988 1918 4041 uel
1948 3986 2211 4042 monachis
2233 3986 2306 4040 ita
2333 3985 2601 4042 observare
2631 3983 2886 4047 convenit,
2917 3988 2976 4038 ut
3001 3980 3254 4052 quidquid
3282 3995 3438 4052 cano-

1837 4061 1980 4113 nicus
2012 4059 2138 4112 ordo
2165 4058 2243 4111 vel
2265 4057 2445 4129 regula
2471 4057 2634 4111 sancti
2659 4051 3156 4129 Benedicti__edocct_,
3183 4061 3232 4129 et
3259 4051 3441 4129 imple-

1835 4147 1912 4197 re,
1936 4141 1982 4184 et
2008 4131 2265 4184 custodire
2317 4122 2370 4183 in
2398 4129 2890 4200 omnibusdeb‘eant.
2921 4123 3092 4200 N__emo
3125 4123 3292 4200 igitur
3348 4122 3434 4177 hic

1836 4195 2067 4256 somniet
2097 4217 2190 4269 per
2216 4204 2533 4274 canonicum
2561 4195 3234 4274 ordinemintelligendum
3255 4206 3437 4274 cano-

1835 4265 2325 4338 nieorum'smtum,
2349 4285 2470 4328 cum
2501 4273 2570 4326 de
2613 4271 2891 4327 monachis
2920 4267 3108 4324 insulae
3154 4265 3435 4334 Caprarite

1835 4359 1931 4399 atra
1941 4355 2045 4399 tur.

1905 4360 2045 4399 atur.

1867 4360 1929 4454 ge
1959 4419 2010 4469 lu
2041 4417 2158 4472 solo
2183 4415 2354 4470 Vatic.
2389 4415 2452 4482 Β,
2477 4413 2782 4484 reformare.

1904 4484 2087 4542 Eptsr.
2114 4485 2300 4542 XLVll
2331 4475 2582 4560 [H.157].
2617 4513 2686 4560 :—
2709 4480 2909 4560 n_lta_iu
2940 4477 3138 4560 Victor.
3164 4475 3427 4560 Innvaotic.

1832 4557 1899 4622 A,
1933 4560 2124 4629 legitur
2153 4549 2500 4630 procuratori.
2527 4549 2582 4630 In
2617 4553 2702 4610 his
2728 4553 2939 4609 duobus
2960 4559 3163 4606 tantum
3204 4549 3424 4604 Codici-

1829 4630 1931 4684 bus
1963 4627 2226 4699 reperitur
2251 4631 2364 4682 harc
2386 4627 2634 4699 epistola.

1905 4699 1929 4736 ι’
1966 4692 2261 4757 Ιηίειυόιιιο
2289 4692 2491 4754 Codice
2523 4696 2696 4771 \_'_atic.
2718 4694 2964 4771 subditur
2988 4709 3155 4771 mense
3183 4692 3427 4771 Septent-

1832 4772 1928 4835 bri,
1962 4773 2139 4828 indict.
2170 4772 2409 4839 septima.
2441 4771 2508 4824 At
2542 4769 2678 4822 libro
2708 4767 3174 4839 duodecimo‘lttec
3196 4761 3423 4839 epistola

1830 4831 2156 4909 continetur,
2187 4831 2278 4913 qui
2322 4840 2551 4912 pertinet
2599 4839 2666 4894 ad
2715 4839 2906 4913 indici.
2958 4831 3431 4913 quintam.'_Unde

1833 4924 1980 4985 patet
2030 4905 2217 4981 parum
2261 4905 2560 4970 habendam
2584 4926 2706 4968 esse
2750 4905 3016 4966 rationem
3073 4915 3217 4964 notas
3262 4905 3423 4974 hujus

1835 4985 2257 5056 chronologicte.
