3928 6342
532 284 2543 309 W

2550 290 3748 316 Μ

1298 417 1650 503 LIBER
1703 414 2241 503 DECIMUS
2294 417 2904 531 QUARTUS.

1742 587 2097 653 lndictione
2158 588 2453 669 septima.

828 735 1039 808 1259
1076 731 1413 791 EPISTOLA
1453 732 1691 790 PRIMA.

877 845 945 884 AD
981 844 1192 884 PAULUI
1230 841 1647 884 SCHOLASTICUI.

465 918 778 977 Gratulatur
801 930 907 975 tum
928 923 992 976 de
1021 922 1163 975 illius
1192 938 1305 976 cum
1332 921 1503 975 Leone
1549 922 1786 993 episcOpo
1819 922 2053 980 reconci-

777 994 1005 1055 liatione,
1029 1004 1135 1046 tum
1166 993 1228 1048 de
1256 994 1361 1047 zelo
1383 997 1435 1047 in
1463 993 1743 1059 maleﬁcos.

538 1086 828 1157 Gregorius
852 1084 1020 1140 Paulo
1050 1084 1375 1141 scbolastico
1408 1093 1435 1122 ι
1476 1084 1696 1140 Siciliae.

535 1176 747 1246 Quanto
777 1192 874 1231 nos
897 1176 1067 1245 gloria
1098 1184 1274 1231 vestra
1305 1177 1483 1230 tristes
1526 1175 1720 1230 dudum
1774 1174 2050 1243 effecerat,

462 1281 686 1341 propter
712 1269 851 1338 quod
869 1284 928 1325 se
947 1269 1199 1324 adversus
1229 1268 1735 1324 reverendissimum
1758 1268 1973 1323 fratrem
2001 1276 2057 1323 et

462 1362 840 1433 coepiscopum
868 1370 1109 1416 nostrum
1154 1361 1386 1417 Leonem
1429 1359 1675 1427 querelas
1710 1360 1905 1415 habere
1953 1360 2053 1415 ali-

467 1469 604 1525 quas
642 1455 977 1524 perhibebat,
1012 1464 1159 1511 tanto
1182 1457 1372 1511 eodem
1401 1455 1569 1510 fratre
1626 1468 1810 1509 nosuo
1856 1455 1921 1509 ad
1953 1470 2051 1511 nos

463 1549 627 1604 modo
672 1550 921 1604 veniente
958 1563 1054 1605 cor
1105 1559 1344 1604 nostrum
1399 1549 1638 1619 gavisum
1679 1559 1783 1615 est,
1830 1548 1950 1619 quia
2001 1550 2053 1604 in

468 1640 753 1712 pristinam
782 1658 881 1698 vos
906 1642 1273 1708 concordiam,
1303 1642 1411 1696 Deo
1439 1642 1692 1711 propitio,
1726 1643 1789 1695 ad
1823 1640 2051 1695 invicem

463 1733 693 1789 rediisse
721 1743 943 1790 testatus
965 1744 1067 1790 est.
1090 1734 1188 1803 Qui
1219 1736 1380 1790 etiam
1405 1736 1543 1789 inter
1565 1734 1669 1787 alia
1702 1734 1838 1787 bona
1861 1748 1977 1802 qua:
1997 1733 2053 1787 in

464 1825 662 1880 vestris
701 1824 947 1880 laudibus
987 1825 1256 1881 referebat
1282 1825 1482 1895 adjecit
1525 1823 1743 1878 omnino
1764 1838 1858 1877 vos
1889 1824 1939 1875 in
1972 1823 2055 1877 ul-

463 1914 613 1970 tione
642 1914 1004 1970 malelicorum
1029 1915 1287 1971 sollicitos
1311 1931 1372 1969 ac
1390 1915 1686 1982 dLstrictos,
1706 1915 1847 1969 sicut
1864 1927 2049 1968 revera

466 2008 675 2064 nobiles
702 2018 757 2065 et
784 2008 1121 2065 Christianos
1148 2010 1405 2079 Oportuit,
1432 2009 1730 2066 exstitisse.
1767 2007 1919 2064 Unde
1940 2006 2053 2061 val-

2060 739 2137 801 Ἀ
2159 730 2517 803 Epiphanium
2547 740 2575 770 ι
2612 728 3143 802 archipresbyterum
3170 743 3241 786 ex
3289 738 3483 784 nostra
3512 729 3755 784 districta

2155 824 2470 880 auctoritate
2496 838 2799 888 commone,
2831 820 2860 859 δ
2886 831 2944 877 ut
2963 822 3150 878 eadem
3195 819 3545 877 xcnodochia
3574 821 3680 890 ipsi
3706 822 3753 874 in

2157 916 2453 990 periculum
2475 933 2630 973 suum
2649 917 2877 973 sollicite
2898 931 2961 972 ac
2977 916 3176 972 utiliter
3198 916 3457 971 studeant
3480 913 3752 968 ordinare.

2157 1010 2289 1067 Nam
2319 1010 2364 1067 si
2394 1012 2513 1080 quis
2534 1010 2641 1066 illic
2663 1020 2782 1081 post
2821 1010 2921 1065 hoc
2952 1009 3224 1079 neglectus
3274 1006 3579 1070 exstiterit,
3614 1006 3754 1060 nulla

2155 1117 2217 1160 se
2244 1104 2491 1160 noverint
2519 1117 2678 1173 posse
2725 1101 2829 1158 hoc
2858 1100 2996 1172 apud
3026 1115 3126 1156 nos
3152 1098 3367 1156 ratione
3415 1097 3752 1168 aliquatenus

2158 1212 2439 1256 excusare.

2231 1290 2491 1360 Quoniam
2521 1305 2648 1345 vero
2672 1302 3012 1360 possessores
3034 1299 3132 1341 nos
3159 1282 3429 1340 Sardiniae
3454 1281 3751 1354 petiverant

2157 1392 2237 1451 ut,
2268 1384 2391 1455 quia
2414 1382 2643 1439 diversis
2670 1382 2922 1437 oneribus
2947 1378 3273 1446 afﬂiguntur,
3294 1378 3748 1443 Constantinopo-

2159 1477 2251 1533 lim
2282 1491 2380 1546 pro
2407 1490 2592 1530 eorum
2633 1474 2831 1529 debeas
2857 1471 3097 1526 remedio
3141 1467 3444 1538 proﬁcisci,
3494 1465 3746 1520 licentiam

2160 1568 2254 1624 tibi
2282 1568 2440 1623 eundi
2465 1569 2830 1623 concedimus.
2858 1566 2960 1622 Sed
2995 1573 3049 1619 et
3064 1561 3425 1618 dilectissimo
3444 1561 3563 1614 ﬁlio
3584 1570 3747 1613 nostra

2161 1659 2435 1715 Bonifacio
2461 1660 2801 1727 scripsimus,
2834 1669 2891 1712 ut
2921 1673 3077 1712 suum
3103 1656 3194 1710 tibi
3221 1670 3322 1725 pro
3346 1652 3603 1709 remedio
3632 1652 3748 1705 illius

2159 1750 2451 1823 provincia:
2480 1750 2695 1805 studeat
2720 1749 2974 1803 adhibere
3006 1746 3279 1802 solatium.

2233 1842 2309 1899 De
2345 1843 2598 1897 Ecclesiis
2620 1849 2797 1898 autem
2826 1854 2957 1910 quas
2986 1854 3175 1893 vacare
3204 1836 3602 1893 sacerdotibus
3625 1835 3750 1890 indi—

2158 1938 2319 2006 casti,
2372 1935 2626 2007 przedicto
2668 1931 3114 1989 reverendissimo
3153 1927 3303 1983 fratri
3356 1934 3415 1982 et
3444 1929 3747 1994 coepiscopo

2159 2039 2345 2086 nostro
2372 2028 2626 2085 Januario
2656 2025 2989 2095 scripsimus,
3020 2033 3075 2077 ut
3103 2037 3195 2077 eas
3238 2020 3447 2075 debeat
3478 2019 3749 2083 ordinare;

459 2104 529 2163 de
555 2106 609 2161 in
636 2108 791 2163 nobis
821 2110 1003 2164 laetitia
1025 2126 1182 2180 quam
1204 2110 1271 2165 de
1319 2111 1469 2166 vobis
1516 2125 1914 2180 sumpseramus
1951 2125 2049 2167 οι·
2082 2141 2131 2202 Β
2158 2122 2237 2176 δίο
2260 2130 2459 2186 tamen,
2485 2129 2542 2174 ιιι
2562 2132 2666 2173 non
2692 2132 2880 2171 omnes
2903 2115 2969 2170 ad
3010 2116 3380 2183 episcopatum
3404 2112 3479 2165 de
3532 2109 3753 2164 Ecclesia

464 2196 654 2261 crevit,
686 2197 809 2266 quia
835 2197 982 2251 illum
1011 2198 1162 2253 vobis
1204 2214 1297 2266 per
1329 2201 1431 2254 hoc
1477 2199 1793 2269 placabilem
1824 2200 2049 2256 redditis

461 2295 649 2341 contra
674 2287 825 2357 cujus
855 2290 1097 2343 inimicos
1146 2290 1249 2344 zeli
1294 2291 1461 2345 vestri
1490 2290 1869 2345 rectitudinem
1894 2306 2051 2347 exer-

461 2376 619 2433 cetis.
643 2375 672 2415 ι)
700 2378 965 2434 Praeterea
998 2381 1222 2450 gloriam
1250 2390 1483 2435 vestram
1516 2390 1737 2451 paterna
1768 2381 2051 2439 dulcedine

464 2470 779 2535 salutantes,
804 2470 1078 2526 hortamur
1098 2482 1155 2527 ut
1176 2474 1299 2541 quia
1328 2474 1459 2529 satis
1474 2485 1559 2529 est
1587 2475 1826 2529 moribus
1856 2476 2052 2532 vestris

461 2563 867 2619 accommodum
899 2580 1085 2635 pacem
1132 2566 1374 2638 diligere,
1425 2578 1725 2638 reparatam
1772 2568 1914 2625 inter
1954 2584 2051 2625 vos

440 2656 693 2728 gratiam
724 2658 924 2713 nullius
954 2660 1128 2729 lingua
1159 2660 1458 2731 perturbet,
1511 2662 1606 2717 sed
1660 2663 1740 2717 sic
1796 2663 1849 2718 in
1899 2663 2051 2719 vobis

458 2764 591 2819 erga
617 2758 898 2820 paternum
927 2766 1166 2808 amorem
1189 2754 1425 2810 charitas
1471 2754 1679 2819 ardeat,
1720 2764 1779 2811 ut
1802 2770 1921 2811 eam
1953 2756 2051 2810 ad-

463 2842 607 2897 versi
640 2842 797 2897 ﬂatus
826 2857 975 2899 more
1005 2843 1233 2900 flamma:
1266 2862 1372 2901 non
1394 2847 1761 2917 exstinguant,
1814 2846 1908 2902 sed
1950 2862 2050 2902 au-

460 2944 640 3007 geant.
665 2934 795 2991 Nam
818 2946 873 2993 et
892 2938 1139 2994 eumdem
1163 2940 1487 2996 antedictum
1535 2941 1753 2996 fratrem
1806 2952 2050 2998 nostrum

457 3027 664 3086 hortati
690 3046 879 3088 sumus
904 3043 961 3087 ut
989 3032 1061 3088 ita
1092 3045 1367 3104 paternam
1397 3036 1551 3091 vobis
1579 3036 1923 3091 dilectionem
1950 3037 2051 3091 im-

459 3122 683 3192 pendat,
715 3133 980 3194 quatenus
1004 3126 1339 3195 reciprocum
1369 3128 1554 3194 gloriae
1584 3136 1779 3181 vestra:
1800 3126 2047 3183 affectum

464 3219 490 3249 ο
523 3227 629 3267 non
674 3214 870 3281 otiose,
917 3216 1011 3271 sed
1044 3217 1189 3274 velut
1218 3229 1457 3275 mutuum
1483 3229 1733 3291 tanquam
1778 3218 2051 3276 fenerator

459 3316 677 3375 semper
704 3308 875 3377 possit
910 3309 1150 3380 exigere.

1026 3425 1357 3482 EPISTOLA
1397 3427 1460 3482 ll.

742 3536 812 3576 ΔΙ)
848 3534 1078 3575 νιτΑιιιι
1110 3535 1455 3577 DEFENSOBEI
1484 3536 1764 3577 ελπυικυε.

456 3608 539 3668 De
564 3610 808 3687 neglectis
830 3613 1181 3687 acnoaochiis.
1218 3614 1293 3687 De
1315 3613 1640 3687 protegendis
1660 3615 1799 3685 apud
1822 3614 2045 3687 impera-

529 3691 689 3755 torem
713 3681 919 3755 Sardis.
944 3681 1019 3737 De
1039 3684 1343 3754 quibusdam
1366 3681 1478 3755 pos?
1496 3681 1702 3753 lapsum'
1724 3681 1971 3739 ordinaris
1992 3690 2047 3742 in

526 3754 751 3807 abbates.
785 3752 863 3807 De
878 3752 1167 3809 constructo
1188 3757 1239 3808 in
1264 3752 1415 3810 donio
1446 3752 1817 3825 Poniponiame
1848 3774 2040 3811 mona-

530 3825 704 3877 sterio.
740 3825 814 3893 De
837 3826 1154 3893 requirendis
1175 3825 1522 3881 Ecclesiarum
1552 3838 1596 3881 et
1619 3830 2047 3883 monasteriorum

530 3895 714 3970 νερειῆ
732 3892 811 3949 De
833 3892 1077 3950 Januarii
1101 3898 1325 3969 episcopi
1348 3898 1668 3966 inﬁrmitate,
1702 3910 1929 3970 tempore
1949 3917 2046 3956 sa-

528 3964 733 4031 criﬁcii.

532 4057 825 4128 Gregorius
855 4057 1013 4114 Vitali
1040 4059 1309 4117 defensori
1329 4062 1614 4119 Sardinire.

528 4154 873 4225 Experientia
895 4165 981 4212 tua
1010 4156 1297 4225 indicante,
1322 4160 1681 4231 comperimus
1704 4160 2042 4219 xenodochia

454 4245 512 4307 in
568 4246 813 4303 Sardinia
872 4249 1157 4306 constituta
1207 4267 1422 4323 gravem
1470 4252 1671 4309 habere
1715 4255 2039 4324 neglectum.

461 4342 674 4413 1260
716 4342 865 4399 Unde
911 4345 1394 4401 reverendissimus
1422 4347 1585 4403 frater
1608 4356 1663 4403 et
1690 4348 2042 4417 coepiscopus

453 4443 640 4490 noster
658 4433 942 4492 Ianuarius
962 4436 1438 4495 vehementissime
1461 4440 1635 4496 fuerat
1651 4440 2037 4511 objurgandus,

448 4526 557 4583 nisi
584 4544 682 4583 nos
705 4528 821 4600 ejus
849 4542 1097 4588 senectus
1124 4548 1189 4589 ac
1210 4533 1546 4603 simplicitas,
1574 4547 1626 4589 et
1653 4534 2039 4605 superveniens

451 4618 735 4689 aegritudo,
760 4637 921 4692 quam
951 4623 1068 4694 ipse
1089 4625 1341 4693 retulisti,
1361 4627 1735 4696 suspenderet.
1756 4628 1889 4695 Quia
1911 4643 2039 4699 ergo

449 4707 526 4764 ita
548 4719 630 4765 est
653 4712 883 4782 positus,
913 4722 971 4769 ut
999 4716 1065 4769 ad
1093 4715 1327 4786 aliquam
1357 4717 1749 4774 ordinationem
1776 4733 1899 4774 esse
1929 4734 2036 4775 non

448 4802 617 4870 possit
670 4804 933 4872 idoneus,
974 4821 1311 4864 meonomum
1358 4808 1478 4878 ejus
1531 4808 1822 4879 Ecclesiae,
1877 4818 2036 4881 atque

2156 2212 2325 2281 ipsius
2362 2212 2643 2282 eligantur.
2678 2210 2807 2263 Nam
2849 2209 2927 2263 sic
2979 2221 3099 2261 eum
3150 2204 3417 2260 convenit
3447 2203 3594 2256 alias
3621 2203 3757 2256 ordi-

2156 2322 2309 2371 nare,
2360 2314 2416 2358 ut
2448 2302 2699 2359 Ecclesia:
2722 2317 2833 2356 sua:
2859 2302 2925 2356 de
2952 2300 3195 2370 personis
3225 2313 3348 2367 qua
3404 2296 3461 2352 in
3489 2313 3556 2351 ea
3585 2310 3605 2336 ε
3639 2313 3750 2368 pos-

2156 2399 2271 2459 sint,
2298 2396 2557 2467 proﬁcere
2588 2393 2966 2450 necessitatem
3000 2407 3102 2446 non
3137 2390 3318 2446 faciat.

2228 2490 2357 2545 lllud
2409 2491 2569 2559 igitur
2600 2489 2741 2560 quod
2772 2489 2836 2541 ad
2890 2486 3333 2556 gubernationem
3395 2486 3753 2556 quorumdam

2154 2585 2603 2639 monasteriorum
2656 2595 2912 2653 personas
2957 2595 3076 2635 esse
3106 2580 3433 2649 praepositas
3462 2595 3593 2648 qua
3622 2591 3751 2643 ante,

2155 2677 2281 2731 dum
2312 2676 2486 2731 adhuc
2516 2677 2568 2730 in
2623 2674 2938 2729 monachico
2984 2682 3037 2729 et
3068 2674 3259 2727 minori
3311 2683 3512 2727 essent
3552 2673 3754 2739 ordine,

2153 2766 2317 2838 lapsae
2343 2777 2487 2837 sunt,
2514 2765 2784 2829 indicasti,
2816 2763 3051 2821 ofﬁcium
3080 2764 3298 2833 quidem
3320 2763 3555 2817 abbatis
3585 2767 3756 2819 susci-

2154 2872 2283 2929 pere
2316 2858 2418 2915 nisi
2450 2860 2670 2913 omnino
2691 2868 2928 2913 correcta
2952 2857 3081 2921 vita,
3116 2866 3169 2911 et
3198 2854 3361 2927 digna
3422 2856 3756 2923 praecedente

2154 2954 2493 3025 pcenitentia,
2548 2952 2767 3008 minime
2812 2952 3131 3006 debuerunt.
3176 2951 3283 3006 Sed
3330 2954 3603 3019 quoniam
3653 2951 3758 3020 jam

2152 3046 2427 3111 abbatum,
2460 3044 2597 3098 sicut
2644 3043 2799 3107 dicis,
2834 3040 3071 3097 ofﬁcium
3098 3052 3481 3109 susceperunt,
3532 3042 3608 3099 de
3636 3044 3758 3107 vita,

2154 3136 2396 3191 moribus
2420 3149 2484 3190 ac
2507 3134 2876 3189 sollicitudine
2902 3148 3087 3188 eorum
3141 3148 3267 3187 cura
3294 3133 3541 3202 gerenda
3572 3142 3676 3188 est.
3704 3134 3760 3188 Et

2152 3229 2201 3283 si
2228 3238 2378 3285 actus
2405 3243 2591 3284 eorum
2622 3228 2821 3281 inventi
2846 3234 3034 3282 contra
3092 3225 3328 3280 ofﬁcium
3362 3240 3475 3279 non
3544 3225 3761 3290 fuerint,

2151 3319 2207 3374 in
2229 3335 2295 3375 eo
2316 3335 2421 3391 quo
2444 3328 2571 3374 sunt
2596 3318 2785 3374 ordine
2816 3327 3193 3389 perseverent;
3226 3316 3497 3387 alioquin,
3534 3320 3759 3373 remetis

2152 3410 2255 3478 eis,
2279 3411 2369 3465 alii
2397 3411 2488 3481 qui
2508 3409 2812 3466 commissis
2841 3407 2941 3465 sibi
2956 3406 3235 3465 animabus
3255 3409 3533 3479 prodesse
3555 3411 3760 3464 valeant

2079 3523 2126 3588 ο
2156 3504 2491 3561 ordinentur.

2228 3597 2398 3653 Causa
2430 3605 2689 3668 praeterea
2711 3597 2778 3652 de
2800 3596 3125 3653 monasterio
3146 3596 3318 3652 sancti
3340 3595 3600 3664 Hermae,
3627 3597 3759 3667 quod

2158 3690 2214 3745 in
2245 3690 2407 3745 domo
2434 3690 2813 3760 Pomponiante
2864 3688 3129 3759 religiosae
3174 3689 3399 3745 feminae
3429 3689 3458 3727 ά
3495 3706 3530 3746 a
3595 3692 3759 3748 fratre

2156 3792 2340 3839 nostro
2362 3792 2728 3838 constructum
2752 3791 2854 3847 est,
2876 3784 2998 3853 quia
3024 3782 3143 3851 plus
3174 3782 3575 3838 blandimentis
3607 3800 3759 3852 atram

2155 3876 2487 3933 districtione
2514 3877 2715 3945 agenda
2738 3884 2844 3943 est,
2874 3875 3203 3944 esperientia
3225 3885 3312 3930 tua
3337 3879 3487 3946 apud
3507 3878 3757 3932 eamdem

2154 3966 2435 4024 mulierem
2458 3982 2578 4023 cum
2606 3968 2887 4024 dulcedine
2906 3983 3065 4038 agere
3086 3969 3317 4035 studeat,
3350 3956 3638 4038 quatenus
3664 3987 3755 4026 nec

2148 4063 2239 4120 illa
2269 4064 2322 4118 in
2352 4072 2627 4134 peccatum
2679 4063 2950 4133 proprium
2988 4065 3196 4136 1261
3248 4064 3495 4119 auctoris
3526 4064 3620 4120 Sui
3670 4066 3757 4119 de-

2148 4155 2274 4211 beat
2297 4165 2621 4224 postponere
2648 4154 3003 4222 voluntatem,
3027 4167 3082 4210 et
3108 4163 3165 4209 tu
3188 4155 3453 4211 utilitates
3475 4166 3756 4211 monaste-

2149 4246 2215 4302 rii
2246 4248 2423 4302 valeas
2450 4245 2737 4302 salubriter
2770 4260 3081 4316 procurare.
3141 4245 3359 4302 Puellas
3413 4255 3610 4301 autem
3638 4262 3757 4301 snas

2148 4354 2282 4411 quas
2334 4338 2601 4395 antedicta
2640 4338 3005 4410 Pomponiam
3056 4339 3111 4394 in
3152 4340 3487 4393 monasterio
3537 4350 3751 4394 mutata

2150 4430 2275 4488 olim
2302 4430 2548 4503 religiosa
2582 4442 2730 4487 veste
2777 4434 3061 4497 convertit,
3093 4430 3331 4487 abstrahi
3357 4432 3430 4484 ab
3460 4446 3527 4487 ea
3556 4435 3649 4486 vel
3678 4431 3754 4485 in-

2147 4523 2373 4594 quietari
2405 4524 2551 4578 nullo
2571 4524 2731 4579 modo
2758 4525 2997 4594 patiaris,
3030 4524 3125 4579 sed
3164 4524 3217 4579 in
3246 4538 3307 4579 ea
3333 4538 3441 4593 qua
3469 4535 3606 4579 sunt
3626 4539 3752 4579 con-

2148 4618 2478 4684 versatione,
2512 4618 2622 4673 Deo
2646 4627 2983 4690 protegente,
3011 4628 3378 4687 permaneant.

2219 4714 2325 4769 Pro
2350 4714 2688 4785 requirendis
2728 4728 2855 4768 vero
2882 4713 3043 4768 rebus
3068 4712 3449 4779 Ecclesiarum,
3481 4712 3573 4766 vel
3618 4727 3736 4766 meo

2148 4806 2527 4874 nasteriorum,
2551 4807 2663 4863 sive
2690 4805 2898 4878 piarum
2933 4819 3240 4872 causarum,
3270 4804 3413 4876 quod
3450 4805 3745 4875 scripsisti,

521 4992 755 5065 [9.91st
803 4992 910 5064 [ΑΙ.
960 4992 1053 5058 58,
1090 4989 1331 5065 find.‘6].
1364 5021 1433 5033 —-
1460 4994 1697 5065 °_Abest
1744 4994 1941 5049 Sicilia:
1969 4992 2037 5048 ab
2062 4995 2118 5059 D
2142 4991 2343 5065 viveret,
2366 4991 2451 5045 hic
2474 4992 2858 5065 (Mundericus)
2884 4992 3273 5050 Tornodorense
3296 4980 3527 5044 castium
3565 4999 3627 5043 ut
3652 5007 3742 5043 ar-

446 5067 694 5192 llixcusis,
718 5062 844 5121 licet
872 5065 925 5120 in
957 5064 1207 5120 omnibus
1234 5062 1444 5132 Norm.,
1471 5063 1671 5135 Vatic.,
1693 5064 1874 5133 Colb.,
1902 5074 2034 5132 etc.,

481 5146 690 5192 erratur.

481 5146 690 5192 erratur.

572 5208 734 5272 Editi,
757 5217 1051 5279 prapterea.

521 5293 544 5320 ε
579 5280 764 5345 Iidem,
797 5296 900 5333 non
924 5280 1118 5336 odiose.

522 5351 701 5406 ῐζιιιετ.
731 5351 771 5405 ιι
805 5349 926 5423 [AL
961 5352 1050 5418 59,
1074 5352 1185 5405 ind.
1215 5348 1305 5422 6].
1337 5381 1408 5393 --
1447 5360 1472 5391 ι
1516 5349 1656 5404 Raro
1696 5351 1931 5423 occurrit
1974 5350 2028 5407 in

447 5420 729 5494 bisepist.
753 5420 1202 5494 archipresbyteri
1231 5420 1454 5478 mentio.
1484 5423 1692 5491 Saepius
1717 5423 1855 5491 apud
1887 5421 2025 5477 Gre-

484 5492 658 5547 orium
683 5494 907 5561 Turon.,
939 5504 995 5548 ut
1024 5492 1119 5550 lib.
1151 5511 1167 5549 ι
1206 5494 1274 5550 de
1290 5494 1473 5549 Gloria
1502 5503 1857 5563 mart.,capp.
1885 5495 1950 5548 78
1973 5503 2027 5549 et

485 5564 538 5625 0,
568 5564 796 5619 maxime
823 5580 954 5619 vero
981 5566 1070 5621 lib.
1095 5581 1128 5616 v
1158 5565 1319 5631 Hist.,
1342 5582 1393 5623 c.
1424 5568 1479 5631 5,
1503 5566 1589 5621 ubi
1620 5567 1687 5620 de
1717 5564 2024 5622 Munderico

450 5633 513 5707 in;
539 5633 943 5707 locumr'l‘etrici
976 5636 1328 5702 Lingonensis
1352 5637 1588 5707 episcopi
1629 5636 2023 5707 adhuesuper-

445 5705 591 5765 stitis
618 5705 881 5773 ordinato,
905 5722 971 5762 ea
997 5716 1172 5763 tamen
1205 5708 1322 5780 lege
1352 5705 1409 5766 ut
1439 5710 1562 5763 dum
1588 5707 1763 5763 beatus
1786 5706 2019 5765 Tetricus

2142 5062 2717 5133 chipresbyterregcrrt.
2840 5062 2847 5065 ⁷

2208 5132 2239 5169 ⁷1)
2283 5134 2498 5198 Excusi,
2535 5138 2711 5188 invitis
2740 5136 2866 5190 Mss.
2912 5136 3099 5201 Corb.,
3134 5135 3353 5198 Rbem.,
3380 5130 3607 5199 Norm.,
3637 5132 3742 5187 γε.

2139 5205 2260 5269 tic.,
2280 5212 2419 5285 etc.,
2446 5206 2768 5285 xenodocltia
2797 5210 2906 5261 sine
2932 5208 3162 5285 peric_nlo
3186 5222 3308 5260 suo.
3499 5275 3511 5285 .

2213 5288 2234 5316 ο
2265 5276 2389 5348 νιίοε
2430 5288 2533 5341 est,
2564 5280 2628 5329 ad
2660 5278 2902 5332 altiorem
2936 5276 3174 5348 gradum
3206 5276 3535 5348 promoveri.
3549 5347 3561 5348 η
3594 5276 3740 5348 Idem

2136 5347 2402 5417 signiﬁcat
2425 5350 2643 5403 verbum
2674 5364 2913 5404 crescere.
2948 5347 3081 5403 Vide
3108 5348 3202 5403 lib.
3234 5364 3271 5411 ι,
3300 5347 3464 5415 θρὶδιο
3504 5347 3616 5411 1θὲ
3646 5347 3738 5401 Ιὶὺο

2136 5432 2232 5483 vn,
2262 5420 2419 5487 epist.
2454 5417 2554 5485 '52;
2583 5428 2639 5474 et
2664 5430 2841 5474 notam
2871 5437 2898 5473 c
2924 5420 2991 5474 ad
3021 5421 3178 5488 epist.
3212 5420 3279 5473 l8
3305 5418 3431 5474 libri
3476 5432 3534 5472 ιι
3554 5459 3574 5485 ,
3603 5420 3740 5474 indi-

2133 5490 2331 5561 ctionis
2363 5491 2456 5561 10,
2489 5490 2577 5543 ubi
2606 5492 2781 5561 augeri
2810 5491 2947 5547 idem
2980 5494 3264 5558 significat.

2204 5559 2231 5598 ά
2261 5560 2539 5632 omittitur
2564 5578 2596 5614 α
2628 5559 2786 5629 fratre
2815 5573 2987 5617 nostra
3014 5562 3065 5616 in
3093 5570 3324 5632 quatuor
3352 5560 3535 5617 Vatic.
3563 5602 3580 5630 ,
3616 5576 3735 5619 0m-

2131 5632 2287 5690 nibus
2315 5631 2524 5707 Norm.,
2549 5631 2712 5703 εστι).
2741 5644 2795 5699 et
2824 5634 3112 5707 plerisque.
