3928 6342
144 261 301 321 1305

617 258 681 318 S.
722 258 931 317 GREG.
971 258 1043 318 Μ.
1085 256 1570 315 EPISTOLABUM
1607 256 1739 315 LIB.
1778 252 1919 313 ιιν.
1961 287 2031 299 -
2069 254 2315 315 INDICT.
2358 255 2469 311 VII.
2508 285 2580 299 -—
2619 256 2837 316 EPIST.
2879 257 2969 316 IV.

3287 260 3433 319 i306

140 375 305 448 prius
325 372 538 443 quidem
578 371 631 428 bi
655 388 881 443 quorum
914 374 1135 429 interest
1159 372 1481 427 admonendi
1511 382 1657 438 sunt,
1681 380 1739 426 ut
1762 372 1819 435 Α
1843 372 2144 444 presbyteri
2170 382 2225 428 et
2248 357 2478 436 diaconi,
2502 382 2806 445 ceteraque
2834 374 3199 431 ecclesiastica
3240 376 3423 435 ofﬁcia

137 467 222 525 ab
246 468 348 534 eis,
376 474 426 521 te
456 465 740 520 insistente
760 474 920 534 atque
951 465 1259 529 solatiante,
1285 463 1457 518 modis
1486 462 1738 519 omnibus

138 558 521 626 requirantur.
548 555 699 622 Quod
737 556 780 609 si
808 554 947 611 forte
971 556 1053 611 vel
1084 556 1183 623 ipsi
1211 556 1539 624 negligentes
1569 555 1729 609 exsti-

139 651 338 717 terint,
370 647 451 705 vel
482 658 626 704 certe
665 647 754 718 qui
796 662 889 703 eas
934 649 1208 718 requirere
1247 647 1480 701 debeant
1529 647 1730 702 inventi

138 759 260 802 non
286 743 506 807 fuerint,
538 754 661 798 tunc
689 742 869 797 omnia
902 741 1015 811 ipse
1045 741 1316 811 perquire,
1340 750 1499 809 atque
1527 738 1595 793 ita
1647 754 1736 795 re-

142 845 304 905 perta
329 835 601 904 recollige,
618 847 673 888 ut
694 849 853 889 manu
880 833 1094 904 aliquod
1111 832 1371 903 judicium
1402 830 1601 890 inferre
1622 832 1734 889 cui-

140 942 310 1001 quam
332 925 555 982 minime
581 926 834 981 videaris.

224 1022 301 1074 De
334 1018 684 1076 xenodocbiis
714 1020 893 1086 itaque
924 1017 1202 1072 Hortulani
1234 1024 1393 1087 atque
1413 1015 1638 1070 Thomas
1664 1014 1739 1069 nil

141 1114 412 1167 hactenus
444 1110 635 1163 horum
669 1125 787 1177 quae
830 1108 1079 1164 indicasti
1123 1109 1491 1177 cognovimus.
1536 1106 1740 1173 Eapro-

139 1213 271 1274 pter
296 1204 622 1274 experientia
650 1211 737 1257 tua
745 1204 1040 1273 jussionem
1070 1201 1325 1271 principis
1352 1214 1416 1255 ex
1438 1202 1539 1255 hoc
1560 1200 1737 1254 datam

137 1298 440 1368 diligenter
471 1296 740 1367 inspiciat,
760 1306 813 1350 et
836 1296 1013 1349 omnia
1038 1295 1332 1350 secundum
1359 1294 1475 1363 ejus
1501 1304 1739 1348 tenorem

139 1390 422 1460 dispOnat,
459 1398 515 1444 et
540 1389 694 1443 nobis
715 1389 975 1457 quidquid
1001 1389 1169 1457 egerit
1199 1389 1520 1443 innotescat.

223 1482 302 1537 De
332 1482 432 1536 hoc
462 1482 623 1551 igitur
644 1482 783 1550 quod
813 1480 1105 1549 scripsisti,
1137 1479 1353 1534 fratrem
1385 1488 1440 1535 et
1468 1480 1740 1547 coepisco-

141 1590 280 1646 pum
330 1582 573 1629 nostrum
620 1572 928 1627 Januarium
980 1584 1220 1642 tempore
1267 1587 1373 1641 quo
1421 1571 1737 1626 sacrificium

140 1669 388 1725 celebrat
442 1674 639 1720 tantam
691 1666 797 1734 pati
831 1666 1136 1734 frequenter
1177 1664 1473 1734 angustiam
1500 1705 1515 1730 ,
1553 1674 1608 1718 ut
1652 1665 1739 1717 vix

1841 466 2241 522 subscribentes
2295 468 2571 537 praebuere
2621 483 2976 536 consensum,
3016 470 3235 526 domum
3297 486 3425 530 cum

1842 560 1997 615 horto
2025 571 2078 616 et
2106 561 2299 617 balneo
2327 575 2447 628 suo,
2473 570 2630 631 atque
2652 562 2901 618 omnibus
2920 562 2986 618 ad
3004 577 3122 619 eam
3149 563 3429 632 pertinen-

1841 653 2005 718 tibus,
2035 654 2089 710 in
2118 656 2216 709 hac
2245 654 2377 710 urbe
2407 654 2573 709 Roma
2603 656 2854 727 positam,
2879 671 2999 725 quze
3027 655 3092 711 ad
3110 655 3197 725 jus
3229 655 3433 711 Panor-

1840 744 2056 801 mitanaa
2087 746 2339 802 Ecclesia:
2366 760 2433 801 ex
2477 746 2789 802 haereditate
2819 746 3090 816 quondam
3144 746 3289 801 Flori
3316 746 3417 803 viri

1839 838 2109 908 magnifici
2153 838 2467 908 pervenisse
2515 836 2867 909 dignoscitur,
2902 853 3023 893 cum
3069 837 3423 893 dilectissimo

1840 926 1949 982 filio
1976 938 2161 987 nostro
2192 928 2488 998 Epiphanio
2514 929 2742 985 diacono
2776 938 3083 998 permutare
3123 929 3429 996 desideras;

1841 1029 2062 1092 propter
2109 1023 2212 1078 hoc
2257 1023 2398 1093 quod
2448 1023 2639 1079 domus
2684 1026 2831 1093 ipsa,
2864 1025 2935 1079 ita
2984 1034 3135 1095 parte
3188 1025 3423 1093 detecta,

1842 1122 1992 1182 parte
2017 1114 2211 1181 diruta,
2239 1124 2389 1184 parte
2438 1116 2559 1185 igne
2609 1116 2863 1185 probatur
2908 1132 3031 1173 esse
3077 1128 3431 1188 consumpta,

1843 1216 1901 1261 ut
1930 1206 2061 1262 nihil
2093 1206 2289 1262 exinde
2314 1209 2605 1275 commodi,
2631 1208 2769 1263 sicut
2798 1212 3036 1277 testaris,
3063 1221 3187 1264 ante
3229 1212 3430 1266 multos

1840 1300 1947 1369 jam
1979 1314 2148 1354 annos
2181 1309 2309 1355 tunc
2337 1315 2507 1369 usque
2554 1301 2937 1357 ecclesiasticis
2980 1302 3299 1357 utilitatibus
3330 1317 3429 1372 po-

1843 1393 2036 1446 tuisset
2064 1392 2338 1456 accedere,
2368 1402 2526 1457 atque
2556 1394 2655 1447 hac
2702 1393 2753 1447 in
2779 1408 2838 1447 re
2868 1403 3049 1448 nostra
3081 1394 3176 1449 tibi
3201 1395 3313 1449 dari
3338 1410 3432 1465 po.

1842 1482 2011 1537 stulas
2038 1482 2354 1537 auctoritate
2378 1483 2678 1549 licentiam;
2728 1483 3053 1553 provisionis
3102 1493 3207 1539 tute
3240 1485 3425 1541 inten-

1845 1574 2042 1628 tionem
2073 1574 2379 1643 diligentius
2416 1575 2703 1637 intuentes,
2730 1584 3009 1644 postquam
3038 1585 3093 1630 et
3138 1576 3293 1630 nobis
3322 1590 3421 1631 co—

1842 1666 2043 1735 gnitum
2074 1674 2159 1720 est
2189 1666 2404 1721 domum
2439 1666 2607 1735 ipsam
2640 1668 2691 1721 in
2740 1682 2807 1722 eo
2854 1682 2973 1723 esse
3021 1676 3162 1723 statu
3201 1682 3307 1739 quo
3334 1684 3429 1724 as-

142 1770 275 1833 post
303 1760 459 1830 longa
506 1758 780 1812 intervalla
810 1757 878 1811 atl
911 1759 1087 1811 locum
1119 1766 1142 1794 ε
1173 1756 1393 1811 canonis
1438 1755 1616 1810 redire
1644 1771 1735 1809 va-
1762 1767 1812 1829 Β
1843 1759 2002 1822 seris,
2028 1767 2186 1827 atque
2217 1758 2290 1811 ita
2323 1759 2559 1812 minante
2614 1760 2763 1812 ruina
2809 1758 3047 1827 quotidie
3097 1759 3423 1814 deteriorem

148 1856 265 1911 leat
288 1867 447 1923 quem
466 1849 700 1921 reliquit,
733 1860 891 1918 atque
937 1866 1002 1903 ex
1028 1849 1129 1904 hoc
1176 1849 1371 1903 multos
1414 1848 1658 1902 dubitare
1688 1849 1733 1902 si

144 1950 581 2006 communionem
615 1948 848 2003 debeant
876 1946 944 2003 de
972 1946 1087 2015 ejus
1128 1944 1534 2001 consecratione
1565 1943 1735 2013 perci-

150 2058 305 2112 pere,
337 2041 660 2097 admonendi
706 2049 831 2094 sunt
876 2048 935 2093 ut
980 2039 1283 2093 nullatenus
1333 2037 1731 2105 pertimescant,

143 2135 247 2191 sed
276 2148 392 2189 cum
425 2132 570 2187 omni
604 2133 708 2187 llde
737 2140 791 2187 et
842 2132 1127 2186 secnritate
1172 2129 1589 2191 communicent,
1613 2127 1735 2196 quia

142 2231 415 2299 agritudo
444 2243 686 2299 personae
718 2229 856 2282 sacri
892 2227 1132 2299 mysterii
1176 2223 1605 2281 benedictionem
1636 2236 1736 2277 nec

142 2334 323 2379 mutat
355 2338 451 2377 nec
479 2322 685 2391 polluit.
716 2322 989 2377 Secretius
1014 2328 1187 2375 tamen
1218 2320 1436 2374 omnino
1466 2319 1602 2373 idem
1633 2319 1737 2372 fra-

145 2424 237 2473 ter
271 2425 453 2471 noster
485 2414 778 2469 hortandus
806 2423 908 2479 est,
943 2422 999 2467 ut
1044 2412 1255 2482 quoties
1298 2411 1527 2481 aliquam
1559 2411 1737 2465 mole-

146 2510 311 2565 stiam
337 2509 586 2571 senserit,
604 2524 708 2563 non
743 2504 764 2545 ί
800 2507 1073 2576 procedat,
1094 2520 1161 2559 ne
1181 2520 1247 2559 ex
1268 2506 1366 2558 hoc
1394 2514 1446 2559 ct
1467 2519 1527 2558 se
1550 2503 1734 2572 despi-

144 2604 400 2659 ciendum
444 2603 703 2674 praebeat,
736 2610 790 2659 et
818 2601 1149 2657 infirmorum
1201 2598 1393 2653 animis
1424 2597 1734 2653 scandalum

145 2695 330 2753 faciat.

228 2789 491 2849 Praeterea
548 2787 931 2857 Pomponiana,
986 2786 1231 2856 religiosa
1272 2784 1505 2851 femina,
1548 2794 1736 2855 questa

149 2883 310 2939 nobis
339 2889 422 2937 est
453 2881 818 2937 haereditatem
846 2879 1113 2951 quondam
1143 2879 1327 2947 generi
1371 2877 1454 2933 sui
1503 2878 1738 2948 Epipha-

151 2976 253 3041 nii,
289 2977 339 3029 in
370 2990 471 3045 qua
522 2974 853 3044 Epiphanius
905 2972 1047 3028 idem
1107 2972 1402 3026 Matronam
1454 2973 1735 3042 conjugem

148 3083 311 3143 suam
351 3067 511 3121 filiam
558 3066 805 3121 antefatte
856 3063 1235 3133 Pomponiante
1282 3061 1734 3118 usufructuariam

1839 1850 1979 1919 fieri,
2014 1859 2071 1905 ut
2100 1864 2209 1905 non
2236 1850 2407 1904 solum
2441 1850 2695 1905 Ecclesia:
2724 1859 2827 1904 tua:
2858 1865 2963 1904 non
3010 1851 3181 1916 utilis,
3212 1851 3305 1906 sed
3335 1865 3432 1918 po-

1839 1944 1945 1998 tius
1967 1942 2192 1999 subinde
2215 1942 2471 1998 damnosa
2496 1956 2655 2011 posse
2675 1942 2920 1999 videatur
2942 1942 3203 2009 existere;
3228 1943 3429 1999 idcirco

1837 2034 2174 2104 permutandi
2203 2034 2297 2088 tibi
2325 2050 2441 2088 eam
2473 2048 2594 2087 cum
2622 2034 2816 2089 balneo
2841 2041 2896 2087 et
2922 2032 3079 2088 horto
3108 2048 3227 2101 suo,
3257 2032 3434 2088 omni-

1838 2129 2045 2198 busque
2078 2126 2402 2199 generaliter
2428 2128 2494 2182 ad
2518 2140 2635 2181 eam
2665 2125 3080 2195 pertinentibus,
3109 2125 3268 2196 juxta
3298 2127 3429 2195 peti-

1838 2221 2041 2275 tioiiem
2074 2229 2243 2286 tuam,
2277 2233 2437 2289 quam
2491 2217 2734 2272 veritatis
2782 2226 2837 2271 et
2882 2218 3108 2271 rationis
3152 2217 3289 2283 apud
3334 2232 3434 2272 nos

1836 2312 1971 2368 ordo
1998 2311 2252 2378 suffulcit,
2286 2310 2442 2379 hujus
2488 2310 2822 2364 auctoritatis
2868 2320 3066 2363 nostra:
3112 2310 3253 2363 serie
3291 2310 3427 2363 libe-

1836 2420 1952 2461 ram
1987 2419 2079 2471 per
2099 2403 2276 2458 omnia
2308 2402 2656 2458 concedimus
2686 2400 3017 2467 facultatem,
3045 2410 3308 2469 quatenus
3330 2400 3436 2454 liu-

1834 2494 2067 2566 jusmodi
2099 2504 2316 2564 accepta
2347 2494 2587 2555 licentia,
2620 2508 2720 2549 nec
2755 2501 2807 2548 te
2834 2492 2993 2559 culpa
3026 2491 3093 2547 de
3125 2492 3431 2548 temeritate

1837 2591 1922 2647 vel
1956 2590 2218 2645 incautela
2251 2588 2525 2658 reapiciat,
2554 2601 2655 2642 nec
2683 2586 2771 2641 ille
2808 2585 3008 2655 aliquid
3030 2585 3317 2640 dubietatis
3346 2585 3430 2639 in-

1838 2692 2039 2740 currat.
2074 2683 2205 2737 Nam
2240 2682 2522 2752 providum
2551 2681 2874 2750 salubreque
2918 2691 3001 2733 eSt
3047 2678 3253 2750 aliquid
3280 2693 3430 2734 com-

1841 2777 2022 2848 pendii
2052 2790 2367 2845 procurare,
2399 2774 2538 2830 unde
2569 2774 2709 2829 nulla
2735 2787 2857 2844 Spes
2881 2781 2967 2828 est
2992 2772 3147 2841 lucri,
3179 2772 3272 2828 sed
3301 2786 3429 2828 ma-

1838 2871 1919 2941 gis
1939 2869 2117 2924 damni
2143 2868 2393 2923 formido.

2401 2956 2733 3014 EPISTULA
2775 2956 2864 3011 IV.

2008 3070 2077 3108 Αῐ)
2124 3066 2393 3108 FANTINUM
2442 3063 2786 3104 DEFENSOREII
2826 3058 3259 3103 PANORIITANUI.

148 3140 526 3223 constituerat,
556 3157 883 3213 monasterio
911 3155 1053 3226 quod
1084 3158 1137 3209 in
1183 3155 1344 3209 domo
1387 3169 1480 3209 sua
1529 3154 1739 3210 fundari
1764 3152 1812 3215 C
1845 3147 2141 3226 Exhilarati
2166 3146 2393 3226 episcopi
2437 3142 2631 3226 actibus
2668 3142 2917 3226 inuigilet,
2951 3142 3271 3226 tumnutjlle
3294 3140 3432 3196 clero

150 3259 431 3316 statuerat,
466 3258 522 3305 et
552 3257 732 3318 postea
761 3249 1026 3303 exstincto
1056 3246 1337 3301 usufructu
1367 3246 1539 3300 modis
1564 3245 1739 3300 omni-

148 3345 255 3401 bus
284 3340 637 3412 profuturam,
668 3351 825 3412 atque
848 3340 950 3395 alia
972 3357 1091 3409 qua:
1121 3339 1293 3395 eidem
1320 3339 1577 3393 Matronae
1604 3353 1731 3407 pro—

150 3435 397 3507 prietatis
439 3437 560 3506 jure
590 3436 878 3505 probantur
921 3442 1248 3502 competere,
1293 3433 1360 3486 ab
1408 3429 1739 3500 experientia

148 3538 243 3585 tua
270 3541 322 3586 et
352 3547 381 3586 a
430 3529 875 3586 reverendissimo
907 3530 1067 3581 tratre
1095 3536 1149 3580 et
1189 3526 1509 3594 coepiscopo
1549 3533 1737 3579 nostro

149 3623 406 3680 Januario
435 3623 630 3692 injuste
671 3622 913 3689 sublata,
943 3630 997 3677 et
1039 3620 1231 3675 exinde
1275 3618 1405 3673 nihil
1456 3619 1733 3683 hactenus,

150 3717 237 3772 vel
268 3717 389 3773 lilia:
436 3731 547 3771 sua:
589 3715 881 3780 redditum,
912 3716 993 3769 vel
1046 3714 1340 3784 profecisse
1386 3712 1735 3767 monasterio.

149 3812 307 3878 Quod
338 3813 383 3866 si
414 3812 487 3866 ita
511 3812 706 3866 veritas
735 3826 793 3866 se
826 3810 1005 3872 habet,
1035 3819 1090 3864 et
1108 3809 1307 3878 aliquid
1337 3817 1391 3863 te
1421 3806 1736 3862 indecenter

154 3908 347 3965 fecisse
367 3907 669 3975 cognoscis,
696 3906 896 3976 absque
943 3905 1047 3959 ulla
1090 3918 1237 3957 mora
1270 3902 1446 3957 ablata
1477 3904 1731 3966 restitue;

150 3996 419 4056 aut'certe
446 4000 492 4056 si
523 4000 678 4054 aliter
702 4013 822 4054 esse
852 4006 1027 4067 putas,
1046 4010 1115 4051 ne
1133 3992 1339 4066 gravari
1362 4008 1485 4064 pars
1508 3993 1734 4048 adversa

154 4094 592 4167 prmjudicialiter
613 4095 877 4158 videatur,
912 4091 1207 4145 electorum
1238 4103 1357 4143 cum
1390 4101 1449 4143 ea
1476 4087 1734 4156 judicium

153 4188 257 4244 hac
283 4186 351 4243 de
378 4202 537 4242 causa
567 4186 714 4240 nullo
744 4183 908 4239 modo
936 4181 1116 4238 subire
1138 4188 1446 4250 postponas,
1473 4187 1527 4232 ut
1556 4186 1735 4233 utrum

151 4296 283 4334 vera
301 4280 555 4350 justaque
583 4278 698 4348 ejus
725 4277 795 4333 sit
824 4272 1177 4346 querimonia,
1210 4272 1521 4328 deﬁnitione
1542 4270 1732 4343 judicii

149 4373 469 4429 declaretur.

707 4438 1044 4496 EPISTOLA
1081 4437 1171 4491 III.

383 4554 451 4593 AD
480 4550 715 4593 ΙΟΔΝΝΕΙΙ
746 4546 1155 4589 PANORIITANUII
1188 4544 1497 4584 ειηεεορυκ.

155 4631 391 4687 Positum
426 4630 601 4684 Roma
627 4629 834 4682 domum
862 4638 992 4679 cum
1022 4623 1317 4690 Epiphanio
1348 4621 1596 4675 Romanw
1632 4618 1733 4674 Ec-

436 4703 599 4755 clesia:
629 4702 847 4753 diacono
874 4705 1164 4764 permutare
1194 4693 1448 4746 concedit.

224 4792 512 4862 Gregorius
538 4791 728 4847 Joanni
769 4790 1023 4858 episeOpo
1053 4784 1449 4839 Panormitano.

222 4888 372 4943 Sicut
392 4886 581 4940 rationi
613 4882 877 4939 contraria
906 4878 1093 4950 procul
1144 4886 1228 4934 est
1276 4876 1571 4945 abjicienda
1603 4877 1738 4947 peti-

153 4977 259 5044 tio;
282 4980 351 5033 ita
382 4978 434 5032 in
465 4978 547 5031 his
572 4992 689 5046 quae
713 4976 847 5030 bene
870 4972 1245 5027 desiderantur
1267 4970 1516 5025 elIectum
1541 4984 1738 5037 negare

152 5083 258 5125 non
284 5068 552 5122 convenit.
581 5066 715 5133 Quia
737 5066 920 5134 igitur,
939 5072 996 5118 ut
1024 5060 1370 5118 fraternitatis
1392 5068 1497 5114 IUIB
1525 5060 1731 5128 petitio,

156 5178 274 5233 quae
299 5171 509 5217 tenetur
538 5161 591 5216 in
633 5159 879 5225 subditis,
911 5156 1185 5223 continet,
1211 5154 1263 5209 in
1292 5170 1396 5223 qua
1429 5164 1602 5207 tecum
1631 5164 1736 5205 una

228 5357 250 5383 θ
298 5345 561 5401 Observat
587 5338 950 5399 Mabillonius,
981 5342 1268 5391 comment.
1300 5330 1350 5384 in
1377 5330 1506 5385 0rd.
1541 5330 1696 5385 Rom.
1716 5370 1732 5395 ,

160 5434 279 5488 pag.
326 5419 415 5482 48,
444 5428 625 5483 preces
660 5414 776 5488 illas
805 5424 933 5478 quas
962 5406 1207 5488 absoluto
1243 5402 1459 5469 trisagio
1479 5401 1733 5488 sacerdos

164 5471 427 5544 submissa
447 5471 589 5539 'voce
640 5471 844 5544 recitat,
878 5482 1173 5531 canonicam
1204 5489 1398 5539 precem
1429 5471 1731 5544 appellasse

166 5543 396 5628 s'eteres,
426 5558 478 5611 in
529 5556 712 5625 primis
758 5552 1009 5628 Vigilium
1063 5560 1248 5615 papam
1295 5544 1352 5628 iii
1397 5543 1638 5628 epistola"
1668 5543 1735 5596 ad

166 5613 505 5687 Profuturum
532 5613 1270 5696 episcopuni_Bracaretisem.
1317 5615 1535 5696 l’recem
1588 5613 1731 5667 illaut

170 5686 427 5756 iunonem
461 5686 665 5768 primus
715 5686 807 5768 aut
832 5694 998 5768 “inter
1038 5686 1533 5768 primos-absolute
1582 5695 1737 5768 vocat

170 5754 482 5845 Gregorius,
518 5770 609 5827 hb.
641 5781 727 5832 ιι,
757 5762 944 5820 indict.
967 5754 1213 5831 2,'epist.
1249 5756 1334 5811 12.
1368 5757 1500 5816 Vide
1530 5765 1643 5814 not.
1665 5754 1737 5809 24

1913 3237 2007 3345 ἵξὲ
2034 3212 2368 3281 charitatem,
2400 3226 2508 3270 tum
2535 3224 2593 3268 ut
2632 3214 2970 3268 obedientiam
3008 3212 3089 3267 illi
3128 3213 3296 3267 clerus
3332 3228 3423 3266 ca:-

1951 3310 1964 3344 t
2001 3300 2099 3345 eat.

1951 3300 2099 3345 εοεαε.

1914 3382 2205 3452 Gregorius
2230 3380 2456 3435 Fantino
2485 3378 2759 3434 defensori
2789 3375 3194 3432 Panormitano.

1911 3480 2061 3535 Talia
2090 3480 2157 3535 ad
2189 3493 2288 3534 nos
2317 3477 2384 3532 de
2415 3475 2579 3531 fratre
2607 3484 2662 3530 et
2691 3473 3010 3543 coepiscopo
3030 3480 3216 3527 nostro
3258 3470 3428 3525 Exhi-

1840 3574 2033 3639 larato,
2066 3574 2203 3628 sicut
2232 3579 2289 3626 et
2318 3570 2433 3639 ipse
2460 3567 2623 3631 nosti,
2646 3573 3007 3636 pervenerunt
3034 3577 3156 3633 quae
3182 3562 3430 3617 districta

1839 3667 2063 3724 omnino
2091 3672 2273 3722 essent
2321 3662 2526 3716 ultione
2566 3658 2875 3729 plectenda;
2907 3656 2999 3711 sed
3046 3655 3302 3724 quoniam
3347 3654 3431 3708 bis

1839 3774 1956 3816 eam
1979 3753 2461 3813 reverendissimus
2478 3752 2642 3807 frater
2656 3760 2711 3805 et
2731 3750 3083 3819 coepiscopus
3098 3755 3284 3803 noster
3297 3745 3426 3811 Leo,

1837 3852 1926 3922 qui
1955 3852 2115 3906 etiam
2137 3851 2191 3905 in
2222 3863 2380 3903 causa
2399 3846 2516 3917 ejus
2538 3844 2772 3917 judicem
2795 3858 2855 3898 se
2881 3842 3048 3898 fuisse
3071 3851 3295 3897 testatus
3316 3850 3426 3904 est,

1838 3944 2111 4015 levigavit,
2140 3942 2206 3997 ad
2256 3938 2549 3996 Ecclesiam
2599 3952 2751 3992 suam
2802 3936 2952 3991 illum
2998 3933 3430 3989 retransmitten-

1836 4038 1961 4092 dum
2005 4051 2125 4091 esse
2167 4032 2531 4102 praevidimus,
2552 4029 2857 4100 judlcantes
2906 4026 3157 4082 sufficere
3204 4025 3281 4080 illi
3323 4025 3427 4079 hoc

1836 4130 1978 4203 quod
2010 4142 2133 4183 eum
2164 4126 2253 4181 hic
2285 4123 2496 4198 1263
2535 4122 2736 4177 diutius
2778 4120 3072 4174 retinentes
3115 4116 3425 4172 afﬂiximus.

1841 4223 2025 4292 Itaque
2053 4220 2399 4288 experientia:
2427 4225 2531 4270 tute
2584 4214 2921 4284 praecipimus
2968 4219 3027 4264 ut
3064 4224 3189 4278 erga
3244 4222 3426 4261 mores

1834 4329 2091 4387 actusque
2114 4315 2257 4369 illius
2286 4325 2468 4367 curam
2499 4309 2713 4373 habeat,
2746 4316 2905 4374 atque
2947 4318 3068 4357 eum
3111 4300 3422 4369 frequenter

1835 4412 2138 4475 admoneat,
2171 4416 2435 4475 quatenus
2460 4418 2519 4458 se
2543 4402 2611 4457 ad
2634 4396 3045 4469 impendendum
3072 4394 3281 4449 clericis
3302 4393 3418 4447 suis

1757 4532 1814 4594 ι)
1837 4502 2153 4556 charitatem
2199 4496 2505 4563 benignum,
2556 4502 2611 4546 et
2653 4491 2697 4545 si
2742 4502 2830 4542 res
2858 4484 3116 4556 exegerit,
3149 4483 3216 4537 ad
3252 4482 3425 4536 corri-

1837 4592 2039 4664 gendas
2063 4592 2246 4658 culpas
2271 4588 2465 4642 debeat
2484 4599 2543 4640 se
2570 4582 2829 4638 exhibere
2878 4580 3189 4635 sollicitum.
3236 4576 3341 4632 Sed
3370 4583 3426 4631 et

1839 4689 2041 4743 clerum
2070 4686 2187 4754 ejus
2227 4681 2519 4737 admonere
2550 4686 2603 4733 te
2646 4676 2895 4731 volumus
2920 4714 2938 4740 ,
2970 4683 3027 4727 ut
3069 4670 3428 4726 humilitatem

1840 4780 1939 4847 illi,
1959 4794 2021 4833 ac
2050 4773 2408 4831 obedientiam
2441 4786 2596 4837 quam
2622 4765 2877 4821 Dominus
2900 4760 3423 4825 mandat,exhibeat,

1842 4886 1940 4926 nec
1972 4871 2022 4923 in
2053 4867 2233 4935 aliquo
2272 4863 2345 4919 illi
2369 4862 2633 4932 superbus
2664 4866 2952 4928 praesumat
2980 4856 3237 4910 existere.
3269 4849 3425 4918 Quod

1844 4965 1888 5019 si
1921 4964 2039 5033 quis
2062 4972 2271 5022 eorum,
2305 4964 2330 4991 ⁸
2363 4956 2414 5010 id
2444 4962 2529 5010 est
2555 4954 2670 5009 sive
2697 4950 3001 5021 episcopus,
3032 4950 3147 5004 sive
3178 4946 3423 5012 clericus,

1844 5054 2261 5112 admonitionem
2329 5056 2474 5103 tuam
2544 5043 2877 5116 neglexerit,
2925 5058 2987 5097 ex
3068 5040 3169 5094 hac
3240 5046 3422 5092 nostra

1842 5150 2158 5205 auctoritate
2219 5143 2475 5200 canonica
2524 5138 2830 5196 coerctione
2886 5132 3265 5193 inobedientia‘.
3315 5128 3427 5183 cul-

1840 5328 1906 5384 ad
1934 5329 2047 5383 Lib.
2076 5328 2318 5384 Sacram.

1919 5398 1939 5437 ί
1986 5400 2117 5467 Quid
2151 5400 2219 5453 sit
2249 5398 2518 5467 procedere
2544 5395 2653 5467 jam
2685 5393 2810 5449 alibi
2862 5389 3167 5456 docuimus,
3213 5396 3267 5443 et
3312 5386 3423 5443 fuse

1847 5465 2067 5535 exponit
2094 5479 2216 5524 nuta
2246 5465 2345 5521 471
2378 5470 2427 5522 in
2451 5465 2595 5522 Libr.
2628 5465 2872 5520 Sacram.

1916 5544 2099 5596 EPIST.
2136 5542 2218 5595 III.
2250 5541 2331 5593 Al.
2362 5542 2452 5601 60,
2482 5538 2590 5591 ind.
2624 5537 2677 5590 6.

1916 5615 2097 5668 Emsr.
2147 5611 2208 5665 IV
2242 5612 2365 5683 [At
2394 5610 2451 5683 (il
2478 5652 2491 5674 ,
2520 5609 2631 5662 ind.
2657 5606 2752 5678 6].
2794 5615 2819 5642 ⁸
2841 5601 3420 5683 _lta_quinqu9_Va_tic..

1843 5700 2031 5738 omnes
2058 5673 2267 5745 Νοτιηᾷ
2300 5673 2486 5742 Corb.,
2519 5688 2649 5742 etc.,
2693 5673 2810 5731 cum
2839 5678 2893 5733 in
2944 5673 3182 5731 Excusis‘
3211 5673 3406 5744 legitur

1843 5755 1897 5811 id
1923 5763 2016 5823 cst,
2052 5755 2214 5808 laicus
2239 5753 2343 5806 sive
2369 5751 2610 5818 clericus,
2634 5758 2727 5805 aut
2752 5748 2828 5804 uel
2862 5750 3051 5804 clerus.
