3928 6342
463 318 600 377 1507

461 535 547 590 bis
574 534 884 590 renuntiare
932 533 1153 599 festina,
1187 546 1243 587 ut
1286 532 1573 601 disponere
1623 532 1896 586 valeamus
1918 546 2067 600 quas

458 626 586 684 liter
614 624 908 695 disciplina:
940 627 1147 681 frenum
1175 635 1326 679 extra
1366 622 1467 679 iter
1497 638 1652 678 suum
1690 638 1783 678 eos
1825 638 2051 693 pergere

455 734 565 775 non
598 719 869 788 permittat
897 732 1033 787 quos
1054 717 1120 773 ad
1142 731 1422 773 excessum
1449 717 1667 772 aculeus
1694 730 1871 787 prava:
1898 731 2050 772 men-

461 815 532 870 tis
560 814 754 870 irritat.

1036 881 1370 939 EPISTULA
1410 881 1475 937 V.

673 993 742 1033 ΔΙ)
778 990 1014 1032 ΙΟΔΝἈΕΜ
1065 991 1482 1031 ΡΑΝΟΚΠΙΤΔΝΟΜ
1521 988 1830 1031 ειηδεορωι.

458 1069 677 1126 Causam
706 1068 851 1125 Petri
881 1087 995 1124 cum
1024 1067 1248 1122 Fantino
1296 1070 1562 1140 defensore
1608 1067 1866 1140 perquirat
1923 1066 2047 1120 dili-

850 1154 1023 1211 genter
1071 1141 1330 1209 faciatque
1364 1140 1646 1212 judicium.

521 1233 811 1303 Gregorius
849 1232 1036 1288 Joanni
1070 1234 1323 1302 episcopo
1354 1232 1758 1287 Panormitano.

522 1328 655 1395 Quia
678 1338 800 1383 sunt
829 1328 1001 1398 culpa:
1033 1327 1085 1382 in
1115 1328 1307 1398 quibus
1336 1328 1488 1397 culpa
1525 1335 1605 1381 est
1636 1326 1879 1379 relaxare
1920 1325 2039 1379 vin-

452 1422 648 1477 dictam
683 1420 878 1491 (σταίη
915 1422 1035 1474 dist.
1066 1420 1158 1487 28,
1184 1437 1228 1473 c.
1263 1419 1377 1490 10),
1405 1418 1691 1489 qumrenda
1722 1433 1936 1485 semper
1964 1426 2047 1472 est

452 1517 680 1583 veritas,
704 1525 767 1571 ut
789 1515 982 1585 inquiri
1008 1515 1197 1569 debeat
1224 1523 1397 1567 utrum
1427 1520 1731 1567 accusatum
1759 1526 1894 1564 noxa
1915 1526 2045 1563 con-

454 1611 691 1676 demnet,
725 1626 791 1665 an
821 1626 849 1663 a
896 1626 1051 1678 pretia
1102 1608 1406 1663 innocentia
1456 1605 1716 1675 patefacta
1759 1602 2042 1659 subducat.

452 1702 636 1771 Itaque
655 1701 970 1771 pervenitail
992 1715 1087 1754 nos
1112 1699 1395 1754 Fantinum
1415 1698 1758 1752 defensorem
1786 1697 2042 1751 ultionem

1673 316 1918 377 SANCTI
1957 315 2283 376 GREGORII
2319 317 2534 375 MAGNl

458 455 583 511 pain
639 448 734 495 aut
788 448 841 495 tu
869 478 885 506 ,
938 439 1078 495 sicut
1122 436 1477 509 praevideris,
1515 436 1724 507 corrige
1751 479 1766 502 ,
1807 445 1899 491 aut
1951 450 2050 491 no-
2078 440 2134 499 Α

3617 322 3753 378 1508

2706 457 3039 515 EPISTOLA
3085 458 3171 515 VI.

2354 566 2424 606 AD
2462 567 2795 608 MRINIANUI
2836 567 3191 609 BAVENEATEI
3230 564 3549 609 ινιεοοινῦι.

2153 641 2505 699 Fortunatam
2550 647 2782 701 abbatem
2831 649 3022 716 injuste
3073 647 3369 716 depositum
3410 646 3682 713 restituat,
3709 658 3755 701 es

2223 717 2515 786 episcOpum
2540 719 2876 788 reprehendat
2893 720 3028 787 quod
3051 736 3082 771 a
3111 718 3492 788 prcedecessore
3512 719 3753 771 ordinata

2223 788 2408 856 absque
2437 806 2595 843 causa
2617 791 2905 844 mutaverit.

2222 881 2513 951 Gregorius
2548 882 2849 937 Mariniano
2884 883 3137 953 episeopo
3166 882 3463 938 Ravennae.

2222 973 2355 1042 Quia
2386 973 2735 1046 incongruum
2768 976 2922 1032 valde
2952 984 3035 1030 est
3066 992 3096 1030 a
3124 986 3381 1045 suscepto
3405 974 3602 1030 ofﬁcio
3645 975 3747 1030 sola

2148 1078 2469 1135 quemquam
2504 1067 2776 1122 voluntate
2840 1067 3118 1137 suspendi,
3144 1083 3303 1137 quem
3344 1067 3507 1136 culpa
3537 1081 3648 1121 non
3675 1082 3753 1121 re-

2149 1170 2349 1226 movet,
2381 1161 2608 1216 sollicite
2639 1161 3025 1232 disponendum
3057 1170 3141 1215 est
3173 1168 3231 1215 ut
3260 1174 3366 1215 nec
3414 1160 3570 1228 prior
3603 1160 3747 1214 ordi-

2154 1254 2302 1309 natio
2334 1255 2779 1310 irrationabiliter
2807 1256 3137 1324 destruatur,
3169 1270 3270 1310 nec
3317 1256 3441 1310 sine
3496 1253 3743 1310 emenda-

2151 1348 2295 1403 tione
2321 1363 2438 1417 qua:
2462 1349 2601 1403 male
2646 1358 2831 1403 secuta
2880 1346 3081 1402 fuerint
3122 1346 3530 1418 relinquantur.
3566 1346 3745 1401 Fortuo

2154 1449 2316 1495 natus
2345 1440 2541 1507 itaque,
2575 1440 2712 1495 lator
2745 1440 3124 1510 praesentium,
3157 1440 3209 1494 in
3254 1439 3602 1493 monasterio
3634 1453 3741 1491 san-

2149 1542 2357 1587 ctorum
2401 1531 2675 1587 Laurentii
2707 1541 2761 1588 et
2820 1531 3073 1599 Zenonis,
3106 1530 3246 1601 quod
3301 1540 3328 1567 ι
3381 1530 3437 1585 in
3492 1530 3741 1584 Caesenati

2149 1635 2329 1680 castro
2361 1636 2445 1681 est
2475 1627 2858 1692 constitutum,
2890 1641 2918 1678 a
2951 1625 3121 1680 Natali
3167 1624 3446 1694 quondam
3504 1623 3741 1691 episcopo

2150 1719 2390 1773 officium
2422 1718 2523 1772 sibi
2556 1719 2764 1774 abbatis
2783 1734 3029 1779 asserens
3055 1733 3175 1773 esse
3198 1715 3589 1779 commissum,
3618 1730 3741 1768 nunc

452 1811 710 1851 exercere
760 1796 809 1849 in
844 1794 1060 1851 Petrum
1114 1795 1339 1850 latorem
1392 1794 1737 1862 prazsentium
1789 1793 2041 1857 voluisse,
2079 1826 2213 1898 Bse
2263 1826 2291 1865 ε
2349 1824 2662 1865 successore
2712 1810 2829 1880 eius
2882 1809 3182 1864 εοηροηῃο
3213 1808 3239 1846 b
3273 1807 3425 1863 “una
3485 1807 3739 1863 existente

451 1904 550 1961 pro
577 1904 643 1945 eo
670 1890 835 1959 quod,
866 1898 1129 1960 quantum
1161 1888 1376 1957 dicitur,
1412 1898 1435 1925 ³
1488 1888 1723 1943 relictam
1770 1888 2047 1959 cujusdam

449 1982 682 2049 diaconi,
715 1990 955 2051 tempore
976 1998 1081 2052 quo
1106 1980 1404 2037 conductor
1432 1981 1621 2047 fuerat,
1656 1982 1849 2036 marito
1880 1981 2049 2036 tradi-

455 2074 621 2128 derit.
653 2074 756 2129 Sed
791 2075 1039 2143 quoniam
1063 2075 1160 2128 iste
1182 2075 1465 2144 conjugem
1492 2073 1702 2128 diaconi
1724 2075 1916 2129 asserit
1944 2090 2049 2129 non

450 2164 640 2232 fuisse,
666 2166 850 2221 dicens
881 2181 978 2221 nec
1007 2168 1270 2237 virginem
1318 2167 1462 2221 illam
1514 2166 1579 2219 ad
1628 2182 1750 2222 eum
1804 2167 2045 2235 venisse,

452 2254 482 2298 δ
523 2258 753 2327 denique
786 2266 841 2310 ut
872 2272 971 2312 nec
1002 2257 1310 2327 religiosam
1348 2266 1557 2310 mutare
1605 2267 1813 2311 vestem
1846 2272 2047 2325 prmsu-

462 2362 633 2405 meret
668 2361 947 2419 pOSIquam
984 2349 1073 2403 ille
1104 2349 1156 2403 in
1191 2349 1379 2403 ordine
1411 2364 1564 2401 sacro
1608 2359 1885 2418 promotus
1932 2360 2044 2417 est,

457 2443 719 2511 adjiciens
746 2444 907 2497 etiam
942 2443 1256 2512 priusquam
1286 2453 1307 2479 ο
1329 2441 1397 2495 ad
1427 2441 1710 2497 diaconem
1743 2444 2048 2512 perveniret

457 2544 511 2590 et
543 2545 721 2603 postea
753 2551 919 2606 prava
950 2535 1094 2590 illam
1117 2538 1373 2605 opinione
1407 2535 1624 2600 vixisse,
1652 2537 1772 2591 ideo
1800 2536 2049 2592 fraterni-

455 2637 622 2683 tatem
658 2639 804 2683 tuam
838 2628 921 2683 his
952 2628 1228 2683 hortamur
1258 2620 1527 2694 affatibus,
1555 2636 1613 2681 ut
1642 2644 1759 2682 cum
1790 2628 1905 2694 Dei,
1931 2629 2049 2683 sic-

453 2730 513 2775 ut
555 2722 729 2787 decet,
780 2722 997 2789 timore,
1032 2736 1250 2777 causam
1283 2722 1420 2774 liauc
1468 2720 1650 2773 subtili
1699 2722 1916 2776 omnino
1960 2720 2045 2776 in-

451 2812 807 2881 vestigatione
836 2812 1144 2882 perquirat;
1180 2822 1231 2866 et
1273 2812 1317 2865 si
1346 2812 1418 2866 ita
1454 2812 1507 2865 in
1556 2811 1802 2880 conjugio
1832 2812 2045 2867 diaconi

452 2904 481 2943 ἀ
512 2906 705 2961 mulier
737 2905 904 2961 fuisse
925 2906 1247 2972 constiterit,
1271 2915 1325 2960 et
1346 2906 1740 2975 suprascriptus
1769 2906 1905 2960 lator
1931 2923 2046 2962 me-

452 3008 665 3055 morato
694 2996 966 3053 defensori
998 3006 1051 3052 et
1083 2998 1279 3054 rectori
1310 2998 1622 3067 patrimonii
1654 3000 1717 3052 ad
1745 2999 2037 3054 vindictam

452 3090 626 3146 modis
648 3089 899 3143 omnibus
933 3088 1200 3155 tradatur,
1233 3096 1287 3143 et
1332 3103 1452 3144 cum
1484 3089 1815 3159 competenti
1855 3105 2045 3145 emen-

450 3182 665 3238 datione
691 3184 726 3238 ii
751 3181 843 3251 qui
884 3182 1023 3237 male
1052 3181 1241 3236 sociati
1271 3190 1399 3235 sunt
1427 3180 1834 3251 disjungantur.
1862 3182 1919 3238 Si
1950 3197 2046 3237 vc-

452 3289 515 3329 ro
536 3274 586 3327 in
615 3274 732 3342 ejus
757 3272 1004 3342 conjugio
1031 3286 1137 3327 non
1194 3271 1293 3325 fuit
1314 3316 1326 3337 ,
1353 3282 1712 3325 memoratum
1751 3272 2039 3329 l“antinum

455 3380 525 3421 ex
556 3374 741 3421 nestro
784 3364 1035 3418 mandato
1063 3374 1414 3417 commonere
1466 3370 1517 3416 te
1561 3360 1828 3426 volumus,
1860 3371 1917 3415 ut
1964 3363 2043 3417 eis

455 3460 635 3514 facere
662 3460 735 3513 nil
766 3466 1081 3527 praesumat,
1105 3466 1128 3493 °
1161 3471 1258 3511 nec
1280 3456 1411 3510 falsa
1434 3454 1585 3509 illum
1607 3439 1880 3509 accusatio
1904 3456 2046 3525 apud

457 3564 578 3605 eum
612 3550 661 3603 in
685 3549 867 3619 aliquo
890 3556 1211 3618 praegravet.
1251 3544 1270 3584 ί
1302 3546 1436 3613 Quia
1469 3560 1598 3600 vero
1626 3560 1715 3601 res
1741 3562 1866 3600 suas
1890 3557 2047 3604 ante-

454 3641 631 3697 dictos
666 3642 855 3697 Petrus
885 3641 1026 3712 apud
1059 3638 1311 3696 Ecclesiae
1331 3638 1557 3693 colonos
1583 3638 1824 3705 perhibet
1846 3641 2048 3697 retine-

455 3736 524 3797 ri,
558 3736 807 3789 volumus
835 3743 892 3789 ut
920 3735 1037 3789 sine
1068 3734 1379 3803 cujusquam
1426 3731 1813 3799 impedimento
1839 3747 1933 3789 eas
1956 3732 2049 3789 ha-

457 3826 600 3890 beat,
641 3826 857 3899 1264
893 3828 936 3881 si
970 3836 1149 3881 tamen
1176 3826 1249 3880 ita
1273 3833 1358 3880 est
1377 3824 1623 3893 exigendi
1655 3824 1889 3879 licentia.
1913 3826 2048 3882 Nam

458 3920 587 3974 etsi
617 3920 863 3974 inventus
904 3919 1066 3973 fuerit
1109 3931 1229 3971 esse
1276 3915 1584 3986 culpabilis,
1631 3930 1738 3969 non
1788 3931 1875 3971 res
1919 3932 2048 3974 suas

460 4014 733 4077 amittere,
751 4011 845 4067 sed
872 4013 924 4066 in
954 4026 1015 4067 se
1040 4010 1431 4080 debetdignam
1456 4009 1715 4064 ultionem
1746 4013 2044 4082 suscipere.

533 4144 718 4199 EPIST.
744 4144 786 4200 V
811 4144 921 4217 [An
944 4144 1033 4210 09.,
1058 4145 1168 4198 ind.
1198 4141 1275 4215 6].
1304 4173 1374 4183 —
1414 4152 1437 4179 ο
1485 4144 1562 4200 De
1611 4144 1792 4199 relicta
1835 4146 2043 4204 diaconi

458 4233 642 4284 supra,
675 4216 831 4285 epist.
860 4216 928 4269 56
953 4218 1045 4270 lib.
1074 4232 1145 4270 tv.

532 4288 559 4326 ι’
602 4289 672 4342 Ita
722 4290 911 4359 legitur
956 4288 1009 4344 in
1042 4288 1239 4355 Vatic.,
1284 4287 1779 4353 Nortn.,Colbert.,
1812 4290 2034 4357 Rhem.,

461 4360 651 4425 Corb.,
682 4371 735 4415 et
767 4364 816 4414 in
844 4368 948 4414 vet.
979 4360 1144 4427 Edit.,
1177 4376 1336 4431 quem
1389 4361 1563 4414 locum
1594 4375 1723 4415 sane
1754 4362 2043 4416 obscurum

459 4431 549 4503 liie
580 4442 839 4486 mutatum
876 4432 1100 4501 legimus
1150 4434 1201 4487 in
1256 4432 1395 4486 Edit.
1458 4431 1648 4495 Vatia,
1697 4434 1913 4503 denique
1956 4449 2048 4488 nec

459 4502 754 4570 religiosam
784 4516 1002 4557 mutasse
1031 4516 1237 4567 vestem,
1271 4513 1558 4571 postquam.

2155 1903 2309 1972 culpa
2340 1902 2533 1958 exinde
2559 1913 2842 1968 remotum,
2870 1912 3030 1973 atque
3053 1902 3215 1957 alium
3246 1900 3297 1955 in
3333 1900 3463 1954 loco
3490 1914 3596 1955 suo
3624 1913 3731 1968 que

2153 1998 2292 2053 ritur
2317 1998 2646 2053 ordinatum.
2672 1996 2824 2063 Quod
2854 1996 3016 2051 etiam
3048 2011 3229 2050 coram
3260 1992 3601 2064 quibusdam
3640 1993 3738 2046 dia-

2153 2089 2306 2144 conis
2337 2090 2560 2151 nostris,
2597 2097 2861 2156 praesente
2910 2086 3136 2141 diacono
3181 2084 3433 2155 pnedicti
3468 2082 3741 2138 Concordii

2154 2184 2393 2254 episcopi
2419 2184 2499 2238 sui
2528 2198 2722 2238 causas
2752 2183 3041 2252 allegante,
3072 2196 3137 2235 ex
3183 2187 3339 2249 parte
3375 2178 3448 2232 ita
3485 2191 3615 2231 esse
3643 2191 3742 2245 per-

2151 2276 2368 2332 claruit.
2401 2276 2504 2332 Sed
2538 2275 2787 2347 quoniam
2839 2284 2860 2313 ο
2898 2274 3098 2329 certior
3130 2273 3180 2326 in
3233 2270 3492 2340 partibus
3545 2269 3648 2323 illis
3674 2268 3745 2322 ubi

2152 2386 2242 2427 res
2272 2380 2390 2425 acta
2422 2379 2505 2423 est
2531 2378 2706 2438 potest
2735 2382 2855 2422 esse
2883 2365 3145 2433 probatio,
3178 2362 3511 2417 fraternitas
3546 2371 3633 2415 tua
3673 2361 3746 2414 di-

2151 2461 2381 2532 ligenter
2409 2469 2568 2529 atque
2599 2457 2831 2513 sollicite
2860 2456 2961 2511 hoc
2987 2454 3198 2511 studeat
3224 2453 3598 2523 perscrutari.
3630 2452 3689 2506 Et
3713 2453 3749 2505 si

2153 2557 2306 2611 nulla
2338 2554 2621 2609 manifesta
2647 2567 2805 2607 causa
2830 2551 3179 2620 depositionis
3206 2549 3449 2613 exstitit,
3480 2563 3605 2618 quae
3632 2562 3753 2617 pra-

2152 2645 2354 2700 diclum
2411 2644 2763 2699 Fortunatum
2813 2643 3019 2696 abbatis
3051 2641 3233 2695 officio
3264 2649 3612 2706 removeret,
3642 2655 3750 2694 eum

2153 2740 2205 2794 in
2235 2754 2388 2793 suum
2422 2739 2600 2790 locum
2633 2735 2926 2790 reformare
2951 2733 3377 2802 festinet,atque
3403 2732 3532 2801 ejus
3557 2732 3754 2800 episco-

2152 2849 2277 2903 pum
2308 2832 2467 2901 digna
2501 2828 2919 2898 reprehensione
2952 2826 3231 2895 increpare
3258 2839 3368 2878 non
3403 2824 3637 2887 desinat,
3658 2838 3748 2876 cur

2152 2928 2456 2983 decessoris
2475 2922 2577 2988 sui,
2596 2922 2756 2976 nullis
2776 2928 3092 2989 provocatus
3110 2917 3451 2980 excessibus,
3478 2917 3751 2971 destruere

2151 3019 2550 3077 ordinationem
2583 3014 2802 3069 molitus
2826 3016 2913 3066 sit.
2948 3011 3003 3067 Si
3037 3025 3165 3065 vero
3187 3010 3345 3063 aliter
3375 3023 3544 3078 quam
3586 3007 3754 3061 edocti

2150 3128 2338 3170 sumus
2365 3125 2577 3165 causam
2605 3122 2725 3163 esse
2749 3120 2870 3175 pars
2896 3104 3062 3158 altera
3081 3102 3295 3166 dixerit,
3320 3101 3515 3155 subtili
3548 3101 3742 3153 veritas

2078 3228 2124 3291 ρ
2157 3206 2572 3276 investigatione
2594 3199 2887 3273 quicrenda
2914 3207 3024 3262 est;
3050 3207 3102 3252 et
3132 3197 3203 3251 ita
3233 3196 3499 3265 quidquid
3533 3192 3751 3248 canoni-

2154 3318 2249 3358 cus
2276 3299 2414 3355 ordo
2436 3294 2745 3367 poposcerit
2774 3290 3189 3354 terminandum,
3222 3299 3279 3342 ut
3307 3289 3454 3341 nulla
3484 3302 3552 3341 ea
3602 3286 3669 3339 de
3698 3300 3751 3337 re

2156 3395 2333 3451 denuo
2357 3389 2572 3461 querela
2600 3396 2897 3444 remaneat.
2930 3384 2957 3422 ά
2993 3384 3119 3440 Data
3154 3398 3341 3438 mense
3375 3379 3639 3445 Octobri,
3670 3380 3756 3433 in-

2154 3484 2390 3540 dictione
2419 3482 2473 3535 7.

2703 3568 3036 3625 EPISTOLA
3078 3566 3187 3622 Vll.

2377 3682 2442 3719 AD
2492 3676 2795 3718 ALCYSONEM
2847 3675 3176 3715 CORCYREC!
3217 3671 3545 3712 EPISCOPFM.

2160 3758 2393 3827 CassiOpi
2417 3764 2638 3809 castrum
2667 3753 2758 3827 sub
2808 3752 3065 3821 Corcyraei
3112 3750 3335 3827 episcopi
3387 3751 3759 3827 jurisdictietu

2230 3822 2557 3898 pertizaneat;
2584 3842 2647 3880 ex
2676 3826 2767 3879 illo
2799 3835 2964 3878 tamen
3004 3839 3107 3877 non
3146 3823 3427 3887 ejiciantur
3458 3822 3648 3876 Euris:
3671 3838 3756 3876 sl-

2229 3902 2477 3955 cerdotes.

2230 4014 2517 4085 Gregorius
2548 4011 2803 4082 Alcysoni
2835 4013 3091 4083 episcopo
3127 4018 3152 4045 ⁸
3183 4010 3461 4079 Corcyrae.

2157 4162 2501 4225 post,icoram
2531 4149 2740 4225 testibus
2770 4148 3075 4219 quibusdam
3109 4148 3362 4225 diaconis.

2233 4234 2254 4263 ο
2304 4224 2425 4275 ΙΙῑινε
2457 4223 2614 4273 verba
2644 4217 2856 4274 videtur
2877 4227 3090 4273 sanctus
3115 4217 3407 4286 Gregorius
3436 4232 3507 4273 ex
3536 4217 3757 4283 epistola

2158 4295 2376 4351 Patrum
2408 4292 2781 4346 Africanorum
2833 4292 2897 4344 ad
2930 4290 3278 4345 leestinum
3304 4289 3433 4343 data
3488 4290 3755 4344 hausisse.

2155 4367 2245 4423 Sic
2276 4366 2419 4419 enim
2454 4365 2614 4416 habet
2644 4379 2657 4414 :
2694 4361 2858 4415 Nulla
2915 4362 3131 4415 Patrum
3178 4360 3483 4429 deﬁnitione
3513 4362 3620 4413 hoc
3670 4358 3755 4413 Ec-

2158 4440 2324 4491 clesia:
2360 4439 2661 4504 derogatum
2690 4442 2762 4487 est
2786 4434 3070 4503 Africanaz,
3089 4443 3135 4485 et
3161 4434 3367 4485 decreta
3408 4431 3642 4484 Nicmna
3670 4435 3761 4484 sise

2157 4509 2418 4578 inferioris
2450 4506 2643 4575 gradus
2667 4505 2897 4578 clericos,
2929 4505 3033 4557 sive
3056 4506 3193 4578 ipsos
3223 4504 3495 4578 episcppos
3525 4507 3643 4578 suis
3666 4522 3759 4555 nie-

538 4586 567 4656 e.
600 4576 914 4659 ln‘recent.,
946 4576 1242 4646 priusquam
1270 4577 1337 4628 ad
1384 4577 1712 4629 diaconatum
1744 4577 2049 4645 perveniret,
2081 4599 2135 4659 Ῑ)
2158 4571 2485 4658 tropolitanis
2508 4576 2869 4657 .apertissittte.
2898 4577 3287 4659 commiserunt.
3336 4571 3759 4655 Prudentissime

460 4643 641 4700 invitis
666 4646 793 4702 Mss.

535 4717 559 4755 ί¹
603 4718 808 4785 Vulgati
831 4755 849 4783 ,
881 4718 1143 4771 mulierem
1172 4717 1235 4771 de
1263 4734 1362 4787 qua
1393 4717 1563 4783 agitur
1586 4718 1825 4787 junctam
1861 4718 2043 4787 fuisse.

536 4798 560 4826 ε
593 4788 647 4841 In
679 4788 923 4856 Excusis,
958 4806 1048 4842 nec.
1080 4789 1227 4843 illum
1266 4790 1540 4843 accusatio.
1574 4788 1735 4843 Corb.
1760 4799 1815 4845 et
1834 4791 2046 4857 Nortn.,

458 4873 560 4932 pro
589 4858 970 4932 falsa._habent
1000 4860 1180 4928 fallax.

542 4930 561 4969 ί
590 4929 702 4985 Βία
730 4930 1056 4986 dissentiunt
1083 4932 1211 4986 Mss.
1245 4930 1305 4984 in
1340 4930 1491 4986 Vatie
1540 4929 1616 4996 Β,
1644 4932 1708 4998 Ε,
1742 4932 1803 4999 F,
1852 4933 2041 5001 Corb.,

459 5001 729 5066 Colbert.,
761 5005 925 5071 Aud.,
959 5004 1178 5074 Lyram,
1210 5004 1329 5070 quia
1377 5020 1494 5056 vero
1538 5005 1898 5073 reliquam.....
1925 5022 2036 5072 per-

464 5075 598 5128 hibet
628 5074 985 5129 reducere.....
1024 5091 1136 5127 cum
1165 5074 1364 5127 habeat.
1394 5075 1710 5129 lihcmensis
1735 5077 2038 5142 consentit,

463 5145 570 5199 nisi
599 5146 739 5214 quod
772 5159 866 5212 pro
890 5145 1142 5215 reliquam
1166 5146 1326 5200 habet
1353 5146 1602 5199 relictam.
1634 5146 1789 5202 Becc.
1812 5157 1864 5201 et
1892 5149 2042 5215 Sag.,

464 5233 573 5271 rem
597 5217 848 5284 aliquam.
884 5216 1160 5287 Vulgatam
1204 5218 1489 5271 lectionem
1537 5219 1877 5281 retinuimus,
1910 5218 2050 5288 reje-

466 5296 549 5341 cta
586 5295 762 5342 tamen
807 5302 940 5341 voce
983 5289 1148 5342 solum
1197 5296 1324 5341 ante
1372 5304 1453 5341 res
1504 5304 1646 5354 suas,
1670 5304 1789 5359 qua:
1837 5304 2051 5344 sensum

465 5359 1117 5428 evertebat,aliundeque
1144 5373 1174 5412 a
1208 5359 1333 5428 Mss.
1376 5359 1547 5413 abest.

539 5428 722 5504 Eets'r.
761 5430 824 5504 V41
852 5430 959 5504 [ᾼι.
997 5427 1229 5504 1].“-Α⁸
1260 5427 1504 5504 Ctesena,
1538 5430 1697 5504 vulgo
1743 5431 1902 5485 etiam
1954 5432 2050 5486 Ce-

464 5515 609 5564 sena,
634 5502 761 5555 urbs
794 5502 953 5557 Italia:
979 5501 1047 5557 ad
1073 5501 1253 5570 Sapim
1302 5502 1545 5568 lluvium,
1578 5502 1847 5557 Sarsiuam
1907 5504 2048 5558 inter

466 5581 525 5624 et
554 5570 883 5638 Ravennam,
914 5574 1236 5642 episcopalis
1274 5573 1374 5629 sub
1404 5575 1807 5643 archiepiscopo
1840 5573 2049 5630 Raven-

472 5650 620 5714 nate,
648 5645 747 5697 sila
775 5645 825 5695 iu
868 5644 1171 5699 Senonibus
1218 5655 1273 5700 et
1321 5648 1371 5699 in
1422 5644 1707 5712 Flaminia,
1742 5661 1859 5714 qua:
1906 5661 2049 5701 nunc

469 5712 1152 5789 provincia_l{omandiola
1205 5716 1418 5783 dicitur,
1442 5717 1599 5787 vulgo
1648 5719 1697 5771 la
1759 5712 2049 5789 Romagna,

472 5791 648 5838 status
674 5784 1039 5838 ecclesiastici.
1074 5786 1333 5841 Gusssxv.

545 5850 575 5887 λ’
615 5853 835 5924 Excusi,
862 5854 1005 5912 nulla
1042 5856 1283 5911 existente
1312 5872 1468 5913 causa
1494 5858 1569 5915 vel
1589 5859 1771 5929 culpa;
1814 5869 1871 5920 et
1894 5860 2056 5933 paulo

2160 4646 2293 4705 enim
2316 4648 2699 4722 justissimeque
2729 4646 3059 4722 providerunt
3085 4662 3401 4722 quacunque
3446 4649 3669 4714 negotia
3714 4648 3759 4722 in

2159 4726 2265 4776 suis
2295 4717 2418 4774 locis
2446 4720 2529 4772 ubi
2555 4728 2663 4771 orta
2693 4728 2809 4771 sunt
2836 4717 3104 4783 ﬁnienda;
3136 4732 3225 4770 nec
3245 4719 3434 4783 cuique
3482 4718 3759 4783 provinci:

2158 4795 2379 4864 gratiam
2400 4791 2562 4844 sancti
2579 4790 2810 4864 Spiritus
2822 4790 3177 4864 defuturam...
3198 4789 3578 4864 antquomodo
3605 4793 3759 4864 ipsum

2155 4860 2555 4918 transmarinum
2579 4861 2651 4931 (id
2677 4870 2760 4916 est
2784 4861 3104 4925 Romanum)
3128 4860 3387 4930 judicium
3419 4872 3628 4912 rectum
3654 4862 3757 4919 erit,

2152 4936 2222 4991 ad
2253 4936 2386 5003 quod
2416 4935 2619 4985 testium
2646 4933 2943 4985 necessaria’
2966 4947 3196 5000 persona:
3219 4932 3292 4984 vel
3325 4940 3544 4998 propter
3588 4948 3757 4991 sexus,

2153 5006 2231 5060 vel
2247 5015 2451 5073 prapter
2465 5005 2731 5057 senectutis
2748 5003 3298 5071 inﬁrmitatem,multis
3312 5003 3467 5055 etiam
3479 5004 3611 5055 aliis
3622 5004 3761 5054 inter-

2156 5078 2472 5131 currentibus
2513 5076 2887 5142 impedimentis
2918 5075 3109 5127 adduci
3159 5090 3262 5127 nou
3295 5075 3589 5142 poterunt?
3626 5073 3711 5125 ,να
3734 5094 3757 5123 με

2157 5161 2208 5201 ut
2234 5148 2393 5213 aliqui
2419 5156 2668 5216 tanquam
2697 5164 2729 5199 α
2783 5157 2881 5200 tua:
2909 5147 3194 5199 sanctitatis
3246 5146 3402 5199 latere
3450 5148 3753 5204 mittantur,

2157 5220 2305 5275 nulla
2359 5220 2639 5271 invenimus
2695 5216 2912 5271 Patrum
2964 5219 3163 5286 synodo
3205 5218 3544 5269 constitutum
3576 5258 3591 5281 ,
3655 5230 3751 5267 etc.

2159 5294 2321 5345 Certe
2350 5291 2393 5343 si
2422 5304 2652 5357 unquam
2680 5289 2767 5357 jus
2818 5297 2900 5342 est
2943 5288 3231 5343 revocandi
3279 5288 3528 5352 domum,
3584 5300 3644 5340 ut
3687 5288 3757 5338 lo-

2160 5370 2397 5430 quuntur
2435 5358 2806 5429 juriscoiisulti
2849 5360 2962 5428 Dig.
2999 5360 3093 5413 lib.
3127 5375 3183 5419 v,
3216 5360 3277 5411 de
3303 5360 3554 5430 judiciis.
3585 5374 3753 5411 mau-

2161 5428 2247 5488 nte
2279 5433 2330 5486 in
2361 5428 2540 5485 causis
2566 5434 2617 5484 in
2647 5432 2838 5497 quibus
2865 5432 3082 5485 testium
3115 5446 3243 5484 usus
3271 5442 3373 5484 est.
3411 5428 3692 5483 Gusssav.

2227 5501 2253 5540 ἀ
2290 5505 2341 5557 ln
2384 5520 2488 5557 uno
2519 5518 2547 5557 e
2576 5500 2811 5556 Colbert.
2866 5502 2977 5556 haec
3009 5512 3133 5556 nota
3163 5501 3551 5571 chronologica
3584 5499 3752 5571 praeli-

2156 5576 2297 5646 gitur
2318 5575 2578 5646 epistolae,
2605 5573 2885 5646 silentibus
2907 5573 3173 5646 aliisMSS.
3204 5575 3259 5627 In
3284 5574 3617 5636 Remigiano
3654 5579 3753 5646 post

2157 5643 2294 5701 hanc
2337 5646 2495 5715 epist.
2549 5645 2743 5714 legitur
2797 5660 2964 5699 mense
3014 5644 3330 5710 Novembri,
3375 5646 3667 5698 indictione
3708 5643 3753 5692 7.

2159 5717 2359 5773 Verum
2393 5721 2506 5771 haec
2532 5718 2597 5769 ad
2629 5718 2782 5785 epist.
2819 5728 3131 5785 sequentem
3166 5718 3437 5785 pertinere
3463 5717 3753 5771 credimus.

2234 5791 2405 5843 Et'tsr.
2442 5789 2530 5843 Vll
2561 5790 2665 5859 [ΑΙ.
2706 5788 2787 5860 2].
2824 5800 2942 5829 -ι
2982 5790 3151 5859 Vulgo
3175 5790 3389 5859 (λογίου,
3427 5788 3611 5841 insula
3642 5801 3753 5853 pro-

2159 5860 2348 5919 vincia:
2372 5860 2774 5933 Nicopolitanm,
2796 5860 2961 5933 Epiro
2981 5860 3251 5932 adjacens.
3278 5862 3338 5918 in
3360 5862 3546 5917 multis
3569 5860 3753 5917 Nam.
