3928 6342
185 257 224 313 1
245 260 351 319 509

959 261 1442 322 EPISTOLARUM
1480 262 1608 319 LIB.
1647 261 1788 322 XIV.
1824 291 1898 307 -
1933 261 2184 324 INDIC’I‘.
2224 263 2336 324 VII.
2375 295 2446 308 —
2484 266 2704 327 EPIS'I‘.
2747 269 2885 326 VIII.

3344 277 3487 335 1510

279 376 400 434 Non
425 375 696 434 immerito
739 375 869 434 elati
898 377 1078 434 cordis
1109 377 1318 434 retundi
1346 380 1647 448 postulatur
1676 395 1791 434 am-
1820 379 1875 441 A
1898 379 2151 435 antedicti
2184 378 2288 435 loci
2340 395 2501 449 quam
2530 381 2810 453 elegerint,
2841 381 2956 441 sive
3002 382 3166 456 intus,
3199 389 3313 445 sive
3356 389 3486 448 foris

178 471 338 527 bitio
368 473 605 542 quando,
635 471 664 511 ι)
694 488 966 529 sacrorum
999 489 1262 530 canonum
1286 473 1468 545 vigore
1497 474 1796 543 postposito

181 564 512 621 temerariae
576 567 1015 637 praesumptionis
1081 582 1334 624 excessus
1381 566 1551 622 aliena
1608 567 1796 623 illicite

183 660 658 731 concupiscendo,
687 674 792 715 non
845 661 1017 716 solum
1047 661 1117 715 ad
1163 660 1469 732 generanda
1514 660 1792 730 dispendia

189 751 421 824 1265
449 751 663 817 noxius,
696 767 880 808 verum
917 753 1080 810 etiam
1115 753 1231 823 paci
1255 752 1628 809 ecclesiasticae
1660 767 1791 823 pro-

178 845 363 900 batur
407 861 530 902 esse
576 848 898 903 contrarius.
950 847 1188 903 Relectis
1233 847 1392 919 igitur
1444 849 1792 904 fraternitatis

185 946 312 993 tua:
336 938 596 1007 epistolis,
637 955 756 1008 quae
791 949 815 978 θ
843 940 911 995 de
941 941 1178 1010 Cassiopi
1209 950 1409 1010 castro,
1443 942 1582 1010 quod
1614 945 1668 998 in
1698 949 1792 997 tua

180 1030 368 1084 situm
398 1039 480 1085 est
508 1028 747 1101 dioecesi,
768 1031 836 1087 ab
853 1033 1106 1103 episcopo
1134 1031 1312 1090 Euria:
1333 1031 1361 1071 ἀ
1385 1033 1613 1090 civitatis
1644 1037 1791 1103 prius

176 1119 289 1175 vel
322 1121 483 1176 modo
512 1122 620 1178 sint
650 1134 767 1177 acta
794 1124 1166 1194 cognovimus,
1192 1136 1245 1180 et
1276 1126 1574 1181 contristati
1603 1142 1790 1183 sumus

176 1216 343 1280 quod
374 1212 425 1266 hi
454 1213 545 1283 qui
574 1213 826 1269 Ecclesiae
854 1225 956 1270 tuze
988 1230 1083 1286 pro
1126 1214 1368 1288 impensa
1397 1217 1497 1272 sibi
1529 1218 1790 1274 charitate

175 1304 472 1362 debitores
501 1321 621 1363 esse
645 1307 965 1376 debuerant,
989 1309 1038 1364 ei
1065 1309 1267 1364 inimici
1298 1311 1468 1381 magis
1490 1310 1610 1367 fieri
1637 1312 1786 1368 nullo

180 1407 333 1454 sunt
379 1399 584 1470 pudore
615 1402 910 1470 prohibiti;
943 1403 1174 1473 denique
1205 1411 1262 1458 ut
1305 1413 1491 1459 contra
1524 1405 1783 1461 ecclesia-

178 1494 394 1548 sticam
444 1495 862 1563 ordinationem,
912 1506 1100 1552 contra
1146 1496 1538 1554 sacerdotalem
1597 1500 1785 1554 mode-

179 1583 378 1650 stiam,
412 1594 595 1641 contra
627 1602 903 1644 sacrorum
933 1604 1198 1645 canonum
1222 1599 1440 1657 statuta,
1473 1593 1785 1661 praedictum

179 1686 438 1733 castrum
468 1677 536 1734 de
559 1679 932 1748 iurisdictione
961 1691 1046 1737 tua
1083 1682 1379 1748 abducere,
1410 1699 1473 1738 ac
1498 1700 1608 1739 suae
1633 1686 1785 1740 moli-

1897 471 2127 529 habeant
2152 475 2479 531 recondendi
2519 476 2699 532 debita
2748 493 2869 533 cum
2922 481 3268 538 veneratione
3316 483 3483 540 licen-

1895 566 2042 621 tiam.
2072 566 2161 622 Sic
2189 575 2363 622 tamen
2402 577 2462 622 ut
2490 566 2767 624 dilectioni
2797 577 2923 636 tuae,
2953 569 3006 624 in
3035 569 3187 641 cujus
3219 575 3476 641 parochia

1893 668 2130 712 castrum
2162 658 2333 727 ipsum
2371 664 2451 712 est
2483 657 2739 726 positum,
2775 658 2968 714 emissa
2999 672 3316 730 procuretur
3350 678 3476 719 cau-

1897 747 2043 802 tione
2072 747 2320 814 munitio,
2345 763 2440 817 per
2467 763 2623 818 quam
2671 749 2946 818 promittat
2992 752 3274 822 episcopus
3304 753 3482 809 Euria:

1901 839 2098 894 nullam
2151 839 2249 894 sibi
2294 839 2349 893 in
2397 855 2464 895 eo
2512 850 2854 910 potestatem,
2889 843 3090 898 nullum
3151 843 3482 917 privilegium

1893 931 2026 997 fore,
2050 932 2248 986 nullam
2269 931 2725 1001 jurisdictionem,
2781 935 2982 989 nullam
3023 943 3273 1005 tanquam
3304 947 3330 987 ε
3359 953 3482 994 car-

1892 1023 2085 1079 dinalis
2111 1024 2390 1094 episc0pus
2441 1025 2662 1081 ulterius
2709 1029 3081 1083 auctoritatem
3130 1029 3462 1101 defendere;

1891 1117 1987 1172 sed
2013 1131 2143 1186 pace
2168 1116 2280 1172 Deo
2308 1117 2540 1186 propitio
2571 1117 2798 1188 reddita,
2829 1120 3005 1176 ablato
3030 1124 3323 1180 venerabili
3355 1140 3481 1180 san-

1891 1204 1962 1260 cti
1991 1205 2202 1270 Donati,
2227 1204 2271 1259 si
2304 1204 2612 1274 maluerint,
2645 1221 2892 1276 corpore,
2927 1207 2992 1262 ad
3023 1211 3238 1278 propria
3269 1224 3329 1265 se
3361 1227 3481 1288 mo-

1893 1296 1978 1353 dis
2006 1298 2259 1352 oninibns
2286 1312 2620 1353 reversuros.
2657 1296 2723 1352 Ut
2761 1299 2917 1364 hujus
2948 1301 3320 1370 promissionis
3353 1318 3479 1372 per-

1889 1388 2110 1443 sistente
2133 1387 2412 1456 memoria,
2447 1401 2545 1442 nec
2593 1387 2668 1443 illi
2718 1387 2929 1460 1266
2965 1390 3034 1446 de
3079 1401 3274 1447 caetero
3327 1393 3482 1464 quid-

1890 1495 2048 1550 quam
2076 1479 2177 1534 sibi
2199 1479 2313 1535 illic
2343 1479 2708 1550 principaliter
2731 1495 3054 1552 quacunque
3073 1486 3356 1541 occasione
3381 1502 3481 1541 au-

1889 1567 2051 1624 deant
2079 1570 2380 1635 vindicare,
2419 1570 2512 1625 sed
2546 1571 2690 1627 omni
2737 1587 2796 1628 se
2840 1582 3080 1644 tempore
3111 1590 3232 1632 esse
3278 1576 3478 1633 ibidem

1892 1662 2130 1728 hospites
2161 1671 2566 1732 recognoscant,
2592 1671 2646 1719 et
2674 1665 3026 1722 fraternitatis
3076 1676 3179 1722 ture
3231 1668 3475 1724 Ecclesia

181 1779 389 1824 rentur
437 1773 689 1841 potestati
737 1773 1032 1843 subjicere,
1062 1784 1120 1829 ut
1163 1774 1354 1830 fierent
1396 1777 1789 1844 quodammodo
1817 1753 2024 1850 Βίίπίδ
2050 1755 2132 1810 vel
2159 1755 2535 1850 p’iwegijsui
2564 1757 2616 1811 ί¹¹
2663 1759 2896 1828 qualum
2924 1771 3078 1830 Ρθηθ
3107 1762 3474 1834 Primumdum

181 1857 424 1927 domini,
470 1860 558 1915 ubi
612 1862 759 1931 prius
809 1865 1042 1933 suscepti
1075 1863 1285 1920 fuerant
1336 1867 1626 1938 peregrini.
1669 1868 1784 1934 Qua

175 1949 264 2006 de
294 1967 353 2008 re
382 1953 633 2023 quoniam
662 1954 927 2024 Andreas,
952 1956 1274 2014 venerabilis
1315 1961 1589 2014 memoriae
1619 1960 1784 2017 frater

174 2055 400 2114 noster,
432 2043 832 2117 Nicopolitanus
859 2051 1216 2120 tuetropolita,
1238 2052 1516 2109 adnitente
1540 2055 1640 2110 sibi
1659 2071 1784 2125 quo-

175 2155 303 2210 que
335 2149 360 2178 ο
399 2141 679 2210 principali
723 2141 988 2212 iussione,
1040 2146 1094 2199 in
1141 2161 1244 2215 qua
1296 2146 1346 2202 ei
1397 2162 1572 2202 causae
1621 2147 1780 2218 hujus

179 2231 377 2288 fuerat
405 2234 645 2304 injuncta
672 2235 930 2305 cognitio,
961 2238 1190 2308 prolata,
1221 2240 1362 2296 sicut
1405 2241 1558 2295 nobis
1589 2243 1774 2312 patuit,

179 2325 432 2380 noscitur
457 2327 708 2382 statuisse
737 2329 1005 2384 sententia
1052 2331 1346 2388 antefatum
1391 2334 1638 2402 Cassiopi
1689 2351 1780 2388 ca-

173 2427 361 2472 strum
386 2421 482 2473 sub
500 2419 874 2488 jurisdictione
905 2422 1157 2478 Ecclesia:
1186 2425 1776 2494 tu:e,quemadmodum

172 2526 406 2581 semper
436 2513 553 2580 fuit,
583 2512 781 2571 debere
805 2516 1114 2586 persistere,
1135 2518 1360 2573 formam
1382 2520 1626 2590 ejusdem
1655 2538 1777 2576 sen-

175 2607 374 2661 tentia:
415 2607 853 2676 comprobantes,
901 2611 1218 2679 apostolica:
1262 2614 1406 2669 sedis
1455 2614 1776 2671 auctoritate

172 2713 307 2754 eam
340 2698 549 2755 favente
572 2700 779 2770 justitia
801 2704 1184 2760 confirmamus
1204 2744 1222 2773 ,
1249 2715 1410 2778 atque
1458 2725 1552 2777 per
1597 2713 1774 2766 omnia

175 2791 464 2847 robustam
499 2808 716 2850 manere
757 2795 1120 2852 decernimus.
1149 2798 1281 2853 Nam
1333 2801 1475 2855 nulla
1506 2805 1774 2872 mquitatis

177 2884 350 2949 ratio,
384 2884 564 2939 nullus
593 2900 856 2941 canonum
888 2887 1024 2942 ordo
1054 2891 1325 2945 consentit
1355 2901 1415 2946 ut
1458 2895 1770 2962 parochiam

176 2979 405 3034 alterius
433 2981 565 3034 alter
594 2979 778 3051 aliquo
805 2981 965 3037 modo
987 2981 1180 3039 debeat
1209 2999 1495 3055 occupare.
1529 2987 1678 3043 Unde
1711 2990 1774 3045 Ii-

173 3085 274 3130 cet
298 3074 689 3131 districtionem
718 3087 902 3132 contra
925 3093 984 3133 se
1007 3094 1112 3134 non
1137 3081 1405 3136 modicam
1437 3083 1593 3154 hujus
1620 3087 1768 3155 litigii

1891 1865 1996 1904 non
2019 1851 2269 1905 incurrat.
2300 1847 2328 1886 ιι
2361 1847 2520 1922 (Vide
2546 1851 2646 1922 inf.
2676 1868 2794 1922 epp.
2827 1851 2860 1906 8
2887 1862 2935 1909 et
2966 1853 3076 1925 15.)

2421 1962 2754 2019 EPISTOLA
2786 1963 2919 2021 VIII.

2312 2094 2380 2134 Δί)
2408 2093 2727 2134 Βοκιηοιυιι
2766 2096 3051 2138 DIAGONUH.

1882 2190 2031 2260 Apud
2056 2190 2410 2270 imperatorem
2437 2203 2556 2270 agat
2577 2203 2666 2270 Διιι,
2698 2195 2988 2270 subreptam
3013 2197 3075 2251 de
3099 2194 3330 2270 Cassiepi
3359 2216 3473 2255 cas-

1949 2258 2331 2344 trojussionerrt
2386 2258 3048 2331 resEindens,‘sententiam
3096 2286 3243 2323 suam
3276 2258 3469 2327 'servars'

1949 2343 2233 2403 ρηεειριαι.

1950 2423 2238 2494 Gregorius
2276 2434 2302 2463 ιι
2335 2425 2608 2482 Bonifacio
2691 2427 2920 2485 diacono
2977 2429 3467 2502 Constantinopoli.

1961 2517 2181 2584 Quoties
2206 2532 2303 2573 nos
2331 2533 2517 2574 eorum
2547 2519 2813 2575 discordia
2838 2521 3015 2578 tristes
3049 2522 3178 2577 facit.
3205 2523 3294 2593 qui
3320 2527 3470 2592 pacis

1881 2611 2253 2681 praedicatores
2292 2627 2414 2668 esse
2468 2614 2783 2681 debuerant,
2840 2630 3029 2685 magna
3091 2617 3460 2673 sollicitudine

1877 2701 2198 2756 studendum
2231 2713 2310 2756 est
2340 2712 2416 2770 ut,
2447 2703 2599 2773 litigii
2631 2702 2656 2740 ι)
2708 2706 2890 2759 ablata
2922 2707 3167 2776 materia,
3222 2706 3290 2762 ad
3329 2724 3464 2764 con-

1876 2793 2114 2847 cordiam
2148 2791 2370 2848 redeant
2424 2796 2515 2864 qui
2568 2794 2782 2850 diversa
2812 2797 2878 2850 ab
2930 2797 3154 2852 invicem
3185 2798 3460 2854 voluntate

1875 2885 2202 2940 discordant.
2237 2886 2365 2953 Quae
2399 2885 2558 2955 igitur
2583 2886 2650 2942 de
2675 2887 2923 2958 Cassiopi
2976 2901 3173 2957 castro,
3210 2892 3348 2958 quod
3405 2893 3460 2948 in

1876 2975 2043 3029 insula
2075 2976 2310 3046 Corcyra
2339 2986 2422 3031 est
2451 2977 2704 3047 positum,
2754 2988 2871 3032 acta
2924 2979 3052 3047 sint,
3087 2980 3378 3048 qualiterve
3408 2981 3462 3038 id

1875 3069 2339 3139 dejurisdictione
2365 3069 2698 3140 Corcyritani
2715 3071 2946 3140 episcopi
2969 3071 3250 3141 episcopus
3281 3073 3460 3129 Euria:

173 3166 341 3234 culpa
372 3167 614 3222 videatur
634 3170 869 3239 exigere,
900 3181 1115 3240 ρι-οριει-
1143 3173 1284 3243 quod
1316 3174 1382 3230 ab
1405 3176 1483 3232 eis
1514 3178 1649 3232 map,
1674 3194 1769 3247 pro
1799 3183 1845 3248 ρ
1877 3161 2123 3218 moliatur
2152 3164 2488 3228 subtrahere,
2551 3172 2606 3218 et
2660 3178 2771 3219 sua:
2817 3165 3060 3234 nequiter
3106 3165 3466 3234 jurisdictioni

173 3259 344 3314 bonis
378 3259 486 3313 sint
530 3259 757 3328 reddita,
785 3263 1106 3318 studendum
1136 3273 1314 3320 tamen
1341 3277 1424 3322 est
1453 3279 1509 3323 ut
1536 3284 1769 3327 excesm

177 3350 204 3389 ί
244 3350 541 3419 benignitas
573 3368 678 3407 non
718 3353 981 3421 vincatur,
1009 3369 1107 3411 nec
1153 3357 1282 3412 illud
1309 3358 1452 3427 quod
1496 3363 1767 3420 extraneis

171 3444 409 3502 debetur
441 3446 690 3500 fratribus
724 3447 882 3502 etiam
912 3451 1287 3507 necessitatem
1318 3453 1642 3522 patientibus
1670 3456 1764 3511 de-

178 3546 432 3607 negetur,
454 3554 520 3594 ne
547 3539 676 3594 nihil
701 3542 932 3597 Charitas
953 3557 1114 3612 agere
1144 3543 1198 3598 in
1221 3545 1592 3616 episcoporum
1625 3566 1768 3606 ruen-

178 3634 329 3690 tibus
351 3633 638 3705 judicetur,
667 3637 713 3690 si
743 3635 860 3692 sine
889 3638 1270 3694 consolationis
1301 3642 1539 3697 remedio
1565 3643 1616 3697 hi
1646 3645 1765 3712 qui-

171 3727 286 3781 bus
339 3741 529 3797 magna
584 3737 666 3783 est
721 3729 965 3785 habenda
1017 3733 1322 3801 compassio
1377 3733 1762 3804 relinquantur.

173 3820 409 3889 Oportet
439 3836 570 3891 ergo
608 3833 666 3876 ut
697 3823 1005 3879 sacerdotes
1027 3827 1110 3880 vel
1141 3826 1316 3882 clerus
1341 3827 1514 3882 Euria:
1537 3829 1767 3888 civitatis

175 3914 254 3967 ab
283 3915 503 3971 antefati
533 3917 775 3989 Cassiopi
800 3919 963 3976 castri
999 3921 1325 3977 habitatione
1355 3925 1657 3980 nullatenus
1686 3943 1770 3980 re-

175 4008 472 4080 pellantur,
505 4010 599 4066 sed
620 4021 674 4066 et
704 4013 845 4067 beati
882 4013 1070 4066 Donati
1102 4023 1345 4070 sanctum
1375 4032 1437 4071 ac
1464 4019 1770 4077 venerabile

172 4115 399 4170 corpus,
432 4103 573 4172 quod
627 4117 808 4159 secum
851 4103 1179 4173 detulerunt,
1215 4105 1268 4159 in
1297 4121 1399 4162 una
1419 4109 1767 4166 ecclesiarum

173 4220 374 4295 legitur
397 4217 636 4285 Corsicae,
668 4235 768 4295 pro
806 4219 1071 4295 Corcyraz.
1105 4220 1197 4276 sed
1228 4222 1519 4290 mendose;
1567 4227 1656 4295 qui
1688 4243 1774 4281 er-

174 4307 282 4344 ror
307 4293 358 4344 in
403 4291 854 4361 consequentibus
882 4294 1218 4347 emendatur.
1253 4296 1453 4350 Omnes
1481 4291 1602 4351 cuni
1649 4298 1776 4352 Col-

177 4361 430 4438 pertinis.
461 4361 652 4438 finem.
685 4373 737 4416 et
769 4364 938 4438 tribus
969 4363 1140 4438 Va_tic.
1176 4365 1377 4422 habent
1405 4368 1678 4438 Alcysoni.
1713 4370 1772 4426 In

175 4432 354 4488 Vatic.
390 4432 452 4499 Β,
479 4433 715 4488 Mariano
745 4435 983 4502 episcopo
1015 4435 1294 4491 Ravennaa.

256 4504 549 4577 {Ecclesia
577 4509 778 4575 regitur
798 4522 1021 4561 canone.
1060 4505 1304 4562 Canones
1334 4516 1509 4563 autem
1536 4511 1761 4577 crebris,

177 4583 241 4630 ut
266 4575 342 4640 fit,
368 4576 855 4642 dispensationibus
877 4579 1203 4639 sanciantur,
1223 4579 1507 4645 vilescunt,
1526 4575 1771 4635 content-

177 4657 401 4703 nuntur.
444 4641 496 4701 Id
528 4663 656 4702 vero
691 4649 909 4715 mirum,
944 4649 991 4703 si
1017 4651 1154 4704 forte
1179 4649 1388 4704 cuidam
1419 4641 1595 4707 minus
1623 4653 1770 4708 fave-
1796 4641 1853 4704 Ι)

180 4735 325 4784 mus,
351 4721 681 4796 gpponitnus
709 4734 980 4796 canones;
1030 4719 1218 4796 favere
1259 4723 1318 4796 si
1349 4721 1515 4796 lubet,
1550 4725 1770 4796 negligi-

182 4805 324 4863 mus.
351 4789 573 4846 Profero
602 4791 834 4860 exempli
865 4806 1024 4846 causa
1049 4790 1242 4863 concil.
1277 4789 1446 4852 Trid..
1481 4789 1771 4863 cujus'dis-

180 4862 433 4932 ciplinam
483 4877 624 4917 nunc
674 4863 1006 4919 vindicamus
1056 4861 1269 4928 acriter,
1315 4880 1457 4920 nunc
1513 4861 1770 4923 violamus

180 4934 401 5002 impune
424 4950 516 5002 pro
539 4935 709 4988 Iibito.
735 4935 1002 4993 Gnssanv.

256 5015 292 5080 ¢_
310 5006 463 5080 Nunc
489 5020 654 5080 pagus
679 5004 844 5080 Epiro
865 5006 1119 5080 adjacens
1146 5005 1198 5080 in
1220 5022 1312 5080 ora
1335 5005 1539 5080 boreali
1566 5010 1770 5080 Corcy-

178 5093 252 5130 rae
281 5077 470 5132 insulae
500 5077 564 5132 ad
595 5091 746 5133 mare
785 5077 990 5133 Ionium
1020 5077 1122 5131 sub
1149 5078 1385 5133 dominio
1416 5077 1767 5136 Venetorum.

176 5147 444 5205 Gussanv.

249 5217 277 5256 ά
302 5219 359 5274 In
395 5221 636 5284 Excusis,
670 5221 944 5279 mendose.
980 5219 1221 5276 Isauriae.
1258 5220 1310 5274 In
1349 5221 1597 5276 omnibus
1631 5221 1761 5276 Mss.

179 5291 409 5359 Anglic.,
459 5291 666 5355 Norm.,
713 5300 768 5346 et
818 5295 870 5346 in
903 5292 1072 5347 Vatie.
1123 5292 1187 5358 F,
1239 5293 1434 5360 legitur
1483 5291 1674 5345 [ξω-ἰαί.
1708 5292 1767 5348 In

178 5361 439 5434 golbertq
474 5363 641 5434 Hegio
684 5373 738 5417 et
765 5364 956 5418 Ithem.
1005 5378 1210 5417 necnon
1263 5364 1313 5417 in
1361 5364 1528 5417 tribus
1562 5363 1757 5428 \’atic.,

177 5431 407 5487 Eurisste
432 5431 669 5500 civitatis,
700 5435 839 5502 quod
868 5435 1010 5490 idem
1041 5442 1141 5488 est.
1177 5434 1372 5488 Eadem
1405 5434 1561 5488 lectio
1585 5449 1766 5502 perse-

179 5513 331 5559 verat
378 5507 430 5560 in
482 5507 826 5576 sequentibus
881 5507 1142 5575 epistolis.
1197 5507 1268 5560 Ita
1318 5503 1598 5575 legendum
1643 5521 1765 5561 esse

177 5578 453 5631 annotavit
481 5575 722 5632 eruditus
753 5578 1060 5634 Ilolstenius
1091 5576 1142 5631 in
1175 5575 1372 5645 Geogr.
1414 5578 1592 5631 Sacra:
1639 5591 1759 5646 pag.

182 5648 301 5701 H7.
332 5650 485 5702 Euria
509 5660 706 5711 autem,
737 5650 878 5702 Italis
906 5651 1014 5705 San
1040 5649 1266 5714 Donato,
1292 5650 1419 5703 urbs
1440 5648 1608 5716 Epiri,
1634 5650 1762 5704 olim

181 5723 515 5787 €'-=sc0na|is,
551 5721 704 5787 cujus
728 5721 1008 5790 cpiscopus
1032 5722 1238 5776 Marcus
1271 5721 1459 5774 Eurias
1486 5720 1760 5787 subscrip—

177 5813 243 5846 δη
271 5793 491 5850 -:oncilio
517 5792 870 5861 Chalcedon.,
912 5802 1016 5850 act.
1052 5793 1103 5864 I,
1136 5803 1189 5850 et
1215 5791 1529 5854 Theodorus
1551 5793 1747 5849 concii.

1876 3255 2161 3323 subjicere,
2191 3255 2345 3310 valde
2398 3254 2661 3324 prolixum
2693 3265 2775 3311 est
2804 3256 3005 3312 dicere.
3036 3257 3139 3312 Sed
3188 3257 3464 3313 dilectioni

1877 3356 1978 3401 tuae
2009 3355 2064 3400 ut
2091 3354 2279 3402 cuncta
2310 3345 2586 3400 subtiliter
2612 3346 3056 3416 comprehendat,
3089 3343 3266 3402 fratris
3296 3347 3466 3403 nostri

1875 3440 2158 3510 Ait-ysonis
2210 3439 2448 3508 episcopi
2491 3439 2741 3509 Corcyrae
2790 3441 2989 3510 scripta
3047 3441 3465 3510 transmisimus,

1875 3543 2034 3605 atque
2086 3535 2202 3605 ejus
2234 3535 2342 3588 illic
2382 3535 2563 3590 venire
2594 3535 2863 3592 hominem
2905 3537 3149 3605 fecimus,
3179 3539 3267 3608 qui
3299 3535 3464 3596 etiam

1875 3632 2040 3685 verbo
2068 3630 2323 3685 minutius
2355 3639 2407 3686 te
2456 3633 2524 3686 ad
2554 3632 2759 3703 singula
2785 3632 2962 3701 possit
3011 3633 3299 3686 instruere.
3357 3630 3471 3686 Hoc

1873 3730 2049 3777 tamen
2079 3721 2313 3777 breviter
2342 3722 2658 3789 indicamus,
2683 3734 2704 3762 ε
2731 3722 2852 3792 quia
2873 3721 3002 3778 dum
3029 3722 3281 3777 Mauricio
3297 3736 3473 3792 quon-

1872 3813 1994 3870 dam
2027 3814 2335 3884 imperatori
2368 3824 2510 3870 esset
2555 3815 2606 3869 iti
2634 3813 2999 3884 prrejudicium
3052 3811 3305 3869 Ecclesia:
3330 3813 3469 3869 Cor-

1876 3907 2134 3975 cyritanae
2159 3905 2494 3974 subreptum,
2545 3920 2644 3960 nec
2682 3903 2856 3975 jussio
2906 3903 3044 3974 ejus,
3097 3904 3292 3974 quippe
3347 3916 3470 3972 quas

1874 4007 2056 4054 contra
2084 3999 2229 4071 leges
2251 4006 2307 4054 et
2335 4012 2515 4054 sacros
2543 4013 2776 4054 canones
2804 3998 2926 4052 data
2958 3997 3149 4064 fuerat,
3182 3995 3462 4052 habuisset

1872 4092 2145 4162 effectura,
2179 4100 2234 4149 et
2286 4091 2519 4149 indecisa
2559 4092 2698 4147 inter
2744 4101 2924 4162 partes
2945 4090 3221 4147 contentio
3251 4104 3468 4145 reman-

1879 4229 2158 4309 gonstant.
2186 4229 2285 4285 sub
2309 4229 2514 4309 Menna.
2538 4228 2790 4309 Ejusdem
2818 4229 3098 4309 episcopus
3122 4226 3221 4280 fuit
3239 4236 3469 4309 sanctus

1883 4301 2120 4357 Donatus
2169 4314 2409 4371 tempore
2453 4302 2672 4359 Honorii
2704 4317 2874 4371 papae,
2905 4299 3051 4354 unde
3099 4310 3156 4352 et
3203 4299 3253 4352 ei
3302 4299 3464 4365 hodie

1877 4387 2096 4427 nomen.

1952 4453 1976 4480 θ
2010 4441 2325 4513 Principalis
2355 4443 2530 4515 jussio
2552 4451 2634 4498 est
2658 4441 2832 4512 jussio
2862 4437 3141 4512 principis,
3167 4450 3262 4492 seu
3297 4436 3470 4508 impe-

1877 4517 2091 4570 ratoris.

1953 4587 1973 4624 τ
2012 4586 2181 4640 Vatic.
2227 4586 2269 4639 Α
2307 4594 2360 4639 et
2407 4585 2449 4638 F
2489 4595 2545 4639 ut
2582 4599 2843 4638 excessum
2885 4581 3170 4652 benignitas
3209 4596 3310 4632 non
3356 4581 3470 4634 rin-

1877 4658 2026 4711 dicet.
2068 4657 2236 4711 Vatic.
2272 4657 2311 4710 ι)
2334 4697 2348 4720 ,
2385 4665 2438 4708 ut
2468 4671 2727 4709 excessum
2752 4671 2853 4706 non
2883 4654 3116 4707 videatur
3144 4660 3463 4723 perpetrare.

1947 4738 1972 4776 Β
2005 4727 2058 4782 Id
2094 4741 2206 4793 est,
2258 4726 2512 4788 titularis,
2557 4727 2667 4779 sive
2713 4723 3048 4794 principalis,
3104 4722 3257 4794 utAin
3301 4723 3463 4788 epist.

1875 4816 2014 4868 seq.,
2045 4799 2154 4852 sive
2186 4792 2450 4863 prOprius,
2485 4805 2542 4850 ut
2571 4792 2728 4876 epist;
2753 4797 2814 4876 .8,
2844 4810 3000 4876 nunc.
3023 4795 3130 4876 13..
3155 4792 3464 4876 Gyssanyzi

1950 4864 1975 4908 Β
2009 4871 2065 4943 In
2094 4871 2331 4924 Colbert.
2365 4876 2470 4943 vet.
2495 4880 2547 4921 et
2572 4869 2621 4943 in
2651 4866 2894 4943 Yat_ic.__A
2937 4875 2991 4943 et
3023 4865 3081 4943 If,
3117 4864 3332 4943 legitur,
3353 4864 3468 4943 iniu

1879 4943 1951 4996 tio
1979 4942 2164 5010 epist.,
2208 4955 2379 4993 mense
2407 4938 2703 5002 Novembri,
2737 4937 2921 4992 indict.
2947 4937 2998 4990 7.
3029 4934 3085 4990 In
3134 4935 3240 4988 alio
3267 4933 3464 5000 Vatic.,

1876 5029 2043 5067 mense
2074 5011 2302 5075 Octobri,
2334 5020 2440 5064 etc.

1948 5086 2120 5138 Ertsr.
2175 5082 2284 5152 VIII
2331 5081 2434 5151 [ΑΙ.
2479 5080 2565 5152 5].,
2599 5112 2685 5152 -ᾃ
2714 5089 2740 5117 ⁸
2787 5079 2955 5152 De_eo
2996 5093 3176 5152 supra,
3218 5078 3310 5152 lib.
3343 5093 3464 5152 xm,

1874 5156 2050 5230 ερὶει.Δ
2076 5152 2165 5207 58.
2203 5149 2356 5208 Prius
2403 5149 2531 5204 non_
2556 5149 3341 5230 legebatur‘QOitstantinopoliL
3367 5150 3466 5205 sed

1874 5221 1929 5278 ut
1952 5225 2236 5280 adderetur
2289 5231 2668 5292 persuaserunt
2689 5222 2814 5277 Mss.
2842 5221 3049 5286 Nortn.,
3079 5221 3275 5288 Vatic.,
3304 5221 3460 5290 ἣδε..

1871 5296 2451 5431 ϐοέδιῖὲίέὲηῗῗάῡιαω
2481 5364 2745 5418 memoria.
2790 5363 2960 5417 Secus
3000 5360 3054 5414 in
3089 5362 3214 5415 Mss.
3245 5361 3457 5427 Norm.,
3521 5344 3525 5416 ζ

1873 5449 2098 5507 utroque
2129 5437 2435 5501 Rhemensi,
2470 5432 2732 5502 Colbert.,
2758 5443 2846 5489 etc
2875 5474 2890 5501 ,
2917 5431 3007 5488 ubi
3037 5433 3228 5503 legitur
3249 5434 3463 5486 materia
3513 5435 3526 5488 Δ

1891 5526 1950 5563 ΓΟΙ
1980 5526 2221 5563 ηιαιεηω.

1891 5526 1932 5561 ’ξ
1980 5528 2009 5560 n
2113 5527 2134 5561 r
2207 5548 2221 5563 .

1871 5509 1966 5619 “lc
2001 5518 2366 5640 Iliaelge‘tiztiores,
2399 5577 2521 5644 quia
2541 5575 2664 5629 dum
2694 5573 2950 5630 Mauricio
2979 5580 3159 5644 imper.
3193 5588 3300 5628 esse
3327 5588 3460 5642 quo-

1867 5653 2075 5780 ﬂmjn
2131 5643 2470 5724 prwjudicio;
2523 5648 2722 5722 spretis
2762 5643 3199 5705 imtnerito'Mss.
3243 5655 3298 5702 et
3344 5643 3464 5699 Vet.

1954 5738 2060 5780 IIIS.

1954 5738 2060 5783 IIIS.
