3928 6342
449 242 581 299 1511

1664 246 1905 303 SANCTI
1943 241 2269 299 GREGORII
2307 243 2519 299 MAGNI

3556 250 3697 307 ηιξ

439 357 599 412 sisset
630 354 654 394 ι¹
680 358 837 412 aliam
868 358 1015 413 illum
1062 358 1127 413 ad
1178 358 1444 414 Andream
1484 358 1748 429 quondam
1799 358 2013 413 fratrem
2043 368 2091 427 Α
2119 364 2178 412 ut
2205 370 2302 411 nec
2334 356 2492 410 modo
2522 358 2769 412 voluntas
2788 372 2972 415 eorum
2990 359 3079 429 qui
3103 373 3355 429 perversa
3376 360 3693 429 moliuntur,

438 460 680 505 nostrum
714 460 835 505 tunc
862 451 1286 521 Nic0politanum
1314 450 2013 520 metrOpolitamjussionem

437 542 675 607 dedisse,
708 553 769 599 ut
796 546 1043 611 quoniam
1072 554 1293 613 utraque
1319 558 1439 611 pars
1468 544 1583 612 ejus
1621 542 2004 612 eratjurisdic-

447 635 576 689 tioni
604 635 867 705 subjcCta,
899 635 1011 704 ipse
1039 634 1173 689 hanc
1201 650 1415 688 causam
1454 648 1777 701 cognoscere
1800 643 1854 688 et
1894 634 2010 689 ﬁni-

440 741 503 782 re
525 726 782 781 canonice
805 726 1093 780 debuisset.
1116 726 1214 793 Qui
1241 726 1596 795 metropolita,
1615 727 1827 795 cognita
1851 740 2012 781 causa

440 820 750 888 prolataque
780 821 1063 885 sententia,
1097 819 1247 886 cujus
1274 818 1364 872 tibi
1394 817 1715 887 exemplaria
1745 818 2009 887 misimus,

438 910 747 980 praedictum
774 908 1010 978 Cassiopi
1032 917 1265 964 castrum
1311 909 1413 964 sub
1470 918 1729 976 potestate
1760 924 1822 963 ac
1847 910 2011 978 juris-

438 1003 673 1059 dictione
699 1001 1029 1073 Corcyritani
1058 1002 1331 1070 episcopi,
1376 1000 1527 1069 cujus
1566 1010 1620 1055 et
1667 1016 1875 1068 semper
1915 1000 2012 1054 fuit

438 1094 703 1157 dimcesis,
731 1108 849 1149 esse
878 1094 1137 1148 distinxit.
1162 1094 1331 1159 Quam
1372 1108 1466 1147 nos
1516 1094 1833 1147 sententiam
1858 1108 2003 1145 com-

438 1189 749 1259 probantes,
797 1187 1101 1257 apostolica:
1142 1187 1284 1241 sedis
1317 1186 1630 1239 auctoritate
1674 1184 2013 1253 praevidimus

436 1279 877 1336 conﬁrmandam.
952 1278 1017 1333 Et
1072 1294 1139 1332 ne
1197 1293 1256 1332 ea
1307 1292 1425 1345 qua:
1482 1277 1863 1346 decrevimus,
1938 1279 2010 1331 ita

442 1372 744 1443 potuissent
781 1385 901 1425 esse
921 1369 1181 1432 districta,
1214 1378 1272 1423 ut
1292 1367 1421 1422 nihil
1452 1368 1790 1436 benignitatis
1818 1368 2013 1423 habere

439 1464 717 1519 videretur
744 1462 1055 1527 admisturn,
1087 1476 1229 1515 cura-
1260 1462 1412 1515 nobis
1443 1459 1540 1513 fuit
1569 1461 1636 1513 ita
1668 1475 1880 1514 causam
1913 1474 2011 1528 pro

435 1563 676 1624 tempore
707 1554 1011 1622 disponere,
1044 1552 1478 1609 sicutsenlentim
1508 1560 1725 1617 nostrae,
1757 1568 1914 1621 quam
1941 1553 2006 1605 ad

434 1654 491 1703 te
518 1648 778 1711 misimus,
822 1654 999 1700 textus
1024 1647 1278 1710 ostendit,
1306 1654 1364 1700 ut
1392 1660 1560 1715 neque
1589 1644 1893 1714 episcopus,
1926 1645 2009 1698 vel

2117 446 2313 515 aliquid
2357 457 2540 501 contra
2570 450 2843 518 antiquum
2872 452 3251 506 ecclesiasticae
3291 452 3698 508 consuetudinis

2116 548 2311 594 statum
2335 539 2591 610 obtineat,
2624 556 2724 598 nec
2751 550 2871 613 post
2896 543 2962 600 ad
3001 545 3302 615 exemplum
3333 560 3419 601 res
3470 546 3697 601 nefanda

2117 633 2375 703 proﬁciat.

2188 723 2395 791 Quanta
2420 735 2679 795 praeterea
2732 729 2894 797 mala,
2937 738 3267 801 quantasque
3310 730 3699 799 oppressiones

2113 817 2505 885 suprascriptus
2533 819 2785 887 Alcyson,
2819 821 2979 877 frater
3004 830 3058 877 et
3083 825 3439 891 coepiscOpus
3490 833 3698 889 noster,

2113 906 2181 961 ab
2252 907 2555 963 actionariis
2622 910 2877 965 Ecclesiae
2935 912 3427 969 Thessalonicensis
3494 925 3701 967 asserat

2114 999 2397 1065 sustinere,
2458 1010 2512 1055 ut
2542 1002 2715 1069 possis
2730 1018 3070 1072 cognoscere,
3113 1005 3280 1072 ipsam
3304 1020 3467 1073 quam
3510 1004 3577 1055 ad
3602 1018 3701 1056 nos

2115 1092 2257 1145 misit
2283 1093 2558 1160 epistolam
2606 1094 2876 1150 dilectioni
2902 1106 3002 1149 tute
3025 1096 3438 1151 transmisimus.
3466 1094 3701 1165 ideoque

2115 1186 2381 1253 praedictae
2412 1186 2664 1242 Ecclesiae
2696 1190 3061 1257 responsalem
3092 1190 3273 1245 venire
3299 1189 3366 1243 ad
3397 1198 3452 1243 te
3504 1188 3700 1251 facito,

2115 1285 2271 1345 atque
2297 1292 2509 1331 causam
2535 1278 2649 1347 ipso
2677 1288 2938 1347 praesente
2958 1294 3241 1349 cognosce,
3266 1289 3323 1334 et
3348 1280 3417 1334 de
3450 1279 3702 1346 capitulis

2113 1368 2304 1435 quibus
2336 1377 2386 1421 te
2408 1370 2545 1422 ratio
2575 1372 2800 1424 moverit
2851 1371 2997 1423 fratri
3049 1380 3101 1425 et
3140 1371 3469 1441 coepiscopo
3516 1381 3701 1425 nostro

2114 1458 2344 1514 Eusebio
2372 1462 2568 1525 scribe,
2596 1470 2651 1515 ut
2674 1464 2914 1517 homines
2939 1477 3064 1518 suos
3084 1479 3243 1534 agere
3273 1466 3480 1533 injusta
3516 1466 3703 1535 probi-

2114 1551 2273 1616 beat,
2309 1560 2361 1605 et
2388 1552 2624 1606 minores
2670 1567 2774 1605 non
2808 1569 3073 1621 premere,
3106 1555 3198 1608 sed
3230 1555 3401 1624 magis
3429 1556 3487 1609 in
3517 1558 3708 1625 quibus

2107 1644 2307 1714 justum
2337 1642 2493 1697 fuerit
2538 1655 2748 1699 moneat
2768 1645 3035 1729 adjuvare.
3061 1646 3170 1700 Hoc
3190 1662 3405 1717 quoque
3434 1648 3705 1703 volumus.

432 1738 609 1795 clerus
684 1738 858 1792 Eurize
936 1737 1165 1793 civitatis
1225 1737 1595 1791 necessitatem
1666 1735 2007 1789 habitationis
2044 1746 2171 1812 But
2198 1736 2244 1789 ei
2269 1736 2355 1803 qui
2384 1735 2435 1789 in
2492 1736 2707 1790 civitate
2754 1735 3117 1806 Nicopolitana
3162 1739 3512 1806 metropolita
3556 1739 3712 1793 fuerit

439 1831 817 1889 incurrerent.
850 1844 948 1885 nec
975 1829 1338 1901 Corcyritanaa
1370 1829 1623 1883 Ecclesiae
1653 1828 1921 1897 privilegia
1957 1830 2007 1880 in

436 1924 618 1992 aliquo
664 1924 1021 1977 turbarentur.
1064 1920 1167 1976 Sed
1194 1923 1313 1991 quia
1348 1930 1372 1956 ⁸
1405 1921 1542 1974 inter
1575 1920 1684 1989 ipsa
1715 1920 2001 1987 primordia

431 2012 783 2068 serenissimo
811 2013 1015 2083 1267
1040 2012 1236 2066 domno
1254 2011 1558 2081 imperatori
1580 2012 1885 2080 subreptum
1901 2020 2002 2077 est,

427 2112 591 2171 atque
656 2111 839 2156 contra
885 2103 1175 2171 judicatum
1248 2101 1600 2171 Nicopolitani
1656 2102 2009 2171 metropolita:

433 2212 543 2267 quo
575 2197 929 2253 ecclesiastica
955 2198 1272 2267 rectitudine
1301 2205 1354 2251 et
1381 2197 1637 2250 canonica
1664 2194 1865 2248 ratione
1896 2194 2010 2248 suf-

434 2264 624 2342 fultum
654 2298 754 2352 est,
788 2289 1039 2358 episcopo
1080 2264 1275 2353 Euriae,
1326 2286 1465 2355 quod
1514 2301 1613 2340 nec
1662 2284 1780 2339 sine
1822 2285 2007 2339 dolore

431 2377 621 2432 audire
654 2378 733 2432 vel
775 2378 917 2447 loqui
948 2379 1063 2431 sine
1091 2377 1291 2446 gemitu
1325 2390 1626 2444 possumus,
1656 2390 1775 2428 cum
1820 2375 2009 2443 majori

428 2465 627 2535 injuria
648 2466 881 2535 episcopi
914 2466 1245 2536 Corcyritani
1304 2475 1460 2534 atque
1518 2465 1831 2519 clericorum
1862 2465 2001 2532 ejus,

426 2561 721 2614 antelatum
752 2559 995 2628 Cassiopi
1018 2568 1249 2614 castrum
1286 2558 1532 2612 Ira-litum
1565 2567 1917 2624 memoratur;
1953 2569 2009 2611 ut

425 2661 630 2716 amota,
659 2652 798 2721 quod
821 2666 980 2721 grave
994 2659 1075 2705 est
1099 2650 1222 2717 dici,
1253 2650 1627 2720 jurisdictione
1644 2651 2007 2721 Corcyritana:

426 2739 701 2806 Ecclesiae,
735 2744 848 2811 ipse
870 2743 979 2797 illic
1006 2758 1217 2797 omnem
1249 2752 1498 2811 tanquam
1529 2743 1875 2811 principalem
1910 2742 2001 2796 Ita-

425 2832 554 2890 beat
577 2845 919 2904 potestatem,
951 2836 1525 2889 sententiamnostram
1558 2835 1685 2887 nulli
1717 2835 1844 2889 dare
1874 2850 2011 2900 prte-

426 2928 685 2996 vidimus,
714 2943 782 2983 ne
811 2938 993 2982 contra
1021 2928 1317 2997 jussionem
1368 2927 1770 2981 clementissimi
1826 2928 2009 2981 domui

426 3020 785 3088 imperatoris,
818 3022 922 3086 vel,
974 3022 1116 3092 quod
1165 3021 1327 3084 absit,
1378 3020 1428 3074 iu
1478 3020 1786 3089 despectum
1845 3019 2009 3089 ipsius

2109 1829 2401 1893 ordinatus,
2468 1828 2682 1883 dilectio
2764 1838 2847 1883 tua
2874 1830 3107 1887 scribere
3169 1833 3385 1898 debeat,
3442 1846 3709 1901 quatenus

2109 1935 2321 1976 causam
2345 1920 2410 1973 de
2436 1920 2643 1974 damnis
2681 1937 2797 1989 qua:
2830 1922 3076 1976 Ecclesia:
3099 1938 3205 1976 sua:
3236 1922 3385 1977 illata
3418 1922 3704 1990 pradictus

2111 2013 2273 2067 frater
2302 2022 2483 2067 noster
2504 2012 2734 2083 Alcyson
2762 2016 2999 2082 queritur
3018 2029 3364 2083 cognoscere,
3387 2024 3445 2068 et
3470 2016 3617 2084 quod
3642 2016 3709 2083 ju-

2111 2116 2249 2161 stum
2276 2114 2357 2159 est
2378 2105 2566 2159 debeat
2592 2105 2973 2175 deﬁnire,quia
2996 2122 3024 2159 a
3048 2106 3331 2161 decessore
3357 2106 3538 2174 ipsius
3559 2121 3709 2175 nego-

2114 2200 2245 2256 tium
2283 2200 2456 2269 ipsum
2488 2215 2592 2253 non
2620 2198 2891 2265 decisum,
2923 2200 3016 2254 sed
3067 2201 3257 2269 legitur
3287 2210 3636 2255 reservatum
3669 2198 3708 2253 ί.

2566 2292 2777 2363 1263
2809 2291 3135 2346 smsroca
3160 2291 3251 2346 ix.

2342 2403 2413 2442 ΔΙ)
2434 2400 2669 2440 ιοΑΝΝεκ
2710 2400 3122 2440 ΡΑΝΟΒΜΙΤΔΝΗΙ
3155 2400 3474 2440 EPISCOPUI.

2363 2478 2601 2531 Basilith
2638 2478 2993 2531 consecrandw
3014 2478 3099 2529 dat
3121 2478 3442 2545 facultatem.

2184 2571 2477 2641 Gregorius
2507 2571 2698 2626 Joanni
2728 2571 2981 2639 episcopo
3009 2569 3417 2625 Panormitano.

2183 2664 2463 2719 Basilicam
2488 2678 2645 2731 quam
2675 2678 2702 2715 a
2736 2662 3020 2716 dilectione
3046 2672 3131 2716 tua
3164 2663 3214 2715 in
3245 2661 3519 2715 honorem
3551 2660 3712 2715 beatae

2113 2771 2435 2828 semperque
2463 2755 2684 2824 virginis
2728 2755 2929 2817 Maria,
2961 2768 3053 2821 per
3100 2752 3357 2807 Savinum
3422 2752 3706 2805 subdiaco-

2112 2867 2237 2907 num
2270 2860 2507 2906 nostrum
2531 2858 2584 2905 et
2609 2859 2872 2903 rectorem
2904 2845 3227 2917 patrimonii,
3290 2844 3552 2913 suggeris
3592 2858 3703 2898 esse

2114 2949 2401 3019 perfectam
2431 2944 2776 3000 consecrandi
2813 2942 2903 2997 tibi
2936 2941 3310 3010 praceptionis
3338 2948 3548 2993 nostra
3572 2938 3709 2992 serie

2114 3038 2327 3093 noveris
2354 3036 2657 3091 facultatem
2690 3033 3017 3087 attributam.
3052 3040 3340 3101 quatenus,
3377 3030 3548 3083 frater
3581 3028 3713 3083 chao

425 3114 623 3185 aliquid
659 3116 832 3170 facere
864 3114 1189 3170 videremur.
1232 3114 1411 3183 Itaque
1453 3112 1671 3166 dilectio
1702 3121 1787 3163 tua
1820 3109 2008 3179 pietati
2042 3126 2089 3190 ο
2119 3130 2358 3193 tissime,
2386 3126 2687 3182 devotionis
2716 3134 2822 3179 ma,
2870 3122 3192 3177 desiderium
3224 3119 3535 3187 complens.
3569 3118 3717 3170 τελε-

425 3204 545 3273 ejus
572 3213 763 3259 cuncta
794 3203 1071 3272 diligenter
1104 3204 1361 3271 insinuet,
1424 3211 1581 3271 atque
1610 3208 1920 3256 constanter
1950 3214 2009 3252 a-

427 3305 601 3353 5truat
630 3298 730 3352 hoc
759 3298 977 3351 omnino
1027 3295 1291 3362 illicitum,
1324 3296 1542 3349 omnino
1602 3308 1839 3363 pravum,
1898 3307 2015 3346 om-

428 3390 558 3445 nino
582 3390 857 3459 injustum,
885 3398 936 3443 et
966 3388 1132 3442 sacris
1156 3401 1278 3442 esse
1343 3387 1495 3441 valde
1554 3387 1847 3440 canonilms
1904 3384 2007 3441 ini-

427 3486 646 3540 micum.
676 3486 739 3539 Et
768 3484 889 3538 ideo
916 3482 1220 3553 liujusmodi
1249 3491 1523 3551 peceatum
1551 3479 1880 3548 temporibus
1898 3478 2012 3532 suis

426 3575 692 3635 introduci
738 3578 789 3629 in
834 3575 1089 3629 Ecclesiae
1118 3573 1480 3644 pracjudicium
1546 3587 1651 3627 non
1718 3572 2015 3639 permittat.

430 3670 543 3728 Sed
565 3670 689 3739 quid
712 3668 779 3723 de
807 3668 911 3724 itoc
945 3668 1153 3737 negotio
1175 3667 1467 3736 judicatum
1492 3663 1709 3719 antefati
1744 3663 2011 3733 quondam

432 3765 783 3832 metropolitm
814 3764 1107 3826 contineat,
1138 3762 1221 3816 vel
1250 3760 1474 3830 qualiter
1495 3778 1521 3813 a
1548 3759 1699 3813 nobis
1721 3773 1779 3812 ea
1806 3774 1925 3828 qua:
1949 3758 2016 3812 ab

434 3854 530 3911 illo
558 3856 773 3910 decreta
823 3864 946 3908 sunt
971 3856 1282 3909 conﬁrmata
1313 3854 1503 3908 fuerint
1533 3862 1819 3921 suggerat,
1855 3861 2014 3919 atque

430 3948 490 4005 id
514 3962 674 4016 agere
714 3947 944 4013 studeat,
991 3956 1051 4000 ut
1080 3961 1198 3999 cum
1239 3946 1354 4013 ejus
1391 3945 1627 4012 jussione
1680 3952 1859 3997 nostra
1907 3942 2017 3996 illic

433 4041 699 4099 sententia
724 4040 1133 4103 transmittatur,
1159 4047 1421 4107 quatenus
1447 4047 1501 4091 et
1524 4037 1795 4091 serenitati
1828 4037 2015 4105 ipsius,

431 4135 572 4191 sicut
608 4134 826 4205 dignum
858 4142 958 4199 est,
993 4146 1315 4198 reservasse,
1356 4140 1409 4185 et
1458 4130 1846 4184 rationabiliter
1899 4144 2020 4182 cor-

437 4226 644 4284 rexisse
677 4241 793 4296 qute
820 4225 961 4280 male
998 4233 1319 4294 praesumpta
1351 4232 1473 4278 sunt
1495 4222 1789 4277 videamur.
1816 4222 1929 4290 Qua
1965 4223 2017 4276 in

434 4335 497 4375 re
520 4319 737 4372 omnino
765 4314 935 4371 danda
958 4329 1121 4387 opera
1152 4323 1233 4368 est
1276 4326 1350 4379 ut,
1384 4315 1427 4368 si
1459 4314 1570 4368 ﬁeri
1606 4322 1779 4383 potest
1808 4358 1821 4383 ,
1857 4313 2017 4368 etiam

431 4411 726 4484 iussionem
756 4425 905 4464 suam
937 4409 1048 4480 ipse
1106 4409 1337 4472 tribuat,
1387 4408 1439 4462 in
1478 4422 1577 4477 qua
1619 4422 1680 4463 ea
1710 4424 1827 4477 quae
1858 4424 1886 4460 a
1926 4422 2022 4461 no-

435 4504 519 4559 bis
558 4504 773 4559 deﬁnita
824 4510 949 4558 sunt
996 4502 1195 4557 servari
1231 4501 1518 4571 pracipiat.
1551 4500 1683 4554 Nam
1733 4501 1833 4554 hoc
1882 4499 2021 4554 facto

435 4595 609 4651 omnis
647 4594 715 4649 de
752 4606 947 4650 czetero
999 4593 1358 4663 subreptionis
1404 4594 1550 4647 locus
1594 4592 1903 4646 obstruitur.
1947 4589 2022 4644 Ita

437 4705 568 4761 ergo
599 4690 665 4746 ad
719 4689 1108 4761 compescenda
1168 4690 1283 4743 haec
1341 4686 1645 4755 pra-judicia
1700 4685 2022 4753 vigilantiam

434 4791 580 4838 tuam
603 4797 723 4838 cum
747 4781 1123 4849 omnipotentis
1142 4779 1233 4834 Dei
1250 4778 1513 4848 adjutorio
1533 4790 1784 4833 exercere
1808 4775 2023 4841 festina,

2118 3222 2330 3279 britatis
2355 3219 2683 3291 perfectione
2708 3217 3015 3290 gratuleris.
3050 3224 3075 3250 ιι
3108 3215 3239 3269 Data
3269 3227 3460 3269 mense
3492 3213 3719 3268 Decem-

2120 3312 2221 3380 bri,
2252 3314 2541 3369 indictione
2570 3312 2626 3365 7.

2689 3378 3018 3435 EPISTOLA
3054 3376 3120 3433 Χ.

2620 3488 2687 3526 ΔΙ)
2716 3484 2981 3526 ςυυυιιῐωι
3008 3482 3199 3523 υυεεκ.

2305 3566 2521 3621 Ancilla!
2552 3562 2649 3617 Dei
2669 3572 3011 3633 stupratorem
3040 3559 3257 3614 militem
3284 3558 3491 3628 puniat.

2191 3663 2479 3734 Gregorius
2509 3670 2534 3699 ι
2558 3659 2802 3716 Guduino
2824 3658 2943 3711 duci
2968 3653 3236 3723 Neapolis.

2191 3756 2321 3811 Cum
2353 3757 2492 3809 inter
2520 3755 2684 3807 multa
2729 3750 2867 3806 bona
2899 3764 3015 3819 quae
3046 3746 3199 3801 nobis
3248 3745 3317 3801 de
3346 3744 3725 3814 magnitudine

2123 3857 2304 3904 vestra
2328 3847 2524 3916 srepius
2550 3845 2862 3898 nuntiantur
2890 3841 3017 3895 illud
3046 3839 3097 3894 in
3124 3836 3276 3893 vobis
3295 3837 3419 3905 plus
3446 3836 3723 3891 laudabile

2125 3943 2331 3998 dicatur
2368 3938 2628 4001 existere,
2657 3936 2797 4006 quod
2853 3935 3150 3990 castitatem
3205 3930 3452 4001 diligitis,
3494 3938 3558 3984 et
3612 3929 3727 3983 dis-

2128 4036 2399 4105 ciplinam,
2430 4033 2567 4086 sicut
2592 4030 2810 4101 dignum
2856 4035 2961 4092 est,
3008 4023 3311 4089 custoditis,
3356 4022 3498 4076 satis
3544 4020 3724 4075 mirati

2128 4146 2311 4187 sumus
2342 4126 2482 4197 quod
2524 4126 2575 4179 in
2610 4124 2779 4178 milite
2808 4123 2900 4177 illo
2923 4121 3011 4190 qui
3040 4117 3287 4173 ancillam
3320 4116 3414 4169 Dei
3452 4114 3724 4169 diabolica

2128 4222 2469 4291 instigatione
2492 4216 2805 4288 perdiderit,
2836 4212 3226 4268 districtissima
3256 4208 3495 4263 vindicta
3528 4207 3719 4260 hacte-

2131 4332 2227 4371 nus
2247 4317 2378 4368 facta
2402 4328 2504 4367 non
2525 4312 2700 4367 fuerit.
2716 4310 2846 4363 Nam
2870 4316 2923 4361 et
2942 4305 3181 4361 moribus
3196 4313 3252 4359 et
3269 4302 3501 4357 bonitati
3531 4310 3729 4354 vestr:

2125 4408 2279 4462 valde
2296 4406 2619 4462 conveniens
2646 4403 2743 4457 fuit
2760 4409 2817 4457 ut
2834 4410 2957 4454 ante
2972 4398 3037 4452 ad
3065 4412 3165 4453 nos
3186 4397 3320 4451 ultio
3338 4410 3501 4465 quam
3536 4408 3729 4463 perpe-

2127 4509 2278 4553 trata:
2300 4497 2471 4566 culpae
2502 4496 2751 4566 iniquitas
2773 4492 3099 4562 perveniret.
3123 4488 3228 4543 Sed
3258 4487 3381 4557 quia
3425 4485 3723 4540 vindictam

2128 4587 2287 4658 hujus
2345 4587 2568 4641 sceleris
2608 4601 2710 4639 non
2744 4583 3017 4637 voluntate
3065 4587 3264 4643 vestra,
3342 4577 3437 4631 sed
3495 4577 3728 4631 aliorum

2128 4679 2396 4735 credimus
2438 4676 2869 4748 subreptionibus
2916 4686 3038 4728 esse
3110 4683 3450 4737 suSpensam,
3499 4682 3579 4722 ne
3632 4668 3730 4721 hoc

2133 4766 2574 4841 peccatumbvel
2620 4780 2903 4823 numerum
2950 4762 3329 4831 indisciplinati
3374 4760 3592 4829 militis,
3646 4758 3730 4813 vel

443 4931 449 4936 ‘
511 4921 537 4961 δ
571 4920 730 4975 Iidem
765 4917 1088 4972 recentiores
1117 4914 1303 4969 eadem
1341 4911 1576 4975 licentia,
1601 4908 1753 4961 talem
1774 4908 1923 4961 illum
1950 4909 2017 4962 ad
2050 4914 2100 4974 D
2200 4908 2380 4961 EPIST.
2408 4905 2476 4958 Χ,
2503 4902 2610 4976 [Αἰ.
2640 4899 2716 4969 5].
2739 4927 2811 4976 ςτ-
2841 4904 2867 4933 α
2893 4893 3461 4976 Qppellaturﬁudnin,
3492 4911 3522 4976 a
3554 4902 3731 4976 scrip-

439 4996 717 5049 Andream.
743 4990 854 5056 Qua
888 4988 1198 5050 mutatione,
1223 4982 1405 5037 invitis
1434 4982 1562 5036 Mss.
1592 4981 1782 5046 Vatic.,
1811 4980 2017 5046 Norm.,

441 5066 618 5127 Collu,
649 5062 807 5124 facta,
842 5061 1085 5112 turbatur
1115 5070 1324 5127 sensus.

515 5146 539 5175 ο
557 5120 727 5203 supra
747 5120 978 5199 loquitur
999 5128 1063 5181 de
1085 5124 1427 5203 subreptioue
1448 5121 1869 5203 factall-lauricio
1892 5120 2021 5203 imp.

442 5208 540 5262 Hic
564 5192 647 5262 de'
668 5204 768 5258 alia
804 5192 960 5268 quam
990 5214 1175 5268 passus
1206 5192 1321 5251 erat
1351 5193 1557 5248 Phocas
1598 5192 1752 5247 initio
1792 5193 2022 5262 imperii,

513 5279 545 5309 il
580 5285 793 5309 cnnnlllc
823 5269 1041 5309 Crannri

441 5279 552 5347 agit
579 5285 795 5331 sanctus
823 5270 1132 5335 Gregorius.
1657 5332 1668 5343 '

520 5347 537 5385 ῖ
570 5346 628 5401 lu
679 5341 1071 5400 recentioribus
1113 5337 1381 5394 clauditur
1432 5336 1544 5390 haec
1586 5342 1743 5403 epist.
1778 5333 1862 5386 his
1901 5348 2026 5388 ver-

442 5416 569 5472 bis:
600 5419 736 5471 Data
778 5430 949 5467 mense
983 5411 1285 5471 Decembrii,
1321 5408 1499 5461 indict.
1531 5408 1583 5471 7,
1618 5418 1736 5474 qum-
1767 5419 1895 5458 sane
1925 5406 2025 5458 ab-

447 5498 569 5543 sunt
608 5504 635 5541 a
681 5488 805 5541 Mss.
840 5486 1057 5548 nostris,
1089 5491 1143 5536 et
1170 5480 1236 5534 ab
1262 5481 1495 5550 antiquis
1520 5475 2023 5550 Editis.g_Pertinent

444 5559 500 5613 iu
546 5559 671 5612 Mss.
718 5557 785 5610 ad
835 5557 993 5625 epist.
1033 5546 1485 5624 sequentemfut
1536 5564 1657 5604 mox
1699 5546 1890 5602 dicturi
1936 5562 2026 5602 su-

442 5642 581 5685 ntus.

518 5699 700 5753 Eptsr.
749 5696 819 5751 IX
849 5697 955 5767 [AL
984 5695 1067 5767 4].
1093 5724 1165 5737 —
1210 5705 1237 5735 ι
1269 5695 1347 5753 ita
1395 5708 1501 5752 non
1534 5693 1796 5763 legimus,
1840 5688 1944 5746 nisi
1974 5688 2029 5747 in

449 5767 721 5825 Vaticanis
746 5769 816 5835 Α.
842 5767 908 5834 Β,
939 5768 1003 5823 Ε.

2136 4981 2338 5034 toribus
2374 4966 2575 5032 Grméis
2604 4966 2872 5030 Pouvdénc.
2906 4967 3016 5020 Dux
3049 4970 3317 5019 exercitus
3346 4966 3594 5022 Mauricii
3626 4966 3727 5024 sub

2132 5050 2338 5111 Prisco,
2392 5063 2455 5101 ex
2501 5043 2768 5106 Cedreno,
2794 5056 2901 5111 an.
2938 5040 2999 5091 17
3033 5036 3288 5111 Mauricii.
3335 5036 3471 5111 Ejus
3501 5045 3729 5111 egregi;

2132 5120 2260 5176 belli
2292 5107 2525 5173 facinora
2559 5122 2739 5168 narrat
2780 5110 3090 5171 Simocatta,
3125 5107 3213 5160 lib.
3244 5122 3336 5174 vit,
3368 5122 3420 5160 c.
3453 5109 3513 5161 Η
3554 5107 3613 5165 ét
3648 5111 3729 5167 te,

2134 5207 2293 5261 quem
2322 5192 2607 5260 ταξίαρχον
2635 5181 2884 5261 appellat.
2919 5178 3160 5261 Petro.
3186 5179 3349 5231 fratre
3389 5177 3644 5261 Mauricii
3689 5194 3736 5261 si

2134 5248 2274 5315 duce
2306 5248 2555 5328 sup-rein?)
2589 5248 2859 5328 exercitus
2886 5249 3115 5328 efﬁcitur
3135 5248 3563 5328 ὑποστρειτιῃὸς,
3602 5256 3733 5328 mul-

2134 5343 2291 5400 taque
2321 5317 2575 5401 praeclare
2603 5326 2759 5401 gerit.
2787 5321 2952 5401 Idem,
3104 5334 3221 5400 vni,
3257 5317 3389 5401 c.'fi,
3418 5317 3529 5401 6;,‘7
3550 5361 3568 5376 .
3605 5324 3737 5379 Ges-

2134 5391 2283 5458 suav.
2322 5391 2388 5456 ’1η
2422 5399 2570 5453 Colb.
2610 5391 2854 5464 quidem,
2903 5391 2956 5464 in
2999 5392 3204 5464 ltegio,
3239 5399 3307 5464 _et
3355 5391 3732 5464 inANormanw

2135 5475 2330 5545 legitur
2362 5472 2591 5545 Guduin,
2618 5460 2677 5545 _at
2720 5468 2772 5545 in
2816 5463 2985 5545 Velie.
3039 5462 3103 5545 D_,
3138 5461 3201 5545 [ξε
3238 5460 3296 5545 ξ,
3331 5470 3389 5545 εξ
3417 5462 3730 5545 ἰιιηῐίιιςιιιη

2133 5532 2396 5599 ϐὗᾱυὶηο.
2430 5545 2484 5597 in
2509 5537 2695 5600 Corb.,
2730 5535 3038 5591 Gunduino.
3071 5534 3125 5585 lu
3156 5532 3332 5586 Vatic.
3362 5533 3432 5595 A,
3462 5532 3729 5588 Garadum.

2135 5616 2193 5671 ln
2231 5616 2398 5668 Vatic.
2435 5615 2495 5676 Β,
2525 5611 2767 5665 Guidoni.
2816 5606 2871 5660 ln
2902 5616 3010 5660 vet.
3054 5604 3219 5670 Edit.,
3251 5615 3532 5673 corrupte,
3576 5605 3732 5659 υηί-

2138 5686 2281 5741 deria
2305 5688 2544 5753 episcopo
2569 5681 2770 5753 Gallina.

2212 5756 2239 5798 ι’
2280 5745 2532 5824 Ιὶὲςθηίη
2578 5752 2654 5808 vel
2705 5749 2973 5805 humerum
3016 5745 3390 5816 indisciplinati
3421 5746 3562 5817 mih,
3598 5746 3733 5802 forte
