3928 6342
130 331 302 389 1515

899 324 1383 385 EPISTOLARUM
1419 327 1551 385 LIB.
1592 322 1736 385 XIV.
1774 352 1843 369 --
1880 323 2126 382 INDICT.
2168 322 2279 381 VII.
2317 352 2389 367 —
2426 322 2644 382 EPIST.
2685 324 2803 383 XII.

3298 320 3437 384 l5“

130 448 277 503 loca
308 448 396 502 illa
424 447 475 504 iu
504 446 695 515 quibus
719 446 1063 501 commissum
1090 454 1195 509 est.
1252 446 1428 500 valeat
1472 457 1741 516 premere,
1769 447 1822 506 Α
1847 438 2047 494 dictum
2071 446 2176 507 est,
2195 437 2317 507 quia
2340 453 2606 509 nunquam
2631 438 2831 495 amicus
2850 438 3067 498 domum
3090 443 3207 515 ejus
3231 448 3436 515 ingrcs-

134 537 445 593 liortamur
476 544 533 591 ut
559 537 676 592 sine
702 538 1045 595 excusatione
1073 537 1247 606 aliqua
1274 538 1359 591 vel
1386 537 1565 601 modo,
1610 551 1745 605 qua-

135 632 225 686 lis
252 630 411 687 vobis
437 628 614 685 fervor
642 629 713 684 sit
765 642 785 667 ε
819 643 944 697 erga
997 628 1259 683 castitatis
1308 628 1604 683 custodiam
1652 628 1743 683 de-

136 720 631 787 monstrantes,ita
661 734 755 789 pro
784 720 1028 789 exemplo
1055 721 1277 776 aliorum
1302 720 1545 776 districte
1566 734 1748 774 emen-

137 816 296 868 dare
330 822 533 867 tantum
559 813 763 867 facinus
794 813 1073 877 festinetis,
1107 822 1162 866 ut
1206 823 1260 868 et
1290 813 1457 867 Deum
1487 812 1661 878 vobis,
1691 812 1745 867 in

139 904 315 974 cujus
350 904 451 958 hoc
479 903 568 959 ille
608 904 853 971 injuriam
898 903 1240 973 perpetravit,
1273 912 1326 961 et
1357 904 1601 957 timorem
1632 902 1748 971 ejus

141 996 430 1062 despexit,
464 995 776 1064 placabilem
810 996 1035 1060 faciatis,
1059 1008 1113 1053 et
1134 1012 1231 1051 nos
1253 997 1404 1051 vobis
1436 997 1502 1051 de
1530 997 1628 1051 zeli
1659 1009 1749 1050 ve-

141 1087 261 1139 stri
294 1085 618 1140 rectitudine
655 1086 852 1155 gratias
886 1084 1204 1143 referamus.
1255 1086 1389 1140 Nam
1420 1094 1619 1140 tantam
1650 1085 1747 1140 ini-

140 1179 426 1247 quitatem
455 1178 675 1233 inultam
708 1192 991 1233 remanere
1022 1179 1169 1232 nullo
1214 1177 1373 1234 modo
1397 1178 1649 1248 patimur.

709 1289 1043 1345 EPISTOLA
1086 1289 1175 1345 XI.

634 1387 704 1427 ΔΙ)
732 1386 968 1425 ,ΙΟΛΝΝΕΙΙ
999 1385 1308 1425 EPISCOPUI.

144 1450 237 1506 De
268 1451 425 1505 trium
448 1452 505 1505 in
547 1451 809 1521 episwpos
836 1452 1105 1503 electorum
1140 1449 1387 1521 personis,
1417 1448 1663 1517 moribus,
1691 1466 1752 1504 ac

278 1532 281 1535 '
581 1519 585 1520 ί
695 1519 904 1575 scientia
935 1522 1179 1589 requirat.
1196 1519 1216 1578 Ι

228 1614 519 1686 Gregorius
539 1612 727 1669 Joanni
758 1615 1025 1683 episcopo.

229 1716 259 1746 ι
286 1707 365 1762 Ne
404 1708 614 1763 incauta
644 1722 832 1762 eorum
864 1706 1134 1760 ordinatio
1154 1706 1245 1776 qui
1274 1705 1341 1760 ad
1385 1704 1753 1773 episcopatum

159 1801 447 1873 eliguntur
472 1801 643 1855 valeat
667 1802 967 1867 provenire,
990 1798 1225 1869 vigilanti
1247 1798 1458 1870 1269
1475 1798 1547 1853 ‘de
1568 1813 1750 1853 corum

145 1894 410 1965 personis
437 1892 798 1949 sollicitudine
819 1903 903 1947 est
924 1891 1325 1960 requirendum.
1351 1890 1646 1946 indicatum
1677 1892 1752 1946 si-

149 1987 382 2057 quidem
408 1985 557 2039 nobis
578 1992 663 2039 est
684 1982 1078 2048 Florentinum,
1106 1982 1542 2037 arcliidiaconum
1568 1981 1753 2036 Eccle-

145 2079 256 2134 siae
294 2077 662 2141 Anconitanae,
694 2077 784 2145 qui
815 2075 901 2133 ad.
932 2076 1297 2143 episcopatum
1328 2074 1499 2129 fuerat
1527 2072 1751 2137 electus,

144 2168 454 2237 Scriptura:
492 2168 705 2239 quidem
735 2181 906 2223 sacrae
930 2165 1208 2221 scientiam
1260 2165 1497 2231 habere;
1555 2166 1650 2220 sed
1682 2167 1754 2219 ita

146 2264 336 2318 aetatis
364 2278 484 2318 esse
523 2262 675 2317 senio
698 2261 810 2332 jam
870 2259 1226 2327 confractum,
1257 2270 1313 2314 ut
1368 2259 1433 2314 ad
1480 2260 1755 2329 regiminis

146 2355 397 2410 officium
453 2367 558 2408 non
602 2352 771 2423 possit
820 2366 1124 2421 assurgere.
1175 2351 1443 2406 Addentes
1472 2352 1633 2405 etiam
1685 2351 1757 2405 ita

160 2447 323 2501 illum
348 2454 588 2500 tenacem
615 2444 869 2507 existere,
900 2440 928 2477 δ
962 2449 1021 2496 ιιι
1046 2441 1261 2496 domum
1289 2440 1405 2510 ejus
1458 2439 1659 2496 amicus
1689 2440 1755 2495 ad

156 2538 486 2595 charitatem
520 2552 789 2605 nunquam
828 2537 1076 2590 introeat.
1108 2534 1357 2589 Rusticus
1409 2545 1610 2601 autem,
1638 2533 1756 2589 dia-

159 2644 339 2685 conus
367 2628 612 2699 ejusdem
645 2627 919 2691 Ecclesiae,
949 2628 1037 2696 qui
1071 2626 1315 2681 similiter
1340 2627 1539 2683 electus
1563 2627 1753 2695 fuerat,

154 2722 395 2793 vigilans
418 2722 631 2792 quidem
655 2721 816 2775 homo
840 2720 1052 2787 dicitur,
1069 2721 1165 2776 sed
1192 2730 1443 2790 quantum
1476 2722 1755 2792 asseritur,

166 2816 416 2871 Psalmos
446 2814 678 2884 ignorat.
701 2812 1063 2867 Florentinum
1093 2828 1241 2881 vero,
1262 2814 1544 2870 diaconum
1570 2814 1758 2870 Eccle-

166 2909 271 2963 size
299 2906 644 2971 Ravennatis,
670 2908 758 2975 qui
778 2906 982 2965 electus
1012 2907 1077 2960 ab
1104 2908 1352 2962 omnibus
1402 2920 1756 2974 memoratur,

166 2999 464 3055 sollicitum
494 3012 616 3054 esse
639 3000 907 3065 novimus,
941 2998 1035 3053 sed
1073 3000 1245 3067 qualis
1274 3002 1344 3054 sit
1372 3000 1613 3066 interius,
1637 3017 1757 3056 om-

161 3092 301 3145 nino
322 3092 613 3145 nescimus.
649 3089 875 3160 Ideoque
905 3089 1213 3144 fraternitas
1241 3098 1327 3144 tua
1359 3107 1459 3145 una
1490 3107 1611 3145 cum
1647 3090 1759 3146 fra—

163 3193 255 3240 tre
282 3193 335 3238 et
356 3183 677 3251 coepiscopo
698 3190 883 3238 nostro
913 3182 1192 3247 Armenio,
1242 3185 1620 3252 suprascripta
1648 3184 1759 3238 An-

169 3275 440 3330 couitanae
475 3273 727 3330 Ecclesia:
746 3274 1046 3344 visitatore,
1072 3274 1198 3330 illuc
1228 3276 1441 3331 festinet
1472 3277 1754 3345 accedere,

174 3376 237 3423 et
260 3367 541 3437 diligenter
570 3366 637 3421 de
666 3367 772 3421 vita
818 3382 881 3422 ac
916 3367 1154 3423 moribus
1195 3368 1524 3438 singulorum
1581 3370 1760 3440 requi-

176 3474 304 3516 rere
328 3500 345 3526 ,
374 3459 460 3515 vel
492 3458 538 3515 si
568 3458 717 3514 nullo
741 3457 843 3513 sibi
864 3468 987 3513 sunt
1015 3459 1239 3514 crimine
1268 3459 1468 3515 conscii
1497 3460 1638 3531 quod
1669 3475 1761 3517 eos

169 3552 246 3608 ad
273 3553 374 3607 hoc
400 3551 633 3607 ofﬁcium
657 3559 804 3606 vetet
825 3553 1101 3607 accedere.
1136 3552 1343 3608 Pariter
1388 3558 1549 3607 etiam
1579 3557 1762 3624 requi-

168 3643 396 3701 rendum
427 3652 512 3698 est
558 3645 604 3698 si
671 3642 774 3697 hoc
823 3642 965 3712 quod
1014 3644 1083 3698 de
1124 3643 1344 3712 praefato
1384 3645 1762 3702 archidiacono

166 3764 315 3834 quod
358 3762 669 3834 ignorarunt
710 3758 837 3834 quid
884 3774 951 3815 eo
980 3759 1094 3834 loci
1142 3760 1467 3834 signiﬁcaret
1509 3762 1754 3820 militaris

168 3831 448 3891 numerus.
490 3833 546 3886 ld
581 3833 695 3887 fuse
725 3833 947 3887 docetur
978 3831 1201 3903 innotis
1229 3832 1293 3885 ad
1321 3831 1413 3886 lib.
1442 3848 1493 3886 1v
1525 3834 1751 3903 Dialog.,

169 3922 228 3959 c.
266 3906 354 3961 55.
394 3904 526 3959 Vide
563 3919 773 3973 quoque
819 3918 999 3970 supra,
1045 3902 1139 3957 lib.
1190 3917 1302 3972 vin,
1330 3906 1487 3971 epist.
1516 3903 1571 3957 5.
1601 3902 1758 3962 Certe

174 3977 374 4045 ubique
398 3972 591 4047 legitur
618 3978 668 4028 in
699 3972 1248 4047 blss._vel_numerum.

251 4042 363 4101 e'lu
404 4042 579 4101 vatio.
624 4047 685 4109 Β,
720 4042 875 4117 Ε,Ε,
916 4044 1157 4117 Colbert.
1184 4051 1313 4117 vet.,
1347 4053 1400 4099 et
1440 4045 1493 4099 in
1525 4045 1757 4117 Remig.,

170 4136 300 4190 erga
327 4118 609 4173 charitatis.
664 4116 1037 4190 lietn‘igianus,
1071 4116 1242 4190 initio
1284 4117 1551 4190 epistolae,
1600 4116 1761 4173 habet

172 4186 312 4274 quod
333 4190 635 4243 charitatem
660 4187 901 4257 diligitis,
924 4188 1012 4243 ubi
1035 4186 1144 4255 alii,
1172 4187 1308 4257 quod
1328 4188 1609 4242 castitatem
1640 4190 1763 4243 dili-

173 4277 317 4334 gms.

252 4335 430 4389 Ertsr.
452 4331 532 4405 _Xl
562 4330 670 4405 [Αἰ.
697 4328 771 4401 6].
806 4358 873 4370 -
899 4337 922 4363 ⁸
968 4328 1047 4405 Ita_
1072 4330 1286 4405 passim
1311 4330 1364 4385 in
1411 4329 1536 4386 Mss.
1571 4342 1624 4386 et
1649 4339 1763 4386 vet.

177 4406 421 4465 Excusis.
452 4399 818 4465 Itecéntiores,
851 4416 948 4468 pro
973 4399 1214 4468 arbitrio,
1245 4402 1323 4456 sic
1350 4412 1625 4456 mutarunt
1653 4420 1664 4455 :
1700 4419 1762 4455 ne

1847 548 1938 588 sus
1967 542 2071 600 est,
2092 532 2136 587 si
2168 534 2235 586 ita
2256 546 2315 586 se
2343 532 2541 586 veritas
2592 532 2771 602 habet,
2799 543 2853 589 et
2879 545 2899 572 ε
2928 544 3106 591 utrum
3133 554 3195 593 ex
3245 556 3439 597 neces-

1848 627 2035 692 sitate,
2079 640 2144 681 an
2168 641 2232 680 ex
2263 627 2469 681 tenacia
2500 627 2620 681 talis
2649 629 2739 695 sit,
2772 638 2862 684 aut
2882 631 2927 684 si
2956 632 3027 687 ita
3056 648 3221 689 senex
3250 647 3351 702 est,
3379 648 3439 696 ut

1849 720 1915 774 ad
1942 719 2225 787 regendum
2245 735 2350 774 non
2371 721 2535 789 possit
2552 736 2850 792 assurgere,
2876 726 2957 780 vel
2978 727 3044 795 si,
3071 730 3221 784 tactis
3250 747 3438 787 sacro-

1849 814 2048 867 sanctis
2062 811 2382 882 Evangeliis,
2401 812 2539 869 sicut
2557 815 2709 869 nobis
2728 817 3023 873 nuntiatum
3042 830 3142 887 est,
3165 823 3438 892 jusjuran-

1848 904 1974 959 dum
2006 904 2286 973 praebuerit
2313 920 2581 973 nunquam
2607 920 2665 960 se
2704 907 2768 961 ad
2790 908 3150 981 episcopatum
3198 917 3433 971 accede-

1851 1009 1930 1050 re.
1960 993 2064 1050 Sed
2092 994 2249 1048 etiam
2281 993 2348 1049 de
2374 996 2593 1050 Rustico
2616 996 2857 1063 diacono,
2886 1000 2911 1035 ά
2939 1012 3165 1069 quantos
3194 1002 3438 1063 Psalmo§

1852 1089 2027 1142 minus
2063 1096 2260 1154 teneat,
2304 1088 2745 1156 perscrutandum
2776 1099 2877 1144 est.
2913 1091 3226 1150 Florentino
3256 1110 3435 1155 autem

1851 1182 2079 1237 diacono
2119 1182 2437 1250 Ravennati,
2469 1183 2512 1236 si
2543 1184 2767 1247 nullum,
2798 1183 2934 1239 sicut
2958 1185 3210 1254 diximus,
3233 1191 3440 1249 crimen

1852 1282 1935 1328 est
1962 1273 2105 1343 quod
2133 1274 2379 1339 obsistat,
2410 1272 2551 1343 apud
2601 1277 2909 1344 episcopum
2957 1277 3074 1347 ejus
3103 1280 3188 1348 agi
3219 1296 3440 1338 necesse

1852 1374 1954 1430 est,
1980 1374 2037 1419 ut
2073 1366 2121 1420 ei
2150 1365 2343 1419 debeat
2365 1372 2390 1401 ο
2419 1365 2716 1419 cessionem
2770 1368 3099 1435 concedere;
3128 1386 3231 1425 non
3263 1380 3443 1430 tamen

1852 1471 1920 1511 ex
1950 1464 2135 1511 nostro
2157 1456 2408 1511 mandato
2444 1453 2461 1492 τ
2499 1456 2581 1510 vel
2620 1456 2782 1523 dicto,
2841 1472 2909 1513 ne
2958 1469 3140 1516 contra
3166 1477 3316 1517 suam
3348 1480 3443 1520 vo-

1854 1548 2109 1603 luntatem
2144 1563 2266 1605 eum
2297 1549 2490 1605 cedere
2516 1548 2779 1605 videatur.
2808 1551 2914 1607 Sed
2976 1554 3076 1608 hoc
3106 1565 3161 1608 nt
3185 1567 3378 1612 norunt
3403 1558 3440 1615 ii

1851 1641 1941 1709 qui
1961 1654 2082 1694 eum
2114 1640 2334 1710 eligunt,
2363 1656 2430 1696 ex
2460 1657 2519 1696 se
2547 1652 2707 1713 agant
2746 1659 2760 1708 ;
2821 1654 2873 1699 tu
2917 1660 3045 1699 vero
3093 1646 3162 1702 de
3215 1651 3442 1721 singulis

1852 1742 1972 1784 cum
2004 1731 2147 1785 omni
2186 1731 2362 1786 studio
2390 1746 2452 1787 ac
2503 1734 2861 1791 sollicitudine
2907 1738 3086 1791 omnia
3134 1755 3251 1808 quae
3277 1744 3446 1813 scrip-

1782 1843 1831 1904 Β
1856 1824 2021 1878 simus
2042 1825 2313 1894 requirere
2338 1836 2497 1895 atque
2522 1829 2675 1883 nobis
2716 1831 2869 1885 stude
2897 1831 3161 1888 subtiliter
3206 1837 3445 1895 iudicare

1855 1925 1932 1984 ut,
1963 1918 2355 1974 renuntiatione
2381 1928 2466 1973 tua
2497 1920 2687 1975 redditi
2709 1921 2984 1989 certiores,
3013 1925 3137 1992 quid
3160 1929 3439 2002 posthaec,

1858 2008 1965 2062 Deo
1990 2017 2206 2065 auctore
2227 2010 2340 2065 ﬁeri
2361 2011 2551 2067 debeat
2577 2013 2942 2083 disponamus.
2974 2012 3079 2086 (Cf.
3098 2015 3257 2073 Joan.
3292 2021 3442 2082 Diae.

1856 2097 1896 2152 ι.
1922 2114 2003 2169 ιιι,
2034 2116 2061 2153 c
2093 2099 2205 2170 l2.)
2914 2098 2917 2103 “

2405 2208 2732 2265 EPISTOLA
2775 2210 2891 2268 XII.

2001 2332 2068 2371 AD
2107 2331 2512 2373 TBEODELINDAH
2556 2336 3009 2379 LANGOBARDORUI
3047 2340 3299 2381 REGINAM.

1866 2425 2173 2507 Gratulatur
2211 2431 2273 2483 de
2309 2435 2502 2507 sociato
2539 2433 2808 2489 catholica:
2845 2437 2965 2505 ﬁdei
2996 2439 3125 2507 ﬁlio.
3161 2444 3311 2506 Quod
3346 2444 3445 2497 Se-

1936 2504 2102 2553 cundo
2142 2518 2239 2579 non
2282 2505 2634 2579 responderit,
2666 2504 2908 2560 causatur
2937 2504 3237 2579 podagram.
3272 2511 3326 2565 Η
3332 2515 3446 2566 abi-

1934 2580 2039 2623 tam
2073 2574 2164 2623 sub
2192 2573 2490 2627 Justvniano
2516 2579 2768 2643 synodum
2794 2573 2969 2635 mittit.
2996 2573 3242 2636 Romam:
3268 2585 3449 2638 Eccle-

1930 2643 2021 2782 sit/1.:
2060 2644 2417 2764 grtltoduxiam
2458 2657 2646 2700 tuetur.
2680 2648 2811 2717 Regi
2839 2652 2903 2703 de
2936 2655 3072 2719 faeta
3102 2670 3225 2724 pace
3252 2659 3448 2724 gratias

1932 2729 1984 2765 re
2010 2730 2065 2765 er
2093 2754 2105 2766 .

1932 2729 2105 2766 γειενι.

1932 2804 2219 2873 Gregorius
2248 2817 2273 2845 ιι
2304 2806 2681 2865 Tlieodelindae
2710 2813 2928 2882 reginae.

1934 2893 2143 2964 Scripta
2183 2912 2301 2965 quae
2343 2898 2410 2954 ad
2452 2915 2549 2953 nos
2586 2899 2785 2955 dudum
2813 2917 2841 2955 a
2870 2902 3241 2961 Genuenslbus
3280 2908 3449 2977 parti-

1862 2984 1963 3040 bus
1995 2989 2373 3043 transmisistis
2401 2991 2578 3058 gaudii
2609 2995 2769 3047 vestri
2801 3010 2896 3049 nos
2928 2997 3099 3052 fecere
3128 3002 3446 3070 participes,

1869 3081 2081 3152 1270
2125 3093 2407 3151 propterea
2452 3086 2593 3152 quod
2640 3088 3016 3156 omnipotentis
3049 3092 3140 3147 Dei
3170 3095 3362 3163 gratia,
3395 3105 3452 3152 et

1867 3176 2034 3229 lilium
2075 3179 2230 3232 vobis
2281 3180 2531 3234 donatum
2556 3226 2570 3250 ,
2613 3191 2700 3248 et,
2740 3186 2880 3253 quod
2924 3186 3079 3240 valde
3116 3188 3449 3245 excellentiae

1869 3279 2062 3323 vestrae
2103 3279 2185 3324 est
2226 3269 2522 3339 laudabile,
2562 3274 2837 3329 catholica:
2878 3291 2998 3331 eum
3038 3278 3160 3333 lidei
3202 3282 3449 3336 novimus

1865 3364 2144 3421 sociatum.
2197 3365 2305 3421 Nec
2353 3367 2495 3421 enim
2541 3370 2607 3422 de
2652 3369 3039 3425 christianitate
3086 3381 3264 3428 vestra
3304 3373 3450 3428 aliud

1866 3459 2193 3514 credendum
2223 3460 2427 3525 fuerat,
2463 3461 2563 3515 nisi
2593 3462 2644 3516 id
2674 3464 2891 3519 studere
2922 3480 3043 3530 vos,
3075 3474 3131 3519 ut
3168 3481 3323 3535 quem
3361 3466 3450 3521 di-

1869 3555 1991 3610 vino
2020 3570 2241 3610 munere
2272 3555 2580 3627 suscepistis
2607 3555 2881 3612 catholica:
2922 3560 3253 3614 rectitudinis
3294 3562 3452 3615 auxi-

1870 3649 1943 3704 lio
1970 3648 2281 3715 muniretis,
2310 3656 2367 3701 ut
2393 3658 2446 3703 et
2491 3649 2813 3717 Redemptor
2841 3661 3021 3706 uoster
3051 3652 3364 3707 familiarem
3399 3665 3453 3710 te

1860 3769 1885 3821 1
1918 3774 1970 3821 et
1994 3764 2046 3818 4.
2066 3765 2266 3833 Legere
2291 3772 2373 3817 est
2397 3762 2535 3831 apud
2563 3766 2803 3816 sanctum
2830 3764 3203 3830 Augustinum,
3226 3766 3453 3832 ibidem,

1860 3854 1909 3892 c.
1951 3837 2051 3891 15:
2088 3836 2237 3901 Quod
2265 3835 2307 3887 si
2333 3834 2490 3886 virtus
2519 3835 2586 3885 ad
2619 3835 2816 3887 beatam
2848 3837 3000 3887 vitam
3030 3852 3123 3889 nos
3165 3836 3323 3899 ducit,
3369 3842 3449 3892 ni-

1862 3908 1936 3960 hil
1967 3910 2174 3960 omnino
2205 3922 2311 3959 esse
2341 3907 2575 3958 virtutem
2619 3906 2973 3974 a/ﬁrmaverim
2994 3947 3007 3970 ,
3055 3907 3152 3959 nisi
3192 3926 3449 3963 summum

1867 3995 2090 4032 amorem
2120 3978 2217 4031 Dei
2242 4016 2254 4028 .
2281 4016 2294 4029 .
2326 4014 2338 4027 .
2367 4014 2379 4026 .
2407 4013 2419 4027 .
2449 4014 2462 4028 .
2488 3976 2683 4049 utinam
2705 3978 2785 4049 ita
2814 3978 2879 4029 sit
2909 3978 2962 4029 in
2990 3979 3237 4032 mentibus
3265 3982 3371 4049 vis,
3398 3990 3456 4035 ut

1867 4051 2072 4103 nomina
2100 4058 2218 4101 sunt
2248 4049 2301 4101 in
2331 4063 2417 4099 ore
2445 4047 2669 4098 omnium
2694 4047 2713 4099 !
2742 4047 3004 4103 Gussanv.

1938 4119 1965 4157 ά
2009 4121 2242 4183 Quantus
2270 4132 2365 4186 pro
2394 4127 2529 4191 quot
2564 4134 2669 4191 non
2722 4133 2842 4172 raro
2870 4130 3169 4189 usurpatur.
3201 4120 3329 4174 an.
3360 4138 3455 4191 xv,

1869 4194 1935 4247 17
1962 4209 1974 4244 :
2015 4192 2206 4259 Quanti
2234 4190 2531 4243 mercenarii
2560 4191 2611 4241 in
2638 4190 2789 4243 domo
2815 4193 2973 4254 patris
2998 4194 3116 4245 ntei.
3146 4191 3204 4243 L.
3235 4208 3267 4245 ll
3295 4192 3457 4255 Cod.,

1868 4266 1934 4317 de
1968 4262 2218 4331 prafecto
2247 4261 2497 4328 pra'torio
2538 4260 2763 4331 Africte.
2813 4262 2839 4331 §
2882 4262 2943 4317 Si
2988 4279 3100 4314 vero
3124 4259 3235 4331 :Et
3272 4266 3455 4327 quanti

1868 4329 2144 4396 limitanei,
2193 4342 2298 4386 etc.
2352 4331 2520 4385 Item:
2570 4329 2762 4385 Milites
2804 4329 2895 4399 pro
2935 4331 3167 4385 custodia
3218 4329 3454 4386 locorum

1869 4416 2088 4476 quantos
2130 4405 2197 4456 ibi
2240 4403 2538 4476 magnitudo
2580 4413 2674 4476 tua
2722 4404 3047 4476 providerit.__
3077 4401 3204 4454 Vide
3249 4405 3452 4476 Anton.

177 4482 241 4534 de
265 4478 469 4531 incauta
490 4491 665 4531 eorum
686 4472 1146 4527 ordinatione......
1172 4472 1338 4527 valeat
1366 4476 1626 4541 provenire
1646 4491 1765 4528 con-
1791 4487 1845 4548 ι)
1870 4472 2117 4547 August.,
2143 4476 2232 4528 lib.
2256 4490 2291 4527 ll
2317 4472 2779 4548 Observationum,
2806 4488 2921 4538 cap.
2940 4473 2992 4527 5.
3012 4473 3277 4548 Caeterum
3306 4474 3455 4528 Psal-

201 4564 335 4606 ιιδιο.

176 4554 467 4687 Ῑυῗοριιοά
507 4617 741 4685 episcOpi
785 4615 974 4687 domus
1014 4615 1262 4687 omnibus
1308 4615 1720 4687 pateregdebeat
1744 4656 1761 4682 ,

176 4685 459 4751 luculentis
492 4687 810 4743 testimoniis
853 4685 1041 4752 probat
1083 4686 1351 4740 Alteserra
1397 4688 1449 4738 in
1498 4685 1637 4739 lnmc
1678 4687 1759 4741 lo-

173 4779 298 4821 cum
321 4807 335 4831 ,
368 4776 524 4831 quem
556 4757 1039 4831 lector__cons_ulet.
1086 4756 1242 4811 Plura
1287 4757 1356 4811 de
1403 4757 1762 4826 hoSpitalitate

176 4826 421 4907 episcopi
446 4831 680 4907 diximus
705 4827 857 4907 alias.
891 4826 1158 4907 Gussatvv.

260 4918 281 4945 ε
322 4896 403 4960 An
443 4902 613 4957 virtus
642 4912 733 4953 aut
764 4900 946 4953 vitium
978 4900 1027 4951 in
1057 4901 1235 4967 aliquo
1264 4896 1439 4953 defixa
1486 4899 1625 4963 sint,
1656 4899 1765 4955 Ine-

178 4986 335 5037 reant
356 5018 371 5043 ,
397 4991 513 5029 cum
541 4973 678 5027 omni
706 4971 875 5043 studio
900 4985 961 5043 ac
986 4970 1329 5024 sollicitudine
1342 4971 1727 5043 requirendum
1744 5012 1759 5035 ,

179 5040 431 5106 subtiliter
461 5043 808 5099 indicandum
832 5041 1068 5096 declarat
1094 5050 1307 5095 sanctus
1326 5040 1640 5112 Gregorius,
1660 5045 1765 5095 sol-

180 5120 358 5178 licitus
389 5128 444 5173 et
471 5116 539 5170 de
582 5113 793 5169 defectu
837 5112 1053 5181 lt05pitii
1092 5122 1148 5167 et
1185 5114 1253 5167 de
1293 5127 1453 5166 causa
1499 5112 1759 5167 defectus.

86 5209 99 5221 '
181 5186 397 5248 Scilicet
453 5186 647 5255 ubique
700 5186 1017 5238 alterutrum
1064 5198 1348 5238 secernere
1407 5199 1512 5237 non
1553 5198 1766 5255 semper

183 5265 421 5319 obvium.
464 5254 643 5311 Facile
671 5255 814 5311 enim
839 5264 913 5308 est
959 5255 1200 5308 simulare
1246 5255 1520 5317 virtutem,
1560 5254 1766 5322 di/ﬁcile

184 5334 362 5391 habere
405 5332 675 5393 virtutem,
722 5335 856 5380 teste
895 5336 1082 5379 sancto
1129 5324 1454 5393 Augustino,
1500 5325 1591 5379 lib.
1637 5340 1649 5377 I
1698 5324 1765 5378 de

186 5407 419 5464 Moribus
490 5400 785 5462 Ecclesia,
835 5411 885 5451 c.
940 5396 988 5449 1.
1048 5394 1193 5459 Fili,
1243 5396 1516 5465 diligenter
1562 5396 1767 5451 adverte

186 5492 349 5534 motus
378 5484 579 5529 natura:
607 5479 655 5523 et
685 5468 894 5540 gratite,
923 5469 1047 5537 quia
1076 5468 1224 5540 valde
1260 5469 1526 5540 contrarie
1553 5476 1598 5519 et
1642 5468 1763 5540 sub-

185 5548 340 5603 tiliter
369 5537 745 5606 mouenturfet
774 5540 858 5591 via:
885 5539 979 5591 nisi
1008 5555 1039 5590 a
1066 5537 1322 5607 spirituali
1354 5547 1400 5590 et
1433 5538 1610 5607 intimo
1644 5538 1766 5590 illu-

186 5622 372 5675 minato
405 5615 606 5670 homine
646 5613 1028 5675 discernuntur,
1068 5606 1227 5663 docet
1268 5618 1452 5661 auctor
1479 5610 1543 5661 de
1576 5606 1765 5660 Imita-

188 5694 317 5747 tione
344 5689 554 5751 Christi,
590 5682 681 5738 lib.
716 5697 792 5748 nl,
819 5696 870 5734 c.
895 5680 983 5732 54.
1003 5680 1153 5746 Quod
1180 5680 1225 5733 si
1250 5679 1481 5748 penitius
1498 5680 1655 5732 ntnlti
1672 5696 1768 5751 re-

188 5767 491 5824 volvereut,
534 5749 742 5812 Cautius
790 5761 839 5806 et
892 5752 1230 5824 ambularent
1281 5752 1335 5803 in
1387 5751 1490 5824 viis,
1537 5749 1764 5804 Domini.

193 5836 317 5893 Vide
348 5822 511 5889 emin.
542 5826 689 5883 card.
724 5824 867 5879 Bona
899 5862 913 5889 ,
944 5823 1007 5875 de
1035 5822 1340 5878 discretione
1368 5822 1639 5894 spirituum
1668 5862 1685 5893 ,
1712 5835 1764 5877 c.

1869 4544 2076 4602 moi-um
2113 4546 2407 4615 ignorantia
2439 4556 2486 4597 et
2523 4544 2779 4596 tenacitas
2808 4556 2989 4615 arcent
3018 4544 3085 4595 ab
3114 4546 3452 4612 episciipatn.

1869 4620 2093 4688 Oportet
2119 4614 2260 4671 enim
2302 4615 2612 4688 epist-otium
2650 4628 2770 4688 esse
2802 4614 3223 4688 Ilospitalemhet
3266 4615 3453 4670 ducto-

1867 4683 2002 4744 rem.
2032 4689 2181 4754 Quod
2214 4688 2279 4740 de
2301 4683 2652 4754 jurejurando
2682 4684 2862 4737 subdit
2890 4696 3103 4738 sanctus
3136 4683 3451 4751 Gregorius.

1869 4762 1920 4814 id
1951 4753 2163 4831 quidem
2197 4753 2449 4811 notabile.
2470 4753 2674 4831 .Videat
2702 4755 2868 4809 lector
2896 4754 3139 4831 Glossam
3160 4795 3175 4820 ,
3204 4756 3326 4809 dist.
3360 4757 3454 4831 8},

1871 4824 1981 4885 ubi"
2002 4829 2153 4884 multi
2195 4842 2429 4882 canones
2468 4824 2522 4879 in
2554 4836 2831 4896 utramque
2862 4838 3063 4895 partem
3095 4828 3341 4881 citantur.
3376 4827 3456 4883 De

1870 4903 2096 4957 Psalmis
2134 4910 2187 4953 et
2230 4899 2455 4954 scientia
2500 4897 2735 4964 episcopi
2778 4899 2952 4953 videat
2994 4900 3118 4951 dist.
3152 4899 3219 4951 .38
3254 4909 3451 4964 totam,

1867 4985 1920 5027 et
1953 4971 2245 5041 praesertim
2277 4985 2326 5023 c.
2362 4968 2548 5022 Omnes
2580 4969 2869 5031 psallentes,
2903 4969 3108 5041 etdist.
3138 4967 3229 5033 23,
3262 4984 3311 5023 c.
3348 4969 3452 5034 Qui

1868 5040 2169 5113 epiScopus,
2201 5057 2265 5094 ex
2299 5042 2548 5108 Carthag.
2582 5042 2777 5094 concil.
2809 5040 3086 5113 lmoidicta
3120 5042 3246 5094 dist.
3279 5042 3366 5101 58,
3399 5054 3449 5113 c.

1871 5110 1995 5179 Quw
2022 5116 2179 5181 ipsis,
2210 5114 2350 5166 inter
2378 5127 2439 5164 ea
2467 5125 2584 5178 quae
2610 5122 2730 5165 sunt
2755 5110 3121 5166 sacerdotibus
3150 5112 3453 5165 necessaria

1869 5188 1932 5239 ad
1976 5187 2322 5249 discendum,
2358 5183 2568 5248 reperio
2598 5196 2703 5235 non
2735 5188 2896 5236 modo
2926 5197 3158 5237 canones
3192 5183 3455 5251 paeniten-

1870 5257 2021 5311 tiales
2041 5299 2055 5319 ,
2086 5257 2178 5311 sed
2206 5256 2366 5309 etiam
2399 5253 2733 5307 Psalterium.
2767 5253 2838 5307 De
2868 5254 3200 5308 Psalmorum
3228 5253 3454 5307 scientia

1870 5328 2021 5396 plura
2048 5327 2167 5382 vide
2202 5329 2266 5381 ad
2296 5325 2453 5395 epist.
2493 5323 2564 5379 45
2592 5324 2685 5379 lib.
2715 5340 2803 5392 tv,
2832 5340 2973 5380 nunc
3008 5324 3077 5377 48
3104 5324 3197 5378 lib.
3234 5339 3286 5378 ν.
3322 5324 3459 5377 Pan-

1871 5401 1962 5452 tim
1992 5416 2052 5453 ea:
2077 5399 2343 5455 Gussmv.

1944 5480 1968 5509 ο
2010 5472 2217 5526 Dictum
2249 5484 2410 5538 supra
2432 5512 2447 5537 ,
2478 5470 2632 5536 epist.
2673 5468 2739 5522 l9
2769 5467 2860 5523 lib.
2896 5483 2969 5535 tv,
2998 5482 3139 5522 nunc
3170 5466 3236 5522 l7
3268 5466 3359 5521 lili.
3398 5482 3451 5523 v.

1948 5542 1965 5580 ί
2008 5543 2379 5607 Recentiores,
2408 5540 2586 5597 invitis
2611 5541 2739 5595 Mss.
2772 5538 2967 5606 Vatic.,
2999 5539 3183 5595 Norm.
3217 5550 3269 5594 et
3296 5540 3414 5593 aliis
3434 5578 3452 5606 ,

1870 5616 1946 5669 vel
1974 5614 2161 5667 edicto.

1874 5689 2123 5813 “ripisr.
2163 5684 2257 5740 Xll
2297 5684 2404 5759 [Αἰ.
2445 5682 2521 5757 7].
2563 5716 2633 5728 -
2676 5692 2699 5721 ο
2746 5681 2820 5739 De
2856 5698 2918 5738 ea
2959 5682 3080 5738 vide
3117 5683 3183 5738 ad
3221 5683 3378 5747 epist.
3420 5680 3458 5736 2

1892 5775 1965 5813 ι).
2003 5774 2073 5813 tv.

1892 5758 1965 5814 ib.
2003 5774 2073 5813 tv.
