3928 6342
134 291 284 348 1317

817 283 1298 343 EPISTOLARUM
1335 283 1466 341 LIB.
1506 270 1760 370 Χινεμ-
1796 279 2045 338 INDICT.
2087 279 2200 337 VII.
2242 308 2316 328 —-
2351 279 2568 336 EPIST.
2610 280 2754 338 XIV.

3257 283 3403 342 I3I8

134 405 340 476 gratias
367 401 610 460 referatis
637 409 794 473 atque
821 404 938 472 ejus
969 405 1237 470 animum,
1269 404 1404 460 sicut
1433 403 1718 458 consuevi-
1745 402 1801 462 Α
1832 407 1993 454 tatem
2024 441 2039 465 ,
2075 401 2143 454 ita
2175 415 2306 456 sane
2333 411 2390 456 ut
2428 403 2576 471 prius
2616 402 2878 472 scriptura
2925 403 3313 461 interveniente
3355 418 3403 463 te

135 499 242 552 stis
262 539 277 564 ,
310 496 373 551 ad
409 511 589 566 pacem
617 494 683 548 de
715 493 893 548 futuro
922 511 1016 562 per
1041 495 1215 549 omnia
1247 494 1566 565 provocetis,
1594 506 1727 562 qua-

141 602 305 646 tenus
335 588 638 644 mercedem
668 588 854 657 populi
884 586 1217 654 innocentis,
1248 589 1335 657 qui
1381 589 1430 640 in
1472 585 1726 641 seandalo

141 683 321 749 perire
366 688 601 748 poterat,
650 687 772 732 ante
810 688 1153 748 conspectum
1196 677 1330 747 Dei,
1377 678 1516 732 inter
1561 677 1726 732 multa

143 777 282 829 brna
315 790 428 844 quae
458 774 642 844 agitis,
679 773 914 827 invenire
944 773 1154 839 possitis
1185 771 1234 826 ιι.

679 863 1010 920 EPISTOLA
1053 864 1190 919 XIII.

373 972 441 1012 AD
478 969 785 1010 Αιεῖεοκελι
826 971 1148 1010 οοιιεγιιλευκ
1186 968 1492 1011 EPISCOPUM.

140 1048 293 1104 Beati
321 1049 512 1104 Donati
539 1065 726 1112 corpus
752 1048 805 1101 in.
839 1047 1072 1118 Cassiepi
1111 1059 1281 1102 castra
1313 1048 1518 1102 recondi
1555 1048 1724 1116 sinat,

450 1121 592 1177 salua
624 1120 869 1174 Ecclesia:
897 1135 1004 1174 sua:
1027 1121 1407 1191 jurisdictione.

217 1213 506 1282 Gregorius
536 1213 788 1283 Al-cysoni
817 1212 1068 1280 episcopo
1098 1212 1369 1282 Corcyrae.

218 1304 672 1372 Resipiscentibus
714 1303 966 1360 fratribus
1008 1312 1060 1359 et
1103 1304 1166 1356 ad
1212 1304 1423 1360 salubre
1463 1317 1520 1357 se
1545 1302 1725 1356 consi-

146 1397 274 1451 lium
305 1395 739 1452 convertentibus
767 1412 870 1462 non
901 1405 984 1452 est
1022 1395 1263 1465 neganda
1292 1394 1595 1464 benignitas
1616 1435 1629 1458 ,
1658 1407 1728 1448 ne

146 1491 270 1560 plus
301 1491 351 1545 in
382 1492 756 1561 episc0porum
789 1491 1055 1545 mentibus
1097 1492 1248 1562 culpa
1288 1492 1532 1546 videatur
1571 1505 1728 1560 posse

143 1598 299 1652 quam
327 1584 580 1636 cliaritas.
606 1581 918 1637 Venientem
949 1583 1107 1653 igitur
1134 1583 1200 1636 ad
1231 1595 1329 1636 nos
1356 1583 1592 1648 Petrum,
1626 1582 1728 1636 Ec-

143 1674 322 1728 clesia:
357 1673 530 1728 Euris:
564 1674 848 1740 lectorem,
882 1689 1001 1727 cum
1034 1675 1250 1744 scriptis
1282 1673 1459 1728 fratris
1507 1684 1560 1727 ct
1599 1688 1724 1728 coe-

143 1767 343 1837 piscopi
401 1768 572 1822 nostri
624 1767 878 1832 Joannis,
920 1781 1098 1822 coram
1146 1766 1547 1837 responsalibus
1591 1765 1726 1820 dile-

142 1861 337 1914 ctionis
390 1869 495 1914 tute
547 1859 909 1930 suscepimus,
964 1868 1125 1930 atque
1174 1875 1295 1914 cum
1355 1869 1473 1929 post
1525 1859 1722 1914 relecta

142 1954 335 2022 scripta
355 1995 369 2018 ,
404 1967 524 2020 quae
555 1951 856 2021 detulerat,
887 1967 1027 2006 curae
1058 1952 1210 2011 nobis
1242 1951 1342 2006 fuit
1381 1951 1652 2020 requirere
1680 1951 1726 2008 si

142 2048 267 2118 quid
316 2057 500 2101 contra
550 2047 923 2116 allegationem
976 2046 1284 2101 eorumilem
1335 2046 1725 2116 responsalium

146 2149 354 2192 tuorum
407 2137 628 2192 haberet
675 2139 815 2209 quod
863 2138 1084 2194 diceret.
1135 2137 1235 2205 Qui
1283 2139 1407 2194 dum
1459 2139 1587 2194 nihil
1625 2139 1725 2193 sibi

142 2231 286 2286 aliud
330 2231 623 2300 injunctum
665 2231 751 2286 vel
794 2245 1174 2301 rcSponsurum
1216 2245 1274 2286 se
1310 2230 1520 2302 penitus
1549 2229 1728 2301 perbi-

145 2324 328 2388 heret,
357 2333 506 2378 extra
537 2322 639 2378 hoc
667 2322 804 2393 quod
838 2322 1075 2392 episcopi
1107 2322 1276 2390 ipsius
1305 2322 1530 2390 epistola
1557 2320 1730 2376 conti-

147 2416 341 2482 nebat,
377 2433 435 2472 ea
467 2433 583 2488 quae
615 2416 1327 2484 canonihuscougruebant,
1356 2413 1466 2469 Deo
1490 2424 1725 2480 auctore,

146 2511 263 2564 sine
295 2509 540 2563 tarditate
572 2508 930 2564 decrevimus.
961 2507 1087 2562 Post
1119 2507 1333 2578 longum
1367 2521 1491 2561 vero
1521 2516 1729 2574 tempus

149 2601 549 2671 suprascriptus
592 2599 780 2656 Petrus
826 2599 1116 2669 capitularc
1156 2598 1404 2668 pretulit,
1447 2597 1589 2667 quod
1628 2597 1729 2654 sibi

147 2695 327 2750 datum
379 2709 406 2746 a
445 2707 542 2748 suo
586 2693 863 2748 asserebat
907 2692 1193 2761 episcopo,
1227 2701 1279 2746 et
1312 2689 1509 2745 idcirco
1554 2703 1731 2744 moras

148 2802 305 2841 causa
347 2785 614 2840 sustinuit.
658 2784 763 2840 Sed
805 2783 926 2854 quia
965 2783 1020 2838 in
1067 2782 1257 2839 eodem
1301 2781 1582 2853 capitulari
1617 2796 1731 2838 me-

151 2889 388 2936 rnoratus
418 2889 440 2914 ίι
474 2893 719 2950 sperasse
761 2877 1035 2946 legebatur
1065 2877 1290 2932 antistes
1321 2885 1377 2929 ut
1406 2874 1458 2928 in
1493 2873 1729 2930 Ecclesia

153 2973 294 3028 beati
335 2972 590 3038 Joannis,
624 2971 650 3008 lt
683 2987 799 3042 qua:
842 2971 980 3025 intra
1019 2980 1253 3024 castrum
1305 2967 1446 3039 quod
1493 2964 1734 3038 Cassiepi

150 3076 374 3121 vocatur
414 3074 497 3119 est
538 3065 708 3135 posita
738 3105 751 3129 ,
796 3072 1038 3136 sanctum
1081 3077 1142 3116 ac
1190 3061 1494 3116 venerabile
1539 3073 1736 3130 corpus

1833 491 2035 547 muniat
2063 508 2330 562 nunquam
2360 494 2458 548 sibi
2490 493 2541 548 in
2571 493 2803 549 antelata
2831 494 3064 572 Ecclesia
3097 499 3178 553 vel
3205 510 3403 567 castro,

1830 585 1932 640 sub
1958 586 2194 654 quolibet
2222 597 2535 658 argumento
2559 629 2574 654 ,
2603 587 2831 659 aliquam
2859 588 3282 658 jurisdictionem
3314 591 3398 647 vcl

1831 677 2160 748 privilegium
2190 686 2439 749 tanquam
2482 681 2728 751 proprius
2767 669 3048 752 episc0pus
3093 675 3392 752 vindicare,

1830 769 1927 824 sed
1979 785 2138 824 omne
2189 770 2300 825 illic
2347 771 2435 839 jus
2486 786 2548 826 ac
2597 780 2909 842 potestatem
2963 774 3212 830 Ecclesia:
3267 762 3401 843 ture,

1832 861 2029 931 quippe
2056 863 2207 931 cujus
2248 870 2331 917 est
2375 862 2662 932 parochia,
2706 863 3080 920 inviolabiliter
3117 867 3406 922 custodire.

1831 954 2042 1009 Pariter
2069 969 2282 1024 quoque
2313 963 2397 1021 te,
2446 955 2584 1010 sicut
2628 955 2767 1011 idem
2815 957 2974 1012 l'ratcr
3010 967 3192 1014 noster
3229 962 3406 1028 petiit,

1829 1046 2083 1100 convenit
2107 1047 2469 1115 respondere,
2504 1057 2561 1102 ut
2591 1056 2828 1117 tempore
2854 1063 2958 1119 quo
2985 1050 3270 1106 miserante
3302 1051 3412 1106 Deo

1832 1150 1966 1206 pace
1995 1137 2205 1192 reddita
2228 1138 2300 1190 illi
2327 1137 2389 1191 ad
2420 1139 2631 1208 propria
2664 1139 2820 1194 fuerit
2844 1143 3146 1196 revertendi
3178 1143 3410 1212 licentia,

1829 1228 2159 1284 antedictum
2201 1230 2508 1286 venerabile
2548 1246 2741 1303 corpus
2782 1232 3056 1289 auferendi
3087 1250 3265 1291 secum
3297 1236 3414 1291 sine

1837 1321 2015 1389 aliqua
2047 1321 2346 1391 obiectione
2374 1321 2455 1377 fas
2488 1321 2699 1377 habeat.
2732 1323 2843 1391 Qua
2874 1325 2941 1380 de
2971 1340 3029 1380 re
3060 1324 3082 1362 δ
3119 1342 3185 1381 ne
3227 1340 3413 1396 perso-
3497 1331 3502 1335 '

1833 1410 1954 1463 nale
1996 1424 2115 1463 esse
2159 1411 2400 1466 videatur
2439 1411 2580 1481 quod
2610 1412 2837 1480 geritur,
2876 1422 2931 1468 et
2971 1413 3193 1470 inveniri
3237 1415 3406 1486 possit

1829 1499 1972 1554 unde
2003 1499 2235 1554 recidiva
2269 1516 2455 1556 rursus
2489 1501 2752 1556 excitetur
2777 1504 3071 1572 contentio,
3102 1505 3260 1560 etiam
3290 1521 3409 1560 suc-

1831 1605 2079 1647 cessores
2109 1593 2275 1648 vestri
2311 1593 2363 1647 in
2397 1594 2494 1648 hac
2525 1594 2878 1662 promissione
2907 1611 3003 1665 pro
3031 1599 3410 1654 conservandis

1837 1685 2083 1740 omnibus
2130 1695 2255 1741 sunt
2305 1702 2400 1754 per
2448 1686 2627 1742 omnia
2681 1687 3100 1755 complectendi,
3154 1700 3412 1759 quatenus

1757 1789 1805 1851 Β
1835 1777 2142 1848 hujusmodi
2177 1779 2541 1849 praeveniente
2566 1781 2804 1848 cautela,
2835 1795 2934 1836 nec
2977 1782 3065 1838 ille
3110 1783 3304 1838 ibidem
3345 1785 3411 1840 de

1830 1880 2030 1925 caetero
2060 1872 2161 1925 sibi
2204 1872 2491 1942 quidquam
2523 1872 2574 1926 in
2605 1871 2820 1926 dioecesi
2857 1882 2944 1928 tua
2974 1882 3160 1928 contra
3186 1876 3407 1944 aequita-

1830 1971 1935 2017 tern
1967 1972 2019 2017 et
2050 1979 2324 2018 sacrorum
2352 1979 2616 2019 canonum
2647 1965 2862 2021 decreta
2894 1977 3179 2035 prresumat
3218 1968 3408 2024 defen-

1833 2056 1961 2110 dere
1983 2097 1996 2122 ,
2025 2063 2079 2110 et
2104 2055 2189 2125 jus
2222 2055 2478 2110 Ecclesiae
2506 2064 2611 2113 tute
2637 2072 2702 2113 ex
2731 2057 3033 2128 hujusmodi
3061 2065 3407 2116 concessione

1829 2145 2197 2216 praejudicium
2247 2146 2459 2216 aliquod
2510 2148 2656 2202 nulla
2701 2164 2932 2220 unquam
2987 2152 3193 2210 ratione
3243 2156 3408 2210 susti-

1832 2247 1957 2294 neat
1991 2249 2036 2292 ο.
2069 2239 2231 2310 (Vide
2256 2256 2373 2310 sup.
2402 2257 2521 2311 epp.
2550 2242 2579 2294 7
2609 2250 2658 2296 et
2689 2242 2769 2312 8.)

2217 2356 2426 2427 1273
2463 2365 2489 2393 ⁸
2522 2359 2851 2416 EPISTULA
2889 2361 3031 2418 XIV.

2239 2466 2306 2502 AD
2345 2466 2574 2508 FELICEM
2613 2468 3003 2511 SUBDIACONUM.

1834 2536 2077 2593 Ecclesia
2099 2540 2265 2593 sancti
2289 2539 2445 2595 Pauli
2458 2545 2538 2666 ἔα
2560 2547 2772 2669 roganda
2796 2548 2991 2602 lumina
3017 2549 3214 2621 amplos
3234 2565 3414 2608 conce-

2497 2626 2532 2669 rt
2569 2632 2625 2669 re
2664 2625 2784 2669 itus.

2497 2626 2532 2669 ll
2569 2625 2784 2671 reditus.

1904 2701 2194 2772 Gregorius
2222 2703 2389 2761 Felici
2428 2707 2756 2766 subdiacono
2782 2718 2836 2767 et
2880 2712 3076 2770 rectori
3116 2702 3418 2784 patrimonii

1832 2796 2038 2866 Appill‘.

1908 2889 2056 2945 Licet
2079 2890 2254 2944 omnia
2286 2906 2404 2958 quae
2428 2891 2513 2946 hic
2538 2894 2827 2961 apostolica
2862 2894 3021 2951 habet
3043 2896 3269 2952 ecclesia
3302 2897 3424 2952 bca-

1835 2987 2010 3033 torum
2058 2980 2200 3035 Petri
2241 2989 2294 3036 et
2324 2982 2491 3047 Pauli,
2525 2999 2750 3052 quorum
2792 2986 2995 3042 hon0re
3035 2996 3090 3042 et
3136 2988 3411 3043 beneﬁciis

1840 3072 2098 3138 aciuisita
2128 3083 2269 3140 sunt,
2304 3073 2416 3129 Deo
2437 3077 2544 3130 sint
2565 3087 2782 3132 auctore
2806 3079 3128 3145 communia,
3161 3093 3279 3134 esse
3323 3079 3421 3133 de-

156 3158 300 3213 beati
345 3158 533 3213 Donati
574 3158 784 3232 1272
831 3155 1022 3212 habeat
1062 3153 1387 3224 recondendi
1432 3154 1732 3221 licentiam,

1854 3167 1935 3222 bet
1979 3166 2031 3220 in
2077 3166 2540 3224 administratione
2566 3171 2832 3224 actionum
2860 3171 3142 3226 diversitas
3170 3186 3429 3241 persona-

154 3258 396 3321 paratum
429 3265 487 3305 se
525 3265 644 3306 esse
686 3248 932 3318 inquiens
971 3246 1240 3303 dilectioni
1281 3255 1415 3311 tum,
1458 3255 1737 3317 pr0pterea

153 3343 298 3414 quod
332 3351 416 3396 tua
450 3341 708 3412 probatur
739 3356 858 3395 esse
891 3339 1174 3414 diteccsis,
1207 3337 1556 3393 munitionem
1587 3337 1741 3392 emit-

158 3445 273 3496 tere
304 3434 507 3488 nullum
543 3432 640 3488 tibi
671 3447 736 3487 ex
766 3432 869 3489 hoc
901 3430 1264 3501 praejudicium
1293 3431 1568 3501 generari,
1602 3429 1741 3500 peti-

159 3529 360 3585 tionem
392 3529 509 3599 ejus
539 3528 654 3583 sine
692 3528 882 3583 cﬂectu
918 3541 1023 3582 non
1053 3524 1394 3596 pravidimus
1436 3524 1742 3594 relinquen-

159 3619 307 3686 dam,
343 3630 619 3690 postquam
650 3618 720 3674 ita
753 3617 855 3673 sibi
885 3617 1223 3673 necessitatis
1258 3626 1495 3686 tempore
1527 3615 1743 3671 deside-

154 3723 240 3769 rat
272 3723 294 3751 ε
328 3712 444 3767 ﬁeri
471 3711 797 3778 consultum,
827 3720 884 3765 ut
909 3708 1162 3766 Ecclesia:
1191 3717 1296 3764 tua:
1317 3708 1744 3779 jurisdictionem

158 3818 380 3860 servare
409 3818 467 3858 se
496 3802 549 3857 in
581 3804 829 3858 omnibus
870 3803 1116 3858 fateatur.
1161 3801 1269 3856 llac
1317 3803 1493 3872 itaque
1539 3801 1746 3855 ratione

161 3898 426 3968 permoti,
482 3896 872 3952 fraternitatem
926 3905 1072 3965 tuam
1126 3894 1338 3963 scriptis
1394 3893 1747 3964 prmscmibus

164 3990 541 4056 adtiortamur,
577 3999 632 4044 ut
660 3990 776 4044 sine
806 3988 984 4058 aliqua
1016 4002 1165 4041 mora
1188 4027 1204 4053 ,
1245 3985 1332 4041 vel
1367 3983 1745 4051 excusatione,

167 4086 221 4139 in
274 4085 658 4155 praenominata
704 4083 846 4138 beati
894 4081 1115 4138 Joannis
1149 4079 1387 4154 Ecclesia
1430 4077 1748 4136 recondeiidi

165 4175 519 4246 suprascripti
550 4174 721 4230 sancti
753 4173 1057 4228 venerabile
1084 4187 1277 4241 corpus
1310 4173 1545 4244 praebeat
1585 4171 1750 4228 facul-

163 4311 294 4364 dum
325 4309 489 4365 lilium
532 4309 747 4380 Agilulfi
790 4310 966 4379 regis,
1008 4324 1086 4364 sc.
1128 4325 1267 4364 anno
1307 4309 1444 4376 603,
1489 4325 1593 4376 quo
1635 4311 1751 4381 festi

166 4381 442 4436 Paschalis
473 4382 578 4436 dies
607 4382 705 4449 fuit
736 4384 952 4451 septimo
993 4381 1124 4435 Idus
1167 4382 1400 4449 Aprilis;
1439 4397 1546 4449 quo
1586 4384 1748 4436 etiam

165 4469 357 4508 mense
387 4455 659 4522 Septemb.
692 4457 855 4518 cmpit
882 4451 1100 4507 indictio
1126 4451 1348 4522 septima
1377 4470 1388 4504 :
1420 4452 1653 4522 factaque
1677 4461 1751 4505 est

164 4541 308 4594 pax,
342 4526 540 4592 inquit,
575 4539 742 4576 mense
776 4538 914 4594 nono
939 4539 1113 4594 iusque
1153 4525 1219 4576 art
1261 4522 1483 4576 Kalend.
1520 4522 1712 4589 Aprilis
1734 4564 1748 4585 ,

1845 3272 1982 3318 rum,
2011 3265 2071 3311 ut
2095 3258 2145 3311 in
2189 3257 2469 3328 assignatis
2493 3261 2682 3329 cuique
2706 3261 2868 3317 rebus
2890 3275 3017 3317 cura
3041 3262 3280 3318 adhiberi
3307 3277 3431 3331 pos-

1846 3345 1917 3400 sit
1946 3346 2256 3416 impensior.
2297 3346 2429 3401 Cum
2481 3362 2612 3418 ergo
2669 3364 2764 3418 pro
2818 3351 3045 3408 ecclesia
3095 3352 3234 3409 beati
3280 3354 3431 3409 Pauli

1848 3435 2094 3503 apostoli,
2120 3437 2422 3493 sollicitudo
2445 3438 2623 3494 debita
2649 3455 2746 3496 nos
2767 3452 3135 3498 commoneret
3160 3459 3227 3499 ne
3251 3445 3430 3501 minus

1847 3525 1955 3581 illic
1992 3527 2192 3584 habere
2239 3529 2520 3585 luminaria
2552 3531 2690 3586 idem
2718 3547 2896 3603 praeco
2942 3533 3064 3590 ﬁdei
3089 3546 3432 3605 cerni-retur,

1847 3620 1935 3690 qui
1969 3627 2134 3676 totum
2163 3613 2418 3676 mundum
2447 3621 2648 3677 lumine
2669 3638 2780 3679 suae
2811 3624 3207 3698 praedicationis
3231 3627 3427 3696 imple-

1847 3714 1943 3780 vit,
1972 3711 2002 3752 ι’
2031 3723 2084 3769 et
2113 3713 2269 3769 valde
2296 3715 2642 3785 incongruum
2671 3731 2789 3772 esse
2819 3732 2880 3772 ac
2911 3716 3253 3774 durissimum
3276 3719 3424 3774 vide-

1849 3813 1996 3861 retur
2023 3814 2078 3860 ut
2107 3806 2198 3860 illa
2224 3807 2272 3862 ei
2302 3808 2605 3878 specialiter
2631 3809 2900 3879 possessio
2939 3824 3044 3864 non
3078 3810 3326 3877 serviret,
3375 3810 3431 3865 in

1851 3911 1953 3965 qua
1997 3897 2225 3966 palmam
2253 3913 2475 3956 sumens
2505 3900 2746 3970 martyrii
2769 3901 2946 3971 capite
2971 3909 3055 3958 est
3077 3908 3346 3956 truncatus
3377 3908 3438 3956 ut

1850 3992 2076 4056 viveret,
2105 3992 2234 4048 utile
2259 3992 2562 4063 judicamus
2583 3991 2827 4050 eamdem
2851 4008 3079 4048 massam
3107 4009 3227 4064 quce
3253 3994 3433 4064 Aquas

1851 4084 2056 4141 Salvias
2083 4096 2440 4156 nuncupatur,
2474 4100 2595 4142 cum
2625 4086 2874 4142 omnibus
2896 4085 3076 4142 fundis
3106 4087 3238 4150 suis,
3270 4086 3319 4140 itI
3352 4093 3434 4141 est

1855 4179 1985 4233 cella
2018 4178 2243 4245 vinaria,
2273 4179 2596 4246 Antoniano,
2625 4190 2646 4218 ο
2676 4178 2802 4234 villa
2836 4178 3057 4235 Pertusa
3085 4177 3140 4233 in
3169 4175 3284 4233 loro
3314 4177 3430 4232 Pri-

1855 4313 2060 4388 Regio,
2095 4311 2561 4388 ferriconsultum.
2595 4383 2604 4388 _
2821 4380 2870 4388 __
3187 4386 3193 4388 Α
3231 4378 3242 4388 ,
3381 4378 3391 4388 ,
3427 4377 3440 4388 ,

1928 4380 1954 4422 ά
1995 4380 2166 4464 Vatic.
2202 4384 2272 4449 Β,
2303 4393 2360 4438 ut
2387 4383 2634 4453 synodali:
2658 4397 2765 4436 esse
2786 4380 3122 4434 Μαθθίαν-..υ
3144 4386 3194 4431 et
3225 4380 3439 4431 inveniri

2113 4472 2124 4504 I
2156 4493 2170 4507 ο

1859 4472 1958 4566 ".02
1984 4465 2346 4594 XIII-IitposSet
2373 4540 2539 4578 mense
2586 4519 2863 4594 Januarii),
2912 4521 3094 4574 indic!-
3126 4519 3179 4572 7-
3220 4517 3442 4594 ἓθὲῖίυτ

165 4589 450 4648 indictione
478 4605 673 4649 octava.
726 4593 857 4647 llinc
885 4593 950 4664 ad
981 4589 1176 4647 annum
1218 4594 1356 4657 605,
1403 4608 1508 4662 quo
1551 4594 1750 4647 mensis
1777 4592 1832 4654 D
1856 4597 1996 4651 enim
2033 4599 2084 4650 in
2116 4589 2287 4651 tribus
2319 4595 2487 4649 Varie.
2519 4604 2572 4649 et
2598 4595 2650 4647 in
2697 4593 3012 4664 Colli._vet.,
3044 4589 3439 4664 quosCoilices

167 4667 374 4734 Aprilis
403 4682 523 4720 cum
555 4676 744 4722 ocrava
779 4661 1066 4719 indic't‘ione
1109 4665 1390 4726 currebat,
1422 4661 1746 4730 productam

167 4752 359 4809 pacem
391 4737 797 4809 colligeremus,
837 4735 934 4809 nisi
968 4748 1205 4809 ocrav_am
1224 4735 1480 4809 eamdem
1512 4734 1753 4809 indictio-

169 4805 299 4862 item
332 4824 444 4877 seq.
479 4809 653 4876 capite
683 4806 750 4858 ΖΟ
782 4807 1078 4874 assignaret
1107 4805 1302 4860 Paulus
1323 4848 1337 4870 ,
1371 4813 1480 4877 tum
1497 4805 1752 4877 secundo

169 4879 372 4949 Phocea
401 4875 710 4946 imperantis
742 4892 879 4930 anno
902 4917 915 4940 ,
952 4886 1058 4949 tum
1092 4877 1349 4949 Gregorio
1387 4876 1451 4929 ad
1483 4875 1752 4949 Christum

169 4947 456 5021 migranti,
489 4967 607 5002 tum
641 4958 819 5021 tamen
850 4947 1046 5001 nemini
1076 4947 1294 5001 dubium
1325 4949 1395 5002 sit
1424 4949 1653 5021 septima
1682 4947 1754 5001 iti-

173 5018 413 5077 di‘c'tione
440 5021 635 5076 obiisse
665 5018 975 5088 Gregorium
1005 5036 1017 5082 ;
1059 5027 1210 5072 sexta
1250 5035 1377 5073 vero
1399 5059 1414 5084 ,
1457 5019 1554 5074 sub
1595 5022 1754 5074 linem

172 5095 304 5150 anni
338 5094 470 5154 602,
503 5093 732 5147 Pliocam
766 5090 1030 5158 imperare
1061 5093 1310 5158 cmpissc.

256 5164 282 5203 ιι
323 5166 378 5218 In
418 5172 616 5220 recent.
667 5162 945 5216 subditur:
995 5159 1115 5215 Dat.
1161 5178 1326 5216 mense
1368 5159 1648 5220 Januarii,
1675 5160 1758 5214 in-

176 5238 306 5290 dict.
332 5233 387 5302 7,
411 5235 548 5305 quod
580 5233 705 5288 nulli
733 5232 988 5305 exhibent
1011 5248 1038 5284 e
1070 5234 1263 5305 nostris
1293 5247 1421 5286 mss.
1450 5231 1757 5285 Codicibus.

175 5310 405 5373 Verum,
427 5302 567 5374 quod
597 5303 897 5376 pertinebat
926 5302 989 5355 ad
1013 5303 1293 5376 epistolam
1322 5313 1648 5376 sequentem
1663 5315 1760 5370 pro

176 5381 284 5434 hac
330 5372 556 5445 epistola
601 5372 962 5445 assignarunt.
1010 5373 1270 5445 Corrupte
1324 5374 1375 5445 in
1424 5372 1759 5445 Collectione

177 5451 334 5504 Pauli
370 5444 503 5503 Data
533 5448 614 5500 die
640 5444 862 5499 secunda
891 5445 1077 5498 mensis
1109 5444 1315 5508 Martii,
1349 5444 1525 5496 indicl.
1559 5444 1613 5495 ‘2.

257 5525 441 5580 Iecur.
483 5519 598 5574 XIII
635 5517 758 5589 [ΑΙ.
786 5512 866 5587 8].
912 5527 1038 5589 ej
1082 5515 1136 5567 In
1175 5515 1338 5568 Vatic.
1377 5515 1416 5589 l_)
1447 5525 1499 5568 et
1530 5514 1759 5589 liberm,

177 5593 390 5663 petiisse
445 5585 727 5663 legebat—ur,
781 5585 929 5663 Apud
983 5585 1243 5643 Gussanv.
1295 5595 1348 5640 et
1393 5587 1445 5640 in
1499 5585 1765 5642 nonnullis

175 5658 315 5735 Mss.
340 5707 354 5728 ,
392 5658 655 5735 supcrassc
711 5658 984 5735 legebatur.

253 5734 282 5772 ι’
331 5727 556 5798 Excusi,
589 5745 701 5799 quae
727 5732 780 5783 in
808 5727 1044 5798 Cassiopi
1070 5737 1234 5782 castra
1263 5737 1338 5782 est
1369 5729 1556 5799 posita,

260 5817 284 5853 ο
324 5808 460 5866 Tres
490 5802 756 5869 Vaticani,
789 5800 1072 5856 Beccensis
1091 5840 1108 5870 ,
1135 5808 1189 5856 et
1214 5800 1303 5856 alii
1330 5816 1396 5856 ex
1425 5800 1610 5862 Norm.
1641 5814 1767 5860 cum

1857 4668 2225 4737 praeferendos
2261 4677 2510 4736 putamus
2536 4664 2743 4718 duobus
2784 4659 3126 4727 'l‘cllerianis,
3152 4660 3237 4715 ubi
3271 4661 3437 4716 habes

1860 4756 2030 4793 mense
2059 4740 2300 4806 August.,
2325 4737 2505 4806 indict.
2535 4739 2586 4788 ti.

1933 4812 2113 4863 Erisr.
2142 4800 2265 4880 IXle
2289 4807 2396 4880 [.{lL
2425 4803 2518 4880 tl].
2564 4833 2636 4846 ——
2665 4813 2690 4840 ει
2723 4804 2847 4880 Ilaec
2891 4803 3114 4880 epistola
3159 4804 3210 4856 in
3263 4800 3442 4880 tabula

1863 4894 2159 4936 marmorea
2208 4872 2561 4932 ad'basilicae
2602 4879 2768 4932 sancti
2809 4872 2951 4932 Petri
2982 4874 3235 4942 parietem
3287 4872 3445 4928 allisa

1863 4951 2076 5022 legitur.
2111 4950 2303 5022 Aliisne
2335 4947 2491 5018 hujus
2533 4948 2746 5022 tabula;
2775 4947 3023 5022 meminit
3070 4947 3224 5000 Joan.
3270 4944 3444 5008 Diac.,

1867 5019 1959 5077 lib.
1998 5039 2054 5085 ll,
2085 5036 2132 5075 c.
2160 5019 2254 5074 20.
2285 5023 2360 5076 Ex
2421 5022 2519 5073 hac
2559 5019 2782 5087 epistola
2840 5021 3008 5087 liquet
3059 5033 3176 5084 quae
3221 5025 3348 5087 tunc
3393 5023 3449 5068 et

1868 5103 2064 5163 quanta
2092 5101 2272 5146 essent
2310 5093 2362 5146 in
2390 5086 2634 5163 ecclesiis
2682 5086 2999 5163 luminaria.
3028 5087 3180 5163 Apud
3233 5086 3446 5163 Cassio-

1866 5159 2077 5225 (IUI‘UIII,
2124 5163 2215 5216 lib.
2247 5178 2300 5216 ιιι
2337 5162 2568 5225 νὲπίᾶιτ.,
2600 5160 2817 5231 epist'l,
2843 5159 3030 5216 scribit
3073 5159 3441 5231 Theodericus

1868 5249 1959 5289 rex
2015 5235 2266 5303 episeopo
2322 5229 3330 5303 Salonitano'utipi-rsolvatpretium
3385 5243 3451 5303 1.x

1867 5301 2111 5359 arearum
2144 5301 2246 5359 olei
2301 5306 2366 5358 ad
2408 5303 2679 5372 implenda
2722 5302 2836 5373 ejus
2887 5301 3134 5357 ecclesia:
3168 5301 3449 5373 luminaria

1866 5376 2405 5444 C()ll'lpi'tl‘lllal‘llm.l)e
2425 5376 2668 5430 ecclesiae
2691 5372 3042 5430 luminaribus
3077 5387 3219 5440 si-pe
3248 5372 3449 5424 dictum

1869 5461 1898 5500 a
1920 5449 2074 5500 nobis
2103 5449 2152 5501 in
2178 5457 2316 5500 notis
2344 5445 2409 5500 ad
2444 5446 2711 5516 Dialogos.

1940 5517 1966 5553 ι)
1999 5517 2170 5573 Vatic.
2199 5519 2258 5584 Β,
2285 5527 2338 5572 et
2367 5517 2430 5584 It‘,
2457 5509 2974 5588 valde'incougruum
2994 5512 3266 5566 accessisse
3293 5518 3338 5564 et
3364 5509 3455 5563 du-

1868 5607 2140 5643 rissimum.

1944 5672 1965 5698 ε
1999 5663 2049 5714 In
2078 5660 2254 5715 tabula
2270 5673 2572 5716 marmorea
2603 5676 2618 5714 :
2647 5656 2792 5716 Villa
2814 5665 3040 5730 pertuso.
3071 5653 3304 5728 Bifurcu.
3334 5653 3455 5710 Pri-

1872 5732 2118 5788 miniano.
2143 5734 2422 5790 Consentit
2443 5733 2578 5807 Reg.
