3928 6342
492 296 631 355 ibi!)

1684 286 1929 347 SANCTI
1964 288 2300 347 GliEGORlI
2338 284 2553 347 MAGNI

3636 288 3767 348 ιω

490 410 689 475 miano,
720 403 975 462 Cassiano
1015 402 1233 471 Silonis,
1258 400 1284 440 ἀ
1313 399 1571 469 Cornelii,
1603 401 1940 471 Thesselata,
1984 411 2071 458 at-
2103 409 2158 469 Α
2178 417 2359 460 autem
2389 412 2588 476 quanta
2620 404 2944 471 necessitas,
2978 411 3034 460 et
3060 419 3179 474 qua
3210 419 3309 460 nos
3332 406 3473 461 mala
3496 408 3765 463 constrin-

488 515 594 569 que
614 496 954 562 Corneliano,
981 504 1005 533 ο
1037 511 1156 551 cum
1188 495 1332 548 omni
1358 495 1502 563 jure,
1553 493 1840 560 instructo,
1873 496 2074 550 instru-

487 598 779 658 mentoque
806 602 906 643 suo
934 595 989 643 et
1016 584 1265 641 omnibus
1305 584 1626 656 generaliter
1654 584 1722 639 ad
1750 582 1868 639 ea'm
1914 587 2079 654 perti-

487 683 759 749 nentibus,
787 696 907 736 cum
956 677 1157 734 Christi
1188 680 1360 749 gratia
1402 678 1756 733 luminaribus
1799 676 2073 748 deputare,

486 775 801 843 adjieientes
830 773 988 827 etiam
1030 772 1203 826 eidem
1253 773 1483 827 cessioni
1530 772 1714 828 hortos
1757 775 1891 830 duos
1932 775 2073 832 inter

486 866 721 923 Tiberim
751 875 805 921 et
826 864 1085 934 porticum
1106 866 1273 935 ipsius
1302 868 1565 933 ecclesia,
1587 869 1841 923 euntibus
1863 885 1891 923 a
1918 878 2071 938 porta

484 959 717 1014 civitatis
746 966 895 1027 parte
925 958 1168 1025 dextera,
1214 973 1349 1029 quos
1372 959 1561 1014 dividit
1589 959 1783 1018 ﬂuvius
1809 960 1827 1001 ί
1855 965 2072 1031 Almon,

487 1059 514 1097 s
545 1051 683 1104 inter
711 1049 897 1105 amnes
920 1049 1062 1104 horti
1090 1050 1402 1106 monasterii
1424 1052 1593 1106 sancti
1617 1052 1901 1122 Stephani,
1924 1055 2073 1123 quod

485 1151 571 1196 est
596 1140 910 1195 ancillarum
944 1140 1060 1205 Dei,
1094 1142 1324 1208 positum
1354 1142 1420 1195 ad
1469 1153 1711 1199 sanctum
1743 1145 1990 1212 Paulum,
2020 1156 2074 1202 et

483 1232 551 1285 ad
597 1231 728 1287 lines
770 1231 1125 1302 possessionis
1170 1232 1492 1299 Pissiniani,
1547 1236 1707 1290 simul
1750 1244 1803 1292 et
1848 1239 2075 1295 terrulas

484 1338 604 1394 quae
635 1334 891 1380 vocantur
922 1325 1089 1381 Fossa
1121 1326 1367 1394 latronis,
1412 1330 1613 1397 positas
1643 1327 1671 1367 ιι
1697 1330 1891 1388 ibidem
1916 1333 2074 1402 juxta

486 1418 730 1473 eamdem
778 1418 1042 1487 porticum
1083 1419 1360 1485 euntibus;
1387 1420 1633 1475 similiter
1660 1432 1811 1494 parte
1857 1426 2075 1480 sinistra

485 1510 552 1566 ad
584 1520 789 1581 portam
837 1511 930 1565 ubi
958 1527 1099 1566 nunc
1127 1512 1297 1567 vinea:
1324 1513 1478 1569 facta:
1529 1525 1671 1581 sunt,
1703 1531 1822 1586 quae
1858 1518 2075 1573 terrulze

488 1606 764 1660 cohaerent
809 1604 879 1659 ab
912 1621 1018 1661 uno
1050 1606 1216 1661 latere
1243 1608 1567 1673 possessioni
1598 1608 1873 1679 Eugenitis
1905 1626 2076 1680 quon-

478 1697 602 1751 dam
629 1696 957 1761 scholastici,
991 1706 1045 1751 et
1073 1698 1142 1751 ab
1170 1697 1273 1752 alia
1306 1708 1457 1767 parte
1488 1700 1922 1767 possessionibus
1952 1716 2068 1754 mo-

2178 504 2327 565 gant,
2350 504 2405 549 et
2440 498 2718 563 prasentis
2742 496 3068 564 responsalis
3099 499 3265 550 nostri
3296 497 3589 563 relatione,
3622 509 3677 552 et
3704 515 3765 555 ex

2178 584 2421 653 epistolis
2451 584 2633 640 fratris
2660 592 2715 640 et
2743 586 3048 655 coepiscOpi
3078 588 3182 642 mei
3214 587 3501 643 Mariniani
3546 591 3765 659 ptuestis

2177 692 2489 749 agnoscere.
2517 678 2667 734 Unde
2686 678 2912 748 gloriam
2936 687 3164 734 vestram
3180 680 3337 735 decet
3355 682 3608 737 studiose
3629 684 3768 753 cogi—

2180 778 2314 837 tare,
2345 773 2466 841 quia
2497 787 2597 827 nos
2620 772 2688 828 de
2719 773 2980 843 sapientia
3012 783 3188 830 vestra
3218 790 3473 846 magnam
3506 779 3561 831 in
3594 780 3764 833 omni-

2176 868 2394 931 potente
2424 863 2650 920 Domino
2678 864 2926 921 ﬁduciam
2968 867 3244 931 habemus,
3274 877 3330 922 et
3358 869 3457 922 ubi
3488 884 3595 923 vos
3618 872 3760 934 esti<,

2174 955 2285 1011 illic
2316 972 2532 1013 causam
2563 960 2759 1030 negligi
2806 961 2952 1015 nullo
2993 962 3151 1017 modo
3193 962 3493 1018 credimus.
3540 962 3619 1016 Ita
3650 978 3766 1032 ergo

2175 1048 2354 1119 facile,
2390 1061 2451 1106 ut
2489 1054 2817 1109 confidentia
2858 1064 3044 1111 nostra
3085 1070 3114 1108 a
3160 1070 3257 1110 sua
3298 1055 3639 1111 certitudine
3670 1072 3767 1109 nos

2176 1144 2475 1201 inveniatur
2506 1148 2703 1203 aliena.
2735 1148 2919 1204 Gratia
2953 1163 3045 1204 vos
3092 1163 3325 1219 superna
3355 1148 3679 1215 custodiat,
3716 1161 3765 1205 et

2175 1251 2432 1308 prospere
2457 1253 2615 1310 agere
2643 1240 2822 1295 omnia
2847 1240 3125 1295 concedat.

2714 1353 3044 1411 EPISTOLA
3084 1354 3229 1410 XVI.

2282 1484 2487 1525 FELICIS
2514 1484 2866 1525 IESSA‘NENSIS
2892 1484 3123 1525 EPISCOPI
3150 1484 3217 1524 AD
3248 1482 3295 1524 8.
3333 1481 3671 1525 GBEGOIIUI.

2179 1582 2376 1647 Querit
2402 1582 2467 1635 de
2513 1583 2970 1653 consanguinitatis
3010 1582 3256 1653 gradibus
3281 1583 3341 1636 in
3368 1581 3562 1650 quibus
3594 1582 3758 1634 nabere

2248 1656 2391 1717 licet;
2442 1654 2506 1707 de
2552 1658 2903 1725 episwporum
2949 1655 3211 1709 vexatione
3262 1670 3294 1706 α
3340 1653 3597 1725 subditis,
3629 1668 3684 1705 ac
3712 1656 3761 1705 de

2249 1725 2470 1778 ecclesiis
2496 1724 3084 1794 quarttm'dedicatt'ones
3104 1734 3222 1778 sunt
3253 1724 3454 1777 dubite.

482 1788 746 1844 nasteriii
784 1792 953 1844 sancti
985 1790 1199 1856 Edistii,
1247 1806 1366 1860 qua:
1411 1790 1588 1846 omnia
1641 1792 1749 1845 Deo
1791 1793 2075 1862 adjuvante
2109 1788 2153 1848 Β
2253 1816 2479 1871 Dom-mo
2508 1788 2839 1872 'beaussimn
2885 1826 2940 1871 ει
2994 1817 3329 1884 honorabili,
3382 1824 3585 1871 sanch
3646 1813 3766 1867 pm;

476 1897 578 1953 per
604 1882 890 1936 antedictze
913 1881 1159 1937 ecclesias
1205 1883 1525 1952 praepositos
1565 1883 1653 1955 qui
1688 1900 1781 1953 per
1828 1894 2070 1955 tempora

478 1971 683 2028 fuerint
710 1982 764 2027 et
787 1988 815 2026 a
841 1973 1331 2041 praesentiseptima
1355 1974 1648 2030 indictione
1663 1978 1908 2032 volumus
1929 1978 2069 2031 ordi-

478 2064 619 2118 nari.
654 2064 719 2117 Et
746 2062 1001 2134 quidquid
1030 2065 1229 2119 exinde
1254 2068 1567 2133 accesserit,
1590 2067 1943 2123 luminaribus
1958 2069 2074 2138 ejus

478 2155 741 2225 impendi,
774 2164 933 2225 atque
954 2156 1100 2226 ipsos
1126 2157 1323 2213 exinde
1354 2174 1555 2227 ponere
1582 2160 1839 2216 rationes.
1872 2161 2073 2216 idcirco

478 2248 834 2316 experientia;
862 2256 967 2302 tua:
995 2250 1338 2317 praecipimus
1366 2258 1424 2304 ut
1472 2238 1892 2319 suprascriptam
1932 2268 2075 2308 mas-

476 2351 592 2391 sam
621 2337 801 2407 Aquas
830 2337 1039 2393 Salvius
1067 2355 1189 2393 cum
1224 2342 1627 2409 praenominatis
1658 2344 1912 2398 omnibus
1940 2342 2065 2399 fun-

479 2428 564 2484 dis
594 2430 727 2495 suis,
752 2446 958 2487 necnon
988 2432 1194 2497 hortos,
1221 2442 1381 2502 atque
1409 2434 1638 2489 terrulas
1666 2449 1788 2503 qua:
1826 2438 2074 2505 superius

478 2522 847 2588 c0ntinentur,
878 2525 947 2578 de
975 2524 1225 2579 brevibus
1248 2526 1361 2579 suis
1383 2525 1565 2582 delere
1591 2526 1784 2583 debeat
1807 2544 1870 2583 ac
1893 2530 2073 2584 aufer-

478 2632 571 2683 re,
598 2626 654 2673 et
677 2626 870 2672 cuncta
916 2616 943 2656 ιι
978 2619 1043 2672 ad
1091 2634 1288 2675 nomen
1330 2621 1603 2689 praedictae
1640 2623 1885 2679 ecclesiae
1935 2625 2074 2680 beati

479 2709 636 2767 Pauli
663 2711 889 2781 apostoli
930 2712 1171 2778 tradere;
1204 2721 1468 2782 quatenus
1507 2716 1809 2771 servientes
1838 2718 1907 2771 ibi
1939 2733 2077 2786 pra:-

478 2804 665 2874 positi,
693 2803 840 2857 onttti
898 2804 1118 2874 posthac
1161 2814 1411 2860 carentes
1455 2808 1822 2877 excusatione,
1864 2808 2077 2881 1275.

482 2893 551 2950 dc
582 2894 927 2951 luminaribus
950 2897 1066 2966 ejus
1094 2898 1164 2951 ita
1190 2896 1310 2952 sine
1336 2906 1517 2952 nostra
1546 2900 1794 2955 studeant
1818 2902 2077 2958 sollicitu-

477 2986 604 3041 dine
632 2988 887 3056 cogitare,
920 2998 977 3042 ut
1004 2989 1179 3044 nullus
1211 2992 1570 3059 unquamillic
1597 2993 1871 3062 neglectus
1904 2994 2076 3064 possit

484 3080 739 3135 existere.
775 3079 933 3136 Facta
955 3097 1085 3138 vero
1108 3084 1598 3153 suprascriptarum
1621 3087 1856 3141 omnium
1887 3103 2070 3143 rerum

483 3172 794 3236 traditione,
848 3175 1093 3228 volumus
1140 3186 1195 3229 ut
1242 3175 1347 3231 hoc
1397 3187 1723 3245 praeceptum
1772 3179 1826 3233 in
1875 3172 2151 3239 scrinioC

486 3264 730 3320 ecclesia
761 3275 957 3321 nostra:
986 3267 1319 3336 experientia
1352 3276 1440 3322 tua
1474 3271 1720 3327 restituat
1756 3269 1801 3329 1.

1042 3358 1227 3415 EPIS'l
1242 3360 1377 3415 οιΑ
1414 3359 1529 3416 XV.

858 3467 925 3507 AD
964 3466 1101 3507 ΑΝΤΙ]
1112 3468 1276 3507 ειιιωι
1314 3467 1697 3510 δυβυιλεοκωι.

484 3541 793 3621 Exarmant
818 3552 1001 3599 temere
1041 3547 1328 3621 loquentem
1360 3558 1584 3617 moneat,
1609 3558 1657 3603 et
1701 3551 1811 3615 ipse
1833 3566 1922 3620 per
1944 3552 2079 3621 epis-

550 3618 710 3670 tolam
752 3616 1105 3671 [tentoriorum
1151 3619 1304 3672 malis
1372 3616 1634 3688 speratum
1696 3616 1938 3689 procuret
1974 3616 2075 3678 vle-

551 3704 729 3742 conten
738 3727 750 3739 .

552 3780 840 3850 Gregorius
866 3790 889 3816 ³
918 3781 1214 3837 Anthemio
1254 3784 1605 3840 sttbdiacono.
1916 3864 1921 3865 γ

551 3860 685 3927 Quia
707 3863 932 3931 gloriam
972 3874 1207 3918 vestram
1238 3866 1397 3920 ﬁxam
1437 3867 1591 3921 valde
1616 3875 1775 3935 atque
1806 3864 2057 3925 stabilem

480 3953 539 4009 in
565 3956 677 4007 suis
700 3967 820 4009 esse
849 3954 1092 4010 moribus
1134 3957 1313 4024 audio,
1348 3958 1575 4013 multum
1604 3960 1869 4027 laetiﬁcor,
1894 3973 1949 4018 et
1998 3965 2076 4020 sic

482 4042 637 4097 vobis
657 4057 779 4113 quae
808 4044 939 4098 mihi
988 4044 1272 4114 diSpliccnt
1300 4049 1439 4102 sicut
1462 4050 1679 4118 speciali
1713 4051 1821 4107 lilio
1852 4054 2074 4110 ﬁducia-

479 4136 604 4193 litcr
626 4137 837 4208 loquor.
876 4138 1379 4195 Excellentissimus
1406 4143 1550 4198 enim
1583 4147 1853 4203 cxarchus
1897 4150 2073 4220 aliqua
2102 4140 2177 4179 λ’

480 4227 721 4298 loquitur
748 4245 871 4298 quae
903 4245 1091 4287 omnes
1136 4233 1227 4302 qui
1258 4232 1409 4288 illum
1448 4246 1631 4290 amant
1674 4238 1740 4291 ad
1774 4240 2075 4298 inimicitias

481 4318 627 4376 illius
656 4321 873 4377 valeant
911 4338 1221 4392 provocare.
1270 4324 1346 4380 De
1391 4341 1496 4397 qua
1527 4344 1587 4384 re
1630 4330 1681 4385 ei
1725 4346 1820 4400 per
1849 4335 2071 4390 latorem

478 4416 828 4483 praesentium
857 4418 912 4470 in
946 4427 1170 4486 excepto
1216 4434 1334 4488 qua:
1364 4420 1494 4476 mihi
1543 4423 1652 4479 visa
1679 4435 1807 4480 sunt
1835 4430 2075 4499 relegen-

481 4505 548 4559 da
574 4506 812 4575 dictavi;
844 4523 985 4579 quae,
1028 4509 1074 4564 si
1119 4510 1315 4580 placet,
1348 4522 1403 4567 et
1449 4515 1602 4570 vobis
1644 4518 1972 4589 relegantur,
2017 4530 2075 4576 ut

483 4601 671 4656 sciatis
716 4603 844 4673 quid
874 4604 925 4659 ei
954 4604 1023 4660 de
1062 4620 1122 4661 re
1166 4607 1355 4663 eadem
1396 4609 1635 4665 scribere
1674 4610 1935 4669 debeatis.
1978 4615 2075 4673 Hic

553 4760 581 4797 ά
606 4760 768 4838 l_bid._,
791 4761 998 4838 Corneli
1019 4768 1279 4833 tesselata,
1302 4776 1453 4838 atque
1477 4768 1800 4826 Corneliana.

560 4839 587 4913 ξ
617 4833 878 4913 Niltil_hic
901 4850 1119 4913 necesse
1143 4847 1225 4913 est
1248 4833 1425 4895 notam
1449 4842 1514 4895 ad
1517 4844 1762 4911 jungere,
1789 4858 1890 4913 qua
1910 4859 2073 4901 voca-

488 4903 738 4979 bulorum
768 4904 995 4979 istorum
1019 4908 1345 4978 significatus
1372 4903 1663 4979 aperiatur.
1696 4903 1789 4970 Sttl
1800 4903 1907 4970 ficit
1933 4917 2072 4972 indi-

488 4990 614 5049 care
645 4976 737 5029 lib.
768 4991 850 5038 ttt.
900 4978 1017 5045 Dig.
1050 4976 1131 5033 tit.
1164 4981 1218 5043 7,
1248 4984 1335 5049 qui
1369 4976 1677 5039 inscribitur
1705 4987 1767 5037 de
1821 4988 2069 5043 instructo

486 5048 569 5127 uel
594 5050 927 5127 instrumento
952 5050 1142 5120 legato,
1174 5048 1274 5107 ubi
1296 5054 1482 5127 omnia
1506 5067 1855 5111 recensentur
1877 5061 2071 5127 quibus

484 5116 796 5197 fundusch
827 5116 1021 5175 domus
1044 5124 1509 5197 pussuntginstrui,
1539 5116 1936 5197 discrimenque
1959 5142 2071 5183 sta-

490 5191 661 5244 tuitur
690 5192 831 5246 iutet‘
875 5207 934 5247 ea
969 5207 1088 5267 qua;
1115 5205 1241 5248 sunt
1268 5195 1538 5261 instructi,
1569 5212 1688 5267 qua:
1717 5191 2073 5254 sunt-instru-

486 5272 1041 5340 mentum,-qute_sunt
1070 5264 1432 5340 instrumenti.
1476 5264 1704 5340 Sanctus
1726 5339 1732 5340 ί
1758 5271 2070 5340 Gregorius,

487 5332 543 5387 in
601 5335 1041 5413 hac_don_atione_
1078 5335 1206 5390 nihil
1238 5353 1346 5393 non
1375 5339 1805 5410 comprehendit,
1854 5332 1961 5410 r'es,
1988 5332 2073 5413 jul

487 5414 686 5467 menta,
715 5404 980 5460 homines.
1003 5406 1265 5463 Gussmv.

566 5472 586 5512 ί
624 5474 795 5529 Vatic.
838 5480 904 5541 A,
933 5478 1145 5532 Armon.

561 5553 587 5617 β
620 5544 794 5598 Vatic.
833 5550 892 5611 ll,
913 5549 1045 5602 inter
1066 5550 1214 5617 ﬁnes.

560 5612 588 5649 h
622 5617 843 5697 Earini,
875 5612 1085 5697 positas,
1124 5622 1176 5674 id
1205 5626 1451 5697 est_jua;ta
1480 5625 1731 5682 eamdem.
1761 5625 2066 5697 Legendum

493 5687 831 5765 sa_ne_ibidem
853 5698 943 5741 aut
966 5692 1158 5765 itidem,
1192 5708 1244 5746 ut
1274 5687 1327 5748 in
1358 5695 1488 5765 Heg.
1523 5707 1576 5751 et
1602 5698 1654 5751 in
1692 5687 1979 5753 Vaticanis.
2014 5701 2067 5755 In

493 5755 676 5811 tabula
718 5773 1015 5815 marmorea
1058 5762 1245 5827 legitur
1290 5755 1617 5827 identfforte
1664 5772 2063 5839 compendiose,

2105 4564 2159 4624 D

2178 1905 2436 1977 Gregorio
2486 1924 2658 1979 papae,
2708 1909 2859 1966 Felix
2887 1919 3080 1965 vestra:
3119 1910 3313 1965 salutis
3364 1923 3433 1964 ac
3482 1907 3767 1963 sanetitstis

2179 2008 2405 2055 amator.

2250 2091 2582 2148 Beatissimae
2604 2102 2800 2149 vestra:
2820 2094 3010 2150 salutis
3039 2109 3102 2149 ac
3122 2093 3435 2149 sanctitatis
3466 2093 3597 2163 jura
3628 2106 3767 2162 penes

2178 2183 2347 2239 Deum
2379 2194 2504 2239 sunt
2542 2186 2844 2242 manifesta.
2884 2187 3018 2241 Dum
3066 2185 3556 2256 praedicationibus
3585 2184 3769 2238 SCllitiei

2178 2279 2484 2347 apostolicis
2529 2289 2584 2336 et
2620 2281 2879 2336 doctrinis
2908 2295 3048 2335 vera:
3093 2281 3217 2335 lidei
3257 2281 3487 2334 cultura
3536 2278 3765 2331 uuirem

2178 2371 2382 2439 repleta
2422 2374 2492 2427 sit
2536 2382 2702 2438 terra,
2753 2387 2849 2442 per
2872 2372 3173 2427 divinorum
3205 2381 3391 2425 tamen
3422 2370 3769 2425 eruditionem

2178 2465 2537 2534 eloquiorum,
2572 2476 2751 2520 vestra
2782 2466 3081 2521 instruente
3120 2464 3508 2518 admonitione
3540 2462 3771 2518 exhortr

2181 2558 2341 2624 toria,
2357 2559 2816 2627 supersedilicatur
2837 2559 3136 2613 orthodoxa
3148 2556 3352 2611 Christi
3378 2557 3635 2611 Ecclesia
3662 2570 3770 2623 apo-

2179 2652 2368 2707 stolica
2400 2652 2731 2707 institutione
2754 2652 2989 2716 lundata,
3010 2658 3064 2706 et
3084 2666 3111 2703 a
3138 2648 3391 2704 ﬁdelibus
3416 2647 3668 2717 patribus
3689 2648 3769 2699 ﬁr-

2180 2746 2417 2800 missime
2446 2746 2719 2802 roborata.
2750 2744 2831 2801 Ad
2864 2759 3020 2815 quam
3053 2743 3359 2798 beatissimi
3416 2758 3623 2797 omnes
3650 2756 3770 2809 apo-

2180 2839 2304 2894 stoli
2360 2838 2472 2906 pari
2526 2838 2747 2894 honoris
2798 2846 2853 2893 et
2893 2841 3169 2905 potestatis
3217 2838 3516 2891 consortio
3544 2834 3772 2904 pmditi,

2186 2932 2397 3004 1275
2428 2936 2745 3003 populorum
2771 2932 2985 3002 agmina
3012 2939 3423 2996 convertentes,
3448 2930 3546 2998 pie
3576 2937 3778 2983 sancte-

2179 3042 2284 3096 que
2316 3031 2382 3081 de
2405 3026 2640 3082 tenebris
2664 3027 2729 3081 ad
2763 3025 2963 3091 lumen,
2994 3025 3063 3079 de
3090 3024 3245 3093 lapsu
3274 3023 3343 3077 ad
3376 3036 3569 3077 veram
3607 3021 3775 3084 (idem,

2180 3118 2249 3173 de
2278 3129 2450 3174 morte
2472 3118 2539 3173 ad
2564 3120 2749 3184 vitam,
2780 3118 3025 3174 hOIIlineS
3063 3116 3257 3171 divinae
3287 3113 3780 3183 praedestinationis

2181 3211 2352 3281 gratia
2384 3212 2661 3282 prescitos
2686 3252 2704 3280 ,
2752 3212 3078 3266 salutaribus
3129 3207 3421 3279 praeceptis
3450 3222 3522 3261 ac
3574 3206 3780 3261 monitis

2181 3306 2569 3378 perduxerunt.
2601 3307 2840 3373 Quorum
2866 3315 3177 3361 sanctorum
3206 3302 3602 3372 apostolorum
3616 3310 3781 3353 vestra

2181 3400 2475 3469 paternitas
2503 3399 2819 3455 honoranda
2859 3412 3091 3469 sequens
3134 3396 3353 3460 merita,
3386 3402 3445 3449 et
3495 3392 3781 3463 perfectius

2182 3490 2410 3559 impleas
2434 3488 2708 3560 exempla,
2737 3487 3035 3545 Ecclesiam
3067 3487 3159 3543 Dei
3183 3501 3400 3541 morum
3436 3484 3720 3553 probitate
3738 3490 3781 3533 et

2181 3589 2395 3635 actuum
2428 3583 2713 3637 sanctitate
2743 3582 3089 3646 condecorat,
3113 3590 3167 3635 et
3196 3579 3303 3634 lide
3330 3592 3496 3633 sacra
3530 3574 3781 3631 Christia-

2181 3673 2372 3743 nisque
2398 3676 2640 3730 moribus
2664 3678 2875 3747 vigens,
2905 3690 3023 3746 qua:
3047 3673 3163 3729 lteri
3186 3672 3297 3727 Deo
3311 3672 3523 3741 placita
3549 3666 3782 3739 precipit

2180 3763 2373 3818 studiis
2390 3766 2787 3835 pontiﬁcalibus
2805 3766 3169 3821 indesinenter
3190 3773 3455 3832 Operatur
3476 3769 3543 3816 et
3559 3759 3780 3831 perﬁcit,

2179 3872 2406 3915 servans
2433 3860 2627 3916 divina:
2656 3862 2791 3931 legis
2811 3867 3098 3930 pratcepta,
3128 3860 3253 3928 quia
3276 3872 3381 3910 non
3403 3856 3684 3908 auditores
3716 3854 3776 3906 le-

2180 3954 2259 4025 gis
2276 3954 2410 4024 justi
2436 3964 2551 4009 sunt
2581 3954 2723 4023 apud
2745 3954 2930 4018 Deum,
2962 3954 3104 4008 sicut
3130 3959 3315 4006 narrat
3340 3949 3681 4019 Apostolus,
3710 3944 3781 3999 util

2179 4054 2398 4125 factores
2421 4051 2543 4122 legis
2557 4049 2983 4121 justiﬁcabuntur
3009 4047 3185 4119 (Rom.
3217 4060 3275 4112 tt,
3304 4042 3422 4113 l5).

2254 4142 2380 4198 Haec
2412 4144 2631 4214 quidem
2680 4141 3031 4207 meditantes,
3072 4139 3137 4193 ad
3190 4153 3289 4193 nos
3326 4136 3621 4206 perlatum
3646 4143 3727 4190 est
3756 4146 3781 4183 a

2180 4239 2500 4311 quibusdam
2536 4238 2702 4291 Roma
2741 4220 3079 4293 venientibus
3113 4248 3210 4288 vos
3237 4231 3565 4301 Augustino
3597 4240 3780 4284 conso-

2179 4333 2289 4389 dali
2329 4340 2547 4398 nostro,
2601 4347 2697 4401 per
2745 4331 3107 4387 venerabilem
3148 4328 3503 4382 sanctitatem
3558 4333 3780 4378 vestrae

2180 4425 2522 4498 postmodum
2549 4426 2801 4495 episcopo
2822 4424 3119 4494 Anglorum
3142 4420 3289 4491 genti
3306 4418 3576 4474 ordinato
3599 4426 3658 4472 et
3674 4418 3781 4470 illnc

2180 4523 2406 4589 directo,
2436 4532 2596 4591 atque
2623 4519 2808 4590 Anglis
2838 4517 3142 4589 scripsisse,
3165 4530 3303 4586 quos
3351 4512 3490 4567 olim
3517 4512 3599 4565 ad
3635 4511 3779 4565 ﬁdem

2184 4629 2477 4673 conversos
2508 4630 2602 4685 per
2632 4629 2728 4670 vos
2769 4612 3120 4685 cognovimus
3144 4650 3157 4675 ,
3187 4616 3247 4663 ut
3274 4604 3470 4678 quarta
3528 4603 3779 4695 progenie

2179 4791 2278 4846 pro
2306 4776 2517 4831 ibidem.
2999 4841 3011 4846 _
3064 4842 3074 4846 _
3117 4842 3127 4846 _
3186 4839 3198 4846 _
3249 4837 3267 4846 _
3336 4835 3378 4846 η
3424 4835 3456 4846 Α,

2259 4847 2274 4886 ί
2310 4848 2365 4903 In
2400 4846 2575 4900 tabula
2600 4858 2818 4911 marm.,
2846 4841 3011 4897 sancti
3042 4835 3517 4911 Aristi._ln_Vatic.
3545 4836 3619 4891 Δ.
3650 4841 3703 4889 et
3721 4833 3773 4897 Β,

2178 4920 2340 4974 saucii
2369 4917 2603 4972 Hedesti.
2638 4916 2693 4969 ln
2731 4907 2913 4987 Via'tic.
2938 4913 3003 4978 F,
3023 4912 3187 4966 sancti
3211 4907 3411 4987 Edisti.
3477 4976 3514 4987 η

2248 4988 2275 5029 ι
2319 4992 2448 5058 Reg.
2474 4996 2527 5042 et
2557 4987 2728 5041 Vatic.
2753 4986 2813 5049 Ρ,
2848 4985 2915 5037 ad
2946 4976 3313 5036 monasterium
3342 4976 3643 5058 praedicta.

2254 5059 2271 5098 ι
2302 5062 2356 5116 In
2388 5046 2565 5115 tvabula
2590 5046 2889 5112 marmorea
2914 5064 3033 5122 post
3057 5058 3289 5107 restituat
3312 5049 3571 5104 subditur
3601 5046 3778 5122 :_Bas

2174 5132 2309 5189 vale.
2340 5132 2463 5185 Dat.
2494 5146 2583 5184 vttt
2615 5127 2840 5182 Kalend.
2875 5119 3211 5201 Februarias,
3230 5124 3355 5201 irnp.
3378 5123 3472 5172 dn.
3514 5136 3581 5172 ιι.
3609 5119 3776 5201 Phoce

2178 5203 2300 5257 PP.
2359 5218 2495 5256 anno
2532 5202 2778 5267 secundo,
2810 5207 2858 5253 et
2903 5196 3196 5250 consulatus
3236 5197 3348 5267 ejus
3383 5206 3527 5245 anno
3592 5196 3773 5260 presso,

2476 5342 2566 5397 XV
2610 5342 2717 5415 [ΑΙ.
2748 5338 2963 5415 28]._-_-—
2986 5348 3010 5374 α
3040 5337 3261 5415 Falsum
3300 5346 3424 5415 esse
3470 5330 3776 5415 hungtitf-

2177 5416 2288 5472 lum
2322 5416 2486 5486 liquet
2516 5430 2581 5469 ex
2612 5401 2724 5467 ubis
2778 5401 2982 5486 verbis,
3023 5410 3252 5486 gloriam
3294 5412 3541 5458 uestram.
3582 5404 3655 5458 Et
3678 5401 3770 5455 alis

2176 5503 2295 5558 qua:
2332 5478 2439 5541 non
2460 5483 2884 5558 adaptanturAad
2908 5478 3155 5558 clericos.
3183 5478 3454 5558 Gussmv.

2250 5561 2431 5613 Ertsr.
2458 5556 2546 5610 XV
2560 5551 2597 5610 1⁷.
2627 5586 2695 5596 —
2724 5563 2749 5589 ⁸
2774 5556 3068 5627 Epistulam
3091 5551 3226 5627 hanc
3251 5551 3515 5627 hactenus
3538 5559 3653 5627 non
3682 5557 3773 5597 ex-

2176 5646 2358 5685 cusam
2401 5628 2698 5697 reperimus
2728 5626 2779 5680 in
2810 5618 3146 5689 Corbeiensi,
3175 5621 3400 5697 Pratel._,
3449 5618 3677 5672 Gentes.
3713 5627 3770 5667 ac

2174 5701 2444 5774 Sagiensi,
2464 5691 2567 5770 ἰιιιί
2592 5699 2816 5756 Codices
2841 5700 2927 5753 vix
2956 5710 3058 5752 una
3081 5698 3134 5751 iu
3166 5706 3297 5748 voce
3330 5691 3671 5759 discrepant.
