3928 6342
82 320 223 380 1321

735 313 1220 376 EPISTOLARUM
1260 314 1391 372 LIB.
1432 313 1573 370 XIV.
1615 341 1685 353 —
1722 306 1967 368 lNDlCT.
2006 306 2211 365 Vll.—
2246 305 2463 366 EPIST.
2506 308 2674 368 XVII;

3236 301 3375 358 5527:!

76 438 363 507 conjuncti
394 451 502 493 non
546 446 883 507 separentur.
915 435 1049 501 Quae
1090 430 1426 489 consuetudo
1470 427 1670 483 dudum
1699 428 1754 488 Α
1778 432 1923 489 neat,
1954 436 2243 492 rumorque
2273 432 2471 490 vester,
2502 426 2591 494 qui
2619 437 2836 493 semper
2864 421 3038 483 bonus
3054 439 3108 486 et
3128 428 3370 503 optimus

78 532 138 589 in
165 533 273 587 illis
302 538 394 585 aut
416 528 470 585 in
500 528 616 585 istis
645 529 903 598 partibus,
925 527 1138 598 quando
1167 542 1269 580 una
1305 524 1583 578 vobiscum
1608 522 1675 578 ab

76 621 311 679 infantia
358 622 589 677 nutritus
627 631 785 690 atque
812 621 1036 676 edoctus
1059 620 1156 686 fui,
1193 633 1297 673 non
1323 626 1461 678 erat,
1495 630 1595 671 nec
1622 616 1675 669 in

78 715 219 769 ullis
249 712 707 784 praedecessorum
739 719 1039 766 vestrorum
1066 709 1300 765 decretis
1330 708 1414 762 vel
1441 707 1677 775 reliquo-

1781 516 1902 586 fuit,
1932 518 2351 573 detractionibus
2370 518 2661 588 laceretur,
2690 518 2773 576 vel
2796 522 3130 594 subrvgetur,
3163 542 3369 584 autno-

1781 626 1906 666 men
1938 618 2195 676 vestrum,
2226 610 2366 679 quod
2399 611 2557 678 absit,
2591 615 3095 680 supervenientibus
3124 623 3369 688 tempori-

1784 702 1884 757 bus
1913 702 2338 769 blasphemetur.
2370 701 2476 757 Nos
2500 704 2642 757 enim
2673 721 2792 773 quae
2818 717 2964 761 recta
2991 720 3118 763 sunt
3149 720 3370 766 auctore

76 819 213 860 rum
263 805 582 874 generaliter
629 805 714 859 vel
774 803 1083 872 specialiter
1147 801 1362 856 Patrum
1417 799 1679 853 institutis
1728 797 1897 853 \Deo
1929 797 2114 852 humili
2155 798 2318 853 corde
2362 808 2662 867 servantes,
2698 815 2805 853 uno
2848 800 3060 856 vinculo
3094 802 3373 859 charitatis

78 897 219 967 legi,
264 905 353 949 aut
383 895 643 950 hactenus
674 895 743 950 ab
784 895 909 950 ullis
939 892 1273 964 sapientibus
1310 906 1430 948 esse
1457 904 1683 946 conces-

82 1001 218 1042 sum
245 984 428 1040 didici.
460 984 567 1040 Sed
591 999 805 1053 semper
845 999 1013 1055 usque
1042 986 1108 1037 ad
1139 984 1428 1052 septimum
1461 981 1683 1050 originis

80 1092 210 1135 suae
233 1078 457 1148 gradum
495 1077 611 1133 haec
637 1092 667 1131 a
697 1078 895 1132 sanctis
941 1075 1374 1131 antecessoribus
1410 1073 1602 1129 vestris
1630 1079 1685 1127 et

86 1170 306 1226 caeteris
353 1160 554 1225 sanctis
606 1169 875 1233 Patribus,
924 1178 1030 1224 tam
1091 1168 1145 1222 in
1195 1167 1407 1222 Nicazna
1453 1165 1681 1236 synodo,

87 1280 259 1335 quam
304 1272 360 1320 et
404 1265 458 1319 in
506 1263 623 1318 aliis
652 1264 854 1318 sanctis
890 1262 1134 1318 conciliis
1172 1259 1528 1336 congregatis,
1570 1273 1685 1314 ser-

89 1356 218 1411 vari
241 1355 438 1412 debere
460 1357 653 1427 reperi,
688 1364 742 1412 et
768 1371 798 1410 a
822 1364 967 1412 recte
990 1354 1291 1410 viventibus
1314 1367 1378 1408 ac
1401 1353 1685 1408 Dominum

90 1449 415 1504 timentibus
460 1448 767 1505 hominibus
824 1446 1064 1503 studiose
1107 1445 1389 1517 prtevideri
1432 1442 1683 1514 cognovi.

90 1543 238 1599 Dum
262 1544 377 1598 haec
405 1544 682 1599 nobiscum
714 1542 1092 1607 versabantur,
1123 1553 1485 1609 supervenere
1510 1546 1564 1591 et
1582 1536 1687 1591 alia

92 1636 172 1691 de
198 1637 391 1708 quibus
415 1636 783 1694 necessarium
815 1636 971 1691 nobis
990 1634 1207 1691 videtur
1230 1642 1461 1688 vestram
1492 1645 1687 1685 consu-

92 1728 220 1785 lere
238 1730 636 1785 auctoritatem.
657 1728 935 1785 Venerunt
958 1727 1153 1798 quippe
1171 1726 1239 1781 ad
1270 1740 1369 1781 nos
1388 1734 1496 1779 tam
1527 1722 1554 1761 ι)
1583 1723 1683 1777 Be-

1784 888 1938 948 vobis
1966 889 2260 952 constricti,
2294 899 2524 944 vestram
2553 892 2867 963 religionem
2905 895 2958 947 in
2998 896 3248 951 omnibus
3270 936 3284 959 ,
3316 905 3377 950 ut

1787 976 1976 1036 lideles
2005 980 2209 1035 alumni
2241 980 2613 1047 defendentes,
2645 998 2675 1037 a
2713 983 2863 1039 vobis
2898 999 3017 1052 quae
3069 997 3212 1040 recta
3250 995 3381 1041 suttt

1786 1071 2108 1140 quaerimus;
2162 1071 2368 1127 scimus
2425 1075 2569 1128 enim
2622 1085 2678 1128 ut
2708 1090 2925 1145 semper
2975 1087 3179 1131 sancta:
3231 1078 3381 1134 sedis

1787 1163 2049 1232 praesules
2076 1164 2252 1234 primo
2278 1166 2530 1234 apostoli,
2580 1167 2775 1223 deinde
2811 1183 3151 1224 successores
3186 1185 3377 1226 eorum

1789 1256 2048 1325 fecerunt,
2075 1271 2172 1311 vos
2215 1256 2539 1314 universalis
2567 1259 2846 1327 Ecclesiae,
2880 1270 2935 1315 et
2964 1262 3200 1316 maxime
3229 1264 3381 1332 epis-

1788 1363 2069 1417 coporum,
2099 1349 2189 1419 qui
2213 1350 2352 1404 oculi
2384 1361 2605 1420 propter
2631 1353 3144 1422 contemplationem
3172 1365 3226 1409 et
3253 1370 3382 1425 spe-

1789 1442 2114 1496 culationem
2162 1454 2422 1497 vocantur
2470 1444 2704 1511 Domini,
2734 1460 2918 1499 curam
2954 1461 3170 1518 gerere,
3204 1461 3268 1502 ac
3312 1448 3385 1506 de

1790 1532 2049 1603 religione
2078 1542 2130 1588 et
2157 1533 2273 1604 legc
2298 1545 2478 1589 nostra
2515 1536 2727 1593 assidue
2754 1537 3015 1606 cogitare,
3044 1538 3183 1593 sicut
3212 1539 3386 1610 scrip-

1792 1635 1903 1680 tum
1935 1636 2056 1681 est:
2092 1625 2281 1681 Beatus
2310 1630 2395 1699 qui
2436 1629 2762 1686 meditabitur
2810 1631 2864 1683 in
2893 1631 3001 1698 lege
3052 1631 3261 1687 Domini
3300 1635 3386 1689 die

1792 1737 1854 1774 ac
1878 1731 2024 1775 nocte
2047 1720 2225 1793 (Psal.
2261 1737 2297 1789 t,
2331 1719 2407 1791 2).
2439 1722 2566 1789 Qua:
2594 1722 2871 1778 meditatio
2894 1737 2999 1778 non
3029 1723 3257 1781 lectione
3286 1741 3387 1797 per

95 1822 373 1889 siedictus,
404 1822 757 1893 Syracusana:
787 1821 1042 1877 Ecclesia:
1090 1820 1403 1889 episcopus,
1450 1830 1610 1884 quam
1636 1824 1690 1871 et
1720 1815 1769 1876 B
1798 1812 2019 1882 figuram
2048 1814 2346 1869 litterarum
2379 1824 2584 1870 tantum
2604 1825 2914 1885 conspecta,
2940 1817 3035 1872 sed
3051 1818 3387 1877 exuberante

96 1914 196 1969 alii
226 1915 418 1969 fratres
458 1915 628 1970 nostri
666 1913 918 1984 equidem
943 1911 1186 1983 episcopi
1218 1912 1600 1981 lacrymantes,
1627 1922 1692 1962 ac

102 2005 350 2062 dicentes
376 2021 470 2076 per
498 2007 786 2062 saeculares
816 2015 873 2062 et
900 2006 1064 2061 laicos
1089 2005 1249 2059 nimis
1279 2018 1338 2059 se
1364 2017 1485 2059 esse
1512 2002 1696 2055 turba-

98 2104 193 2151 tos
223 2104 379 2167 atque
407 2098 588 2152 animo
618 2097 847 2152 afflictos
891 2112 1054 2166 super
1084 2095 1453 2151 immoderatis
1484 2095 1693 2149 actibus

101 2202 315 2256 eorum,
362 2203 462 2261 pro
509 2190 705 2261 quibus
760 2200 816 2246 et
843 2190 1023 2259 aliqua
1074 2189 1274 2259 iniusta
1309 2188 1389 2244 cis
1430 2188 1694 2257 impinge-

104 2280 322 2338 bantur.

183 2377 318 2433 Sunt
342 2374 509 2432 etiam'
547 2366 789 2446 quedam
832 2374 1077 2431 ecclesiae
1108 2375 1162 2429 in
1209 2384 1393 2430 nostra
1422 2369 1695 2443 provincia

110 2483 277 2540 Super
317 2484 543 2539 quarunt
600 2467 1105 2524 consecrationibus
1152 2467 1449 2533 dubitatur,
1501 2476 1556 2522 et
1590 2474 1696 2519 tam
1720 2484 1733 2491 ί

114 2572 335 2633 prapter
364 2560 758 2630 antiquitatem,
789 2576 951 2632 quam
977 2570 1032 2615 et
1055 2570 1275 2631 propter
1301 2574 1484 2616 earum
1515 2566 1699 2614 custo—

110 2653 239 2707 dum
268 2653 551 2721 incuriam,
575 2654 811 2710 nescitur
838 2662 1016 2708 utrum
1040 2653 1301 2709 dedicatas
1330 2653 1400 2708 ab
1426 2653 1698 2723 episc0pis

110 2744 345 2811 iuerint,
378 2762 568 2805 necne.
602 2749 776 2819 Super
800 2749 999 2820 quibus
1045 2751 1294 2804 omnibus
1324 2763 1422 2804 nos
1461 2765 1491 2804 a
1522 2761 1700 2805 vestra

115 2839 399 2896 sanctitate
426 2855 489 2895 ac
514 2852 709 2898 vestrae
734 2853 934 2898 sanctae
963 2843 1110 2898 sedis
1144 2844 1463 2899 auctoritate
1509 2843 1699 2898 instrui

112 2945 425 3003 precamur;
460 2944 515 2989 et
545 2944 721 2989 utrum
752 2950 816 2991 ea
845 2951 987 3006 quae,
1037 2936 1177 2991 sicut
1207 2938 1573 3005 praediximus,
1607 2953 1702 2993 vos

113 3021 337 3091 praelato
359 3023 634 3078 consodali
674 3032 864 3079 nostro
894 3024 1193 3093 AuguStiuo
1228 3027 1482 3095 episcopo
1511 3034 1567 3079 et
1590 3027 1703 3082 An-

116 3114 326 3185 glorum
376 3116 520 3186 genti
561 3118 845 3185 scripsisse
890 3116 1215 3181 audivimus,
1265 3117 1575 3185 specialiter
1620 3120 1701 3174 eis

1798 1904 1850 1959 in
1880 1905 2032 1960 vobis
2061 1905 2258 1961 Christi
2312 1907 2480 1977 gratia
2504 1948 2520 1974 ,
2550 1908 2602 1961 in
2645 1918 2824 1963 vestra
2863 1912 3209 1979 cognoscitur
3250 1926 3386 1967 con-

1795 1996 2017 2051 scientia
2040 1997 2389 2053 immobiliter
2410 1999 2590 2054 insita.
2607 2000 2921 2057 Nullatenus
2933 2002 3001 2056 de
3020 2014 3202 2059 vestro
3218 2005 3389 2063 corde

1795 2089 2081 2144 recedente
2110 2091 2225 2161 lege
2255 2090 2455 2145 Christi
2489 2092 2694 2146 Domini
2734 2104 3075 2150 sacrosancta
3102 2135 3118 2161 ,
3156 2096 3297 2152 sicut
3329 2099 3389 2155 in

1801 2182 2025 2238 Psalmis
2051 2183 2185 2238 dicit
2220 2184 2487 2252 Propheta
2514 2202 2527 2237 :
2558 2183 2630 2239 Os
2647 2187 2782 2256 justi
2805 2187 3131 2242 meditabitur
3180 2191 3388 2261 sapien-

1798 2275 1944 2337 tium,
1976 2284 2021 2328 et
2053 2275 2230 2345 lingua
2277 2279 2387 2345 ejus
2427 2277 2659 2344 loquetur
2690 2278 2939 2345 judicium
2970 2294 2989 2333 :
3012 2280 3098 2334 lex
3124 2279 3223 2335 Dei
3270 2284 3389 2353 ejus

1796 2366 1850 2419 in
1880 2369 2030 2422 corde
2057 2368 2216 2438 ipsius
2248 2366 2418 2439 (Psal.
2450 2385 2633 2435 xxxvi,
2666 2368 2780 2437 50),
2812 2385 2919 2425 non
2962 2381 3263 2428 atramento
3292 2375 3392 2430 sed

1799 2457 2000 2527 Spiritu
2044 2459 2137 2513 Dei
2168 2460 2275 2514 vivi
2315 2458 2511 2515 vestris
2554 2461 2607 2515 in
2660 2462 2870 2517 arcanis
2916 2465 3250 2534 conscripta;
3276 2481 3392 2524 non

1799 2551 1964 2621 igitur
1996 2552 2046 2605 in
2082 2551 2277 2606 tabulis
2306 2552 2553 2623 lapideis,
2584 2553 2678 2608 sed
2711 2554 2765 2607 in
2799 2554 2991 2610 tabulis
3021 2556 3219 2614 cordis.
3253 2559 3394 2617 Exs-

1803 2641 2097 2711 tinguatur,
2126 2657 2344 2697 oramus
2372 2684 2385 2706 .
2432 2643 2629 2698 vestris
2664 2644 3082 2714 sapientissimis
3111 2653 3396 2720 responsis

1801 2741 1857 2788 et
1883 2734 2095 2787 auxiliis
2123 2734 2299 2789 omnis
2329 2733 2672 2789 tenebrarum
2701 2736 2892 2807 caligo,
2920 2745 2981 2793 ut
3008 2738 3197 2795 lucifer
3239 2744 3394 2799 nobis

1801 2826 2148 2893 resplendeat
2172 2841 2266 2893 per
2290 2840 2405 2890 vos,
2437 2827 2779 2882 sanctissime
2794 2827 2971 2894 Pater,
3005 2838 3059 2883 et
3085 2831 3392 2899 doginatica

1804 2914 2043 2970 definitio
2069 2930 2258 2970 omnes
2290 2915 2487 2986 ubique
2510 2917 2812 2983 laztilicans,
2844 2920 2965 2987 quia
2987 2920 3211 2990 gloriosi
3238 2938 3395 2979 sanc-

1805 3014 1872 3061 tae
1886 3006 2142 3061 Ecclesia:
2155 3007 2339 3062 Patres
2358 3008 2571 3077 propria
2588 3018 2639 3061 et
2652 3008 2891 3078 piissima
2908 3010 3157 3079 dogmata
3172 3012 3224 3065 in
3242 3024 3399 3069 aster-

1805 3114 1888 3153 na:
1917 3109 2036 3153 Viue
2067 3098 2273 3153 ﬁrmam
2310 3099 2680 3154 ltxreditatcm
2712 3101 3036 3169 praedicasse
3070 3113 3395 3159 noscuntur.
3458 3154 3493 3168 ,,

116 3214 214 3261 aut
225 3209 545 3277 generaliter
556 3210 806 3265 omnibus
819 3210 1019 3278 scripta
1041 3209 1149 3263 sint
1168 3210 1385 3278 scriptis
1399 3210 1591 3266 vestris
1606 3212 1705 3265 im-

1816 3192 1878 3245 Et
1925 3192 2231 3261 subscriptio
2261 3206 2281 3246 :
2313 3191 2638 3247 Incolumem
2696 3208 2793 3248 vos
2842 3201 2899 3248 et
2946 3195 3056 3249 Deo
3112 3194 3399 3264 placitum,

116 3297 214 3356 hui
244 3301 557 3369 quaerimus,
570 3311 625 3357 et
637 3303 705 3357 de
728 3301 829 3357 bac
842 3302 957 3357 sive
968 3300 1036 3356 de
1048 3301 1168 3356 aliis
1181 3302 1511 3372 praescriptis
1544 3303 1705 3359 rebus

119 3393 353 3465 pleniter
366 3394 645 3451 informari
658 3395 926 3464 cupimus.
946 3394 1055 3450 Nos
1067 3395 1213 3450 enim
1229 3409 1289 3450 ea
1311 3410 1432 3466 qua:
1449 3396 1701 3467 legimus,

119 3503 177 3547 et
206 3491 527 3548 observaria
557 3491 802 3547 fidelibus
845 3490 1226 3562 cognovimus,
1273 3504 1381 3545 non
1420 3492 1708 3561 increpan-

121 3585 217 3651 do,
255 3586 466 3658 1276
488 3584 631 3656 quod
654 3584 814 3651 absit,
849 3584 1001 3640 vobis
1038 3583 1425 3653 signiﬁcamus,
1457 3584 1553 3641 sed
1580 3586 1706 3654 quid

122 3676 514 3733 rationabiliter
542 3683 597 3731 et
638 3674 867 3730 fideliter
903 3689 1066 3745 super
1093 3675 1176 3730 bis
1202 3676 1491 3731 observare
1516 3675 1713 3731 debea-

124 3782 249 3825 mus
273 3767 613 3838 requirimus.
642 3766 711 3821 Et
734 3768 985 3837 quoniam
1014 3781 1120 3821 non
1160 3767 1427 3821 modicum
1462 3782 1704 3823 murmur

124 3878 291 3933 super
327 3865 427 3920 hac
469 3879 529 3919 re
569 3863 849 3919 nobiscum
898 3872 1161 3931 versatur,
1205 3864 1333 3933 quid
1387 3865 1714 3935 respondere

126 3956 386 4014 fratribus
430 3968 487 4015 et
530 3959 859 4029 coepiscOpis
906 3958 1105 4013 nostris
1144 3959 1433 4015 debeamus
1480 3976 1511 4015 a
1562 3964 1713 4019 vobis

128 4056 282 4127 quasi
325 4072 355 4111 a
398 4056 573 4127 capite
613 4069 929 4126 responsum
967 4055 1287 4124 quaerimus,
1333 4071 1403 4113 ne
1430 4072 1591 4129 super
1635 4058 1718 4113 bis

129 4151 393 4219 ancipites
424 4162 815 4214 remaneamus,
848 4156 943 4203 aut
967 4163 1209 4203 murmur
1233 4149 1365 4205 illud
1395 4157 1500 4205 tam
1526 4152 1719 4207 vestris

134 4242 469 4313 temporibus
500 4255 659 4311 quam
692 4239 922 4311 posteris
958 4239 1101 4296 inter
1128 4255 1227 4297 nos
1263 4249 1355 4296 aut
1380 4242 1514 4297 alios
1542 4257 1721 4299 rema-

209 4402 314 4458 bln
367 4402 586 4458 nomine
635 4400 795 4471 hujus
837 4401 1077 4474 episcopi
1127 4402 1463 4474 Syracusani
1515 4404 1724 4461 videtur

128 4489 289 4604 ἔτι-(ἲν
331 4475 645 4558 irrepsisse,
696 4488 816 4528 nam
846 4473 1080 4529 Joannes
1124 4473 1263 4531 hanc
1305 4477 1481 4531 adhuc
1503 4479 1724 4546 regebat

183 4561 247 4601 cc
270 4561 455 4602 cstam.

210 4588 583 4673 ἓῧέἶῗὸιγιι
634 4615 740 4689 [Αι.
783 4614 898 4689 se].
945 4615 1155 4671 -ιιη
1193 4616 1611 4689 βοταηνυιίο.
1654 4619 1716 4687 n,
1750 4588 1801 4646 ο

132 4689 334 4745 Rhem.
385 4700 437 4759 et
492 4686 727 4754 Gemét.,
782 4686 977 4755 legitur
1028 4687 1343 4759 pr_o_titulo,
1395 4686 1721 4759 Rescriptunt

134 4761 303 4815 sancti
358 4758 592 4831 Gregorii
642 4754 1009 4831 adeumdem_
1034 4754 1277 4831 felicem
1321 4761 1502 4831 episc.,
1574 4754 1721 4830 quod

133 4831 394 4900 supponit
440 4827 597 4884 aliam
655 4828 935 4899 epistolam
971 4827 1180 4900 Felicis.
1222 4827 1471 4885 Nonnulli
1513 4827 1723 4887 dubita-

140 4915 267 4958 runt
292 4902 430 4957 hanc
460 4901 742 4971 epistolam
773 4915 897 4954 esse
937 4899 1105 4953 sancti
1132 4901 1411 4972 Gregorii;
1446 4918 1629 4958 verum
1655 4907 1723 4960 ab

135 4988 207 5030 eo
231 4974 484 5043 scriptam
506 4972 702 5027 evincit
733 4973 1340 5045 testimoniutngJoaunis
1363 4973 1605 5041 Diaconi,
1633 4978 1721 5045 qui

137 5046 259 5115 ejus
283 5056 489 5114 partem
538 5045 718 5098 retulit
742 5043 832 5098 lib.
873 5058 932 5106 ll,
964 5057 1015 5098 c.
1043 5043 1135 5098 37.
1166 5044 1270 5099 Sed
1312 5052 1366 5098 et
1409 5043 1722 5101 llincmar‘us

137 5130 285 5184 saepe
321 5116 388 5170 de
424 5129 489 5169 ea
530 5116 862 5170 mentionem
892 5115 1042 5186 facit,
1072 5116 1305 5186 ejusque.
1346 5119 1560 5172 tertiam
1612 5117 1725 5172 fere

137 5196 348 5257 partem
376 5188 651 5251 exscribit,
672 5196 787 5257 tum
818 5185 977 5252 epist.
1010 5189 1075 5241 57
1105 5185 1190 5241 δι
1215 5188 1307 5254 59,
1341 5195 1450 5242 tum
1480 5188 1533 5241 in
1564 5197 1721 5243 tract.

137 5256 209 5313 de
238 5258 477 5313 divortio
505 5256 701 5328 Lotarii
729 5267 784 5312 et
823 5259 1160 5327 Thetbergaa,
1216 5259 1531 5328 interrogat.
1574 5260 1625 5324 5,
1668 5268 1724 5314 et

137 5337 336 5396 quaest.
360 5329 430 5394 ‘7,
468 5327 565 5384 sed
606 5328 778 5384 fusius
811 5330 1127 5399 interrogat.
1170 5329 1256 5394 12,
1302 5327 1487 5385 vorsus
1540 5330 1722 5385 linem.

136 5398 350 5470 Regino
412 5401 612 5467 etiam,
691 5401 855 5456 abbas
922 5398 1282 5465 Pru’miensis,
1341 5402 1432 5467 qui
1494 5400 1725 5457 ﬂorebat

137 5487 233 5527 an.
286 5472 422 5538 900,
472 5472 525 5526 in
556 5472 728 5541 prima
782 5473 1076 5543 appendice
1127 5474 1193 5525 ad
1250 5471 1446 5526 librum
1493 5471 1563 5527 de
1619 5471 1723 5526 Ec-

136 5543 454 5599 clesiasticis
500 5542 829 5614 disciplinis,
876 5559 927 5599 c.
956 5544 1044 5609 50,
1082 5552 1141 5597 et
1174 5542 1262 5596 alii
1314 5547 1402 5612 qui
1449 5543 1721 5599 subsecuti

136 5626 269 5670 sunt
311 5614 622 5680 canonistat,
672 5615 818 5683 plura
866 5630 932 5670 ex
961 5631 1023 5669 ea
1072 5615 1388 5671 retulerunt.
1433 5614 1720 5682 Reperitur

136 5688 305 5741 etiam
326 5686 673 5755 btecepistola
694 5687 746 5739 in
769 5688 945 5740 multis
971 5685 1141 5742 Codd.
1163 5700 1317 5750 mss.,
1346 5685 1509 5753 Tell.,
1526 5687 1715 5751 Carm,

135 5758 343 5826 Bugot,
374 5756 583 5829 Germ.,
616 5756 777 5824 νειμ,
812 5759 1037 5829 Anglic.
1073 5758 1266 5813 Verum
1297 5773 1456 5827 quam
1503 5761 1573 5813 sit
1600 5774 1720 5813 cor-

136 5839 301 5900 rupta
329 5836 385 5885 et
432 5828 747 5895 deformata,
775 5828 980 5883 clarum
1024 5840 1106 5885 est
1133 5845 1198 5884 ex
1225 5829 1403 5885 multis
1433 5830 1719 5900 interpola-

432 5926 707 5989 PATROL.
753 5922 1068 5984 LXXVII.

1809 3294 1992 3340 sancte
2051 3285 2210 3339 Pater
2255 3296 2489 3354 patrum,
2518 3295 2760 3341 orantem
2800 3300 2898 3356 pro
2944 3284 3097 3343 nobis
3137 3287 3402 3344 Dominus

1809 3376 2075 3434 custodiat
2101 3377 2156 3432 in
2171 3392 2365 3432 :evum.
2389 3379 2583 3432 Amen.

2314 3488 2341 3517 ⁸
2372 3478 2703 3535 EPISTULA
2729 3479 2895 3535 XVII.

2060 3588 2126 3625 AD
2165 3585 2393 3626 FELICEI
2421 3586 2800 3626 IESSANENSEI
2840 3587 3157 3633 εριεεορωικ

1814 3664 2164 3748 Interrogatus
2210 3665 2479 3745 respondet
2519 3666 2581 3746 de
2610 3666 3125 3748 consanguineorum
3161 3679 3417 3748 (animm.

1890 3737 2045 3811 tione,
2080 3737 2142 3788 de
2183 3738 2447 3811 iteratione
2499 3736 2850 3811 episcoporum
2893 3754 2923 3789 a
2976 3745 3214 3811 subditis,
3247 3736 3308 3801 ᾆσ
3348 3750 3415 3803 ιιι

1887 3805 2061 3887 dubia.
2095 3806 2427 3887 ecclesiarum
2474 3805 2873 3887 co'nsecra'ipne.
2913 3805 3212 3887 segregari
3239 3820 3413 3872 ξηεον.

1887 3878 2135 3945 rigibiles,
2165 3889 2210 3930 et
2240 3877 2494 3947 synodum
2518 3878 2793 3947 quotannis
2818 3875 3039 3956 congre'g
3059 3875 3122 3941 ἁλί
3153 3891 3411 3961 ρνωεὶρὶι,

1892 3970 2363 4026 ltet'erendissimo
2385 3971 2537 4028 fratri
2589 3972 2754 4029 Felici
2801 3978 3078 4051 episcopo,
3120 3983 3416 4055 Gregorius

1820 4078 2017 4120 servus
2037 4078 2318 4120 servorum
2353 4065 2469 4119 Dei.

1893 4156 2066 4227 Caput
2110 4170 2377 4225 nostrum,
2427 4160 2571 4229 quod
2609 4170 2695 4217 est
2742 4163 3011 4234 Christus,
3065 4168 3134 4223 ad
3178 4170 3283 4224 hoc
3312 4186 3411 4227 sua

1823 4252 2067 4309 membra
2098 4267 2196 4308 nos
2239 4266 2361 4309 esse
2391 4256 2579 4321 voluit,
2612 4266 2669 4312 ut
2702 4273 2800 4330 per
2824 4262 2940 4333 ejus
2964 4265 3167 4334 largam
3197 4267 3409 4340 1277

1831 4409 2065 4484 tionibus
2094 4418 2149 4464 et
2176 4410 2909 4484 repetitionibusinutilibus,
2940 4429 3073 4484 quas
3105 4416 3276 4473 lector
3302 4426 3423 4474 stir-

1827 4481 2010 4533 diusus
2057 4491 2109 4535 et
2146 4482 2377 4550 prudens
2421 4483 2560 4536 inter
2589 4483 2873 4552 legendum
2906 4481 3233 4542 otiservabit.
3291 4490 3422 4545 ideo

1829 4565 1859 4630 _a
1882 4552 2195 4630 quibusdam
2221 4555 2501 4630 reprobata
2526 4564 2629 4616 est,
2657 4564 2905 4630 tanquam
2935 4554 3201 4630 Gregorio
3224 4559 3422 4630 Magno

1826 4622 2059 4692 indigna.
2092 4622 2293 4677 Partim
2320 4640 2383 4676 ea:
2409 4622 2670 4678 Gussanv.
2706 4622 2836 4679 lluic
2864 4624 3005 4680 docti
3035 4622 3141 4683 viri
3170 4622 3421 4688 censum

1828 4708 1935 4768 non
1957 4694 2218 4768 audemus
2229 4694 2600 4768 subscribere;
2626 4696 2753 4760 quin
2778 4697 2956 4765 pOIilIS
2974 4698 3110 4753 hanc
3132 4701 3415 4768 epistolam

1826 4760 2086 4834 Gregorio
2117 4767 2329 4841 dignam
2351 4765 2678 4841 iudicamus.
2702 4760 3131 4841 pln'eaquaedam
3156 4760 3414 4841 repetun-

1825 4842 1914 4907 tur
1944 4846 2033 4889 attt
2076 4852 2139 4888 ex
2171 4836 2433 4903 epistolis,
2483 4844 2574 4890 aut
2602 4853 2670 4892 ex
2701 4838 2842 4892 libro
2871 4836 3004 4907 lleg.
3053 4836 3316 4900 Pastoral.
3346 4846 3418 4902 At

1828 4906 2135 4980 huiusmodi
2184 4908 2534 4980 repetitiones
2568 4919 2755 4964 sancto
2805 4909 3067 4980 Gregorio
3093 4923 3218 4968 sunt
3261 4915 3419 4969 fanti-

1828 4976 2006 5053 liares.
2030 4976 2176 5030 Illam
2195 4980 2352 5044 epist.
2378 4979 2566 5053 saltem
2596 4976 2976 5051 transpositam
3001 4994 3147 5053 putat
3173 4984 3419 5041 Gussan-

1828 5048 2030 5102 villicus
2057 5055 2214 5117 atque
2241 5058 2365 5106 ante
2396 5050 2554 5119 epist.
2584 5048 2826 5106 octavam
2861 5053 2981 5107 libri
3001 5048 3064 5120 'v,
3092 5071 3232 5109 nunc
3260 5058 3293 5111 9
3321 5058 3418 5113 lib.

1828 5133 1902 5198 vt,
1954 5120 2321 5198 repone-udam
2347 5123 2706 5198 censet,quod
2740 5122 2994 5198 Felix‘cui
3023 5127 3092 5198 de
3122 5128 3418 5198 privilegiis

1828 5190 2126 5266 1Anglorum
2173 5194 2317 5260 genti
2348 5190 2622 5266 concessis
2672 5195 2965 5260 τεεμοιιάει
3004 5190 3340 5266 Gregorius'i
3366 5199 3419 5254 le

1829 5261 1942 5330 ipse
1967 5260 2134 5332 fuerit
2153 5268 2216 5313 ad
2243 5278 2399 5329 quem
2422 5265 2709 5332 scripserat
2730 5266 2821 5320 lib.
2853 5282 2890 5330 t,
2919 5260 3177 5322 indictis}.
3215 5268 3419 5325 Verutn

1828 5331 1900 5410 ab_
1927 5330 2016 5410 illo
2041 5332 2363 5410 liutic_luisse
2388 5330 2659 5390 diversum
2676 5337 2759 5410 sic
2774 5337 3213 5410 demonstramus
3233 5355 3248 5391 :
3270 5340 3426 5410 Episn

1830 5403 1936 5477 tota
1970 5404 2083 5457 lucc
2123 5404 2187 5458 ad
2237 5404 2477 5477 Felicem
2512 5409 2767 5475 supponit
2811 5410 3170 5477 Augustinum
3197 5403 3333 5476 jam'
3365 5412 3422 5465 in

1828 5472 2157 5528 Britanniam
2187 5475 2432 5547 missum,
2468 5472 2711 5547 imo'j'ain
2757 5479 2872 5545 ejus
2897 5472 3314 5547 'quaestionihus
3355 5482 3426 5537 ad

1826 5560 1980 5599 novas
2012 5546 2262 5620 Ecclesiae
2304 5546 2613 5620 Anglicani
2658 5546 3424 5620 optitnam’gubernationem

1825 5619 2567 5692 spectantibusrespondisse
2618 5631 2861 5674 sanctum
2894 5619 3247 5690 Gregorium.
3278 5619 3427 5692 Ergo

1826 5690 1890 5743 ad
1913 5689 2075 5741 alium
2107 5687 2337 5743 Felicem
2361 5689 2556 5757 scripta
2585 5702 2667 5744 est
2698 5705 2856 5759 quam
2876 5695 2940 5744 ad
2976 5687 3121 5745 illum
3150 5687 3430 5750 Messana

1824 5761 2132 5828 episcopum
2161 5760 2244 5815 cui
2268 5761 2577 5829 inscribitur
2594 5760 2752 5829 epist.
2785 5762 2852 5815 40
2895 5763 3013 5818 libri
3038 5779 3077 5819 I.
3104 5763 3254 5819 Huic
3274 5766 3425 5820 enim

1826 5823 2111 5888 demortuo
2134 5823 2685 5900 successeratDonu's,
2717 5833 2904 5889 saltem
2930 5834 3078 5889 initio
3100 5835 3289 5891 indict.
3328 5835 3429 5919 Μ,

2914 5926 2991 5992 42
