3928 6342
524 302 657 365 1323

1691 310 1937 369 SANC'I'I
1975 309 2306 370 GREGORII
2345 309 2561 369 MAGNI

3664 318 3787 379 Im

515 425 835 483 cliaritatem
859 433 915 481 et
944 425 1102 482 (idem
1117 441 1284 483 unum
1315 441 1414 483 nos
1435 428 1487 482 in
1517 441 1577 483 se
1607 442 1801 501 corpus
1833 430 2095 499 efﬁceret,
2129 432 2182 491 Α
2210 428 2358 483 ribus
2401 427 2629 483 tenenda
2661 425 3000 495 indulsimus,
3050 443 3121 485 ne
3164 429 3367 487 bonum
3388 430 3537 503 quod
3582 433 3786 494 inﬁrma

516 524 601 578 cui
628 524 698 579 ita
729 537 829 578 nos
842 522 1128 579 adhaerere
1146 523 1418 588 convenit,
1447 531 1507 578 ut
1529 525 1651 594 quia
1676 525 1794 579 sine
1816 527 1933 595 ipso
1964 526 2098 582 nihil

514 631 635 672 esse
658 631 965 686 possumus,
996 632 1093 687 per
1115 618 1287 688 ipsum
1322 618 1594 686 possimus
1630 634 1752 675 esse
1795 620 1936 690 quod
1968 621 2102 676 dici-

514 726 654 765 mur.
686 711 771 766 Ab
796 726 922 766 arce
938 712 1126 781 capitis
1148 726 1234 768 res
1273 713 1421 766 nulla
1445 727 1543 767 nos
1570 713 1800 780 dividat,
1829 730 1895 770 ne
1918 716 1983 769 ab
2010 730 2097 783 eo,

512 807 555 861 si
604 807 902 861 membrum
948 807 1067 877 ejus
1105 823 1226 863 esse
1281 807 1597 877 refugimus,
1626 810 2009 879 relinquamur,
2043 819 2100 865 et

512 902 656 954 velut
684 900 876 969 dejecti
907 899 972 954 de
1020 902 1132 957 vite
1188 901 1443 971 palmites
1491 917 1821 959 arescamus.
1875 903 1943 959 Ut
1972 917 2100 973 ergo

510 990 887 1060 Redemptoris
915 994 1083 1048 nostri
1116 992 1478 1049 habitaculum
1508 1010 1630 1050 esse
1675 1011 1998 1059 mereamur,
2044 997 2100 1052 in

509 1087 793 1142 dilectione
821 1087 991 1157 ipsius
1020 1097 1131 1143 toto
1162 1092 1359 1145 mentis
1388 1090 1567 1145 studio
1600 1105 1933 1145 maneamus.
1980 1090 2100 1161 Ipse

509 1192 738 1247 namque
767 1179 879 1231 ait:
916 1178 1020 1245 Qui
1065 1181 1234 1250 diligit
1275 1197 1375 1247 me,
1406 1198 1685 1236 sermonem
1709 1198 1877 1235 meum
1926 1198 2099 1237 serra-

506 1270 597 1334 bil,
624 1280 669 1323 et
693 1270 853 1325 Pater
879 1288 1021 1325 meus
1049 1274 1229 1343 diliget
1257 1293 1391 1342 eum,
1426 1286 1473 1330 et
1501 1277 1568 1329 ad
1598 1294 1714 1329 eum
1743 1278 2019 1343 veniemus,
2052 1287 2100 1333 et

505 1363 643 1431 apud
664 1380 777 1416 eum
800 1368 1112 1421 mansionem
1136 1368 1381 1436 faciemus
1410 1366 1591 1439 (Joan.
1623 1369 1869 1437 siv,‘25).
1904 1369 2099 1439 Exegit

505 1468 632 1524 ergo
659 1456 874 1510 dilectio
914 1466 1025 1519 tua,
1060 1459 1223 1513 frater
1266 1460 1605 1526 cbarissime,
1660 1472 1717 1516 ut
1748 1478 1812 1517 ex
1864 1462 2097 1517 auctori-

504 1555 608 1601 tate
640 1547 783 1602 sedis
811 1550 1123 1617 apostolicm
1163 1552 1273 1605 tuis
1325 1552 1649 1608 deberemus
1678 1555 1939 1609 consnliis
1978 1571 2097 1611 res-

503 1636 763 1705 pondere.
793 1638 947 1706 Quod
995 1642 1121 1695 licet
1164 1658 1269 1697 non
1294 1644 1494 1712 prolixe
1524 1646 1617 1699 sed
1641 1645 1915 1701 succincte
1935 1661 2097 1715 agere

503 1727 899 1795 lesiinaremus,
933 1744 1151 1802 propter
1183 1736 1441 1802 quasdam
1489 1738 1941 1807 iinportunitates,
1975 1754 2093 1807 qua:

2207 520 2383 574 adhuc
2421 520 2601 575 radice
2622 522 2917 590 plantaium
2949 532 3068 578 erat
3091 534 3391 591 emeretur,
3417 525 3517 580 sed
3556 539 3786 598 emptura

2204 611 2532 677 ﬁrmaretur,
2586 622 2644 668 et
2673 628 2843 683 usque
2874 614 2940 668 ad
2996 616 3382 686 perfectionem
3408 620 3787 678 custodiretur.

2206 704 2348 761 Sane
2377 707 2422 761 si
2450 708 2500 760 in
2528 708 2611 761 bis
2632 722 2789 763 secus
2817 725 2977 779 quant
3009 710 3292 766 debuimus
3316 713 3521 781 aliquid
3547 716 3750 784 egimus
3771 757 3786 784 ,

2206 805 2230 835 ε
2255 813 2362 851 non
2394 800 2699 867 proterviae,
2729 802 2823 854 sed
2867 802 3296 857 commiserantia
3334 814 3519 859 aetum
3562 822 3691 861 esse
3712 824 3791 861 (o-

2202 904 2451 958 guoscas.
2480 890 2632 946 Unde
2661 902 2717 945 et
2761 900 2952 947 testem
2982 894 3175 948 invoco
3208 895 3407 963 Deum,
3457 898 3552 967 qui
3588 898 3789 969 1278

2201 985 2553 1053 cogitationes
2604 987 2847 1041 omnium
2890 988 3166 1042 hominum
3217 990 3389 1055 novit,
3439 980 3602 1061 cujus
3644 996 3789 1047 etiam

2201 1076 2371 1131 oculis
2398 1077 2579 1133 omnia
2620 1079 2765 1133 nuda
2796 1088 2996 1134 suntet
3040 1089 3245 1150 aperta.
3292 1081 3423 1136 Nam
3473 1085 3521 1137 si
3583 1099 3648 1137 ea
3680 1076 3825 1140 ἀφ’

2205 1181 2438 1227 truerem
2478 1188 2597 1242 qua:
2651 1186 3022 1230 antecessores
3068 1178 3236 1231 nostri
3283 1185 3645 1244 statuerunt,
3694 1195 3785 1234 aea

2200 1275 2562 1331 constructor,
2613 1268 2707 1321 sed
2755 1282 2979 1323 eversor
3026 1281 3147 1323 esse
3181 1270 3325 1337 juste
3370 1274 3785 1339 comprobem,

2201 1367 2432 1414 testante
2480 1359 2736 1414 Veritatis
2779 1375 2909 1415 voce
2930 1404 2945 1427 ,
2990 1376 3110 1431 quae
3138 1363 3211 1415 ait
3242 1379 3258 1416 :
3288 1360 3462 1416 Omne
3507 1380 3719 1433 regina
3744 1366 3787 1416 ia

2200 1452 2423 1518 seipsum
2468 1452 2687 1506 divisum
2734 1469 2837 1506 non
2886 1453 3037 1506 stabit
3086 1454 3237 1525 (Luc.
3265 1469 3339 1520 si,
3374 1454 3492 1523 Π).
3526 1467 3581 1509 et
3634 1457 3785 1510 omnis

2203 1545 2426 1599 scientia
2450 1553 2505 1599 et
2534 1544 2616 1599 lex
2644 1545 2906 1600 adversus
2930 1559 2991 1599 se
3013 1546 3182 1601 divisa
3204 1545 3543 1601 destruetur.
3576 1546 3784 1613 Ideoque

2200 1652 2422 1693 necesse
2449 1647 2534 1692 est
2563 1648 2622 1692 ut
2647 1653 2839 1694 omnes
2869 1640 3209 1694 concorditer
3253 1649 3456 1693 statuta
3489 1652 3783 1697 sacoma

2201 1730 2418 1785 Patrum
2444 1740 2751 1786 nostromm
2780 1741 3079 1797 teneamus,
3106 1731 3239 1786 nihil
3268 1733 3531 1789 videlicet
3564 1748 3784 1799 percon-

502 1825 698 1878 nostris
724 1827 1178 1894 praniedicntibus
1223 1832 1459 1898 peccatis
1498 1832 1551 1886 in
1580 1847 1678 1887 nos
1706 1846 2089 1903 supervenere,
2125 1818 2173 1879 Β
2202 1824 2492 1879 lentionem
2524 1835 2763 1895 agentes,
2792 1825 2917 1889 sed,
2954 1827 3021 1880 ad
3050 1841 3212 1881 omne
3238 1827 3486 1881 Studium
3524 1828 3679 1881 bona
3706 1830 3784 1883 tle-

502 1916 606 1970 tuis
638 1927 812 1973 tamen
850 1920 983 1985 haec,
1020 1937 1113 1989 per
1140 1923 1346 1992 reliqua
1378 1935 1690 1981 sanctorum
1726 1927 1941 1982 l'atruin
1987 1930 2096 1983 ins-

502 2008 675 2074 tituta,
703 2012 900 2068 studiis
945 2014 1254 2085 perquirere
1298 2016 1457 2071 latius
1502 2026 1559 2073 et
1588 2019 1911 2090 investigare
1949 2036 2095 2075 com-

502 2103 774 2159 mittimus.
810 2104 924 2160 Nou
949 2108 1095 2162 enim
1147 2118 1329 2177 potest
1356 2126 1510 2165 mens
1534 2114 1715 2166 attrita
1759 2124 1813 2167 et
1841 2113 2095 2168 oneribus

502 2207 655 2267 atque
684 2200 1178 2269 importunitatibus
1200 2214 1529 2274 priegravata
1558 2214 1763 2261 tantum
1788 2206 1913 2259 boni
1940 2222 2095 2275 pera-

501 2306 645 2361 gere,
677 2304 733 2349 et
762 2293 933 2349 libere
973 2300 1040 2351 de
1079 2295 1164 2350 his
1216 2297 1382 2367 loqui,
1439 2307 1699 2368 quantum
1746 2298 2011 2353 delectata
2039 2307 2095 2355 et

502 2386 930 2453 oppressionibus
953 2389 1279 2443 soluta.Non
1299 2405 1427 2459 ergo
1446 2392 1546 2444 ista
1562 2392 1631 2446 ob
1654 2393 1707 2445 id
1730 2394 2089 2465 praatulimus,

502 2480 554 2524 ut
590 2472 704 2526 haec
735 2482 791 2527 et
826 2474 930 2527 alia
968 2490 1087 2543 quin
1133 2490 1439 2531 necessaria
1495 2476 1611 2531 fore
1669 2480 2089 2548 cognoverimus

502 2574 604 2621 tute
633 2570 903 2624 sanctitati
958 2571 1185 2627 velimus
1239 2574 1533 2646 denegare,
1586 2576 1681 2631 sed
1714 2585 1773 2632 ut
1829 2578 1972 2647 quod
2005 2578 2092 2635 hic

501 2662 673 2717 minus
706 2665 975 2722 invenitur
1004 2666 1166 2723 latius
1199 2671 1563 2739 perquiratur.

569 2754 647 2811 De
680 2758 848 2814 tribus
876 2762 1019 2815 enim
1049 2764 1394 2832 apostolicam
1427 2765 1609 2819 sedem
1637 2806 1653 2832 ,
1708 2764 1761 2820 in
1794 2780 1894 2835 qua
1929 2768 2091 2823 alitus

499 2864 556 2904 es
583 2857 639 2905 et
657 2852 902 2915 edoctus,
931 2855 1179 2923 capitulis
1200 2856 1607 2923 consulendam,
1632 2858 2088 2927 prtedecessorum

499 2951 710 2999 tuorum
752 2962 983 3017 sequens
1016 2951 1284 3020 exempla,
1317 2951 1613 3019 credidisti,
1648 2952 1698 3007 id
1729 2963 1813 3008 est
1858 2953 1923 3007 de
1952 2971 2089 3009 eon-

497 3038 875 3109 sanguinitatis
898 3041 1302 3113 conjunctione,
1326 3053 1379 3097 et
1406 3044 1471 3098 de
1498 3046 1782 3099 vexatione
1809 3046 2089 3116 episcopo-

498 3142 610 3182 rum
642 3144 671 3182 a
707 3131 955 3197 subditis,
983 3134 1129 3188 etde
1160 3134 1507 3189 ecclesiarum
1539 3135 1868 3193 dubitatione
1896 3152 2088 3193 conse-

2197 1919 2430 1973 votionis
2457 1919 2737 1974 unanimes
2764 1961 2779 1985 ,
2804 1919 3003 1973 divinis
3027 1926 3082 1972 et
3111 1918 3429 1987 apostolicis
3462 1922 3787 1975 constitutis-

2197 2011 2357 2065 nibus
2408 2011 2705 2067 auxiliante
2753 2010 2981 2068 Domino
3027 2009 3386 2081 pareamus‘.
3441 2014 3464 2069 t
3498 2010 3694 2068 Videt.
3722 2030 3785 2083 ri,

2196 2118 2280 2173 ep.
2306 2103 2420 2172 64.)

2269 2206 2315 2260 0
2344 2221 2501 2273 quam
2530 2207 2670 2259 bona
2698 2212 2784 2259 est
2812 2203 3049 2259 cbaritas
3075 2246 3090 2271 ,
3120 2218 3238 2274 qua:
3268 2204 3529 2261 absentia
3562 2222 3659 2276 per
3678 2208 3789 2261 una.

2196 2298 2373 2367 ginem
2418 2296 2705 2367 praesentia
2755 2294 3105 2364 sibimetipsis
3141 2296 3367 2352 exhibet
3398 2314 3504 2366 per
3547 2314 3786 2371 amorem,

2197 2390 2365 2445 divisa
2398 2391 2546 2456 nuit,
2587 2390 2805 2444 confusa
2840 2390 3076 2456 ordinat,
3128 2390 3424 2459 ina-quala
3480 2392 3679 2456 sociat,
3710 2394 3788 2445 im-

2197 2486 2431 2555 perfecta
2454 2484 2826 2539 consummat!
2852 2498 3009 2554 quam
3035 2495 3179 2539 recte
3198 2486 3547 2553 praedicator
3569 2487 3789 2557 egregius

2178 2578 2462 2655 ‘vinculum
2494 2576 2835 2647 perfectionis
2865 2588 3018 2630 vocat
3040 2575 3262 2647 (Coloss.
3292 2577 3408 2646 in),
3432 2580 3571 2648 quia
3592 2579 3789 2633 virtute!

2195 2668 2409 2738 quidem
2436 2676 2647 2721 camerae
2671 2665 3055 2736 perfectionem
3074 2674 3358 2735 generant,
3384 2668 3489 2721 sed
3518 2678 3694 2721 tamen
3715 2677 3789 2721 eas

2195 2758 2266 2812 ita
2290 2756 2529 2811 cliaritas
2553 2758 2702 2827 ligat,
2734 2765 2792 2811 ut
2821 2756 2890 2809 ab
2919 2756 3149 2810 amantis
3192 2769 3381 2811 mente
3418 2758 3655 2812 dissolvi
3693 2759 3790 2826 jam

2196 2857 2485 2918 nequeant.
2523 2848 2617 2903 llis
2646 2850 2747 2903 rite
2778 2849 3078 2918 perpensis,
3110 2858 3136 2887 ε
3176 2848 3515 2904 charitative
3541 2852 3645 2919 jam
3688 2850 3793 2902 dic-

2196 2943 2263 2996 tis
2295 2941 2513 3008 indulsi,
2545 2957 2645 2997 nec
2673 2951 2997 3012 praeceptum
3025 2941 3175 3007 dedi,
3202 2941 3299 2996 sed
3330 2944 3630 2997 consilium
3652 2960 3671 3007 ς
3697 2955 3794 2995 nec

2194 3036 2432 3105 regulam
2463 3036 2515 3088 in
2544 3034 2629 3089 liis
2650 3037 2880 3103 posteris
2912 3036 3033 3089 ullis
3060 3036 3354 3091 tenendam
3378 3036 3605 3103 tradidi,
3634 3035 3794 3092 sedda

2194 3122 2404 3176 duobus
2433 3121 2688 3191 periculis
2711 3123 2853 3191 quod
2888 3122 3097 3177 facilius
3132 3124 3202 3177 sit
3250 3124 3544 3179 vitandum
3574 3124 3791 3179 ostenﬁ.

496 3220 813 3278 orationum.
848 3224 1001 3291 Quod
1028 3236 1207 3281 autem
1238 3228 1426 3297 scripsi
1451 3229 1765 3300 Augustino,
1792 3231 2087 3299 Anglorum

2204 3216 2250 3270 5i
2275 3216 2436 3286 igitur
2458 3215 2511 3268 in
2526 3216 2685 3268 rebus
2706 3215 3054 3269 saecularibus
3076 3229 3231 3270 suum
3257 3216 3463 3287 cuique
3487 3218 3579 3286 jus
3604 3227 3662 3273 et
3688 3232 3793 3286 pre-

498 3318 671 3387 gentls
689 3319 965 3391 episcopo,
996 3322 1211 3385 alumno
1237 3323 1510 3392 videlicet,
1537 3335 1594 3379 ut
1617 3325 1938 3391 recordaris,
1972 3336 2086 3393 tuo,

497 3413 563 3466 de
589 3415 1069 3482 consanguinitatis
1099 3416 1499 3486 conjunctione,
1546 3419 1650 3488 ipsi
1682 3428 1736 3473 et
1794 3418 2087 3490 Anglorum

495 3506 661 3575 genti,
693 3522 811 3576 qua:
843 3522 1012 3577 nuper
1037 3508 1104 3564 ad
1131 3507 1291 3566 ﬁdem
1324 3520 1566 3576 venerat,
1599 3528 1665 3564 ne
1695 3526 1723 3565 a
1771 3512 1912 3567 bono
1943 3513 2086 3582 quod

498 3609 755 3668 cmperat,
791 3603 1080 3657 metuendo
1109 3606 1409 3659 austeriora
1448 3603 1748 3671 recederet,
1783 3604 2092 3673 specialiter

494 3696 551 3744 et
574 3705 682 3744 non
704 3693 1028 3760 generaliter
1069 3695 1286 3750 caeteris
1330 3710 1416 3751 me
1446 3696 1731 3765 scripsisse
1772 3711 2088 3767 cognoscas.

496 3782 657 3839 Unde
700 3792 755 3839 et
784 3784 915 3838 mihi
945 3787 1120 3843 omnis
1152 3788 1391 3843 Romana
1442 3788 1635 3847 civitas
1682 3789 1884 3846 exstitit
1914 3792 2089 3861 testis,

499 3890 599 3930 nec
630 3890 693 3931 ea
724 3878 1017 3933 intentione
1046 3881 1160 3935 hinc
1191 3882 1295 3936 illis
1324 3882 1537 3951 scriptis
1558 3884 1829 3949 mandavi,
1860 3892 1919 3938 ut
1945 3894 2090 3954 post-

500 3984 663 4039 quam
708 3968 865 4025 ﬁrma
895 3972 1073 4029 radice
1105 3975 1157 4028 in
1184 3975 1289 4030 [ide
1341 3975 1540 4031 fuerint
1567 3978 1819 4047 solidati,
1876 3981 1923 4034 si
1954 3980 2090 4037 intra

500 4062 784 4129 propriam
829 4062 1028 4119 fuerint
1056 4068 1572 4135 consanguinitatem
1614 4071 1834 4137 inventi,
1868 4087 1973 4125 non
2000 4087 2090 4128 se-

504 4160 781 4223 parentur,
812 4161 905 4208 aut
932 4154 1066 4209 intra
1094 4156 1372 4213 affinitatis
1402 4159 1622 4226 lineam,
1648 4161 1699 4217 id
1729 4178 1813 4218 est
1839 4178 2004 4231 usque
2025 4162 2090 4219 ad

502 4246 784 4316 septimam
825 4251 1248 4319 generationem,
1306 4254 1737 4325 conjungantur;
1793 4258 1887 4311 sed
1914 4256 2109 4339 adhuc:

500 4339 622 4395 illos
649 4340 946 4414 necpliytos
973 4343 1265 4401 existentes
1292 4348 1588 4415 sepissime
1618 4365 1712 4404 eos
1734 4350 1878 4415 prius
1903 4350 2089 4407 illicita

497 4432 698 4487 docere
733 4434 757 4470 δ
782 4434 974 4501 vitare,
1002 4444 1055 4489 et
1077 4436 1257 4491 verbis
1282 4452 1344 4493 ac
1393 4440 1661 4508 exemplis
1703 4441 1988 4505 instruere,
2010 4451 2091 4499 cet

496 4538 618 4593 quae
650 4534 769 4591 post
797 4526 863 4581 de
910 4527 1112 4583 talibus
1137 4527 1381 4598 egerint,
1416 4532 1806 4587 rationabiliter
1836 4546 1887 4589 et
1922 4535 2091 4591 lideli-

2196 3310 2344 3378 prius
2358 3306 2490 3360 ordo
2506 3305 3132 3375 servundusest,quanto
3144 3309 3317 3377 magis
3342 3309 3397 3363 in
3409 3310 3791 3363 ecclesiasticis

2195 3400 2644 3471 dispositionibus
2674 3398 2817 3455 nulla
2840 3398 3001 3455 debet
3042 3400 3219 3455 induci
3246 3400 3533 3471 confusio,
3572 3402 3591 3440 ί
3618 3416 3689 3458 ne
3730 3401 3794 3456 ibi

2195 3495 2462 3552 discordia
2477 3496 2653 3550 locum
2676 3494 2935 3561 inveniat,
2954 3494 3095 3549 unde
3126 3494 3277 3563 pacis
3292 3494 3507 3551 debent
3528 3498 3669 3551 bona
3684 3510 3795 3566 pre-

2196 3589 2391 3643 cedere
2412 3589 2436 3642 i
2460 3587 2614 3655 Quod
2639 3587 2741 3642 hac
2769 3588 2979 3643 ratione
3003 3586 3324 3655 servabitur,
3360 3590 3411 3644 si
3437 3591 3583 3645 nihil
3631 3602 3793 3660 potes-

2200 3684 2320 3749 tati,
2378 3681 2473 3737 sed
2508 3691 2676 3736 totum
2708 3681 2945 3750 mquitati
2970 3679 3241 3736 tribuitur.
3291 3680 3648 3751 Quapropter
3674 3684 3793 3737 mal-

2199 3783 2308 3827 tum
2330 3788 2425 3829 eor
2443 3785 2681 3829 nostrum
2698 3773 3051 3843 magnitudini
3075 3784 3271 3829 vestra
3291 3776 3634 3845 congaudet,
3659 3776 3787 3845 quod

2196 3865 2276 3919 sic
2296 3880 2392 3920 vos
2419 3866 2473 3919 in
2504 3866 2698 3921 vestris
2723 3868 2929 3921 actibus
2948 3866 3220 3922 studiosos
3243 3868 3583 3935 invenimus,
3627 3879 3683 3923 ut
3708 3878 3791 3923 res

2195 3965 2251 4012 et
2289 3956 2459 4011 nostri
2501 3972 2683 4012 curam
2732 3957 2975 4012 habeatis
3002 3965 3057 4011 et
3089 3958 3211 4012 talia
3259 3959 3605 4014 sciscitando
3631 3960 3795 4028 inqui»

2195 4063 2318 4104 rere
2339 4048 2620 4113 studeatis,
2647 4058 2915 4119 quatenus
2946 4048 3071 4105 talia
3102 4048 3255 4105 vobis
3300 4065 3412 4105 non
3438 4052 3626 4106 solum
3668 4050 3795 4119 and

2196 4142 2440 4196 homines
2476 4142 2724 4211 gloriam,
2752 4143 2847 4197 sed
2888 4153 2943 4197 et
2985 4142 3124 4213 apud
3144 4142 3595 4213 omnipotentem
3624 4146 3797 4200 [la-7r

2195 4249 2322 4289 num
2350 4235 2571 4302 praemia
2598 4235 2865 4290 mercedis
2888 4234 3187 4303 acquirant.

2267 4350 2531 4404 Caeterum
2558 4362 2720 4417 super
2746 4357 3028 4404 vexatione
3054 4348 3457 4418 episc0porum,
3488 4352 3561 4405 de
3585 4367 3689 4421 qua
3712 4363 3799 4405 ιω

2196 4443 2478 4499 consulere
2508 4442 2773 4508 voluistis,
2807 4443 3007 4500 scimus
3034 4447 3154 4515 quia
3198 4460 3227 4499 a
3254 4446 3423 4502 nullis
3446 4448 3564 4502 vita
3610 4465 3800 4517 presu-

2204 4537 2311 4591 lum
2347 4538 2648 4607 perturbari
2703 4537 2863 4592 debet
2912 4539 3242 4603 excessibus,
3300 4541 3431 4608 quia
3473 4543 3643 4597 valde
3672 4541 3801 4597 ἰώ-

498 4625 582 4671 ter
604 4617 891 4672 excludere
921 4629 1153 4688 oportet.
1178 4596 1478 4690 Namjuxta
1504 4625 1837 4690 Apostolum,
1860 4627 1949 4695 qui
1974 4628 2087 4683 ait:
2119 4596 2170 4654 θ
2198 4596 2361 4700 gnuni
2386 4624 2467 4685 Est
2503 4638 2559 4683 ut
2588 4629 2643 4683 lii
2673 4630 2764 4698 qui
2804 4630 2983 4683 throni
3016 4630 3109 4684 Dei
3158 4638 3417 4685 vocantur
3444 4633 3635 4702 aliqua
3692 4650 3797 4687 me-

496 4709 602 4764 Lac
632 4711 768 4765 vobis
816 4720 993 4783 potum
1021 4714 1160 4779 dedi,
1200 4732 1307 4769 non
1337 4732 1500 4769 escam
1532 4715 1587 4785 (1
1618 4716 1737 4772 Cor.
1763 4733 1845 4784 iit,
1878 4721 1956 4787 2),
1988 4722 2089 4779 ista

496 4800 599 4857 iliis
626 4804 809 4871 modo,
839 4820 946 4859 non
980 4808 1231 4877 posteris,
1267 4816 1323 4862 ut
1350 4809 1715 4877 supradictuni
1747 4819 1849 4875 est,
1884 4821 2090 4883 tempo-

495 4950 551 4996 ut
592 4950 738 5012 patet
790 4957 855 4996 ex
887 4942 1051 5010 epist.
1100 4944 1135 4997 9
1188 4942 1307 4999 libri
1332 4960 1407 4999 vi.
1454 4943 1509 5000 Si
1537 4946 1680 4999 dicas
1713 4947 1828 5000 loco
1880 4957 2081 5004 motam

495 5014 662 5068 fuisse
696 5016 832 5067 lianc
860 5018 1165 5083 epistolam,
1197 5030 1423 5083 eamque
1455 5017 1517 5069 ad
1542 5018 1699 5070 aliam
1734 5018 2079 5077 indictionem

493 5087 785 5154 pertinere,
817 5087 957 5154 quod
1001 5088 1248 5141 omnibus
1290 5088 1416 5141 Mss.
1461 5090 1792 5142 contrarium
1843 5100 1945 5151 est,
1979 5105 2081 5147 nec

494 5160 600 5213 ulla
634 5159 714 5212 vel
749 5157 1015 5210 levissima
1049 5157 1356 5225 conjectura
1383 5161 1588 5223 nititur,
1635 5161 1757 5226 quid
1790 5164 2081 5227 responde-

490 5229 576 5303 bis
626 5229 693 5283 de
724 5236 803 5283 tot.
845 5230 963 5283 a|2is
994 5231 1059 5282 ad
1110 5231 1560 5303 [ξρῃιιηξεςιήίιιᾷῐὶε
1602 5229 2078 5303 epistolislltaqite

494 5301 739 5373 Eucarpo
765 5312 1099 5373 successerat
1128 5301 1274 5355 Felix
1304 5300 1438 5354 Doni
1467 5300 1740 5356 decessor.
1776 5300 2076 5373 Eucarpnm

490 5371 597 5438 jam
627 5386 767 5425 anno
798 5372 905 5427 580
948 5373 1290 5441 graudazvum
1339 5376 1582 5441 agnoscit
1633 5374 1875 5444 Pelagius
1904 5371 1968 5438 ll,
2011 5375 2077 5430 ad

493 5444 664 5508 ipsum
691 5444 957 5497 scribens.
995 5444 1214 5509 Aliquot
1253 5459 1381 5511 ergo
1410 5456 1533 5497 ante
1585 5443 1824 5512 Gregorii
1865 5447 2079 5512 pumili-

495 5524 670 5585 catum
697 5517 850 5569 annis
870 5518 1264 5569 Messanenscm
1297 5514 1591 5568 Ecclesiam
1612 5520 1829 5585 regebat
1863 5516 2011 5571 Felix
2032 5517 2075 5572 l.

492 5577 553 5635 In
582 5584 699 5652 ejus
728 5588 900 5640 locum
932 5586 1210 5641 ordinatus
1252 5595 1332 5638 est
1356 5604 1380 5636 τι
1414 5577 1697 5654 ϋτειέοτὶίῖ
1727 5588 1935 5653 Donus;
1969 5589 2075 5653 cui,

494 5666 607 5727 non
643 5659 824 5727 multis
866 5668 995 5712 ante
1041 5657 1281 5727 Gregorii
1339 5656 1541 5711 obitum
1592 5658 1772 5720 annis,
1820 5662 2078 5716 successit

494 5722 647 5795 Felix
679 5724 912 5795 ll.’Non,
961 5722 1194 5795 inquam,
1245 5728 1457 5794 multis;
1490 5742 1612 5782 nam
1664 5729 1880 5787 ineunte
1930 5745 2073 5787 anno

498 5792 622 5863 605,
654 5794 939 5864 Adrianus,
964 5792 1450 5866 ad‘Syracusanum'
1475 5801 1851 5868 patrimonium
1882 5818 2072 5874 regen-

2198 4722 2344 4777 tione
2374 4730 2401 4768 8
2432 4737 2460 4774 a
2486 4721 2699 4791 regibus
2736 4718 2825 4775 vel
2856 4719 3081 4775 subditis
3111 4723 3416 4779 turbentur.
3445 4727 3723 4791 thniam
3760 4724 3796 4779 si

2200 4815 2366 4871 David
2390 4830 2575 4885 regum
2599 4815 2928 4885 justissimus
2950 4812 3003 4868 in
3027 4814 3178 4882 Saul,
3198 4831 3364 4886 quem
3390 4822 3796 4889 constabatjal

2193 4948 2319 5005 dum
2349 4955 2565 5013 missus,
2591 4945 2776 5015 Leoni,
2816 4944 3163 5019 Secundino,”
3185 4944 3403 5017 Joanni,
3437 4952 3627 5019 Dono,
3676 4966 3797 5019 Cit...

2190 5023 2459 5091 episcopis
2510 5020 2731 5091 Siciliai,
2785 5036 2891 5075 tton
2943 5035 3072 5076 vero
3126 5018 3293 5075 Felici
3349 5018 3797 5089 commendatur,

2189 5088 2283 5149 lib.
2314 5088 2430 5156 xiii,
2455 5098 2614 5161 epist.
2654 5088 2739 5145 l8.

2258 5161 2286 5202 ι)
2322 5158 2669 5219 Αιιθδῐυίιανε
2695 5178 2723 5215 a
2760 5158 2972 5229 Gemet,
3003 5162 3165 5217 Corb.
3190 5179 3251 5216 ac
3286 5162 3462 5221 Vatic.
3496 5168 3569 5222 D.

2266 5244 2287 5273 ο
2320 5234 2376 5289 ln
2424 5234 2584 5289 Corb.
2640 5242 2693 5287 et
2746 5233 2977 5305 ϐαίνει,
3012 5250 3113 5286 non
3141 5243 3348 5305 proritet
3376 5238 3525 5305 ipsa.
3566 5244 3760 5297 limosi
3782 5280 3793 5301 ι

2188 5324 2289 5362 non
2322 5318 2527 5373 propter
2558 5304 2740 5372 ipsum,
2770 5302 2858 5358 ubi
2882 5304 3060 5357 nullus
3089 5302 3168 5359 est
3208 5302 3422 5362 sensus.

2258 5378 2283 5415 ἀ
2308 5372 2497 5432 Iisdem
2524 5376 2702 5430 verbis
2730 5375 2913 5444 incipit
2934 5376 3090 5442 epist.
3122 5372 3387 5445 5§lili.v.
3410 5380 3621 5437 Simile
3642 5389 3795 5439 eti..-

2184 5448 2463 5527 chariiatis
2494 5449 2723 5519 elogium
2751 5440 2943 5516 legitur
2964 5440 3125 5516 epist.
3158 5440 3245 5503 53.
3272 5444 3371 5504 ιη).
3402 5466 3531 5519 \lll,
3563 5468 3625 5511 et
3646 5466 3795 5527 epist

2186 5521 2306 5585 103,
2340 5521 2429 5575 lib.
2466 5536 2541 5574 lx.

2257 5600 2281 5629 θ
2314 5592 2513 5646 Vitiosa
2547 5593 2599 5646 in
2629 5590 2873 5657 Excusis,
2899 5591 3139 5645 choritati
3168 5602 3289 5649 lure.

2260 5660 2279 5700 ί
2314 5664 2552 5730 Comet"
2613 5663 2879 5733 confusio,
2902 5663 2985 5716 ubi
3011 5663 3290 5720 discordia.

2256 5743 2281 5782 Β
2311 5732 2367 5789 ln
2406 5734 2574 5806 Vatic.
2614 5734 2655 5789 Ι)
2687 5732 2740 5791 et
2774 5734 3011 5804 Gemet.,
3047 5754 3079 5790 α
3106 5739 3313 5806 reliquis
3344 5745 3425 5795 τιτι
3458 5746 3718 5800 subditis.
3750 5745 3793 5800 h

2182 5805 2367 5872 Corb.,
2403 5823 2435 5860 ιι
2468 5805 2688 5875 clericis,
2720 5808 2813 5861 vel.
