3928 6342
151 307 282 364 1523

718 306 1201 368 EPISTOLARUM
1236 305 1367 366 LIB.
1405 307 1548 364 XIV.
1587 337 1659 350 -—
1695 304 1938 365 INDICT.
1977 305 2092 365 γη.
2117 268 2201 351 1-
2235 305 2447 368 EPIST.
2488 306 2654 368 XVII.

3273 311 3414 374 1326

146 439 176 480 a
207 426 430 483 Domino
456 426 796 496 reprobatum
829 443 950 485 esse
973 443 1189 484 manum
1222 427 1434 482 mittere
1457 440 1560 480 non
1584 440 1721 496 prte-
1748 424 1807 486 Δ
1831 427 2082 494 quoniam
2114 441 2219 482 non
2269 435 2597 482 monstratur
2638 426 2888 481 iteratum
2919 425 3063 496 quod
3111 442 3218 485 non
3248 422 3432 490 certis!

146 521 395 589 sumpsit,
427 530 626 591 quanto
654 521 823 592 magis
852 522 1150 577 cavendum
1173 528 1260 576 est
1288 535 1354 574 ne
1386 533 1598 573 manum
1629 517 1729 572 de-

145 614 421 670 tractionis
449 623 540 668 aut
577 614 1004 684 vituperationis,
1059 616 1172 669 sive
1202 610 1599 668 intliscrelionis
1639 617 1730 664 aut

151 705 617 773 dehonerationis,
651 706 862 777 quidam
895 709 1110 761 mittant
1145 706 1196 760 in
1227 712 1444 760 unctum
1477 703 1728 770 Domini,

147 801 233 856 vel
248 801 296 855 in
319 800 698 869 praedicatores
712 809 908 854 sancta:
923 800 1199 866 Ecclesia,
1219 799 1340 870 quia
1365 814 1548 853 eorum
1573 811 1733 853 vexa-

151 895 230 949 tio
257 895 367 948 sive
399 893 662 950 detractio
689 893 754 947 ad
781 891 1051 948 Christum
1084 893 1333 962 pertinet,
1363 889 1514 962 cuius
1535 889 1650 944 vice
1677 891 1731 944 in

159 983 391 1039 Ecclesia
416 985 684 1054 legatione
716 984 1050 1054 funguntur?
1080 983 1231 1041 Unde
1256 997 1596 1051 summopere
1642 995 1734 1035 ca-

154 1078 377 1132 vendum
408 1087 490 1133 est
516 1078 765 1132 omnibus
789 1078 1033 1132 ﬁdelibus
1052 1092 1118 1132 ne
1140 1077 1385 1132 clanculo
1411 1084 1502 1129 aut
1522 1074 1734 1144 publice

151 1169 462 1240 episcopum
493 1184 670 1235 suum,
705 1169 753 1223 id
775 1177 858 1222 est
886 1179 1099 1224 unctum
1134 1168 1366 1235 Domini,
1391 1165 1735 1221 ilctraCtioni-

113 1261 250 1342 _bus
299 1272 389 1317 aut
454 1262 930 1330 vituperationibus
988 1261 1277 1327 dilanient,
1339 1260 1734 1333 perpendentes

148 1355 275 1410 illud
304 1357 612 1426 exemplum
655 1353 852 1421 Mariae,
886 1357 1007 1425 quia
1055 1370 1154 1424 pro
1193 1369 1258 1410 eo
1285 1353 1428 1425 quod
1459 1353 1623 1423 Moysi
1657 1352 1734 1406 fa-

145 1447 291 1502 mqu
320 1447 411 1503 Dei
437 1459 656 1518 propter
684 1447 1068 1517 Ethiopissam
1093 1449 1348 1514 detraxit,
1396 1446 1734 1502 immunditia

145 1542 305 1610 lepra:
333 1542 552 1595 multata
599 1542 668 1596 sit
699 1541 888 1613 (Nunt.
937 1541 1056 1610 xu).
1105 1542 1172 1594 Et
1204 1539 1330 1595 illud
1389 1537 1732 1598 Psalmistm:

151 1631 322 1686 Nolite
371 1642 578 1702 tangere
615 1633 833 1686 christos
879 1647 1036 1697 meos,
1090 1643 1135 1686 et
1193 1633 1244 1686 in
1301 1631 1558 1702 prapltetis
1609 1633 1736 1685 meis

157 1721 367 1794 1279
395 1724 552 1778 nolite
599 1723 875 1795 malignari
919 1723 1091 1794 (Paul.
1120 1724 1370 1796 Ctv,15).
1415 1723 1478 1778 Et
1521 1723 1575 1779 in
1619 1723 1735 1792 lege

1835 521 2045 576 indiciis
2071 521 2371 576 ostenditur
2395 521 2497 576 rite
2525 530 2821 590 peractum.
2853 517 2881 560 ι
2901 521 3028 578 llazc
3055 537 3157 580 nos
3185 525 3416 584 admini-

1835 612 2050 666 culante
2081 613 2257 668 divina
2293 615 2459 682 gratia
2507 617 2575 668 ita
2607 623 2789 670 tenere
2816 616 3079 685 cupimus,
3127 618 3414 690 vobisque,

1835 712 1891 756 ut
1923 703 2253 770 postulastis,
2281 718 2462 759 tenere
2491 713 2542 757 et
2563 703 2758 760 docere
2780 708 3114 772 mandamus,
3142 715 3198 762 et
3216 723 3278 763 ea
3296 725 3419 779 quae

1836 807 1865 846 a
1895 796 2095 850 sanctis
2119 795 2364 850 Patrihus
2393 805 2516 852 ante
2537 811 2636 851 nos
2659 806 2782 852 sunt
2809 805 3004 853 statuta
3027 811 3132 854 non
3165 809 3418 868 proterve

1832 886 2155 956 irrumpere,
2187 887 2280 943 sed
2331 877 2559 944 ﬁdeliter
2586 904 2800 946 servare
2829 898 3096 960 optamus.
3129 892 3284 948 Unde
3312 893 3420 948 Re-

1835 979 2131 1048 demptoris
2212 981 2382 1035 nostri
2467 981 2889 1039 misericordiam
2967 999 3299 1056 exoramus,
3361 996 3422 1042 ut

1835 1085 1930 1126 sita
1959 1072 2114 1127 vobis
2164 1071 2216 1126 itt
2245 1071 2494 1129 omnibus
2536 1076 2704 1144 gratia
2753 1077 3096 1148 suffragetur,
3131 1091 3184 1136 et
3226 1078 3424 1136 elfecttt

1837 1163 2064 1234 implere
2101 1179 2197 1219 vos
2225 1164 2423 1220 tribuat
2453 1154 2594 1237 quod
2635 1167 2774 1224 velle
2815 1175 3102 1237 concessit,
3145 1158 3318 1241 lquia
3365 1172 3425 1228 in

1836 1257 1937 1313 hac
1990 1273 2050 1312 re
2101 1268 2255 1314 “tanto
2308 1259 2589 1316 commoda
2641 1263 3011 1318 retributionis
3067 1274 3420 1332 accrescunt,

1837 1359 2037 1418 quanto
2065 1359 2121 1405 et
2145 1351 2380 1406 studium
2411 1351 2608 1407 laboris
2651 1366 2896 1425 augetur.
2945 1357 3260 1423 Progeniem
3290 1371 3424 1414 vero

1837 1456 1989 1497 suam
2052 1458 2488 1516 unumquemque
2541 1446 2607 1500 de
2680 1447 2763 1502 his
2816 1448 2906 1518 qui
2963 1448 3192 1505 ﬁdeliter
3243 1448 3426 1506 edocti

1837 1545 1984 1603 sunt,
2012 1546 2067 1594 et
2092 1539 2200 1606 iant
2233 1539 2386 1593 ﬁrma
2431 1540 2614 1595 radice
2645 1540 2864 1611 plantati
2909 1549 3054 1597 stant
3081 1542 3380 1597 ineonvulsi
3405 1581 3423 1609 ,

1838 1647 2007 1703 usque
2032 1633 2096 1687 ad
2129 1636 2413 1703 septimam
2443 1635 2734 1690 observare
2763 1635 3102 1691 decernimus
3125 1638 3428 1708 generatio-

1841 1738 1985 1778 nem.
2019 1725 2081 1779 Et
2109 1726 2341 1796 quamliu
2365 1741 2424 1782 se
2453 1727 2716 1782 afﬁnitate
2737 1737 3031 1798 agnoscunt
3061 1730 3389 1799 propinquos
3407 1769 3429 1797 ,

143 1815 328 1870 divina
358 1817 554 1885 legitur
583 1832 598 1869 :
631 1817 741 1870 Diis
767 1829 872 1871 "non
900 1817 1158 1882 detrahes,
1190 1827 1235 1870 et
1267 1817 1445 1886 populi
1474 1818 1546 1870 tui
1586 1817 1734 1884 prin-
1755 1801 1815 1876 Β
1843 1821 1905 1871 ad
1927 1817 2083 1888 hujus
2105 1819 2313 1889 copula:
2339 1835 2443 1874 non
2468 1822 2724 1876 accedere
2742 1821 3049 1877 societatem
3077 1831 3428 1891 praesumant,

150 1909 254 1977 cipi
278 1923 380 1962 non
407 1909 682 1964 maledicos
701 1908 902 1978 (Exod.
926 1926 1062 1976 xx",
1093 1909 1209 1982 28).
1235 1910 1389 1966 Unde
1419 1911 1575 1965 valde
1603 1923 1740 1978 prte-

149 2001 438 2056 vidcndum
471 2011 554 2057 est
595 2001 826 2058 subditis
877 2012 982 2056 tam
1015 2003 1224 2057 clericis
1279 2015 1437 2071 quam
1467 2000 1640 2066 laicis,
1672 2015 1741 2056 ne

148 2095 525 2163 episcoporum
575 2103 666 2149 aut
725 2095 1139 2165 prtepositorum
1187 2107 1406 2148 suorum
1447 2095 1608 2148 vitam
1651 2103 1742 2148 te-

148 2202 299 2243 mere
337 2188 735 2258 reprehendere
787 2190 1070 2257 audeant,
1122 2187 1165 2242 si
1195 2187 1320 2257 quid
1371 2201 1466 2243 eos
1515 2184 1742 2242 fortasse

149 2294 310 2350 agere
337 2280 833 2350 reprehensibiliter
874 2266 1076 2347 vident,
1108 2294 1176 2335 ne
1209 2280 1348 2335 unde
1380 2282 1517 2334 mala
1548 2279 1740 2334 redar-

150 2382 336 2442 guunt,
402 2373 526 2429 inde
575 2387 674 2443 per
703 2373 948 2428 elationis
978 2372 1262 2443 impulsum
1314 2373 1364 2427 in
1398 2371 1741 2442 profundiora

149 2474 484 2536 mergantur.
519 2465 861 2521 Admonendi
902 2475 1023 2521 sunt
1054 2465 1217 2520 etiam
1267 2478 1336 2520 ne
1384 2478 1504 2518 cum
1557 2463 1742 2532 culpas

151 2559 566 2629 praepositorum
597 2573 817 2614 suorum
843 2560 1209 2626 considerant,
1251 2569 1433 2614 contra
1462 2571 1556 2614 eos
1580 2557 1743 2612 auda-

151 2651 323 2707 ciores
373 2653 522 2706 ﬁant.
579 2652 688 2709 Sed
715 2652 793 2708 sic
822 2668 1008 2708 eorum
1040 2667 1198 2723 prava
1243 2651 1382 2722 apud
1424 2652 1744 2720 semetipsos

153 2746 182 2784 ιι
213 2749 567 2815 considerent,
597 2758 676 2815 ut,
711 2748 892 2804 divino
925 2750 1118 2804 timore
1145 2748 1444 2812 constricti,
1479 2748 1616 2803 terre
1644 2747 1744 2803 sub

153 2842 234 2897 eis
257 2844 443 2914 iugum
477 2844 791 2899 reverentia:
831 2859 938 2898 non
981 2852 1255 2911 recusent,
1289 2841 1541 2912 quoniam
1604 2841 1744 2895 facta

153 2936 530 3003 episcoporum
567 2935 651 2991 vel
682 2937 1097 3006 praepositorum
1129 2937 1240 2990 oris
1279 2934 1458 3003 gladio
1489 2948 1594 2987 non
1621 2939 1746 2987 sunt

151 3025 419 3096 ferienda,
448 3027 608 3084 etiam
633 3043 752 3083 cum
799 3039 944 3084 recte
969 3027 1412 3099 reprehendenda
1433 3026 1741 3091 videantur;

155 3121 409 3192 quoniam
460 3136 490 3176 a
540 3122 1023 3192 praedecessoribus
1084 3120 1284 3177 nostris
1330 3128 1385 3175 et
1445 3135 1476 3174 a
1525 3119 1744 3188 reliquis

1846 1925 1944 1966 nec
1971 1925 2086 1966 eam
2114 1910 2312 1982 (Grat.,
2359 1929 2406 1967 c.
2430 1911 2519 1980 '55,
2549 1931 2600 1983 q.
2624 1911 2680 1980 2,
2713 1924 2759 1969 et
2782 1915 2835 1970 5.
2863 1931 2910 1969 c.
2940 1913 3028 1986 l0)
3052 1931 3208 1984 quam
3237 1915 3432 1985 aliquis

1843 2018 1910 2058 cx
1936 2005 2147 2084 propria
2175 2004 2642 2074 consanguinitate
2667 2007 2949 2078 c0niugem
2980 2005 3184 2074 habuit,
3214 2008 3297 2064 vel
3326 2007 3428 2062 ali-

1844 2111 1946 2167 qua
1974 2085 2156 2151 illicita
2189 2098 2482 2168 pollutione
2530 2093 2834 2167 maculavit,
2890 2096 2944 2155 in
2984 2101 3291 2171 coniugium
3334 2085 3433 2155 du-

1845 2205 1968 2245 eere
2020 2189 2112 2244 ulli
2163 2190 2400 2258 profecto
2465 2187 2594 2248 licet
2649 2191 3070 2248 Christianorum
3110 2193 3196 2248 vel
3229 2191 3433 2260 licebit,

1844 2282 1968 2350 quia
2001 2282 2338 2338 ineestuosns
2359 2293 2441 2339 est
2472 2284 2590 2338 talis
2618 2285 2790 2340 coitus
2816 2293 2869 2339 et
2890 2284 3266 2341 abominabilis
3299 2286 3433 2352 Deo,

1846 2380 1901 2428 et
1925 2375 2131 2429 cunctis
2163 2375 2318 2428 bonis
2360 2375 2686 2431 hominibus.
2743 2375 3078 2431 lncestuosos
3108 2391 3238 2431 vero
3284 2376 3437 2431 nullo

1846 2464 2082 2537 coniugii
2102 2467 2318 2522 nomine
2336 2466 2714 2537 deputandosa
2734 2471 2932 2523 sanctis
2957 2467 3203 2522 Patrihus
3225 2468 3440 2539 1280

1847 2555 2049 2612 dudum
2077 2565 2335 2612 statutum
2363 2573 2485 2614 esse
2515 2557 2768 2631 legimus.
2815 2557 2938 2613 Ideo
2968 2557 3218 2613 nolumus
3247 2574 3344 2612 nos
3384 2558 3439 2614 in

1847 2650 1950 2705 hac
1981 2667 2040 2706 re
2069 2665 2098 2705 a
2147 2653 2299 2706 vobis
2329 2651 2441 2707 sive
2485 2667 2517 2706 a
2558 2651 2767 2708 caeteris
2796 2649 3040 2706 ﬁdelibus
3079 2649 3438 2720 reprehendi,

1848 2747 1970 2816 quia
2010 2744 2154 2814 quod
2191 2749 2242 2800 in
2274 2746 2359 2801 his
2389 2746 2680 2816 Anglorum
2711 2746 2857 2816 genti
2893 2743 3236 2810 indulsimus,
3271 2717 3439 2799 m‘non

1849 2839 2077 2896 formam
2109 2841 2286 2896 dando
2312 2881 2326 2906 ,
2378 2841 2472 2895 sed
2504 2838 2896 2895 considerando
2925 2854 2994 2894 ne
3022 2836 3440 2893 Christianitatis

1845 2926 2048 2988 bonum
2079 2932 2218 3004 quod
2262 2939 2541 3002 ceperant
2567 2929 2936 3004 imperfectum
2965 2930 3295 3006 dimitterent
3321 2930 3441 3001 egi-

1849 3039 1986 3079 IDUS.

1927 3119 2153 3173 Paterna
2184 3133 2311 3190 ergo
2341 3133 2438 3174 vos
2481 3115 2768 3174 dilectione
2811 3100 3133 3182 salutantes,
3164 3113 3444 3170 hortamur

154 3216 339 3270 multis
384 3215 589 3272 sanctis
631 3216 897 3286 episcopis
942 3224 1202 3270 statutum
1235 3211 1348 3269 fore
1377 3211 1744 3283 cegnovimus,
1769 3201 1822 3267 C
1856 3221 1913 3266 ut
1934 3211 2235 3280 prepositas
2265 3209 2670 3280 Opportunitate
2701 3209 3012 3264 occasiones
3041 3207 3096 3261 in
3140 3217 3318 3262 veSIra
3357 3206 3442 3261 ef“-

154 3319 216 3362 ut
243 3323 370 3364 oves
403 3318 645 3379 pastores
672 3325 800 3364 suos
841 3323 945 3363 non
991 3305 1150 3364 facile
1197 3305 1616 3378 reprehendant,
1649 3320 1748 3360 nec

155 3417 250 3456 eos
281 3402 559 3457 criminari
592 3401 676 3457 vel
707 3417 961 3458 accusare
1005 3407 1350 3472 praesumant,
1383 3399 1505 3468 quia
1536 3413 1656 3454 cum
1695 3398 1750 3453 in

155 3494 476 3564 prmpOsitos
526 3493 918 3563 delinquimus,
971 3492 1086 3562 ejus
1115 3489 1438 3545 ordinationi
1475 3489 1566 3560 qui
1598 3487 1751 3544 nobis

155 3602 253 3642 eos
282 3588 507 3657 praebuit
554 3588 852 3644 obviamus.
886 3587 1037 3642 Unde
1068 3586 1280 3657 Moyses
1312 3586 1434 3638 dum
1479 3593 1662 3638 contra
1693 3597 1753 3638 se

157 3689 212 3734 et
237 3679 412 3734 Aaron
429 3680 684 3749 conqueri
705 3679 957 3749 populum
981 3679 1338 3747 cognovisset,
1360 3677 1461 3730 ait:
1483 3675 1595 3729 Nos
1616 3674 1754 3729 enim

158 3771 286 3840 quid
314 3768 533 3843 sumus?
564 3769 674 3825 Nec
701 3779 878 3824 contra
918 3786 1011 3824 nos
1039 3778 1112 3824 est
1141 3784 1370 3822 murmur
1398 3775 1635 3834 vestrum,
1664 3769 1752 3820 sed

160 3874 341 3917 contra
370 3861 537 3917 Deum
579 3862 777 3935 (Exod.
816 3878 926 3930 xvr,
959 3862 1038 3931 8).
1068 3862 1405 3930 Quapropter
1431 3857 1755 3915 admonendi

160 3965 292 4010 sunt
318 3955 520 4011 subditi
547 3955 823 4024 utriusque
873 3954 1078 4008 ordinis
1108 3954 1207 4008 viri
1238 3962 1292 4006 ut
1319 3965 1439 4004 cum
1469 3950 1755 4020 magistro-

161 4061 283 4102 rum
337 4047 474 4101 facta
515 4047 854 4116 conspiciunt
897 4045 963 4100 ad
993 4031 1150 4099 suum
1199 4057 1292 4099 cor
1322 4039 1568 4108 redeant,
1603 4051 1655 4096 et
1686 4041 1756 4095 de

161 4156 352 4196 eorum
384 4141 839 4209 increpationibus
871 4153 978 4194 non
1011 4145 1358 4208 praesumant,
1387 4134 1512 4206 quia
1555 4151 1656 4188 non
1684 4140 1759 4187 est

1856 3305 2038 3361 ticacia
2076 3304 2289 3359 enixius
2339 3301 2620 3358 elaborare
2674 3299 2936 3367 debeatis,
2978 3308 3136 3369 atque
3187 3297 3236 3352 id
3268 3297 3445 3352 modis

1853 3397 2046 3468 quibus
2073 3395 2333 3466 possibile
2355 3392 2676 3449 fueritomni
2697 3393 2873 3447 studio
2894 3405 3054 3461 agere
3082 3391 3445 3457 contendatis,

1854 3500 2118 3561 quatenus
2137 3490 2479 3562 praedicabile
2501 3488 2831 3545 desiderium
2855 3495 3091 3544 vestrum
3113 3489 3168 3543 in
3188 3485 3462 3542 auxilium"

1855 3586 2128 3654 omnium,
2175 3585 2464 3657 adiuvante
2505 3584 2763 3648 Domino,
2811 3581 3144 3652 compleatis.
3188 3579 3300 3637 Nec
3341 3577 3447 3634 hoc

1853 3694 2069 3750 quoque
2100 3680 2154 3734 in
2185 3679 2285 3734 hac
2316 3676 2693 3734 sollicitudinis
2715 3685 2864 3746 parte
2899 3674 3271 3745 relinquimus,
3302 3669 3449 3742 quod

1857 3789 2048 3830 omnes
2103 3773 2394 3830 incestuosi
2423 3788 2454 3828 a
2483 3773 2759 3828 liminibus
2808 3779 3006 3826 sancta
3039 3769 3293 3824 Ecclesia:
3339 3767 3451 3823 sint

1859 3866 2167 3933 separandi,
2197 3880 2477 3936 quousque
2511 3881 2604 3934 per
2634 3862 3050 3919 satisfactionem
3081 3861 3326 3932 precibus
3358 3873 3452 3915 sa-

1851 3959 2134 4012 cerdotum
2160 3956 2419 4011 canonice
2448 3955 2622 4012 eidem
2653 3964 2855 4010 sancta
2890 3953 3143 4009 Ecclesiae
3168 3951 3452 4008 catholica

1861 4049 2297 4105 reconcilientur.
2328 4047 2468 4104 Sunt
2513 4047 2657 4104 enim
2689 4046 2817 4103 mali
2846 4046 3162 4118 segregandi
3191 4061 3225 4102 a
3249 4045 3407 4101 bonis
3427 4087 3446 4112 ,

1859 4151 1918 4198 et
1946 4142 2107 4213 iniqui
2141 4158 2171 4196 a
2209 4143 2393 4213 iustis,
2431 4152 2492 4199 ut
2519 4145 2708 4199 saltem
2739 4143 2941 4199 rubore
2961 4156 3062 4198 suo
3085 4140 3453 4197 conscientias

163 4233 452 4303 discipulus
476 4249 628 4303 super
650 4233 971 4303 magistrum.
995 4246 1086 4285 ηεο
1105 4245 1278 4285 servus
1301 4243 1457 4295 ευμεν
1477 4225 1802 4281 Ποηιίηῑιηιγ
1861 4249 1984 4292 suas
2007 4243 2412 4306 recognoscant,
2431 4243 2485 4290 et
2505 4242 2885 4290 convertantur
2905 4249 2934 4289 a
2963 4231 3311 4302 pravitatibus
3337 4230 3454 4286 suis

161 4342 316 4380 suum
348 4325 562 4395 (Matth.
589 4341 640 4391 κ,
667 4323 785 4395 24).

166 4531 335 4586 super
364 4531 465 4584 qua
513 4515 653 4570 inter
695 4523 892 4569 caetera
924 4528 1021 4569 nos
1047 4513 1332 4570 consulere
1364 4511 1623 4578 voluistis,
1658 4515 1760 4581 hoc

1767 4359 1782 4411 ι
1863 4330 2188 4405 (Hincmar.,
2237 4331 2300 4384 de
2347 4331 2565 4384 divortio
2605 4327 2780 4384 Lotar.
2833 4340 2878 4382 et
2912 4322 3242 4396 Thetbergw,
3292 4325 3454 4377 inter-

245 4421 323 4476 De
358 4420 757 4476 dedicationum
809 4433 938 4489 vero
969 4417 1316 4474 ecclesiarum
1373 4417 1709 4474 dubitatione
1731 4439 1782 4486 γ

1864 4443 1977 4497 rog.
2004 4423 2082 4494 5).
2112 4425 2182 4480 At
2209 4423 2254 4477 si
2279 4422 2670 4492 incorrigibiles
2710 4419 3076 4490 apparuerint,
3104 4426 3454 4488 segregentur

1867 4534 1897 4572 a
1923 4517 2177 4572 ﬁdelibus
2202 4531 2370 4587 usque
2399 4517 2465 4570 ad
2497 4514 2950 4577 satisfactionem,
2979 4511 3128 4582 iuxta
3155 4509 3456 4567 Salvatoris

167 4625 274 4663 vos
297 4608 394 4662 rite
415 4619 597 4664 tenere
615 4608 821 4663 debetis
848 4609 985 4678 quod
1020 4608 1086 4664 ab
1109 4607 1539 4662 antecessmibus
1561 4607 1760 4664 nostris
1788 4597 1844 4659 D
1869 4611 2080 4666 Domini
2106 4611 2450 4682 sententiam,
2481 4624 2582 4678 qua
2610 4609 2747 4661 inter
2773 4616 2967 4660 etetera
2998 4605 3066 4658 de
3104 4610 3360 4674 peccante
3399 4603 3456 4658 in

176 4703 438 4756 traditum
469 4705 774 4771 accepimus
800 4745 816 4769 ,
865 4702 918 4757 id
947 4710 1047 4767 est,
1080 4711 1140 4756 ut
1165 4702 1377 4770 qutt'ties
1405 4709 1510 4755 tam
1541 4701 1608 4758 de
1633 4701 1764 4770 baps

170 4796 341 4850 tismo
366 4797 687 4864 aliquorum,
711 4795 792 4851 vel
821 4794 1248 4860 conﬁrmatione,
1280 4803 1294 4831 ι
1324 4809 1481 4855 quam
1504 4793 1571 4848 de
1595 4794 1766 4849 cccle-

170 4889 381 4942 siarum
412 4889 820 4944 consecratione
850 4887 1111 4943 dubitatio
1137 4886 1381 4955 habetur,
1405 4902 1457 4943 et
1483 4903 1582 4942 nec
1595 4890 1765 4958 scrip-

169 4981 246 5035 tis
281 4996 381 5036 nec
430 4983 656 5037 testibus
694 4983 832 5036 ra‘t'ro
859 4990 1005 5036 certa
1035 4981 1262 5037 habetur
1285 4992 1462 5036 utrum
1515 4982 1769 5052 haptizati

173 5073 264 5127 vel
297 5075 614 5141 confirmati,
639 5075 756 5129 sive
783 5074 1021 5130 ecclesia:
1047 5085 1374 5130 consecratae
1404 5076 1529 5143 sint,
1560 5085 1617 5131 ut
1648 5075 1770 5146 bap-

175 5165 416 5221 tizentur
439 5167 570 5221 tales
594 5181 656 5222 ac
683 5169 1092 5236 conﬁrmentur,
1137 5177 1296 5237 atque
1325 5169 1566 5224 ecclesiae
1604 5183 1769 5222 cano-

176 5259 308 5316 nice
337 5258 673 5324 dedicentnr,
702 5273 772 5316 ne
795 5261 914 5314 talis
939 5259 1201 5316 dubitatio
1219 5259 1371 5316 ruina
1394 5258 1637 5315 ﬁdelibus
1653 5257 1769 5329 ﬁat,

262 5394 292 5465 lt
319 5395 481 5449 Iidem
510 5393 753 5465 Codices,
785 5393 1087 5465 dijudicent.

266 5464 285 5504 ί
323 5467 453 5520 ibid.
483 5484 495 5520 :
528 5467 601 5519 De
623 5461 974 5518 Ecclesiarunt
1000 5462 1376 5518 consecratione
1395 5461 1776 5518 dedicationum

181 5540 240 5594 in
275 5539 486 5591 dubium
517 5539 745 5591 habetur.

266 5611 290 5646 κ
317 5609 510 5663 Excusi
535 5608 644 5663 lucc
676 5625 784 5674 vos,
812 5607 994 5664 invitis
1014 5607 1140 5663 Mss.
1160 5607 1432 5675 Vatican.,
1451 5605 1638 5674 Corb.,
1670 5605 1776 5661 Tu-

181 5679 578 5763 rpttnﬂcemet.
795 5749 809 5763 ι
1065 5753 1076 5763 ⁸
1674 5751 1684 5762 .

276 5751 293 5789 λ
331 5751 494 5823 Haec,
525 5765 713 5823 usque;
747 5749 812 5804 ad
868 5753 1157 5823 progeniem
1200 5768 1315 5806 vero
1363 5769 1546 5819 suam,
1581 5751 1777 5807 omissa

187 5831 326 5881 sunt
355 5823 407 5878 in
457 5819 646 5889 Corbi,
678 5819 884 5878 Gentet.
919 5819 981 5879 et
1009 5823 1176 5879 Vatic.
1213 5826 1274 5895 D,
1319 5827 1402 5880 vel
1437 5828 1608 5894 potius
1655 5829 1782 5879 sunt

1864 4716 1926 4757 se
1953 4701 2120 4758 fratre
2163 4699 2542 4771 prmgjpiendo,
2567 4698 2646 4752 ait
2677 4716 2690 4752 :
2724 4697 2787 4752 Si
2834 4698 3112 4766 peccaverit
3139 4697 3192 4750 in
3221 4705 3266 4750 te
3293 4696 3456 4764 frater

1869 4806 2007 4864 tuus,
2033 4795 2229 4864 corripe
2249 4809 2363 4846 eum
2383 4792 2513 4844 inter
2533 4798 2581 4844 te
2609 4800 2654 4846 et
2675 4791 2840 4861 ipsum
2860 4789 3116 4844 solum.Si
3143 4797 3190 4842 te
3212 4789 3462 4856 audierit,

1871 4893 2094 4946 lucratus
2125 4887 2222 4941 eris
2249 4887 2460 4954 fratrem
2491 4893 2656 4938 tuum.
2691 4882 2750 4937 Si
2780 4892 2950 4935 autem
2980 4897 3083 4935 non
3111 4880 3328 4934 audierit
3358 4889 3407 4933 te
3440 4920 3458 4946 ,

1871 4983 2054 5038 adhibe
2105 4989 2269 5034 tecum
2309 4993 2471 5030 unum
2499 4977 2576 5030 vel
2616 4977 2768 5045 duos,
2814 4984 2865 5029 ut
2915 4975 2969 5029 in
2997 4989 3083 5027 ore
3113 4974 3333 5026 duorum
3383 4970 3466 5026 vel

1876 5076 2027 5130 trium
2060 5073 2264 5126 testium
2286 5078 2376 5126 stet
2408 5086 2554 5124 omne
2581 5069 2807 5123 verbum.
2861 5066 3012 5135 Quod
3037 5068 3082 5123 si
3107 5083 3191 5120 eos
3221 5083 3320 5120 non
3361 5083 3464 5120 att-

1877 5169 2052 5232 dierit,
2084 5168 2168 5221 dic
2197 5163 2464 5221 Ecclesiae.
2491 5163 2553 5222 Si
2579 5172 2813 5218 autemet
2839 5161 3125 5216 Ecclesium
3154 5177 3258 5214 non
3279 5160 3468 5214 audie-

1877 5263 1966 5330 rit,
1992 5263 2057 5317 sit
2085 5262 2333 5334 tibisicut
2377 5259 2607 5315 ethnicus
2637 5268 2684 5313 et
2713 5257 3016 5329 publicanus
3039 5253 3192 5327 (Luc.
3226 5271 3357 5320 xvu,
3387 5253 3421 5310 5
3445 5269 3463 5319 ;

1879 5395 2236 5464 transposita;
2269 5410 2391 5450 nam
2421 5394 2667 5461 leguntur
2704 5393 2844 5448 inter
2892 5391 3010 5464 haec
3051 5386 3217 5464 verba
3243 5386 3472 5464 egimus,

1883 5477 1938 5522 et
1969 5457 2179 5535 paterna
2223 5457 2349 5537 ergo
2378 5457 2500 5532 vos,—
2515 5474 2643 5526 etc...
2681 5466 2781 5519 hoc
2819 5463 3019 5518 modo:
3065 5457 3301 5530 Egimus.
3337 5457 3473 5537 Quid

1882 5529 2004 5609 ergo
2033 5540 2086 5593 in
2115 5538 2212 5591 hac
2240 5529 2528 5594 re'tanto...
2553 5547 2814 5607 quanto...
2839 5541 3075 5604 augetur,
3106 5529 3321 5603 paterna
3349 5529 3473 5590 dul-

1879 5613 2061 5666 cedine
2081 5610 2238 5665 salut.
3465 5651 3470 5655 .

1958 5693 1995 5719 ω
2022 5683 2249 5746 Turon.,
2281 5697 2384 5735 non
2417 5683 2638 5751 [orntum
2659 5677 2854 5748 dando,
2877 5673 2968 5734 sed
2989 5671 3474 5732 considerationem.

1887 5753 2073 5824 Corb.,
2103 5755 2193 5811 sed
2221 5753 2648 5810 consideratione.
