3928 6342
533 370 660 432 i327

1435 358 1780 423 APPENDIX
1819 366 1908 420 AD
1947 362 2005 420 S.
2039 354 2365 418 CREGOItll
2408 358 2797 419 EPISTOLAS.

3642 352 3775 412 liii-:3

529 488 714 545 Matth.
742 501 889 549 xvtn,
909 484 996 551 15,
1023 483 1178 554 αφ).
1200 482 1291 537 llis
1308 496 1434 550 ergo
1457 490 1511 534 et
1538 481 1656 533 aliis
1685 480 1864 533 multis
1886 486 2097 532 sancto-
2125 484 2174 541 Α
2201 478 2396 532 nostris
2433 477 2834 543 relinquendam
2880 475 3107 546 posteris
3154 482 3466 540 teneamus,
3504 484 3561 530 et
3599 475 3777 528 omnia

528 597 641 635 rum
688 579 901 632 Patrum
946 574 1353 629 auctoritatibus
1397 570 1707 641 segregandi
1760 580 1881 623 sunt
1914 569 2036 622 ntali
2065 582 2095 622 a

528 672 702 736 bonis,
726 685 791 723 ne
814 679 1031 737 pert-ant
1047 668 1175 735 justi
1191 681 1283 734 pro
1302 664 1534 735 injustis,
1560 664 1958 730 sicutscriptum
1978 672 2092 715 est:

528 764 669 819 Perit
687 766 857 835 justus
887 778 978 829 pro
1006 762 1161 829 impio
1185 758 1316 831 (Isa.
1345 775 1466 822 Lvtt,
1496 760 1544 822 ι,
1576 774 1679 812 sec.
1710 755 1901 827 LXX).
1934 756 2098 810 Debet

530 861 673 914 enim
697 858 947 912 discretio
978 870 1189 925 semper
1215 854 1328 909 ﬁeri
1360 854 1498 906 inter
1528 852 1697 905 bonos
1725 860 1777 905 et
1808 849 1995 913 malos,
2028 848 2100 901 si—

528 961 615 1007 cut
637 960 718 1007 est
742 952 877 1005 inter
906 948 1086 1002 lta'dos
1107 957 1160 1003 et
1180 962 1327 1002 oves.
1353 942 1634 999 Manifesta
1652 955 1861 1011 quoque
1886 949 2099 1010 peccata

530 1060 633 1099 non
666 1052 789 1097 sunt
818 1040 1021 1094 occulta
1067 1038 1400 1093 correctione
1454 1033 1757 1105 purganda;
1789 1032 1881 1086 sed
1928 1031 2099 1100 palam

528 1144 654 1191 sunt
680 1132 937 1205 arguendi
972 1132 1059 1201 qui
1102 1131 1273 1201 palam
1306 1139 1517 1193 nocent,
1544 1140 1599 1182 ut
1628 1128 1751 1182 dum
1783 1137 1963 1197 aperta
2006 1126 2102 1180 ob-

528 1225 830 1295 jurgatione
856 1232 1133 1289 sanantur,
1164 1223 1197 1276 ii
1229 1222 1319 1291 qui
1349 1236 1441 1275 eos
1481 1220 1735 1274 imitando
1773 1218 2105 1285 deliquerant

529 1319 882 1387 corrigantur.
954 1317 1088 1371 Dum
1141 1314 1281 1369 enim
1338 1328 1474 1367 unus
1521 1311 1843 1379 corripitur,
1892 1308 2104 1379 plurimi

529 1412 901 1467 emendantur.
948 1410 1014 1463 Et
1054 1408 1243 1463 melius
1282 1417 1361 1461 est
1392 1414 1449 1459 ut
1481 1420 1575 1473 pro
1605 1407 1888 1457 multorum
1930 1402 2105 1455 salute

530 1517 669 1555 unus
698 1500 1084 1555 condemnetur
1131 1512 1287 1567 quam
1340 1512 1433 1565 per
1464 1495 1618 1547 unius
1651 1493 1918 1547 licentiam
1951 1489 2104 1544 multi

532 1592 921 1660 periclitentur.
952 1588 1061 1642 Nec
1092 1589 1280 1641 mirum
1312 1588 1355 1641 si
1381 1586 1518 1639 inter
1551 1583 1791 1637 homines
1826 1585 1939 1636 haec
1968 1579 2107 1635 ratio

528 1680 847 1744 custoditur,
879 1695 993 1732 cum
1024 1688 1077 1732 et
1108 1678 1245 1732 inter
1287 1677 1527 1745 jumenta
1560 1675 1660 1729 huc
1710 1674 1821 1729 fieri
1870 1687 2107 1742 persmpe

533 1777 901 1844 cognovimus,
932 1780 989 1827 ut
1016 1787 1078 1825 ea
1100 1787 1215 1839 qua:
1244 1770 1479 1825 scabiem
1511 1778 1601 1822 aut
1628 1768 1985 1837 impetiginem
2011 1766 2107 1819 ha-

2198 584 2319 637 qna:
2348 570 2413 623 ad
2446 570 2795 624 eruditionem
2836 578 3071 623 nostram
3101 569 3271 622 sacris
3302 568 3550 637 apicibus
3581 569 3778 636 scripta

2197 672 2321 717 sunt
2358 662 2736 724 custodiamus,
2771 670 2931 730 atque
2980 660 3046 715 ad
3085 675 3147 715 ea
3189 674 3545 730 quoscunque
3597 674 3780 727 possu-

2200 769 2316 808 mus
2339 754 2653 809 excitemus.
2678 753 2895 808 Certum
2923 754 3118 822 quippe
3145 764 3228 807 est
3252 753 3377 822 quia
3402 752 3451 805 si
3480 760 3598 805 toto
3626 751 3781 805 corde

2200 850 2480 918 pra'ceptis
2510 850 2831 904 salutaribus
2861 865 2957 903 nos
2988 864 3333 918 occupamus,
3369 864 3597 903 omnem
3633 849 3784 901 vitio-

2200 955 2315 994 rum
2345 940 2517 993 labem
2548 939 2848 1009 effugimus,
2881 939 3003 1009 quia
3032 939 3159 993 dum
3188 942 3269 993 his
3310 939 3514 1008 quibus
3552 939 3783 992 adiﬁca-

2203 1047 2321 1084 mur
2344 1031 2639 1095 innitimur,
2673 1031 2846 1085 locum
2874 1032 2989 1085 sine
3021 1029 3183 1084 dubio
3221 1030 3560 1098 deceptionis
3608 1030 3785 1084 exciso

2202 1122 2400 1176 dimus.
2428 1124 2763 1192 Quapropter
2788 1131 2998 1189 Oportet
3025 1130 3082 1175 ut
3110 1122 3325 1176 enixius
3353 1120 3406 1175 itt
3437 1124 3657 1177 cunctis
3683 1132 3785 1175 sta-

2203 1212 2385 1267 diosos
2418 1229 2508 1267 vos
2549 1214 2690 1268 circa
2718 1213 2911 1269 fratres
2952 1222 3109 1282 atque
3138 1213 3406 1284 subjectos
3440 1214 3745 1268 ostendatis
3768 1256 3783 1271 .

2204 1312 2232 1341 ³³
2258 1315 2312 1358 ut
2351 1319 2533 1361 omnes
2582 1320 2701 1359 cum
2734 1305 2926 1376 quibus
2968 1304 3079 1359 aliti
3119 1316 3264 1371 estis,
3310 1315 3480 1374 atque
3526 1304 3783 1359 didicistis

2205 1409 2403 1453 sanctae
2452 1398 2702 1453 Romamn
2758 1397 3011 1453 Ecclesiae
3055 1399 3509 1467 praeceptionibns
3566 1412 3781 1465 parere,

2207 1492 2509 1560 apostolica:
2535 1491 2676 1544 sedis
2714 1499 2976 1559 prmcepta
3008 1489 3365 1559 multiplicare
3410 1490 3784 1557 apertissime-

2208 1599 2312 1654 que
2361 1596 2483 1638 nota
2536 1584 2712 1639 facere
2755 1594 3078 1653 agnoscant;
3133 1584 3252 1653 quia
3293 1583 3441 1652 quod
3486 1584 3784 1652 specialiter

2210 1678 2304 1730 tibi
2350 1677 2557 1745 tuisque
2584 1686 2639 1729 et
2671 1674 2896 1729 fratrum
2934 1685 3141 1730 tuorum
3170 1676 3449 1745 cbaritati,
3495 1687 3556 1731 ut
3586 1687 3695 1730 tu:
3720 1678 3786 1730 lit-

2211 1777 2340 1824 tera:
2388 1770 2751 1835 inuoluerunt,
2804 1768 3063 1823 consultis
3101 1768 3410 1831 scribimus,
3472 1769 3787 1839 generaliter

540 1866 670 1920 bere
696 1865 941 1919 videntur
972 1872 1287 1931 separentur
1311 1878 1338 1914 a
1366 1861 1533 1926 sanis,
1568 1876 1635 1915 ne
1665 1860 1875 1914 illorum
1924 1858 2108 1913 morbo
2136 1853 2185 1915 B
2210 1861 2458 1916 omnibus
2505 1870 2688 1915 tenere
2728 1859 3058 1913 mandamus.
3090 1858 3245 1915 Circa
3270 1861 3660 1927 subjectorum
3697 1875 3787 1912 au-

534 1966 731 2011 ctetera
761 1970 887 2009 sana
918 1954 1236 2007 damnentur
1263 1952 1347 2006 vel
1378 1959 1615 2021 pereant.
1656 1949 1833 2005 Satius
1870 1958 1953 2003 est
1983 1964 2107 2019 ergo

535 2055 591 2100 ut
633 2044 759 2099 mali
788 2056 969 2110 aperte
999 2042 1353 2111 corrigantur,
1402 2057 1559 2112 quam
1610 2057 1705 2109 pro
1728 2040 1833 2094 iits
1863 2040 1985 2094 b0lll
2019 2055 2109 2107 pe-

536 2147 711 2192 reant.
757 2137 904 2192 Unde
932 2136 1176 2190 volumus
1203 2151 1296 2190 vos
1325 2148 1511 2189 omnes
1540 2148 1591 2186 tn
1620 2148 1783 2187 unum
1822 2130 2109 2187 convenire

530 2232 829 2299 episcopos,
864 2237 921 2282 ut
949 2228 1017 2282 de
1045 2227 1403 2283 incidentibus
1432 2226 1607 2280 causis
1636 2223 1725 2278 ﬁat
1751 2224 2066 2290 disceptatio
2089 2262 2105 2288 ,

531 2332 587 2378 et
616 2322 843 2376 salubris
892 2322 959 2375 de
1001 2320 1360 2375 ecclesiastica
1409 2318 1791 2371 observatione
1851 2316 2102 2383 collatio,

533 2425 791 2483 quatenus
821 2413 946 2466 dum
996 2427 1091 2479 per
1122 2410 1221 2465 hoc
1260 2419 1315 2464 et
1346 2409 1615 2478 prmierita
1663 2408 2021 2475 corriguntur,
2056 2414 2110 2461 et

530 2506 769 2575 regulam
797 2505 969 2558 futura
998 2502 1317 2571 suscipiunt,
1344 2502 1683 2571 onmipotens
1707 2499 1901 2566 ubique
1928 2499 2107 2553 Domi-

536 2611 635 2649 nus
691 2595 911 2651 fratrum
980 2594 1270 2649 concordia
1330 2592 1681 2647 collaudetur.
1736 2591 1900 2661 Cujus
1957 2591 2106 2647 vobis

531 2687 722 2741 adesse
760 2687 1126 2755 prte~entiam,
1176 2686 1220 2739 si
1254 2686 1368 2739 haec
1398 2684 1829 2747 observavi-tritis,
1878 2684 2105 2749 scitote,

527 2780 650 2848 quia
682 2780 937 2848 scriptum
961 2787 1044 2832 est
1067 2795 1081 2833 :
1118 2776 1215 2831 Ubi
1240 2779 1428 2849 fuerint
1460 2778 1561 2829 duo
1587 2777 1663 2829 vel
1687 2788 1785 2830 tres
1812 2777 2108 2847 congrega'i

528 2870 579 2922 in
603 2872 803 2922 nomine
831 2886 961 2933 meo,
994 2869 1063 2922 ibi
1093 2871 1144 2923 in
1166 2871 1333 2923 medio
1362 2886 1539 2922 eorum
1570 2885 1682 2922 sum
1706 2867 1917 2938 (Matth.
1941 2883 2104 2934 xvm,

528 2960 645 3030 20).
677 2961 733 3015 Si
764 2975 891 3030 ergo
918 2962 1168 3030 dignatur
1192 2963 1382 3016 adesse
1408 2960 1618 3015 duobus
1645 2961 1726 3015 vel
1778 2958 1944 3013 tribus
1974 2974 2106 3014 con-

528 3054 785 3123 gregalis,
816 3062 1013 3122 quanto
1040 3057 1209 3123 magis
1245 3070 1350 3107 non
1380 3053 1552 3108 deerit
1578 3052 1663 3106 ubi
1698 3054 1879 3120 plures
1910 3066 2105 3107 conve-

528 3149 679 3203 niunt
704 3148 1044 3203 sacerdotes?
1073 3148 1133 3203 Et
1166 3147 1381 3219 quidem
1413 3148 1533 3217 quia
1560 3146 1917 3200 adhibendum
1943 3147 2023 3200 bis
2048 3146 2102 3200 in

2211 1964 2317 2009 tem
2352 1954 2562 2024 1282
2591 1960 2741 2006 actus
2763 1953 3066 2006 fraternitas
3089 1960 3174 2005 tua
3202 1952 3269 2006 sit
3300 1950 3569 2021 vigilans,
3601 1963 3660 2005 ut
3680 1967 3786 2005 res.

2214 2053 2351 2098 trum
2379 2045 2484 2098 illis
2529 2043 2832 2111 exemplum
2863 2041 3140 2097 instructio
3168 2050 3223 2096 et
3262 2040 3371 2095 vita
3401 2042 3670 2107 magistra
3694 2049 3786 2107 st;

2210 2136 2400 2206 lingure
2430 2144 2619 2191 vestra:
2648 2136 3020 2189 exhortatione
3057 2133 3266 2188 discant
3308 2132 3465 2204 quod
3518 2142 3787 2197 metuant,

2211 2239 2265 2284 et
2294 2230 2587 2284 doceantur
2619 2228 2758 2295 quod
2813 2227 3066 2296 diligant;
3093 2235 3150 2279 ut
3180 2225 3306 2280 dum
3362 2227 3578 2280 talenta
3609 2225 3787 2280 credita

2211 2338 2333 2377 cum
2364 2323 2512 2376 lucro
2542 2321 2989 2391 multiplicantur,
3021 2322 3075 2375 in
3113 2319 3255 2375 diem
3290 2319 3679 2374 retributionis
3714 2334 3787 2373 aa-

2213 2426 2410 2470 nuente
2434 2415 2609 2469 divina
2635 2415 2804 2484 gratia
2834 2414 3019 2467 audire
3049 2412 3362 2467 mereamini
3394 2432 3407 2466 :
3446 2411 3629 2483 Euge,
3673 2428 3789 2465 serve

2210 2510 2335 2565 bone
2358 2520 2401 2564 et
2419 2509 2609 2577 ﬁdelis,
2625 2511 2758 2562 intra
2775 2509 2827 2562 in
2850 2508 3092 2578 gaudium
3117 2506 3322 2561 Domini
3344 2508 3422 2560 uti
3444 2507 3789 2578 (Maltinus;

2209 2602 2302 2667 21,
2324 2600 2443 2671 25.)
2468 2601 2660 2656 Curam
2692 2608 2947 2670 praetecta
2970 2601 3036 2655 de
3058 2601 3305 2655 omnibus
3329 2614 3462 2670 qua
3489 2602 3645 2656 vobis
3668 2602 3788 2653 aliis.

2210 2710 2312 2764 que
2344 2694 2592 2748 lratribus
2618 2693 2834 2759 nostris,
2867 2701 2921 2747 et
2947 2691 3263 2762 generaliter
3294 2695 3543 2757 cunctis,
3573 2707 3671 2762 pro
3703 2692 3790 2745 ill:-

2209 2787 2434 2840 citarum
2465 2800 2641 2840 rerum
2678 2784 3042 2853 prohibitione
3078 2784 3419 2853 scripsimus,
3462 2783 3665 2838 habere
3710 2796 3793 2837 vos

2211 2891 2307 2946 per
2336 2876 2517 2930 omnia
2549 2889 2957 2944 COgnoscamus,
2988 2876 3112 2944 quia
3154 2876 3298 2929 omni
3332 2876 3531 2929 studio
3558 2876 3794 2941 omnique

2208 2968 2395 3021 adnisu
2432 2982 2654 3022 necesse
2691 2979 2775 3021 est
2808 2978 2861 3021 ut
2909 2966 3257 3020 fraternitatis
3298 2978 3511 3021 vestrm
3542 2966 3795 3035 vigilantia

2208 3060 2597 3127 compleantur,
2633 3068 2790 3127 atque
2842 3059 2950 3112 illic
2998 3059 3175 3112 omnia
3202 3074 3322 3126 qua:
3356 3073 3456 3127 pro
3504 3063 3794 3111 animarum

2209 3151 2518 3221 scripsimus
2548 3152 2715 3205 salute
2744 3148 2971 3204 ﬁdeliter
2993 3158 3417 3215 reccnseantur;
3450 3160 3728 3219 quatenus
3751 3160 3795 3202 et

529 3257 670 3296 anno
688 3243 970 3297 concilium
996 3241 1210 3296 Patrum
1236 3242 1303 3295 sit
1328 3241 1523 3309 regulis
1546 3240 1868 3303 institutum,
1897 3255 2002 3293 non
2030 3238 2104 3292 la-
2131 3234 2179 3297 C
2212 3259 2304 3295 vos
2336 3257 2430 3309 per
2453 3241 2554 3297 hoc
2583 3249 2819 3296 vestrum
2842 3242 3015 3295 zelum
3043 3241 3276 3311 qualiter
3298 3241 3459 3296 vobis
3490 3243 3684 3296 illicita
3710 3242 3795 3295 dis

530 3341 623 3386 tet.
642 3333 743 3388 Sed
760 3349 825 3386 ne
840 3332 977 3386 folle
994 3332 1166 3399 aliqua
1190 3333 1463 3384 excusatio
1479 3329 1569 3393 sit,
1589 3330 1751 3384 semel
1769 3329 2104 3383 decrevimus

527 3424 861 3494 congregari,
884 3425 1090 3493 1281
1109 3433 1167 3476 ut
1189 3421 1588 3489 exspectatione
1605 3420 1818 3475 concilii
1841 3419 1973 3473 nihil
1994 3433 2105 3487 pra-

529 3533 676 3582 vum,
707 3518 837 3571 nihil
857 3525 1213 3585 praesutnatur
1238 3514 1501 3569 illicitum.
1522 3514 1650 3568 Nam
1676 3514 1985 3583 plerumque
2005 3514 2105 3568 etsi

530 3626 635 3666 non
660 3626 840 3666 amore
858 3608 1095 3679 iustitiae,
1130 3618 1273 3663 metu
1299 3617 1475 3662 tamen
1500 3606 1912 3663 examinationis
1940 3606 2105 3659 absu—

532 3712 691 3757 netur
720 3702 786 3755 ab
818 3701 918 3755 hoc
967 3700 1106 3769 quod
1131 3686 1393 3753 ‘omnium
1424 3708 1606 3754 notum
1629 3710 1712 3754 est
1743 3714 1897 3768 posse
1921 3698 2105 3767 displi-

531 3808 651 3848 cere
674 3793 896 3863 judicio.
935 3792 1099 3855 lianc,
1132 3791 1297 3845 frater
1326 3790 1669 3854 charissima,
1714 3790 2099 3846 abservantiam

602 3936 628 3962 ο
658 3926 843 3992 Corb.,
873 3925 1042 3980 Vatic.
1065 3926 1179 3979 Det
1198 3925 1407 3981 Gemet.
1428 3940 1488 3979 ac
1513 3923 1751 3989 Pratell.,
1778 3933 1832 3977 ut
1862 3939 2031 3977 omnes
2058 3931 2105 3976 te

530 3997 616 4065 qui
636 3997 898 4049 nobiscum
925 3998 1077 4049 alitus
1106 4013 1179 4057 es,
1226 4010 1374 4063 atque
1402 3995 1622 4049 didicisti
1649 4004 1855 4048 sancite.

605 4074 630 4101 ο
656 4067 882 4127 'l'urou.,
910 4077 955 4117 et
983 4082 1074 4119 nos
1101 4066 1318 4132 ﬁdeliter
1348 4066 1573 4119 obedisse
1597 4067 1702 4133 qui.

603 4146 631 4185 ρ
655 4136 799 4191 ldem
825 4137 1005 4191 Codex
1029 4151 1149 4190 cum
1176 4136 1383 4202 Norm.,
1422 4144 1715 4205 perceptum
1748 4135 1969 4189 moribus
1998 4150 2105 4189 ser-

533 4300 574 4310 ι..
584 4296 1339 4310 —--‘———————
1362 4296 1377 4302 ιη
1391 4296 1549 4303 ——

2213 3332 2439 3402 pliceant
2474 3333 2790 3397 ostendatis,
2829 3341 2852 3367 ο
2879 3340 2934 3386 et
2961 3347 3060 3387 nos
3092 3333 3289 3387 utiliter
3329 3334 3672 3402 providisse,
3720 3334 3796 3399 qui

2209 3439 2306 3479 vos
2345 3440 2407 3479 ac
2448 3433 2679 3477 vestram
2712 3423 2776 3477 ad
2807 3422 2908 3476 hoc.
2937 3438 3044 3492 pra:
3072 3423 3283 3479 caeteris
3309 3438 3614 3492 personam
3652 3426 3796 3493 elegi-

2213 3529 2355 3582 mus,
2402 3515 2701 3569 videamur.
2750 3515 3098 3583 Omnipotens
3144 3524 3318 3570 autem
3374 3515 3525 3570 Deus
3576 3530 3672 3569 sua
3716 3528 3800 3568 res

2212 3608 2543 3679 proiectione
2570 3608 2857 3673 custodiat,
2896 3611 3256 3677 honoremque
3301 3616 3329 3656 P
3361 3620 3693 3679 perceptum
3713 3624 3796 3663 vo-

2209 3700 2291 3755 bis
2322 3701 2569 3756 omnibus
2597 3714 2817 3755 servare
2845 3699 3127 3754 concedat.
3158 3701 3329 3754 Amen
3354 3710 3407 3753 (ι.

2209 3939 2393 4046 ιἀτιδὲἶη
2419 3991 2525 4047 ﬁne
2553 3991 2688 4045 Cod.
2715 3991 2877 4046 Cnrb.
2901 3999 2954 4046 et
2979 3990 3191 4046 Gemet.
3221 3988 3420 4058 legitur
3448 3990 3585 4044 data
3610 3987 3794 4043 Καιαη

2210 4066 2291 4119 dis
2323 4062 2643 4126 Novembris.
2676 4062 2952 4116 indictione
2974 4063 3061 4128 12,
3087 4060 3541 4119 mendosissime.

533 4296 1339 4328 ...επ
1362 4296 2927 4304 ι.-----------.-.----γ-ν
2959 4296 3789 4306 ___——.——___

1769 4354 2551 4564 APPENDIX

1120 4681 1276 4764 AD
1334 4675 1752 4763 SANCTI
1828 4675 2433 4763 GREGORII
2488 4678 3149 4763 EPISTOLAS.

535 4836 744 4911 1283
780 4835 822 4891 Ι.
853 4843 880 4873 ι
909 4834 1207 4907 Symbolum
1223 4837 1345 4904 ﬁdei
1372 4837 1617 4889 dictatum
1637 4852 1670 4889 a
1690 4835 1832 4889 beato
1860 4832 2105 4908 Gregorio
2135 4840 2184 4898 D
2211 4846 2450 4908 tempore
2476 4849 2654 4895 natum
2685 4842 2752 4896 de
2774 4841 2953 4897 Patre.
2986 4839 3236 4895 Omnium
3266 4839 3569 4895 visibilium
3596 4852 3652 4897 et
3674 4840 3793 4895 invi-

528 4948 682 5001 papa.

603 5022 777 5078 Credo
804 5038 855 5077 m
882 5037 1043 5076 unum
1090 5020 1258 5076 Deum
1300 5022 1741 5090 omnipotentem.
1792 5020 2111 5086 Patrem,et

530 5116 744 5180 Filium,
775 5122 827 5168 et
854 5113 1107 5182 Spiritum
1160 5121 1424 5177 sanctum,
1459 5122 1565 5168 tres
1618 5127 1891 5180 personas,
1945 5127 2105 5166 unam

527 5204 900 5261 substantiam.
956 5206 1163 5259 Patrem
1210 5202 1500 5274 ingenitum
1532 5246 1544 5269 ,
1582 5202 1771 5257 Filium
1815 5202 2051 5273 genitum
2086 5219 2102 5269 ;

529 5301 782 5369 Spiritum
813 5314 940 5353 vero
969 5308 1209 5351 sanctum
1238 5312 1335 5350 nec
1360 5297 1593 5366 genitum
1633 5310 1734 5351 nec
1786 5296 2099 5365 ingenitum,

529 5394 621 5447 sed
645 5400 991 5453 coteternum,
1010 5390 1077 5444 de
1102 5391 1254 5443 Patre
1278 5399 1332 5444 et
1348 5387 1485 5442 Filio
1510 5388 1902 5454 procedentem.
1926 5387 2105 5444 Conﬁ-

531 5494 648 5540 teor
702 5487 1025 5557 unigenitum
1085 5483 1280 5538 l-‘ilium
1329 5481 1835 5536 consubstantialem
1886 5490 1940 5537 et
1986 5481 2103 5537 sine

602 5618 806 5674 Frtttcu.
838 5620 877 5675 Ι,
907 5649 976 5658 -
998 5628 1023 5655 ⁸
1048 5618 1328 5686 Reperitur
1356 5617 1505 5670 initio
1530 5616 1758 5687 Registri
1784 5614 2098 5683 Gregoriani

531 5699 653 5741 ante
681 5704 865 5742 omnes
917 5690 1197 5757 epistolas,
1246 5690 1295 5741 in
1346 5689 1587 5741 omnibus
1622 5686 1757 5742 fere
1812 5687 2098 5741 Codtcibus

534 5775 691 5811 manu
719 5759 975 5826 exaratis;
1020 5758 1346 5826 referturque
1399 5773 1428 5809 a
1482 5760 1632 5811 .loan.
1669 5760 1915 5821 Diacmto,
1944 5757 2035 5812 lib.
2064 5772 2099 5812 ll

540 5828 691 5892 Viue,
742 5843 791 5879 c.
821 5825 876 5889 Ξ,
924 5827 1009 5878 ubi
1056 5825 1536 5893 aliquas’dirersas
1580 5829 1834 5882 lectiones
1878 5844 1906 5881 a
1948 5827 2101 5883 nobis

2214 4929 2445 4985 sibilium
2474 4932 2824 4988 conditorem.
2847 4932 3051 4988 Lumen
3079 4948 3144 4988 ex
3168 4931 3390 4986 lumine.
3421 4932 3602 4989 Deum
3627 4948 3791 4990 vernn

2212 5023 2280 5078 de
2305 5026 2410 5079 Deo
2426 5041 2572 5080 vero.
2600 5027 2947 5096 Splendorem
2970 5026 3170 5097 gloria.
3190 5026 3441 5096 Figuram
3459 5028 3791 5089 substantir.

2209 5114 2309 5182 Qui
2338 5131 2557 5171 manens
2607 5117 2843 5174 Verbum
2874 5128 2997 5174 ante
3052 5120 3272 5182 saecula,
3302 5118 3595 5187 perfectus
3648 5120 3791 5173 homo

2208 5218 2419 5263 creatus
2440 5219 2538 5275 est,
2567 5211 2715 5278 juxta
2744 5210 2903 5264 linem
2934 5211 3284 5273 saeculorum;
3313 5221 3624 5276 conceptus
3644 5222 3695 5265 et
3714 5226 3791 5262 ea-

2207 5306 2291 5353 tus
2324 5316 2390 5353 ex
2424 5298 2620 5367 Spiritu
2650 5309 2855 5363 sancto,
2883 5310 2936 5353 et
2963 5300 3124 5353 Maria
3152 5300 3380 5368 virgine.
3414 5300 3521 5364 Qui
3558 5312 3789 5355 naturam

2208 5400 2443 5445 nostram
2466 5391 2703 5459 suscepit
2721 5391 2920 5460 absque
2943 5400 3178 5459 peccato.
3207 5390 3272 5445 Et
3291 5389 3617 5445 sultPontio
3638 5393 3789 5445 Pisae

2206 5484 2493 5538 cruciﬁxus
2535 5494 2639 5552 est,
2687 5492 2741 5538 et
2770 5485 3051 5554 sepultus;
3103 5484 3255 5538 tertia
3282 5483 3367 5539 die
3421 5486 3730 5540 resurrexit
3763 5498 3785 5534 ι

2206 5626 2486 5671 annotatas
2511 5617 2766 5685 reperies.
2798 5616 2909 5670 Hoc
2929 5617 3281 5671 confessionis
3308 5616 3432 5670 lidei
3482 5618 3781 5685 symbolum

2206 5704 2235 5740 a
2265 5700 2450 5741 saneto
2473 5688 2728 5759 Gregorio
2747 5688 3142 5755 pronuntiatum
3166 5689 3439 5741 credimus
3457 5687 3510 5740 in
3544 5688 3671 5759 ipso
3690 5702 3782 5741 se:

2206 5759 2555 5815 ordinationis
2586 5771 2639 5815 et
2662 5760 3082 5828 inaugurationis
3109 5760 3333 5814 solemni
3366 5760 3497 5813 ritu.
