3928 6342
53 336 214 392 1529
1058 328 1402 388 APPENDIX
1442 328 1532 385 AD
1569 328 1626 385 S.
1668 330 1997 387 GllEGOBIl
2037 329 2428 388 EPISTt)LAS.

3212 332 3349 390 1850

53 449 341 506 mortuis.
381 445 477 502 Die
506 454 680 502 autem
705 443 1109 515 quadragesimo
1125 443 1364 498 ascendit
1393 444 1442 495 in
1460 443 1679 501 ctelum.
1710 447 1759 507 Α
1786 442 1885 498 bus
1932 442 2205 497 beneﬁciis
2259 439 2439 510 pietati
2484 441 2619 510 ejus,
2660 438 2715 495 in
2742 450 2998 512 quantum
3045 454 3350 514 possumus,

53 540 244 596 Sedet
270 538 346 593 ad
372 537 643 593 dexteram
673 535 866 591 Patris.
895 534 1047 590 Unde
1064 542 1320 588 venturus
1340 541 1420 586 est
1437 532 1677 602 judicare
1778 536 1981 592 referre
2011 537 2203 605 gratias
2229 549 2546 589 mereamur.

53 636 232 689 vivos
290 642 353 688 et
400 640 659 687 mortuos.
706 630 981 685 POSilUl'llS
1026 637 1152 683 ante
1205 628 1386 683 OCUIOS
1440 628 1674 682 omnium

53 726 262 780 omnia
289 724 507 779 occulta
537 722 885 791 singulorum.
928 722 1150 774 Daturus
1178 720 1374 774 sanctis
1422 726 1674 788 perpetua

53 816 314 885 praemia
338 815 488 884 regni
510 812 766 878 caelestis,
799 812 993 880 iniquis
1038 821 1213 865 autem
1237 809 1490 878 supplicia
1540 809 1677 879 ignis

54 909 302 964 aeterni.
355 908 707 961 lnnovaturus
743 905 993 959 swculum
1023 919 1119 973 per
1163 904 1359 974 ignem.
1408 901 1678 957 Confiteor

55 1016 248 1056 uuam
294 998 484 1065 ﬁdem,
516 1014 677 1053 unum
708 998 999 1068 baptisma;
1033 1012 1213 1062 unam,
1242 996 1591 1066 apostolicam
1624 1004 1679 1049 et

56 1091 463 1146 universalem
513 1089 828 1153 Ecclesiam,
875 1089 929 1143 in
973 1104 1072 1156 qua
1113 1087 1226 1142 sola
1268 1088 1471 1155 possint
1510 1084 1677 1139 laxari

56 1193 335 1252 peccata.
368 1182 424 1237 In
446 1181 661 1236 nomine
690 1180 882 1247 Patris,
909 1190 962 1235 et
984 1178 1126 1242 Filii,
1151 1188 1204 1232 et
1225 1178 1456 1248 Spiritus
1482 1177 1672 1231 sancti.

58 1282 142 1338 11.
174 1280 261 1338 De
294 1280 563 1336 Laurentii
584 1281 936 1335 archidiaconi
964 1279 1297 1348 depositione,
1330 1286 1375 1333 et
1416 1276 1677 1332 Honorati

1779 652 1867 708 ιν.
1901 661 1928 690 ⁸
1961 652 2293 722 Privilegium
2335 651 2641 705 monasterio
2686 651 2849 705 sancti
2890 648 3128 704 Medardi
3153 664 3358 706 conces-

1779 835 1855 886 De
1880 836 2106 886 Gairaldo
2126 837 2298 885 abbate
2321 838 2471 885 sancti
2496 834 2734 893 Medardi,
2762 833 2892 883 etde
2916 834 3044 882 illius
3060 834 3358 883 monasterio

1874 900 2215 949 Suessionensi
2237 936 2251 959 ,
2277 899 2401 961 quod
2426 896 2731 960 amplissimis
2754 896 3022 958 privilegiis
3045 897 3257 945 decorat.

1856 982 2145 1052 Gregorius
2168 982 2418 1038 omnibus
2439 982 2726 1047 episcopis.

1852 1071 2261 1127 Pretiosissimis
2280 1071 2545 1140 lapidibus
2572 1072 2622 1124 in
2641 1070 2938 1126 diademate
2950 1069 3145 1125 Christi
3164 1070 3355 1125 merito

1780 1162 2157 1229 renitentibus,
2187 1162 2541 1230 omnibusque
2561 1173 2759 1216 sanctae
2789 1163 2881 1216 Dei
2915 1161 3165 1215 Ecrlesite
3193 1176 3357 1216 mem-

1780 1254 1915 1321 bris,
1946 1270 2170 1324 quorum
2208 1256 2506 1310 universale
2528 1265 2688 1325 caput
2718 1265 2800 1310 est
2820 1254 3085 1319 Christus,
3140 1256 3353 1328 1285

488 1374 543 1427 in
571 1372 678 1440 ejus
708 1373 874 1425 locum
904 1371 1278 1439 subroyatione.

153 1474 183 1499 ⁸
217 1463 586 1533 Temporibus
602 1477 751 1533 papas
771 1462 1037 1532 Gregorii,
1054 1459 1082 1498 ιι
1108 1460 1413 1515 consulatus
1434 1458 1672 1513 Mauricii

69 1555 321 1627 Augusti
353 1571 495 1610 anno
523 1557 773 1623 septimo,
805 1554 1079 1623 depositus
1105 1560 1188 1607 est
1216 1551 1552 1613 Laurentius.
1585 1551 1674 1623 qui

79 1652 306 1721 primus
338 1648 512 1703 fuerat
562 1652 615 1703 in
660 1648 845 1702 ordine
883 1647 1110 1701 diaconii
1159 1646 1299 1700 sedis
1343 1646 1670 1713 apostolitte,

76 1751 316 1811 propter
344 1739 644 1808 superbiam
676 1747 729 1793 et
754 1739 890 1793 mala
922 1752 1040 1802 sua,
1072 1735 1283 1813 1284
1309 1751 1428 1806 qua:
1455 1736 1676 1789 tacenda

78 1832 386 1890 duximus.
458 1838 516 1885 et
554 1830 725 1885 lactus
790 1841 873 1884 est
925 1830 1330 1883 archidiaconus
1378 1828 1675 1883 llonotatus

80 1938 275 1979 coram
324 1923 568 1977 onmibus
605 1922 923 1995 presbyteris
962 1932 1015 1977 et
1050 1921 1391 1991 diaconibtts,
1424 1922 1677 1977 notariis-

84 2028 222 2084 que,
249 2012 785 2077 subdiaconibus,vel
800 2020 991 2068 cuncto
1017 2012 1162 2066 clero
1184 2011 1237 2065 in
1266 2010 1481 2065 basilica
1496 2028 1677 2067 aurea.

86 2114 183 2171 Il.
227 2113 420 2170 Charta
439 2131 551 2183 qua:
574 2116 751 2169 relicta
771 2125 841 2167 est
865 2116 926 2169 de
947 2115 1128 2169 litania
1150 2115 1364 2183 majore,
1389 2114 1443 2167 in
1470 2114 1678 2167 basilica

677 2216 866 2261 sancite
907 2207 957 2261 Μ
965 2207 1110 2260 arite.

165 2296 491 2352 Solemnitas
516 2313 707 2352 annuae
734 2298 1036 2353 devoriunis
1056 2311 1175 2358 nos,
1204 2296 1297 2350 lilii
1323 2294 1675 2365 dilectissimi,

91 2393 374 2459 admonet,
401 2404 461 2449 ut
487 2404 512 2431 ἰ
546 2395 781 2449 litaniam
812 2409 932 2463 qua:
982 2394 1153 2460 major
1179 2392 1246 2447 ab
1276 2396 1525 2451 omnibus
1579 2410 1676 2463 ap-

93 2487 329 2557 pellatur
356 2487 599 2541 sollicitis
640 2501 702 2541 ac
748 2487 959 2542 devotis
1015 2485 1339 2550 debeamus,
1391 2486 1679 2543 auxiliante

93 2576 349 2645 Domino,
400 2578 667 2633 mentibus
715 2578 1015 2641 celebrare,
1063 2591 1159 2646 per
1197 2592 1352 2645 quam
1400 2592 1429 2631 a
1482 2578 1679 2633 nostris

98 2669 433 2734 excessibus,
474 2671 589 2739 ejus
645 2670 1031 2725 misericordia:
1060 2669 1423 2739 supplicantes
1465 2672 1682 2742 purgari

100 2762 440 2831 aliquatenus
466 2778 789 2818 mereamur.
821 2760 1178 2817 Considerare
1199 2763 1397 2817 etenim
1427 2778 1523 2817 nos
1550 2778 1680 2819 eon-

105 2854 274 2920 venit,
322 2854 677 2921 dilectissimi,
728 2870 885 2925 quam
917 2854 1079 2910 variis
1115 2856 1489 2925 continuisque
1538 2857 1680 2911 cala-

102 2946 377 3001 mitatibus
403 2962 498 3015 pro
523 2946 721 3002 nostris
750 2946 921 3014 culpis
940 2956 1103 3014 atque
1130 2946 1513 3002 oli‘ensionibus
1541 2948 1680 3003 allii-

105 3053 315 3109 gamur,
344 3048 397 3094 et
423 3039 650 3108 qualiter
679 3038 805 3093 item
827 3039 1061 3094 ctelestis
1087 3038 1297 3106 pietatis
1320 3038 1473 3093 nobis
1495 3038 1681 3093 subin-

106 3130 179 3185 de
204 3126 460 3184 medicina
492 3128 793 3183 subveniat.
819 3127 979 3183 Sexta
1011 3128 1167 3197 igitur
1197 3127 1330 3183 feria
1357 3129 1625 3198 veniente,
1649 3144 1677 3182 a

107 3219 260 3273 titulo
279 3218 418 3273 beati
437 3218 708 3273 Laurentii
728 3219 997 3291 martyris,
1016 3219 1103 3287 qui
1122 3218 1419 3288 appellatur
1442 3219 1676 3288 Lucinze,
1784 3218 1949 3252 “"“"'
1972 3218 2313 3245 ¹⁵⁰¹⁵⁹¹⁵υ¹¹¹¹¹¹³
2334 3218 2493 3258 “‘4‘”
2512 3218 2562 3240 “'
2579 3218 2804 3241 ¹¹¹“³¹¹¹¹³³⁶
2827 3218 3134 3241 ⁰ι¹¹ιυ⁰¹¹¹¹⁵³
3160 3218 3364 3239 """""'

108 3309 459 3351 ρσηηὶἰρηιρς-
492 3307 519 3347 b
544 3311 608 3351 ad
640 3309 849 3351 [malum
880 3308 1091 3351 patrum
1118 3309 1481 3351 nnnetnlm-nm
1534 3310 1681 3351 nrin-
1707 3249 1752 3310 Ο
1785 3297 1991 3351 regum»
2021 3282 2338 3346 anusumms
2370 3280 2450 3336 vel
2480 3278 2736 3349 iudicum,
2769 3279 2996 3343 "unum,
3048 3292 3366 3347 quacunque

108 3309 462 3375 egredientes,
492 3307 519 3347 δ
544 3311 609 3361 ad
639 3309 849 3364 beatum
880 3308 1092 3364 Petrum
1117 3309 1484 3374 apostolorum
1534 3310 1681 3379 prin-

110 3402 301 3469 cipem,
334 3400 559 3455 Domino
588 3400 948 3471 supplicantes
975 3416 1095 3456 cum
1118 3399 1334 3470 hymnis
1363 3409 1417 3455 et
1456 3404 1684 3457 canticis

112 3492 493 3561 spiritualibus,
522 3508 895 3573 properemus,
920 3504 977 3548 ut
1000 3492 1220 3559 ibidem,
1245 3506 1396 3547 sacra
1429 3495 1685 3564 mysteria

111 3587 458 3655 celebrantes,
492 3596 597 3643 tam
626 3585 696 3642 de
717 3586 1101 3658 antiquioribus
1124 3600 1283 3655 quam
1316 3585 1384 3641 de
1401 3586 1685 3655 praesenti-

186 3723 384 3795 Fntcst.
409 3722 454 3778 ll
485 3724 593 3795 Ml.
625 3722 662 3777 Ι.
693 3738 751 3789 tt,
782 3722 891 3795 ind.
924 3722 1021 3795 10,
1044 3730 1163 3776 ante
1204 3738 1285 3791 ep.
1306 3720 1476 3795 i]._-—-
1505 3730 1532 3759 ι
1563 3720 1675 3795 [ioc

117 3793 440 3849 desideratur
471 3792 522 3848 in
555 3795 678 3848 Mss.
712 3794 946 3863 Anglic.,
980 3792 1164 3846 Norm.
1190 3802 1243 3849 et
1272 3792 1535 3863 plerisque
1564 3793 1677 3845 Va-

119 3866 207 3918 tic.
251 3865 455 3934 Legitur
496 3866 549 3919 in
590 3862 847 3926 Colbert.,
905 3862 1185 3934 Vatic._A,
1236 3864 1298 3922 Β.
1350 3862 1412 3928 C,
1458 3873 1681 3934 utroque

119 3932 333 3999 Turon.,
364 3935 568 3990 scilicet
589 3938 644 3989 S.
674 3934 879 3989 Gatiani
910 3942 966 3988 et
1000 3932 1209 3999 Maioris
1240 3933 1571 3987 monasterii.

189 4004 216 4044 1³
246 4005 581 4060 Consulatum
635 4005 867 4059 abolevit
897 4002 1227 4074 Justinianus
1264 4004 1399 4074 Aug.
1440 4019 1527 4056 an.
1554 4001 1677 4059 5M.

124 4077 262 4132 lianc
289 4078 595 4145 dignitatem
618 4076 901 4130 restituere
930 4074 1095 4128 voluit
1125 4072 1367 4128 Justinus
1394 4075 1684 4141 imperator

122 4156 238 4217 post
258 4146 626 4211 Justiniauum,
652 4147 743 4199 scd
767 4146 917 4217 irrito
938 4154 1155 4217 conatu.
1181 4152 1427 4199 Attamen
1457 4145 1683 4217 impera-

122 4214 260 4273 tores
304 4219 497 4272 nudum
528 4217 835 4271 consulatus
864 4215 1091 4277 titulum,
1118 4230 1389 4270 assumere
1417 4214 1682 4279 solebant,

124 4298 177 4344 et
224 4289 352 4342 idem
376 4289 485 4343 fere
511 4296 623 4341 erat
653 4301 823 4341 annus
853 4288 1157 4357 consulatus
1178 4301 1240 4341 ac
1280 4286 1509 4357 imperii.
1544 4284 1686 4357 Lege

124 4358 387 4482 gnngilltm,
411 4358 465 4414 in
487 4358 785 4423 Glossario,
817 4356 883 4410 ad
914 4358 1050 4411 banc
1080 4371 1267 4412 vocem
1293 4356 1600 4410 Consulatus
1632 4356 1683 4411 et

169 4445 282 4481 onsu
311 4469 322 4481 .

169 4432 322 4483 onsul.

192 4501 384 4555 Fuisti.
417 4498 482 4552 Ill
514 4498 622 4570 [ΑΙ.
646 4497 685 4552 ι.
706 4513 762 4563 tt,
793 4499 901 4570 ind.
922 4499 1008 4565 i0,
1033 4507 1150 4552 ante
1178 4513 1258 4569 ep.
1279 4498 1353 4570 η.
1372 4528 1443 4541 -
1463 4505 1487 4531 α
1509 4496 1681 4551 Etiam

124 4585 257 4625 nunc
279 4571 465 4623 litanize
487 4569 796 4624 dividuntur
825 4569 877 4623 in
908 4571 1126 4635 maiores
1173 4582 1226 4623 et
1255 4569 1498 4623 minores.
1546 4570 1676 4621 Nam

124 4656 237 4709 quae
265 4641 313 4693 in
340 4641 423 4695 die
446 4641 613 4693 sancti
667 4639 828 4693 Marci
880 4642 1181 4709 celebratur
1213 4648 1433 4693 vocatur
1488 4640 1676 4707 major,

125 4711 269 4764 etsia
310 4710 500 4765 litattiis
547 4710 917 4779 Rogationum,
956 4725 1073 4779 quae
1129 4708 1376 4764 dicuntur
1424 4708 1676 4773 minores,

131 4782 420 4847 discrepare
472 4797 576 4835 non
616 4780 880 4835 videatur.
928 4782 1179 4835 Attamen
1225 4782 1275 4832 in
1328 4779 1675 4833 celeberrima

129 4851 283 4906 sancti
310 4851 512 4906 Martini
545 4851 767 4905 basilica
811 4851 949 4920 apud
981 4851 1223 4904 Turonos
1251 4864 1311 4904 ca
1356 4851 1442 4903 die
1471 4853 1523 4901 tit
1555 4848 1680 4901 lita-

127 4922 207 4974 nia
231 4922 549 4992 septiformia,
575 4936 603 4975 a
634 4931 838 4992 septem
879 4922 1059 4975 choris
1085 4934 1196 4992 per_
1232 4920 1451 4974 totidem
1473 4930 1680 4992 portas

129 4992 302 5047 eodem
354 4990 592 5061 tempore
643 4991 913 5061 basilicam
962 4990 1314 5061 intrantibus,
1368 5001 1422 5044 et
1472 4990 1680 5045 litanias

130 5060 515 5116 decantantibus
547 5078 563 5128 ;
594 5061 733 5129 quod
767 5060 994 5116 fortasse
1025 5060 1148 5115 alibi
1179 5062 1353 5116 etiam’
1372 5076 1469 5115 usu
1498 5077 1679 5123 recep-

133 5142 234 5186 tum
264 5140 390 5187 erat.
417 5132 547 5186 Hinc
576 5132 809 5187 Iitaniam
841 5132 1099 5200 majorem
1132 5132 1374 5185 eamdem
1407 5132 1567 5185 luisse
1616 5146 1679 5184 ac

132 5203 472 5272 septilormetn
504 5202 859 5273 suspicamur,
912 5212 1096 5256 contra
1127 5202 1493 5256 Gussanvilla-i
1524 5215 1678 5273 men-

132 5271 250 5338 tem,
272 5273 415 5342 Cujus
446 5275 561 5341 lege
588 5271 879 5341 subjectam
930 5282 1128 5326 notam.
1162 5273 1295 5325 Male
1334 5274 1385 5325 in
1430 5271 1679 5325 omnibus

132 5344 504 5412 exemplaribus
525 5344 782 5396 letaniam.
807 5342 1007 5398 Graecis
1025 5345 1132 5402 λιτὴ
1155 5354 1208 5397 et
1228 5342 1676 5413 λιτανὰαιοτθιὶο,

131 5414 367 5481 precatio,
397 5413 733 5483 supplicatio.
767 5413 1013 5478 Basilius,
1040 5415 1197 5481 epist.
1232 5414 1322 5483 (543,
1349 5413 1584 5465 litatﬁam
1611 5413 1678 5466 de

132 5499 225 5552 qua
264 5483 342 5538 hic
368 5481 590 5550 mentio,
622 5484 1004 5551 distingueretn
1051 5499 1083 5536 a
1112 5481 1434 5550 septiformi,
1485 5482 1552 5536 de
1574 5498 1677 5549 qua

133 5570 281 5609 scrin.
329 5556 377 5609 in
429 5564 668 5623 tempore
714 5554 1069 5608 mortalitatis.
1120 5553 1287 5621 Major
1336 5552 1403 5607 de
1442 5567 1543 5621 qua
1593 5554 1677 5607 hic

134 5626 333 5687 mentio,
358 5625 564 5679 videtur
592 5624 644 5677 in
680 5640 774 5678 usu
800 5624 963 5679 fuisse
988 5633 1113 5678 ante
1145 5623 1381 5692 Gregorii
1412 5633 1673 5691 tempora,

135 5696 366 5762 quidquid
389 5696 530 5750 dicat
560 5695 856 5759 Durandus,
888 5711 992 5749 non
1022 5694 1307 5749 advertens
1336 5695 1448 5747 haec
1476 5695 1632 5747 verba
1658 5710 1671 5746 :

141 5767 255 5827 Quw
281 5768 435 5831 major
478 5768 539 5819 ab
577 5766 807 5817 omnibus
853 5765 1161 5835 appellatur.
1204 5764 1280 5819 De
1309 5764 1505 5818 lilaniis
1544 5779 1676 5833 quas

138 5836 397 5893 Mamertus
445 5834 780 5901 restauravit,
808 5834 971 5905 agens
998 5834 1249 5892 Sidonius
1275 5835 1474 5906 Apoll.,
1515 5836 1676 5903 epist.

1783 1345 2076 1414 Gregorius
2100 1346 2217 1400 licet
2233 1356 2435 1400 sanctae
2463 1346 2714 1401 Romanae
2741 1347 2882 1401 sedis
2901 1346 3174 1415 pontiﬁcio
3193 1349 3333 1402 subli
3349 1376 3362 1388 ο

1782 1445 1980 1504 metur,
2008 1435 2335 1491 humillimus
2360 1445 2531 1490 tamen
2560 1450 2831 1491 servorum
2865 1435 2958 1489 Dei
2979 1452 3190 1493 servus.

1852 1530 2075 1599 Quando
2103 1530 2487 1586 eatholicorum
2518 1542 2701 1598 regum
2724 1530 2881 1584 c0rda
2904 1529 2969 1583 ad
2992 1544 3053 1584 ea
3083 1545 3199 1598 quae
3227 1544 3359 1598 pon-

1783 1624 2068 1679 tilicalibus
2095 1635 2217 1677 sunt
2247 1624 2461 1678 munitis
2503 1622 2833 1692 provocanda
2867 1624 2939 1678 ita
2966 1624 3173 1677 ardenti
3218 1622 3361 1677 desi-

1782 1715 1930 1771 derio
1960 1716 2139 1770 divina
2171 1717 2530 1781 praeveniente
2555 1717 2721 1785 gratia
2752 1716 3175 1782 succenduntur,
3206 1726 3264 1769 ut
3292 1715 3361 1770 ab

1785 1807 1862 1861 eis
1893 1807 2029 1860 ultro
2058 1815 2362 1875 poscuntur,
2394 1816 2539 1860 tanto
2569 1806 2728 1860 alacri
2759 1814 2813 1859 et
2850 1806 2973 1861 lmto
3013 1814 3137 1860 sunt
3185 1805 3363 1861 animo

1785 1898 2149 1963 concedenda,
2169 1906 2367 1967 quanto
2380 1908 2430 1951 et
2452 1913 2513 1953 ea
2541 1899 2656 1963 ipsa
2684 1914 2799 1966 quae
2823 1899 3064 1967 cupiunt,
3094 1898 3137 1951 si
3162 1897 3363 1951 nollent

1781 1990 1975 2054 facere,
2002 1992 2107 2058 peti
2135 1990 2448 2044 debuerant.
2476 1988 2702 2043 Proinde
2724 1990 2874 2058 juxta
2899 1989 3125 2043 liliorum
3152 2001 3363 2041 nostro-

1778 2098 1895 2137 rum
1926 2083 2537 2153 prmcelleutissimorum
2570 2086 2760 2152 scripta
2793 2097 2975 2153 regum
3008 2082 3363 2136 Brunichildis

1777 2186 1841 2225 ac
1869 2172 2078 2241 nepotis
2118 2171 2236 2242 ejus
2276 2171 2625 2239 Theoderici,
2658 2173 2981 2232 monasterio
3025 2184 3223 2225 Sanctte
3272 2172 3363 2225 Dei

1777 2264 2055 2333 genitricis
2108 2263 2318 2327 Marite,
2370 2277 2435 2318 ac
2486 2263 2761 2319 beatorum
2813 2262 2957 2318 Petri
3006 2254 3365 2330 apostolOrunt

1779 2355 2055 2428 principis,
2101 2371 2309 2411 necnon
2364 2358 2772 2426 protomartyris
2835 2355 3029 2411 Christi
3084 2354 3365 2425 Stephani,

1778 2449 1920 2520 quod
1962 2457 2046 2504 est
2074 2449 2127 2503 in
2175 2449 2490 2505 Suessorum
2540 2450 2755 2504 civitate
2802 2449 2984 2514 situm,
3024 2447 3110 2502 ubi
3151 2458 3365 2502 sanctus

1780 2541 2065 2598 Medardus
2111 2541 2448 2609 requiescere
2494 2548 2551 2594 et
2599 2540 2680 2594 vir
2725 2537 3044 2594 venerabilis
3087 2536 3366 2593 Gairaldus

1780 2636 1945 2689 abbas
1976 2647 2210 2702 praeesse
2240 2634 2468 2699 videtur,
2501 2631 2802 2701 ltujusmodi
2831 2631 3102 2700 privilegia
3133 2628 3365 2685 auctori-

1782 2728 1905 2782 tatis
1936 2735 2131 2780 nostrte
2158 2725 2375 2780 decreto
2396 2724 2754 2795 indulgemus,
2779 2732 2833 2778 et
2855 2738 2918 2777 ea
2946 2722 3152 2792 plenius
3169 2722 3365 2775 contir-

1781 2834 1991 2875 mamus
2016 2819 2290 2888 privilegia
2315 2833 2433 2887 qua:
2459 2833 2487 2871 a
2510 2817 2663 2871 bona:
2695 2817 2967 2872 memoria:
2987 2815 3204 2870 domino
3234 2828 3364 2883 papa

1779 2908 2002 2975 Joanne,
2029 2908 2316 2963 comitante
2344 2909 2625 2962 illustrium
2646 2923 2826 2977 regqu
2855 2906 3158 2969 clementia,
3181 2906 3352 2960 Clota-

1782 3002 1851 3057 rii
1879 3003 2079 3056 scilicet
2107 3010 2161 3056 et
2188 2999 2447 3069 Sigeberti
2472 3000 2626 3069 hujus
2657 3011 2851 3054 nostra:
2876 2999 2998 3053 lilia:
3019 2998 3235 3068 jugalis,
3266 2999 3357 3066 ipsi

1782 3095 1903 3151 loco
1931 3096 2030 3150 sub
2057 3095 2413 3150 anathematis
2449 3094 2653 3149 vincula
2684 3101 2807 3148 sunt
2852 3106 3101 3147 concessa
3152 3092 3232 3146 vel
3281 3092 3365 3146 itt-

1784 3189 1949 3252 dulta,
1972 3187 2313 3245 concedimus
2334 3197 2493 3258 atque
2511 3186 2804 3241 ﬁrmamus.
2826 3186 3134 3241 Statuentes
3160 3185 3364 3239 nullum

1786 3374 2065 3447 praeditum
2097 3375 2372 3444 dignitate,
2403 3388 2465 3428 ea
2493 3389 2610 3444 quae
2632 3389 2659 3427 a
2691 3371 3194 3441 praecellentissimis
3228 3373 3365 3440 regi-

1788 3470 1887 3525 bus
1915 3468 1999 3523 vel
2029 3467 2353 3537 quibuslibet
2382 3467 2502 3521 aliis
2534 3466 2700 3521 Deum
2731 3465 3038 3521 timentibus
3072 3466 3189 3518 loco
3233 3478 3367 3519 con-

1790 3579 1942 3620 cessa
1968 3572 2091 3620 sunt
2118 3562 2201 3619 vel
2230 3560 2590 3630 conferentur,
2621 3562 2722 3618 sub
2760 3562 3046 3633 cujuslibet
3069 3560 3366 3617 occasionis

1783 3719 1872 3785 14,
1904 3720 1998 3775 lib.
2024 3735 2075 3785 v,
2107 3721 2347 3789 agnoscit
2370 3733 2461 3775 eas
2489 3720 2645 3788 longe
2669 3730 2825 3775 antea
2848 3719 3011 3774 fuisse
3032 3719 3084 3774 in
3115 3735 3243 3784 usu;
3269 3720 3364 3775 sed

1783 3806 1963 3861 vagas,
1990 3801 2251 3859 tepentes,
2277 3793 2659 3858 infrequentes,
2712 3790 3111 3855 oscitabundas,
3140 3800 3197 3844 ut
3226 3807 3366 3847 nunc

1786 3864 1846 3945 l_it
1875 3861 2010 3945 apud
2041 3878 2137 3916 nos
2164 3863 2454 3945 aut‘populi
2491 3862 2637 3945 vitio
2667 3862 3005 3945 aut__in_cnu.ria
3068 3870 3361 3945 pastorum.

1786 3930 2137 3994 Justinianus,
2167 3935 2215 3984 in
2250 3933 2602 3995 Authenticis,
2639 3930 2966 3999 novell.123,
2990 3946 3109 4000 cap.
3144 3932 3231 3997 5:2,
3269 3949 3367 3986 ve-

1788 4012 1865 4057 tat
1890 4004 2099 4059 litanias
2124 4001 2238 4057 lieri
2267 4004 2384 4058 sino
2409 4006 2682 4071 episcopo,
2715 4002 2924 4057 clericis
2964 4011 3017 4055 et
3040 4004 3207 4056 sacris
3238 4018 3363 4057 cru-

1790 4075 1963 4129 cibus.
1996 4075 2129 4139 Quid
2162 4075 2373 4128 litanias
2395 4087 2531 4129 tttter
2548 4085 2599 4129 et
2621 4076 2993 4143 processioncs
3018 4073 3244 4136 intersit,
3278 4076 3369 4126 in-

1788 4159 2015 4199 nuetnus
2050 4146 2205 4209 intra,
2240 4145 2324 4197 ubi
2356 4145 2423 4199 de
2451 4146 2625 4199 missis
2675 4143 2916 4212 puhIit-is.
2951 4143 3215 4198 Gussauv.
3245 4144 3366 4198 An-

1788 4217 1897 4284 tiqu
1920 4215 2140 4269 ssituutn
2155 4230 2274 4269 esse
2290 4215 2587 4269 litaniarutn
2611 4230 2703 4270 seu
2726 4216 3169 4283 supplicationum
3197 4214 3365 4280 publi-

1787 4300 2153 4410 carumigsum
2187 4287 2376 4355 probat
2420 4296 2637 4341 sanctus
2689 4287 3025 4351 Ambrosius,
3082 4285 3238 4353 epist.
3272 4284 3363 4351 40,

1788 4372 1938 4410 num.
2037 4395 2052 4410 .

1788 4372 1938 4412 num.
1964 4358 2052 4410 16.

1859 4425 2168 4495 lltSuperius
2218 4426 2416 4497 legitur
2461 4428 2575 4481 btec
2620 4426 2802 4481 litania
2859 4424 3100 4497 lactaiin
3144 4424 3362 4497 basilica

1788 4507 1987 4551 sancta:
2019 4499 2217 4563 Mariae,
2252 4496 2307 4552 et
2336 4499 2419 4550 hic
2448 4498 2499 4550 in
2537 4499 2763 4552 ecclesia
2814 4496 2980 4549 sancti
3016 4496 3176 4556 Petri,
3221 4496 3363 4562 quod

1788 4566 1927 4622 hanc
1947 4568 2183 4622 chartam
2207 4568 2382 4622 dubia:
2410 4568 2527 4621 ﬁdei
2558 4567 2748 4621 reddit.
2771 4566 2998 4620 Aliunde
3024 4567 3090 4617 ah
3112 4568 3361 4619 omnibus

1784 4652 1921 4707 pene
1953 4641 2077 4693 Mss.
2134 4639 2303 4702 abest,
2335 4649 2389 4692 et
2438 4638 2527 4705 qui
2555 4653 2670 4691 eam
2702 4637 2899 4690 habent
2929 4636 3151 4690 Codices
3206 4639 3360 4705 pauci

1785 4719 1909 4762 sunt
1938 4710 2279 4764 recentiores.

1860 4780 2059 4834 Fnacu.
2099 4780 2187 4833 ιγ.
2211 4807 2279 4817 -
2309 4786 2334 4813 ’ί
2380 4777 2453 4832 De
2483 4777 2583 4832 hoc
2612 4776 2887 4848 privilegio
2917 4777 3003 4831 diu
3030 4775 3361 4833 decertatum

1788 4860 1892 4906 est.
1926 4852 1979 4903 In
2011 4851 2171 4904 nullis
2221 4850 2347 4903 Mss.
2397 4851 2549 4902 nobis
2587 4852 2841 4912 oecurrit,
2872 4860 3094 4917 excepto
3141 4864 3245 4903 uno
3277 4849 3363 4903 Vi-

1782 4921 2014 4975 ClDl‘inti.

1857 4992 1936 5044 Ex
1970 4992 2051 5045 his
2076 4989 2164 5058 qui
2197 4996 2350 5044 notas
2372 4989 2423 5043 in
2455 4988 2810 5061 Gregorianas
2839 4990 3092 5059 epistolas
3124 4990 3362 5059 scripse~

1784 5071 1947 5126 runt,
2004 5061 2273 5115 Alteserra
2334 5062 2504 5126 ipsum
2568 5074 2883 5130 prepugnat.
2943 5063 3111 5117 Aliter
3164 5064 3362 5116 sentire

1783 5132 1993 5185 videtur
2023 5132 2477 5194 Gussanvillazus,
2507 5132 2607 5185 etsi
2654 5133 2908 5201 judicium
2963 5140 3101 5187 terre
3134 5147 3237 5186 non
3270 5146 3362 5184 au-

1784 5202 1925 5256 deat.
1974 5202 2030 5256 ltt
2060 5202 2538 5271 subscriptionibus
2593 5204 2754 5256 multa
2809 5211 2985 5256 errata
3033 5202 3361 5269 deprehendi

1782 5282 2009 5335 constat,
2045 5284 2189 5327 utex
2242 5273 2381 5327 notis
2429 5274 2810 5341 marginalibus
2858 5274 3083 5340 Philippi
3138 5272 3358 5337 Labbei,

1783 5350 1931 5396 tomo
1967 5343 2001 5396 V
2031 5344 2260 5403 Concil.,
2290 5352 2395 5399 cot.
2432 5345 2602 5408 1585,
2637 5345 2821 5412 liquet.
2854 5343 2984 5397 Cum
3021 5344 3073 5397 iit
3114 5344 3362 5397 omnibus

1781 5413 1951 5469 Editis
1981 5416 2321 5481 epistularum
2351 5417 2520 5470 sancti
2549 5414 2790 5483 Gregorii
2820 5418 2991 5468 locum
3035 5413 3225 5465 haheat
3257 5416 3360 5468 hoc

1782 5486 2134 5553 privilegium,
2156 5486 2281 5539 illud
2306 5489 2354 5539 in
2382 5486 2671 5554 appendice
2689 5486 3005 5539 servandum
3030 5486 3357 5538 censuimus.

1781 5555 1897 5625 Alia
1932 5556 2205 5625 privilegia
2228 5572 2257 5610 a
2287 5565 2471 5611 sancto
2495 5556 2748 5624 t;regorio
2773 5570 3027 5609 concessa
3047 5554 3170 5608 vide
3196 5571 3357 5619 supra

1780 5624 1875 5680 lib.
1909 5641 2024 5691 xm,
2057 5624 2213 5694 epist.
2248 5628 2302 5689 8,
2332 5628 2386 5695 9,
2418 5628 2503 5682 10.
2538 5626 2609 5681 De
2641 5626 2914 5696 privilegio
2943 5626 3356 5681 Sublaeensibus

1777 5697 1922 5760 dato,
1950 5698 2002 5751 in
2033 5713 2137 5766 quo
2160 5699 2337 5765 tegula
2371 5700 2537 5751 sancti
2566 5697 2833 5751 Benedicti
2865 5698 3211 5767 approbatur,
3237 5701 3355 5767 lege

1779 5767 2161 5839 Mabillonium,
2194 5780 2323 5837 tom.
2356 5769 2397 5823 ll
2430 5768 2699 5835 Analect.,
2723 5783 2777 5841 p.
2812 5768 2930 5824 166.
