3928 6342
480 315 604 372 1351

1435 309 1779 370 ΔΡΡΕΝΒῙΧ
1815 309 1905 367 AD
1944 313 2004 371 S.
2046 305 2373 367 GREGORII
2413 303 2805 364 EPISTULAS.

3618 302 3748 359 1332

474 434 672 502 specie,
691 435 931 490 minuere
951 434 1034 492 vel
1058 433 1283 498 auferre,
1307 430 1389 487 vel
1415 430 1521 485 suis
1540 430 1722 485 usibus
1744 429 2044 499 applicare;
2074 428 2129 490 Α
2154 425 2395 494 tegritate
2431 422 2753 477 mternaliter
2782 421 2918 476 facta
2967 418 3327 491 praeceptione
3369 415 3531 491 juxta
3586 417 3743 476 finem

474 524 569 579 sed
619 534 805 579 cuneta
835 540 952 594 qua:
982 525 1094 580 Deo
1147 522 1498 579 servientibus
1548 521 1823 577 monachis
1875 521 2050 577 oblata

476 628 599 672 sunt
628 619 711 672 vel
751 619 930 673 offerri
962 618 1242 687 contigerit
1291 616 1509 687 perenni
1568 624 1808 686 tempore
1848 615 2049 671 illibata

474 721 527 765 et
552 711 666 763 sine
696 710 867 779 aliqua
900 709 1259 779 inquietudine
1287 711 1528 765 volumus
1558 708 1837 778 possideri,
1862 722 2048 763 eorum

473 802 661 855 usibus
691 816 786 870 pro
814 815 1036 871 quorum
1066 798 1448 854 sustentatinne
1469 814 1719 854 concessa
1736 806 1858 852 sunt
1880 798 2052 853 modis

474 892 719 945 omnibus
759 891 1048 960 profutura.
1105 890 1458 945 Concedimus
1508 889 1669 945 etiam
1725 900 1781 945 ut
1821 891 2052 945 obeunle

474 983 684 1049 abbate,
718 999 821 1036 non
852 983 984 1036 alius
1024 982 1091 1036 ibi
1144 982 1445 1052 quicunque
1486 983 1813 1049 obreptionis
1860 983 2051 1036 astutia

472 1074 764 1137 ordinetur,
800 1074 897 1127 nisi
927 1089 1083 1143 quem
1114 1074 1410 1127 communis
1438 1088 1737 1129 consensus
1765 1074 2053 1129 monacho-

472 1181 589 1221 rum
619 1165 856 1236 elegerit,
916 1174 1007 1219 aut
1061 1166 1359 1234 praeviderit
1405 1167 1780 1223 ordinandum.
1819 1166 2055 1227 Caveant

470 1270 644 1311 autem
677 1256 877 1325 praefati
935 1257 1177 1311 monachi
1237 1256 1580 1312 simoniacam
1642 1258 1910 1323 haeresim,
1963 1271 2051 1322 ne,

470 1350 705 1422 putentia
735 1366 916 1420 regum
942 1351 1020 1403 vel
1048 1351 1341 1404 antistitum
1382 1351 1634 1415 convicti,
1662 1351 1780 1405 loco
1825 1350 2053 1418 pastoris

470 1442 761 1511 suscipiant
793 1452 1097 1513 tyrannum.
1125 1442 1276 1510 Quod
1305 1443 1521 1497 omnino
1546 1441 1659 1496 fieri
1690 1442 2052 1511 prohibemus,

469 1542 525 1589 et
553 1534 801 1589 eumdem
833 1535 1076 1589 abbatem
1109 1549 1266 1589 causa
1310 1534 1657 1589 ordinationis
1706 1551 1815 1591 sure
1858 1534 2055 1604 aliquid

469 1626 601 1680 dare
631 1642 954 1695 prmsumere
986 1635 1252 1692 vetamus,
1289 1642 1355 1681 ne
1408 1626 1505 1681 hac
1535 1627 1814 1684 occasione
1862 1642 1981 1697 quae
2026 1642 2059 1681 a

471 1717 719 1772 ﬁdelibus
750 1719 848 1787 piis
879 1718 1009 1773 locis
1034 1717 1326 1773 offeruntur
1348 1719 1432 1773 vel
1466 1720 1641 1775 oblata
1673 1728 1826 1783 sunt,
1860 1734 2055 1773 consu-

2152 520 2367 590 Alpium
2396 518 2638 585 contulit,
2673 528 2727 573 et
2756 518 2951 573 multos
2976 516 3108 574 alios
3135 518 3343 574 reditus
3374 526 3651 572 terrarum
3683 519 3745 573 ob

2153 612 2292 667 hanc
2317 626 2529 665 causam
2561 611 2847 683 delegavit,
2877 610 3011 667 sitos
3039 613 3088 665 in
3119 612 3361 683 ejusdem
3387 611 3612 666 itineris
3634 627 3747 676 spa-

2152 704 2246 758 tio.
2281 703 2559 758 Tusiacnm
2585 717 2712 757 vero
2747 712 2799 758 et
2827 702 3161 758 Mortinetum
3192 703 3349 757 ﬁscos
3385 703 3577 775 regios
3609 719 3750 757 com-

2154 798 2385 854 muniter
2412 797 2478 852 ad
2508 796 2768 867 stipendia
2796 797 3017 851 fratrum
3044 797 3212 863 dedit,
3245 808 3299 852 et
3327 786 3407 851 ita
3432 812 3636 852 omnes
3659 797 3749 850 vii-

2155 889 2235 943 las
2267 889 2376 943 Deo
2416 897 2470 943 et
2499 898 2681 942 sancto
2711 886 2958 941 bledardo
3004 887 3241 951 traditas,
3296 888 3381 942 vel
3434 888 3746 954 tradendas,

2155 996 2247 1037 sua
2279 982 2634 1052 praeceptione
2658 980 2938 1042 conclusit,
2974 990 3030 1034 ut
3057 980 3359 1051 quicunque
3388 995 3563 1049 super
3587 990 3748 1034 terras

2155 1072 2357 1128 domini
2397 1072 2626 1127 Medardi
2681 1070 2920 1126 habitare
2959 1071 3205 1135 voluerit,
3235 1070 3316 1124 vel
3347 1072 3592 1136 steterit,
3648 1074 3749 1127 sive

2154 1180 2341 1220 servus
2366 1166 2478 1220 sive
2523 1166 2673 1230 liber,
2702 1181 3065 1237 enjuscunque
3093 1168 3161 1222 sit
3181 1208 3194 1229 ,
3229 1168 3456 1222 alterius
3509 1167 3751 1224 dominio

2158 1258 2415 1328 privetur,
2444 1268 2496 1312 et
2524 1269 2721 1313 sancta:
2769 1258 3053 1313 Genitricis
3098 1258 3318 1314 servitio
3361 1268 3611 1328 aptetur,
3661 1276 3749 1317 nec

2158 1351 2295 1405 ultra
2326 1350 2580 1404 redeundi
2610 1349 2876 1403 licentiam
2902 1350 3115 1405 habeat.
3148 1350 3300 1418 Quod
3330 1352 3371 1405 si
3420 1353 3647 1421 fugerit,
3672 1368 3749 1409 re-

2158 1450 2375 1509 putetur
2403 1452 2457 1493 ut
2486 1455 2674 1493 servus
2701 1455 2839 1494 nunc
2866 1442 3086 1508 ejuSque
3116 1452 3315 1493 sanCIaa
3344 1440 3442 1493 Dei
3480 1441 3745 1495 Ecclesia.

2162 1534 2239 1588 De
2267 1533 2517 1586 altaribus
2547 1548 2757 1602 quoque
2782 1530 2927 1601 juxta
2959 1532 3343 1586 institutionem
3374 1532 3591 1586 domini
3614 1548 3747 1602 papa

2160 1623 2377 1679 Joannis
2426 1623 2713 1690 apostolica
2745 1624 3059 1678 auctoritate
3089 1624 3518 1691 conﬁrmamus,
3571 1637 3630 1680 ut
3674 1626 3751 1695 qui

2161 1715 2322 1769 fuerit
2350 1725 2527 1770 rector
2558 1714 2761 1785 prmfati
2812 1716 3141 1778 monasterii,
3175 1716 3263 1769 ﬁat
3309 1726 3589 1786 praeterea
3634 1718 3749 1771 alta-

468 1818 707 1864 mantur.
738 1809 804 1863 Et
828 1810 947 1878 quia
975 1808 1112 1864 fama
1138 1811 1409 1883 religionis
1435 1810 1542 1864 Deo
1565 1810 1909 1866 servientium
1936 1824 2053 1864 ιιιο-
2085 1808 2300 1871 ’τίιιηι
2332 1808 2546 1877 praesul,
2576 1818 2629 1862 et
2662 1808 2897 1863 omnium
2936 1808 3279 1863 ecclesiarum
3332 1808 3441 1863 sibi
3488 1812 3749 1879 pertinen-

470 1902 763 1957 nachorum
796 1912 1002 1957 nostras
1031 1903 1267 1971 pervenit
1292 1902 1359 1957 ad
1388 1916 1566 1969 aures,
1600 1903 1789 1972 quibus
1820 1904 1901 1957 vir
1927 1903 2049 1957 vita;

469 1999 791 2054 venerabilis
824 1998 1103 2054 Gairaldus
1130 2014 1360 2068 prteesse
1392 2000 1746 2070 dignoscitur,
1771 1998 1929 2067 justis
1960 2014 2050 2066 pe-

469 2092 747 2147 titionibus
794 2092 1402 2160 przecellentissimorum
1454 2108 1637 2165 regum
1696 2090 2051 2147 Brunichildis

468 2190 629 2251 atque
665 2182 978 2236 Theoderici
1019 2181 1295 2247 faventes,
1329 2184 1397 2237 ob
1426 2199 1662 2238 amorem
1694 2182 1895 2238 domini
1944 2184 2053 2239 Me-

472 2271 643 2335 dardi,
676 2280 874 2325 tantam
906 2273 1064 2326 divini
1098 2272 1313 2327 honoris
1349 2273 1664 2341 dignitatem
1696 2283 1748 2327 et
1792 2274 2052 2328 securita-

469 2371 578 2417 tem
610 2366 952 2418 concedimus
980 2366 1197 2434 perenni
1232 2376 1468 2431 tempore
1497 2381 1821 2422 mansuram.
1856 2369 2054 2422 Aucto-

468 2452 625 2509 ritate
668 2454 825 2524 igitur
881 2454 1086 2520 divina,
1133 2457 1248 2513 vice
1298 2456 1439 2511 beati
1492 2458 1633 2512 Petri
1688 2459 2052 2528 apostolorum

472 2546 749 2617 principis,
779 2561 1043 2603 consensu
1083 2549 1317 2602 omnium
1356 2548 1712 2604 ltomanorum
1745 2550 2052 2618 pontificum

469 2647 524 2693 et
552 2638 829 2693 voluntate
862 2640 1023 2693 totius
1053 2647 1268 2693 senatus
1300 2637 1558 2703 Romani,
1590 2640 1851 2697 suadente
1901 2641 2055 2696 nobis

469 2731 587 2785 viro
612 2731 901 2800 apostolico
923 2730 1180 2786 Anserico
1219 2732 1538 2788 Suessorum
1588 2733 1734 2787 urbis
1780 2733 2053 2803 pontiﬁce,

472 2830 527 2876 et
550 2822 786 2876 omnium
840 2819 1025 2875 Gallia:
1052 2820 1427 2889 episcoporum
1459 2821 1666 2878 favente
1692 2822 1912 2891 judicio,
1965 2824 2059 2878 de-

470 2917 741 2972 cernimus
771 2924 828 2967 ut
869 2914 1046 2969 nullus
1076 2913 1625 2983 archiepiscoporum,
1654 2914 1736 2969 vel
1784 2916 2057 2970 archidia-

470 3020 725 3061 conorum
754 3004 946 3060 fratres
975 3005 1207 3074 praefata:
1238 3006 1469 3059 basilicae
1499 3005 1566 3060 de
1598 3006 1937 3063 ordinatione
1976 3006 2058 3062 sui

471 3098 681 3154 abbatis
733 3100 815 3154 vel
864 3098 1344 3167 ecclesiasticarum
1397 3096 1653 3167 graduum
1698 3100 2061 3166 assumptione

2156 1900 2312 1965 tium,
2343 1910 2399 1953 et
2430 1899 2551 1952 inde
2582 1900 2920 1967 praelatorum
2952 1909 3257 1953 sanctorum
3291 1899 3585 1968 prmcipuo
3610 1902 3745 1956 altari

2155 1991 2435 2045 luminaria
2467 1991 2841 2055 exhibeantur,
2872 2001 2925 2045 et
2970 1992 3301 2060 hospitalitas
3346 1994 3743 2063 peregrinorum

2156 2098 2278 2139 cum
2303 2084 2598 2137 reverentia
2622 2092 2827 2153 agatur.
2853 2081 3232 2152 Subjungimus
3250 2092 3307 2139 et
3323 2084 3478 2138 aliud
3504 2086 3745 2151 edictuin,

2158 2178 2203 2230 s'.
2233 2188 2392 2229 causa
2415 2173 2657 2244 capitalis
2682 2173 2921 2228 criminis
2941 2175 3104 2229 abhas
3133 2186 3215 2229 est
3241 2175 3635 2244 deponendus,
3658 2192 3747 2229 nou

2157 2269 2307 2337 prius
2338 2269 2636 2337 deponatur
2656 2308 2672 2333 ,
2704 2267 2875 2322 donec
2906 2266 3237 2337 depositores
3273 2270 3645 2337 apostolicam
3674 2286 3753 2323 an-

2160 2360 2462 2415 ctoritatem
2515 2359 2814 2427 requirant,
2848 2369 2901 2413 et
2951 2359 3016 2412 ita
3058 2358 3163 2412 sint
3210 2368 3323 2415 tres
3361 2361 3753 2430 metropolitani

2159 2468 2282 2507 cum
2334 2449 2683 2521 suifraganeis
2730 2453 2840 2505 suis
2892 2459 2947 2505 et
2990 2450 3210 2505 abbates
3262 2455 3679 2521 quamplurimi.
3712 2455 3755 2510 lu

2159 2544 2279 2613 ipso
2306 2553 2482 2597 autem
2512 2541 2741 2596 concilio
2767 2551 3108 2597 accusatores
3132 2545 3520 2614 unusquisque
3550 2561 3668 2600 cum
3690 2564 3753 2601 xu

2161 2636 2386 2691 testibus
2415 2646 2709 2705 priesentes
2735 2637 3007 2700 assistant,
3034 2643 3086 2689 et
3111 2635 3181 2689 ita
3208 2637 3323 2697 veri
3348 2638 3549 2704 judicii
3578 2641 3755 2692 exami-

2160 2742 2231 2783 ne
2262 2727 2489 2797 probent
2516 2741 2575 2782 se
2605 2726 2823 2791 vidisse,
2858 2736 2914 2779 ut
2942 2726 3191 2783 audiente
3220 2729 3467 2783 concilio
3500 2730 3756 2785 obtestetu-

2162 2828 2269 2875 tur.
2298 2818 2378 2872 Ad
2410 2819 2651 2872 ultimum
2681 2833 2811 2873 vero
2838 2819 2951 2889 ipse
2982 2818 3147 2873 abbas
3171 2820 3417 2875 rationes
3447 2837 3567 2876 suae
3604 2839 3755 2877 excno

2162 2913 2385 2967 sationis
2414 2911 2631 2976 reddat,
2664 2920 2717 2966 et
2740 2911 3069 2982 jurejurandi
3096 2924 3252 2983 pacto
3281 2929 3457 2983 supra
3494 2931 3758 2971 sacrorum

2162 3006 2414 3075 mysteria
2438 3015 2667 3074 quatuor
2689 3005 3094 3075 Evangeliorum
3116 3007 3441 3062 satisfaciat.
3470 3010 3623 3065 Tunc
3650 3028 3760 3066 vero

2163 3096 2211 3151 si
2237 3099 2513 3152 convictus
2542 3096 2721 3160 fuerit,
2744 3099 3075 3152 correctione
3091 3098 3426 3167 deponatur;
3460 3102 3547 3155 sin
3573 3115 3760 3169 autem,

471 3194 763 3264 inquietet,
806 3194 897 3248 sed
947 3191 1239 3248 secundum
1290 3192 1693 3262 praerogativam
1740 3189 1905 3258 ipsius
1951 3189 2055 3245 loci
2084 3186 2131 3251 C
2160 3206 2257 3245 suo
2285 3190 2471 3243 honori
2496 3190 2765 3253 reddatur,
2790 3197 2843 3243 et
2864 3189 3237 3244 ecclesiasticae
3258 3192 3553 3262 dignitatis
3574 3208 3761 3263 myste-

470 3287 621 3340 vobis
651 3287 807 3339 modo
840 3284 1143 3348 recitatam,
1176 3282 1466 3337 beatissimi
1500 3280 1911 3350 przedecessoris
1957 3296 2053 3334 no-

470 3378 568 3435 stri
592 3378 791 3433 domini
831 3378 1048 3434 Joannis
1072 3393 1219 3447 papae
1247 3388 1485 3446 tempore
1511 3376 1805 3443 decretam,
1845 3375 2056 3446 1286

475 3480 531 3527 et
558 3473 846 3542 apostolica
880 3472 1193 3529 auctoritate
1225 3472 1524 3536 ﬁrmatam,
1552 3469 1940 3525 ordinationem
1972 3470 2054 3523 sui

475 3562 679 3618 abbatis
701 3563 799 3633 ipsi
829 3562 1022 3618 fratres
1044 3568 1320 3632 peragant,
1346 3559 1905 3631 etecclesiasticorum
1930 3574 2053 3629 gra-

473 3656 637 3712 duum
670 3657 983 3729 dignitatem
1020 3655 1336 3725 suscipiant.
1373 3653 1816 3709 Consecrationes
1843 3667 2056 3722 quoque

474 3748 720 3814 fontium,
751 3758 805 3805 et
833 3747 1073 3802 scrutinii
1099 3746 1354 3817 mysteria
1384 3746 1435 3800 in
1468 3746 1585 3813 ipso
1608 3744 1935 3799 monasterio
1965 3760 2056 3802 ce-

474 3839 703 3895 lebrent.
731 3838 1045 3893 Chrismatis
1076 3852 1288 3908 quoque
1317 3850 1379 3890 ac
1420 3836 1544 3902 olei,
1595 3836 1797 3901 altaris,
1851 3838 2048 3906 calicis,

475 3933 787 4001 corporalis,
817 3947 845 3986 a
874 3947 1188 4002 quocunque
1228 3931 1495 3988 voluerint
1538 3931 1788 4000 pontifice
1834 3931 2051 3988 benedi-

474 4026 707 4083 ctionem
729 4034 999 4095 expetant,
1036 4042 1104 4080 ne
1127 4033 1303 4081 tantus
1329 4026 1498 4079 honor
1516 4040 1545 4078 a
1567 4040 1830 4093 quoquam
1880 4036 2054 4081 recte-

474 4132 555 4183 re,
588 4116 743 4171 ullius
772 4114 1069 4171 occasionis
1096 4130 1255 4170 causa
1286 4115 1369 4169 vel
1401 4113 1755 4179 necessitatis,
1790 4114 2055 4170 intermit-

474 4218 637 4275 tatur,
679 4225 747 4265 ne
790 4209 1010 4269 vilescat
1058 4216 1219 4264 tantae
1270 4206 1609 4263 sublimitatis
1663 4207 1811 4263 locus
1856 4218 2057 4273 sancta:

476 4303 676 4367 Mariae,
707 4310 761 4356 et
790 4302 930 4357 beati
980 4302 1139 4366 Petri,
1174 4314 1381 4355 necnon
1428 4309 1481 4353 et
1526 4308 1953 4370 protomartyris.
2002 4308 2057 4356 et

474 4395 675 4451 domini
700 4395 935 4451 Medardi
972 4395 1176 4450 meritis
1206 4401 1468 4459 sacratus,
1497 4407 1653 4463 quem
1684 4402 1843 4460 caput
1868 4406 2054 4446 mona-

473 4488 758 4543 steriorum
791 4489 952 4547 totius
982 4485 1167 4543 Gallim
1210 4485 1598 4549 constituimus,
1644 4484 1947 4554 nulliusque
1975 4484 2056 4539 di-

2160 3282 2238 3335 ria
2271 3282 2516 3350 recipiat,
2548 3290 2603 3336 et
2632 3282 2773 3335 inter
2804 3296 2954 3335 sacra
2984 3284 3267 3337 missarum
3300 3284 3579 3339 solemnia
3613 3286 3761 3340 bene-

2156 3372 2446 3427 dictionem
2487 3374 2695 3444 1287
2728 3382 2779 3426 et
2826 3373 3257 3442 przedicationem
3304 3374 3468 3443 juxta
3525 3379 3759 3431 instituta

2158 3466 2360 3523 domini
2391 3481 2539 3536 papa:
2567 3467 2788 3522 Joannis
2818 3478 3062 3537 peragat,
3096 3477 3151 3522 et
3178 3482 3289 3522 suae
3322 3473 3760 3525 conversationis

2155 3561 2320 3615 vitam
2353 3560 2665 3615 melioribus
2689 3560 2945 3627 exemplis
2967 3559 3211 3614 deducat.
3239 3560 3529 3615 Monachis
3551 3579 3755 3633 quoque

2157 3653 2296 3709 banc
2323 3652 2668 3723 praponimus
2688 3653 3031 3717 sententiam,
3062 3663 3113 3707 ut
3135 3652 3309 3708 nullus
3333 3668 3539 3709 eorum
3566 3657 3759 3710 invidia

2156 3752 2249 3799 aut
2289 3744 2413 3801 odio
2442 3744 2647 3799 abbatis
2667 3785 2682 3810 ,
2728 3744 2870 3813 quod
2895 3744 3061 3808 absit,
3090 3745 3511 3814 comprimatur,
3556 3751 3640 3803 vel
3672 3765 3756 3804 ex-

2158 3844 2470 3890 tranearum
2521 3850 2871 3905 personarum
2920 3850 3144 3894 censura
3189 3837 3485 3907 plectatur.
3540 3841 3757 3908 Quodsi

2157 3932 2309 3999 culpa
2344 3931 2653 3999 principalis
2683 3930 2797 3984 vitii
2829 3930 3115 4003 deliquerit
3152 3932 3400 4000 privatim
3433 3934 3583 3988 intra
3612 3938 3752 3991 clam

2157 4029 2327 4076 strum
2358 4020 2598 4090 ejusdem
2628 4023 2934 4076 monasterii
2959 4022 3025 4076 ab
3054 4022 3170 4092 ipso
3197 4023 3394 4078 abbate
3423 4035 3482 4079 et
3506 4028 3756 4097 spiritali-

2158 4114 2258 4168 bus
2290 4115 2541 4169 fratribus
2568 4124 2855 4187 arguatur,
2888 4125 2943 4173 et
2968 4132 2997 4171 a
3028 4131 3249 4186 corpore
3278 4128 3486 4173 sanctze
3541 4137 3754 4192 congre-

2160 4207 2389 4277 gationis
2412 4218 2743 4277 segregctur.
2767 4208 2920 4275 Quod
2949 4210 2993 4263 si
3020 4219 3401 4278 perseverante
3421 4215 3755 4267 contumacia

2159 4299 2427 4352 abscissus
2470 4298 2649 4364 fuerit,
2684 4299 3027 4369 praecipimus
3049 4300 3122 4354 illi
3155 4308 3212 4353 ut
3239 4304 3582 4370 precatorias
3626 4305 3755 4358 acci-

2158 4390 2313 4457 piens
2344 4390 2552 4445 litteras
2574 4434 2588 4459 ,
2619 4391 2975 4462 quodcunque
3002 4392 3230 4447 voluerit
3271 4393 3617 4462 ingrediatur
3648 4412 3754 4451 mo-

2163 4492 2476 4546 nasterium.
2504 4492 2594 4539 aut
2620 4499 2779 4539 causa
2812 4485 3139 4555 ptenitentiae
3170 4486 3325 4553 hujus
3352 4490 3509 4544 sedis
3539 4505 3755 4561 aposto.

472 4581 604 4637 tioni
637 4581 864 4648 patimur
888 4580 1130 4637 subesse.
1157 4577 1260 4633 Sed
1289 4579 1433 4632 velut
1460 4578 1574 4631 haec
1607 4576 1761 4631 sedes
1810 4576 2052 4631 Romana
2077 4557 2135 4621 Ῑ)
2158 4574 2273 4631 lica:
2297 4575 2561 4631 licentiam
2592 4585 2755 4643 petat,
2781 4585 2833 4631 et
2854 4579 3115 4646 susceptis
3141 4591 3173 4631 a
3198 4578 3423 4633 domino
3447 4557 3593 4651 papa
3619 4583 3755 4637 litte-

473 4672 887 4741 speculationem
920 4685 1067 4725 suam
1102 4678 1210 4722 toto
1238 4669 1353 4722 orbi
1400 4668 1600 4732 indicit,
1631 4677 1686 4722 et
1714 4682 1878 4722 novas
1922 4683 2054 4724 con-

472 4762 784 4820 suetudines
814 4762 1060 4815 omnibus
1090 4760 1269 4827 mittit,
1315 4769 1369 4814 et
1414 4759 1651 4815 omnium
1706 4774 2052 4828 personarum

472 4854 691 4911 servitio
726 4863 894 4908 caret.
928 4855 995 4907 ita
1024 4853 1277 4920 pra-fatus
1304 4852 1473 4912 locus.
1504 4859 1703 4905 remota
1748 4854 1894 4907 omni
1925 4869 2055 4909 con-

471 4947 755 5003 Suetudine
773 4948 1000 5013 pessima
1022 4960 1234 5015 regunt,
1257 4944 1574 5014 antistitum,
1595 4944 1855 5015 judicum,
1870 4963 2051 5002 exent-

475 5041 619 5111 plum
649 5041 839 5093 divinae
868 5036 1134 5107 religionis
1163 5049 1217 5091 et
1247 5035 1539 5092 honestatis
1565 5037 1774 5090 caeteris
1805 5038 2057 5093 exhibeat

470 5132 832 5197 monasteriis,
862 5142 916 5187 et
938 5146 1097 5201 super
1126 5146 1188 5189 ea
1218 5132 1371 5200 plena
1399 5128 1625 5200 gaudeat
1655 5129 1917 5187 libertate.
1950 5129 2055 5185 Cu-

467 5228 555 5299 jus
586 5212 898 5297 rectores'et
926 5226 1042 5289 ﬁlii,
1071 5232 1364 5294 praesentes
1394 5232 1449 5278 et
1488 5222 1808 5289 successuri,
1852 5232 2054 5278 tantum

470 5320 573 5376 sub
602 5334 785 5389 regum
818 5317 1055 5372 cusmdta
1083 5316 1255 5385 positi,
1279 5314 1697 5369 admonitionem
1719 5314 1889 5369 sancti
1914 5314 2052 5369 Petri

473 5421 528 5467 et
557 5426 924 5469 successorum
958 5426 1171 5468 suorum
1202 5410 1357 5480 hujus
1396 5419 1594 5465 sanctae
1626 5409 1879 5463 Romanae
1906 5409 2049 5463 sedis

472 5504 779 5575 pontiﬁcum
820 5504 1136 5561 auctoritate
1179 5503 1525 5573 proclament.
1577 5501 1646 5556 Et
1690 5502 1735 5555 si
1790 5501 2053 5556 incumbit

475 5596 785 5665 necessitas,
815 5597 1027 5652 adeant.
1060 5596 1228 5666 Hujus
1254 5597 1331 5651 rei
1359 5595 1525 5665 gratia
1550 5594 1800 5649 fratribus
1820 5595 2050 5665 dirigen-

474 5684 557 5740 dis
585 5685 638 5740 in
668 5688 749 5739 via
780 5689 913 5741 tanti
934 5687 1137 5753 itineris
1154 5687 1259 5742 ﬁlia
1278 5695 1461 5742 nostra
1485 5686 1843 5743 Brunicbildis
1867 5688 2047 5758 regina

476 5792 543 5832 xx
575 5790 790 5833 mansos
819 5778 1096 5846 ingenuos,
1125 5788 1178 5835 et
1218 5778 1435 5837 totidem
1466 5780 1715 5845 serviles,
1746 5789 1936 5836 cuncta
1964 5781 2048 5836 in—

2161 4667 2266 4731 ris,
2320 4667 2453 4722 liber
2492 4682 2646 4722 suum
2698 4671 3077 4725 monaSterium
3126 4680 3351 4741 repetat.
3414 4672 3551 4729 llrc
3604 4678 3751 4746 igitur

2161 4759 2358 4821 omnia,
2392 4775 2508 4829 quze
2538 4758 2695 4831 hujus
2723 4762 3031 4832 apostolica:
3062 4765 3395 4821 auctoritatis
3442 4777 3504 4823 et
3559 4782 3751 4825 nostra

2160 4854 2533 4923 praeceptionis
2556 4852 2832 4924 privilegio
2856 4855 3215 4920 continentur,
3241 4858 3454 4924 pra‘fati
3477 4872 3753 4915 tuooaste-

2162 4943 2225 4999 rii
2255 4945 2550 4999 rectoribus
2578 4955 2633 5000 et
2658 4946 2801 5015 ﬁliis,
2836 4948 3186 5015 prmsentibus
3212 4960 3265 5004 et
3308 4950 3531 5019 futuris,
3564 4966 3619 5009 et
3646 4971 3752 5009 om-

2161 5038 2317 5094 nibus
2370 5040 2703 5105 monasteriis
2740 5039 2840 5109 ipsi
2897 5040 3016 5098 loco
3066 5042 3320 5112 subjectis
3367 5046 3455 5100 vel
3507 5050 3748 5111 sociatis,

2159 5129 2261 5185 sub
2286 5132 2629 5189 anathemate
2659 5131 2920 5189 servanda
2986 5134 3380 5190 constituimus.
3414 5137 3473 5192 Si
3504 5141 3636 5207 quis
3664 5156 3752 5193 au-

2157 5234 2264 5280 tem
2288 5239 2491 5295 regum,
2524 5226 2843 5288 antistitum,
2871 5226 3129 5295 judicum,
3174 5229 3258 5283 vel
3304 5245 3749 5302 quarumcunque

2155 5317 2490 5371 saecularium
2524 5330 2908 5384 personarum,
2938 5318 3096 5389 hujus
3118 5319 3423 5389 apostolicis
3453 5327 3747 5378 auctorita-

2157 5409 2227 5464 tis
2263 5418 2319 5464 et
2369 5419 2564 5465 nostra:
2617 5412 2988 5481 praceptionis
3039 5411 3257 5467 decreta
3306 5412 3621 5483 violaverit,
3664 5428 3747 5470 ast

2157 5504 2570 5569 contradixerit,
2617 5515 2707 5558 aut
2756 5505 3086 5575 negligenter
3128 5506 3359 5572 duxerit,
3413 5509 3499 5563 vel
3561 5511 3745 5563 fratres

2155 5596 2553 5665 inquietaverit,
2588 5597 2670 5652 vel
2702 5598 3119 5666 conturbaverit,
3151 5599 3233 5654 vel
3264 5600 3421 5655 aliter
3452 5603 3737 5659 ordinave-

2154 5688 2245 5755 rit,
2279 5688 2639 5761 cujuscunque
2660 5689 2928 5761 dignitatis
2960 5692 3041 5747 vel
3073 5693 3417 5752 sublimitatis
3447 5697 3540 5763 sit,
3576 5701 3738 5750 hono-

2155 5796 2215 5838 re
2243 5795 2339 5838 suo
2368 5779 2617 5852 privetur.
2648 5791 2701 5839 et
2724 5791 2782 5838 ut
2809 5784 3086 5842 catholicae
3116 5785 3239 5843 ﬁdei
3266 5786 3619 5858 depravasor,
3654 5791 3732 5845 vel
