3928 6342
880 230 1001 239 νντσοέν

453 291 593 354 1535

1423 288 1768 349 APPENDIX
1807 290 1898 345 Al)
1939 290 1996 345 S.
2039 285 2365 345 GREGORII
2403 284 2797 344 EPISTULAS.

3608 283 3739 342 {336

520 410 576 464 lu
607 417 791 465 sancta
822 409 1064 465 Romana
1098 406 1334 465 Ecclesia
1366 406 1562 475 (σταίη
1595 411 1714 459 dist.
1746 404 1837 472 92,
1870 422 1917 458 c.
1946 402 2037 473 2),
2064 404 2119 465 Α
2146 402 2245 457 bus
2273 401 2560 467 aestimant,
2595 413 2702 454 non
2743 397 2973 468 judicio,
3012 399 3108 456 sed
3137 399 3391 456 manibus
3415 399 3736 457 defendant.

447 502 535 556 cui
565 501 744 557 divina
772 502 1101 572 dispensatio
1125 513 1355 570 praeesse
1376 513 1462 553 me
1482 498 1671 563 voluit,
1690 498 1891 553 dudum
1910 511 2042 552 con-

444 596 680 652 suetudo
706 606 792 652 est
816 597 972 651 valde
988 592 1424 664 reprehensibilis
1451 604 1660 657 exorta,
1684 601 1742 646 ut
1767 600 1790 629 ο
1820 590 2035 660 quidam

446 687 516 742 ad
548 689 689 743 sacri
716 688 899 743 altaris
927 686 1281 741 ministerium
1312 694 1564 739 cantores
1591 683 1873 754 eligantur,
1900 689 1957 735 et
1985 681 2037 735 iu

446 782 761 840 diaconatus
790 783 980 839 ordine
1005 782 1281 838 constituti
1310 780 1660 836 modulationi
1688 779 1835 834 vocis
1863 779 2037 832 inser-

445 874 626 944 viant,
654 890 789 946 quos
831 876 898 929 ad
951 874 1347 945 praedicationis
1395 872 1628 928 officium
1674 872 2041 939 eleemosyna-

446 981 679 1037 rumque
699 966 937 1022 studium
963 980 1157 1021 vacare
1178 964 1525 1037 congruebat.
1553 963 1705 1020 Unde
1731 962 1787 1016 ﬁt
1810 964 2041 1032 plerum-

442 1073 552 1129 que
604 1069 662 1114 ut
707 1059 775 1115 ad
836 1071 1049 1115 sacrum
1099 1059 1453 1113 ministerium
1512 1058 1635 1111 dum
1690 1056 1879 1111 blanda
1934 1070 2038 1110 vox

354 1168 363 1175 '
448 1136 669 1225 128's
705 1155 992 1222 quaeritur,
1023 1154 1187 1221 qumri
1218 1165 1451 1223 congrua
1481 1151 1589 1204 vita
1622 1150 1943 1218 negligatur,
1980 1156 2038 1204 et

441 1258 635 1303 cautor
665 1250 911 1303 minister
940 1249 1108 1305 Deum
1140 1249 1379 1303 moribus
1408 1247 1682 1313 stimulet,
1710 1262 1829 1301 cum
1860 1261 2039 1316 popu-

442 1341 556 1396 lum
588 1341 807 1397 vocibus
843 1342 1097 1398 delectat.
1148 1342 1263 1408 Qua
1304 1342 1357 1396 in
1410 1357 1469 1396 re
1516 1340 1767 1411 praesenti
1818 1339 2038 1395 decreto

443 1435 716 1488 constituo
747 1444 801 1487 ut
828 1434 880 1488 in
907 1437 1007 1489 hac
1035 1434 1165 1489 sede
1188 1434 1324 1489 sacri
1354 1434 1538 1488 altaris
1565 1434 1792 1488 ministri
1821 1443 2037 1489 cantare

443 1538 551 1579 non
574 1524 822 1591 debeant,
853 1523 872 1562 ί
897 1526 1179 1595 solumque
1194 1526 1513 1597 evangelicae
1538 1525 1782 1579 lectionis
1802 1524 2036 1581 ofﬁcium

440 1616 583 1670 inter
611 1617 897 1672 missarum
926 1619 1187 1673 solemnia
1214 1619 1516 1673 exsolvant.
1552 1618 1790 1672 Psalmos
1821 1633 1952 1673 vero
1973 1631 2037 1672 ac

441 1708 679 1777 reliquas
710 1710 968 1766 lectiones
997 1726 1194 1765 censeo
1226 1726 1319 1777 per
1346 1709 1721 1774 subdiaconos,
1752 1710 1834 1763 vel
1865 1709 1911 1763 si
1940 1724 2037 1763 ne-

2143 492 2355 547 Etcum
2403 506 2499 559 per
2527 490 2906 559 praedicatores
2932 504 3059 546 suos
3094 490 3305 547 Veritas
3344 490 3492 546 dicat
3524 508 3544 546 :
3594 492 3741 548 Mhi

2144 602 2235 655 per
2287 585 2659 640 contentionem
2702 582 2928 653 (Philip.
2980 599 3043 649 ll,
3074 584 3154 655 ὅ),
3185 586 3347 640 etiam
3414 585 3596 654 ipsum
3631 585 3739 640 liti.

2140 677 2303 745 giosas
2331 673 2693 729 contentionis
2726 673 2924 727 malum
2958 674 3371 737 transcendunt;
3404 685 3459 728 et
3481 689 3574 728 res
3596 690 3741 742 qua-

2141 766 2272 822 libet
2300 780 2420 821 cum
2463 766 2761 820 aestimatur
2793 765 3050 819 Ecclesiae
3082 779 3238 833 posse
3267 775 3620 834 competere,
3652 781 3742 833 per

2140 860 2247 913 vim
2279 867 2514 915 tenetur.
2548 857 2778 913 Proinde
2810 858 3061 928 praesenti
3115 857 3333 912 decreto
3359 859 3647 913 constituo
3689 869 3742 913 ut

2140 953 2187 1008 si
2213 952 2333 1022 quis
2364 950 2861 1006 ecclesiasticarum
2907 965 3139 1018 unquam
3171 951 3355 1004 titulos
3386 964 3605 1019 ponere
3632 951 3741 1006 sive

2140 1045 2196 1101 in
2242 1045 2443 1099 rustico
2473 1045 2589 1099 sive
2634 1042 2690 1099 in
2730 1044 2935 1098 urbano
2982 1042 3184 1114 przedio
3211 1058 3311 1098 sua
3357 1052 3565 1114 sponte
3608 1058 3740 1112 pra:-

2139 1145 2459 1211 sumpserlt,
2500 1140 2780 1196 anathema
2809 1139 2898 1195 sit.
2932 1140 2999 1193 Et
3038 1139 3437 1209 responderunt
3479 1154 3677 1193 omnes
3722 1157 3738 1191 :

2140 1234 2443 1291 Aoathema
2456 1235 2547 1289 sit.
2570 1233 2621 1288 ls
2643 1243 2821 1289 autem
2851 1233 2940 1303 qui
2957 1232 3210 1288 Ecclesia!
3224 1241 3425 1302 praeest
3452 1231 3497 1286 si
3530 1234 3637 1287 hoc
3661 1234 3735 1286 vel

2139 1328 2255 1397 ipse
2285 1327 2398 1383 ﬁeri
2423 1326 2754 1395 pmceperit,
2779 1326 2863 1381 vel
2883 1326 3002 1381 sine
3022 1339 3117 1380 sua
3141 1333 3511 1395 praeceptione
3544 1324 3735 1378 factum

2139 1420 2296 1491 digna
2330 1418 2520 1488 punire
2567 1419 3033 1475 animadversione
3073 1418 3389 1488 neglexerit,
3447 1418 3735 1474 anathema

2139 1512 2229 1569 sit.
2263 1512 2331 1566 Et
2352 1510 2747 1581 responderunt
2800 1525 2983 1565 omnes
3014 1525 3031 1564 :
3060 1510 3360 1565 Anathema
3393 1510 3489 1564 sit.

2208 1607 2266 1663 4.
2317 1606 2467 1663 Sicut
2494 1605 2739 1675 indignos
2782 1618 2881 1659 nos
2922 1604 3060 1660 beati
3101 1604 3333 1673 apostoli
3380 1603 3542 1658 Petri
3588 1618 3730 1659 rere-

2140 1702 2311 1757 rentia
2342 1714 2495 1755 mens
2543 1697 2779 1753 ﬁdelium
2836 1706 3139 1761 veneratur,
3176 1698 3245 1750 ita
3295 1706 3551 1751 nostram
3601 1696 3735 1749 inﬁr-

434 1803 667 1855 ccssitas
698 1800 879 1867 fuerit,
913 1818 1009 1871 per
1038 1803 1273 1859 minores
1302 1802 1516 1857 ordines
1545 1802 1807 1857 exhiberi.
1844 1802 1898 1857 Si
1922 1803 2028 1871 quis

2147 1793 2386 1849 mitatem
2434 1789 2589 1845 decet
2636 1790 2988 1858 semetipsam
3045 1802 3258 1856 semper
3297 1800 3646 1856 agnoscere,
3686 1796 3734 1840 et

435 1901 619 1949 autem
645 1906 834 1950 contra
862 1898 965 1951 hoc
986 1897 1261 1953 decretum
1294 1912 1471 1952 meum
1501 1898 1683 1952 venire
1713 1899 2030 1968 tentaverit,

439 1988 724 2041 anathema
744 1989 835 2045 sit.
862 1990 929 2044 Et
949 2006 1137 2047 omnes
1160 1992 1590 2062 responderunt:
1617 1991 1912 2047 Anathema
1939 1993 2030 2048 sit.

509 2079 565 2133 2.
596 2089 623 2127 ε
658 2080 1005 2138 Verecundus
1026 2099 1143 2138 mos
1174 2094 1416 2151 tempore
1443 2085 1840 2140 indiscretionis
1865 2086 2035 2140 inole-

439 2168 534 2233 vit,
565 2177 624 2223 ut
650 2169 815 2241 hujus
838 2173 983 2228 sedis
1014 2174 1357 2243 pontiﬁcibus
1385 2173 1415 2211 ¹ι
1457 2176 1525 2231 ad
1566 2184 1772 2231 secreta
1802 2176 2032 2232 cubiculi

433 2261 657 2316 servitia
709 2264 833 2319 laici
891 2268 1041 2333 pueri
1090 2282 1153 2322 ac
1198 2268 1483 2323 smculares
1532 2268 1928 2336 obsequantur;
1979 2276 2034 2323 et

433 2351 615 2422 (στω.
642 2353 697 2419 2,
744 2372 799 2424 ᾳ.
828 2356 885 2421 7,
917 2373 965 2411 ο.
1017 2358 1110 2429 58)
1142 2374 1261 2413 cum
1302 2360 1532 2428 pastoris
1580 2373 1686 2414 vita
1716 2375 1840 2416 esse
1871 2360 2034 2416 disci—

436 2446 580 2516 pulls
601 2462 819 2517 semper
847 2450 1042 2506 debeat
1089 2452 1143 2506 in
1191 2453 1461 2522 exemplo,
1504 2453 1821 2524 plerumque
1849 2454 2030 2510 clerici

439 2538 613 2608 qualis
668 2541 725 2594 in
770 2551 979 2597 secreto
1008 2543 1079 2598 sit
1125 2544 1234 2598 vita
1286 2545 1369 2599 sui
1416 2544 1684 2613 pontiﬁcis
1740 2546 2027 2615 nesciunt,

438 2646 599 2700 quam
632 2640 836 2699 tamen,
866 2643 926 2688 ut
955 2634 1158 2691 dictum
1190 2647 1296 2702 est,
1330 2638 1482 2707 pueri
1513 2638 1691 2694 sciunt
1722 2641 2024 2696 saeculares.

438 2720 517 2775 De
546 2736 649 2790 qua
677 2737 741 2777 re
777 2724 1033 2793 praesenti
1069 2725 1291 2783 decreto
1320 2730 1589 2784 constituo
1614 2739 1673 2785 ut
1702 2730 1918 2800 quidam
1962 2746 2029 2787 ex

434 2812 651 2869 clericis
674 2814 756 2868 vel
795 2815 959 2870 etiam
989 2832 1061 2872 ex
1090 2819 1371 2875 monachis
1412 2819 1570 2876 electi
1611 2820 1912 2877 ministerio
1937 2836 2032 2876 cu-

434 2904 597 2959 biculi
627 2906 949 2975 pontiﬁcalis
976 2910 1369 2981 obsequantur,
1427 2922 1484 2967 ut
1511 2912 1558 2968 is
1585 2914 1673 2983 qui
1702 2914 1756 2968 in
1787 2914 1905 2969 loco
1947 2924 2032 2970 est

435 2998 716 3068 regiminis
758 3000 953 3059 habeat
984 3011 1151 3060 testes
1192 3006 1331 3061 tales
1373 3004 1467 3075 qui
1495 3005 1661 3062 vitam
1708 3006 1825 3073 ejus
1855 3007 1908 3060 in
1946 3020 2032 3061 se.

433 3099 585 3145 creta
623 3096 1039 3152 conversatione
1090 3096 1328 3165 videant,
1379 3107 1436 3154 et
1474 3113 1544 3154 ex
1590 3098 1797 3154 visione
1842 3098 2026 3155 sedula

431 3182 743 3251 exemplum
773 3184 1044 3254 profectus
1072 3195 1308 3242 sumant.

510 3274 566 3329 3.
598 3276 944 3333 Consuetudo
983 3293 1120 3333 nova
1162 3282 1215 3353 in
1248 3280 1491 3336 Ecclesia
1523 3280 1622 3337 hac
1652 3281 1824 3355 (Crat.
1851 3283 1938 3352 16,
1975 3301 2027 3354 q.

440 3368 496 3436 6,
525 3384 573 3423 c.
604 3368 659 3439 l)
683 3378 741 3424 et
786 3368 939 3425 valde
959 3372 1401 3441 reprehensibilis
1439 3376 1637 3443 erupit,
1658 3408 1661 3411 -
1686 3386 1745 3431 ut
1794 3393 1913 3433 cum
1944 3394 2033 3435 rc-

438 3468 614 3515 ctores
643 3459 762 3531 ejus
788 3462 1095 3531 patrimonii
1125 3463 1328 3519 urbana
1357 3465 1444 3522 vel
1470 3466 1669 3523 rustica
1704 3470 1902 3537 praedia
1923 3471 2031 3539 juri

434 3551 581 3607 allius
605 3563 916 3625 competere
939 3569 1097 3623 posse
1125 3556 1489 3626 suspicantur,
1528 3556 1544 3597 ί
1580 3561 1745 3615 liscali
1786 3578 1936 3617 more
1965 3564 2031 3618 ti-

430 3645 579 3701 tulos
608 3646 936 3716 imprimam,
962 3657 1123 3717 atque
1145 3648 1246 3705 hoc
1274 3650 1419 3720 quod
1444 3662 1752 3721 competere
1782 3656 2026 3723 pauperi-

429 3781 593 3853 pauci
623 3785 865 3857 suntqui
897 3801 1002 3840 non
1026 3797 1355 3855 agnoscant;
1392 3797 1445 3843 at
1472 3789 1662 3857 injuria
1689 3790 1884 3845 factum
1910 3808 2037 3846 cau-

430 3861 646 3927 santur,
677 3863 736 3907 ut
763 3856 966 3925 aliquot
998 3861 1355 3926 posteriorum
1390 3856 1719 3927 synodorum
1752 3864 2041 3918 auctorita-

433 3932 550 4004 tem
581 3923 815 3987 elevent,
842 3923 1151 4004 quasivero
1195 3923 1521 4004 inconciliis
1546 3934 1908 4004 apostolorum
1954 3948 2039 3989 se-

429 3998 617 4048 niores
645 4008 749 4049 non
780 3998 1036 4061 sederint,
1068 4008 1161 4054 aut
1180 4001 1416 4056 sederint
1460 3998 1609 4060 inuti.
1630 4002 1891 4059 Gu~smv.

514 4072 539 4101 ο
567 4062 860 4146 Gregorius
896 4067 1153 4146 _'l‘uron._,
1202 4072 1270 4126 de
1319 4074 1650 4146 presbyteris
1697 4077 2035 4146 etidiaconis

428 4135 757 4212 canentibus
802 4138 964 4212 multa
1013 4139 1214 4206 profert
1261 4135 1505 4212 exempla
1538 4144 1576 4196 l.
1609 4160 1702 4198 vui
1731 4145 1893 4212 Hist.,
1922 4164 1970 4202 c.
2002 4147 2036 4201 3

428 4217 487 4261 et
518 4206 875 4279 thusssnv.
909 4209 1051 4279 Lege
1074 4218 1254 4266 notam
1284 4212 1389 4264 252
1420 4206 1484 4267 ad
1517 4213 1666 4269 Libr.
1701 4206 1942 4274 Sacrani.

514 4276 825 4353 {Quamvis
871 4276 1167 4348 antiquitus
1214 4283 1560 4353 Evangelium
1591 4301 1619 4339 a
1652 4287 1946 4343 lectoribus
1979 4289 2032 4345 in

432 4347 653 4431 publico
685 4349 1091 4431 ﬁdeliumcmtu
1122 4347 1407 4431 legeretur,
1442 4366 1586 4431 u_t_cx
1619 4357 1827 4413 duabus
1859 4368 2027 4427 potis-

436 4421 1211 4500 simum__(§ypriani_epistolis
1258 4424 1328 4500 βξ
1374 4436 1429 4481 et
1458 4427 1529 4480 54
1560 4437 1731 4495 patet;
1789 4421 2031 4500 tempore

432 4490 963 4566 {anteupﬂieronymi
992 4490 1211 4563 Ceperat
1256 4496 1308 4550 id
1358 4490 1598 4553 muneris
1646 4490 1918 4566 pertinere
1964 4504 2031 4557 ad

430 4558 714 4635 diaconOs,
766 4572 825 4617 ut
856 4558 1009 4635 'satis
1061 4558 1263 4621 iudicat
1306 4572 1448 4635 quod
1500 4558 1788 4623 Sabiniano
1840 4574 2031 4628 scribit

2138 1884 2384 1953 impense
2404 1881 2503 1936 sibi
2526 1882 2886 1936 venerationis
2911 1894 3074 1935 onera
3102 1879 3403 1934 declinare.
3449 1878 3532 1932 Ex
3555 1892 3731 1933 amore

2136 1976 2334 2048 quippe
2382 1973 2618 2030 ﬁdelium
2672 1972 2834 2043 hujus
2881 1971 3027 2027 sedis
3070 1972 3375 2027 rectoribus
3428 1984 3557 2025 mos
3611 1970 3727 2023 ultra

2137 2068 2389 2125 meritum
2433 2067 2640 2135 erupit,
2672 2074 2727 2119 ut
2776 2078 2898 2120 cum
2944 2078 3129 2119 eorum
3184 2076 3420 2131 corpora
3476 2062 3731 2116 humanda

2142 2161 2355 2233 1290
2381 2159 2695 2216 deferuntur
2714 2200 2729 2226 ,
2764 2158 2879 2212 haec
2904 2155 2932 2195 ¹ι
2958 2156 3259 2211 dalmaticis
3312 2164 3652 2224 conlegam,
3688 2162 3734 2207 et

2135 2265 2352 2308 easdem
2396 2250 2711 2307 dalmaticas
2742 2264 2838 2319 pro
2882 2256 3184 2305 sanctitatis
3240 2257 3567 2302 reverentia
3615 2247 3734 2300 sibi-

2135 2357 2243 2400 met
2264 2343 2571 2414 partiendas
2596 2342 2824 2412 populus
2844 2340 3091 2404 scindat;
3124 2350 3175 2394 et
3200 2354 3329 2394 cum
3361 2338 3557 2393 adsint
3582 2346 3734 2393 multa

2134 2457 2164 2497 a
2192 2442 2357 2497 sacris
2385 2440 2705 2509 corporibus
2728 2436 3099 2509 apostolorum
3133 2443 3566 2506 martymmque
3600 2437 3733 2488 vela.

2134 2536 2301 2601 mina,
2334 2550 2362 2587 a
2392 2544 2732 2603 peccatorum
2762 2545 2989 2599 corpore
3036 2529 3271 2584 sumitur
3294 2528 3449 2599 quod
3499 2542 3601 2597 pro
3639 2542 3739 2580 ma-

2133 2642 2236 2698 gna
2254 2628 2549 2683 reverentia
2570 2633 2878 2680 reservatur
2903 2623 3004 2677 :de
3032 2637 3135 2692 qua
3157 2637 3217 2676 re
3241 2621 3512 2689 presenti
3531 2622 3737 2675 decreto

2134 2719 2403 2775 constituo
2454 2726 2515 2773 ut
2544 2717 2800 2772 feretrum
2830 2731 2936 2786 quo
2967 2715 3193 2771 Romani
3226 2715 3521 2784 pontificis
3550 2728 3737 2781 corpus

2135 2809 2203 2866 ad
2227 2808 2595 2880 sepeliendum
2620 2808 2837 2863 ducitur
2866 2806 3016 2861 nullo
3045 2806 3280 2877 tegmine
3310 2805 3556 2860 veletur.
3575 2805 3734 2870 Quam

2133 2904 2336 2960 decreti
2379 2903 2486 2958 mei
2532 2916 2718 2957 curam
2764 2915 2955 2973 gerere
2982 2900 3130 2956 sedis
3169 2899 3335 2971 hujus
3388 2902 3740 2971 presbyteros

2134 3011 2199 3053 ac
2245 2996 2499 3050 diaconos
2542 3008 2763 3050 censeo.
2794 2994 2851 3048 Si
2888 2994 3008 3061 quis
3041 3007 3171 3049 vero
3200 3009 3269 3049 ex
3301 3009 3505 3049 eorum
3555 2994 3744 3049 ordine

2136 3086 2255 3144 hzec
2279 3100 2473 3141 curare
2501 3082 2827 3157 neglexerit,
2879 3084 3167 3140 anathema
3198 3085 3292 3141 sit.
3330 3084 3403 3140 Et
3444 3088 3745 3155 responde-

2057 3190 2106 3255 ο
2135 3192 2260 3238 runt
2289 3194 2477 3236 omnes
2505 3196 2519 3233 :
2563 3178 2865 3234 Anathema
2897 3179 2988 3232 sit.

2210 3272 2265 3327 5.
2298 3274 2587 3342 Antiquam
2620 3271 2838 3326 Patrum
2870 3269 3110 3341 regulam
3159 3284 3423 3340 sequens,
3457 3270 3606 3326 nihil
3652 3286 3747 3326 tm-

2137 3382 2296 3439 quam
2326 3367 2393 3421 de
2419 3364 2858 3421 ordinationibus
2883 3364 3253 3435 accipiendum
3285 3379 3413 3421 esse
3440 3366 3741 3431 constituo,

2138 3476 2312 3531 neque
2340 3476 2405 3516 ex
2436 3461 2655 3514 datioue
2682 3459 2857 3531 pallii,
2891 3474 3062 3528 neque
3088 3473 3153 3515 ex
3197 3459 3503 3515 traditione
3534 3459 3747 3515 charta-

2136 3570 2281 3620 rum,
2312 3567 2487 3622 neque
2511 3567 2577 3607 ex
2609 3567 2672 3607 ea
2698 3566 2859 3621 quam
2891 3566 3027 3607 nova
3060 3566 3156 3620 per
3184 3550 3554 3607 ambitionem
3579 3552 3747 3607 sima-

2137 3649 2267 3709 latio
2307 3645 2518 3704 invenit
2546 3646 2907 3715 appellatione
2933 3641 2953 3682 ι
3006 3644 3240 3714 pastelli.
3268 3644 3415 3712 Quia
3443 3645 3604 3700 enim
3646 3660 3747 3700 or-

2145 3786 2448 3846 .Etherium
2482 3785 2793 3855 episcopum
2847 3783 3235 3839 Lexoviensem
3285 3782 3561 3839 habuisse
3604 3786 3745 3840 circa

2143 3860 2339 3916 lectum
2365 3871 2520 3912 suum
2553 3858 2752 3910 multos
2780 3854 2946 3911 lectos
2975 3856 3315 3910 clericorum.

2214 3928 2242 3968 λι
2275 3930 2423 3985 ldcm
2456 3929 2636 3982 multis
2661 3926 2780 3981 aliis
2810 3927 2861 3981 in
2890 3927 3135 3981 conciliis
3160 3935 3425 3998 statutum
3453 3942 3621 3998 pauci
3650 3944 3744 3983 ex-

2141 4010 2459 4073 sequuntur.
2494 3998 2853 4073 _Vide_co_nci_l.
2908 3997 3199 4073 Paris._a_u.
3232 3996 3367 4063 829,
3419 3996 3472 4054 cl
3513 4002 3608 4073 19,
3654 4000 3743 4062 20,

2139 4069 2234 4129 2i.
2268 4072 2465 4126 llident
2495 4069 2669 4138 impii,
2703 4069 2989 4137 deplorant
3019 4070 3088 4137 pii
3139 4069 3280 4125 inter
3311 4079 3529 4125 tantam
3560 4072 3745 4125 dome-

2143 4145 2398 4198 sticorum
2432 4141 2668 4209 turbam,
2699 4144 2787 4210 qui
2822 4141 3091 4194 nonnullis
3118 4140 3450 4196 famulantur
3481 4142 3745 4198 ecclesia-

2142 4215 2313 4279 Sticis,
2347 4213 2432 4266 vix
2459 4228 2623 4266 unum
2655 4221 2748 4265 aut
2775 4211 2999 4265 alterum
3029 4210 3264 4267 clericali
3305 4222 3486 4279 veste,
3517 4228 3741 4281 corona,

2143 4296 2365 4339 tonsura
2398 4284 2701 4352 insignitum
2740 4284 2982 4354 reperiri,
3016 4298 3137 4336 cum
3170 4290 3348 4338 tamen
3393 4286 3746 4354 episcopales

2141 4360 2308 4422 aedes,
2341 4356 2384 4408 si
2417 4368 2652 4409 canones
2681 4352 2950 4416 audimus,
2984 4354 3301 4407 clericorum
3334 4352 3460 4410 esse
3511 4357 3746 4411 debeant

2140 4426 2429 4491 domicilia,
2467 4439 2571 4479 non
2617 4425 2811 4491 palatia
2846 4425 3120 4478 laicorum.
3156 4422 3293 4490 Quid
3320 4428 3367 4478 si
3401 4442 3518 4481 non
3569 4427 3638 4480 ad
3662 4443 3744 4481 se-

2142 4509 2287 4553 crela
2321 4497 2479 4551 modo
2511 4496 2741 4550 cubiculi
2787 4497 3001 4550 servitia
3032 4504 3210 4549 astant
3240 4497 3359 4550 laici
3417 4498 3618 4565 pueri,
3650 4499 3741 4553 sed

2139 4578 2194 4625 et
2224 4570 2287 4622 ad
2324 4569 2598 4622 tremenda
2630 4566 2770 4621 sacri
2802 4567 2986 4621 altaris
3007 4569 3262 4637 mysteria
3296 4569 3623 4622 ministrant
3650 4584 3742 4637 pro

429 4641 655 4686 sanctus
684 4622 877 4688 doctor
924 4654 937 4690 :
980 4634 1125 4690 Euan
1164 4622 1337 4691 elium'
1360 4622 1554 4693 Christi
1584 4622 1749 4709 quasi,
1772 4622 2029 4699 animi;
2056 4622 2109 4684 Ῑ)
2133 4622 2395 4711 acolythis
2431 4638 2763 4707 pedissequi,
2812 4650 2877 4691 an
2930 4622 3265 4693 consuetudo
3308 4622 3667 4694 excusabit?
3691 4622 3739 4694 id

430 4702 717 4758 lectitabaa.
749 4703 829 4758 Ex
855 4707 1065 4760 concilii
1097 4654 1344 4761 lqiletani
1376 4726 1414 4761 ι.
1448 4724 1571 4761 can.
1620 4710 1673 4761 2.
1713 4713 1923 4761 nrobari
1947 4715 2028 4761 vi-
2133 4713 2236 4761 illis
2261 4711 2349 4761 oui
2378 4710 2720 4761 reformando
2747 4708 2893 4761 clero
2918 4708 3201 4761 invigilant
3224 4709 3641 4761 discutiendum
3666 4726 3739 4761 re

430 4702 1065 4779 tectitaliaaLExgconcilii
1097 4702 1344 4764 Toletani
1376 4726 1414 4775 ι,
1448 4724 1571 4765 can.
1596 4702 1673 4771 '2,
1712 4713 1924 4779 probari
1947 4715 2028 4768 vi-

430 4770 594 4826 detur
623 4775 675 4851 in
725 4774 966 4851 Ecclesia
1001 4778 1281 4846 Hispanico
1319 4770 1906 4851 perseverasse'usque
1956 4787 2023 4840 ad

434 4856 478 4924 Σ
504 4844 760 4924 saeculum
814 4844 1111 4924 antiquum:
1145 4844 1371 4924 morem,
1429 4863 1483 4906 et
1537 4853 1765 4907 lectores
1818 4844 2025 4924 iegeudi

432 4910 917 4984 EVangeliicuram
942 4910 1214 4996 habuisse.
1240 4910 1599 4996 Sozonienus,
1620 4926 1710 4979 lib.
1742 4940 1838 4996 vn,
1858 4910 2021 4996 5.19,

428 4998 870 5064 commemorans
899 4990 1115 5064 eosqui
1145 4991 1329 5061 legunt
1374 4990 1723 5062 Evangelium
1764 4990 2026 5052 iu'cccle;

433 5056 538 5133 sia,
572 5056 866 5133 secundum
900 5056 1077 5133 varios
1115 5056 1471 5117 aut'locorum
1503 5056 1597 5118 aut
1626 5075 1925 5133 temporum
1952 5070 2025 5121 ri-

433 5131 554 5205 tus,
595 5128 834 5195 assignat
860 5130 1171 5205 episcopum
1192 5172 1209 5205 ,_
1238 5134 1698 5205 archidiaconum,
1731 5128 2022 5205 diaconos;

431 5203 490 5249 at
542 5195 812 5273 lectorum
840 5195 978 5273 n_on_
995 5195 1258 5258 meminit.
1304 5204 1416 5259 lloc
1460 5195 1696 5273 primum
1744 5195 2023 5264 decretum

432 5279 543 5321 non
570 5276 658 5345 est
687 5268 741 5322 in
772 5268 906 5345 Cod.
940 5268 1200 5345 Capucin.
1234 5268 1560 5345 Rothoning.

507 5345 534 5383 Ι
562 5338 832 5413 Corrupto
864 5341 914 5395 in
947 5338 1218 5399 nonnullis
1250 5338 1884 5413 Excusisfverecundum
1914 5366 2025 5405 mos

433 5412 691 5491 torporem
717 5412 1095 5491 indiscretionis
1109 5416 1335 5491 invaluit.
1369 5412 1666 5483 Enoodius,
1690 5423 1947 5489 opusculo
1969 5422 2025 5488 7,

431 5482 678 5561 meminit
706 5482 979 5561 cujusdam
1031 5488 1272 5556 prwcopti
1303 5503 1408 5557 quo
1457 5498 1514 5542 ut
1562 5482 1751 5545 omnes
1778 5482 2018 5561 episc0pi

430 5548 730 5631 cellulanos
774 5548 1043 5631 haberent
1087 5548 1484 5631 cautum-erat.
1510 5630 1513 5631 ν
1539 5561 1593 5615 ld
1624 5548 1827 5615 iactum.
1869 5548 2018 5631 putat

432 5616 775 5702 Sirtiiondus,
808 5626 889 5702 vel
921 5639 950 5677 a
986 5641 1141 5694 papa,
1184 5628 1263 5702 vel
1294 5644 1321 5681 a
1349 5630 1577 5700 synodo,
1609 5616 2018 5688 occasioneca;

435 5688 751 5771 [nimiarum
782 5688 1186 5771 qui.bus'_nuper
1216 5688 1576 5767 Symmachus
1630 5718 1763 5771 papa
1794 5717 2016 5760 vexatus

433 5759 627 5812 fuerat.
659 5758 951 5828 Gregorius
979 5758 1186 5820 Turon.
1236 5758 1400 5823 r'efert
1430 5773 1523 5831 lib.
1554 5790 1609 5834 vi
1631 5758 1805 5845 Illi'stq
1837 5758 1889 5831 c.
1918 5758 2013 5845 27,

2133 4713 2236 4765 illis
2256 4708 2349 4779 qui
2378 4710 2720 4764 reformando
2747 4708 2893 4764 clero
2918 4708 3201 4780 invigilant
3224 4709 3641 4765 discutiendum
3665 4726 3739 4767 re

2137 4782 2456 4850 linquimus.
2498 4780 2763 4835 Gbssuv.

2209 4853 2224 4889 ί
2256 4852 2331 4907 De
2360 4853 2549 4918 titulis,
2583 4852 2704 4904 vide
2733 4850 2825 4905 lib.
2853 4867 2893 4914 ι,
2924 4865 3012 4919 ep.
3045 4851 3138 4906 60.

2206 4921 2232 4960 ¹ί
2261 4924 2337 4977 De
2366 4922 2667 4977 dalmaticis
2686 4921 2796 4990 jam
2837 4923 3071 4977 diximus
3101 4922 3169 4977 ad
3197 4922 3356 4987 epist.
3401 4922 3509 4977 107
3538 4924 3642 4980 lib.
3664 4941 3738 4981 ix.

2132 4993 2383 5049 Veterum
2419 4994 2661 5065 mosfuit
2689 5003 2945 5065 mortuos
2959 4995 3184 5065 vestitos
3214 4994 3471 5062 sepelire,
3495 5005 3558 5049 et
3595 5012 3738 5065 smpe

2132 5065 2381 5135 pretiosis
2403 5064 2645 5135 vestibus
2673 5079 2892 5121 ornare.
2929 5063 3078 5119 Unde
3110 5065 3495 5134 Hieronymus,
3535 5069 3593 5121 in
3620 5063 3733 5121 Vita

2128 5134 2298 5191 Sancti
2331 5136 2477 5191 Pauli
2504 5154 2518 5188 :
2547 5134 2651 5191 Cur
2676 5145 2723 5189 et
2762 5146 2992 5190 mortuos
3018 5146 3209 5189 vestroa
3240 5148 3440 5189 auratis
3466 5139 3735 5195 obsolritit

2126 5207 2381 5260 aestibus?
2412 5205 2517 5260 Cur
2563 5206 2769 5260 ambitio
2796 5208 2946 5277 inter
2996 5206 3164 5259 luctus
3216 5216 3587 5277 tacrymasqate
3637 5228 3733 5265 non

2125 5279 2332 5332 cessat?
2360 5278 2441 5332 An
2466 5278 2720 5333 cadavera
2770 5276 2986 5331 divitum
3034 5278 3133 5331 nisi
3160 5278 3215 5332 in
3240 5276 3400 5332 serico
3434 5292 3733 5349 putrescere

2125 5350 2394 5403 nesciunt?

2206 5418 2224 5457 ι
2258 5418 2524 5474 Pastellus
2553 5434 2583 5474 a
2613 5434 2744 5475 voce
2772 5428 2977 5489 pastus,
3006 5433 3108 5491 qua
3132 5420 3455 5476 comessatio
3483 5432 3728 5477 antcon-

2126 5490 2325 5545 vivium
2348 5491 2686 5560 exprimitur.
2722 5492 2777 5545 In
2809 5494 3003 5547 concil.
3028 5490 3287 5554 Nannet.,
3312 5508 3364 5547 c.
3395 5492 3462 5547 l5
3491 5511 3505 5545 :
3536 5494 3725 5549 Pastas

2121 5578 2290 5615 autem
2345 5572 2391 5616 et
2436 5565 2863 5630 comessationes,
2903 5580 3028 5632 quas
3087 5564 3261 5617 divina
3302 5568 3603 5620 auctoritas
3642 5583 3721 5619 tae-

2120 5642 2215 5695 tat,
2248 5644 2353 5687 etc.
2389 5634 2443 5687 lu
2477 5633 2811 5705 Trosleiano,
2839 5648 2886 5687 c.
2918 5636 2950 5687 6
2996 5653 3007 5688 :
3044 5632 3235 5689 Census
3263 5651 3328 5688 ne
3350 5636 3414 5687 ab
3466 5639 3599 5705 ipsis
3639 5654 3719 5689 sa-

2120 5706 2411 5759 cerdotibus
2438 5704 2539 5777 sibi
2563 5708 2857 5772 exquirant,
2885 5714 2932 5759 et
2958 5707 3149 5759 neniis
3176 5722 3241 5759 ac
3270 5707 3433 5771 pastis
3456 5707 3532 5760 ref
3562 5724 3719 5777 para-

2118 5777 2319 5830 veredia
2348 5792 2439 5839 seu
2463 5776 2778 5831 caballorum
2810 5778 3219 5849 aagiuatiguibua
3242 5776 3571 5851 presbyteros
3600 5780 3711 5850 ιιθὲ
