3928 6342
47 352 74 407 Ι
86 354 225 409 337

1042 344 1389 401 APPENDIX
1428 343 1522 400 AD
1560 343 1621 400 S.
1660 337 1990 399 GBEGORII
2031 336 2424 395 EPISTOLAS.

3222 336 3360 395 I358

41 465 320 525 dinando
357 476 612 536 episcopo
656 460 892 533 pontifex
947 474 1161 515 manum
1203 459 1432 528 imponit
1475 455 1675 527 (Grat.,
1704 464 1755 522 Α
1780 462 1942 525 atque
1970 449 2312 508 conversatio
2342 451 2483 505 bono
2509 446 2782 504 desiderio
2829 448 2945 516 ejus
2988 446 3361 508 testimonium

44 560 87 615 Ξ
114 601 137 626 ,
207 578 258 629 q.
313 561 343 613 7
367 600 381 625 ,
433 578 483 615 c.
508 557 623 629 58),
681 558 1041 627 evangelicam
1073 569 1199 609 vero
1249 552 1533 609 lectionem
1564 552 1670 606 mi-

44 655 248 709 nister
310 652 475 719 legit,
521 650 943 707 continuationis
1000 656 1178 702 autem
1229 645 1346 716 ejus
1390 645 1669 715 epistolam

46 747 319 801 notarius
386 744 613 810 scribit,
663 743 807 798 sicut
854 742 1161 812 pontilicem
1212 756 1318 794 non
1364 739 1519 794 decet
1560 752 1674 793 ma-

46 855 206 893 num
258 853 416 906 quam
458 836 686 907 imponit
732 834 966 891 vendere
1025 835 1105 906 (l,
1143 850 1192 902 q.
1249 832 1306 903 2,
1365 850 1412 888 c.
1457 831 1515 902 4)
1542 871 1557 899 ,
1600 832 1672 887 ita

49 931 327 984 minister
356 928 438 984 vel
469 928 710 983 notarius
756 941 863 982 non
891 927 1050 983 debet
1100 927 1155 980 in
1193 925 1528 980 ordinatione
1556 924 1674 992 ejus

49 1038 268 1077 vocem
316 1037 470 1078 suam
518 1023 605 1078 vel
650 1022 913 1077 calamum
943 1021 1275 1078 venundare.
1327 1021 1431 1075 Pro
1460 1019 1674 1075 ordina-

54 1117 229 1169 tione
283 1128 436 1181 vero,
467 1115 550 1171 vel
582 1114 762 1184 pallio,
794 1128 890 1170 seu
937 1114 1160 1180 chartis,
1210 1123 1371 1184 atque
1422 1112 1672 1183 pastello,

54 1205 335 1260 eumdem
365 1204 459 1273 qui
506 1205 836 1261 ordinandus
884 1204 969 1261 vel
1001 1206 1276 1260 ordinatus
1320 1215 1405 1260 est
1456 1204 1675 1259 omnino

58 1297 285 1366 aliquid
322 1297 455 1353 dare
484 1297 764 1367 prohibeo.
798 1298 879 1352 Ex
907 1298 1100 1368 quibus
1130 1297 1405 1366 praedictis
1437 1297 1599 1352 rebus
1626 1296 1675 1351 si

58 1390 206 1460 quis
254 1390 381 1445 hinc
408 1390 613 1459 aliquid
643 1391 909 1446 commodi
942 1389 1304 1461 appellatione
1331 1389 1549 1460 exigere
1590 1390 1677 1445 vel

56 1481 298 1537 deferre
327 1481 466 1537 forte
496 1483 921 1553 praesumpserit,
951 1483 1003 1537 in
1035 1482 1278 1536 districto
1309 1482 1402 1535 Dei
1427 1481 1676 1550 omnipo-

62 1574 251 1629 tentis
282 1574 529 1628 examine
575 1584 725 1628 reatu
766 1574 1083 1644 subjacebit.
1122 1574 1171 1628 ls
1199 1582 1379 1628 autem
1411 1574 1501 1643 qui
1534 1574 1678 1627 ordi-

62 1673 248 1720 natus
280 1664 460 1732 fuerit,
486 1666 531 1719 si
556 1680 660 1720 non
689 1680 756 1720 ex
791 1666 1007 1735 placito,
1040 1680 1214 1736 neque
1240 1675 1479 1731 exactus,
1508 1678 1681 1733 neque

65 1758 310 1826 petitus,
365 1766 485 1825 post
532 1767 778 1826 acceptas
826 1757 1042 1812 chartas
1089 1764 1144 1812 et
1192 1757 1444 1826 pallium,
1477 1756 1679 1826 aliquid

1772 546 1971 611 lerunt,
2018 547 2222 615 absque
2272 544 2655 600 retractatione
2702 542 2910 597 servire
2939 541 2994 597 in
3027 546 3357 601 monasterio

1773 639 2125 708 omnipotenti
2157 638 2385 692 Domino
2416 634 2775 706 permittatur,
2801 644 2861 689 ut
2888 634 2957 689 ab
2981 634 3215 690 liutuano
3244 650 3363 692 ser-

1772 734 1905 789 vitio
1930 735 2068 789 liber
2097 734 2315 788 recedat
2342 733 2433 802 qui
2463 733 2515 787 in
2563 731 2745 785 divino
2776 732 3034 800 obsequio
3063 732 3360 809 diStrictio-
3446 776 3449 777 ν

1773 841 1889 883 rem
1912 826 2115 896 appetit
2141 826 2458 881 servitutem
2484 832 2545 879 ιι.

2205 918 2529 988 Subscriptio
2559 920 2935 989 episcoporum.

1847 1011 2134 1082 Gregorius
2172 1011 2265 1067 Dei
2294 1012 2462 1079 gratia
2504 1012 2790 1080 episcopus
2834 1010 2917 1065 his
2957 1010 3192 1066 decretis
3230 1010 3360 1067 sub-

1776 1107 2014 1176 scripsit.
2079 1106 2412 1162 Marinianus
2458 1104 2744 1175 episcOpus
2803 1106 3035 1160 civitatis
3091 1104 3362 1161 Ravennae

1776 1200 2112 1269 subscripsit.
2182 1199 2381 1255 Paulus
2432 1199 2718 1269 episcOpus
2767 1197 3000 1252 civitatis
3058 1196 3362 1267 Nepesinus.

1777 1293 2011 1350 Joannes
2051 1293 2333 1364 episcopus
2367 1293 2595 1348 civitatis
2626 1292 2976 1347 Surrentinae.
3006 1301 3035 1328 ιι
3076 1290 3366 1347 Gratianus

1778 1385 2010 1440 civitatis
2036 1384 2410 1439 Nomentanae.
2439 1382 2675 1439 Joannes
2702 1381 2986 1452 episcopus
3012 1380 3246 1436 civitatis
3270 1380 3373 1435 Fa-

1779 1477 1987 1533 lertnte.
2044 1477 2304 1547 Agnellus
2333 1479 2622 1545 episcopus
2671 1476 2902 1529 civitatis
2942 1472 3369 1528 Tarracinensis.

1782 1570 2060 1625 Romanus
2116 1570 2407 1639 episcopus
2453 1567 2688 1622 civitatis
2738 1568 3004 1621 Bteranrc.
3067 1564 3374 1619 Dominicus

1783 1664 2069 1734 cpiscopus
2094 1661 2331 1718 civitatis
2357 1660 2859 1717 Centumcellcnsis.
2892 1659 3136 1730 Pelagius
3164 1659 3375 1727 cpisco-

1785 1770 1884 1825 pus
1956 1755 2190 1809 civitatis
2241 1754 2557 1823 Anagninus.
2602 1752 2750 1808 Felix
2809 1751 3097 1821 cpiscopus
3143 1749 3375 1805 civitatis

64 1851 311 1907 cuilibet
335 1866 401 1906 es
428 1851 573 1905 clero
600 1853 788 1920 gratia:
819 1850 1191 1905 tantummodo
1220 1865 1382 1913 causa
1407 1850 1537 1904 dare
1580 1866 1679 1903 vo-
1710 1863 1760 1925 Β
1783 1850 2119 1906 Portuensis.
2166 1848 2402 1904 Joannes
2451 1848 2741 1917 episcopus
2788 1845 3017 1900 civitatis
3064 1843 3371 1898 Veliternae.

70 1942 265 2006 luerit,
303 1940 404 1997 hoc
427 1941 597 2011 accipi
629 1941 774 1995 nullo
805 1942 964 1996 modo
997 1942 1364 2011 prohibemus,
1397 1943 1518 2010 quia
1560 1940 1681 2011 ejus

71 2035 296 2088 oblatio
330 2033 528 2087 nullam
560 2032 731 2103 culpis
775 2034 1037 2087 maculam
1068 2042 1285 2105 ingerit,
1334 2048 1453 2100 quae
1480 2047 1548 2087 ex
1592 2046 1681 2086 ac-

71 2126 341 2197 cipientis
372 2126 575 2179 ambitu
605 2142 711 2179 non
747 2126 1032 2195 processit.

152 2216 211 2271 6.
257 2216 452 2271 Multos
478 2216 545 2271 de
574 2216 938 2272 ecclesiastica
962 2231 1057 2272 seu
1090 2215 1336 2272 saeculari
1359 2215 1560 2271 familia
1586 2229 1682 2271 no-

77 2312 269 2367 vimus
293 2311 356 2365 ad
380 2311 764 2380 omnipotentis
787 2312 881 2366 Dei
906 2312 1187 2367 servitium
1206 2311 1460 2367 festinare
1478 2310 1681 2383 (ϐυ-αι..

76 2403 209 2456 dist.
243 2402 339 2468 5i,
373 2419 420 2456 c.
449 2401 565 2472 25),
596 2411 676 2468 ut,
722 2402 788 2457 ab
818 2403 1052 2457 liumana
1094 2403 1359 2459 servitute
1408 2403 1586 2469 liberi,
1630 2403 1685 2458 in

80 2495 280 2551 divino
333 2496 553 2550 servitio
600 2497 813 2552 valeant
860 2497 1175 2553 familiarius
1232 2500 1287 2554 in
1344 2500 1686 2554 monasteriis

80 2589 441 2648 conversari;
475 2604 608 2658 quos
640 2590 687 2645 si
720 2592 916 2659 passim
948 2590 1291 2660 dimittimus,
1323 2592 1575 2646 omnibus
1603 2592 1685 2645 fu-

86 2680 281 2750 giendi
312 2681 661 2737 ecclesiastici
687 2682 824 2752 juris
855 2682 1150 2739 dominium
1183 2686 1522 2741 occasionem
1552 2700 1686 2754 puc-

84 2772 311 2828 henius.
340 2772 396 2828 Si
424 2788 558 2829 vero
588 2774 907 2831 festinantes
947 2776 1015 2832 ab
1043 2777 1425 2847 omnipotentis
1454 2777 1547 2833 Dei
1568 2793 1687 2833 ser-

90 2865 229 2920 vitio
255 2864 471 2919 incaute
501 2866 827 2933 retinemus,
868 2867 944 2923 illi
967 2868 1268 2924 invenimur
1313 2884 1509 2939 negare
1540 2886 1688 2940 quae-

86 2959 212 3013 dam
263 2959 355 3030 qui
385 2960 533 3015 dedit
562 2962 766 3016 omnia.
800 2961 949 3017 Unde
992 2976 1215 3017 necesse
1242 2972 1327 3018 est
1356 2973 1415 3017 ut
1440 2964 1685 3033 quisquis

87 3068 155 3107 ex
182 3052 331 3122 juris
362 3051 716 3108 ecclesiastici
768 3054 854 3109 vel
882 3053 1159 3130 sacularis
1190 3054 1397 3109 militia:
1427 3057 1688 3110 servitute

86 3144 154 3199 ad
184 3145 283 3199 Dei
312 3146 593 3200 servitium
631 3146 874 3202 converti
912 3145 1203 3215 desiderat,
1253 3150 1509 3217 probetur
1539 3148 1687 3216 prius

1783 1940 2053 1997 Candidus
2103 1940 2386 2009 episcopus
2433 1940 2668 1993 civitatis
2713 1934 3095 2007 Fulginiensis.
3125 1934 3376 1988 Lutnino-

1784 2049 1877 2090 sus
1905 2035 2188 2105 episciipus
2226 2030 2458 2087 civitatis
2490 2030 2813 2086 Ferentinae.
2864 2027 3140 2081 Baldinius
3165 2025 3375 2097 episco-

1783 2141 1885 2200 pus
1913 2127 2144 2182 civitatis
2177 2125 2503 2179 Rosellance.
2536 2121 2873 2178 Secundinus
2910 2118 3196 2188 episcopus
3245 2115 3375 2171 civi-

1786 2222 1911 2275 tatis
1940 2217 2336 2274 Tauromeniaa.
2368 2216 2665 2271 Martianus
2695 2215 2985 2284 episcopus
3012 2206 3247 2264 civitatis
3274 2206 3377 2261 Fe-

1786 2311 1982 2368 rensis'.
2037 2310 2390 2365 llomobonus
2439 2309 2730 2377 episcopus
2756 2303 2988 2358 civitatis
3030 2297 3375 2356 Albanensis.

1790 2405 2097 2459 Doniinicus
2123 2403 2408 2472 episcopus
2438 2398 2670 2454 civitatis
2698 2406 2723 2433 °
2747 2396 3093 2452 Utric‘ulanze.
3110 2391 3375 2446 Constan—

1790 2496 1892 2552 tius
1917 2495 2203 2565 episcOpus
2234 2492 2468 2547 civitatis
2512 2487 2847 2544 Narniensis.
2880 2484 3202 2539 Fortunatus
3254 2478 3373 2548 epi-

1786 2607 1983 2661 scopus
2027 2589 2261 2644 civitatis
2303 2584 2685 2656 Neapolitana}.
2727 2579 3046 2636 Anastasius
3091 2576 3376 2644 episcopus

1787 2683 2017 2740 civitatis
2040 2682 2353 2737 Tiburtinae.
2379 2677 2641 2733 Proculus
2663 2672 2947 2745 episcopus
2969 2667 3200 2725 civitatis
3225 2666 3374 2721 Prte-

1788 2777 2036 2832 uestinai.

2188 2872 2507 2943 Subscriptio
2544 2870 2970 2942 presbyterorum.

1864 2968 2182 3025 Laurentius
2240 2965 2775 3038 presbyterPsancti
2837 2961 3083 3019 Silvestri
3135 2954 3375 3012 subscri-

1792 3060 1917 3129 psit.
1971 3059 2208 3115 Joannes
2266 3058 2545 3129 presbyter
2593 3056 2761 3113 sancti
2813 3054 3022 3109 Vitatis.
3088 3050 3378 3117 Speciosus

1756 3215 1767 3227 ,
1798 3153 2011 3224 1292
2042 3150 2318 3222 presbyter
2359 3150 2528 3204 saneti
2569 3146 2881 3203 Clementis.
2914 3142 3204 3200 Deusdedit
3252 3154 3376 3210 pre-

86 3234 144 3291 in
172 3235 317 3291 laico
346 3236 527 3292 habitu
556 3238 913 3303 constitutus;
942 3249 997 3294 et
1026 3240 1232 3311 1291
1270 3239 1317 3294 si
1362 3256 1542 3296 mores
1566 3241 1685 3312 ejus
1716 3256 1761 3318 ρ
1792 3245 1975 3313 sbyter
2026 3243 2197 3297 sancti
2228 3241 2452 3296 Joannis
2481 3250 2536 3297 et
2582 3242 2750 3296 Pauli.
2801 3238 3207 3295 Andromaclius
3249 3244 3374 3303 pre-

89 3379 239 3443 gant.
279 3370 333 3424 ln
365 3368 612 3443 capitulis
661 3369 931 3443 Hincmari
964 3370 1027 3424 ad
1072 3371 1437 3442 presbyteros,
1485 3388 1534 3428 c.
1573 3375 1682 3432 15:

96 3441 162 3497 Ut
192 3443 406 3511 quando
433 3442 708 3512 presbyteri
732 3458 821 3509 per
859 3441 1127 3496 Kalendas
1156 3441 1311 3497 simul
1338 3447 1685 3512 convenerint,

91 3522 203 3583 post
262 3526 525 3582 peractum
570 3514 801 3566 divinum
852 3515 1172 3583 mysterium,
1224 3514 1292 3567 ad
1344 3522 1688 3570 necessariam

91 3584 453 3649 collationem,
476 3600 578 3637 non
603 3584 747 3651 quasi
776 3583 843 3636 ad
872 3584 1145 3653 prandium
1173 3586 1241 3638 ibi
1264 3587 1331 3637 ad
1354 3587 1582 3639 tabulam
1604 3606 1686 3642 re-

92 3656 319 3721 sideant,
353 3664 399 3708 et
422 3670 511 3722 per
542 3658 667 3709 tales
692 3656 1098 3709 inconvenientes
1131 3655 1369 3720 pastellos
1396 3675 1446 3711 se
1471 3658 1687 3712 invicem

94 3735 334 3796 gravent,
366 3736 470 3781 etc.
504 3726 705 3779 Citatur
734 3728 858 3780 dist.
889 3728 979 3790 M,
1020 3740 1069 3780 c.
1106 3726 1158 3781 9.
1193 3724 1323 3781 Vide
1354 3729 1573 3793 Extra.,
1621 3732 1689 3783 ti-

96 3797 209 3850 tulo
241 3798 311 3851 de
342 3798 593 3869 simonia,
644 3812 694 3851 c.
734 3798 786 3869 1.
821 3797 1218 3869 Pastellaticum
1263 3808 1442 3852 autem
1474 3809 1558 3852 est
1596 3799 1687 3869 jus

97 3880 305 3936 pastus.
369 3867 500 3923 Vide
547 3883 691 3922 caus.
730 3868 777 3931 1,
808 3884 861 3937 q.
893 3867 959 3933 5,
1005 3884 1125 3922 can.
1181 3869 1378 3939 Siquis
1423 3867 1688 3935 objerei'it.

99 3938 303 3991 Nullus
332 3938 485 4009 igitur
513 3950 646 3993 emat
674 3939 999 4009 praebendam
1032 3942 1104 3993 vel
1134 3938 1422 4008 ecclesiam,
1472 3941 1548 3993 vel
1592 3941 1689 3995 ali-

99 4010 221 4076 quid
258 4012 690 4073 ecclesiasticum,
725 4025 815 4063 nec
846 4011 1139 4081 pastellum,
1187 4028 1280 4064 nec
1306 4023 1510 4081 pastum
1540 4022 1691 4066 antea

100 4097 191 4134 nec
220 4089 401 4149 postea
424 4098 515 4151 pro
535 4082 830 4151 hujusmodi
860 4084 1041 4136 solvat.
1073 4080 1333 4137 Gussstvv.

175 4161 215 4189 ιιι
251 4153 308 4205 In
340 4154 423 4206 bis
447 4152 677 4207 decretis
707 4156 773 4205 ad
799 4153 1000 4207 calcem
1025 4153 1373 4221 epistolarum
1406 4153 1563 4208 editis
1592 4155 1689 4209 ad-

102 4220 253 4277 ditur
284 4237 299 4278 :
331 4222 393 4279 Si
421 4234 589 4277 autem
620 4232 666 4277 et
694 4224 749 4276 in
775 4220 1260 4278 monasticorhabttu
1281 4226 1557 4278 secundum
1582 4223 1690 4280 Pa-

106 4304 239 4346 trum
268 4304 471 4363 regutas
498 4295 1011 4363 irreprehensibiliter
1035 4298 1191 4365 fuerit
1216 4306 1557 4359 conversatus,
1578 4307 1693 4365 post

104 4365 322 4439 prie/51a
349 4367 508 4439 sacris
532 4366 805 4439 rationibus
830 4374 1056 4439 tempora
1079 4368 1284 4439 licenter
1305 4369 1419 4439 jant
1440 4368 1506 4421 ad
1529 4370 1692 4436 quod-

107 4436 224 4489 libet
264 4436 657 4489 ecclesiasticum
702 4436 937 4507 ofﬁcium
964 4436 1360 4505 provehatur,“
1391 4447 1557 4491 tamen
1586 4439 1690 4491 illis

108 4523 207 4578 non
261 4508 414 4574 fuerit
460 4506 753 4563 criminibus
802 4509 1087 4562 maculatus
1126 4523 1241 4578 qua:
1270 4511 1324 4562 in
1372 4506 1692 4562 Testamento

118 4576 288 4632 Veteri
316 4588 473 4632 morte
500 4582 806 4634 multantur.
838 4577 1045 4633 Abeunt
1076 4576 1205 4632 vero
1234 4594 1261 4629 a
1291 4581 1489 4632 nostris
1518 4579 1644 4633 Mss.

178 4657 204 4719 Ρ
228 4648 290 4703 In
312 4649 454 4719 βοά.
482 4649 679 4719 Bigot.,
713 4653 846 4705 l'orte
876 4649 1087 4704 melius.
1118 4646 1411 4715 Gratiosus,
1435 4650 1499 4703 ad
1528 4664 1685 4719 quem

110 4718 274 4787 epist.
302 4718 373 4774 20
404 4721 517 4775 libri
548 4718 624 4774 iu.

182 4798 207 4825 ο
239 4790 722 4863 Al.,_0cricotame.
753 4790 828 4846 De
850 4805 951 4861 qua
980 4788 1113 4846 urbe
1140 4788 1275 4863 lege
1302 4789 1692 4859 Mabillonium,

113 4858 323 4915 Itineris
356 4861 467 4917 Ital.
501 4879 617 4932 pag.
645 4862 734 4916 Mi.

185 4943 211 4982 ρ
246 4934 317 4986 De
343 4932 425 4989 his
453 4930 619 4989 titulis
646 4931 905 5001 legendus
946 4931 1100 4986 Joan.
1135 4930 1358 4997 Froiito,
1405 4930 1473 4986 ad
1501 4930 1698 4987 Kalen~

115 5001 322 5058 darium
348 5004 668 5059 Romanum.
699 5003 809 5058 lloc
828 5014 1007 5058 autem
1039 5004 1157 5057 loco
1182 5002 1546 5073 sutujicientlas
1566 5013 1695 5073 puto

116 5074 249 5130 alias
277 5076 703 5144 subscriptiones
735 5084 792 5127 ut
822 5086 947 5129 sunt
976 5076 1027 5129 in
1059 5074 1252 5129 Codice
1276 5074 1445 5142 ltigot.

332 5145 632 5215 Gregorius,
658 5146 825 5218 gratia
851 5145 947 5199 Dei
976 5146 1264 5217 episcopus,
1286 5145 1364 5199 Itis
1389 5144 1603 5200 decretis

399 5222 716 5287 subscripsit.
1444 5278 1445 5281 η

336 5287 655 5359 ξιατίηἱαηυδ
683 5288 946 5359 episcOpus
974 5290 1185 5359 civitatis
1214 5287 1489 5342 Ravenna,

332 5356 537 5412 Paulus
565 5356 835 5428 episcopus
854 5356 1077 5413 civitatis
1110 5358 1404 5426 Nepesina'.

332 5429 562 5501 J_oannes
592 5431 859 5501 episcopus
888 5433 1100 5484 civitatis
1134 5431 1470 5501 surrentinw.

335 5497 899 5571 Gratiosus‘episcopus
924 5502 1144 5555 civitatis
1176 5499 1228 5553 Ν
1237 5510 1515 5554 amentum.

334 5569 565 5624 Joannes
594 5569 860 5643 episcopus
896 5572 1257 5643 civitatis:mw

340 5643 551 5713 Agellus
581 5641 851 5712 episcopus
873 5644 1095 5697 civitatis
1126 5641 1533 5698 Terracinensis.

341 5714 603 5766 ltomanus
632 5714 896 5783 episcopus
929 5716 1144 5768 civitatis
1170 5713 1466 5769 Bleritana’.

347 5783 646 5837 Dominicus
670 5784 931 5851 episcopus
956 5787 1051 5838 civi
1062 5788 1171 5838 t'atis
1200 5785 1668 5841 Centumcellcnsis.

343 5855 587 5925 I'elayius
632 5856 898 5925 episcopus
926 5857 1143 5911 civitatis
1169 5856 1468 5929 Anagninte.

2004 3376 2156 3433 Felix
2179 3378 2446 3448 episcopus
2471 3379 2690 3433 civitatis
2715 3376 3038 3432 Parmensis.

2002 3448 2231 3503 Joannes
2264 3454 2529 3518 episcopus
2557 3451 2773 3503 civitatis
2802 3450 3117 3503 Belliternte.

2007 3520 2269 3591 Candidus
2299 3522 2564 3591 episcopus
2590 3520 2807 3573 civitatis
2832 3519 3193 3591 Dulcimensts.

2004 3590 2313 3644 Luminosus
2328 3589 2603 3661 episcopus
2637 3589 3175 3661 civitatisﬁFerentino.

2017 3661 2271 3715 Virbonus
2298 3658 2567 3731 episcopus
2598 3663 2814 3715 civitatis
2840 3658 3211 3714 Fuscanensis.

2002 3731 2256 3786 Balbinus
2286 3733 2555 3801 episcopus
2582 3734 2795 3786 civitatis
2824 3732 3075 3785 liosellas.

2005 3802 2276 3857 Secundus
2299 3800 2565 3871 episCOpus
2594 3804 2811 3857 civitatis
2835 3800 3216 3856 Taurontaanio.

2008 3873 2310 3928 Marcianus
2332 3874 2597 3943 episcopus
2620 3875 2837 3928 civitatis
2863 3871 3121 3926 Ferentis.

2006 3940 2648 4013 Homobonus’episc’opus
2691 3946 2907 3999 civitatis
2939 3940 3268 3997 Albanensis.

2001 4013 2301 4069 Dominicus
2325 4016 2590 4085 episcOpus
2618 4017 2835 4085 civitatis
2862 4014 3197 4085 Utricnlanw.

2001 4081 2364 4140 Constantinus
2388 4081 2653 4155 episcopus
2683 4088 2900 4141 civitatis
2928 4084 3252 4139 Narniensis.

2005 4155 2323 4211 Fortunatus
2352 4159 2619 4228 episcopus
2646 4160 2863 4212 civitatis
2887 4156 3191 4228 Neapolim.

2012 4228 2315 4282 Anastasius
2341 4231 2609 4295 episcopus
2632 4231 2850 4283 civitatis
2880 4227 3183 4283 Tiburtinte.

2008 4298 2265 4371 Proculus
2289 4302 2561 4371 episcopus
2588 4301 2802 4371 civitatis
2829 4297 3181 4351 Prwnestinw.

2084 4370 2271 4435 Incipit
2298 4371 2621 4437 subscriptio
2657 4370 3116 4439 presbyterorum.

2006 4440 2348 4495 Laurentinus
2379 4442 2640 4510 presbyter
2659 4437 2808 4493 tituli
2832 4440 2997 4510 sancti
3025 4437 3295 4504 Sylvestri.

2008 4510 2237 4565 Joannes
2268 4507 2692 4582 presbyter—tituli
2722 4510 2884 4582 sancti
2914 4507 3124 4582 Vitatis.

2014 4578 2288 4653 Speciosus
2317 4578 2575 4653 presbyter
2602 4581 2737 4653 tituli
2764 4580 2923 4633 sancti
2948 4578 3242 4653 Cl_ententis.

2012 4648 2295 4707 Deusdedit
2318 4648 2586 4721 presbyter
2613 4652 2749 4705 tituli
2769 4660 2957 4704 sanctte
2986 4648 3265 4721 Prasedis.

2016 4722 2300 4846 Βεέδάῖᾴὶι
2329 4719 2590 4793 presbyter
2616 4723 2752 4775 tituli
2779 4733 3071 4774 sanctorum
3101 4719 3319 4774 Joannis
3346 4732 3394 4774 et

2138 4810 2205 4846 au
2230 4810 2265 4844 ι.

2138 4793 2265 4846 auli.

2017 4862 2405 4919 Andromacha:
2434 4862 2694 4933 presbyter
2717 4862 2851 4916 tituli
2878 4865 3253 4933 apostolorum.

2019 4936 2266 4990 Crescens
2289 4932 2548 5004 presbyter
2578 4932 2716 4987 tituli
2744 4936 2906 4988 sancti
2932 4932 3221 4986 Laurentii.

2019 5005 2264 5076 Rusticus
2291 5004 2552 5076 presbyter
2581 5006 2713 5059 tituli
2743 5004 3237 5076 sancthSusannw.

2029 5075 2250 5146 Yibnlus
2281 5074 2544 5146 presbyter
2574 5076 2709 5129 tituli
2736 5078 2899 5129 sancti
2928 5074 3182 5146 Marcelli.

2025 5145 2213 5269 Peirttls
2262 5138 2522 5218 presbyter
2560 5148 2691 5201 tituli
2720 5157 3011 5202 sanctorum
3054 5145 3186 5199 Julii
3207 5153 3252 5200 et
3294 5138 3397 5197 Ca-

2126 5234 2165 5269 η
2191 5234 2226 5269 t.

2126 5228 2226 5270 18η.

2026 5288 2236 5360 Speciut
2244 5305 2301 5341 us
2328 5288 2587 5360 presbyter
2609 5289 2743 5342 tituli
2770 5288 2935 5343 sancti
2954 5286 3174 5360 Vitatis.

2030 5358 2327 5431 Stephanus
2353 5358 2611 5431 presbyter
2638 5361 2773 5413 tituli
2800 5359 2963 5413 sancti
2995 5358 3182 5413 Marci.

2028 5429 2185 5501 felix
2215 5429 2475 5501 presbyter
2496 5429 2631 5485 tituli
2658 5432 2824 5484 sancti
2847 5431 3007 5501 Sisiti.

2028 5500 2217 5572 Petrus
2242 5499 2502 5572 presbyter
2532 5504 2666 5555 tituli
2697 5511 2883 5555 sancta:
2914 5499 3170 5572 Balbinw_.

2032 5568 2529 5695 Juxuh'lpresbyter
2587 5572 2721 5626 tituli
2780 5582 3076 5626 sanctorum
3130 5568 3289 5625 Nerei
3349 5576 3397 5624 et

2149 5660 2172 5695 c
2213 5660 2226 5695 ι
2272 5658 2336 5695 ei.

2100 5643 2336 5698 Achillei.

2030 5714 2306 5781 Speciosus
2327 5715 2585 5785 presbyter
2607 5714 2738 5767 tituli
2758 5714 3257 5785 sanctwrbamasew.

2030 5786 2249 5840 Maurus
2274 5784 2530 5853 presbyter
2562 5786 2695 5839 tituli
2720 5797 2908 5839 sancta:
2932 5784 3147 5841 Priscte.

2029 5855 2276 5911 Placidus
2299 5855 2558 5929 presbyter
2581 5858 2715 5912 tituli
2742 5867 2934 5913 sanctte
2964 5858 3192 5915 Sabinte.
