3928 6342
151 353 290 410 ιειι

1079 345 1410 406 hPP-ENDIX
1450 345 1542 401 AD
1578 343 1635 398 S.
1677 336 2005 397 GBEGOBII
2045 340 2430 401 EPISTOLAS.

3278 356 3406 414 I312

147 474 381 546 spicere,
432 477 489 526 et
532 470 602 526 de
635 466 821 525 eorum
849 472 1104 540 perpetua
1152 465 1440 522 securitate
1467 467 1721 524 tractare,
1752 454 1808 520 Δ
1830 455 2241 532 [denegamus];
2274 460 2368 516 sed
2396 460 2441 516 si
2478 461 2692 532 quando
2729 477 2816 520 res
2861 467 3046 538 exigit,
3095 469 3256 526 abbas
3304 474 3405 532 loci

146 576 458 622 anteactum
490 578 590 620 nos
615 561 872 628 officium,
905 561 1047 632 quod
1089 560 1141 615 in
1170 558 1429 630 regimine
1458 561 1729 610 monaste-

147 661 219 716 rii
250 658 593 714 exhibuimus
618 700 634 724 ,
665 656 934 712 informat.
967 654 1036 709 Et
1063 655 1184 724 quia
1233 655 1288 707 in
1335 648 1574 721 plurimis
1616 660 1730 701 mo-

149 751 408 808 nasteriis
437 751 606 805 multa
636 764 665 804 a
696 747 1010 818 praesulibus
1033 744 1340 816 praeiudicia
1359 752 1517 819 atque
1539 755 1729 812 grava-

150 848 300 900 mina
344 844 634 900 monachos
683 841 969 912 pertulisse
1015 837 1384 910 cognovimus,
1417 843 1628 905 oportet
1669 843 1733 889 ut

149 937 504 994 fraternitatis
534 945 725 990 vestra:
755 932 990 1003 provisio
1015 945 1200 987 eorum
1250 929 1316 984 de
1372 927 1548 982 futuro
1575 927 1730 997 quie-

149 1040 262 1086 tem
285 1031 484 1086 salubri
509 1027 848 1084 ordinatione
897 1025 1178 1094 disponat,
1214 1032 1475 1090 quatenus
1505 1031 1732 1072 conver-

147 1137 338 1184 santes
365 1126 473 1182 illic
499 1125 550 1179 in
576 1124 668 1180 Dei
699 1122 944 1186 servitio,
975 1125 1138 1189 ipsrus
1169 1131 1378 1187 quoque
1411 1115 1579 1185 gratia
1621 1109 1733 1166 suf-

147 1219 398 1292 fragante
426 1263 441 1285 ,
495 1227 672 1274 mente
715 1216 882 1272 libera
926 1219 1290 1286 perseverent.
1323 1209 1428 1266 Sed
1462 1222 1528 1261 ne
1566 1222 1630 1262 ex
1667 1220 1732 1261 ea

149 1327 277 1383 qum
322 1313 487 1382 magis
527 1308 858 1366 emendanda
901 1317 981 1363 est
1009 1303 1414 1370 consuetudine,
1444 1301 1728 1370 quisquam

151 1403 436 1458 monachis
464 1403 748 1473 quidquam
781 1399 1038 1455 molestia:
1069 1401 1356 1467 praesumat
1383 1393 1605 1458 inferre,
1639 1407 1732 1447 ne-

146 1508 308 1548 cesse
329 1502 414 1548 est
441 1503 497 1547 ut
530 1493 644 1546 haec
684 1507 802 1562 quae
834 1489 1057 1545 inferius
1084 1500 1400 1543 enumerare
1432 1484 1732 1540 curavimus

149 1584 230 1639 ita
262 1584 606 1642 fraternitatis
632 1584 812 1640 studio
835 1581 1070 1652 episcopi
1091 1579 1322 1635 debeant
1349 1576 1642 1642 custodire,
1675 1581 1736 1630 ut

147 1691 221 1732 ex
269 1675 346 1731 eis
390 1691 495 1731 non
543 1677 710 1744 possit
756 1675 982 1731 ulterius
1022 1671 1313 1728 inferendae
1352 1667 1732 1739 inquietudinis

147 1767 370 1823 occasio
394 1769 640 1838 reperiri.
676 1767 1046 1826 lnterdicimus
1079 1766 1259 1836 igitur,
1293 1765 1344 1818 in
1380 1763 1594 1818 nomine
1620 1762 1728 1814 Do-

147 1860 283 1915 mini
314 1863 479 1915 nostri
504 1860 628 1916 Jesu
651 1860 871 1925 Christi,
900 1869 953 1916 ct
979 1873 1042 1916 ex
1072 1857 1390 1914 auctoritate
1421 1855 1556 1910 beati
1589 1853 1730 1910 Petri

148 1950 516 2022 apostolorum
540 1951 814 2019 principis,
835 1951 988 2020 cujus
1013 1949 1129 2004 vice
1158 1947 1280 2006 huic
1311 1945 1560 2000 Ecclesiae
1589 1959 1738 2013 pra:-

149 2042 414 2106 sidemus,
449 2043 795 2112 prohibemus
826 2082 840 2104 ,
893 2049 950 2095 ut
1001 2040 1180 2094 nullus
1230 2038 1597 2108 episcoporum
1647 2042 1739 2092 aut

153 2136 497 2190 saecularium
528 2135 667 2190 ultra
698 2143 986 2204 praesumat
1007 2133 1075 2190 de
1104 2132 1379 2198 reditibus,
1424 2130 1604 2192 rebus,
1652 2128 1736 2183 vel

150 2225 357 2281 chartis
387 2227 859 2293 monasteriorum,
890 2226 976 2281 vel
1009 2227 1075 2281 de
1103 2225 1275 2294 cellis,
1302 2224 1386 2280 vel
1432 2223 1572 2278 villis
1617 2236 1736 2291 qua:

149 2319 223 2372 ad
263 2334 324 2374 ea
379 2320 669 2388 pertinent,
723 2333 1039 2390 quocunque
1095 2317 1274 2383 modo,
1319 2301 1458 2387 [Seu]
1506 2313 1741 2384 qualibet

155 2407 445 2465 occasione
471 2413 730 2478 minuere,
754 2411 838 2467 vel
860 2411 1033 2475 dolos,
1057 2411 1138 2474 vel
1157 2407 1511 2474 immissiones
1533 2407 1736 2476 aliquas

156 2503 353 2556 facere.
388 2501 446 2557 Si
485 2518 586 2572 qua
633 2517 790 2558 causa
845 2502 981 2556 forte
1025 2502 1163 2556 inter
1205 2509 1401 2556 terram
1438 2499 1736 2553 venientem

159 2593 231 2648 ad
268 2607 470 2662 partem
519 2609 736 2650 suarum
785 2593 1140 2651 Ecclesium
1188 2602 1241 2649 et
1295 2591 1738 2646 monasteriorum

163 2692 428 2758 evenerit,
472 2702 524 2745 et
557 2691 775 2760 pacifice
804 2707 908 2745 non
949 2691 1122 2761 potuit
1151 2685 1426 2764 [potuerit]
1475 2685 1738 2760 ordinari,

152 2783 296 2852 apud
329 2783 530 2838 electos
577 2784 795 2840 abhates
823 2791 876 2839 et
906 2784 1038 2838 alios
1070 2791 1246 2854 patres
1278 2783 1525 2838 timentes
1556 2778 1740 2834 Domi-

155 2891 308 2940 num,
339 2878 457 2930 sine
489 2875 785 2931 voluntaria
831 2876 1108 2940 dilatione,
1160 2875 1346 2930 mediis
1385 2872 1742 2928 sacrosanctis-

154 2967 468 3037 Evangeliis
506 2968 736 3023 finiatur.
765 2968 925 3038 (Vide
955 2970 1043 3022 lib.
1076 2984 1189 3030 vni,
1221 2968 1368 3038 epist.
1395 2967 1474 3036 5.)

237 3058 496 3114 Defuncto
526 3065 702 3114 autem
751 3057 943 3112 abbate
990 3056 1246 3128 cujusque
1290 3054 1737 3126 congregationis,

1831 565 1950 610 cum
1977 551 2094 608 aliis
2121 552 2375 609 fratribus
2412 568 2603 614 causas
2629 554 2917 629 [notitiam]
2960 575 3138 615 rerum
3166 562 3410 622 inventa-

1830 660 1950 700 rum
1996 645 2184 715 faciat,
2229 656 2285 702 et
2322 663 2511 704 eorum
2551 651 2774 706 consilio
2808 661 2860 707 et
2905 654 3106 723 judicio
3156 655 3409 716 llniantur

1831 736 2076 811 [concilia
2094 739 2212 796 sine
2229 740 2539 811 praeiudicio
2560 741 2748 815 ﬁniat].
2773 746 2818 817 ι
2830 748 2988 818 395
3011 749 3258 806 Obeunte
3277 769 3408 821 quu-

1831 848 1938 905 que
1957 834 2466 906 abbato,episcopus
2490 837 2543 891 in
2565 838 2932 898 describendis
2962 844 3406 916 providendisque

1831 927 1993 983 rebus
2041 928 2349 984 monasterii
2384 931 2680 1000 acquisitis,
2711 933 2798 987 vel
2843 932 2984 989 datis
3035 939 3409 1007 perquirendis

1796 994 1810 1018 ’
1835 1017 2284 1094 [acquirendisve]
2300 994 2604 1078 nullatenus
2625 994 2686 1079 se
2709 994 3052 1093 permisceat:
3063 994 3253 1084 Missas
3274 994 3407 1099 quo;

1833 1129 1938 1184 que
1963 1114 2203 1184 publicas
2232 1117 2300 1171 ab
2339 1133 2405 1173 eo
2432 1118 2486 1174 in
2511 1118 2758 1176 creaobio
2781 1121 2894 1176 fieri
2917 1121 3135 1178 omnino
3160 1126 3411 1192 prohibe-

1836 1223 1975 1276 mus,
2005 1223 2074 1264 ne
2104 1210 2154 1264 in
2194 1224 2469 1266 servorum
2502 1213 2592 1268 Dei
2633 1214 2932 1270 recessibus
2960 1225 3015 1271 et
3044 1231 3228 1272 eorum
3261 1237 3413 1277 rece-

1836 1299 2057 1369 ptaculis
2108 1302 2211 1355 ulla
2269 1303 2541 1372 popularis
2592 1304 2959 1377 [popularibus
3011 1312 3418 1385 conuentibus}

1834 1389 2135 1459 praebeatur
2179 1394 2388 1449 occasio
2415 1406 2733 1464 conventus,
2767 1398 2852 1454 vel
2879 1400 3161 1457 mulierum
3199 1405 3286 1458 [iat
3317 1420 3413 1460 no-

1834 1499 1930 1536 vus
1958 1482 2237 1550 introitus,
2271 1484 2411 1555 quod
2450 1487 2669 1544 omnino
2716 1503 2815 1543 nec
2869 1492 3082 1559 expedit
3133 1473 3414 1552 animabus

1835 1588 2054 1650 eorum;
2087 1589 2259 1646 neque
2289 1576 2481 1632 audeat
2527 1578 2597 1631 ibi
2640 1580 2948 1635 cathedram
2992 1584 3276 1651 collocare,
3325 1585 3414 1648 vel

1835 1667 2219 1734 quantumlibet
2263 1667 2598 1742 [quamlibet]
2632 1680 2947 1742 potestatem
2993 1674 3188 1734 habere
3242 1679 3413 1747 impe-

1835 1759 2010 1828 randi,
2059 1774 2158 1815 nec
2206 1761 2432 1830 aliquam
2483 1763 2870 1820 ordinationem
2921 1769 3163 1837 quamvis
3209 1770 3425 1826 leVlSSl-1.

1842 1869 1980 1908 mam
2012 1851 2260 1916 faciendi,
2293 1854 2391 1910 nisi
2420 1855 2488 1910 ab
2508 1855 2699 1916 abbate
2723 1857 2824 1912 loci
2849 1857 3008 1914 fuerit.
3030 1872 3264 1930 rogatus,
3288 1877 3417 1931 qua-

1838 1954 1991 2000 tenus
2022 1947 2264 2002 monacht
2301 1962 2517 2018 semper
2547 1958 2797 2004 maneant
2836 1952 2890 2006 in
2920 1951 3168 2006 abbatum
3197 1968 3416 2012 suorum

1837 2045 2130 2106 potestate,
2165 2040 2474 2108 nullumque
2498 2042 2818 2096 monachum
2849 2043 2967 2098 sine
3001 2044 3303 2100 testimonio
3332 2044 3415 2100 vel

1838 2129 2184 2185 concessione
2227 2132 2434 2188 abbatis
2463 2132 2518 2188 in
2548 2135 2719 2205 aliqua
2746 2135 2974 2199 ecclesia
3004 2144 3200 2204 teneat,
3233 2135 3316 2191 vel
3347 2135 3416 2191 ad

1837 2222 2064 2292 aliquem
2095 2232 2402 2294 promoveat
2433 2225 2717 2283 honorem.

1913 2314 2056 2369 i-lanc
2087 2331 2215 2386 ergo
2261 2317 2578 2386 scriptorum
2625 2326 2928 2374 nostrorum
2981 2319 3224 2392 paginam
3275 2322 3421 2378 omni

1838 2408 2016 2462 futuro
2049 2415 2290 2479 tempore
2328 2411 2394 2464 ab
2423 2411 2669 2467 omnibus
2698 2412 2964 2481 episcopis
2994 2412 3204 2468 firmam
3235 2416 3423 2470 statui-

1839 2519 1958 2559 mus
1988 2504 2348 2573 illibatamque
2376 2506 2604 2572 servari,
2631 2515 2686 2560 ut
2706 2514 2761 2561 et
2787 2521 2898 2561 suze
2931 2507 3182 2563 Ecclesiae
3201 2508 3425 2577 juvantc

1841 2593 2068 2650 Domino
2115 2596 2482 2652 tantummodo
2523 2597 2754 2653 contenti
2786 2596 2962 2670 [sint],
2995 2606 3050 2653 ct
3095 2601 3424 2656 monasteria

1840 2688 2214 2744 ecclesiasticis
2240 2688 2632 2743 conditionibus
2663 2705 2756 2746 seu
2781 2691 3033 2762 angariis,
3059 2692 3143 2746 vel
3167 2692 3427 2762 quibusli-

1840 2779 1932 2834 bet
1980 2780 2253 2849 obsequiis
2300 2782 2643 2836 saecularibus
2691 2783 2837 2837 nullo
2883 2785 3042 2840 modo
3089 2783 3425 2854 subjaceant,

1842 2873 2004 2928 nullis
2031 2875 2302 2931 canonicis
2328 2874 2538 2944 juribus
2559 2873 2743 2946 [curisl
2772 2876 3096 2941 deserviant,
3128 2877 3222 2931 sed
3253 2891 3426 2931 remo-

1843 2965 1911 3020 tis
1940 2964 2308 3020 vexationibus
2337 2966 2390 3019 in
2422 2964 2548 3037 [ac]
2581 2967 2785 3020 cunctis
2829 2967 3222 3035 gravaminibus
3271 2965 3426 3020 diur-

1844 3073 1970 3112 num
2011 3054 2296 3130 |divinum]
2328 3071 2460 3128 opus
2508 3072 2627 3112 cum
2676 3071 2883 3112 summa
2936 3057 3098 3114 animi
3145 3057 3429 3118 devotione

153 3166 265 3207 non
292 3162 579 3213 extraneus
602 3153 849 3222 eligatur,
875 3152 978 3205 nisi
998 3151 1066 3205 de
1095 3149 1280 3208 eadem
1304 3149 1732 3217 congregatione,
1765 3183 1812 3248 Ο
1846 3150 2120 3221 perficiant

151 3258 317 3314 quem
351 3243 452 3296 sibi
483 3243 697 3311 propria
732 3244 997 3296 voluntate
1023 3255 1246 3296 concors
1269 3241 1486 3294 fratrum
1510 3241 1738 3293 societas

150 3336 408 3406 elegerit;
434 3345 488 3390 et
515 3337 601 3404 qui
626 3336 827 3392 electus
850 3334 1027 3399 fuerit,
1057 3334 1170 3390 sine
1192 3333 1316 3387 dolo
1339 3333 1422 3387 vel
1454 3332 1741 3387 venalitate

149 3428 330 3497 aliqua
369 3429 663 3489 ordinetur.
697 3429 847 3496 Quod
878 3429 926 3485 si
953 3439 1130 3497 aptam
1159 3429 1300 3482 inter
1348 3442 1407 3482 se
1457 3440 1741 3494 personam

151 3517 398 3573 invenire
439 3529 739 3587 nequeant,
767 3520 992 3576 solerter
1020 3518 1119 3570 sibi
1155 3524 1344 3570 curent
1373 3516 1441 3569 de
1479 3515 1598 3569 aliis
1628 3528 1742 3570 mo-

151 3611 410 3665 nasteriis
436 3610 682 3665 similiter
709 3609 1085 3664 ordinandum.
1111 3609 1298 3677 Neque
1327 3607 1617 3661 constituto
1647 3607 1743 3660 ab-

150 3703 283 3760 bate
323 3717 654 3772 quaecunque
684 3717 914 3771 persona
945 3702 1180 3770 qualibet
1209 3700 1492 3754 occasione
1533 3712 1744 3769 pratpo-

152 3803 338 3864 natur,
372 3796 474 3851 nisi
505 3796 640 3851 forte
667 3796 1004 3852 exstantibus
1033 3794 1198 3864 (quod
1225 3794 1383 3863 absit)
1405 3790 1740 3859 criminibus,

149 3905 276 3962 qua:
305 3890 447 3945 sacri
474 3903 708 3946 canones
739 3891 927 3960 punire
955 3899 1337 3948 monstrantur.

232 3981 438 4036 Pariter
466 3989 640 4036 autem
673 3980 1080 4037 custodiendum
1117 3989 1200 4035 est
1229 3990 1302 4044 ut,
1338 3978 1500 4032 invito
1530 3976 1742 4050 abbate,

152 4071 228 4128 ad
258 4073 552 4127 ordinanda
577 4071 681 4126 alia
707 4081 1052 4135 monasteria,
1078 4079 1169 4125 aut
1198 4070 1264 4125 ad
1293 4070 1510 4124 ordines
1538 4084 1742 4136 sacros,

154 4165 248 4220 vel
273 4167 558 4221 clericatus
584 4164 842 4231 ofﬁcium,
877 4163 987 4219 tolli
1018 4164 1210 4219 exinde
1239 4162 1485 4219 monachi
1518 4177 1622 4217 non
1652 4163 1747 4218 de-

154 4257 389 4316 beantb.

233 4355 628 4423 Descriptiones
661 4366 872 4422 quoque
907 4367 1088 4410 rerum
1125 4360 1183 4408 et
1211 4352 1522 4407 chartarum
1553 4365 1746 4406 mona-

152 4446 310 4505 sterii
330 4446 398 4501 ab
423 4447 672 4516 episcopo
695 4446 1084 4502 ecclesiasticas
1123 4445 1238 4500 fieri
1271 4445 1488 4500 omnino
1507 4453 1748 4499 velamus

152 4605 282 4659 liter
317 4605 594 4677 ﬁrmatum.
650 4604 928 4677 Gregorius
973 4605 1215 4677 universis
1263 4602 1746 4677 sanctaz_Ecclesiw

203 4673 506 4743 [17anqu
550 4680 615 4730 sit
643 4673 1001 4742 necessarium,
1032 4691 1132 4730 etc.
1191 4674 1246 4728 In
1292 4673 1574 4728 Codicibus
1619 4689 1745 4728 vero

208 4748 464 4814 irtneosi,
499 4748 863 4816 Andegavensi
889 4786 904 4809 ,
940 4744 1320 4816 Flaviniacensi
1348 4785 1361 4805 ,
1394 4743 1545 4813 cujus
1571 4744 1746 4799 varias

158 4818 423 4872 lectiones
455 4815 678 4887 margini
712 4816 1080 4885 inscripsimus
1102 4861 1115 4882 ,
1149 4815 1371 4884 aliisque
1402 4817 1616 4882 passim,
1647 4831 1744 4883 ap-

159 4889 396 4959 pellatur
425 4888 688 4941 Dccretum
735 4888 967 4957 Gregorii
1005 4902 1151 4956 papa:
1195 4887 1254 4959 de
1300 4887 1528 4940 libertate
1571 4903 1748 4959 mona-

159 4957 398 5012 chorum.
423 4989 490 4998 —
514 4960 739 5014 Sanctus
765 4959 1066 5029 Gregorius,
1101 4958 1263 5025 probe
1288 5028 1294 5029 ί
1318 4973 1410 5029 per
1452 4957 1747 5024 experien-

158 5030 292 5083 tiam
319 5043 614 5098 agnoscens
645 5027 1164 5096 qu.~mtas‘iuterdutn
1197 5027 1466 5083 molestias
1497 5029 1745 5084 monachi

157 5100 232 5158 ab
259 5102 525 5166 ualiscopis
555 5101 660 5168 pati
690 5101 954 5164 solerent,
985 5100 1139 5165 paulo
1169 5110 1290 5153 ante
1328 5099 1450 5153 vitae
1495 5116 1605 5152 suae
1634 5099 1748 5153 exi-

161 5181 298 5232 tum,
331 5186 485 5239 quem
518 5171 586 5223 ob
612 5173 789 5237 jnuem
818 5174 1057 5239 corporis
1084 5170 1358 5224 adversam
1389 5169 1746 5223 valetudinem

162 5241 406 5306 proxime
451 5241 729 5296 imminere
756 5241 1052 5305 sentiebat,
1087 5239 1466 5293 monachorum
1499 5241 1663 5308 quieti
1695 5250 1749 5295 et

158 5311 502 5366 indemnitati
533 5313 813 5368 consulere
844 5312 1024 5364 Voluit.
1059 5311 1254 5378 Quare,
1277 5311 1514 5364 collectis
1535 5313 1746 5376 episco-

158 5383 245 5451 pis
276 5382 487 5448 viginti.
524 5382 848 5452 presbyteris
877 5391 1034 5451 atque
1080 5382 1344 5452 diaconis
1367 5381 1744 5448 cardinalibns,

160 5449 320 5506 tionis
353 5453 576 5520 Aprilis,
608 5449 747 5506 anno
775 5453 898 5520 601,
953 5449 1046 5521 pro
1104 5449 1377 5505 monachis
1433 5451 1598 5504 edidit
1648 5452 1748 5509 hoc

161 5522 424 5592 synodali:
469 5523 743 5577 decretum
784 5526 921 5592 quod
954 5524 1300 5577 constitutum
1333 5521 1587 5589 appellari
1619 5537 1748 5576 con-

162 5593 470 5653 διιενὶι.,1ἰκ
522 5594 769 5647 Vaticana
805 5593 1121 5648 lnbliotheca
1171 5607 1310 5646 nunc
1355 5593 1567 5645 demum
1618 5595 1732 5649 inte

162 5678 320 5732 grum
351 5673 404 5717 et
435 5665 726 5733 perfectum
774 5666 927 5718 nobis
956 5663 1360 5733 suppeditarunt
1398 5665 1618 5717 annales
1649 5663 1747 5718 Baa

166 5735 343 5800 Ionii;
377 5751 495 5789 nam
530 5736 583 5790 in
620 5735 813 5789 Veneta
845 5735 1190 5790 conciliorum
1220 5733 1469 5791 Editione
1513 5733 1740 5792 subscri-

168 5805 380 5876 ptiones
418 5806 579 5878 (quas
613 5807 766 5861 modo
802 5807 1022 5876 integrat
1054 5806 1336 5876 edidimus)
1377 5805 1743 5886 episcoporum

1919 3243 2159 3299 Universi
2188 3242 2422 3313 episcopi
2447 3243 2776 3310 respondere
2798 3241 3118 3314 [presbyteri
3138 3249 3192 3296 et
3215 3240 3428 3298 diaconi

1843 3333 2113 3406 dixerunt]
2151 3354 2162 3387 :
2197 3334 2452 3389 Libertati
2495 3334 2877 3389 monachorum
2926 3333 3342 3410 congaudemus,
3374 3340 3431 3389 et

1845 3443 1963 3498 quae
1993 3441 2131 3482 nunc
2155 3429 2222 3481 de
2249 3427 2332 3482 bis
2357 3427 2538 3482 statuit
2570 3425 2842 3492 beatitudo
2864 3434 3035 3482 vestra
3064 3430 3336 3482 ﬁrmamus

2425 3520 2855 3588 Subscriptiones.

1919 3613 2204 3682 Gregorius
2233 3613 2515 3686 episc0pus
2543 3611 2819 3668 catholicae
2857 3619 2910 3666 et
2955 3609 3260 3680 apostolicae
3310 3609 3421 3664 Ro-

1847 3723 2016 3764 manae
2058 3707 2309 3764 Ecclesia:
2355 3708 2476 3762 huic
2519 3706 2807 3762 constituto
2845 3720 2877 3762 a
2904 3706 3061 3762 nobis
3088 3704 3424 3774 promulgato

1847 3798 2160 3868 subscripsi.

1920 3890 2173 3962 Agnellus
2201 3892 2484 3961 episcopus
2512 3888 2994 3945 sanctzetEcclesize
3025 3887 3427 3944 Ferentinensis

1847 3982 1971 4038 huic
1993 3985 2281 4038 constituto
2311 3997 2340 4036 a
2364 3981 2515 4037 vobis
2546 3980 2878 4050 promulgata
2906 3978 3217 4048 subscripsi.
3250 3977 3436 4038 ﬂumi-

1847 4074 1912 4130 lis
1945 4073 2202 4146 [Joannes
2232 4071 2470 4143 humilis]
2499 4074 2778 4142 episcopus
2821 4073 3131 4128 Belitreusis
3183 4069 3436 4142 [Veliter-
3470 4060 3472 4062 ’

1850 4167 2055 4240 nensis]
2080 4168 2201 4222 huic
2221 4169 2509 4223 constituto
2530 4181 2560 4222 a
2584 4167 2732 4222 vobis
2761 4168 3095 4236 promulgata
3117 4164 3433 4235 subscripsi.

1924 4262 1988 4315 Et
2017 4261 2094 4315 sic
2140 4259 2228 4314 alii
2258 4273 2446 4315 omnes
2473 4259 2739 4329 episcopi,
2776 4274 2998 4315 numero
3028 4257 3210 4336 viginti
3235 4273 3252 4323 ;
3305 4271 3436 4328 qua-

1851 4353 2146 4409 tuordecim
2179 4353 2505 4423 presbyteri,
2537 4361 2591 4408 et
2618 4351 2826 4406 diaconi
2855 4358 3112 4421 quatuor,
3147 4349 3234 4404 die
3262 4361 3432 4404 nonas

1851 4448 2068 4517 Aprilis,
2101 4447 2390 4502 indictione
2417 4446 2450 4497 4
2472 4445 2643 4520 [alias,
2675 4442 2729 4516 5]
2762 4454 2811 4500 ο,

1769 4565 1828 4630 D
1852 4606 2239 4662 desiderantur.
2272 4607 2469 4662 Seven.
2504 4605 2615 4658 Bm.

1924 4677 1951 4715 δ
2003 4679 2058 4730 In
2103 4676 2299 4732 Codice
2351 4673 2731 4730 Flaviniacensi
2786 4670 2905 4727 hzec
2959 4671 3437 4728 inseruntnrued

1849 4749 1895 4802 si
1944 4747 2262 4802 abundantes
2317 4748 2508 4816 fuerint
2543 4744 2632 4815 qui
2677 4745 2744 4797 ad
2799 4743 3121 4816 celebrandas
3175 4742 3277 4816 Dei
3326 4744 3440 4816 latt-

1854 4820 1944 4873 des
2003 4821 2078 4872 vel
2131 4813 2374 4870 utilitates
2433 4813 2864 4877 loci‘explemlas
2905 4815 3188 4882 sufﬁciant,
3243 4813 3306 4867 de
3358 4813 3438 4866 his

1849 4893 1936 4962 qui
1965 4890 2306 4962 superfuerint
2345 4887 2522 4955 offerat
2565 4888 2716 4942 abbas
2747 4902 2917 4939 coram
2946 4885 3050 4962 l_)co
3079 4900 3205 4962 quos
3258 4884 3439 4962 dignos

1853 4955 2092 5031 potuerit.
2127 4960 2367 5029 Quisquis
2395 4969 2562 5012 autem
2593 4975 2653 5012 ex
2705 4957 3007 5031 inanitate-rio
3050 4955 3117 5007 ad
3171 4955 3438 5008 ecclesias-

1853 5027 2007 5085 ticum
2036 5027 2276 5083 ordinent
2296 5033 2593 5098 pervenerit,
2624 5028 2834 5082 ulterius
2875 5027 2981 5080 illic
3008 5041 3098 5079 nec
3141 5034 3438 5097 potestatem

1852 5104 2076 5169 aliquam
2104 5117 2194 5154 nec
2226 5102 2480 5155 licentiam
2510 5101 2691 5154 habeat
2719 5098 3002 5152 habitandi.

1925 5163 1948 5213 (ἕ
1977 5173 2031 5226 ln
2062 5172 2257 5226 Codice
2298 5187 2398 5226 ms.
2456 5171 2687 5226 cmnobii
2737 5166 3184 5232 Flaviniacensis,
3215 5165 3268 5220 in
3301 5163 3433 5218 Bur-

1850 5243 2062 5313 gundize
2089 5245 2284 5300 ducatu
2315 5244 2375 5299 ι).
2407 5242 2917 5311 Augustodunensis,
2942 5237 3437 5313 integrteleguutur

1851 5306 2304 5384 subscriptiones,
2339 5306 2588 5384 quas'hic
2630 5313 2970 5381 subjunxissc
3017 5306 3120 5364 nun
3170 5306 3435 5378 ingratum

1852 5385 2013 5452 fuerit
2039 5383 2264 5450 curiosis
2292 5383 2599 5440 lectoribus.

1998 5500 2325 5555 Marinianus
2353 5499 2622 5553 Rauennas
2651 5499 2934 5618 episcogua.

1998 5573 2221 5618 Joannes
2245 5572 2509 5618 eniscanus
2539 5568 2805 5618 Ecclesim’
2857 5565 3022 5618 arenti

1994 5573 2221 5625 Joannes
2245 5572 2509 5641 episcopus
2539 5568 2781 5641 Ecclesia:
2800 5568 3119 5641 Tarentina.

1995 5642 2222 5712 Joannes
2243 5637 2503 5712 episcopus
2534 5638 2780 5712 Ec_cles_ice
2807 5637 3147 5712 Falaritanw.

1998 5711 2242 5783 Pelagius
2268 5708 2548 5782 cpiscopus
2584 5709 2830 5783 Ecclesia
2865 5708 3170 5783 Attagninw.

2006 5779 2265 5842 Romanus
2291 5779 2554 5854 episcopus
2583 5780 2824 5836 Ecclesiae
2857 5779 3148 5834 Blautanw.
