3928 6342
176 342 317 409 Ιὸιδ

998 418 1001 421 ἢ
1102 344 1447 405 APPENDIX
1485 347 1581 406 AD
1622 347 1682 406 S.
1722 344 2049 407 GREGORII
2087 346 2472 409 EPISTOLAS.

3296 356 3314 412 1
3329 354 3433 413 546

167 479 286 526 tero
314 466 451 523 tituli
480 472 784 523 sanctorum
814 464 1053 522 Gervasit
1082 476 1138 520 et
1164 466 1413 532 Protasii,
1447 466 1742 523 Deusdedit
1768 473 1823 532 Α
1847 483 1954 523 non
2004 469 2208 525 indulto
2245 469 2312 524 ad
2353 469 2752 525 deliberantium
2796 470 2883 526 vel
2926 474 3258 532 tractandum
3299 476 3434 536 mihi

178 563 493 634 presbytero
524 562 659 617 tituli
689 569 994 617 sanctorum
1037 560 1262 618 Joannis
1300 572 1354 618 et
1384 564 1550 631 Pauli,
1585 574 1609 612 ες
1636 564 1751 619 An-

170 654 476 710 dromacho
505 655 818 724 presbytero
849 650 876 689 ιι
906 654 1040 709 tituli
1073 654 1347 722 Eudoxire,
1381 655 1600 710 Rustico
1628 670 1753 725 pre-

171 746 392 815 sbytero
448 744 586 798 tituli
639 754 838 800 sanctae
876 745 1172 811 Susannaa,
1222 744 1238 784 ί
1284 746 1476 801 Vibulo
1528 746 1753 818 presby-

166 848 283 892 tero
322 838 461 892 tituli
507 837 679 892 sancti
709 837 961 902 Marcelli,
996 837 1227 894 Probino
1258 839 1566 911 presbytero
1608 839 1750 896 tituli

165 928 337 984 sancti
398 928 647 1000 Cyriaci,
702 929 906 984 Joanne
966 931 1280 1001 presbytero
1344 930 1480 985 tituli
1537 941 1754 986 sancto-

172 1034 290 1072 rum
338 1018 561 1074 Joannis
617 1028 671 1072 et
722 1018 910 1085 Pauli,
956 1020 1181 1089 Agapito
1242 1020 1555 1091 presbytero
1616 1020 1754 1076 tituli

173 1110 199 1149 ι
236 1113 513 1180 Eudoxiaz,
568 1109 744 1168 Felice
795 1113 1106 1186 presbytero
1137 1113 1273 1168 tituli
1322 1110 1341 1151 ι
1373 1123 1573 1170 sancta:
1602 1112 1756 1169 Sabi-

169 1219 279 1269 ηε,
324 1202 570 1260 Gratioso
616 1202 929 1274 presbytero
980 1204 1114 1257 tituli
1156 1214 1462 1260 sanctorum
1493 1203 1649 1260 Nerei
1698 1212 1754 1260 et

167 1296 397 1352 Achillei
421 1337 435 1361 ,
477 1295 749 1351 Bonifacio
790 1295 1102 1367 presbytero
1136 1296 1275 1350 tituli
1305 1305 1345 1332 ιη
1386 1296 1558 1352 sancti
1596 1295 1750 1352 Sixti.

163 1386 481 1444 Astantibus
510 1387 671 1444 etiam
697 1387 937 1442 diaconis
964 1396 1018 1442 et
1037 1395 1064 1424 ιι
1087 1387 1253 1455 clero,
1283 1387 1522 1443 Paterius
1544 1386 1754 1443 Secun-

163 1478 403 1533 dicerius
441 1476 575 1533 dixit
608 1494 620 1530 :
654 1476 860 1532 Probus
895 1476 1061 1533 abbas
1102 1478 1408 1533 monasterii
1446 1488 1753 1534 sanctorum

160 1568 399 1624 Andreae
437 1576 493 1622 et
531 1567 731 1636 Lucize,
764 1568 980 1637 vestris,
1032 1569 1076 1623 si
1129 1569 1435 1640 pramipitis,
1484 1570 1753 1627 desiderat

158 1660 470 1730 aspectibus
519 1660 855 1729 praesentari.
902 1657 1192 1728 Gregorius
1239 1661 1521 1730 episcopus
1553 1672 1753 1717 sancta:

161 1751 431 1806 Ecclesiae
455 1750 732 1805 catholica:
756 1749 901 1807 urbis
926 1751 1110 1805 Roma:
1139 1750 1273 1806 dixit
1303 1768 1318 1807 :
1351 1751 1563 1807 Veniat.
1591 1752 1754 1808 Cum-

1856 562 2051 631 spatio,
2075 563 2142 617 ad
2168 562 2549 619 monasterium
2567 565 2678 628 jam
2708 578 2828 618 cum
2856 566 3135 621 monachis
3161 569 3437 627 ambulare

1852 665 2070 712 coactus
2112 672 2250 711 sum.
2282 664 2307 691 ο
2342 656 2491 712 Unde
2528 662 2650 727 quia
2682 657 2811 715 nihil
2855 668 3011 714 antea
3040 661 3179 729 quod
3208 662 3274 717 de
3306 662 3434 717 sub-

1861 749 2112 804 stantiola
2137 764 2254 806 mea
2286 750 2516 805 occurrit
2542 749 2687 818 potui
2714 750 2987 817 ordinare;
3020 751 3217 807 idcirco
3249 753 3434 824 lacry-

1854 842 2123 898 mabiliter
2152 842 2412 912 supplico,
2445 851 2523 910 ut,
2566 856 2820 897 concessa
2863 858 2954 912 per
2992 842 3426 900 cuiistitntionetn

1853 944 2022 990 vestri
2050 942 2253 989 decreti
2283 934 2513 996 licentia,
2546 932 2627 988 fas
2651 934 2778 988 mihi
2816 933 2886 988 sit
2912 933 2979 988 de
3001 935 3246 989 omnibus
3266 936 3428 989 rebus

1856 1026 1993 1081 meis
2015 1026 2341 1080 voluntatem
2364 1039 2535 1079 meam
2559 1024 2865 1094 disponere,
2887 1034 3150 1095 quatenus
3174 1040 3270 1081 nec
3298 1026 3434 1083 mihi

1854 1115 2154 1171 obedientia
2185 1130 2301 1171 mea
2341 1114 2561 1180 ofﬁciat,
2597 1130 2696 1171 nee
2727 1116 2836 1171 ﬁlio
2861 1118 3077 1186 pauperi
3105 1119 3273 1187 possit
3314 1133 3436 1174 esse

1855 1207 2131 1263 damnosa.
2164 1207 2295 1263 Nam
2322 1208 2530 1263 cunctis
2554 1216 2738 1263 notum
2767 1217 2852 1265 est
2891 1210 3015 1279 quia
3046 1210 3165 1265 illos
3194 1221 3223 1259 Ρ
3250 1212 3436 1282 legalis

1854 1301 2065 1356 sanctio
2092 1300 2381 1370 quidquam
2426 1299 2494 1355 de
2532 1301 2826 1358 substantia
2855 1317 2950 1357 sua
2983 1303 3249 1373 prohibet,
3291 1315 3438 1373 post-

1856 1408 2019 1468 quam
2044 1397 2423 1449 monasterium
2444 1394 2672 1465 ingressi
2702 1395 2918 1463 fuerint,
2943 1396 3212 1463 ordinare,
3243 1398 3436 1468 quibus

1854 1466 2312 1556 disponendarum
2336 1501 2513 1543 rerum
2542 1501 2757 1543 suarum
2785 1490 3021 1559 suppetit
3043 1498 3168 1545 ante
3196 1466 3447 1557 licentia,

1854 1597 1960 1637 non
1986 1592 2163 1638 autem
2192 1596 2286 1638 eos
2304 1596 2437 1652 quos
2461 1580 2526 1635 ad
2559 1582 2659 1636 hoc
2687 1583 2829 1652 quod
2861 1598 3129 1653 nunquam
3161 1592 3426 1639 tractave-

1853 1682 1974 1727 rant
2020 1674 2422 1743 praapositorum
2467 1686 2684 1726 suorum
2736 1687 2921 1741 parere
2963 1674 3104 1744 cogit
3152 1674 3431 1729 instantia.

1854 1762 1988 1830 Quia
2015 1765 2157 1819 sicut
2185 1764 2313 1833 legis
2334 1764 2579 1820 voluntas
2609 1764 2711 1821 hoc
2730 1779 2794 1821 ex
2817 1766 3205 1822 deliberatione
3232 1765 3433 1823 facien-

158 1857 267 1911 que
319 1842 587 1911 ῑηενθεευε
640 1841 859 1907 MSS“:
904 1842 1041 1898 ἀίιίῑ
1072 1859 1086 1895 ε
1128 1842 1235 1897 ουτ
1279 1842 1470 1899 adesse
1520 1844 1752 1901 νοιυθτίε
1780 1865 1831 1928 Β
1859 1854 2000 1910 tibus
2027 1853 2363 1917 contradicit,
2392 1855 2461 1909 ita
2487 1865 2515 1905 τι
2534 1857 2615 1911 eis
2635 1856 2725 1926 qui
2756 1856 3144 1927 compelluntur
3171 1873 3200 1912 a
3228 1856 3434 1928 majore

158 1934 315 1991 fateri
344 1943 397 1990 te
440 1937 711 1991 convenit.
756 1936 961 1992 Probus
1009 1936 1177 1992 abbas
1206 1935 1385 1991 dixit:
1431 1937 1751 1995 Petitionem

167 2041 287 2098 pra:
332 2026 578 2082 manibus
623 2027 811 2082 habeo.
855 2026 1073 2081 Postulo
1119 2043 1149 2081 a
1191 2027 1523 2083 beatitudine
1549 2028 1754 2085 domini

158 2119 270 2174 mei
295 2129 351 2175 ut
371 2133 491 2174 eam
519 2120 713 2189 suscipi
744 2119 963 2175 etvobis
992 2120 1156 2190 relegi
1177 2119 1425 2189 iubeatis.
1457 2118 1749 2193 Gregorius

159 2209 305 2263 dixit
336 2226 351 2263 :
382 2209 518 2264 Fiat.
559 2208 689 2276 Quae
732 2222 851 2264 cum
880 2217 1127 2277 suscepta
1160 2209 1364 2277 luisset,
1412 2210 1652 2265 Paterius
1699 2211 1753 2266 in

162 2302 249 2357 bis
288 2302 577 2358 recitavit:
628 2302 687 2356 In
736 2304 952 2358 nomine
1004 2301 1215 2356 Domini
1266 2301 1361 2357 Dei
1410 2304 1580 2359 nostri
1626 2302 1756 2358 Jesu

159 2394 385 2457 Christi,
419 2394 717 2465 imperante
757 2394 970 2467 1293
998 2396 1195 2449 domno
1241 2395 1498 2450 Mauricio
1538 2396 1756 2452 Tiberio

160 2485 409 2556 piissimo
435 2485 689 2555 August.,
720 2498 859 2539 anno
893 2484 977 2551 M,
1011 2495 1132 2554 post
1155 2488 1487 2542 consulatum
1513 2488 1757 2558 ejusdem

160 2577 370 2633 domini
415 2577 584 2633 nostri
620 2577 708 2645 15,
758 2578 842 2634 die
871 2579 1029 2633 tertio
1050 2577 1271 2634 Kalend.
1316 2580 1583 2649 Octobris,
1616 2582 1756 2639 indi-

160 2672 349 2726 ctione
374 2680 580 2740 quarta.
618 2669 692 2724 Ea
722 2686 841 2739 quae
882 2684 1024 2725 nunc
1071 2671 1385 2726 beatitudini
1412 2682 1605 2729 vestra;
1636 2675 1758 2731 iuti-

161 2778 316 2818 inare
365 2761 610 2818 desidero
668 2763 794 2816 olim
849 2762 1067 2817 domino
1125 2777 1246 2819 meo
1294 2766 1430 2821 bene
1484 2782 1759 2837 comperta

161 2866 333 2923 sunt,
384 2867 721 2925 veStramque
768 2855 902 2910 mihi
955 2856 1338 2912 conscientiam
1393 2868 1581 2916 testem
1637 2878 1760 2920 esse

164 2954 284 3009 scio
334 2967 454 3022 qua:
507 2967 767 3022 suggero,
820 2953 1069 3022 quoniam
1114 2952 1239 3007 dum
1289 2963 1412 3008 ante
1460 2957 1555 3009 hos
1588 2969 1759 3011 annos

176 3058 243 3099 ex
300 3043 433 3098 laico
478 3042 546 3097 ad
587 3044 893 3114 religiosum
939 3044 1252 3114 migrassem
1294 3043 1550 3111 ofﬁcium,
1580 3046 1758 3115 dispo-

163 3150 382 3191 sueram
415 3135 469 3190 in
514 3136 711 3192 cellula
740 3150 857 3191 mea
884 3150 1045 3205 super
1075 3151 1163 3191 me
1192 3136 1462 3192 solitarius
1496 3139 1755 3211 habitare,

1857 1944 2143 2001 succurrit.
2175 1945 2321 2000 Hanc
2341 1955 2517 2001 autem
2540 1947 2934 2017 suggestionem
2962 1948 3434 2019 supplicationem-

1855 2052 1959 2106 que
1981 2051 2154 2090 meam
2185 2036 2476 2092 IEmiliano
2503 2039 2715 2109 1299
2737 2047 2760 2075 ι’
2795 2038 2999 2094 notario
3025 2052 3222 2096 sanctae
3252 2041 3439 2097 Eccle-

1856 2130 1952 2183 sia:
1981 2128 2238 2184 Romana:
2276 2139 2405 2185 noto
2451 2146 2573 2185 meo
2621 2131 2953 2187 scribendam
3004 2132 3234 2195 dictavi,
3279 2132 3437 2204 eique

1857 2219 2065 2289 propria
2092 2234 2252 2274 manu
2284 2236 2381 2289 ego
2411 2220 2616 2274 Probus
2637 2236 2824 2277 servus
2853 2232 3027 2277 vester
3046 2223 3356 2293 subscripsi,
3380 2231 3436 2278 et

1856 2311 2009 2366 vobis
2039 2310 2346 2366 beatissimo
2369 2309 2569 2366 domno
2592 2325 2713 2367 meo
2735 2311 2993 2383 Gregorio
3022 2328 3172 2382 papas
3196 2312 3430 2382 porrexi.

1859 2405 1973 2478 Ego
2010 2405 2216 2461 Probus
2240 2420 2424 2460 servus
2450 2414 2626 2460 vester
2658 2406 2781 2461 huic
2807 2408 3043 2476 petitioni
3071 2422 3101 2460 a
3124 2421 3209 2462 me
3236 2406 3432 2462 oblata

1857 2498 2172 2566 s’u‘bscripsi.
2203 2496 2491 2566 Gregorius
2520 2496 2657 2551 dixit
2682 2512 2698 2552 :
2733 2497 3014 2567 Postquam
3047 2507 3219 2554 textus
3245 2498 3438 2554 oblatae

1861 2587 2134 2659 petitionis
2185 2587 2338 2642 nobis
2383 2586 2650 2653 innotuit,
2699 2587 2905 2644 Probus
2958 2589 3122 2643 abbas
3171 2571 3436 2659 paulisper

1859 2678 2132 2743 abscedat,
2166 2686 2223 2732 ut
2251 2677 2318 2732 de
2346 2676 2429 2733 liis
2457 2693 2575 2746 quae
2605 2678 2737 2746 petit
2776 2692 2897 2734 cum
2927 2679 3179 2736 fratribus
3208 2679 3435 2750 ﬁliisque

1862 2770 2061 2825 nostris
2081 2768 2204 2839 quid
2233 2770 2571 2823 statuendum
2602 2768 2673 2824 sit
2698 2769 2989 2825 deliberare
3011 2771 3295 2840 possimus.
3320 2772 3435 2839 Quo

1860 2861 2169 2923 recedente,
2198 2870 2477 2929 postquam
2508 2859 2597 2915 diu
2628 2860 2695 2915 de
2726 2861 2842 2929 ejus
2870 2862 3124 2932 petitione
3154 2870 3435 2919 tractatum
3499 2864 3502 2868 “

1859 2962 1965 3021 est,
2005 2953 2187 3008 dixit:
2212 2951 2418 3007 Probus
2442 2950 2626 3018 abbas,
2659 2966 2815 3021 quem
2843 2952 3032 3006 abesse
3060 2952 3325 3019 paululum
3356 2952 3435 3007 fe-

1860 3059 2127 3112 ceramus,
2170 3058 2354 3099 rursus
2380 3043 2650 3109 adveniat,
2682 3051 2738 3096 ut
2763 3056 2826 3097 ea
2854 3058 2973 3112 qua:
3000 3043 3151 3098 nobis
3176 3058 3295 3098 cum
3334 3043 3440 3099 fra-

1864 3139 2037 3195 tribus
2065 3138 2291 3207 ﬁliisque
2315 3138 2514 3193 nostris
2554 3137 2605 3191 in
2631 3149 2909 3191 commune
2939 3137 3040 3191 visa
3069 3146 3190 3192 sunt
3218 3152 3438 3193 censea-

163 3229 354 3299 ibique
382 3227 514 3298 ipsis
545 3229 727 3298 paucis
756 3228 942 3285 diebus
984 3229 1072 3299 qui
1102 3240 1388 3300 supersunt
1416 3232 1577 3286 vitam
1610 3240 1755 3286 tran-
1787 3251 1832 3314 ρ
1864 3244 2006 3285 mus.
2028 3227 2269 3294 Cumque
2294 3234 2643 3293 praasentatus
2668 3226 2871 3291 fuisset,
2900 3224 3034 3279 dixit
3064 3242 3078 3279 :
3117 3224 3214 3281 Ubi
3243 3226 3437 3281 veritas

163 3323 347 3389 sigere
369 3337 382 3374 :
408 3329 628 3391 propter
654 3319 797 3391 quod
829 3336 927 3377 nec
950 3321 1148 3391 aliquid
1176 3321 1243 3377 de
1267 3322 1615 3378 substantiola
1638 3338 1754 3379 mea

163 3422 299 3468 ante
327 3412 571 3466 ordinavi
612 3412 726 3468 sive
752 3412 1026 3487 disposui,
1056 3414 1231 3470 sciens
1263 3423 1370 3469 tam
1408 3413 1477 3469 ab
1510 3416 1757 3470 intestato

171 3516 339 3572 quam
369 3517 435 3557 ex
488 3512 807 3558 testamento
854 3504 1016 3558 tilium
1067 3504 1198 3561 mihi
1252 3520 1411 3575 posse
1439 3507 1755 3563 succedere.

164 3592 412 3662 Quadam
464 3603 641 3652 autem
687 3594 806 3661 die,
847 3595 972 3650 dum
1013 3597 1154 3652 inter
1199 3598 1334 3652 alios
1383 3600 1449 3653 ad
1500 3600 1759 3670 obsequia

168 3686 379 3743 nomini
407 3690 514 3744 mei
544 3688 763 3744 fuissem
790 3690 1084 3760 ingressus,
1113 3691 1292 3747 subito
1310 3701 1469 3761 atque
1492 3694 1760 3761 inopinato

170 3780 405 3835 introire
447 3781 502 3835 in
533 3781 939 3845 monasterium,
971 3791 1130 3851 atque
1156 3790 1214 3837 ut
1240 3796 1402 3837 onera
1433 3781 1639 3838 abbatis
1669 3785 1762 3839 de-

172 3870 416 3927 buissem
448 3873 723 3942 suscipere
755 3873 1107 3943 praecepistis.
1141 3872 1442 3944 Statimque
1462 3884 1761 3944 surgentes,

168 3986 399 4061 synodi_
413 3987 671 4061 judicium
715 3988 1150 4061 subscripserunt
1193 3989 1490 4059 presbyteri
1517 4002 1761 4061 _numero

175 4058 359 4129 L'xvn.
381 4058 457 4112 Ex
483 4058 711 4113 concilio
738 4059 893 4112 Rom.
924 4075 976 4125 v,
1001 4060 1099 4114 sub
1118 4058 1444 4129 Symmacho
1469 4078 1481 4111 :
1511 4058 1762 4114 Universa

172 4128 407 4202 synodus
431 4130 580 4202 dixit,
612 4146 716 4183 una
744 4145 859 4202 voce
882 4130 1143 4197 dixerunt,
1166 4128 1441 4184 clamatum
1467 4140 1540 4184 est
1566 4130 1629 4183 ab
1655 4148 1762 4183 om-

173 4200 332 4256 nibus
359 4200 609 4269 episcopis
637 4208 684 4254 et
713 4200 1014 4271 presbyteris
1047 4215 1067 4255 :
1099 4202 1159 4257 Si
1197 4203 1309 4271 quis
1340 4203 1448 4256 haec
1473 4218 1584 4268 qua:
1614 4202 1763 4256 hodie

174 4274 233 4327 in
267 4268 442 4324 sancta
469 4271 666 4341 synodo
696 4268 950 4335 prohibita
978 4281 1116 4337 sunt,
1141 4268 1247 4327 etc.
1281 4272 1758 4343 Symmachus......

178 4344 319 4416 dixit
345 4357 364 4395 :
393 4343 796 4416 Acclamationes
824 4352 1019 4416 vestras
1047 4346 1327 4414 synodique
1345 4345 1602 4416 judicium
1630 4360 1763 4412 prte-

177 4413 349 4468 sentia
376 4412 653 4482 suscipicnt
683 4423 845 4484 gesta.
877 4413 1007 4467 Cum
1031 4412 1359 4480 resedissent,
1377 4418 1513 4484 facto
1538 4413 1762 4479 silentio,

180 4485 425 4556 universa
454 4485 679 4553 synodus
699 4484 832 4556 dixit
855 4500 873 4537 :
907 4484 1143 4556 Quisquis
1164 4487 1488 4556 clericorum,
1517 4497 1623 4539 etc.
1652 4496 1767 4556 post

180 4558 321 4610 hanc
359 4554 577 4625 formam
606 4571 638 4607 a
668 4554 812 4608 nobis
853 4554 1107 4625 prolatam
1136 4556 1214 4608 his
1257 4554 1471 4608 decretis
1516 4554 1768 4609 contraire

182 4627 587 4698 praesumpserit,
607 4628 809 4698 statutis
836 4627 1093 4698 canonicis
1115 4628 1246 4698 velut
1274 4625 1625 4698 schismaticus
1650 4642 1769 4698 perf-

182 4695 425 4751 cellatur.
480 4696 556 4750 Ex
598 4696 793 4751 concil.
838 4695 997 4749 Rom.
1035 4710 1108 4758 vr,
1145 4695 1245 4750 sub
1274 4695 1595 4765 Symmacho
1636 4695 1656 4750 τ
1691 4695 1768 4749 Ab

181 4768 439 4822 universis
470 4767 720 4838 episcopis
747 4775 795 4820 et
830 4766 1134 4838 presbyteris
1167 4769 1549 4838 acclamatum;
1574 4765 1771 4822 Sancta

181 4840 416 4909 synodus
442 4838 568 4909 dixit
599 4853 618 4893 :
642 4836 775 4892 Cum
798 4846 962 4890 vestro
976 4836 1179 4909 judicio
1199 4838 1473 4891 sancimus.
1502 4837 1628 4891 Hmc
1660 4854 1761 4892 om.

185 4908 283 4963 nes
314 4908 622 4961 unanimiter
656 4908 1039 4975 conﬁrmamus.
1084 4908 1184 4973 Qui
1221 4910 1328 4962 hwc
1356 4909 1765 4965 violaverit......

186 4979 377 5050 synodi
400 4979 679 5045 judicium.
717 4982 781 5050 Et
804 4978 858 5033 in
887 4979 1277 5048 subscriptione
1306 4997 1319 5033 :
1353 4979 1453 5033 His
1482 4982 1771 5036 constitutis

189 5049 537 5122 synodalibus
568 5066 602 5104 a
643 5049 791 5122 nobis
829 5050 1054 5122 probatis
1095 5059 1246 5122 atque
1284 5050 1502 5121 ﬁrmatis
1543 5068 1771 5106 annuens

192 5122 492 5191 subscripsi.
516 5120 712 5191 Partim
741 5136 804 5174 ex
833 5121 1095 5175 Gusssuv.

270 5201 295 5239 ε
327 5190 581 5246 anatic.
614 5190 657 5245 D
685 5193 876 5258 legitur
904 5194 1252 5247 Andromadio
1280 5202 1334 5249 et
1359 5193 1769 5247 Andromarcho.

268 5260 295 5298 ιι
321 5262 376 5316 In
402 5261 571 5317 Vatic.
604 5262 671 5326 A,
694 5263 829 5316 tituli
862 5261 1111 5318 Eudoxiw
1130 5267 1259 5318 alias
1280 5273 1470 5318 sancta:
1492 5266 1768 5319 Susannw.

274 5331 422 5403 lllic
448 5334 727 5403 presbyter
749 5342 966 5387 vocatur
993 5334 1046 5387 in
1075 5334 1306 5389 Colbert.
1337 5345 1392 5390 et
1416 5334 1588 5390 Vatic.
1621 5335 1681 5399 Β,
1706 5333 1769 5401 D,

197 5403 265 5471 Ε,
300 5402 534 5457 Vivulus.
557 5402 613 5457 In
648 5403 814 5458 Vatic.
844 5405 888 5457 A
915 5414 967 5457 et
997 5403 1061 5467 F,
1084 5404 1311 5458 Jubilus.

271 5477 300 5511 ⁸
334 5474 499 5529 Vaiic.
526 5474 567 5527 A
590 5483 644 5529 et
670 5475 729 5537 Β,
758 5483 948 5527 sanctae
978 5473 1246 5529 Eudoxite.

276 5541 295 5582 ι
324 5546 584 5611 Colbert.,
609 5546 837 5615 quinque
860 5544 1028 5599 Vatic.
1052 5554 1106 5600 et
1132 5546 1242 5609 alii,
1267 5544 1492 5601 Savinar.

274 5624 311 5651 ιη
336 5616 507 5669 Vatic.
539 5621 602 5677 Α,
634 5629 823 5669 sanctte
847 5616 1033 5670 crucis.

272 5693 301 5724 ιι
326 5687 570 5743 Pristinis
587 5684 820 5741 moribus
841 5687 1216 5741 consulebatur
1234 5686 1411 5742 clerus
1426 5704 1439 5749 ;
1456 5687 1772 5756 jamdudum

198 5759 482 5828 negligitur
525 5775 540 5811 :
581 5758 694 5824 ejus
741 5768 917 5811 autem
960 5760 1249 5814 auctoritas
1291 5758 1443 5827 quasi
1486 5762 1772 5813 intermor-

201 5839 290 5887 tua
324 5831 531 5904 jacens,
568 5829 758 5896 vixque
786 5842 912 5885 ausa
941 5833 1224 5900 respirare.
1257 5832 1528 5886 nonnullis
1559 5831 1771 5887 tandem

1792 4523 1845 4585 ῐ)

1861 3338 1982 3379 cum
2034 3322 2243 3376 ratione
2290 3319 2607 3387 concordat,
2645 3319 2910 3376 desideria
2951 3319 3178 3389 petentis
3220 3320 3441 3390 implere

1862 3430 1969 3470 non
1993 3414 2170 3469 minus
2194 3411 2393 3482 justum
2416 3419 2501 3465 est
2526 3426 2682 3481 quam
2716 3410 3019 3482 benignum.
3046 3409 3313 3479 Perpensa
3342 3410 3441 3481 igi-

1861 3518 1948 3563 tur
1975 3508 2115 3563 serie
2147 3522 2176 3561 a
2222 3516 2274 3562 te
2300 3503 2576 3576 petitionis
2604 3505 2816 3570 oblatae,
2847 3506 3024 3561 omnia
3056 3519 3175 3571 quae
3200 3506 3253 3559 in
3276 3520 3336 3560 ea
3364 3504 3443 3560 lo-

1859 3609 2015 3655 cutus
2045 3614 2126 3667 es,
2155 3601 2223 3653 ita
2252 3613 2373 3653 esse
2402 3597 2706 3652 recolimus.
2755 3596 2933 3668 Neque
2976 3598 3116 3653 enim
3148 3598 3230 3652 vel
3260 3598 3314 3651 in
3345 3611 3444 3652 no-

1861 3701 2026 3749 stram
2067 3705 2297 3759 unquam
2341 3698 2498 3743 antea
2538 3688 2913 3757 cogitationem
2940 3689 3272 3754 ascenderat,
3304 3688 3442 3743 utin

1870 3796 2186 3853 quocunque
2215 3781 2536 3837 monasterio
2582 3779 2787 3835 abbatis
2817 3779 2913 3834 tibi
2941 3794 3121 3835 curam
3169 3779 3446 3835 debuisse-

1874 3890 1991 3929 mus
2025 3872 2324 3943 injuugere.
2354 3871 2463 3926 Sed
2487 3870 2717 3942 quodam
2746 3870 2854 3937 die,
2886 3869 3012 3925 dum
3043 3870 3110 3925 de
3139 3869 3436 3925 ordinando

1871 3987 2145 4056 episcopis
2189 3986 2635 4042 exsuscitantibus
2676 3984 2960 4056 reviviscit.
2995 3985 3123 4040 Vide
3162 3996 3445 4041 extractum

1870 4054 1933 4112 ra:
1974 4054 2100 4111 actis
2130 4059 2379 4128 generalis
2408 4057 2590 4128 synodi
2619 4057 2866 4128 Adigzcesis
2894 4054 3233 4128 Tornacensis
3263 4058 3449 4113 habita:

1870 4131 1953 4183 die
1982 4130 2049 4184 i5
2070 4126 2254 4183 mensis
2281 4127 2426 4183 Junii
2438 4126 2539 4183 'an.
2572 4126 2729 4191 1675,
2762 4128 2851 4181 ubi
2882 4127 3054 4181 clerus
3081 4127 3133 4181 in
3159 4143 3307 4194 spem
3345 4130 3450 4183 ad-

1869 4201 2080 4255 ducitur
2130 4201 2325 4255 veteris
2355 4199 2663 4269 αὐτονομίας
2690 4198 3088 4269 recuperandae,
3120 4197 3246 4269 dum
3274 4199 3446 4268 agitur

1870 4272 2139 4343 diligenter
2165 4286 2225 4323 ac
2252 4271 2477 4324 studiose
2497 4267 2611 4343 cum
2641 4270 2872 4323 universo
2905 4267 3149 4343 Ecclesia:
3184 4267 3341 4343 clero,
3378 4269 3447 4324 de

1871 4338 1996 4396 ﬁdei
2024 4350 2434 4396 conservatione
2459 4350 2511 4395 et
2539 4340 2893 4403 incremento,
2929 4338 3307 4392 reformatione
3338 4354 3450 4393 mo-

1876 4429 2019 4479 rum,
2059 4427 2121 4467 ac
2160 4411 2495 4466 observantia
2526 4411 2820 4478 disciplina:
2842 4406 3290 4479 ;_,decernuntur,
3323 4425 3448 4477 pro-

1873 4477 2172 4556 inulgantur
2203 4484 2374 4556 capita
2416 4484 2479 4535 de
2494 4477 2688 4556 synodi
2717 4477 2932 4556 consilio
2961 4487 3009 4529 et
3035 4493 3264 4556 assensu.
3298 4478 3450 4534 Scili.

1871 4564 1955 4609 cet
1986 4549 2059 4608 ita
2087 4553 2211 4608 lata:
2240 4552 2385 4622 leges
2420 4549 2653 4606 animum
2685 4549 3291 4622 percutiuntgravitate,
3320 4566 3450 4617 pon-

1872 4627 2021 4689 dere,
2049 4620 2336 4692 aequitate;
2358 4622 2660 4690 saepiusque
2687 4622 2872 4692 harum
2899 4620 3232 4692 probatores,
3261 4634 3450 4676 suaso-

1872 4710 1957 4751 res
1982 4690 2142 4765 pudet
2157 4709 2269 4765 non
2295 4707 2414 4747 esse
2455 4692 2705 4746 factores.
2740 4691 2871 4745 Vide
2899 4690 3090 4743 concil.
3122 4691 3325 4747 Antiss.
3356 4707 3447 4747 an.

1871 4763 1995 4828 SUO,
2023 4781 2072 4820 c.
2115 4763 2207 4817 45.
2236 4765 2499 4820 ϐυεδΑΝν.

1944 4845 1969 4873 ο
2016 4836 2255 4889 Vaticani
2284 4843 2533 4901 quatuor,
2566 4834 2700 4887 unde
2723 4834 2843 4904 quia
2882 4832 3014 4888 nihil
3040 4838 3190 4885 antea
3230 4832 3292 4887 de
3329 4832 3452 4888 sub-

1870 4908 2109 4962 stantiola
2139 4923 2249 4958 mea
2283 4907 2481 4957 occurri
2506 4906 2581 4957 rel
2609 4907 2774 4972 potui.

1946 4988 1972 5028 P
2005 4979 2134 5032 Vide
2179 4976 2524 5040 Alteserram,
2576 4976 2642 5029 ad
2688 4975 2845 5040 epist.
2876 4976 2904 5028 7
2955 4975 3049 5031 lib.
3082 4973 3207 5029 olim
3238 4989 3333 5040 vti,
3367 4990 3449 5028 in-

1873 5050 2002 5105 dict.
2031 5047 2086 5113 2,
2135 5054 2191 5101 et
2230 5046 2592 5100 Mabilloniutn
2633 5048 2698 5100 de
2726 5046 2804 5101 Re
2846 5046 3101 5115 Diplom.,
3134 5045 3224 5099 lib.
3258 5061 3294 5112 ι,
3322 5060 3371 5100 c.
3393 5044 3449 5111 2,

1877 5121 1904 5191 §
1936 5120 2022 5184 10,
2052 5127 2104 5172 et
2134 5124 2315 5191 notam
2338 5117 2559 5186 primam
2578 5116 2649 5191 _a_d
2674 5116 2897 5191 epist._7
2929 5118 3021 5191 lib.
3046 5133 3130 5191 Vix.

1948 5200 1975 5239 τι
2010 5191 2081 5243 tta
2110 5188 2443 5243 restituimus
2469 5203 2534 5241 ex
2576 5186 2703 5242 Mss.
2740 5187 2931 5251 Vatic.,
2963 5186 3199 5243 Golbert.
3231 5195 3285 5241 et
3311 5186 3450 5242 aliis.

1873 5259 1933 5314 In
1971 5260 2139 5315 Editis
2178 5260 2388 5328 legitur,
2414 5259 2486 5312 eis
2515 5259 2601 5329 qui
2638 5260 3033 5329 compelluntur,
3062 5262 3260 5312 maiore
3294 5257 3453 5311 oravi:

1876 5331 2048 5385 dentia
2073 5330 2343 5383 succurrit.

1951 5411 1973 5439 τ
2016 5401 2353 5471 Notariorum
2380 5400 2748 5471 episcoporum
2779 5399 3029 5471 frequens
3049 5408 3133 5455 est
3158 5399 3361 5453 mentio
3400 5399 3452 5453 in

1876 5473 2106 5527 concilio
2148 5470 2590 5537 Clialcedoneusi,
2633 5483 2756 5525 ante
2806 5470 2947 5541 quod
2998 5471 3367 5541 Epiphanius,
3402 5472 3452 5524 in

1880 5543 2070 5598 Interesi
2118 5542 2209 5609 7i,
2258 5557 2312 5609 p.
2360 5542 2486 5603 830,
2528 5542 2771 5594 meminit
2802 5543 3068 5611 Eutycties
3096 5551 3150 5594 et
3193 5540 3452 5595 'l'beodnli

1877 5616 2202 5667 notariorum
2237 5612 2417 5665 Basilii
2446 5611 2711 5681 Aneyrani
2742 5614 2996 5681 episcopi.
3028 5613 3181 5678 Apud
3204 5612 3451 5679 Augusti-

1878 5700 2028 5749 num,
2059 5684 2149 5737 lib.
2186 5696 2241 5737 tu
2268 5692 2450 5736 contra
2476 5684 2841 5750 Cresconiuin,
2876 5700 2925 5738 ο.
2952 5683 3043 5748 29,
3078 5684 3131 5736 in
3163 5685 3297 5737 actis
3326 5696 3451 5734 con-

1877 5755 2137 5811 sularibus
2184 5753 2285 5807 sub
2316 5752 2632 5820 Zenopbilo,
2679 5754 3036 5808 Nundinarins
3078 5755 3337 5807 diaconus
3369 5753 3446 5803 tli-

1877 5828 2015 5884 citur
2034 5835 2288 5895 exceptor
2312 5824 2513 5879 Silvani
2547 5824 2840 5880 Cirtliensis
2873 5827 3108 5897 episcopi
3142 5823 3448 5887 Donatistae,
