3928 6342
506 292 632 350 1551

505 408 584 462 nis
608 405 861 478 adiiciant
885 410 940 459 et
959 413 1143 458 eorum
1163 400 1251 473 qui
1281 401 1333 457 in
1365 401 1535 457 laicali
1562 401 1752 456 ordine
1778 400 2083 455 consistunt
2113 404 2168 465 Α

504 497 917 561 observantiam,
952 495 1090 552 sicut
1113 496 1249 561 loco,
1284 495 1353 549 ita
1383 493 1643 567 religione
1671 492 2006 563 praacellant.

574 609 652 664 De
684 610 794 679 ipsa
825 622 952 665 vero
971 607 1060 663 die
1083 606 1350 663 Dominica
1380 605 1693 661 btesitamus
1718 605 1969 675 quidnam
1998 604 2086 659 di-

502 715 731 758 cendum
760 703 851 766 sit,
875 715 992 754 cum
1012 712 1197 753 omnes
1226 698 1345 752 laici
1367 706 1421 752 et
1436 698 1721 753 saeculares
1746 696 1834 751 illa
1852 696 1941 751 die
1965 696 2086 765 plus

504 795 663 850 solito
691 802 906 849 caeteris
927 792 1117 847 diebus
1144 790 1447 847 accuratius
1468 791 1619 847 cibos
1646 805 1888 845 carnium
1916 802 2083 859 appe-

504 895 639 952 tant;
664 897 716 941 et
746 885 847 939 nisi
878 899 1013 938 nova
1042 883 1268 953 quadam
1288 882 1538 938 aviditate
1567 897 1735 953 usque
1760 883 1825 937 ad
1856 882 2085 938 mediam

501 996 713 1040 noctem
742 997 801 1038 se
831 982 1193 1054 ingurgitent,
1241 980 1449 1052 1303
1494 996 1602 1035 non
1646 980 1801 1035 aliter
1831 995 1890 1035 se
1931 977 2085 1048 hujus

506 1080 641 1133 sar-ri
672 1075 930 1146 temporis
956 1075 1384 1131 observationem
1407 1076 1682 1143 suscipere
1708 1084 1914 1145 putant.
1931 1072 2086 1142 Quod

505 1170 687 1240 utique
718 1185 823 1225 non
852 1170 1079 1235 rationi,
1112 1170 1206 1224 sed
1237 1168 1527 1238 voluptati.
1563 1167 1672 1222 imo
1698 1166 1907 1223 cuidam
1932 1180 2089 1221 men-

502 1262 570 1319 tis
597 1263 821 1318 caacitati
849 1261 1220 1318 ascribendum
1252 1270 1364 1325 est;
1394 1260 1533 1316 unde
1559 1274 1658 1315 nec
1676 1275 1705 1313 a
1738 1259 1827 1313 tali
1855 1272 2087 1314 consue.

504 1356 693 1410 tudine
722 1355 894 1410 averti
915 1364 1157 1424 possunt,
1181 1362 1236 1407 et
1266 1353 1386 1408 ideo
1416 1367 1535 1407 cum
1566 1353 1719 1407 venia
1748 1365 1846 1406 suo
1876 1348 2089 1420 ingenio

502 1446 837 1515 relinquendi
866 1456 1013 1514 sunt,
1044 1463 1111 1502 ne
1142 1446 1278 1501 forte
1309 1446 1521 1516 pejores
1549 1447 1779 1501 existant
1807 1486 1821 1509 ,
1853 1446 1897 1498 si
1929 1459 1959 1498 a
1992 1442 2086 1497 tali

504 1539 893 1594 consuetudine
936 1538 1337 1609 prohibeantur.
1393 1536 1460 1591 Ut
1488 1538 1628 1592 enim
1674 1538 1748 1590 ait
1793 1535 2085 1592 Salomon:

508 1629 611 1694 Qui
633 1634 846 1684 multum
867 1630 1113 1700 emungit,
1138 1629 1271 1682 elicit
1289 1630 1591 1698 sanguinem
1613 1626 1795 1695 (Prov.
1821 1641 1951 1693 xxx,
1971 1622 2087 1695 35).

577 1741 643 1795 Et
674 1751 786 1810 post
815 1760 999 1812 pauca.

576 1855 677 1910 Par
701 1866 878 1911 autem
907 1865 988 1911 est
1016 1867 1073 1911 ut
1100 1858 1291 1923 quibus
1314 1856 1502 1911 diebus
1528 1870 1556 1909 a
1597 1869 1757 1910 carne
1779 1855 2085 1908 animantum

505 1945 839 2002 abstinemus
863 1990 879 2014 ,
911 1951 978 2002 ab
1007 1950 1255 2004 omnibus
1281 1964 1493 2019 quoque
1522 1964 1643 2019 quae
1675 1949 1699 1987 δ
1738 1949 2090 2004 sementinam

508 2040 690 2093 carnis
722 2040 939 2093 trahunt
965 2040 1225 2111 originem
1247 2080 1261 2107 ,
1298 2040 1336 2111 jc
1353 2039 1622 2111 juncmus,
1652 2040 1790 2095 lacte
1822 2040 2091 2106 videlicet,

505 2144 687 2194 caseo.
718 2141 772 2187 et
798 2132 935 2187 ovis.

578 2241 649 2297 Et
677 2253 791 2315 post
816 2261 995 2314 pauca.

574 2356 840 2412 Czeterum
870 2359 1095 2426 piscium
1120 2360 1209 2428 jus
1234 2358 1303 2413 ita
1324 2358 1632 2415 Christiano
1662 2360 2004 2430 relinquitur,
2036 2372 2095 2418 ut

508 2447 612 2501 hoc
656 2447 706 2502 ei
740 2448 1066 2503 infirmitatis
1100 2451 1380 2517 solatium,
1423 2466 1531 2506 non
1561 2452 1789 2508 luxuriae
1816 2455 1986 2522 pariat
2013 2470 2093 2508 tn-

504 2537 775 2592 cendium.
801 2539 1041 2609 Denique
1070 2542 1157 2609 qui
1185 2555 1215 2594 a
1242 2556 1403 2597 carne
1425 2542 1677 2608 abstinet,
1704 2558 2035 2613 nequaquam
2068 2556 2117 2595 ο.

504 2632 909 2701 sumptuosiora
938 2632 1262 2690 marinarum
1293 2634 1593 2691 belluarum
1615 2636 1861 2691 convivia
1890 2652 2095 2707 praepa-

502 2734 584 2782 ret
593 2763 607 2778 .

581 2834 771 2893 Vinum
802 2852 1015 2921 quoque
1052 2837 1123 2892 ita
1159 2839 1346 2895 bibere
1386 2839 1742 2909 permittitur,
1772 2849 1830 2895 ut
1856 2840 2091 2897 ebrieta-

500 2940 612 2987 tem
641 2934 860 2986 omnino
893 2933 1157 3004 fugiamus
1183 2976 1198 3000 ,
1230 2936 1428 3005 alioqui
1477 2945 1644 2993 restat
1684 2946 1742 2993 ut
1766 2940 1947 2993 omnia
1973 2951 2093 2994 ouo

502 3024 716 3095 corpori
746 3024 916 3083 libent
936 3024 1182 3083 similiter
1207 3025 1484 3084 faciamus.
1686 3027 1695 3033 ’

1359 286 1842 348 EPISTOLARUM
1883 286 1944 344 S.
1987 280 2316 342 GREGORII
2356 280 2593 338 VARIE
2630 278 2957 338 τΑΒυιΑξ.

2314 393 2391 449 De
2419 396 2667 460 moribus,
2700 397 2802 450 vita
2826 402 2874 449 et
2899 401 3066 449 morte
3086 392 3297 465 Δραρίιὶ
3321 395 3478 463 primi
3508 410 3689 465 me.

2190 483 2244 548 (ιι
2266 484 2338 535 Ex
2364 491 2560 535 vetusto
2589 484 2777 550 (lodice
2812 484 3029 550 Registri
3073 486 3223 534 sancti
3272 484 3506 550 Gregorii
3557 498 3701 550 papa:
3743 492 3785 543 ὴ

2532 498 2560 535 o
2601 498 2777 536 LOOICO
2816 498 3029 547 negtstri
3073 498 3223 534 sancti
3272 498 3341 534 Gr

2532 546 2832 597 bibliotheca
2859 548 3087 597 Vaticana
3109 498 3469 609 “arma”

2262 634 2523 704 Agapitus
2562 647 2694 702 papa
2737 647 2829 687 vas
2869 632 3195 687 catholicum
3222 673 3239 698 ,
3292 632 3579 705 Evangelii
3634 641 3782 707 tuba,

2190 740 2367 796 praeco
2404 724 2658 795 justitiaz,
2692 737 2841 779 sacra
2885 724 3068 779 altaris
3096 723 3345 794 sedisque
3378 726 3608 799 130‘
3658 740 3783 783 γειε.

2191 820 2336 873 mina
2369 818 2650 887 sacrilegis
2674 818 2915 873 Antbimi
2946 817 3137 872 infecta
3173 816 3365 873 fabulis
3402 821 3518 875 suis
3562 822 3762 875 catini

2189 910 2268 966 cis
2299 910 2542 979 precibus
2564 911 2693 966 eluit
2719 911 2823 982 (De
2848 927 3078 966 consecr.
3109 912 3230 965 dist.
3259 913 3311 976 l,
3339 929 3391 966 c.
3427 912 3551 983 23).

2261 1002 2634 1076 Fragmentum
2664 1006 2891 1129 episttliil:
2915 1004 3183 1127 laudatis?
3218 1021 3249 1058 α
3286 1002 3450 1058 Joan.
3477 1006 3723 1058 Diocese

2878 1117 2890 1129 .
2923 1091 2979 1129 ll.
3011 1092 3057 1129 c.
3153 1114 3168 1128 .

2878 1117 2890 1129 .
2923 1091 2979 1145 tt,
3011 1092 3057 1129 c.
3086 1091 3168 1128 ID.

2263 1165 2457 1221 Multos
2484 1181 2552 1221 ex
2576 1165 2933 1221 ecclesiastica
2964 1181 3060 1222 seu
3100 1165 3351 1221 sarculari
3399 1167 3603 1221 militia
3645 1170 3784 1221 novi-

2193 1272 2315 1313 mus
2343 1257 2411 1312 ad
2444 1258 2829 1328 omnipotentis
2856 1258 2951 1313 Dei
2990 1260 3271 1313 servitium
3302 1255 3577 1315 festinare
3600 1303 3618 1328 ,
3650 1272 3704 1314 ut
3729 1263 3784 1315 ab

2192 1349 2425 1407 humana
2456 1353 2716 1407 servitute
2743 1352 2898 1407 liberi
2923 1392 2940 1418 ,
2972 1352 3029 1407 in
3061 1352 3242 1408 divino
3262 1354 3488 1409 servitio
3510 1352 3782 1407 videamu

2193 1442 2509 1498 familiarius
2536 1448 2590 1497 in
2614 1445 2954 1500 monasteriis
2982 1448 3316 1501 conversari.
3342 1446 3496 1513 Quos
3515 1448 3567 1501 si
3600 1448 3777 1514 passim

2192 1535 2529 1599 dimittimus,
2564 1534 2814 1589 omnibus
2844 1535 3083 1607 fugiendi
3112 1537 3474 1591 ecclesiastici
3505 1540 3598 1592 vel
3630 1552 3779 1593 scca-

2193 1627 2325 1684 laris
2345 1630 2481 1699 juris
2512 1630 2804 1685 dominium
2835 1631 3171 1686 occasionem
3211 1634 3551 1702 praebemus.
3592 1632 3651 1687 Si
3677 1650 3781 1688 vero

2192 1722 2505 1779 festinantes
2533 1721 2599 1776 ad
2625 1722 3008 1791 omnipotentis
3035 1723 3130 1779 Dei
3151 1725 3435 1779 servitium
3470 1727 3691 1781 incaute
3710 1742 3780 1782 re-

2117 1806 2166 1869 B
2193 1815 2460 1880 tinemus,
2510 1814 2584 1868 illi
2641 1816 2941 1869 invenimus
2978 1831 3175 1886 negare
3222 1818 3475 1887 quaedam
3516 1821 3613 1887 qui
3656 1820 3784 1874 deﬁt

2194 1909 2394 1962 omnia.
2446 1907 2599 1963 Unde
2630 1923 2849 1964 necesse
2875 1920 2962 1965 est
2992 1918 3048 1964 ut
3076 1910 3315 1981 quisquis
3343 1926 3413 1965 ex
3445 1910 3596 1980 juris
3626 1916 3781 1969 etde-

2194 2000 2393 2055 siastici
2429 2001 2513 2055 vel
2544 2000 2814 2055 satcularis
2840 2002 3039 2056 militia:
3078 2004 3336 2057 servitute
3370 2002 3445 2056 ad
3494 2003 3595 2059 Dei
3627 2008 3783 2059 servi-

2196 2096 2328 2149 tium
2358 2099 2605 2150 converti
2631 2095 2941 2165 desiderat,
2985 2095 3244 2165 probetur
3270 2097 3423 2165 prius
3456 2097 3513 2150 in
3538 2097 3680 2153 laico
3704 2098 3784 2151 ba-

2193 2187 2307 2244 bitu
2339 2191 2664 2245 constitutus
2690 2206 2704 2254 ;
2734 2200 2788 2244 et
2808 2190 2851 2244 si
2886 2203 3066 2244 mores
3096 2190 3215 2259 ejus
3248 2200 3412 2260 atque
3451 2194 3783 2248 conversatio

2195 2281 2340 2337 bono
2362 2282 2634 2339 desidet-io
2657 2283 2798 2337 illius
2828 2284 3195 2338 testimonium
3228 2282 3428 2349 ferant,
3464 2286 3676 2355 absque
3696 2286 3785 2340 ulla

2195 2377 2599 2441 retractatione,
2623 2375 2827 2430 servire
2852 2376 2903 2429 in
2936 2374 3262 2429 monasterio
3291 2377 3665 2445 omnipotenti
3690 2377 3782 2431 Deo

2196 2466 2557 2537 permittatur,
2585 2476 2644 2521 ut
2671 2467 2738 2521 ab
2760 2468 2993 2521 humano
3015 2468 3235 2523 servitio
3264 2465 3403 2523 liber
3438 2470 3685 2533 recedat,
3708 2472 3783 2539 qui

2196 2558 2251 2614 in
2284 2558 2464 2614 divino
2484 2558 2744 2630 obsequio
2769 2558 3146 2614 districtiorem
3170 2559 3356 2614 subire
3384 2570 3602 2629 appetit
3636 2564 3784 2615 servi-

2199 2659 2390 2707 tutem.
2426 2651 2483 2707 Si
2512 2660 2690 2706 autem
2732 2660 2788 2706 et
2824 2652 2877 2706 in
2917 2649 3234 2705 monachico
3263 2649 3460 2704 habitu
3509 2652 3785 2706 secundm

2203 2743 2421 2799 Patrum
2467 2744 2677 2811 regulas
2718 2739 3265 2812 irreprebensibiliter
3302 2741 3476 2797 fuerit
3516 2758 3787 2799 conversa—

2198 2846 2307 2903 tus,
2336 2847 2458 2908 post
2486 2837 2702 2906 praefixa
2736 2836 2902 2891 sacris
2930 2836 3223 2892 canonibus
3256 2845 3535 2906 tempora,
3578 2837 3788 2892 licenter

2194 2929 2305 3001 jam
2360 2930 2427 2985 ad
2474 2929 2753 3001 quodlibet
2788 2930 3208 2985 ecclesiasticum
3250 2931 3498 2984 ofﬁcium
3537 2932 3787 3001 proveha-

2200 3032 2309 3089 tur,
2349 3021 2395 3075 si
2435 3028 2612 3077 tamen
2657 3022 2764 3075 illis
2795 3036 2899 3075 non
2941 3021 3101 3076 fuerit
3130 3022 3454 3076 criminibus
3498 3024 3785 3078 maculatas

2198 3130 2319 3185 qua:
2348 3114 2405 3169 in
2439 3114 2786 3175 Testamento
2818 3113 2993 3168 Veteri
3019 3122 3193 3169 morte
3224 3114 3548 3169 multantur.

508 3225 817 3300 servatione
851 3228 1185 3300 :Augeamus
1213 3229 1355 3283 nobis
1383 3230 1579 3296 aliquid
1615 3231 1683 3284 ad
1716 3230 1931 3286 solitum
1962 3247 2088 3299 pen-
2119 3228 2166 3293 C
2195 3227 2249 3283 in
2277 3230 2378 3282 hac
2405 3228 2699 3298 appendice
2722 3244 2826 3284 non
2849 3228 3204 3295 admittimus;
3239 3231 3497 3300 quamvis
3524 3234 3677 3288 enim
3699 3237 3785 3288 tib

498 3299 634 3369 sitim
660 3299 914 3352 seruitutis
944 3309 1151 3354 nostrw.
1185 3300 1302 3355 Jam
1334 3316 1478 3369 saepe
1515 3303 1891 3358 admonuimus
1936 3302 2091 3357 fanti-

504 3366 637 3423 liare
657 3384 777 3424 esse
798 3369 1057 3439 Gregorio
1080 3372 1279 3440 regula:
1303 3366 1476 3427 sancti
1500 3372 1775 3430 Benedicti
1796 3373 2089 3431 sententias

478 3449 555 3493 .et
582 3440 696 3507 ipsa
720 3442 879 3495 verba
904 3456 1185 3507 usurpare.

572 3508 600 3548 ¹¹
628 3511 735 3575 AL,
767 3513 1113 3567 sementivam.

580 3594 599 3619 ε
654 3580 781 3636 Haec
820 3597 917 3652 pro
963 3582 1309 3655 Gregorianis
1355 3586 1586 3642 habebat
1637 3586 1796 3642 Joan.
1846 3587 2083 3655 Baptista

499 3652 842 3779 lI’lttntuanus,
879 3666 998 3707 cum
1023 3652 1093 3709 in’
1114 3669 1361 3725 poemate
1390 3660 1459 3714 de
1487 3657 1903 3727 Quadragesima
1925 3652 2085 3713 cane-

540 3739 565 3776 a
618 3742 631 3778 :

540 3733 631 3778 at:

580 3793 700 3868 {Yon
724 3805 893 3852 tamen
918 3798 1153 3852 illicitum
1178 3800 1339 3868 pisces
1358 3799 1600 3853 adhibere
1627 3801 1869 3866 minutos;

577 3864 855 3940 Gregorius
878 3886 1090 3937 magnos
1114 3864 1363 3937 prohibet,
1394 3873 1483 3924 sed
1513 3871 1712 3940 longior
1733 3886 1855 3925 usus

578 3935 858 4011 Qbslititﬁ
885 3935 1027 4009 ponti
1056 3942 1296 4008 pecuaria
1322 3935 1511 4011 magna
1539 3935 1627 4009 per
1649 3957 1824 3995 omnes

572 4003 933 4085 {aniyolitgitt
964 4003 1229 4085 procerum
1264 4003 1487 4085 mensos,
1528 4003 1575 4064 et
1604 4011 1824 4085 prandia
1852 4028 2051 4085 regunt.

571 4074 813 4152 Sordide
825 4074 1060 4152 Gregorii
1073 4082 1217 4152 leges
1238 4074 1482 4135 observat
1493 4074 1703 4152 egestas.
1778 4084 1785 4089 “

573 4146 602 4182 ά
635 4147 708 4201 Ita
761 4146 1034 4204 afﬁrmant
1072 4146 1297 4206 Romani
1331 4146 1663 4208 correciores
1705 4154 1905 4210 decreti
1950 4152 2086 4208 Gra-

503 4217 657 4290 tiani,
691 4234 854 4288 penes
874 4236 1009 4290 quos
1048 4222 1182 4275 ﬁdes
1210 4222 1308 4289 sit;
1342 4238 1440 4278 nos
1468 4231 1645 4279 autem
1679 4227 1838 4281 nullis
1870 4225 1923 4279 in
1952 4225 2078 4280 Mss.

503 4286 621 4343 haec
644 4286 943 4359 fragmenta
972 4292 1294 4349 invenimus.

572 4359 871 4430 Epistolam
896 4364 961 4418 ad
992 4363 1277 4419 Venerium
1302 4404 1320 4432 ,
1353 4366 1664 4438 episcopum
1690 4368 2078 4443 Caralitanum,

2194 3300 2525 3374 cumferatur
2555 3315 2587 3354 a
2617 3300 2893 3374 Gratiano
2922 3300 3024 3354 sub
3054 3302 3271 3374 nomine
3311 3301 3567 3372 Gregorii
3610 3320 3753 3373 pape
3773 3350 3787 3374 ,

2193 3385 2354 3426 causa
2385 3370 2474 3436 55,
2512 3372 2810 3440 quastione
2834 3370 3002 3437 10,,c.
3031 3374 3082 3436 1,
3113 3382 3169 3426 et
3193 3373 3263 3426 ab
3292 3370 3563 3429 Ansélmo
3594 3370 3791 3431 Luccia;

2194 3443 2261 3507 si,
2293 3442 2508 3497 laudato
2534 3444 2603 3496 ab
2623 3442 2991 3498 eruditissimo
3014 3443 3231 3498 Baluzio
3258 3444 3309 3498 in
3342 3445 3461 3498 suis
3496 3446 3567 3501 ad
3590 3446 3789 3502 Gratia-

2190 3529 2318 3584 num
2349 3523 2489 3567 notis
2515 3556 2528 3579 ,
2565 3528 2685 3582 pag.
2720 3513 2858 3579 558,
2889 3528 3010 3568 eam
3041 3525 3218 3569 tamen
3255 3515 3398 3570 inter
3418 3530 3594 3584 opera
3627 3523 3784 3575 sancti

2190 3583 2441 3656 Doctoris
2480 3598 2765 3639 recensere
2798 3594 2943 3639 vetat
2971 3586 3160 3656 ingens
3198 3585 3325 3656 styli
3363 3583 3784 3655 disSimilitude;

2189 3667 2334 3731 vetat
2357 3654 2728 3731 veneriusille
2749 3656 2814 3710 ad
2838 3672 2993 3727 quem
3016 3654 3267 3731 dirigitur
3291 3658 3560 3725 epistola,
3589 3671 3654 3715 ut

2191 3723 2436 3797 Gregorii
2464 3728 2642 3794 magni
2676 3741 2793 3781 avo
2831 3723 3049 3796 prorsus
3073 3723 3410 3797 incognitus;
3447 3723 3605 3784 vetat
3634 3723 3780 3786 deni-

2190 3812 2296 3865 que
2319 3798 2482 3851 altum
2509 3812 2571 3851 ac
2595 3807 2911 3867 perpetuum
2935 3799 3003 3852 de
3031 3812 3091 3853 ea
3122 3800 3421 3862 silentium,
3460 3809 3581 3854 tum
3612 3802 3670 3857 in
3692 3820 3786 3857 oa-

2189 3867 2346 3923 nibus
2369 3868 2595 3938 llegistri
2618 3867 2902 3924 (Iudicibus
2923 3884 3085 3923 manu
3106 3872 3338 3925 exaratis
3356 3885 3423 3925 ac
3446 3874 3618 3927 editis
3638 3915 3655 3938 ,
3683 3884 3780 3928 tum

2192 3938 2247 3993 in
2274 3938 2524 4015 0|I|llibll§
2554 3940 2775 4015 omnino
2796 3941 3150 4015 scriptoribus
3177 3945 3660 4015 antegAnselmum
3691 3946 3783 4001 Le-

2191 4011 2511 4137 gergslen'tmﬁt;
2532 4011 2815 4080 quemdam
2860 4012 3247 4083 Polycarpum,
3293 4011 3365 4068 de
3403 4016 3609 4083 quibus
3649 4018 3779 4086 apud

2346 4102 2373 4134 il
2512 4122 2526 4136 ο

2245 4091 2526 4136 rattanum.

2265 4151 2799 4227 Deepistolagautem
2825 4154 2892 4208 ad
2920 4154 3151 4227 Felicem
3188 4154 3597 4212 Messanensem
3626 4198 3645 4223 ,
3678 4174 3785 4227 qu

2191 4230 2277 4278 est
2307 4224 2489 4277 ultima
2521 4224 2829 4279 indictionis
2860 4226 2915 4292 7,
2945 4225 3099 4281 aliter
3120 4242 3432 4293 censemus,
3461 4243 3589 4282 eam
3628 4224 3784 4285 edidi-

2199 4309 2319 4349 mus
2344 4302 2401 4348 ut
2427 4297 2715 4362 genuinum
2745 4294 2863 4365 ejus
2892 4298 3078 4353 fetum.
3113 4298 3248 4354 Vide
3278 4312 3462 4354 notant
3492 4317 3529 4353 ο
3560 4303 3613 4355 in
3648 4318 3783 4355 cans.

2192 4365 2315 4421 dem
2348 4367 2655 4435 epistolam.

498 4495 3783 4543 Ἥ

672 4630 1475 4791 EPISTilLAllUM
1532 4633 1953 4789 man
2026 4635 3019 4796 GBEGllRIIllABIll
3099 4533 3786 4799 mm}:—

1131 4939 1982 5025 EPISTOLARUM
2050 4940 2390 5025 ORDO
2449 4898 3201 5033 RESTITUTUS

1636 5078 2052 5130 assumamus
2084 5047 2629 5132 Damonsinuun.

570 5256 670 5336 llic
701 5255 934 5336 primum
960 5254 1273 5336 ag_emus__de
1304 5254 1557 5336 Epistolis
1582 5254 1867 5336 unicuique
1884 5258 2033 5336 libro
2063 5258 2345 5325 restitutis,
2378 5266 2563 5336 postea
2592 5259 2660 5336 de
2688 5261 2902 5336 amatis;
2933 5262 3131 5321 deinde
3160 5265 3205 5320 si
3230 5281 3349 5336 quae
3375 5266 3586 5321 fuerint
3617 5278 3780 5325 trans-

494 5330 687 5452 rosita:
714 5333 849 5383 intra
878 5329 1126 5383 eumdem
1168 5328 1382 5390 librum,
1408 5329 1555 5380 uLad
1583 5332 1852 5397 proprium
1882 5329 2057 5383 locum
2089 5340 2465 5385 revocarentur
2487 5371 2503 5393 ,
2534 5330 2908 5389 indicabimus.
2961 5336 3019 5391 Si
3077 5351 3209 5391 vero
3237 5328 3261 5401 ,’
3282 5338 3408 5391 dum
3442 5338 3649 5397 breves
3672 5354 3777 5395 esse

520 5400 826 5452 aboramus.
852 5399 1112 5452 obscuros
1142 5397 1466 5452 auandouue
1509 5396 1625 5452 ﬁeri
1675 5402 1968 5452 contineat.
2018 5400 2256 5452 legendae
2306 5411 2434 5452 sunt
2472 5400 2607 5452 insin
2661 5403 2932 5452 Enismlm-
2980 5406 3182 5452 deitiln-
3216 5417 3273 5452 nl
3303 5419 3558 5452 nullamne
3615 5411 3773 5452 main;

520 5400 826 5478 aboramus,
852 5399 1112 5455 obscuros
1142 5397 1466 5469 quandoque
1509 5396 1625 5455 ﬁeri
1675 5396 1968 5470 Contingat,
2018 5400 2256 5471 legendae
2306 5411 2434 5456 sunt
2472 5400 2607 5471 ipsa:
2660 5403 2933 5474 Epistolis,
2980 5406 3182 5473 debito,
3216 5396 3273 5462 ut
3302 5419 3581 5478 putamus,
3615 5411 3773 5467 ordini

496 5468 736 5527 redditae.

860 5584 1059 5639 LIBER
1102 5585 1144 5641 1.
1186 5584 1573 5641 INDICTIONE
1613 5586 1709 5640 1X.

636 5672 679 5727 1.
715 5672 765 5726 Ν
772 5689 883 5728 once
906 5677 1171 5730 indictioni
1200 5688 1298 5733 tres
1327 5678 1570 5748 epistolas
1596 5680 1932 5735 restitutmus.

572 5760 627 5819 ιε
664 5763 740 5818 Ex
771 5764 905 5819 libro
936 5768 1121 5821 ultimo
1141 5808 1155 5834 ,
1182 5772 1468 5827 indicdone
1499 5787 1594 5842 vit,
1622 5773 1884 5830 decimam
1914 5785 2073 5831 octa-

2120 5567 2171 5628 D
2194 5578 2313 5640 vam
2357 5566 2635 5640 epistolam
2665 5607 2681 5634 ,
2732 5584 2851 5638 qua:
2875 5585 3019 5626 nunc
3057 5579 3141 5626 est
3178 5572 3337 5640 hujus
3366 5572 3491 5628 libri
3543 5578 3766 5630 decima.

2190 5638 2323 5718 cum
2353 5637 2551 5719 scripta
2574 5648 2657 5693 est
2686 5637 2800 5696 haic
2829 5641 3059 5719 epistola
3082 5637 3545 5719 vivebat_Petrus,
3584 5647 3767 5702 Terra.

2186 5714 2425 5779 cineusis
2455 5714 2773 5778 episcopus,
2814 5714 2968 5779 cujus
2996 5714 3261 5769 meminit.
3290 5715 3427 5769 Eum
3463 5720 3759 5773 undecim:

2184 5778 2495 5836 indictionis
2546 5782 2697 5837 initio
2738 5778 3008 5839 mortuum
3048 5784 3218 5845 fuisse
3261 5787 3492 5860 probant
3519 5788 3761 5862 epistol:
