3928 6342
74 337 217 398 353

948 332 1428 396 EPISTOLARUM
1463 336 1525 393 s.
1561 310 1888 395 causanti
1931 335 2161 395 mm:
2200 330 2525 395 meum.

3207 338 3343 399 1554

49 458 297 509 Iec'ma
336 454 491 529 tertia
512 462 564 509 et
591 453 795 529 decima
841 465 1025 524 quarta
1058 457 1363 529 indictionis
1399 473 1475 512 χι.
1506 457 1656 524 Quod
1687 457 1741 516 Α
1766 470 1921 524 quem
1956 456 2153 529 scripta
2180 464 2262 509 est
2288 496 2310 529 ,_
2346 454 2543 529 Sicilire
2574 453 2898 529 ctiartulario
2922 496 2938 521 ,
2980 455 3152 526 agitur
3182 464 3345 529 paulo

49 540 258 581 nitent
295 526 367 580 ad
402 526 589 579 librum
619 541 635 580 ι
660 528 920 589 pertineat
943 528 1056 581 lucc
1080 528 1324 591 epistola,
1366 531 1572 582 eruitur
1596 545 1661 582 ex

50 598 334 664 ~jusdem
378 596 495 649 libri
526 611 611 663 ep.
659 596 728 649 55
754 642 767 662 ,
816 613 971 662 quam
999 598 1042 650 si
1066 614 1183 651 cmn
1218 598 1331 661 ipsa
1380 599 1659 667 conferas,

50 668 364 721 uosterius
394 667 556 720 fuisse
585 668 833 732 scriptam
868 683 973 722 non
1010 669 1300 722 dubitabis.

130 737 200 789 9.
236 739 318 790 Ex
375 736 1059 810 Italuzii)liscellaiieorum
1095 749 1238 793 tomo
1268 740 1454 805 quinto
1480 782 1493 805 ,
1543 756 1663 810 pag.

49 808 536 881 |69,7epistolam
581 808 738 860 Petro
769 808 1095 863 subdiacono
1128 812 1432 881 inscriptam
1457 853 1472 877 ,
1506 808 1665 881 quam

49 880 333 932 nondum
360 880 500 946 typis
547 892 796 931 excusam
851 884 1053 945 primus
1084 881 1248 934 edidit
1281 880 1394 945 ipse
1443 880 1531 934 vir
1548 883 1660 935 cla-

49 950 341 1003 rissimus
373 948 679 1013 Stephanus
733 949 1001 1002 Baluzius.
1039 950 1125 1004 Sic
1168 950 1353 1016 incipit
1386 952 1498 1006 hmo
1528 952 1667 1017 epis-

49 1020 183 1072 tola
210 1061 226 1083 ,
255 1033 382 1087 quae
415 1034 557 1071 nunc
587 1028 670 1072 est
702 1020 971 1087 trigesima
996 1032 1144 1074 sexta
1173 1022 1291 1075 libri
1324 1025 1503 1089 primi,
1538 1022 1669 1075 Per-

49 1092 215 1161 genti
254 1090 355 1141 ι.ὺὶ
384 1132 397 1151 ,
430 1099 535 1143 etc.
566 1090 738 1157 Ipsius
766 1091 1004 1143 meminit
1037 1101 1254 1145 sanctus
1293 1092 1583 1153 Gregorius
1617 1094 1669 1147 in

49 1161 325 1226 epistola
357 1162 483 1214 olim
516 1161 903 1224 septuagesima
932 1202 946 1225 ,
998 1176 1137 1213 nunc
1166 1163 1553 1229 septuagesima
1586 1178 1673 1216 se-

49 1231 260 1301 cunda
298 1231 425 1283 libri
457 1230 636 1297 primi,
673 1231 903 1297 dataque
931 1240 1011 1283 est
1051 1246 1155 1284 xvtl
1180 1232 1400 1286 Kalend.
1432 1232 1666 1301 Aprilis:

50 1300 252 1369 igitur
286 1301 657 1368 praemittentla
687 1302 924 1368 epistolae
956 1302 1081 1354 olim
1114 1300 1539 1371 quadragesima:
1574 1318 1665 1358 se.-

49 1373 307 1437 cumlaa,
344 1388 483 1425 nunc
512 1371 935 1439 quadragesima:
962 1382 1188 1440 quartae.
1222 1386 1339 1428 noSt
1363 1374 1693 1429 Pasclialem-

49 1440 437 1495 festivitatem
467 1444 704 1501 scriptm.

147 1513 209 1565 '5.
268 1513 349 1565 Ex
395 1512 493 1568 lib.
530 1512 658 1564 olim
706 1527 734 1564 x
760 1553 774 1574 ,
808 1512 990 1579 quinta
1022 1511 1313 1567 indictione
1343 1554 1357 1577 ,
1393 1514 1671 1579 epistolam

50 1582 565 1650 quadragesimam
599 1592 865 1649 quartam.
891 1584 1203 1637 Commotus
1234 1586 1495 1639 Gennadii
1530 1588 1673 1640 fama

52 1652 378 1707 Drocultus
405 1694 420 1714 ,
453 1668 517 1706 ex
551 1652 791 1705 hostibus
822 1652 886 1709 ad
920 1654 1090 1719 ipsum
1128 1656 1381 1721 confugit.
1413 1654 1675 1710 Gennadii

54 1724 349 1777 victorias
383 1724 734 1791 bellicamque
764 1723 903 1776 illius
932 1724 1155 1792 gloriam
1210 1727 1261 1779 in
1310 1726 1562 1793 Epistolis
1596 1729 1678 1779 in-

1772 537 1893 595 post
1923 528 1972 579 in
2000 528 2158 593 epist.
2193 527 2345 580 tertia
2376 527 2463 579 lib.
2496 541 2575 586 in,
2600 526 2782 581 indict.
2810 541 2883 581 ιιι.

1842 599 1893 651 6.
1929 596 2003 651 Ex
2036 597 2218 650 eadem
2244 597 2467 665 septima
2500 597 2787 652 indictione
2816 597 3124 667 vigesimam
3157 616 3350 658 secun-

1768 666 1912 737 dam,
1949 668 2065 720 libri
2098 669 2250 733 bujus
2289 667 2598 735 vigesimum
2629 683 2823 721 nonam
2870 666 3146 724 ellecimus
3176 689 3189 724 :
3220 676 3346 737 quia

1769 736 1821 790 in
1854 738 2005 790 (lolb.
2030 738 2194 791 veteri
2240 737 2361 790 data
2388 747 2469 791 est
2497 753 2583 790 xw
2627 738 2739 794 Kal.
2777 738 2941 802 Junii,
2975 739 3083 793 ind.
3117 757 3170 795 ι.
3201 736 3351 799 Prte-

1771 817 1936 865 terea,
1970 816 2025 859 ut
2049 807 2156 875 jam
2188 808 2535 870 advertimus,
2566 816 2691 863 tunc
2719 809 2918 862 bellum
2952 810 3209 866 adversus
3242 814 3352 869 Ro-

1770 892 1959 930 manos
2001 876 2238 931 Ariulfus
2289 880 2498 945 agebat.
2565 879 2697 933 Vide
2756 879 3063 935 indictionis
3123 883 3349 939 decima:

1772 948 2055 1015 epistolam
2090 948 2216 1001 olim
2247 949 2572 1019 trigesitnam
2604 950 2891 1002 secundam
2911 989 2926 1014 ,
2952 966 3093 1005 nunc
3115 955 3347 1019 quadra-

1774 1020 2032 1087 gesiinam
2066 1028 2279 1083 sextam
2312 1020 2374 1070 ad
2406 1018 2583 1080 Juan.,
2612 1021 2923 1087 episcopum
2963 1018 3350 1079 Ravennatem.

1845 1089 1897 1141 7.
1928 1088 2003 1141 Ex
2038 1091 2263 1155 septima
2288 1089 2461 1141 adhuc
2483 1089 2773 1144 indictione
2795 1091 3106 1158 vigesimam
3140 1097 3351 1149 tertiam

1772 1168 1827 1213 et
1869 1160 2184 1232 vigesimatn
2228 1168 2474 1232 quartam
2522 1174 2661 1232 nunc
2699 1160 3025 1227 trigesimam
3054 1168 3109 1215 et
3140 1165 3353 1232 trigesi-

1772 1245 1913 1303 mani
1969 1230 2207 1303 primam
2248 1230 2368 1303 libri
2420 1230 2660 1303 secundi.
2708 1234 2830 1303 quia
2867 1233 3056 1285 eodem
3088 1230 3353 1303 tempore

1775 1302 2003 1375 scriptas
2032 1315 2157 1375 quo_
2177 1299 2401 1355 decima:
2446 1301 2752 1375 indictionis
2800 1304 3023 1375 epistola
3052 1302 3178 1356 olim
3209 1299 3358 1375 vige-

1772 1371 1907 1423 sima
1944 1369 2215 1441 secunda,
2270 1384 2407 1425 nunc
2448 1372 2720 1441 trigesima
2751 1373 2979 1441 quinta,
3009 1373 3201 1439 legenti
3245 1369 3353 1432 rion

1774 1442 1877 1494 erit
1904 1440 2213 1493 obscurum.
2772 1440 2783 1441 “
3072 1476 3079 1483 .

1848 1510 1900 1562 8.
1938 1510 2012 1563 Ex
2040 1512 2224 1564 cadent
2254 1510 2544 1565 indictione
2575 1510 2922 1579 trigesimam,
2951 1528 3070 1581 qua:
3098 1529 3239 1571 nunc
3275 1527 3360 1573 est

1777 1581 1895 1636 libri
1942 1581 2159 1634 secundi
2189 1584 2461 1648 trigesima
2505 1584 2759 1635 secunda.
2795 1583 3009 1637 Decima
3058 1586 3353 1645 indictione

1775 1653 1953 1725 datam
2003 1667 2119 1725 eam
2172 1650 2336 1705 fu:sse
2379 1667 2441 1704 ex
2494 1653 2955 1725 contextuliquet
2990 1670 3001 1705 :
3036 1653 3315 1712 Pensiones
3341 1701 3359 1725 ,

1782 1724 1951 1789 inquit
1973 1723 2036 1774 ad
2069 1722 2282 1774 Petrum
2313 1730 2527 1776 sanctus
2554 1722 2861 1791 Gregorius,
2895 1738 3045 1777 nona:
3073 1737 3118 1778 et
3148 1722 3359 1783 decimaé

56 1794 330 1874 dictione
370 1809 519 1885 .llmlla
550 1795 688 1845 datis
730 1794 965 1874 celebrat
1010 1803 1233 1877 sanctus
1263 1796 1551 1885 qregtiri_us
1578 1798 1673 1885 :Jin
1709 1825 1759 1885 Β
1782 1794 2107 1885 indictionis“,
2153 1808 2280 1885 q‘uas
2310 1794 2522 1885 {aegiin
2549 1833 2588 1885 ,Ι
2614 1802 2659 1845 et
2690 1794 3125 1885 rationesoanes
3169 1799 3362 1885 pariter

55 1864 485 1933 pOSIerioribns
528 1879 836 1929 nunquam;
886 1864 989 1919 imo
1053 1875 1171 1932 post
1222 1867 1527 1920 indictionis
1575 1869 1671 1922 de-

58 1936 245 2007 cima:
273 1938 479 2003 quinta:
511 1933 719 2007 initium
751 1936 892 1988 nulla
922 1934 1434 2007 Qennadiinientio.
1470 1938 1638 2005 Ipsius
1660 1982 1673 2007 ,

61 2006 387 2059 indictione
414 2006 913 2077 tertia,successor_
936 2004 1277 2060 Innocentius
1303 2004 1511 2075 legitur,
1538 2004 1680 2077 epis-1

68 2078 194 2129 tola
252 2077 379 2129 olim
432 2076 702 2145 trigesima
779 2075 1007 2142 septima
1034 2086 1087 2130 et
1127 2078 1397 2143 trigesima
1448 2075 1675 2145 octava,

66 2161 235 2200 nunc
263 2161 393 2199 vero
428 2148 696 2213 trigesima
729 2158 917 2200 octava
947 2156 1002 2200 et
1034 2148 1305 2217 trigesima
1340 2162 1501 2201 nona.
1538 2150 1680 2217 Ergo

67 2218 206 2271 haec
254 2217 481 2284 epismla
537 2231 816 2270 remanere
875 2231 981 2271 non
1041 2218 1225 2271 debuit
1283 2220 1333 2271 in
1385 2218 1680 2274 indictione

70 2287 304 2357 quinta,
330 2288 424 2341 sed
456 2286 675 2340 indiCtio
708 2302 844 2340 nona
870 2286 969 2355 ipsi
1000 2292 1167 2356 magis
1192 2289 1461 2342 convenit.

160 2376 231 2429 ll.
259 2377 304 2428 A
326 2391 461 2429 nona
484 2375 764 2428 indictione
783 2377 1049 2443 epistolam
1076 2376 1269 2430 nullam
1294 2394 1606 2433 amovemus.

123 2466 225 2521 Ill.
261 2464 329 2519 In
359 2482 493 2519 nona
533 2465 812 2519 indictione
848 2465 1092 2529 epistolas
1130 2466 1261 2520 duos
1282 2467 1351 2519 ad
1377 2471 1645 2537 praprium

635 2538 803 2589 locum
835 2552 1147 2590 revocamus.

162 2631 222 2685 1.
255 2630 483 2685 Decima:
517 2645 671 2685 name
690 2629 1268 2700 decimamjungimus,
1303 2632 1428 2700 quia
1454 2634 1506 2685 in
1531 2640 1678 2687 utra-

82 2716 196 2771 que
232 2702 419 2755 eadein
448 2716 666 2769 prorsus
701 2712 808 2753 tum
841 2700 1011 2753 Natali
1044 2703 1319 2771 episcopo,
1350 2710 1462 2756 tum
1498 2704 1679 2757 Hono-

85 2784 218 2827 rato
247 2773 643 2838 archidiacono,
672 2772 833 2825 simul
863 2772 931 2825 ab
962 2771 1065 2826 illis
1089 2773 1391 2841 prmstanda
1420 2776 1679 2829 mandan-

87 2852 203 2899 tur.

161 2914 224 2969 2.
275 2913 737 2984 Septuagesimam
784 2921 1025 2967 octavam
1059 2915 1429 2983 postponimus
1466 2924 1682 2984 septua-

89 2987 318 3053 gesimze
350 3000 502 3037 nona:
528 3026 543 3047 ,
592 3000 751 3052 quam
783 2997 814 3036 a
856 2986 1248 3055 septuagesima
1292 2994 1444 3039 sexta
1474 2996 1527 3039 et
1559 3001 1685 3054 sep-

98 3061 402 3126 tuagesima
438 3056 661 3123 Septima
700 3056 753 3109 in
783 3056 1024 3110 eamdem
1055 3068 1120 3114 ac
1158 3056 1271 3123 ipsa
1318 3071 1430 3111 rem
1465 3056 1683 3126 scriptis

94 3142 210 3182 non
244 3128 376 3182 bene
403 3128 697 3182 dividebat.

469 3221 671 3276 LIBER
713 3221 775 3276 ιι.
818 3220 1205 3277 INDICTIONE
1239 3184 1305 3276 it.

140 3314 181 3369 1.
220 3314 444 3368 Decima:
471 3315 739 3369 indictioni
767 3316 1029 3369 reddimus
1057 3317 1297 3383 epistolas
1323 3318 1633 3387 quindecim.

176 3408 235 3463 1.
288 3406 363 3460 Ex
414 3406 504 3460 lib.
564 3407 746 3459 ultimo
797 3417 1024 3475 septima
1069 3408 1358 3463 indictione
1405 3411 1688 3478 epistolam

106 3477 423 3547 vigesimum
462 3477 716 3545 primam,
748 3493 867 3544 qua:
897 3494 1037 3532 nunc
1061 3487 1143 3532 est
1175 3481 1327 3533 tertia
1360 3477 1475 3534 libri
1507 3480 1685 3549 hujus.

105 3550 221 3621 liae
268 3550 461 3617 quippe
511 3549 562 3621 in
599 3549 832 3621 epistola
874 3559 1094 3603 sanctus
1147 3550 1438 3621 Gregorius
1490 3553 1689 3607 indicat

113 3620 312 3691 bellum
364 3629 489 3691 tunc
540 3619 703 3672 fuisse
757 3619 1025 3691 Ennianos
1066 3622 1202 3673 inter
1230 3619 1285 3675 et
1329 3623 1685 3691 Ariulplittnt,

110 3688 586 3755 Langobardorum
633 3691 771 3759 apud
804 3690 1082 3758 Spoletum
1133 3691 1344 3747 ducem.
1369 3688 1519 3758 Quod
1548 3688 1690 3748 refe;

106 3761 336 3814 rendum
368 3775 491 3814 esse
521 3760 583 3811 ad
632 3760 978 3814 iudictionem
1029 3761 1290 3815 decimam
1340 3764 1449 3815 fere
1478 3774 1691 3818 constat

109 3845 175 3885 ex
206 3832 427 3899 epistola
458 3830 882 3903 olintitrigesima
911 3832 1141 3885 secunda
1161 3873 1176 3896 ,
1228 3846 1369 3885 nunc
1400 3834 1692 3903 quadrage-

110 3904 248 3954 sima
282 3913 433 3955 sexta
458 3902 696 3967 ejusdem
734 3902 1040 3955 indictionis
1070 3905 1270 3972 scripta
1295 3905 1359 3955 ad
1387 3902 1649 3959 Joannem
1672 3947 1687 3972 ,

112 3974 421 4039 episcOputn
456 3972 840 4026 Ravennatem.
876 3973 1138 4026 Praeterea
1169 3976 1219 4026 in
1253 3988 1354 4027 ms.
1380 3974 1503 4028 cod.
1532 3976 1687 4030 (iolb.

114 4044 303 4115 veteri,
337 4053 386 4115 et
421 4042 473 4095 in
504 4042 834 4096 Collectione
865 4043 1013 4096 Pauli
1048 4043 1263 4097 Diaconi
1294 4046 1686 4115 manuscripts,

117 4111 245 4168 huic
268 4114 507 4182 epistola:
558 4116 861 4181 appositum
913 4114 1133 4183 legimus
1181 4131 1193 4167 :
1240 4113 1421 4168 vKal.
1470 4111 1688 4184 Octob.,

115 4184 225 4238 ind.
257 4200 307 4238 ι.

188 4254 243 4306 '2.
274 4254 347 4309 Ex
389 4254 577 4307 eodem
607 4253 739 4320 lib.,
791 4255 1015 4318 septima
1049 4255 1342 4312 indictione
1366 4300 1380 4324 ,
1427 4256 1687 4313 decimam

120 4340 331 4398 nonam,
359 4340 475 4392 quae
503 4339 643 4378 nunc
659 4337 755 4398 gest
789 4325 945 4398 hujus
974 4326 1091 4379 libri
1126 4338 1312 4396 quarta
1340 4346 1352 4379 :
1380 4328 1501 4398 quia
1529 4332 1690 4383 nimi-

120 4412 239 4450 rum
276 4396 392 4448 data
443 4405 525 4450 est
552 4410 607 4447 ιιι
654 4396 833 4451 Nonas
860 4397 1080 4452 Octobr.
1115 4396 1421 4454 indictionis
1467 4398 1689 4455 decimae

122 4465 174 4520 in
204 4465 431 4521 Colbcrt.
462 4466 651 4520 veteri.

192 4538 247 4592 5.
283 4538 354 4608 Ex
383 4540 479 4590 bac
505 4539 732 4605 septima
754 4536 1046 4591 indictione
1073 4536 1357 4604 decimam,
1391 4554 1510 4608 quas
1544 4554 1686 4596 nunc

125 4618 204 4662 est.
239 4606 383 4676 hujus
415 4609 533 4660 libri
564 4609 780 4675 quinta;
812 4608 954 4675 quod
988 4612 1038 4661 in
1068 4606 1586 4664 Collectione'Pauli
1614 4613 1687 4666 le-

126 4692 274 4748 gatur
300 4681 412 4729 data
442 4692 500 4730 ιιι
531 4677 666 4731 Νοιι.
689 4679 935 4742 0ctobr.,
971 4678 1257 4732 indictione
1283 4696 1335 4733 x.

201 4750 253 4802 4.
287 4748 359 4801 Ex
388 4748 481 4801 lib.
510 4750 635 4803 olim
670 4757 882 4817 quarto,
917 4748 1129 4821 decima
1157 4750 1312 4803 tertia
1355 4749 1650 4807 indictione
1671 4796 1685 4821 ,

131 4821 392 4888 septimam
422 4830 472 4873 et
506 4829 771 4881 octavam,
811 4833 944 4888 quas
968 4819 1280 4886 vigesimam
1307 4822 1601 4875 secundam
1635 4819 1689 4877 et.

139 4890 431 4959 vigesitnam
475 4890 685 4945 tertiam
737 4889 893 4959 hujus
936 4890 1059 4942 libri
1090 4888 1349 4945 invenies.
1398 4892 1465 4947 Ut
1511 4903 1690 4948 autem

133 4959 246 5015 haec
268 4962 477 5014 mutatio
508 4962 683 5025 ﬁeret,
703 4961 753 5014 id
785 4962 836 5014 in
862 4975 1020 5013 causa
1046 4960 1158 5014 fuit.
1184 4961 1336 5016 Prius
1367 4962 1503 5017 haud
1529 4964 1691 5019 dubie

136 5033 325 5085 electus
354 5040 432 5085 est
461 5030 695 5085 Joannes
728 5032 779 5085 in
801 5031 1112 5100 episc0pum
1140 5034 1320 5100 prima:
1343 5033 1651 5089 Justiuiauue
1673 5077 1687 5100 ,

138 5117 285 5171 quam
312 5102 565 5156 adversus
589 5101 936 5167 Hadrianum,
966 5106 1273 5169 episc0pum
1304 5105 1554 5159 Ecclesiae
1581 5121 1693 5160 sua:

142 5174 536 5243 sutlraganeum,
567 5174 889 5227 sententiam
920 5176 1121 5227 tulerit.
1147 5175 1301 5229 Prius
1319 5190 1451 5242 ergo
1478 5176 1692 5243 scriptae

144 5252 262 5296 sunt
286 5244 502 5298 decima:
530 5246 699 5297 tertia:
727 5244 1031 5297 indictionis
1052 5246 1295 5310 epistola:
1314 5248 1441 5298 olim
1469 5254 1693 5313 septima

144 5325 194 5366 et
218 5324 410 5377 octava,
431 5314 499 5366 de
514 5315 752 5367 unanimi
777 5315 998 5368 Joannis
1026 5316 1309 5381 electione,
1335 5331 1491 5383 quam
1519 5326 1689 5385 sexta,

147 5386 373 5452 septima,
393 5392 449 5438 et
468 5385 736 5451 trigesima
760 5394 950 5439 octava
978 5386 1272 5439 undecimae
1295 5388 1620 5450 indictionis,
1643 5390 1694 5440 in

149 5456 321 5521 quibus
360 5458 426 5509 de
477 5453 702 5510 Joannis
748 5456 1013 5511 adversus
1055 5456 1379 5510 Hadrianum
1429 5459 1694 5512 sententia

150 5527 427 5579 disseritur.

218 5596 267 5649 5.
293 5594 365 5651 Ex
410 5597 546 5651 libro
578 5598 704 5653 olim
734 5612 813 5651 χιι
840 5636 855 5662 ,
886 5597 1109 5665 septima
1140 5597 1429 5651 indictione
1453 5638 1467 5662 ,
1502 5599 1698 5668 vigesi-

156 5678 313 5735 mam,
356 5683 472 5735 qua:
501 5684 640 5721 nunc
664 5679 745 5722 est
770 5669 925 5736 tiujus
954 5671 1074 5723 libri
1120 5668 1371 5737 vigesima
1399 5679 1611 5723 octava.
1645 5671 1701 5725 In

157 5737 455 5809 Eollectione
479 5741 620 5809 enim
641 5737 790 5793 Pauli
822 5740 1061 5804 Diaconi,
1095 5740 1281 5793 aliisve
1328 5744 1704 5809 manuscriptis

153 5807 266 5863 data
286 5818 361 5864 est
393 5825 478 5864 xiv
526 5808 646 5864 Kal.
697 5810 879 5874 Junii,
930 5812 1039 5864 ind.
1073 5827 1127 5863 χ.
1158 5810 1231 5865 De
1276 5810 1548 5880 Stephano
1574 5807 1613 5879 ,“
1638 5814 1706 5867 ad

410 5903 681 5963 PA'I‘BOL.
725 5903 956 5964 LXXV
968 5903 1047 5962 ll.

1717 3200 1764 3265 C

1784 1865 2017 1933 deporto.
2057 1862 2222 1933 Stude
2246 1905 2260 1927 ,
2295 1863 2488 1933 siAer
2536 1863 2804 1932 placuerit,
2836 1874 2890 1916 ut
2921 1864 2973 1916 in
3016 1866 3148 1919 hanc
3169 1862 3362 1923 'urbem

1785 1931 1902 2007 ante
1930 1932 2149 2007 natalem
2180 1934 2312 2007 beati
2334 1931 2575 2007 Cypriani
2599 1944 2850 2007 transeas.
2876 1935 3139 2007 Pra'terea
3167 1936 3363 2007 legitur

1782 2004 1834 2058 iu
1868 2006 2187 2058 tiollectioue
2218 2000 2617 2057 Pauli'Diaconi
2646 2004 2771 2059 data
2796 2020 2854 2059 ιιι
2891 2004 3072 2061 Nonas
3100 2000 3247 2063 Junii
3274 2012 3359 2062 in-

1784 2074 2032 2129 dictionis
2058 2074 2300 2127 decima}.

1856 2166 1909 2220 9.
1942 2166 2019 2218 Ex
2044 2166 2268 2233 septima
2304 2166 2522 2236 insuper
2558 2167 2848 2223 indictione
2878 2169 3189 2236 vigesimam
3231 2188 3359 2230 sex-
3438 2228 3441 2229 ν

1785 2244 1917 2301 tam,
1950 2252 2091 2289 nunc
2117 2234 2448 2312 trigesimam
2477 2248 2718 2304 quartam
2754 2234 2955 2312 laudati
2978 2234 3359 2312 librifScripta

1786 2316 1869 2361 est
1900 2321 2003 2360 non
2026 2308 2188 2377 multo
2214 2317 2330 2373 post
2362 2308 2708 2373 trigesimum,
2739 2310 2806 2363 de
2833 2324 2938 2377 quo
2960 2326 3081 2365 mox
3106 2308 3359 2372 diximus.

1788 2378 1844 2431 In
1879 2382 1977 2431 bac
2024 2376 2165 2430 enim
2215 2378 2482 2441 trigesima
2548 2380 2704 2431 I’etro
2747 2376 3076 2435 subdiacono
3117 2382 3360 2440 dolorem

1788 2464 1941 2502 suum
1982 2448 2048 2502 de
2080 2448 2337 2515 ωηερε.ρίιί
2378 2448 2679 2501 Maximiani
2724 2450 2956 2516 episcopi
2988 2453 3248 2506 sententia
3283 2455 3363 2511 sic

1790 2522 2006 2586 aperit:
2052 2516 2217 2587 /Egre
2267 2529 2435 2571 tamen
2480 2518 2574 2570 tuli
2621 2522 2757 2585 quod
2797 2520 3041 2573 domuum
3085 2522 3367 2580 Eusebium

1788 2590 2060 2657 (abbatem
2104 2590 2169 2641 ad
2212 2604 2370 2655 quem
2404 2593 2741 2656 postmodum
2786 2590 3007 2645 decimae
3056 2592 3363 2652 indictionis

1788 2661 2069 2732 epistolam
2102 2660 2227 2732 olim
2250 2661 2557 2727 vigesiinani
2578 2670 2845 2732 quartam,
2870 2675 3009 2715 nunc
3030 2666 3364 2732 trigesimam

1788 2740 1992 2786 sextam
2026 2729 2193 2798 dedit)
2225 2732 2767 2785 excommunicauit....
2805 2730 2953 2784 Unde
2982 2729 3181 2787 necesse
3209 2748 3282 2789 est
3312 2746 3370 2791 ut

1789 2799 2165 2874 eidemidomno
2190 2802 2428 2868 episcopo
2454 2811 2638 2854 secrete
2663 2803 2806 2855 dicas
2823 2842 2837 2865 ,
2880 2813 3128 2870 quatenus
3164 2805 3219 2858 in
3245 2822 3366 2874 pro-

1790 2872 2011 2943 ferendis
2040 2874 2300 2923 sententiis
2326 2886 2549 2940 prwceps
2580 2886 2682 2923 non
2711 2873 2797 2925 sit.

1862 2964 1951 3017 10.
2001 2959 2079 3014 Ex
2111 2962 2246 3014 libro
2272 2961 2399 3014 olim
2432 2971 2619 3030 quarto
2647 2961 2855 3014 decima
2888 2964 3041 3016 tertia
3064 2965 3360 3030 indictione

1790 3032 2250 3099 quadragesimam
2283 3034 2509 3099 primam
2537 3041 2591 3085 et
2617 3032 3078 3099 quadragesimam
3108 3038 3351 3093 tertiam.

1794 3119 1913 3171 qua:
1964 3116 2103 3155 nunc
2150 3102 2408 3155 suntlibri
2440 3102 3088 3171 secundiquadragesima
3128 3110 3371 3169 secunda

1792 3170 1848 3229 et
1869 3174 2274 3242 quadragesima
2306 3173 2499 3240 prima.
2528 3170 2605 3225 Ex
2636 3188 2741 3241 quo
2766 3170 3023 3225 Leontius
3055 3176 3367 3235 Ariminen-

1793 3240 2171 3319 sis’Eoclesia;
2224 3240 2740 3319 administrationem
2798 3247 3075 3319 suscepit,
3130 3247 3196 3301 de
3267 3266 3374 3319 qua

1794 3325 1955 3387 agunt
1983 3313 2289 3387 indictionis
2320 3314 2613 3387 undecimae
2638 3314 2861 3387 epistola
2889 3316 3141 3387 vigesima
3173 3313 3367 3387 quarta

1793 3382 1847 3440 ei
1878 3385 2126 3453 vigesima
2159 3386 2361 3451 quinta,
2387 3382 2495 3452 jam
2533 3399 2639 3436 non
2677 3386 2900 3437 Arimini
2928 3387 3025 3439 sed
3061 3382 3245 3443 lium—te
3278 3392 3380 3447 des

1793 3456 1949 3525 gebat
1986 3454 2278 3509 Castorius.
2338 3454 2464 3525 Vide
2486 3454 2704 3517 ibidem,
2730 3462 2785 3509 et
2815 3454 3119 3510 indictionis
3148 3458 3377 3518 decima:

1794 3522 2073 3598 epistolam
2120 3529 2245 3579 olim
2280 3522 2589 3598 vigesimam
2631 3526 2948 3598 secundam,
2986 3544 3122 3598 nunc
3155 3533 3371 3598 trigesi-

1794 3611 1936 3651 niam
1988 3597 2249 3661 quintam.
2291 3597 2454 3663 Igitur
2493 3595 2591 3648 sub
2611 3595 3160 3652 decimteindictionis
3211 3595 3375 3657 linem

1793 3669 1990 3736 scripta
2040 3676 2125 3721 est
2175 3666 2583 3735 quadragesima
2622 3670 2780 3719 tertia
2822 3667 2935 3721 haec
2981 3669 3209 3735 epistola
3241 3673 3377 3728 olim

1794 3737 2066 3792 indictioni
2100 3752 2196 3791 xm
2244 3751 2521 3803 perperam
2544 3736 2664 3789 data
2687 3779 2701 3802 ,
2747 3736 2814 3789 e'x
2863 3753 2964 3807 qua
2992 3738 3157 3808 liquet
3186 3744 3379 3797 Casto-

1794 3809 1931 3863 rium
1963 3809 2137 3862 adhuc
2165 3808 2554 3861 Ariminensem
2579 3808 2871 3862 Ecclesiam
2895 3808 3122 3864 rexisse.
3169 3811 3379 3870 Eodem.

1797 3888 2050 3952 tempore
2091 3878 2145 3952 in
2198 3878 2440 3952 eamdem
2497 3892 2609 3952 rem
2663 3878 2789 3933 data
2836 3890 2919 3933 est
2964 3881 3383 3952 quadragesima

1794 3949 1963 4020 prima
1990 3949 2055 4002 ad
2088 3948 2434 4020 Lumiuosutn
2463 3948 2731 4020 abbatem2
2836 4018 2844 4020 Δ
2986 3948 2993 3949 ί
3178 3948 3203 3953 ,η

1871 4020 2065 4093 H.7Ex
2096 4019 2634 4093 scptiuiaiudictione
2687 4018 2997 4093 vigesimam
3043 4024 3329 4091 septimam
3356 4068 3380 4093 ,

1796 4107 1938 4147 nunc
1970 4092 2090 4145 libri
2134 4089 2353 4143 secundi
2382 4089 2882 4160 quinquagesimam
2923 4089 3136 4147 tertiam
3180 4096 3247 4149 ad
3272 4089 3381 4151 Ho-

1797 4175 2067 4216 noratum.
2098 4160 2374 4214 Ilonorato
2402 4162 2660 4213 successit
2704 4161 2757 4214 in
2799 4163 3070 4231 legatione
3112 4163 3385 4220 Consmn-

1797 4232 2148 4300 tinoiio'itana
2179 4232 2531 4295 Sabinianus,
2558 4232 2851 4286 indictione
2897 4235 3200 4289 undecima.
3236 4234 3382 4292 Vide

1796 4305 2081 4369 epistolam
2104 4304 2230 4355 olim
2251 4302 2481 4369 quinqua
2496 4301 2755 4369 gesimam
2773 4306 2996 4369 primam
3018 4302 3382 4370 Iibrittt,nunc

1797 4375 2292 4444 quinquagesimam
2318 4378 2630 4426 secundant.
2667 4376 2791 4445 Ilaec
2822 4374 2981 4439 igitur
3008 4388 3170 4445 quam
3203 4390 3231 4427 a
3254 4390 3379 4445 sep-

1796 4442 1923 4498 tima
1946 4442 2245 4498 indictione
2274 4457 2586 4505 avocainus,
2611 4444 2677 4494 ad
2721 4442 2985 4495 decimam
3021 4442 3375 4500 indictionein

1800 4522 2095 4569 revocanda
2127 4523 2209 4567 est
2241 4531 2255 4568 :
2308 4514 2395 4566 vix
2437 4518 2580 4565 enim
2612 4522 2735 4565 ante
2782 4513 2983 4566 liuitam
3017 4512 3376 4572 indictionem

1720 4583 1773 4646 D
1803 4601 1997 4641 nonam
2025 4584 2540 4651 Constantinopolim
2571 4583 2874 4636 [latioratus
2902 4584 3213 4640 advenerat.

1868 4678 1957 4733 12.
1993 4678 2071 4732 Ex
2098 4692 2227 4731 mss.
2250 4675 2407 4750 codd.
2436 4675 2719 4750 epistolam
2748 4676 2919 4750 sancti
2939 4676 3210 4750 Liciniani
3236 4680 3384 4750 epis-

1795 4755 1913 4819 c0pi
1960 4753 2026 4804 ad
2072 4757 2319 4819 sanctum
2345 4746 2669 4819 Gregorium
2700 4747 2803 4819 sub
2835 4747 3045 4803 decima
3094 4746 3386 4810 indictione

1798 4816 2057 4876 locamus.
2089 4816 2377 4884 Scripsisti,
2407 4818 2575 4885 inquit
2599 4816 2943 4886 Licinianus,
2985 4821 3050 4872 de
3078 4822 3215 4874 trina
3245 4824 3384 4876 tinc-

1799 4897 1933 4945 tione
1983 4889 2249 4961 (Leandro
2286 4887 2587 4961 llispalensi
2615 4932 2629 4953 ,
2664 4889 2952 4961 indictione
2992 4904 3164 4957 nona,
3194 4908 3387 4950 mense

1800 4963 1958 5025 Maio,
1989 4958 2265 5031 epistolam
2296 4958 2424 5031 oliui
2452 4959 2915 5028 quadragesiinam
2946 4963 3193 5031 primam,
3236 4978 3385 5020 nunc

1797 5030 2258 5101 quadragesimum
2303 5028 2560 5101 tertiam)
2609 5030 2660 5084 in
2699 5047 2802 5100 qua
2832 5032 3048 5098 epistola
3089 5028 3389 5087 memorans

1799 5098 2117 5171 displicuisse
2172 5101 2309 5153 vobis
2349 5098 2480 5152 illud
2513 5116 2657 5166 apus,
2708 5098 2794 5155 sed
2837 5103 2930 5154 hoc
2958 5102 3230 5156 salubriori
3259 5119 3387 5157 cort—

1801 5175 1919 5226 silio
1948 5172 2207 5231 statuisse,
2232 5181 2286 5223 ut
2317 5172 2367 5223 in
2399 5171 2643 5223 librorum
2671 5171 2828 5225 ductu
2846 5188 2932 5225 eas
2953 5181 3390 5241 transponeres...‘

1803 5244 2057 5313 Dignetur
2101 5258 2219 5313 ergo
2267 5243 2529 5313 beatitudo
2557 5253 2725 5296 vestra
2772 5258 2898 5312 aptis
2944 5243 3114 5311 ipsum
3144 5244 3225 5313 de_
3254 5245 3387 5297 libro

1800 5309 1959 5369 sancti
1984 5312 2081 5365 Job
2107 5309 2467 5366 transmittere.
2495 5309 2640 5380 Opus
2670 5309 2896 5367 illud'ad
2922 5309 3168 5369 sanctum
3204 5311 3388 5368 Lean-

1804 5387 1955 5439 drum
1976 5383 2342 5451 Hispulensem
2375 5383 2593 5435 missum
2618 5382 3144 5452 legimusindictione
3169 5384 3384 5440 decima

1806 5457 1981 5519 tertia,
2016 5454 2241 5523 epistola
2273 5455 2405 5507 olim
2432 5454 2836 5521 quadragesima
2870 5463 3049 5517 sexta,
3082 5470 3223 5509 nunc
3255 5470 3389 5523 qua-

1803 5526 2109 5593 dragesima
2161 5539 2323 5577 nona.
2368 5524 2445 5576 Ex
2500 5524 2693 5587 quibus
2735 5523 3053 5592 conjicimus
3097 5523 3387 5592 epistolam

1806 5598 1972 5662 hanc,
2011 5610 2128 5664 quas
2172 5594 2415 5648 meminit
2443 5593 2786 5663 Gregorianae
2815 5594 3083 5662 epistolae,
3117 5610 3258 5649 nona
3302 5595 3389 5649 in-

1808 5668 2039 5723 dictione
2068 5666 2347 5719 desinente
2373 5667 2604 5733 scriptae,
2638 5678 2742 5718 non
2762 5672 2885 5718 ante
2908 5664 3181 5719 decimam
3210 5665 3387 5721 indic-

1811 5742 2008 5793 tiuuem
2031 5736 2192 5789 fuisse
2210 5736 2386 5788 datam
2408 5778 2424 5801 ,
2447 5746 2502 5787 et
2521 5737 2674 5803 longe
2704 5735 3215 5789 anteduodecimam
3232 5776 3247 5799 ,
3280 5750 3383 5804 qua

1812 5811 2007 5865 missos
2046 5809 2098 5861 iu
2127 5805 2433 5875 Hispaniam
2464 5805 2627 5860 libros
2657 5805 2937 5862 Moralium
2977 5820 3114 5874 pene
3151 5816 3388 5863 consult.

3046 5894 3123 5958 1&3

3426 5970 3455 5985 h-
