3928 6342
83 323 238 380 I357

953 317 1436 378 EPISTOLARUM
1475 317 1537 377 S.
1579 313 1908 378 GBEGORII
1948 319 2180 380 VARUE
2217 311 2538 382 TABULE.

3221 303 3378 386 tsss‘

77 438 216 494 ⁴1.ιιιι
247 447 376 510 vero
394 433 684 510 indictione
711 432 880 504 prima
903 435 1202 500 Anatolius,
1225 433 1502 510 diaconus,
1529 429 1676 510 Gon-
1705 429 1761 492 Α
1783 442 1991 510 sextam
2039 445 2094 490 et
2142 437 2598 510 quadragesimam
2663 435 2945 508 septimam
2999 431 3130 508 libri
3170 439 3369 508 quinti;

75 509 444 576 stantinopoli
503 503 789 562 Sabiniano
837 515 1203 568 successerat,
1255 505 1348 574 qui
1389 503 1679 576 indictione

75 585 306 634 decima
343 575 546 648 iquinta
613 580 832 632 Romam
891 594 1140 634 reversus
1189 575 1684 648 legituriepistolis

75 655 226 706 ulim
261 647 510 704 viccsuna
540 655 716 714 tertia,
743 649 992 706 vicesima
1017 661 1223 719 quarta,
1253 647 1505 702 vicesima
1533 648 1682 719 quin-

77 736 90 776 t
123 745 170 784 ι,
207 721 474 784 tricesima
509 723 698 790 prima,
721 737 862 776 nunc
916 717 1166 776 vicesima
1214 730 1388 786 sexta,
1421 717 1682 790 vicesima

71 795 352 858 septima,
405 789 657 848 vicesima
713 803 922 858 octava,
975 793 1244 862 trigesima
1297 801 1506 862 quarta.
1539 789 1682 858 Ergo

71 865 426 917 Sabinianus
457 863 678 918 Romam
733 879 978 920 reversus
1011 863 1192 918 indict.
1241 880 1328 926 xv,
1363 863 1530 918 tribus
1561 867 1683 928 post

71 937 274 1000 annis,
310 935 558 988 nimirum
593 935 778 990 indict.
825 952 900 1002 Ill,
937 937 1156 992 minime
1181 941 1394 1004 poterat
1418 931 1682 1004 Constan-

77 1007 348 1074 tinopoli,
377 1007 675 1060 Domitiano
709 1005 952 1070 Gregorii
984 1007 1066 1066 vel
1119 1003 1291 1076 potius
1325 1007 1485 1076 totius
1519 1003 1680 1058 italia:

71 1079 318 1148 vulnera
341 1075 717 1148 molestiasque
739 1078 969 1144 aperire.
998 1075 1146 1147 Quod
1173 1091 1298 1132 vero
1327 1075 1678 1148 barbarorum

67 1150 286 1218 gladiis
310 1145 546 1204 amicuis
575 1145 888 1214 Gregorius,
917 1145 1278 1202 Domitianum
1323 1155 1380 1200 ut
1407 1145 1508 1200 sibi
1532 1161 1680 1200 cum-

69 1217 327 1288 j’iatiatur
355 1231 523 1286 rogat,
551 1219 600 1274 id
629 1219 888 1274 decimam
915 1220 1125 1276 tertiam
1151 1217 1492 1274 indictionem
1521 1231 1679 1285 aper-

69 1302 136 1344 te
173 1289 518 1346 innuit.Nam
543 1290 594 1346 in
617 1289 842 1356 cpistola
869 1291 992 1346 olim
1025 1291 1294 1360 trigesima
1319 1289 1506 1360 priora,
1537 1303 1676 1360 nunc

69 1360 508 1430 quadragesima
539 1363 602 1416 ad
638 1361 946 1416 Mauricium
997 1357 1373 1429 imperatori-tn
1407 1359 1526 1412 data
1559 1357 1674 1430 Kal.

65 1427 338 1494 Januarf,
363 1429 653 1486 indictione
683 1445 796 1496 xm,
821 1427 1111 1502 Gregorius
1165 1433 1342 1501 plagas
1374 1431 1562 1500 quibus
1593 1427 1676 1502 al-

71 1504 380 1572 ﬂigebatur
409 1517 752 1570 enumerans,
775 1505 886 1558 haec
908 1501 1092 1558 scribit
1127 1522 1138 1556 :
1175 1503 1250 1556 De
1285 1503 1518 1556 Romana
1556 1501 1678 1554 civi-

64 1585 189 1630 tate
217 1575 403 1644 milites
429 1573 586 1628 ablati
617 1583 756 1636 sunt.
797 1585 842 1630 et
875 1577 1079 1644 quidem
1100 1575 1192 1628 alii
1227 1575 1286 1626 ab
1334 1573 1674 1644 Itostibusoc-

63 1646 302 1701 εἰδέω..
333 1643 462 1702 Post
489 1645 582 1700 hoc
623 1647 778 1716 plaga
813 1641 1014 1717 grauior
1045 1648 1144 1718 fuit
1183 1645 1429 1700 adventus
1469 1641 1672 1715 Agilul-

63 1719 198 1786 piri,
235 1727 340 1774 etc.

151 1789 213 1842 2.
243 1789 320 1844 Ex
345 1787 530 1843 eadem
557 1789 778 1858 septima
803 1787 1092 1844 indictione
1111 1787 1508 1856 duodecimam,
1533 1799 1673 1841 nunc

65 1859 414 1928 trigesimam
447 1860 668 1928 primam
701 1861 940 1930 ejusdem
990 1861 1108 1914 libri
1149 1861 1338 1930 quinti.
1365 1859 1424 1912 In
1451 1860 1672 1928 quibus-

69 1933 212 1984 dam
265 1931 406 1986 enim
433 1932 812 1998 manuscriptis
841 1933 1031 1998 legitur
1071 1931 1192 1985 data
1233 1933 1318 1984 die
1360 1931 1672 1984 duodecima

67 2003 281 2066 Martii,
317 2002 608 2058 indictione
637 2003 846 2058 decima
875 2002 1050 2060 tertia.
1109 2003 1268 2058 Certa
1327 2009 1410 2056 est
1457 2001 1672 2054 aliunde

67 2073 195 2126 tunc
233 2076 487 2140 temporis
519 2086 672 2138 nota,
704 2085 814 2128 tum
867 2089 934 2129 ex
983 2075 1221 2144 epistolis
1250 2075 1316 2127 ad
1360 2071 1673 2127 Childeber-

69 2154 222 2208 turn,
255 2145 320 2198 ad
351 2145 772 2216 llrunichildem,
801 2155 854 2216 et
877 2145 940 2200 ad
973 2143 1146 2216 ipsum
1189 2143 1484 2216 Candidum
1516 2145 1670 2199 deci-

69 2231 186 2268 mae
222 2225 428 2284 quartae
459 2215 766 2270 indictionis
799 2215 950 2269 initio
981 2219 1142 2284 datis,
1191 2225 1300 2270 tum
1329 2229 1394 2269 ex
1427 2215 1670 2285 ejusdem

69 2289 308 2340 tlccimte
349 2295 554 2356 quartie
607 2287 916 2340 indictionis
961 2289 1183 2357 epistola
1236 2286 1670 2356 quinquagesima

69 2359 322 2412 secunda
354 2365 408 2412 et
433 2359 804 2427 sequentibus,
833 2357 920 2412 ubi
952 2357 1222 2414 Candidus
1251 2359 1318 2412 de
1357 2371 1483 2426 quo,
1509 2359 1672 2413 dissi-

69 2430 292 2482 mulato
321 2429 437 2498 ejus
471 2430 706 2496 nomine,
737 2431 788 2482 in
823 2428 1030 2483 laudata
1075 2431 1252 2499 agitur
1279 2430 1526 2496 epistola,
1555 2431 1668 2499 jam

69 2499 124 2552 in
161 2500 366 2555 Gallias
397 2499 612 2562 missus,
645 2501 884 2570 regibus,
909 2500 1195 2569 episcopis,
1223 2510 1277 2556 et
1305 2501 1506 2570 Arigio,
1541 2504 1674 2556 Mas-

69 2571 322 2626 siliensis
355 2572 642 2638 provincia:
683 2580 804 2641 post
853 2571 1172 2642 Dynamium
1219 2573 1490 2642 praelecto,
1523 2587 1676 2628 com-

69 2643 386 2698 mandatur.

249 2713 326 2768 Ex
355 2715 508 2770 tertia
537 2713 830 2770 indictione
849 2714 1166 2780 secundam,
1191 2729 1332 2770 nunc
1353 2713 1472 2770 libri
1501 2717 1670 2784 quinti

73 2785 434 2854 trigesitnam,
465 2787 586 2854 quia
613 2785 664 2840 in
689 2785 1016 2842 Collectione
1045 2785 1188 2842 Pauli
1211 2785 1450 2854 Diaconi,
1479 2787 1670 2846 aliisve

73 2858 456 2926 tnannscriptis
496 2857 616 2910 data
659 2857 852 2927 legitur
897 2872 1081 2914 mense
1119 2857 1328 2926 Martio,
1381 2857 1671 2916 indictione

73 2927 282 2980 decima
313 2930 488 2984 tertia.

143 3002 202 3052 4.
249 3000 326 3054 Ex
377 2999 606 3068 septima
651 2999 940 3056 indictione
967 2999 1230 3056 decimam
1259 3001 1492 3066 tertiam,
1529 3017 1668 3058 nunc

75 3070 410 3140 trigesimam
435 3071 720 3126 secundam
743 3071 862 3124 libri
883 3071 1072 3141 quinti.
1091 3070 1376 3140 Aliquanto
1397 3085 1526 3126 sane
1547 3081 1670 3141 post

74 3141 390 3196 lllaximiani
438 3143 640 3196 obitum
691 3149 930 3210 tempore
979 3141 1157 3198 datam
1205 3141 1402 3210 pitebit
1449 3141 1664 3210 legenti.

74 3213 222 3266 Ubiit
245 3221 423 3266 autem
445 3213 798 3268 Maximianus
825 3228 966 3266 anno
989 3215 1113 3276 alii,
1139 3215 1248 3266 ind.
1273 3228 1388 3266 xm.
1412 3213 1668 3274 Baronins

75 3283 124 3335 in
161 3285 308 3336 nolis
335 3285 400 3354 ad
427 3283 858 3354 Martyrologium
887 3283 1208 3354 liornanum,
1235 3281 1392 3336 Wion
1425 3285 1672 3354 inl..igno

74 3357 220 3418 t-‘itzt',
265 3353 600 3408 Mabillonius
637 3353 700 3407 ad
735 3355 826 3406 lib.
861 3370 874 3406 ι
910 3353 1065 3409 Joan.
1112 3355 1326 3407 Diaconi
1360 3355 1428 3408 de
1461 3353 1666 3411 Vita’S.

75 3424 346 3494 Gregorii,
380 3425 406 3492 ᾗ
446 3425 535 3490 55,
560 3432 636 3496 et
678 3427 727 3478 in
771 3426 918 3496 Actis
961 3425 1279 3480 Sanctorum
1307 3433 1440 3481 tom.
1473 3425 1490 3480 Ι
1523 3428 1668 3496 (pag.

73 3496 232 3563 408),
265 3497 517 3550 Octavius
545 3495 832 3564 Cajetanns
861 3495 1226 3566 Syracusanus
1273 3498 1412 3564 apud
1463 3495 1672 3552 Bollan-

73 3569 292 3631 dianos,
319 3567 698 3624 Maximianum
722 3568 806 3620 die
831 3583 968 3622 nona
995 3566 1134 3620 Junii
1158 3567 1494 3620 demortuum
1527 3583 1671 3624 asse-

75 3649 240 3700 runt;
291 3639 428 3706 quorl
473 3639 642 3706 ipsum
681 3649 912 3690 sanctum
941 3655 998 3692 eo
1039 3637 1118 3690 die
1144 3639 1311 3690 colunt
1353 3639 1672 3707 Syracusani

74 3713 186 3774 ejus
219 3709 445 3778 reliquiis
478 3709 802 3780 gaudentes:
827 3713 895 3764 At
939 3709 1152 3764 illorum
1180 3711 1474 3780 sententiae
1517 3727 1672 3780 repu-

74 3795 244 3840 tnare
275 3779 490 3834 videtur
512 3789 724 3834 sanctus
766 3779 1054 3848 Gregorius
1101 3779 1405 3832 indictionis
1447 3779 1672 3838 decima:

76 3851 254 3905 ιριιὶτο
290 3851 512 3922 epistola
550 3851 674 3904 olim
717 3849 922 3904 decima
965 3867 1122 3916 nona,
1165 3865 1305 3904 nunc
1342 3849 1550 3922 decima
1582 3867 1671 3922 se-

75 3925 244 3988 ptima
304 3921 370 3976 ad
423 3923 744 3992 Cyprianum
785 3923 1088 3986 diaconum,
1145 3937 1264 3990 quae
1313 3921 1391 3976 sic
1433 3921 1668 3988 incipit:

75 3993 441 4046 Amarissimas
484 4003 581 4048 tua:
619 3993 903 4062 dilectionis
934 3996 1173 4062 epistolas
1205 3993 1268 4044 de
1290 3993 1466 4044 damni
1499 3993 1674 4046 Maxi-

75 4065 236 4115 miani
264 4063 402 4118 obitu
425 4080 592 4118 mense
626 4061 903 4116 Norembri
924 4061 1141 4133 suscepi.
1167 4063 1295 4130 Quis
1323 4064 1462 4116 cnim
1487 4065 1669 4120 credat

75 4135 402 4204 {Apr-iamun
432 4137 498 4189 de
522 4133 822 4188 Maximiani
855 4135 952 4186 Hii)
987 4135 1219 4186 llo.nana
1245 4137 1525 4204 metropoli
1558 4135 1672 4204 epi-

75 4205 228 4274 strttpi
260 4213 314 4259 et
335 4205 595 4276 Gregorio
625 4205 934 4276 amiciSsimi
963 4205 1133 4268 obitu,
1183 4221 1287 4258 non
1311 4215 1434 4260 ante
1462 4205 1672 4276 elapsos

75 4277 314 4344 quinque
343 4275 553 4332 Ilienses
578 4277 746 4346 ipsum
775 4275 830 4328 S.
862 4275 1173 4346 Gregorium
1203 4277 1510 4331 monuisse?
1536 4275 1668 4330 For-

76 4347 237 4400 lassis
266 4348 434 4401 sancti
461 4347 764 4402 Maximiani
793 4347 1136 4416 reliquzarum
1161 4348 1560 4403 translationem
1585 4348 1669 4404 die

77 4419 144 4473 10
175 4419 320 4474 Junii
345 4421 534 4472 laetam
564 4417 832 4488 celebrant
861 4417 1199 4488 Syracusani.

145 4491 200 4544 5.
249 4489 328 4544 Ex
358 4489 588 4544 secunda
623 4487 911 4542 indictione
941 4489 1199 4542 decimam
1227 4489 1490 4558 quintam,
1525 4505 1667 4544 nunc

1787 507 1986 562 Eodem
2021 515 2261 576 tempore
2285 507 2496 578 scriptae
2525 520 2677 574 sunt;
2712 507 2882 564 abhis
2910 507 3048 564 enim
3081 507 3252 570 verbis
3284 513 3368 566 iu-

1783 579 1933 654 cipit_
1961 581 2298 654 nonagesima
2346 582 2588 654 quinta:
2635 581 3026 654 Responsalium
3070 592 3364 654 πρέποι-ατη

1783 648 2031 702 relatione
2051 648 2404 724 comperimus,
2429 653 2564 723 quod
2585 671 2678 724 pro
2699 648 2871 708 ainore
2889 653 3094 724 unitatis
3119 651 3368 710 Ecclesia

1783 729 1954 774 tantus
1985 738 2071 776 vos
2100 723 2254 796 diuini
2282 727 2378 778 zeli
2407 729 2564 780 ardor
2587 723 2889 781 accenderit.
2935 723 2990 779 In
3019 727 3365 796 nonagesima

1781 803 1965 864 quarta
1998 809 2124 850 vero
2155 795 2348 864 legitur
2381 815 2393 850 :
2429 797 2660 860 Qualiter
2685 813 2774 852 vos
2803 807 2975 850 contra
3023 795 3367 852 Ilistricorum

1781 863 2024 938 schisma,
2057 882 2148 934 pro
2183 863 2370 924 unitate
2401 869 2664 932 Ecclesiaz,
2711 869 2899 924 amoris
2929 869 3050 922 olim
3079 867 3248 938 fervor
3280 885 3368 921 ac-

1783 937 2028 998 cenderit,
2055 945 2099 988 et
2127 939 2400 992 multorum
2431 941 2806 1005 testiﬁcatione,
2830 949 2874 993 et
2899 937 3186 992 nostrorum
3211 939 3364 991 modo

1779 1005 1928 1078 plene
1957 1007 2204 1064 relatione
2233 1014 2576 1080 cognovimus.
2611 1012 2668 1066 In
2711 1011 2809 1066 hac
2850 1010 2997 1080 olim
3020 1009 3364 1080 nonagesimo

1780 1087 1966 1146 quarta
1991 1081 2264 1134 Castorius
2289 1079 2338 1136 in
2364 1083 2616 1138 Histriam
2645 1083 2836 1136 missus
2863 1079 3060 1134 Basilio
3089 1079 3368 1134 commen-

1781 1149 1956 1221 datur.
2007 1149 2082 1203 De
2109 1147 2334 1208 Castorii
2365 1155 2560 1221 reditu,
2589 1162 2642 1210 et
2669 1154 2734 1208 ad
2763 1167 2946 1220 pacem
2969 1151 3080 1220 jam
3113 1151 3368 1204 inclinato

1781 1219 1926 1292 Petri
1955 1229 2008 1275 et
2039 1221 2362 1278 Providentii
2415 1219 2630 1280 Histriae
2669 1219 3040 1292 epiScopnruIn
3083 1223 3260 1276 animo
3314 1223 3366 1274 in

1780 1289 2002 1346 decima:
2020 1293 2190 1346 tertiae
2211 1293 2518 1352 indictionis
2539 1289 2785 1364 epistola,
2812 1289 2939 1350 olim
2961 1293 3366 1363 quadragesima

1781 1377 1941 1436 ἔιοηθν
1972 1379 2110 1436 nunc
2131 1365 2565 1436 quinquagesima
2585 1367 2756 1434 prima
2775 1365 2898 1428 data
2921 1377 3105 1436 mense
3127 1365 3370 1436 Augusto

1783 1432 2014 1508 loquitur
2041 1435 2110 1508 _S_.
2153 1432 2470 1504 Gregorius.
2517 1432 2658 1508 Ergo
2697 1436 3016 1492 antecedere
3051 1433 3368 1508 debuerunt

1779 1506 2008 1568 geminae
2039 1504 2143 1558 illa:
2169 1509 2414 1574 epistolae
2443 1525 2506 1564 ex
2543 1504 2728 1562 iudict.
2773 1523 2810 1560 ll
2853 1517 3134 1561 revocatas.
3183 1505 3368 1574 Neque

1779 1575 2078 1630 Castorium
2101 1578 2334 1632 secunda
2355 1579 2644 1634 indictione
2671 1582 2860 1632 iterum
2885 1577 2934 1632 in
2961 1577 3210 1632 Histriam
3237 1589 3364 1642 per-

1777 1647 1983 1700 rexisse
2019 1649 2260 1716 cogites:
2291 1665 2413 1706 nam
2447 1653 2714 1706 ltavennte
2743 1651 2794 1706 in
2823 1649 3038 1704 Maximi
3065 1645 3366 1704 Salonitani

1779 1717 1992 1789 negotio
2024 1727 2148 1772 tunc
2178 1721 2353 1788 ipsttm
2384 1732 2702 1789 occupatum
2727 1717 3016 1776 ostendunt
3061 1717 3367 1772 indictionis

1777 1787 2018 1862 ejusdem
2065 1787 2335 1856 secundae,
2381 1787 2622 1862 epistolae
2661 1793 2786 1848 olim
2823 1790 3153 1862 sexagesima
3200 1804 3364 1855 nona,

1777 1861 2127 1938 octogesima,
2156 1861 2480 1938 octogesima
2513 1863 2714 1933 prima;
2749 1879 2888 1938 nunc
2917 1861 3248 1938 sexagesima
3279 1869 3382 1916 se-'
3455 1927 3466 1938 ι

1777 1931 1966 2006 ptima,
1988 1933 2324 2006 sexagesima
2355 1931 2527 2006 nona,
2541 1934 2894 2006 octogesima;
2925 1933 3101 2006 donec
3119 1939 3367 2006 sanctum

1779 2001 2092 2070 Gregorium
2108 2000 2254 2066 a‘diit,
2279 2005 2422 2062 actle
2443 2000 2654 2061 Maximi
2669 2000 2986 2074 plenissima
3005 2000 3368 2060 satisfactione

1779 2081 2006 2154 testatus
2027 2083 2128 2128 est.
2165 2074 2298 2154 Vide
2329 2077 2631 2154 indictionis
2649 2076 2902 2132 secundm
2927 2076 3210 2154 epistolam
3234 2075 3364 2154 olim

1777 2145 2124 2200 centesimam
2180 2146 2526 2215 trigesimum,
2595 2163 2737 2206 nunc
2776 2147 3124 2204 centesimam
3159 2144 3366 2212 vigesi-

1777 2231 1917 2288 mam
1939 2217 2178 2288 quintam
2212 2217 2278 2272 ad
2301 2219 2612 2284 Maximum,
2639 2219 2806 2288 episc.
2829 2219 3054 2274 Salonit.

1848 2287 1903 2342 8.
1944 2290 2024 2342 Ex
2049 2287 2240 2342 eadem
2269 2289 2556 2346 indictione
2577 2287 2808 2346 secunda
2831 2287 3214 2346 removendam
3253 2287 3366 2356 epi-

1775 2358 1968 2430 stolam
1995 2358 2340 2412 centesimam
2357 2360 2671 2430 vigesimam
2695 2361 3009 2426 secundam,
3034 2359 3160 2414 olim
3183 2371 3368 2415 cente-

1775 2429 1966 2500 simam
2004 2430 2316 2498 vigesimam
2366 2429 2646 2500 septimam
2697 2433 2764 2486 ad
2807 2431 3196 2493 Reeharedum,
3235 2430 3364 2498 jun-

1775 2499 2108 2567 gendamque
2155 2500 2402 2566 epistolae
2432 2499 2878 2571 quadragesimae
2933 2517 3088 2558 nona:
3141 2500 3365 2568 hujusce

1777 2571 1900 2642 libri
1928 2571 2118 2640 quinti,
2149 2571 2274 2626 olim
2305 2572 2726 2642 quadragesimae
2754 2583 2920 2630 sextae
2951 2575 3016 2628 ad
3037 2571 3362 2638 Leandrum,

1777 2640 2144 2712 lliispalensetn
2171 2640 2500 2712 episcopum,
2523 2640 2712 2700 censet
2737 2646 2991 2700 Nicotaus
3020 2643 3282 2698 Antonius
3308 2643 3364 2698 in

1773 2711 2104 2768 Bibliotheca
2151 2713 2454 2782 lltSpanica.
2488 2711 2714 2783 Nempe
2767 2717 2900 2772 duas
2937 2717 3056 2770 illas
3107 2714 3364 2781 epistolas

1775 2783 1964 2840 eodem
2005 2792 2248 2854 tempore
2277 2786 2502 2854 scriptas
2531 2801 2652 2841 esse
2679 2796 2827 2854 putat
2871 2791 2950 2840 vir
2999 2785 3360 2848 doctissimus,

1773 2867 1840 2909 eo
1869 2855 2010 2923 quod
2038 2856 2090 2927 iu
2123 2865 2348 2926 utraque
2387 2855 2444 2927 S.
2489 2857 2778 2927 Gregorius
2805 2857 3107 2927 meminerit
3145 2855 3366 2910 Prol-ini

1775 2925 2095 2995 presbyteri.
2150 2925 2342 2980 Verum
2393 2926 2522 2980 falsa
2576 2925 2730 2982 nobis
2763 2929 2975 2982 videtur
3027 2925 3364 2996 (quodpace

1775 2997 1908 3050 tanti
1939 2993 2037 3050 viri
2069 2996 2318 3065 dixerim)
2349 2998 2652 3064 conjectura
2685 2999 2820 3052 hmc.
2853 2998 2986 3052 Nam
3033 2993 3084 3050 in
3135 2993 3384 3064 epiStola.

1771 3067 1838 3120 ad
1863 3067 2162 3122 Leandrum
2195 3067 2394 3134 mentio
2423 3069 2478 3122 lit
2525 3067 2740 3124 Probini
2769 3069 2914 3122 missi
2953 3069 3004 3122 in
3031 3067 3364 3134 lliSpaniam,

1773 3151 1942 3206 eoque
1967 3137 2235 3206 pergentis
2260 3154 2274 3191 :
2303 3131 2358 3192 in
2387 3141 2548 3193 altera
2579 3155 2704 3192 vero
2737 3138 2950 3192 Probini
2971 3137 3080 3206 jam
3107 3131 3318 3192 reducis
3343 3152 3362 3196 :

1695 3198 1746 3268 C
1777 3198 2262 3278 Prietereafinquit
2287 3219 2506 3278 sanctus
2529 3209 2839 3278 Gregorius,
2867 3198 3040 3278 indico
3069 3209 3186 3274 quia
3215 3209 3366 3262 crevit

1775 3283 1838 3332 de
1865 3291 2028 3334 vestro
2047 3273 2206 3348 apere
2247 3282 2300 3333 in
2329 3277 2568 3334 laudibus
2608 3273 2706 3334 Hei
2735 3273 2834 3334 hoc
2871 3273 3006 3348 quo'd
3033 3273 3364 3334 dflectissimo

1773 3351 1884 3419 ﬁlio
1931 3368 2038 3406 meo
2091 3349 2316 3406 Probino
2363 3353 2658 3421 presbytero
2705 3365 2947 3404 narrante
2983 3349 3216 3421 cognovi.
3257 3349 3364 3416 Qui

1775 3423 2023 3478 narrabat
2053 3421 2332 3491 Gregorio,
2365 3420 2558 3476 ltotna:
2601 3437 2730 3476 sane
2767 3431 2859 3475 aut
2903 3423 2956 3476 in
2997 3420 3186 3474 vicinia
3233 3427 3362 3474 tunc

1771 3495 1980 3558 aderat,
2014 3509 2116 3548 non
2145 3495 2198 3546 in
2229 3493 2479 3560 llispania
2508 3495 2960 3562 peregrinabatur.

1851 3563 2202 3618 Verisimilior
2223 3571 2306 3617 est
2327 3563 2426 3616 alia
2449 3563 2495 3631 ej
2505 3560 2688 3618 usdem
2709 3561 3060 3618 eruditissimi
3083 3560 3364 3630 scriptoris

1773 3635 2080 3704 conjectura
2109 3675 2124 3700 ,
2183 3635 2468 3702 epistolam
2519 3633 2983 3702 quadragesimum
3039 3641 3246 3704 sextam
3293 3635 3364 3688 ad

1772 3703 2096 3770 Leandrum,
2131 3720 2270 3759 nunc
2297 3705 2760 3774 quadragesimum
2801 3718 3008 3774 nonam
3054 3703 3363 3759 indictionis

1773 3781 1998 3833 decimze
2049 3777 2220 3830 tertiae
2271 3773 2430 3830 citius
2475 3779 2728 3842 scriptam
2788 3773 2970 3830 fuisse.
3023 3775 3082 3828 ln
3121 3789 3183 3829 ea
3203 3775 3363 3830 ’enitn

1773 3848 2022 3903 Leandre
2051 3847 2317 3916 sigmlicat
2355 3845 2520 3900 libros
2549 3845 2828 3900 Moralium
2861 3859 2922 3900 se
2961 3845 3030 3900 ad
3062 3846 3232 3914 ipsum
3267 3861 3362 3913 per

1775 3919 2063 3975 Probiuum
2117 3917 2502 3972 transmittere.
2549 3917 2620 3970 At
2657 3917 2743 3971 vix
2787 3917 2934 3972 credi
2981 3927 3158 3986 potest
3193 3916 3362 3971 libro

1775 3991 1896 4048 illos
1927 3991 2016 4058 qui
2042 3989 2152 4058 jam
2193 3989 2484 4043 indictione
2515 4002 2654 4042 noua
2685 3989 2920 4042 absoluti
2958 3995 3134 4052 erant,
3173 3997 3244 4058 ιιι
3295 4002 3364 4044 ex

1773 4057 1998 4130 cpistola
2029 4057 2437 4130 quadragesima
2463 4060 2616 4130 tertia
2646 4058 2803 4128 hujus
2833 4059 3140 4130 indictionis
3171 4057 3358 4130 liquet,

1773 4128 2012 4202 quosque
2045 4128 2154 4202 jam
2199 4129 2447 4202 Leandro
2470 4129 2774 4202 destinabat
2801 4141 3020 4184 sanetus
3046 4128 3361 4202 Gregorius,

1775 4198 2071 4260 indictione
2103 4211 2304 4256 tantum
2337 4201 2544 4256 decima
2585 4201 2736 4254 tertia
2787 4202 2950 4256 {niese
2985 4201 3199 4253 missos.
3237 4198 3362 4252 llaac

1774 4285 1952 4330 tatnen
1987 4275 2122 4328 ratio
2153 4289 2257 4328 non
2287 4273 2488 4326 sul'licit
2529 4272 2594 4325 ad
2643 4271 2781 4326 hanc
2823 4271 3128 4339 epistulam,
3157 4283 3277 4336 qua:
3309 4269 3361 4324 in

1773 4348 2022 4402 omnibus
2041 4344 2412 4412 manuscriptis
2435 4343 2664 4412 [tegistri
2695 4357 2788 4410 per
2811 4341 3128 4412 indictiones
3147 4339 3362 4408 digesti,

1773 4416 2046 4474 ἰιιιιιοιιοιιί
2075 4411 2494 4470 decitnm’tertite
2522 4411 2801 4474 tribuitur,
2841 4411 2960 4464 loco
3000 4425 3098 4463 suo
3147 4425 3360 4462 moven-

1775 4493 1920 4542 dam.
1973 4487 2268 4540 Potuerunt
2312 4485 2455 4538 enim
2501 4483 2689 4538 adesse
2747 4495 2924 4535 causa:
2971 4480 3166 4550 aliqua
3209 4479 3361 4534 nobis

77 4561 198 4640 libri
222 4561 390 4640 quinti
425 4561 746 4640 tricesimum
775 4561 1076 4640 septimam.
1126 4561 1180 4612 Si
1211 4551 1422 4640 quidem
1447 4551 1506 4640 _in
1539 4563 1662 4615 Col-
1697 4577 1746 4640 ο
1774 4573 1915 4616 nunc
1943 4557 2228 4627 incognita:
2259 4555 2463 4610 tardius
2494 4551 2740 4607 mittendi
2767 4551 2934 4606 libros
2960 4551 3100 4606 illos.

77 4630 306 4686 lectione
347 4629 498 4686 Pauli
535 4631 772 4694 Diaconi,
809 4630 993 4682 aliisve
1023 4629 1396 4688 manuscriotis
1429 4631 1548 4682 data
1582 4637 1664 4684 est

77 4717 270 4756 mense
295 4702 472 4766 Jltnio,
505 4703 685 4756 intlict.
717 4717 830 4766 xui,
867 4715 1034 4762 neque
1059 4701 1361 4754 verosimile
1387 4711 1468 4754 est
1495 4701 1669 4755 Theo-

78 4773 288 4826 dosium
317 4773 424 4844 jam
451 4773 723 4828 undecima
757 4769 1046 4844 indictione
1074 4771 1242 4824 sancti
1269 4771 1472 4824 Martini
1496 4771 1662 4844 abba-7
1697 4803 1700 4806 ι

81 4851 186 4916 tem
227 4841 368 4914 (Vtile
391 4845 544 4916 hujus
571 4847 681 4902 ittd.
717 4857 804 4912 ep.
827 4841 922 4916 2'5)
951 4843 1012 4916 ad
1043 4857 1136 4916 sex
1158 4843 1664 4916 annustnonastet’ii

78 4931 108 4966 ιι
135 4911 418 4971 decessore
441 4911 538 4970 suo
562 4911 850 4970 constructi
879 4913 1263 4966 dedicationem
1295 4911 1586 4968 ιΙῙειιιΙίεςε.

153 4991 208 5038 ti.
253 4986 327 5040 Ex
357 4987 588 5042 secunda
619 4985 908 5040 indictione
939 4993 1205 5052 quartam,
1258 4999 1396 5038 nunc
1437 4989 1660 5052 quadra-

82 5058 336 5122 gesimum
369 5061 605 5128 quintam
641 5055 864 5126 hujusce
893 5055 1022 5128 _libri
1057 5055 1247 5128 quinti.
1281 5057 1358 5110 Ad
1403 5055 1660 5128 severum

83 5131 299 5181 exarcbi
343 5125 608 5182 Ravennae
650 5125 1026 5182 seltolasticum
1071 5127 1269 5192 scripta
1312 5135 1394 5180 est
1435 5127 1658 5180 decimae

86 5199 254 5251 tertia:
287 5200 588 5254 indictionis
616 5199 838 5268 epistola
878 5199 1001 5251 olim
1035 5199 1286 5266 vigesima
1327 5211 1487 5268 nona,
1518 5211 1660 5250 nunc

87 5271 360 5337 tr-gesima
387 5279 554 5324 sexta.
581 5267 822 5324 Nondum
848 5269 990 5321 linita
1015 5269 1298 5322 indictione
1321 5267 1526 5321 decima
1555 5275 1660 5320 ter-

88 5340 156 5391 tia
181 5341 378 5395 Severo
405 5343 660 5395 successit
690 5339 946 5402 Andreas,
973 5339 1038 5392 ad
1063 5355 1216 5407 quem
1239 5339 1457 5392 decium
1486 5339 1658 5393 tertia!

87 5407 389 5466 indictionis
417 5413 658 5478 cpistola,
693 5411 816 5464 olim
847 5411 1248 5478 quadragesima
1279 5409 1480 5478 quinta,
1515 5425 1655 5465 nunc

88 5477 485 5552 quadragesima
518 5477 724 5550 octava,
756 5481 823 5534 de
854 5477 1126 5552 Mariniani
1168 5477 1404 5552 episcopi
1443 5479 1658 5552 ordina-

91 5559 250 5607 tione.
283 5549 426 5606 l'lanc
457 5568 584 5608 vero
612 5563 713 5620 qua
753 5553 1024 5604 Castorius
1056 5551 1164 5620 jam
1215 5551 1368 5604 undet
1391 5549 1490 5602 ima
1521 5550 1654 5605 indi.

93 5621 266 5692 ctione
296 5623 558 5678 Ravennae
589 5624 790 5692 degens
827 5622 1248 5688 commendatur,
1293 5622 1346 5674 in
1391 5624 1504 5691 ipso
1546 5623 1650 5674 Αιις

93 5691 232 5747 dree
255 5697 482 5749 adventu
509 5691 758 5763 scriptam
773 5707 1072 5748 censemus.

166 5765 216 5817 7.
257 5767 330 5820 Ex
363 5767 596 5834 secunda
645 5765 952 5821 indictione‘
971 5765 1369 5834 nonagesimam
1413 5771 1657 5834 quartam

96 5842 150 5886 et
205 5832 592 5910 nonagesimaui
649 5839 932 5908 quintam,
1007 5832 1146 5892 nunc
1201 5832 1660 5908 quadragesimum

1769 4675 1832 4730 ll.
1875 4675 1920 4729 A
1965 4673 2164 4728 decima
2203 4669 2356 4723 tertia
2393 4667 2666 4720 indictione
2705 4665 2945 4736 epistolas
2974 4673 3166 4740 septem
3210 4681 3359 4722 amo-

2474 4754 2578 4794 Item
2585 4755 2640 4792 us
2647 4779 2658 4792 .

1843 4867 1892 4924 1.
1934 4863 2046 4922 Sub
2099 4857 2392 4916 indictione
2435 4853 2642 4910 decima
2697 4852 2978 4922 septimam
3006 4891 3020 4918 ,
3075 4861 3357 4924 octavam,

1765 4923 2232 5008 quadragesimum
2289 4929 2513 5008 primam
2548 4966 2563 4992 ,
2619 4927 3080 5008 quadragesimum
3135 4923 3357 5008 tertiam

1766 4995 2098 5078 reponimus.
2142 5001 2252 5055 Sub
2291 4995 2578 5078 indictione
2605 4995 2953 5078 duodecima,
3009 4995 3360 5078 quadragesi-

1766 5065 1942 5142 mum;
1974 5075 2164 5144 quibus
2193 5079 2369 5144 autem
2395 5069 2459 5144 ad
2565 5067 2866 5144 rationibus
2896 5067 3064 5118 coacti
3100 5065 3360 5144 fuerimus
3435 5069 3442 5076 '

1763 5149 1868 5218 jam
1901 5137 2102 5201 ilicium
2144 5155 2244 5198 eat.
2275 5142 2384 5195 Sub
2413 5139 2701 5218 indictione
2731 5137 2932 5217 decima
2961 5145 3154 5218 quarta
3197 5140 3360 5204 quin-

1763 5207 2128 5290 quagesimum
2171 5223 2384 5290 sextam
2409 5207 2980 5290 et‘qu‘ittqnagesimam
3021 5207 3312 5290 septimani
3346 5221 3362 5268 ;

1762 5277 1996 5344 rationes
2035 5301 2163 5342 vero
2203 5277 2519 5338 mutationis
2553 5279 2705 5332 facta:
2757 5279 3081 5348 aperiemus
3105 5291 3225 5329 cum
3283 5277 3354 5328 de

1761 5361 2104 5430 epistularum
2133 5355 2447 5430 indictionis
2477 5365 2566 5404 xw
2603 5346 3184 5430 ordine—disserendum
3219 5347 3348 5428 erit.

1831 5435 1884 5485 2.
1929 5431 2190 5484 Praeterea
2221 5426 2376 5480 Gesta
2411 5421 2666 5476 Romana:
2710 5420 2922 5490 synodi,
2953 5431 3073 5486 quae
3101 5417 3202 5470 sub
3233 5417 3348 5490 epi-

1761 5504 1914 5560 smlae
1937 5501 2154 5556 nomine
2184 5493 2594 5566 quadragesimo
2617 5489 2805 5560 quarto
2835 5490 2950 5544 loco
2971 5497 3124 5542 erant
3147 5489 3340 5558 posita,

1761 5575 1828 5630 ad
1856 5575 2056 5628 calcem
2079 5569 2357 5625 mittimus.

1765 5668 1852 5725 lli.
1883 5666 1952 5722 In
1977 5666 2175 5720 decima
2200 5662 2350 5718 tertia
2377 5658 2652 5712 indictione
2680 5655 2928 5726 epistolas
2953 5645 3194 5722 undecim
3223 5669 3350 5724 pro-

2227 5733 2354 5804 priis
2377 5733 2502 5786 locis
2527 5727 2862 5784 restituimur.

1839 5831 1890 5887 Ι.
1933 5829 2078 5886 idem
2103 5825 2172 5883 de
2189 5821 2480 5882 Saturnino
2503 5821 2909 5891 expresbytero,
2931 5818 2999 5877 de
3023 5818 3222 5875 Jobino
3241 5815 3334 5872 die
