3928 6342
114 341 247 399 15M

946 337 1430 400 EPISTOLARUM
1469 340 1528 398 S.
1569 339 1894 397 GREGORII
1939 342 2172 398 VARIE
2212 338 2527 401 TABULiE.

3233 343 3371 406 (362

107 459 292 530 Sicilia
341 457 590 530 I'Cdilllmi
618 457 738 513 data
797 468 916 530 est:
946 460 1104 530 igitur
1149 458 1438 513 indictione
1492 456 1677 530 prima.
1707 461 1764 518 Α
1787 459 1992 530 omnino
2019 457 2272 527 placatur.
2301 459 2426 514 Haec
2451 474 2596 524 vero,
2623 459 2692 515 de
2717 472 2820 529 qua
2842 473 2964 514 mox
2985 457 3360 526 disseruimus,

108 529 348 585 Reverso
375 531 517 583 enini
563 529 784 600 Romam
815 529 1100 600 Cypriano,
1134 531 1329 583 missus
1362 537 1445 583 est
1471 529 1570 600 sub
1599 541 1686 579 se-

104 601 300 654 cunda:
330 600 630 654 indictionis
657 597 976 668 iriitiunifad
1008 600 1396 671 Syracusanum
1433 597 1686 671 patrimo-

109 675 258 725 nium
291 671 598 738 regendutn,
635 671 903 725 Romanus
925 668 1193 725 defeiisiir.
1219 671 1352 725 Vide
1375 668 1684 722 indictionis

105 742 362 796 secunda:
403 741 681 808 epistolam
729 741 852 796 olim
900 742 1159 796 decimam
1209 745 1513 807 septimam,
1549 753 1687 793 nunc

102 812 371 868 decimam
401 824 640 866 octavam
667 822 722 866 et
749 823 1033 879 sequentes
1062 820 1306 879 quatuor.

183 883 238 936 2.
282 883 357 937 Ex
388 895 570 949 quarta
598 883 884 937 indictione
925 883 1186 938 decimam
1236 883 1494 950 quintam,
1544 895 1686 936 nunc

108 955 437 1022 trigesimam
477 953 766 1008 secundam
813 954 1052 1020 ejusdem
1099 953 1428 1023 lihrigoctavi
1459 954 1690 1023 Syracu-

105 1021 299 1079 sannin
330 1024 704 1092 patrimonium
751 1038 938 1094 regere
963 1025 1194 1078 desierat
1217 1021 1518 1094 Cyprianus
1546 1022 1688 1077 circa

106 1097 297 1163 primat
329 1095 632 1149 indictionis
679 1096 930 1164 medium,
964 1104 1020 1164 ut
1059 1095 1168 1161 jam
1199 1095 1537 1148 observatum
1582 1103 1685 1148 est.

104 1167 475 1220 Alexandrum
506 1165 647 1219 hunc
671 1163 942 1233 querelam
971 1163 1040 1219 de
1075 1167 1320 1219 mercede
1358 1180 1385 1216 a
1424 1165 1690 1234 Gypriano

103 1250 217 1288 non
250 1237 446 1291 reddita
485 1236 551 1290 ad
579 1247 821 1306 quartam
869 1234 1214 1289 indictionem
1260 1235 1534 1290 distulisse
1582 1250 1689 1289 non

104 1317 376 1374 putamus.
428 1307 575 1361 Hanc
627 1307 848 1373 proinde
894 1308 1176 1376 epistolam
1230 1308 1331 1361 sub
1377 1306 1687 1363 indictionis

102 1378 298 1446 prima:
325 1379 485 1432 finem
515 1379 785 1447 ponimus.

190 1491 253 1545 ll.
293 1490 337 1544 Α
367 1491 535 1557 prima
563 1491 840 1546 indictione
865 1491 1107 1560 epistolas
1133 1492 1265 1547 duas
1289 1507 1596 1546 amovemus.

184 1599 413 1654 Primam
444 1613 600 1670 quam
637 1599 913 1654 indictioni
955 1601 1308 1664 duodecimae,
1340 1610 1392 1656 et
1421 1603 1683 1670 quintam,

103 1685 267 1739 quam
298 1673 546 1724 secunda:
590 1669 866 1724 indictioni
912 1672 1203 1726 reddimus.
1253 1669 1480 1726 Causam
1524 1673 1687 1727 ratio-

102 1756 338 1809 nemque
368 1742 560 1810 prioris
599 1744 907 1797 amovenda:
953 1743 1293 1810 protulimus,
1337 1745 1402 1796 de
1445 1745 1684 1797 ornanda

102 1812 400 1900 iiidictioqe
447 1828 516 1866 xu
547 1811 911 1900 disserendo:
938 1815 1249 1882 posterioris
1295 1828 1427 1868 vero
1469 1815 1689 1869 exhibe-
1719 1839 1764 1900 Β

103 1883 310 1946 bimus,
337 1884 462 1936 dum
495 1892 680 1952 agetur
707 1885 776 1938 de
807 1884 991 1938 indict.
1025 1901 1084 1939 ιι.

102 1973 199 2032 ΠΙ.
238 1974 354 2029 Hac
399 1977 450 2030 in
505 1975 780 2030 indictione
833 1978 961 2029 duas
990 1986 1185 2030 tantum
1228 1979 1468 2049 epistolas
1516 1979 1684 2033 debito

636 2049 805 2100 ordini
832 2049 1160 2102 restituimus.

183 2137 233 2192 l.
276 2138 328 2192 In
352 2139 520 2205 prima
549 2139 838 2194 indictione
880 2143 1214 2196 undecimam
1242 2141 1366 2205 olim
1404 2143 1686 2207 epistolam

101 2210 175 2263 ad
207 2211 486 2264 Eusebium
519 2218 572 2264 et
614 2211 892 2264 universos
936 2212 1216 2280 episcopos
1261 2214 1456 2267 Sicilia:
1502 2214 1689 2271 ordine

104 2289 439 2348 prmpostero
465 2281 949 2353 dispositamputat
978 2281 1421 2338 Gussauvillaeus.
1452 2283 1532 2337 lta
1553 2299 1686 2353 quo-

102 2365 211 2414 que
242 2353 409 2405 visum
439 2363 517 2406 est
547 2351 879 2408 cmineutiss.
910 2354 1057 2408 card.
1112 2353 1340 2408 Baronio
1368 2355 1433 2408 ad
1486 2351 1683 2410 annum

103 2417 233 2492 593,
271 2438 415 2476 num.
446 2422 536 2492 20,
567 2421 658 2483 21,
689 2422 780 2486 ‘22,
813 2434 970 2492 atque
1011 2423 1372 2478 illustris-siina
1419 2425 1578 2480 Petro
1622 2427 1690 2481 de

103 2491 390 2565 Mareade
445 2491 735 2565 Concordia
767 2491 1065 2565 Sacerdotii
1113 2503 1159 2548 et
1207 2493 1451 2565 Imperii.
1486 2496 1577 2549 lib.
1614 2512 1684 2563 It,

103 2575 228 2631 eap.
260 2563 344 2626 ll,
375 2578 492 2632 pag.
523 2562 593 2616 90
622 2579 634 2615 :
663 2564 868 2617 scilicet
909 2566 1045 2619 hanc
1083 2562 1362 2633 epistolam
1402 2576 1526 2621 tunc
1556 2568 1689 2622 scri-

102 2643 250 2700 ptam
280 2635 462 2688 volunt
490 2648 609 2688 cum
645 2633 998 2704 imperatoris
1029 2636 1258 2690 edictum
1301 2637 1353 2689 in
1388 2637 1687 2704 provincias

104 2718 301 2758 omnes
341 2704 484 2758 misit
537 2707 594 2757 S.
629 2703 934 2764 Gregorius.
984 2712 1054 2759 At
1106 2706 1160 2760 Γ
1215 2707 1341 2762 huic
1368 2703 1687 2774 epistulmin

103 2788 235 2827 mss.
270 2777 390 2847 ista,
435 2790 538 2829 non
575 2775 700 2841 alia,
749 2778 1032 2845 apponitur
1074 2778 1328 2847 temporis
1376 2779 1628 2834 iudicatio
1670 2796 1682 2830 :

103 2860 274 2918 mense
302 2845 443 2918 Dec.
471 2849 578 2918 ingl.
612 2861 649 2911 ι,
691 2860 812 2918 cuni
858 2857 1032 2902 tamen
1083 2845 1477 2918 imperatoriam
1511 2849 1685 2917 legem

105 2916 387 2969 undecima
436 2917 725 2971 indictione
771 2917 948 2971 datam
1003 2916 1225 2972 suadeat
1266 2922 1489 2986 epistola
1555 2916 1685 2974 olim

101 2993 434 3055 sexagesima
485 2987 749 3047 secunda.
793 3003 933 3041 nunc
977 2989 1302 3056 sexagesima
1334 2991 1513 3056 quinta
1540 2989 1683 3056 ejus-

102 3057 225 3110 dem
256 3058 439 3111 itidict.
462 3062 524 3110 ad
555 3057 862 3111 Mauriciinii
890 3061 1285 3127 imperatorem.
1304 3061 1362 3111 2°
1390 3060 1676 3127 Epistulam

102 3130 492 3198 sexagesimam
522 3129 810 3183 secundam
841 3144 980 3182 nunc
1019 3131 1403 3196 sexagt-sitnam
1447 3133 1685 3198 quintam

103 3197 301 3267 legenti
329 3208 533 3253 certum
567 3201 665 3252 crit
697 3198 839 3254 illam
869 3215 896 3251 a
928 3200 982 3254 S.
1018 3201 1290 3268 Gregorio,
1337 3200 1425 3254 tibi
1456 3197 1682 3268 primum

103 3282 200 3337 per
242 3269 482 3334 Corporis
527 3271 890 3338 aegritudinem
924 3272 1090 3334 licuit,
1125 3272 1288 3326 luisse
1325 3271 1600 3338 scriptam,
1629 3281 1686 3324 ut

101 3343 339 3408 suscepti
369 3339 528 3396 edicti
568 3347 583 3408 (
609 3339 748 3408 quod
776 3355 949 3394 tamen
973 3342 1081 3409 jam
1113 3343 1176 3394 ad
1199 3343 1480 3409 episcOpos
1500 3355 1689 3396 omnes

105 3413 346 3481 miserat)
376 3411 687 3480 iniustitiam
711 3420 1057 3481 suggereret:
1082 3410 1196 3481 Ego
1219 3412 1421 3474 quidem
1459 3413 1688 3479 Jussioni

104 3483 384 3552 subjectus,
411 3483 600 3550 inquit,
623 3482 849 3535 eamdem
877 3483 1037 3551 legem
1064 3499 1154 3552 per
1185 3484 1406 3536 diversas
1437 3491 1690 3536 terrarum

105 3565 275 3624 partes
325 3555 599 3606 transmitti
647 3553 782 3622 feci;
828 3562 872 3606 et
927 3555 1050 3624 quia
1081 3553 1163 3606 lea:
1191 3555 1692 3624 ipsa_omniputenti

105 3617 219 3676 Deo
247 3625 456 3676 minime
482 3617 779 3688 concordat,
809 3638 921 3676 ecce
939 3617 1038 3693 ’μεν
1076 3617 1413 3693 δαῃρὲδιὶώιιε
1446 3638 1569 3676 mea:
1592 3641 1686 3691 pn-

105 3696 283 3765 ginam
317 3695 649 3749 serenissimis
678 3695 895 3747 dominis
937 3692 1182 3747 nuntiari.
1225 3692 1279 3745 3°
1302 3694 1550 3762 QlIiSlIUlS
1585 3709 1688 3747 uii-

104 3767 372 3820 dcciinam
405 3767 571 3833 ipsam
610 3765 909 3818 indictionis
942 3767 1122 3830 primae
1165 3765 1440 3830 epistolam
1485 3773 1688 3818 attento

104 3837 288 3889 animo
334 3837 541 3906 legerit,
596 3835 743 3889 illam
792 3836 960 3889 multo
1013 3846 1129 3902 post
1172 3835 1406 3890 Mauricii
1443 3835 1687 3906 edictum

105 3916 352 3973 tempore
389 3902 576 3958 'ilataui
628 3906 896 3962 fatebitur.
951 3906 1065 3959 Non
1120 3906 1391 3974 placuerat
1437 3902 1688 3959 Mauricio

104 3980 276 4031 sancti
306 3977 546 4047 Gregorii
574 3991 821 4040 cen~ura,
853 3991 1009 4044 quam
1048 3977 1098 4047 iii
1127 3981 1453 4047 sexagesima
1483 3974 1688 4043 quinta,

105 4050 232 4100 ohni
259 4045 591 4118 sexagesima
621 4047 875 4115 Secunda,
904 4046 1200 4100 undecima:
1244 4045 1548 4118 indictionis
1576 4049 1690 4118 epi-

104 4122 242 4172 etola
304 4116 580 4173 habemus.
638 4118 1023 4172 Exacerhatum
1080 4119 1236 4185 igitur
1296 4117 1409 4170 suis
1475 4116 1690 4172 monitis

106 4190 407 4259 principem
437 4187 740 4243 leniendum
770 4188 951 4259 habuit
972 4187 1398 4259 sapientissimus
1425 4187 1685 4255 pontifex.

105 4258 443 4314 Cominotam
499 4260 636 4314 illius
684 4260 847 4315 bilem
905 4258 1171 4328 placavit,
1224 4267 1445 4312 curante
1512 4261 1688 4312 l'orsaii

105 4330 395 4385 Theodoro
423 4331 652 4396 medico,
682 4332 746 4384 ad
791 4343 949 4398 quem
997 4330 1154 4398 epist.
1201 4329 1328 4382 olim
1360 4332 1686 4397 sexagesima

106 4406 294 4472 quinta
321 4441 334 4465 ,
391 4417 532 4455 nunc
578 4415 914 4472 sexagesima
963 4408 1147 4464 si‘xta;
1179 4414 1404 4472 Aresque
1452 4400 1568 4472 ipsa
1611 4401 1690 4453 sic

107 4469 326 4527 tandem
352 4471 646 4540 composita
671 4469 786 4536 est,
828 4479 916 4536 ut,
967 4481 1074 4524 tum
1121 4469 1333 4535 milites,
1377 4481 1484 4522 tum
1519 4469 1570 4522 lii
1597 4472 1687 4538 qui

105 4545 293 4600 saeculi
342 4543 641 4598 actionibus
695 4549 849 4597 erant
908 4541 1205 4608 implicati,
1255 4544 1308 4592 in
1352 4542 1688 4594 monasteriis

107 4615 328 4687 quidem
380 4618 793 4687 susciperentur,
825 4612 1118 4687 at_noiinis_i
1161 4611 1688 4687 certis_cui_idition_i_-

105 4679 232 4742 lius.
275 4686 336 4743 Si
365 4685 477 4753 quis
508 4679 722 4752 publicis
771 4682 1296 4734 administrationibus
1326 4679 1479 4753 fuerit
1521 4682 1693 4753 impli-

105 4768 278 4821 catus,
335 4750 604 4824 inquiebat
653 4753 942 4822 Gregorius
991 4754 1213 4819 epistola
1266 4753 1330 4824 ad
1379 4750 1688 4824 Mauricium

106 4822 517 4896 imperatorem,
567 4826 694 4880 olim
740 4828 1068 4896 sexagesima
1121 4822 1352 4896 secunda
1398 4822 1692 4896 undecimae

105 4895 440 4962 indictionis,
493 4914 630 4953 iiiinc
679 4895 1005 4961 sexagesima
1056 4895 1258 4962 quinta,
1308 4895 1531 4944 raliOnes
1579 4895 1691 4964 ejus

107 4979 327 5040 possunt
358 4986 446 5040 per
475 4968 853 5040 monasterium
874 4964 1023 5032 ﬁeri;
1052 4973 1098 5016 et
1128 4965 1404 5040 agipotest
1448 4973 1502 5040 ut
1530 4966 1590 5015 ab
1633 4980 1693 5018 eo

107 5033 224 5095 loco
251 5045 306 5094 in
350 5033 448 5110 quo
475 5035 774 5108 suscipitur,
803 5038 915 5106 ejus
959 5051 1154 5104 quoque
1197 5036 1378 5110 debita
1407 5033 1690 5110 solvantur.

107 5115 227 5168 Jam
259 5105 391 5166 vero
421 5112 473 5164 in
502 5113 598 5166 hac
616 5105 757 5164 Volim
788 5105 1085 5172 undecima,
1117 5120 1256 5159 nunc
1293 5106 1473 5174 quinta
1507 5105 1692 5172 prima;

107 5184 446 5245 indictiouis,
485 5188 550 5238 ad
591 5183 870 5247 episciipos
901 5178 999 5230 huc
1029 5178 1188 5230 modo
1233 5178 1456 5230 scribit:
1491 5175 1567 5227 Hi
1605 5177 1692 5244 qui

106 5257 288 5312 sacelli
310 5256 596 5307 actionibus
621 5250 867 5321 implicati
888 5259 1124 5302 sunt.....
1139 5248 1304 5321 si"...
1331 5247 1694 5321 monasterium

107 5337 316 5400 petunt,
349 5324 660 5400 suscipiendi
685 5316 1017 5400 tiu-llomo‘do,
1049 5319 1145 5399 nisi
1171 5320 1313 5386 prius
1354 5333 1384 5367 a
1412 5316 1694 5400 rationibus

107 5387 333 5470 publicis
376 5387 566 5468 fuerint
610 5391 852 5470 absoluti.
904 5390 964 5444 Si
1010 5390 1094 5469 qui
1119 5403 1238 5470 itero
1281 5401 1348 5470 est
1389 5387 1695 5470 militaribus

107 5459 342 5524 numeris
376 5459 444 5520 'in
490 5465 805 5520 monasteriis
846 5461 1066 5513 converti
1109 5459 1394 5528 festinant,
1426 5471 1528 5508 non
1575 5467 1692 5510 sunt

111 5553 284 5596 tamen
312 5539 644 5609 suscipiendi,
677 5535 774 5587 nisi
803 5547 976 5586 eorum
1005 5526 1284 5609 uitaﬁfuei'il
1316 5526 1569 5609 subtiliter
1603 5530 1689 5609 in-

108 5615 339 5680 quisita;
371 5621 416 5664 el
437 5597 591 5678 iuxta
621 5597 850 5680 normam
876 5597 1158 5680 regularem
1183 5597 1369 5680 debent.
1395 5598 1453 5676 in
1481 5614 1572 5680 suo
1598 5599 1695 5680 lia-

109 5669 216 5738 bitit
252 5669 342 5752 per
372 5669 645 5734 trieiinium
684 5673 908 5752 probari,
935 5669 987 5726 et
1016 5682 1135 5752 tunc
1169 5669 1518 5752 monachicum
1550 5671 1694 5722 liabt-

108 5740 261 5814 ttiin,'
282 5757 387 5806 Deo
412 5762 617 5804 auctore
655 5740 1020 5812 suscipere"...
1069 5741 1181 5804 Qua
1207 5740 1270 5791 de
1298 5755 1351 5793 re
1377 5740 1527 5814 etiam
1555 5755 1693 5792 sere-

125 5810 352 5883 .iisimits
391 5832 440 5878 et
478 5810 944 5878 Christianissimus
985 5815 1284 5884 imperator,
1330 5810 1453 5864 mihi
1484 5814 1691 5881 credite,

1712 3225 1783 3298 C.

1789 529 2011 595 epistola
2051 531 2174 583 olim
2208 531 2266 585 11
2299 531 2476 584 indict.
2505 547 2540 594 i,
2575 533 2764 598 scripta
2795 539 2878 585 est
2906 544 3090 584 mense
3134 531 3360 586 Decem-

1789 598 1872 652 bri
1905 616 1919 654 :
1952 601 2320 667 prmmittenda
2353 602 2513 668 igitur
2539 602 2776 669 epistolae
2814 601 2939 654 olim
2990 615 3168 662 nonae,
3216 617 3360 654 nunc

1792 677 2000 722 octavae
2021 670 2085 723 ad
2120 671 2436 725 Vitalianum
2475 674 2783 740 episcopum
2831 685 2988 738 quam
3039 685 3221 726 mense
3269 670 3369 724 Fe-

1789 741 2007 812 bruario
2037 741 2214 795 datam
2243 743 2464 812 legimus
2497 759 2512 796 :
2543 742 2904 812 subjungenda
2955 756 3082 795 vero
3123 742 3368 806 epistola:

1789 809 1916 883 olim
1944 821 2134 883 sextae,
2161 809 2529 881 niiiic'quartar.
2557 813 2624 868 ad
2652 811 2991 877 Venautium,
3027 827 3149 883 quae
3177 824 3365 866 mense

1788 878 2076 935 Novembri
2107 882 2227 935 data
2261 878 2359 936 est.

1860 953 1912 1004 ἓ.
1957 951 2170 1009 Decima
2202 951 2380 1022 quinta
2412 953 2463 1006 in
2506 969 2636 1008 mss.
2678 953 2797 1007 data
2827 967 3012 1008 mense
3052 951 3192 1006 Julio
3222 967 3236 1006 :
3264 951 3365 1005 de-

1787 1019 1994 1076 dccima
2043 1033 2190 1076 sexta
2219 1019 2363 1076 'vero
2409 1038 2593 1079 mense
2633 1023 2840 1078 Martio.
2891 1023 3023 1077 Huic
3069 1023 3224 1091 igitur
3275 1023 3367 1074 illa

1789 1093 2035 1218 ﬁgatipgni
2061 1093 2237 1160 debet,
2271 1103 2430 1163 atque
2451 1109 2570 1150 cum
2595 1095 2835 1164 epistolis
2858 1108 3042 1150 mense
3061 1093 3200 1151 Julio
3222 1092 3363 1148 datis

1915 1181 1946 1218 ll
1985 1180 2050 1218 ι·ι.

1794 1177 2050 1221 ordinari.

2145 1255 2349 1312 LIBER
2379 1256 2472 1313 1X.
2511 1257 2893 1316 INDICTIONE
2931 1247 2998 1314 η.

1859 1345 1900 1400 1.
1925 1345 2196 1415 Secunda:
2223 1349 2490 1404 indictioni
2525 1351 2763 1419 epistolas
2789 1360 2978 1420 septem
3005 1346 3289 1404 reddimus.

1861 1439 1914 1494 1.
1959 1438 2034 1492 Ex
2065 1449 2223 1514 sexta
2262 1440 2548 1514 indictione
2589 1442 3078 1514 qtiinquagesimam
3127 1439 3358 1514 tertiam,

1790 1509 1857 1564 de
1893 1513 2416 1566 excommunicaiidis
2464 1509 2750 1577 Januarii,‘
2777 1509 3063 1566 calaritaiii
3104 1510 3367 1578 episctipi,

1789 1580 2127 1647 consiliariis,
2157 1598 2313 1648 quam
2343 1582 2499 1650 hujus
2522 1587 2771 1638 secundm
2798 1582 3100 1638 itidictionis
3119 1581 3364 1650 epistola

1792 1652 1995 1725 prisz
2011 1652 2148 1725 idem
2173 1654 2378 1720 jubeuti
2409 1655 2797 1725 subiungimus.

1861 1721 1914 1776 2.
1959 1723 2036 1776 Ex
2068 1722 2160 1778 lib.
2183 1725 2366 1778 ultimo
2390 1721 2628 1792 septiuia'
2657 1725 2947 1781 indictione
2985 1723 3359 1789 undecimam,

1792 1807 1932 1865 nunc
1965 1792 2123 1862 hujus
2151 1794 2266 1848 libri
2298 1795 2756 1865 quadragesiinam
2791 1798 3035 1862 primam.
3069 1796 3192 1865 Agit
3218 1795 3364 1848 enim

1795 1864 1860 1918 de
1888 1865 2228 1926 inquisitione
2251 1867 2300 1918 iii
2333 1865 2615 1920 Maximum
2645 1868 3035 1929 Salonitanum,
3081 1864 3234 1935 cujus
3264 1878 3362 1935 ite-

1793 1937 1994 2006 gntium
2024 1937 2254 2006 secunda
2306 1935 2592 1992 indictione
2636 1954 2852 2006 prorsus
2899 1939 3103 1990 ﬁnitum
3131 1933 3368 2006 Ostendit

1792 2003 2100 2058 indictionis
2132 2006 2381 2061 Secunda:
2412 2002 2788 2073 episuila'olim
2825 2010 3115 2063 centesima
3160 2002 3368 2075 trigesi-

1789 2090 1898 2147 ma_,
1927 2090 2066 2147 ui_inc
2094 2079 2380 2147 centesima
2411 2081 2660 2147 vigesima
2693 2081 2894 2145 quinta.

1862 2144 1912 2198 ὅ.
1957 2145 2035 2199 Ex
2063 2145 2231 2213 prima
2264 2144 2556 2205 indictione
2579 2144 2815 2215 quintam
2835 2191 2848 2212 ,
2892 2163 3033 2202 nunc
3057 2147 3176 2202 libri
3205 2145 3364 2216 hujus

1790 2218 1914 2287 noni
1944 2218 2280 2271 undecimam
2307 2258 2322 2282 ,
2345 2234 2464 2285 quae
2496 2222 2547 2274 iii
2582 2221 2844 2287 plerisque
2874 2219 3247 2287 manuscriptis
3279 2217 3364 2287 ing

1790 2286 2077 2340 dictionem
2110 2303 2212 2342 non
2247 2289 2406 2342 habet
2449 2285 2775 2345 annotatam.
2828 2293 2880 2344 In
2919 2285 3160 2344 Golbert.
3192 2285 3361 2341 veleri

1789 2357 2004 2424 quidem
2032 2368 2084 2409 et
2107 2357 2243 2425 apud
2267 2358 2706 2414 Gussanvillteum
2739 2362 2928 2426 legitur
2957 2376 2972 2412 :
3005 2375 3174 2412 mense
3204 2357 3365 2412 Octo-

1790 2427 1897 2491 bri,
1934 2428 2113 2481 indict.
2145 2444 2181 2482 i.
2218 2428 2402 2482 Daiain
2435 2439 2610 2485 tamen
2641 2445 2926 2486 censemus
2953 2431 3242 2483 indictione
3275 2442 3362 2481 se-

1791 2497 1962 2571 cunda
2018 2516 2030 2549 :
2082 2498 2408 2561 Augustinus
2458 2503 2600 2555 enim
2653 2503 2792 2556 circa
2841 2501 3079 2571 epistula:
3130 2499 3364 2571 medium

1791 2569 2074 2639 episcopus
2101 2571 2420 2638 appellatur,
2455 2587 2610 2639 quem
2645 2584 2821 2626 tamen
2852 2567 2955 2626 n'on
2977 2580 3099 2624 ante
3131 2585 3217 2623 im
3242 2567 3362 2622 Kal.

1792 2638 1943 2702 Dec.,
1969 2640 2257 2693 indictione
2281 2638 2638 2707 prima.anno
2660 2641 2784 2708 5J7,
2810 2643 3111 2695 ordinatum
3143 2649 3367 2693 testatur

1788 2720 1975 2763 auctor
2009 2711 2252 2763 Historia:
2281 2711 2625 2768 Fuiidationis
2651 2713 2954 2767 Monasterii
2983 2712 3153 2764 sancti
3185 2711 3367 2776 Augu-

1788 2780 1912 2851 stini
1942 2779 2340 2836 Gaiiiuariensis
2369 2782 2603 2836 Thomas
2630 2786 2876 2850 Sprottus
2905 2781 3144 2851 ejusdem
3174 2794 3363 2834 emno-

1787 2849 2193 2922 biirnunachus.
2221 2851 2386 2922 Porro
2409 2853 2452 2922 si
2477 2853 2591 2906 Itzec
2613 2849 2862 2922 epistola,
2886 2849 3069 2922 quinta
3089 2853 3157 2904 sit
3179 2863 3366 2918 prima!

1789 2920 2095 2974 indictioiiis
2120 2962 2135 2985 ,
2179 2920 2378 2990 scripta
2421 2921 2518 2976 luit
2559 2920 2668 2977 fere
2708 2925 2884 2977 statim
2916 2932 3033 2988 post
3060 2921 3367 2975 inchoatam

1788 2991 1973 3044 indict.
2007 2993 2107 3044 hoc
2130 3000 2211 3044 est
2242 3007 2424 3046 mense
2455 2993 2775 3060 Septembri,
2803 3002 2895 3048 aut
2919 2992 3155 3054 Octobri,
3186 2990 3368 3060 pruin-

1787 3062 1960 3132 dcque
2008 3075 2290 3132 antequam
2341 3058 2668 3131 Augustinus
2712 3071 2855 3118 esset
2902 3064 3209 3132 episcopus.
3270 3058 3370 3112 Est

1788 3131 1966 3199 itaque
2012 3131 2078 3185 ad
2125 3131 2311 3185 indict.
2359 3144 2670 3202 sequentem
2711 3131 3065 3186 ainandaiida.
3099 3131 3366 3202 Praeterea

1788 3203 1988 3270 scripta
2014 3212 2100 3274 est
2119 3217 2335 3274 reverso
2365 3201 2586 3258 [tamam
2616 3203 2823 3258 Joanne
2851 3201 3186 3274 Regionario,
3219 3211 3274 3254 ut
3300 3215 3366 3274 ex

1791 3275 1904 3339 ipsa
1938 3270 2267 3340 intelligitur.
2303 3273 2444 3344 idem
2477 3275 2638 3328 habet
2675 3270 3222 3344 temporis'iiidic'um
3252 3271 3370 3344 opi-

1789 3345 1927 3396 stola
1953 3343 2083 3395 olim
2113 3343 2403 3398 centesima
2429 3344 2635 3399 decima
2666 3342 2888 3411 septima
2917 3384 2932 3405 .
2963 3357 3105 3397 nunc
3133 3342 3368 3411 centesi-

1792 3429 1875 3466 ina
1924 3415 2128 3467 decima
2173 3412 2476 3469 indictionis
2517 3409 2765 3470 secundae
2795 3415 2860 3469 ad
2893 3413 3222 3468 Desideriutn
3253 3409 3370 3480 epi-

1789 3496 2034 3550 scopum,
2063 3498 2181 3552 quae
2208 3487 2448 3538 meminit
2472 3487 2631 3539 etiam
2656 3487 2858 3539 reditus
2882 3484 3138 3550 Joannis;
3164 3497 3236 3536 ex
3261 3494 3370 3552 quo

1792 3552 1984 3608 iterum
2013 3554 2266 3608 suadetur
2293 3571 2398 3608 non
2425 3556 2712 3610 indictione
2740 3559 2911 3624 prima
2931 3595 2948 3620 ,
2979 3556 3072 3610 sed
3100 3552 3364 3624 secunda,

1790 3625 1966 3677 datam
2016 3627 2153 3678 hanc
2199 3626 2264 3677 ad
2318 3626 2717 3681 Brunichildem
2743 3623 3040 3695 epistolam
3083 3641 3096 3676 :
3145 3625 3186 3676 si
3218 3623 3366 3677 enim

1789 3696 1990 3762 scripta
2041 3696 2138 3748 fuit
2184 3695 2400 3750 ineunte
2447 3696 2558 3750 ind.
2592 3712 2644 3763 ι,
2674 3697 2912 3752 Joannes
2947 3698 3056 3761 jam
3081 3695 3265 3748 indict.
3299 3705 3368 3745 xv

1791 3765 2026 3818 redierat
2048 3766 2293 3828 Romam,
2318 3777 2371 3820 et
2391 3767 2456 3819 ad
2479 3777 2720 3821 sanctum
2745 3766 3062 3833 Gregorium
3085 3763 3366 3832 epistolam

1791 3833 2053 3889 Desiderii
2075 3836 2356 3890 detulerat.
2382 3837 2486 3891 Sed
2510 3838 2798 3892 verisimile
2819 3853 2925 3890 non
2950 3847 3032 3890 est
3048 3834 3367 3902 Gregorium

1791 3905 2109 3972 Desiderio,
2147 3906 2430 3960 Viennensi
2478 3911 2772 3977 episi-opo,
2824 3907 3032 3961 nonnisi
3075 3915 3193 3977 post
3232 3903 3368 3977 duos

1791 3990 1961 4030 annos
1987 3977 2098 4030 lere
2127 3979 2340 4045 elapsos
2380 3976 2722 4046 respondisSe
2757 3978 2962 4033 scilicet
3003 3976 3114 4030 ind.
3147 3990 3205 4029 ιι.
3239 3976 3369 4046 υἱιιτ

1790 4054 2006 4101 turnum
2035 4055 2184 4101 certe
2210 4044 2484 4102 silentium
2513 4059 2862 4114 excusasset,
2905 4057 2960 4102 ut
3005 4046 3215 4100 solebat
3237 4085 3252 4107 .
3285 4044 3371 4098 vel

1790 4131 1859 4172 ex
1884 4117 2214 4188 inﬁrmitate,
2235 4118 2316 4171 vel
2338 4134 2401 4171 ex
2423 4120 2670 4188 negotiis,
2697 4120 3084 4173 urbanissimus
3108 4114 3366 4188 pontifex.

1867 4187 1922 4242 4.
1965 4189 2044 4242 Ex
2091 4197 2240 4243 sexta
2282 4186 2575 4246 indictione
2621 4191 2946 4258 trigesimam
2985 4186 3372 4258 secundainet

1791 4259 2118 4328 trigesimam
2147 4260 2355 4313 tertiam
2383 4300 2396 4318 .
2444 4274 2586 4314 nunc
2623 4254 2864 4328 ejusdem
2911 4257 3027 4311 libri
3059 4256 3184 4328 n_oni
3213 4254 3371 4322 quin-

1792 4323 2154 4404 quagesimum
2194 4323 2766 4404 et_quinq_iiagesin'iam
2802 4332 3044 4398 primam.
3069 4323 3367 4404 Gumanain

1792 4395 1847 4473 et
1892 4395 2223 4473 litiseiiatem
2251 4395 2540 4454 Ecclesias'
2569 4401 2772 4473 uiiierat
2804 4395 3034 4473 sanctus
3077 4395 3372 4473 Gregorius

1795 4472 2086 4524 indictione
2113 4472 2318 4524 decima
2348 4487 2412 4525 ex
2443 4472 2664 4540 epistola
2690 4469 2816 4522 oliin
2835 4469 3119 4540 trigesuiia
3153 4469 3324 4532 prima
3351 4504 3369 4526 ,

1796 4556 1938 4595 nunc
1983 4540 2390 4608 quadragesima
2443 4536 2644 4608 quinta.
2697 4538 2848 4604 Quod
2896 4551 3022 4608 vero
3069 4536 3375 4608 Benenatus

1795 4605 2085 4666 Cumarum
2110 4620 2165 4664 et
2187 4605 2372 4665 Miseni
2397 4605 2679 4678 episcopus
2699 4612 2840 4663 diem
2865 4606 3057 4660 obierit
3079 4605 3375 4678 indictione

1795 4684 2050 4745 secunda,
2081 4683 2334 4736 discimus
2358 4677 2692 4746 iis’i-ipistolis
2720 4679 2844 4732 olim
2878 4679 3132 4744 vigesima
3160 4677 3373 4744 quinta,

1793 4753 2049 4820 vigesima
2082 4763 2237 4804 sexta
2265 4762 2319 4804 et
2344 4753 2780 4818 quiiquagesima
2814 4749 2967 4802 tertia
2991 4789 3007 4813 ,
3050 4760 3192 4800 nunc
3241 4759 3380 4798 vero

1795 4824 2180 4892 septuagesima
2211 4823 2410 4892 quinta,
2445 4821 2834 4892 septuagesitiia
2867 4831 3016 4892 sexta
3038 4859 3050 4880 ,
3085 4827 3380 4892 septtiage-

1796 4887 1932 4948 sima
1965 4887 2210 4960 septima,
2228 4887 2378 4945 vdatis
2400 4887 2582 4945 mense
2608 4887 2772 4955 Julio,
2800 4889 3087 4943 indictione
3109 4887 3375 4960 secunda.

1797 4965 1962 5034 lgitur
1990 4958 2260 5032 trigesima
2292 4967 2526 5036 secunda
2563 4971 2731 5036 sexta:
2768 4961 3073 5036 indictionis
3108 4958 3376 5036 epistola,

1796 5031 1916 5105 qua:
1946 5031 2269 5088 Betienatum
2293 5034 2466 5086 adhuc
2488 5033 2539 5086 in
2568 5033 2701 5088 vivis
2723 5031 2987 5102 pasitum;
3020 5041 3072 5084 et
3100 5031 3374 5097 trigeéima

1799 5106 1981 5170 tertia,
2016 5120 2134 5170 qua:
2164 5106 2337 5171 ipsum
2381 5118 2553 5172 nuper
2598 5105 2900 5158 deluuctum
2950 5112 3239 5171 supponit,
3283 5110 3380 5150 se-

1796 5179 1984 5230 CUIldiB
2016 5174 2288 5228 indictioni
2316 5185 2436 5228 sunt
2465 5175 2823 5228 restituendm.

1869 5247 1922 5298 5.
1959 5246 2034 5300 Ex
2059 5255 2240 5315 quinta
2268 5245 2557 5299 indictione
2578 5243 3040 5314 quadragesimam
3065 5237 3383 5315 septimam,

1798 5331 1942 5371 nunc
1969 5311 2093 5388 libri
2123 5315 2243 5369 noni
2275 5311 3004 5388 sexagesimaiiisecundam,
3035 5311 3378 5388 qualicum-

1798 5403 1925 5442 num
1949 5387 2285 5440 defensorem
2316 5401 2504 5440 recens
2548 5388 2598 5439 in
2627 5385 2809 5441 Sicilia
2839 5385 3122 5453 degentem
3156 5383 3367 5443 innuit,

1797 5474 1902 5528 quo
1931 5458 2031 5511 sub
2056 5457 2304 5511 secundm
2333 5457 2874 5528 iiidictionisinitium
2908 5457 3103 5506 missus
3123 5460 3227 5505 est.

1869 5532 1922 5581 ti.
1965 5528 2092 5582 Post
2121 5528 2400 5594 epistolam
2440 5525 2564 5581 oliiii
2597 5526 2918 5579 tricesiinaiii
2956 5537 3148 5578 nonam
3174 5561 3190 5587 ,
3217 5532 3384 5594 nunc

1797 5591 2297 5668 quinquagesimum
2340 5597 2813 5668 tionaiiigsecundze
2854 5594 3160 5668 indictioiiis
3198 5591 3379 5644 datam

1799 5664 1983 5724 mense
2011 5664 2171 5723 Jiu'iio
2197 5708 2210 5729 .
2245 5669 2486 5736 ponenda
2519 5666 2818 5722 Recharedi
2837 5737 2844 5739 _
2866 5664 3019 5739 regis
3033 5665 3101 5716 ad
3131 5671 3379 5739 sanctum

1798 5741 2114 5810 Gregorium
2144 5735 2366 5810 epistula
2385 5779 2402 5806 ,
2435 5753 2590 5810 quam
2625 5740 2723 5791 hoc
2753 5737 2943 5810 ordine
2972 5735 3288 5810 dispositam
3325 5735 3382 5782 in

1801 5804 2166 5874 vetustissimo
2183 5804 2370 5874 codice
2389 5804 2592 5890 reperit
2613 5810 2697 5864 vir
2714 5809 3044 5866 clarissimus
3068 5804 3381 5872 Stephanus
