3958 6342
108 300 235 358 1553

107 414 334 464 servanda
354 414 402 461 in
422 408 845 471 rordehumilitas,
860 415 911 459 et
930 410 976 457 in
992 420 1147 471 opere

108 478 368 538 iisciplina,
393 476 473 525 2:2.
502 475 669 538 Pastor
694 480 747 522 ut
780 473 1011 538 interiora
1036 484 1147 538 pos-

107 544 159 589 sit
197 536 479 596 infundere,
508 537 652 585 etiam
695 536 944 584 exteriora
984 536 1145 596 provi-

108 603 217 651 1ere
242 612 453 650 necesse
478 604 568 659 est,
606 600 682 648 26.
723 596 1010 659 Sollicitudo
1029 597 1147 645 sub-

108 664 207 712 litis
246 664 338 710 sub
377 669 514 711 certa
553 657 777 709 mensura
819 657 1142 719 impendatur,

107 726 173 775 27.
228 724 398 774 Gratia
455 723 608 784 major
664 722 950 784 acquiritur,
986 721 1148 784 si_de

107 789 364 837 :ommissis
403 780 575 835 ovibus
614 780 799 832 lucrum
838 780 1008 831 otferat
1046 780 1147 831 Do-

108 852 224 898 nino
248 848 523 898 sollicitudo
548 849 772 908 pastoris,
796 844 934 894 1071.
980 845 1147 908 Pastor

106 911 295 972 lingulis
320 913 384 959 sit
407 907 740 972 compassionc
769 908 1040 967 proximus,
1066 907 1146 969 18,

106 970 300 1023 111.Αο
341 973 505 1021 Deum
549 970 778 1018 ascendat
816 982 905 1029 per
931 977 1148 1017 contem-

106 1040 358 1096 )latiouem
408 1040 462 1081 et
511 1032 571 1081 ad
614 1031 829 1096 inﬁrmos
884 1031 1147 1096 descendat

106 1091 181 1147 aer
220 1098 627 1157 compassionem,
658 1096 733 1153 18,
778 1094 853 1157 19,
898 1091 1007 1157 511,
1033 1092 1142 1142 512.

105 1162 229 1209 Bene
272 1154 543 1218 agentibus
584 1158 647 1205 sit
694 1168 782 1215 per
825 1154 1144 1203 humilitatem

105 1226 264 1277 ineius,
294 1229 347 1268 et
368 1227 540 1269 contra
582 1218 929 1277 delinquentes
953 1229 1039 1277 per
1063 1229 1144 1264 ze-

113 1298 187 1332 um
224 1284 689 1344 justitiaeerectus,
713 1280 791 1341 ΞΟ,
813 1279 864 1327 21
888 1317 903 1338 ,
928 1282 1016 1344 Ξὲ,
1033 1280 1141 1344 515.

105 1341 485 1407 Celo'pastorali
531 1344 773 1407 humilitas
808 1355 902 1407 non
942 1341 1139 1407 otIiciat.

105 1418 168 1455 iut
196 1406 300 1455 viCc
329 1418 502 1461 versa,
531 1406 641 1453 514.
685 1408 785 1461 Qua
825 1406 1093 1452 intentione
1118 1419 1145 1452 a

105 1471 299 1518 subditis
321 1467 463 1528 diligi
491 1466 705 1526 studeat,
850 1466 1145 1528 Materisub-

106 1534 298 1579 litorum
341 1526 551 1590 sit,"nou
590 1529 830 1583 dominus,
854 1528 962 1575 515.
1008 1526 1147 1577 Vitiis

110 1596 246 1641 iotius
285 1606 434 1654 quam
475 1590 703 1654 fratribus
741 1590 1035 1654 dominetur,
1064 1591 1139 1649 22,

106 1654 197 1706 $15.
225 1656 279 1703 In
305 1651 368 1704 eo
393 1656 461 1702 sit
480 1652 612 1713 iuste
652 1651 913 1699 consulens
954 1653 1145 1701 iniseri-

106 1720 265 1777 :ordia,
296 1724 348 1766 et
390 1716 472 1777 pie
512 1714 698 1763 feriens
732 1713 1008 1775 disciplina,
1034 1715 1143 1765 514.

105 1780 315 1828 Subditos
352 1778 412 1826 ad
453 1789 668 1825 amorem
704 1779 865 1837 potius
901 1788 1045 1836 quam
1085 1778 1143 1825 ad

106 1844 314 1890 ,imorcrn
342 1848 596 1901 provocet,
621 1840 732 1889 586.
780 1838 949 1886 Pastor
972 1850 1145 1899 quam-

109 1905 206 1951 ibet
249 1900 386 1952 recta
434 1901 745 1961 denuntians,
772 1901 811 1948 si
849 1912 947 1948 non
979 1900 1145 1961 diligi-

103 1978 186 2026 .ur,
212 1965 437 2015 libenter
478 1976 575 2011 non
617 1962 828 2022 auditur,
852 1962 932 2008 28.
979 1962 1145 2026 Inlin-

103 2023 183 2088 gua
223 2026 625 2089 pastoris_vi_tam
676 2037 787 2089 esse
822 2026 961 2089 aliam
1007 2023 1146 2089 plebs

104 2086 335 2151 ignoscat,
362 2087 478 2137 586.
504 2086 719 2151 Pastoris
741 2086 954 2135 doctrina
972 2087 1145 2151 subdi-

104 2149 150 2217 is
172 2154 235 2200 sit
263 2149 436 2217 grains
472 2150 783 2217 coercitionis
822 2149 1063 2217 8111110111ξ,
1092 2156 1145 2217 et

103 2216 182 2262 vita
229 2208 517 2263 imitationis
542 2210 845 2270 exemplum,
871 2208 987 2259 ibid.
1015 2211 1142 2269 Quid

104 2275 312 2339 litigant,
345 2275 714 2339 quid__t_imegnt
752 2274 954 2339 subditi,
980 2286 1144 2322 sermo

104 2334 197 2397 :qu
233 2334 444 2397 aperiat,
468 2334 586 2385 ibid.
629 2334 841 2384 Pastoris
881 2347 973 2383 nou
1001 2346 1142 2383 unam

104 2396 313 2448 minibus
351 2398 745 2447 adhortationem
783 2396 1034 2456 adhibeat,
1060 2398 1140 2447 55.

103 2488 145 2495 —
165 2463 335 2511 Pastor
356 2463 441 2524 qui
465 2458 769 2524 ingrediatur
807 2466 861 2524 ut
896 2460 1143 2507 abomina-

104 2528 251 2573 .iones
292 2520 617 2586 aspiciat,50.
645 2520 769 2586 Quid
807 2522 872 2569 sit
901 2532 1141 2581 aggerem

103 2600 114 2633 1
158 2585 360 2646 pastore
401 2585 710 2645 comportari,
755 2588 806 2633 et
849 2585 1144 2646 munitiones

104 2645 340 2707 editicari,
368 2647 449 2697 51.
489 2646 614 2705 Quid
652 2651 807 2695 castra
844 2645 907 2693 ab
931 2657 992 2693 eo
1017 2648 1142 2708 erigi

104 2718 253 2759 :ontra
297 2708 597 2770 Jerusalem,
626 2716 678 2758 et
720 2709 904 2757 arietes
937 2709 983 2755 in
1024 2721 1142 2770 gyro

104 2775 221 2832 ioni,
246 2770 368 2821 ibid.
416 2771 597 2832 Doceat
638 2777 797 2832 pastor
828 2783 939 2831 quae
975 2778 1145 2827 aperta

104 2831 317 2883 iitiorum
360 2831 554 2891 praelia,
598 2843 709 2891 qum
749 2831 844 2878 sint
883 2833 1144 2880 metuenda

104 2895 304 2952 icculta,
329 2892 409 2941 51.
451 2892 577 2949 Quid
608 2893 681 2952 isit
716 2893 1017 2951 sartaginem
1043 2893 1144 2941 fer-

103 2972 242 3015 'eam,
274 2951 327 3003 et
371 2967 561 3002 murum
602 2951 819 3001 ferreum
844 2954 973 3015 poni
1019 2952 1145 3001 inter

102 3014 338 3067 )astorem
374 3024 426 3065 et
464 3015 700 3070 subditos,
729 3016 807 3063 52.
840 3014 1009 3062 Pastor
1033 3028 1145 3075 quas

101 3082 231 3131 locet
283 3085 596 3140 exequatur,
634 3077 725 3140 58.
798 3076 947 3140 Prius
990 3088 1146 3140 Opere

102 3156 232 3205 iuam
257 3154 381 3193 voce
405 3137 603 3205 doceat,
628 3139 871 3205 100,508.
909 3137 1011 3205 tice
1030 3137 1147 3186 dor—

107 3200 251 3263 iiitet,
307 3216 402 3253 nec
455 3200 690 3261 dormiat,
744 3200 862 3251 ibid.
924 3200 1149 3263 Pastores

102 3262 332 3315 mansueti
370 3266 583 3312 habeant
620 3265 980 3313 aemulationem
1010 3262 1150 3322 justi-

101 3331 206 3385 tize,
249 3324 464 3379 iracundi
508 3327 934 3375 mansuetudinem
978 3325 1147 3385 adjun-

101 3399 211 3453 gant
236 3389 551 3453 aemulationi,
575 3388 653 3439 57.
703 3389 871 3453 Pastor
900 3385 1150 3453 __sollicitus

102 3449 335 3501 Eontraria
371 3450 678 3512 singulorum
723 3449 1008 3499 vulneribus
1046 3463 1150 3498 me-

102 3515 370 3564 dicamenta
412 3521 642 3575 Opponat,
683 3512 761 3561 96.
814 3513 927 3575 Qui
952 3520 1151 3562 moneat

101 3589 206 3624 eum
233 3580 317 3639 qui
344 3573 749 3639 vitiiscontrariis
774 3582 851 3623 est
886 3573 1145 3639 obnoxius,

102 3638 171 3687 97.
216 3634 411 3688 Summa
452 3638 559 3697 ejus
584 3638 631 3685 in
660 3634 958 3687 instruendis
981 3634 1149 3697 singu-

101 3696 453 3761 lis'discretio,
477 3696 596 3748 ibid.
643 3698 694 3747 In
735 3700 946 3761 pastoris
982 3696 1149 3759 lingua

101 3770 147 3811 et
165 3764 387 3812 moribus
410 3763 761 3811 exhortationis
782 3762 959 3808 divinae
977 3773 1147 3819 pascua

101 3825 351 3873 inveniant
392 3824 611 3881 subditi,
639 3822 749 3872 641.
797 3822 1150 3871 Iuexcusabilis

101 3893 171 3937 est
220 3892 404 3948 pastor,
444 3886 489 3932 si
520 3886 636 3948 ipso
679 3886 959 3948 ignorante,
1005 3883 1151 3943 lupus

101 3946 486 4007 oves'comedat,
510 3946 621 3995 665.
662 3947 736 3994 An
760 3946 1034 4007 pastoribus
1059 3958 1151 4007 per

101 4022 149 4059 se
180 4010 255 4059 vel
292 4022 382 4070 per
407 4010 694 4070 substitutos
736 4016 899 4069 partes
921 4020 1033 4055 suas
1057 4018 1148 4070 ex-

101 4072 239 4134 plere
280 4067 343 4120 sit
368 4069 569 4134 licitum.
597 4068 706 4134 691.
728 4067 889 4134 A'Stepe
918 4082 980 4134 ex
1009 4067 1151 4134 culpa

101 4129 463 4195 praesidentium
484 4129 774 4195 ili-teriorﬂt
794 4129 892 4180 vita
912 4130 1150 4195 subjecto-

101 4191 239 4257 ruin,
276 4195 385 4242 855.
407 4218 467 4257 -τ
494 4191 663 4257 Pastor
705 4194 835 4242 bene
881 4193 1149 4242 viventium

101 4256 406 4306 subditorum
430 4256 491 4304 sit
532 4256 710 4317 socius,
732 4268 850 4317 erga
892 4267 1151 4318 perversos

101 4320 200 4377 iura
247 4318 561 4367 rectitudinis
594 4321 868 4378 intrepidus
892 4328 1148 4380 exerceat,

102 4384 176 4444 ΞΟ,
204 4382 286 4430 27.
310 4382 440 4430 Sciat
470 4392 620 4444 super
644 4382 808 4444 culpas
834 4383 962 4443 erigi
992 4381 1150 4444 humi-

101 4440 369 4506 lis’pastor,
391 4445 469 4505 2|,
497 4442 573 4501 22,
607 4440 679 4491 51.
722 4440 814 4500 Qui
855 4440 1021 4491 contra
1046 4443 1153 4506 cul-

102 4505 192 4565 pas
209 4508 370 4553 miiius
393 4508 687 4565 accenditur,
714 4518 879 4554 earum
899 4518 1020 4553 reus
1046 4505 1150 4564 ipse

101 4575 320 4628 tenetur,
346 4566 424 4615 51.
460 4567 588 4628 Iram
611 4566 720 4628 Dei,
744 4568 784 4614 si
815 4575 943 4615 tacet
967 4572 1144 4626 pastor,

101 4626 342 4688 meretur,
360 4630 411 4678 17
426 4626 559 4689 ,511.
592 4627 671 4675 Vae
693 4630 963 4689 pastoribus
984 4634 1149 4677 tacen-

102 4693 252 4753 tibus,
278 4694 358 4741 75.
407 4691 668 4753 Increpare
692 4689 1150 4753 delinquentes]!!!-

102 4751 314 4816 gligens,
344 4766 428 4802 eos
459 4751 664 4801 tacendo
685 4752 875 4807 occidit,
896 4751 1007 4816 525.
1033 4751 1148 4816 Cum

102 4818 150 4864 in
178 4814 412 4875 subjecto
440 4818 688 4876 peccatum
732 4826 823 4859 nou
866 4814 1148 4873 corrigitur,

102 4880 147 4924 in
199 4892 286 4926 eos
318 4879 421 4953 qui.
442 4885 653 4953 pigesunt
668 4943 678 4953 ι
690 4876 1151 4953 sententiauretor-

101 4949 306 5001 quetur,
329 4938 438 4987 702.
477 4938 1056 5001 PeCcautiuminiquitas
1074 4938 1151 4989 in-

102 4999 348 5063 crepando
371 5000 660 5062 aperienda,
687 4999 763 5048 17.
793 4999 960 5063 Pastor
983 5000 1150 5059 culpas

102 5059 417 5124 insequatur,
437 5063 524 5124 sed
564 5074 799 5122 personas
820 5059 1012 5124 diligat,
1038 5064 1147 5111 524.

102 5124 185 5173 Sic
211 5122 319 5186 jura
339 5122 605 5183 diScipIinte
632 5132 884 5182 exerceat,
914 5131 965 5186 ut
992 5122 1147 5186 pieta-

104 5187 167 5236 tis
192 5184 381 5237 visCera
418 5198 512 5233 non
549 5186 766 5245 amittat,
792 5187 868 5234 25.
913 5184 1010 5247 Ipsi
1036 5187 1151 5235 mis-

104 5250 256 5297 ceuila
303 5250 480 5299 leuitas
523 5260 634 5295 cum
672 5250 974 5309 severitate,
1000 5248 1147 5298 23.Si

104 5311 345 5362 districtio
367 5319 442 5361 est
464 5312 613 5371 virga:
640 5323 747 5372 (pne.
774 5310 935 5369 feriat,
951 5312 1014 5359 sit
1034 5323 1151 5359 con-

106 5373 275 5423 siilatio
320 5373 478 5422 baculi
526 5387 635 5434 qua:
678 5372 1055 5432 susteiitet,‘21.
1100 5372 1149 5421 Si

108 5434 401 5497 increpando
438 5438 742 5497 excesserit,
769 5436 823 5482 ad
853 5435 1151 5494 pix-nitentia!

108 5493 315 5547 lamenta
355 5506 593 5557 recurrat,
635 5493 991 5554 52ﬁQuzedam
1039 5497 1152 5544 vitia

110 5561 403 5608 Sublitm'uui
462 5562 726 5619 prudenter
780 5558 1149 5615 d-ssimnlanda,

110 5620 182 5683 29.
210 5624 435 5680 Quaedam
465 5623 607 5669 etiam
639 5628 809 5683 aperte
834 5622 1051 5680 cognita,
1078 5627 1151 5667 to-

112 5680 323 5739 leranda,
346 5683 463 5731 ibid.
482 5680 792 5743 'Etrquuidam
812 5682 928 5730 licet
945 5683 1149 5743 occulta,

113 5746 478 5812 perscrutanda,
500 5742 619 5812 ibid.
660 5744 1060 5812 Ilelinquentium
1090 5742 1151 5791 ex

114 5803 376 5868 ignorantia
399 5808 478 5860 vel
506 5803 786 5857 inﬁrmitate
814 5803 1153 5868 surreptiones

1130 293 1335 350 INDEX
1380 293 1622 351 RERUM
1667 295 1755 351 ET
1801 294 2357 352 SENTENTIARUM.

1219 422 1281 471 ex
1305 409 1469 469 selpso
1490 408 1643 458 discat
1682 415 1843 471 pastor
1870 422 1980 459 esse
2006 411 2267 461 moderan-

1214 470 1319 535 das,
1344 474 1423 520 50.
1444 498 1503 507 —
1523 470 1691 535 Pastor
1733 485 1843 532 quae
1866 481 2056 535 caveat,
2080 473 2129 535 1,
2157 475 2264 523 509.

1215 531 1289 581 Ne
1332 547 1483 595 opera
1524 534 1631 595 ejus
1670 531 1792 582 bona
1833 541 1993 583 tumor
2043 531 2267 583 elationis

1215 596 1518 658 exstinguat,
1544 595 1593 644 2.
1619 595 1861 658 Superbia
1900 609 1995 645 non
2021 599 2263 658 caecutiat,

1216 656 1292 721 1_2.
1319 656 1597 721 PaStoribns
1613 657 1867 721 interdicta
1889 656 2262 721 dominatio,23.

1213 718 1393 769 Caveat
1432 732 1496 768 ne
1533 719 1647 766 dum
1684 720 2015 780 subjectorum
2057 718 2265 782 inopiam

1212 784 1387 845 satiat,
1413 794 1468 831 se
1494 794 1725 830 mucrone
1751 783 2025 831 ambitionis
2058 783 2262 845 occidat,

1213 846 1290 893 26.
1330 844 1724 893 Dominationem
1759 850 1810 891 et
1838 847 2159 905 arrogantiam
2188 844 2263 895 fu;

1214 909 1337 968 giat,
1363 908 1421 957 59
1433 909 1470 953 ι.
1502 908 1747 953 Pastorum
1770 907 2010 968 imperitia
2033 920 2151 957 voce
2177 922 2264 957 ve-

1214 967 1371 1017 ritatis
1396 970 1693 1027 increpatur,
1719 971 1765 1016 5.
1794 967 1835 1015 A
1859 970 2007 1017 nimia
2031 973 2263 1030 quaestio-

1214 1042 1326 1077 num
1351 1030 1620 1080 subtilitate
1645 1032 1906 1086 abstineat,
1938 1030 2013 1080 11.
2041 1033 2165 1089 Quid
2201 1036 2264 1082 sit

1214 1098 1461 1154 pastorem
1486 1092 1633 1154 fracto
1672 1094 1799 1150 pede
1827 1094 1904 1140 vel
1946 1105 2090 1141 manu
2129 1107 2262 1152 esse,

1214 1153 1290 1203 11.
1331 1154 1438 1203 Praa
1463 1153 1739 1202 carnalibus
1773 1155 2007 1215 operibus
2031 1169 2125 1203 non
2149 1157 2265 1205 cali-

1214 1224 1320 1285 get,
1342 1216 1415 1285 13
1444 1216 1616 1285 Carnis
1640 1215 2028 1285 petulai_itia__non
2057 1218 2263 1285 laboret,

1211 1275 1329 1327 ibid.
1368 1280 1618 1338 Turpilius
1638 1280 2009 1336 cogitationibus
2050 1293 2143 1328 non
2173 1275 2264 1331 deé

1214 1340 1443 1403 lectetur,
1477 1342 1547 1396 l5,
1576 1338 1655 1403 14.
1689 1340 1897 1387 AVaritia
1924 1354 2018 1389 non
2057 1342 2261 1403 laboret,

1215 1400 1288 1451 12.
1317 1404 1549 1451 'l‘errenze
1571 1402 1907 1449 sollicitudinis
1926 1406 2143 1463 pondere
2168 1400 2261 1453 non

1210 1466 1523 1525 deprimitur,
1544 1464 1615 1511 11.
1642 1463 1822 1511 lterum
1840 1466 2142 1514 smculariuni
2168 1469 2265 1515 sol-

1210 1525 1409 1575 licitudo
1448 1529 1623 1587 pastori
1662 1539 2018 1591 quainiioxia,
2047 1531 2123 1577 2i.
2154 1530 2267 1591 lijus

1210 1591 1378 1638 oculos
1399 1590 1670 1636 mundanus
1702 1588 1858 1648 pulvis
1896 1602 1988 1636 i‘.0.i
2016 1588 2261 1650 obscuret,

1211 1653 1290 1701 25.
1334 1651 1593 1699 Saecularia
1617 1651 1815 1709 negotia
1841 1662 1902 1698 ex
1927 1656 2262 1713 compassioue

1213 1714 1483 1774 toleranda,
1518 1724 1769 1775 nunquam
1796 1725 1862 1759 ex
1887 1725 2052 1762 amore
2094 1718 2263 1775 requi-

1211 1777 1382 1833 renda,
1408 1773 1487 1823 26.
1516 1773 1703 1823 Metuat
1728 1782 1890 1834 pastor
1914 1786 1977 1823 ne
2011 1777 2124 1824 dum
2150 1773 2264 1826 cura

1209 1838 1271 1885 ab
1309 1851 1369 1885 eo
1408 1847 1629 1885 exterior
1652 1839 1812 1897 agitur
1833 1874 1846 1896 ,
1874 1836 1934 1884 ab
1971 1839 2161 1886 interna
2189 1840 2265 1888 in-

1210 1902 1432 1948 tentione
1468 1904 1755 1958 mergatur,
1798 1898 1877 1955 26,
1920 1901 1995 1948 27.
2054 1901 2265 1952 Pastoris

1210 1968 1427 2025 mentem
1438 1973 1660 2011 curarum
1674 1959 2005 2025 multiplicitas
2020 1962 2261 2025 devastat,

1212 2023 1320 2073 172.
1343 2022 1497 2073 Tanto
1518 2026 1566 2073 ei
1592 2028 1639 2070 in
1659 2035 1714 2071 rc
1732 2024 1958 2083 qualibet
1974 2022 2257 2085 subripitur,

1244 2094 1388 2134 uanto
1414 2085 1554 2134 latius
1580 2087 1629 2133 in
1654 2086 1818 2133 multis
1836 2094 2116 2147 occupatur,
2137 2086 2259 2136 ibid.

1255 2161 1313 2196 ua
1330 2151 1557 2196 cautione
1600 2147 1952 2207 temporalibus
1973 2161 2146 2198 vacare
2169 2150 2263 2199 de-

1210 2209 1343 2270 beat,
1378 2210 1487 2274 514,
1526 2211 1637 2269 849,
1678 2210 1787 2274 850.
1834 2209 2083 2274 Veniente
2129 2210 2259 2274 lupo,

1244 2280 1371 2321 astor
1395 2271 1584 2320 silendo
1609 2284 1701 2319 non
1728 2272 1899 2333 fugiat,
1929 2272 2001 2320 16.
2049 2271 2263 2323 Pastori;

1244 2348 1301 2381 us
1326 2336 1385 2382 ab
1409 2333 1626 2382 elatione
1667 2340 1719 2381 et
1757 2334 2036 2384 adulatione
2082 2336 2263 2384 timen-

1208 2396 1341 2455 dum,
1378 2396 1453 2444 21.
1482 2396 1667 2456 Vigilet
1704 2401 1897 2458 pastor,
1923 2410 1983 2443 ne
2010 2409 2065 2444 se
2088 2399 2265 2458 cupido

1210 2458 1429 2516 placendi
1454 2459 1731 2506 hominibus
1755 2456 1945 2517 pulset,
1971 2459 2046 2505 27.
2068 2456 2261 2508 Sic'cu-

1211 2530 1312 2581 ram
1337 2522 1588 2580 regiminis
1609 2526 1875 2578 temperet,
1890 2529 2133 2581 quatenus
2151 2523 2265 2570 sub~

1209 2580 1339 2631 ditus
1359 2586 1429 2631 sic
1465 2586 1513 2631 in
1541 2580 1817 2631 libertatem
1845 2580 1975 2629 vocis
1999 2584 2184 2641 prodat,
2210 2590 2265 2634 ut

1211 2648 1371 2693 tamen
1394 2645 1595 2693 libertas
1622 2646 1668 2691 in
1687 2643 1966 2700 superbiam
1987 2656 2082 2691 non
2103 2658 2263 2694 erum-

1210 2712 1312 2813 rat,
1340 2710 1415 2756 28.
1461 2706 1649 2755 Pudeat
1690 2714 1913 2765 pastores
1949 2719 2059 2753 cum
2085 2720 2263 2757 consu-

1231 2778 1408 2813 untur-
1452 2769 1567 2813 (inid
1610 2768 1941 2813 respondeant
1986 2767 2262 2813 addiscere-

1231 2767 1408 2829 untur,
1452 2769 1567 2829 quid
1610 2768 1941 2829 respondeant
1986 2767 2263 2829 addiscere,

1211 2827 1289 2876 54.
1310 2827 1498 2893 ,Cavea't
1524 2834 1687 2893 pastor
1708 2841 1770 2893 ne
1795 2827 2012 2893 subditos
2032 2827 2262 2893 juvando,

1213 2891 1512 2951 seideserat,
1536 2891 1615 2937 99.
1640 2915 1700 2923 -
1724 2888 1912 2936 Pastori
1936 2891 2125 2937 occulta
2157 2888 2263 2951 pia;

1215 2950 1322 3014 cula
1344 2952 1739 3014 tentationesque
1761 2951 2059 3014 aperiantur,
2086 2950 2165 3012 19,
2184 2954 2262 3014 20,

1212 3012 1320 3075 512,
1339 3014 1445 3075 515.
1471 3012 1589 3062 Cum
1611 3012 1936 3075 tentationum
1956 3012 2131 3060 tinctus
2152 3012 2259 3075 par;

1211 3074 1309 3137 tjuli
1334 3074 1564 3134 tolerant,
1580 3073 1637 3121 ad
1670 3073 1871 3135 pastoris
1888 3082 2103 3137 mentem
2128 3073 2262 3137 quasi

1209 3136 1268 3182 ad
1293 3138 1455 3186 sinum
1478 3137 1646 3185 matris
1664 3142 1941 3197 recurrant,
1970 3136 2046 3184 19.
2072 3136 2264 3188 Auditis

1211 3201 1304 3248 etsi
1348 3198 1567 3261 pulsetur
1606 3205 1783 3260 pastor,
1826 3210 1919 3244 non
1965 3199 2263 3261 inquinatur,

1208 3270 1292 3310 aut
1328 3263 1627 3311 subvertitur
1651 3298 1663 3321 ,
1688 3262 1776 3310 sed
1802 3272 1827 3307 a
1852 3261 2061 3322 propriis
2104 3264 2263 3322 potius

1207 3324 1562 3373 tentationibus
1584 3322 1840 3381 liberatur,
1868 3323 1944 3371 20.
1974 3323 2261 3384 Languente

1208 3390 1367 3444 capite
1388 3386 1565 3434 frustra
1585 3385 1801 3433 membra
1821 3386 2009 3445 vigent,
2031 3386 2108 3434 2i.
2132 3386 2264 3434 Sub-

1209 3448 1298 3497 diti
1322 3462 1415 3496 non
1440 3448 1653 3497 libenter
1679 3448 2031 3508 praadicationis
2060 3450 2261 3496 verbum

1212 3522 1237 3556 a
1258 3519 1455 3571 pastore
1498 3512 1792 3569 suscipiunt,
1823 3523 1848 3557 a
1871 3521 1969 3570 quo
1992 3522 2093 3557 suze
2118 3517 2265 3559 exte-

1209 3574 1392 3633 riorum
1418 3572 1702 3633 indigentia;
1726 3584 1822 3619 non
1847 3572 2152 3633 subvenitur,
2180 3573 2259 3622 26.

1212 3632 1351 3683 Mens
1369 3631 1671 3683 subditorum
1724 3636 1769 3679 in
1813 3634 1943 3681 vocis
1984 3631 2261 3683 libertatem

1210 3698 1283 3745 sic
1325 3697 1559 3759 prodeat,
1588 3703 1639 3743 ut
1689 3696 1736 3741 in
1779 3695 2056 3759 superbiam
2082 3703 2263 3759 contra

1210 3758 1458 3818 pastbrem
1500 3770 1594 3805 non
1652 3758 2011 3817 erumpat,28.
2070 3758 2263 3806 Subdiii

1211 3829 1453 3880 pastorum
1510 3822 1653 3867 vitain
1716 3825 1911 3866 temere
1977 3831 2069 3865 non
2134 3819 2264 3879 judi-

1209 3888 1342 3937 cent.
1389 3883 1466 3930 59.
1515 3880 1565 3929 Si
1610 3893 1720 3941 quae
1767 3890 1909 3939 prava
1945 3882 2149 3938 pastoris
2192 3882 2263 3930 vl-

1209 3944 1379 4001 deant,
1404 3943 1468 3990 de
1506 3942 1787 3989 reverentia
1823 3948 1873 3988 et
1897 3943 2177 3991 obedientia
2214 3945 2261 3992 ei

1208 4003 1394 4054 debitis
1419 4002 1537 4051 nihil
1563 4007 1796 4061 minuant,
1821 4002 1938 4051 ibid.
1967 4003 2117 4053 David
2142 4006 2263 4055 Sau-

1209 4065 1309 4130 lum
1334 4067 1577 4130 reveritus
1612 4066 1817 4130 optimos
1854 4067 2071 4130 subditos
2105 4070 2264 4130 signi-

1209 4128 1341 4189 ticat,
1364 4126 1482 4177 ibid.
1512 4128 1676 4191 Illatas
1710 4126 1967 4191 molestias
2004 4126 2262 4191 aliquando

1208 4193 1408 4253 aperire
1438 4191 1577 4253 utile,
1602 4188 1678 4239 51.
1710 4188 1925 4253 Vulnera
1950 4188 2113 4240 clausa
2155 4192 2263 4252 plus

1209 4250 1445 4313 cruciant,
1467 4250 1588 4302 ibid.
1617 4252 1748 4302 Grex
1776 4251 1950 4299 melius
1978 4265 2067 4311 per
2087 4250 2262 4303 exem-

1211 4316 1285 4376 pla
1328 4328 1470 4377 quam
1535 4328 1621 4376 per
1668 4315 1815 4362 verba
1863 4315 2109 4374 graditur,
2152 4316 2261 4366 508.

1210 4379 1525 4426 Subditorum
1544 4377 1823 4425 obedientia
1839 4380 2014 4434 pastori
2029 4380 2260 4436 debetur,

1208 4440 1321 4489 645.
1340 4439 1486 4487 Juxta
1508 4441 1735 4486 meritum
1761 4437 1974 4497 plcbrum
1999 4440 2158 4489 solent
2176 4453 2261 4488 su-

1212 4514 1364 4561 perno
1390 4502 1564 4547 'udicio
1586 4512 1805 4557 persona:
1829 4501 2071 4561 provideri
2099 4511 2261 4562 pasto-

1212 4576 1335 4611 rum.
1359 4516 1480 4611 ibid.
1516 4562 1828 4609 Subditorum
1862 4562 2017 4611 culum
2057 4568 2261 4611 nastoris

1208 4576 1335 4619 rum,
1359 4562 1480 4611 ibid.
1516 4562 1828 4609 Subditorum
1862 4562 2017 4623 culpa;
2057 4568 2261 4624 pastoris

1208 4624 1451 4685 imperitia
1492 4630 1559 4687 et_
1580 4624 1687 4671 vitia
1714 4624 2011 4687 tribuuntur,
2040 4629 2085 4675 5.
2114 4625 2257 4687 Smpe

1212 4684 1475 4735 exmerito
1519 4684 1729 4747 plebium
1768 4684 2013 4747 delinquit
2053 4687 2148 4734 vita
2175 4684 2260 4746 pa-

1209 4758 1412 4809 storum,
1436 4746 1547 4799 855.
1574 4749 1827 4809 'l'eiientur
1855 4746 2027 4808 plebes
2052 4762 2137 4809 pro
2159 4751 2260 4798 suis

1211 4812 1485 4872 pastoribus
1504 4824 1668 4869 orare,
1694 4808 1815 4857 ibid.
1828 4834 1889 4844 —
1902 4808 2125 4859 Pastores
2147 4813 2259 4860 mali

1212 4886 1299 4933 per
1322 4873 1438 4922 Sanl
1462 4874 1733 4933 signantur,
1755 4874 1830 4920 59.
1859 4873 1982 4929 Quid
2010 4874 2073 4921 sit
2098 4878 2260 4932 pasto-

1210 4947 1314 4997 rem
1372 4949 1565 4997 aquam,
1600 4935 1805 4997 pedibus
1857 4936 2148 4993 perturbare
2170 4970 2182 4989 ,
2210 4935 2257 4984 4.

1212 4996 1443 5045 l’astores
1479 4996 1589 5043 mali
1625 4996 1775 5043 lutum
1816 5008 1901 5056 pro
1923 5009 2047 5055 aqua
2089 4997 2260 5047 ovibus

1212 5060 1464 5120 propinant
1487 5096 1498 5116 ,
1527 5058 1576 5105 4.
1620 5058 1848 5109 Pastores
1880 5057 1995 5106 mali
2037 5071 2130 5107 nec
2169 5059 2259 5120 ipsi

1211 5122 1260 5169 iii
1286 5134 1493 5178 regnum
1535 5122 1717 5168 intrant
1741 5156 1751 5173 .
1777 5132 1869 5168 nec
1906 5120 2030 5169 alios
2074 5123 2258 5171 intrare

1245 5184 1500 5231 ermittunt
1517 5221 1529 5240 ,
1558 5184 1633 5231 10.
1673 5182 1843 5230 Pastor
1864 5191 2031 5230 caveat
2058 5196 2120 5230 ne
2144 5183 2257 5231 dum

1229 5256 1316 5291 oco
1338 5244 1615 5292 delectatur
1639 5243 1825 5304 gloria,
1846 5244 1922 5291 [lat
1944 5245 2151 5293 subditis
2173 5256 2259 5293 au-

1211 5312 1313 5354 ctor
1354 5306 1630 5365 ruinae,11.
1679 5308 1829 5367 Gregi
1875 5307 2005 5354 videt
2053 5306 2166 5354 falsa
2209 5314 2261 5355 et

1210 5368 1353 5419 stulta
1382 5376 1541 5429 pastor
1566 5368 1747 5428 malus,
1771 5369 1851 5429 17,
1878 5367 1989 5417 510.
2034 5369 2261 5417 Pastores

1213 5432 1331 5480 muti
1358 5443 1413 5479 ac
1452 5432 1602 5479 timidi
1635 5441 1917 5493 carpuntur,
1950 5430 2024 5488 16,
2050 5429 2122 5487 17,
2150 5430 2256 5481 510.

1213 5493 1382 5541 Pastor
1401 5493 1644 5554 hypocrita
1663 5492 1967 5542 sinuilatione
1988 5493 2212 5551 disciplin
2232 5510 2257 5543 ε

1212 5556 1534 5603 ministerium
1575 5557 1827 5613 regiminis
1852 5556 2001 5604 vertit
2039 5556 2083 5602 in
2119 5567 2257 5601 usuin

1213 5619 1589 5674 dominationis,
1633 5620 1709 5664 23.
1774 5619 1998 5665 Pastores
2041 5616 2261 5664 carnales

1215 5680 1323 5729 aliis
1346 5680 1569 5727 adulaiitu
1603 5717 1615 5739 ,
1642 5681 1719 5728 27.
1756 5680 1891 5727 Alios
1932 5679 2259 5727 dominatione

1215 5749 1429 5804 terrent,
1457 5744 1534 5790 28.
1565 5742 1801 5804 Perversa
1822 5747 2261 5804 pastoriirn_exen_i-

1217 5805 1292 5869 pla
1331 5799 1449 5870 quot
1474 5804 1708 5855 mortibus
1731 5799 1898 5866 digna,
1923 5807 1999 5853 58.
2028 5801 2175 5852 Plura
2196 5799 2259 5852 de

3236 301 3373 359 155i

2331 412 2619 521 “ang-[ibus
2660 410 2785 464 Vide
2810 412 3094 478 Episc0pus,
3125 416 3376 478 Praelatus,

2376 481 2530 525 BClOl‘.

2394 536 2668 602 Pastoralis.
2702 540 2827 590 Vide
2865 538 3076 602 Regula.

2391 597 2591 649 Patenze
2616 616 2703 651 cur
2726 604 2891 661 primis
2912 597 3106 652 saeculis
3145 604 3375 664 grandio-

2327 671 2411 724 res
2435 670 2603 719 essent
2623 704 2634 724 ,
2654 666 2764 715 897.

2391 723 2556 789 Pater.
2585 723 2779 776 Patrum
2799 728 3025 789 exempla
3043 726 3382 777 indesinenter

2326 783 2478 835 debet
2504 788 2680 838 intueri
2708 783 2961 847 sacerdos,
2986 789 3057 837 14.
3096 790 3269 839 Patres
3293 803 3383 837 no—

2326 849 2415 895 stri
2441 852 2644 911 antiqui,
2678 865 2771 901 non
2809 865 2958 912 reges
2995 852 3263 911 hominum,
3288 851 3377 899 sed

2330 917 2549 975 pastores
2593 914 2735 963 fuere
2782 926 3010 975 pecorum
3038 952 3051 969 .
3097 914 3174 964 20.
3221 915 3381 962 Patris

2330 973 2590 1080 appellatio
2612 973 2874 1048 divina—est
2896 1014 2921 1048 ,_
2939 976 3075 1026 1080.
3114 976 3384 1048 Paternum

2330 1047 2357 1080 a
2379 1033 2590 1080 liminum
2613 1038 2790 1080 alinuid
2817 1039 2953 1080 lmms
2976 1040 3224 1080 mentibus
3249 1050 3382 1080 sem-

2330 1033 2590 1095 alloquium
2613 1038 2791 1099 aliquid
2815 1033 2953 1087 bonis
2976 1040 3224 1089 mentibus
3248 1050 3382 1087 sem-

2329 1108 2419 1156 per
2449 1098 2606 1156 addit,
2638 1098 2775 1149 1025.

2396 1158 2588 1209 Pateria
2613 1164 2665 1210 S.
2693 1163 2779 1211 Gri
2797 1164 2917 1219 gorii
2956 1164 3119 1222 amita,
3145 1161 3284 1221 cuius
3306 1162 3383 1208 in-

2327 1219 2547 1331 digentia
2588 1224 2719 1285 larga
2762 1222 3075 1286 eleemosyna
3109 1219 3381 1283 subvenit,

2330 1302 2359 1327 ι)
2430 1322 2441 1331 .

2330 1302 2441 1333 υΖδ.

2397 1346 2621 1395 Ρειιρι-ἰυε
2644 1348 2781 1396 ltuir.
2828 1347 3057 1397 Ecclesiae
3082 1349 3300 1397 notarius
3328 1352 3383 1394 et

2329 1405 2736 1472 Set-uindicemus.
2777 1424 2839 1459 ex
2884 1412 3107 1472 Gregorii
3148 1410 3385 1472 Operilitts

2330 1467 2505 1576 gignunt
2556 1467 3216 1530 'l‘estimoniorum'edidit,
3272 1469 3383 1529 106,

2332 1592 2514 1703 10l8'ati.
2544 1596 2704 1646 lllinus
2721 1599 2929 1659 patimur
2948 1610 3092 1658 quam
3109 1606 3376 1655 meremur,

2433 1675 2468 1702 l.

2433 1675 2468 1702 l.

2393 1717 2589 1767 Patiens
2632 1720 2777 1781 eligit
2820 1720 2943 1767 mala
2991 1720 3203 1782 perpeti,
3232 1731 3378 1782 quam

2329 1792 2417 1839 per
2456 1779 2835 1829 ostentatiduem
2884 1779 3009 1831 bona
3053 1779 3138 1829 sua
3193 1779 3383 1829 Occulta

2327 1846 2580 1903 cognosci,
2608 1846 2683 1891 45.
2724 1845 2813 1901 Qui
2861 1847 2933 1892 vir
2980 1845 3173 1906 patiens
3212 1841 3387 1890 melior

2329 1915 2669 1964 exiiiignawre
2726 1907 2917 1954 urbium
2943 1945 2954 1965 ,
2984 1905 3079 1955 ⁷45.
3131 1905 3386 1954 Patientes

2328 1967 2504 2023 quibus
2525 1969 2737 2016 consiliis
2778 1969 3049 2028 muniendi,
3077 1967 3162 2027 44,
3190 1966 3265 2016 45.
3294 1965 3389 2013 Ps-

2329 2028 2517 2091 tientes
2528 2030 2732 2087 diligere
2751 2031 2981 2079 studeant
3003 2042 3125 2091 quos
3148 2030 3381 2091 tolerant,

2326 2088 2403 2151 44.
2433 2090 2617 2147 Quibus
2657 2093 2841 2140 similes
2881 2094 2975 2139 sint
3018 2088 3280 2151 patientes,
3302 2088 3382 2138 45.

2332 2149 2468 2200 Unde
2493 2165 2670 2201 cavere
2694 2156 2935 2209 debeant,
2959 2149 3083 2203 ibid.

2393 2213 2631 2263 Patientia
2675 2222 2750 2263 est
2796 2225 2960 2265 custos
3004 2224 3179 2263 nostrae
3220 2213 3387 2262 condi-

2324 2276 2490 2333 tionis,
2520 2278 2596 2325 45.
2625 2278 2715 2333 Qui
2740 2281 2790 2328 in
2818 2280 3048 2339 patientia
3086 2280 3270 2325 animas
3296 2287 3386 2322 no-

2326 2344 2451 2385 stras
2480 2339 2828 2399 possideamus,
2857 2339 2978 2388 ibid.
3023 2341 3269 2387 Bonorum
3295 2350 3383 2392 pa-

2326 2401 2501 2447 tientia
2536 2399 2704 2450 altaris
2729 2403 2851 2450 fossa
2878 2404 3113 2461 signatur,
3144 2401 3221 2448 45.
3267 2400 3387 2461 Viro

2327 2460 3383 2546 alia}:.‘31522-_Pat9253a.ifswi‘iaaliis;

2328 2521 2584 2569 Patientia:
2608 2521 2774 2572 comes
2794 2526 3093 2583 benignitas,
3118 2525 3196 2571 44.
3217 2523 3386 2570 Virtus

2328 2591 2405 2632 est
2442 2596 2602 2633 curam
2630 2586 2909 2635 hominibus
2932 2586 3235 2635 adversarios
3261 2584 3390 2633 tole-

2327 2657 2459 2707 rare,
2489 2648 2576 2694 sed
2618 2649 2775 2697 virtus
2812 2662 2969 2697 coram
3008 2649 3115 2697 Deo
3154 2646 3385 2707 diligere,

2327 2705 2447 2756 ibid.
2474 2709 2543 2755 Ad
2570 2712 2854 2769 patientiam
2879 2722 2967 2757 nos
3001 2710 3131 2771 cogit
3156 2705 3289 2757 Deus
3314 2714 3389 2771 tot

2329 2775 2382 2817 et
2410 2776 2543 2817 tanta
2579 2772 2639 2816 ab
2666 2772 2884 2819 hostibus
2908 2770 3159 2832 patiendo,
3190 2771 3268 2819 5|.
3310 2770 3386 2816 Ira

2330 2832 2641 2891 perturbatos
2680 2835 2916 2891 patientia
2957 2834 3015 2879 ad
3060 2839 3279 2879 mentem
3307 2844 3389 2877 sa-

2328 2892 2516 2940 niorem
2540 2901 2757 2954 revocat,
2773 2895 2851 2943 57.
2874 2893 3116 2941 Patientia
3141 2892 3388 2954 miraculis

2329 2955 2693 3015 anteponenda,
2710 2952 2815 3004 160.
2834 2955 3090 3003 Patientia:
3111 2954 3166 3002 ad
3190 2952 3386 3014 ﬂagella

2328 3014 2525 3078 utiliter
2556 3014 2830 3078 toleranda,
2869 3023 3049 3078 quanta
3088 3019 3380 3078 necessitas,

2328 3075 2437 3124 585.
2489 3076 2632 3126 Novit
2677 3075 2900 3138 levigaré
2944 3079 3209 3139 patientia,
3253 3077 3385 3139 quod

2331 3149 2483 3199 grave
2509 3147 2603 3199 est,
2630 3146 2681 3189 et
2704 3138 2973 3189 constantia
2994 3151 3229 3201 superare
3257 3138 3389 3201 quod

2332 3201 2491 3262 saevit,
2518 3201 2629 3251 915.
2681 3202 2898 3251 Adversa
2943 3200 3109 3251 saeculi
3149 3200 3388 3263 patientia

2335 3271 2534 3320 superat
2552 3303 2564 3320 ,
2593 3265 2731 3313 1255.

2416 3326 2607 3387 ’atriam
2649 3326 2901 3375 cmlestem
2926 3339 3062 3373 suam
3086 3324 3387 3387 potantibus,

2336 3388 2385 3449 in
2412 3388 2498 3435 hac
2525 3386 2658 3437 velut
2703 3390 2857 3437 aliena
2883 3386 3097 3437 labores
3120 3387 3384 3449 tolerandi,

2331 3448 2409 3497 50.
2430 3452 2521 3506 Qui
2544 3452 2756 3507 suspirat
2776 3449 2836 3498 ad
2862 3451 3079 3510 patriam,
3101 3452 3146 3497 ei
3170 3455 3389 3497 tormen-

2333 3517 2434 3574 tum
2469 3520 2546 3561 cst
2600 3512 3013 3574 peregrinationis
3055 3513 3205 3569 locus,
3241 3510 3382 3560 1175.

2398 3572 2695 3622 Patriarchze
2734 3572 2785 3623 in
2828 3574 3043 3622 Ecclesia
3080 3585 3227 3628 quem
3252 3575 3387 3622 inter

2333 3646 2389 3681 se
2415 3637 2638 3685 ordinem
2675 3644 2909 3693 servent,
2949 3635 3058 3685 507.
3098 3634 3263 3683 Honor
3303 3648 3389 3693 pa-

2334 3698 2556 3745 triarcliis
2598 3699 2823 3745 omnibus
2862 3698 3159 3757 denegatur,
3186 3699 3387 3745 univer-

2331 3758 2446 3807 salis
2486 3761 2772 3815 patriarchaa
2810 3760 3007 3807 nomine
3039 3759 3100 3807 ab
3124 3770 3221 3806 uno
3246 3770 3389 3805 usuro

2332 3828 2464 3880 pato,
2491 3821 2599 3869 775.
2630 3821 2921 3869 Patriarchaa
2958 3832 3138 3869 recens
3177 3820 3385 3869 ordinati

2330 3880 2443 3929 olim
2468 3882 2526 3930 ad
2549 3896 2604 3931 se
2626 3884 2830 3932 invicem
2854 3881 3125 3944 synodicam
3145 3881 3258 3931 lidei
3280 3894 3384 3931 sua:

2332 3945 2586 4007 epistolam
2629 3946 2829 3994 mittere
2865 3943 3110 4002 Solebant,
3135 3945 3245 4007 490,
3271 3944 3383 4007 515,

2330 4004 2442 4067 516,
2468 4007 2575 4063 844,
2601 4008 2713 4067 850,
2738 4007 2849 4067 96:2,
2870 4008 2979 4058 966.

2396 4068 2681 4118 Patriciatus
2703 4082 2886 4118 summa
2906 4070 3124 4131 dignitas
3147 4081 3257 4129 qum
3281 4069 3385 4117 sola

2330 4136 2490 4179 morte
2515 4131 2745 4189 solvatur,
2769 4131 2876 4180 192.
2904 4130 3038 4180 Inter
3062 4132 3271 4190 insignia
3300 4143 3385 4189 pa-

2333 4193 2556 4254 triciatus
2580 4201 2899 4241 numerantur
2922 4192 3136 4254 chlamys
3156 4198 3207 4240 et
3233 4191 3385 4242 calcei

2331 4252 2559 4315 Romani,
2586 4256 2695 4311 493,
2723 4254 2831 4303 520.

2393 4316 2590 4366 Patricii
2616 4331 2639 4363 a
2663 4331 2760 4373 quo
2795 4317 3022 4374 instituti,
3049 4322 3101 4362 et
3144 4325 3253 4376 quae
3296 4327 3384 4363 eo-

2328 4389 2435 4426 rum
2460 4381 2615 4442 origo,
2640 4380 2747 4431 492.
2776 4378 3019 4442 495η68ᾁ
3062 4376 3383 4426 Patriciorum

2329 4454 2439 4498 quae
2464 4438 2802 4500 sit'diguiias,
2828 4441 2935 4489 495.
2987 4438 3226 4487 [tectores
3271 4452 3385 4497 pro-

2330 4503 2592 4563 vinciarum
2637 4516 2769 4563 saepe
2820 4503 3005 4563 patricii
3055 4502 3381 4563 nominantur,

2326 4561 2446 4633 ibid.
2480 4560 2719 4633 Pati-icit
2748 4560 2882 4633 sze'pe
2910 4560 3166 4633 “consules
3206 4562 3380 4633 vocati,

2326 4623 2444 4674 ibid.
2475 4627 2735 4675 Galliarum
2754 4623 2939 4685 patricii
2959 4632 3100 4674 erant
3121 4627 3382 4683 provincias

2327 4686 2572 4747 prmfecti,
2602 4694 2653 4735 et
2677 4689 2894 4749 supremi
2945 4688 2990 4735 in
3031 4686 3163 4735 bello
3196 4686 3377 4749 duces,

2324 4748 2436 4857 6.171.
2481 4750 2673 4859 gnglcii
2718 4747 2859 4799 suum
2899 4749 3146 4798 habebant
3186 4747 3379 4796 Strato-

2326 4824 2397 4859 rci
2448 4846 2459 4859 .
2529 4830 2597 4859 i..

2326 4822 2431 4859 rem
2448 4846 2459 4867 ,
2487 4813 2597 4861 675.

2390 4873 2683 4923 Patriinonia
2705 4871 2940 4922 Ecclesia;
2976 4871 3206 4920 Romanas
3235 4872 3280 4919 in
3307 4873 3382 4919 di-

2326 4938 2480 4983 versis
2516 4937 2778 4997 provinciis
2803 4940 2961 4989 erant,
2986 4935 3095 4982 487.
3125 4934 3245 4997 Duze
3277 4942 3379 4997 sta-

2324 4998 2488 5045 tiones
2521 4995 2670 5046 erant
2707 4997 2980 5058 patriiiionii
3022 4996 3264 5058 ejusdem
3288 4995 3381 5043 lic-

2323 5059 2489 5107 clcsia:
2513 5060 2560 5107 in
2585 5056 2767 5113 Sicilia.
2810 5070 2905 5106 una
2941 5057 3186 5113 Panormi,
3224 5056 3381 5105 altera

2324 5096 2589 5181 Syfrai'iisis.
2613 5096 2899 5171 5951'l’etro
2926 5096 3222 5181 subdiacono
3245 5130 3381 5167 com-

2323 5180 2536 5231 mittitur
2555 5195 2666 5231 cura
2695 5182 2968 5244 patrimonii
2992 5183 3046 5244 in
3062 5180 3246 5239 Sicilia,
3270 5181 3364 5229 486

2324 5245 2452 5294 Ante
2475 5245 2529 5293 Β.
2556 5241 2890 5306 Ρθιτῖυοτρυε
2912 5241 3133 5306 ejusdem
3152 5245 3380 5304 patrimo-

2323 5307 2389 5355 nii
2430 5319 2592 5355 curam
2640 5304 2859 5366 suscipit,
2881 5305 2989 5355 558.
3031 5304 3378 5353 Patrimonium

2324 5369 2375 5418 S.
2419 5369 2553 5417 Petri
2603 5372 2648 5417 in
2700 5368 2851 5418 Gallia
2896 5369 2942 5415 in
2988 5366 3380 5427 possessionibus

2325 5434 2535 5479 maxime
2578 5432 2890 5487 consistebat,
2916 5430 3026 5479 758.
3068 5427 3191 5476 Illud
3226 5429 3379 5489 patri-

2326 5495 2536 5541 monium
2563 5495 2765 5552 regibus
2784 5494 3045 5541 Galliarum
3065 5490 3379 5539 commenda.-

2326 5559 2426 5603 tuin
2452 5592 2466 5615 ,
2500 5556 2631 5605 110:2.
2683 5555 2836 5615 Ilujus
2882 5554 3154 5616 patrimonii
3189 5552 3379 5616 reditus

2327 5618 2378 5663 S.
2396 5613 2663 5675 Gregorius
2680 5613 2783 5667 vult
2807 5613 3020 5677 expendi
3038 5618 3085 5661 in
3108 5613 3376 5673 Anglorum

2331 5693 2609 5739 puerorum,
2627 5687 2677 5729 et
2690 5681 3089 5735 vestimentorum
3110 5689 3375 5739 pauperum

2331 5738 2575 5799 emptione
2605 5781 2616 5799 ,
2665 5744 2772 5792 796.
2821 5742 3097 5791 Patrimonii
3143 5738 3375 5787 Gallicani

2330 5803 2516 5854 reditus
2541 5806 2598 5854 ad
2624 5822 2677 5854 ac
2706 5808 2828 5855 mitti
2854 5804 3061 5867 postulat
3083 5800 3377 5860 Gregorius,
