4146 6322
624 397 679 456 Η
1644 386 1698 443 S.
1738 383 2015 442 CYRILLI
2054 376 2521 437 ALEXANDle
2558 373 2876 432 ARCHIEP.
3796 352 3868 411 ιε

622 521 1098 583 ιεωεηῑυιιι,(ιυοε
1114 510 1170 565 in
1185 508 1438 580 palaestra
1462 506 1799 562 exercendos
1820 511 2201 572 susceperunt,

2315 502 2358 553 εί
2374 516 2426 553 τι
2446 497 2672 567 γίνηται
2698 494 2830 565 παρ’
2846 491 3025 547 αὐτῶν
3044 488 3154 542 τῶν
3183 478 3259 549 είς
3283 481 3535 542 ἐπαίνους
3559 474 3869 530 συντελούν·

3162 578 3186 583 _
3301 578 3313 583 _
3368 574 3392 583 ,,
3493 565 3543 583 ,,
3753 563 3833 583 __,

622 606 903 663 alacritate
937 619 994 659 et
1025 602 1223 657 robore
1254 599 1589 669 voluptatem
1619 610 1836 667 capere,
1870 610 1934 650 ac
1979 594 2025 647 si
2067 592 2200 662 quid

621 705 762 760 forte
796 698 1268 758 commendatione
1314 695 1539 766 dignum
1588 693 1722 749 artis
1761 690 2029 748 industria
2059 706 2200 761 prae-

622 794 885 858 stiterint,
918 791 1024 846 hoc
1066 790 1242 861 ipsum
1273 787 1443 842 veluti
1490 800 1747 840 coronam
1779 783 2071 855 quamdam
2106 796 2191 836 ca-

622 886 830 958 pitibus
856 885 969 940 suis
999 882 1314 953 adjungere,
1342 888 1506 948 atque
1536 877 1672 932 adeo
1698 891 1821 947 quae
1850 875 1959 929 illis
1980 882 2204 944 propter
2244 896 2249 903 ν

624 976 1001 1033 fortitudinem
1028 973 1149 1028 laus
1178 970 1465 1033 tribuitur,
1499 983 1621 1024 eam
1654 974 1816 1022 suum’
1854 966 2025 1021 decus
2054 962 2204 1018 arbi-

624 1064 758 1121 trari
801 1082 814 1118 :
857 1078 958 1120 nos
984 1070 1166 1119 autem
1209 1069 1394 1131 patres
1438 1059 1748 1129 Spiritales,
1796 1059 1892 1127 qui
1940 1053 2207 1110 doctrinis

623 1170 745 1225 qum
774 1154 841 1209 ad
888 1152 1057 1208 animi
1108 1152 1290 1209 cultus
1327 1151 1586 1221 viresque
1630 1147 2032 1219 comparandas
2061 1144 2207 1200 haud

623 1262 813 1317 parum
857 1244 1085 1308 faciunt,
1112 1259 1212 1298 vos
1251 1242 1573 1307 imbuimus,
1597 1256 1706 1311 quo
1738 1239 2000 1294 nimirum
2026 1236 2209 1293 carnis

627 1333 953 1390 tumultibus
994 1332 1219 1396 sedatis,
1264 1331 1559 1400 vitatisque
1602 1329 1864 1401 peccatis,
1912 1336 2210 1398 quantum-

619 1440 841 1496 cunque
885 1423 1099 1479 laboret
1142 1422 1371 1479 Satanas
1416 1430 1479 1475 ut
1528 1422 1642 1476 suis
1686 1420 1784 1474 tios
1832 1417 2210 1473 molitionibus

2299 610 2407 645 των
2437 592 2503 661 τῇ
2534 588 2716 659 τέχνῃ,
2741 584 2899 638 τοῦτο
2930 585 3050 645 ταῖς
3077 578 3229 649 σφῶν
3256 574 3436 631 αὐτῶν
3465 565 3555 626 οἷά
3584 582 3709 621 τινα
3745 563 3870 619 στι-

2301 698 2466 752 φανον
2502 680 2763 733 ἀνάπτειν
2791 673 3076 742 κεφαλαῖς,
3106 671 3201 729 καὶ
3231 668 3329 737 τῆς
3359 663 3580 717 ἐκείνων
3622 653 3873 728 ἀνδρείας

2303 772 2623 844 μερίζεσθαι
2671 770 2740 823 τὰ
2778 769 3071 838 αὐχήματα
3096 781 3109 796 ’
3144 762 3290 834 ἡμᾶς
3336 758 3392 812 δὲ
3425 754 3670 825 πατέρας
3702 763 3871 844 πνευ-

2304 840 2566 938 ιιαήτικοῦς
2609 865 2789 927 ὄντας,
2825 862 2920 915 καί
2950 860 3131 926 λόγοις
3156 857 3301 927 ὑμᾶς
3334 848 3732 917 ὲπαλείεροντας
3760 840 3876 938 τοῖς

2301 930 2381 1024 εἰς
2408 959 2618 1030 ἀγαοὴν
2663 953 2975 1024 εὐτολμίαν,
3012 952 3100 1004 ἳνα
3148 945 3590 1014 καταθλήσαντες
3625 936 3721 1007 μὲν
3764 930 3875 984 τῶν

2300 1053 2397 1122 τῆς
2431 1051 2632 1121 σαρκὸς
2656 1050 2990 1117 κινημάτων,
3029 1038 3452 1110 παραιτούμενοι
3482 1032 3538 1084 δὲ
3565 1028 3626 1082 τὸ
3657 1026 3878 1080 πίπτειν

2304 1146 2384 1206 εἰς
2424 1141 2698 1213 ἁμαρτίαν
2729 1138 2755 1178 ἆ
2779 1178 2793 1202 ,
2838 1135 2935 1190 καὶ
2972 1134 3075 1205 μὴν
3112 1131 3205 1182 καὶ
3255 1123 3522 1195 ἡττᾶσθαι
3560 1113 3878 1188 πειράζοντι

2300 1199 2379 1305 cii;
2410 1199 2657 1302 Σατανᾷ,
2707 1199 3006 1299 κομίσησθέ
3034 1199 3097 1276 τὸ
3134 1217 3385 1291 βραϐεῖον
3406 1254 3420 1277 ,
3463 1210 3555 1305 καὶ
3593 1218 3631 1305 ε.
3651 1204 3773 1305 οὐχὶ.
3807 1199 3879 1272 δὴ

2327 1294 2530 1396 ιλᾶλλον
2639 1294 3203 1383 ἐκείνουςγθεοφιλοῦς
3248 1299 3700 1375 ἀναπίμπλασθαι
3746 1294 3887 1363 Θυμί-

2302 1414 2479 1485 ηδίας.

623 1527 957 1591 prosternat,
1010 1519 1309 1590 gloriosum
1356 1516 1696 1587 triumphum
1736 1514 2069 1586 reportetis,
2112 1528 2224 1567 non
2264 1482 2434 1583 magis
2480 1522 2642 1579 quam
2689 1506 2811 1560 illos
2854 1504 2945 1575 pia
3002 1497 3235 1572 quadam
3287 1490 3487 1549 mentis
3539 1482 3886 1557 iucunditate

625 1612 902 1681 perfundi.

697 1707 887 1781 Igitur,
909 1714 969 1761 ut
986 1704 1190 1765 Christi
1224 1703 1523 1760 Salvatoris
1548 1698 1722 1756 nostri
1754 1697 2059 1768 discipulus
2084 1711 2205 1752 mo-

628 1807 723 1855 net
749 1802 789 1865 ¹,
829 1819 848 1851 ι
882 1813 1068 1853 curam
1100 1811 1317 1852 omnem
1359 1794 1784 1858 subinferentes,
1814 1791 2121 1846 ministrate
2150 1789 2207 1843 in

628 1890 735 1946 fide
760 1898 941 1946 vestra
970 1888 1254 1950 virtutem,
1286 1886 1341 1939 in
1367 1886 1569 1939 virtute
1596 1892 1778 1938 autem
1811 1881 2118 1943 scientiam,
2151 1878 2207 1934 in

628 1983 855 2038 scientia
901 1988 1084 2035 autem
1134 1977 1544 2041 abstinentiam,
1576 1976 1632 2030 in
1665 1973 1994 2028 abstinentia
2027 1980 2208 2025 autem

630 2072 968 2142 patientiam,
1000 2070 1056 2124 in
1098 2067 1359 2139 patientia
1391 2074 1571 2120 autem
1603 2064 1884 2134 pietatem,
1918 2062 1974 2115 in
2009 2056 2212 2130 pietate

631 2169 809 2216 autem
838 2174 1079 2214 amorem
1114 2154 1492 2219 fraternitatis,
1521 2154 1576 2208 in
1599 2166 1786 2206 amore
1811 2160 1994 2205 autem
2019 2149 2214 2202 frater-

633 2251 822 2307 nitatis
844 2249 1186 2305 charitatem.
1212 2248 1337 2302 Haec
1375 2255 1558 2301 autem
1587 2244 1745 2299 vobis
1774 2258 1898 2297 cum
1936 2240 2117 2296 adsint
2157 2245 2216 2294 et

633 2348 916 2414 superent,
944 2354 1057 2394 non
1085 2351 1289 2392 vacuos
1312 2350 1492 2404 neque
1518 2334 1638 2389 sine
1665 2331 1849 2386 fructu
1878 2328 2217 2383 constituent

633 2449 734 2489 vos
764 2433 821 2487 in
845 2429 1059 2487 Domini
1082 2428 1258 2483 nostri
1282 2427 1411 2483 Jesu
1435 2423 1638 2480 Christi
1662 2421 1995 2493 cognitione.
2029 2438 2048 2471 ι
2079 2418 2214 2473 Nam

633 2539 731 2580 eos
744 2522 839 2593 qui
858 2521 1125 2578 internam
1147 2517 1560 2588 spiritalemque
1578 2511 1863 2569 inChristo
1873 2511 2038 2565 vitam
2055 2507 2217 2563 laude

633 2610 1088 2678 acmulationeque
1107 2606 1323 2677 dignam
1344 2605 1491 2659 serio
1512 2604 1652 2659 inire
1668 2603 1881 2665 volunt,
1901 2600 2006 2655 (ide
2028 2599 2082 2653 in
2106 2597 2221 2668 pri-

636 2703 739 2757 mis
761 2701 975 2756 sincera
1011 2708 1176 2769 atque
1215 2696 1423 2767 integra
1452 2704 1675 2750 ornatos
1709 2708 1829 2748 esse
1860 2690 2049 2755 decet;
2091 2687 2219 2743 ﬁdei

634 2804 801 2862 porro
824 2787 1144 2858 integritati,
1166 2786 1386 2841 virtutis
1411 2799 1629 2855 quoque
1655 2781 1900 2838 studium
1923 2781 2222 2851 adiungant

635 2889 872 2953 oportet;
891 2881 996 2935 hoc
1010 2886 1191 2934 autem
1205 2880 1350 2949 jacto
1366 2876 1744 2939 fundamento,
1758 2872 2071 2945 cognitione
2084 2885 2222 2942 mys-

636 2973 759 3029 terii
787 2970 990 3027 Christi
1021 2985 1081 3024 se
1097 2969 1456 3039 locupletent,
1472 2975 1532 3021 et
1556 2966 1624 3021 ad
1650 2966 1956 3020 absolutam
1976 2956 2221 3034 ejusdem

638 3061 1053 3133 intelligentiam
1081 3059 1437 3123 contendant,
1462 3046 1748 3113 necessum
1774 3064 1876 3109 est.
1900 3053 2074 3121 Quam
2098 3053 2223 3108 vita:

639 3154 907 3210 rationem
942 3162 1151 3215 tenere,
1172 3158 1277 3214 est,
1302 3157 1366 3204 ut
1390 3160 1523 3220 puto
1542 3188 1556 3212 ,
1593 3166 1611 3198 ι
1638 3147 1698 3201 In
1718 3146 1896 3201 virum
1919 3144 2223 3214 perfectum

635 3259 951 3310 occurrere,
965 3251 1021 3297 et
1035 3242 1102 3297 ad
1119 3255 1431 3296 mensuram
1449 3238 1625 3294 aetatis
1646 3236 2008 3308 plenitudinis
2017 3235 2221 3291 Christi

636 3335 929 3410 pervenire
955 3336 997 3388 ³.
1037 3353 1054 3386 ι
1085 3331 1390 3388 Sobrietate
1414 3328 1643 3400 proinde
1667 3336 1724 3384 et
1744 3314 2087 3391 castimonia,
2112 3341 2221 3395 qua

639 3427 937 3485 solitariam
954 3427 1122 3480 vitam
1142 3433 1362 3496 agentes
1385 3423 1629 3478 excultos
1647 3437 1767 3477 esse
1783 3419 2061 3484 convenit,
2077 3419 2220 3472 lum-

640 3523 741 3577 bos
761 3528 974 3576 vestros
998 3516 1224 3589 pulchre
1254 3513 1529 3585 praecincti
1557 3513 1769 3580 ',virile
1795 3520 1985 3567 contra
2012 3510 2221 3565 animo-

642 3628 762 3667 rum
775 3622 1174 3679 corporumque
1188 3605 1629 3677 perturbationes
1640 3613 1917 3658 certamen
1934 3599 2212 3670 suscipite.

641 3703 731 3760 Sic
748 3702 897 3756 enim
927 3699 1061 3755 clari
1088 3705 1144 3753 et
1167 3697 1219 3768 3
1248 3696 1304 3763 in
1333 3695 1478 3749 bono
1505 3694 1622 3764 spei
1663 3707 1784 3762 qua:
1806 3691 2008 3746 sanctis
2032 3697 2220 3760 parata

640 3802 745 3859 est,
769 3793 1012 3849 illustres
1042 3788 1306 3844 evadetis.
1330 3787 1467 3841 Ante
1495 3785 1699 3849 omnia,
1731 3792 1879 3838 recta
1907 3782 1963 3835 in
1990 3780 2145 3835 vobis
2164 3789 2221 3835 et

640 3884 884 3947 sincera,
948 3879 1196 3948 nullique
1243 3890 1468 3946 prorsus
1512 3872 1927 3953 reprehensioni
1984 3869 2219 3924 obnoxia

643 3974 778 4029 fides
796 3972 1038 4028 exsistat.
1054 3970 1131 4024 Ita
1153 3982 1407 4038 namque,
1432 3967 1527 4031 ita,
1549 3966 1793 4035 inquam,
1813 3971 1869 4018 et
1889 3977 1985 4017 vos
2003 3976 2220 4031 quoque

640 4074 955 4120 sanctorum
990 4062 1212 4117 Patrum
1250 4060 1505 4129 pietatem
1535 4057 1726 4112 iisdem
1751 4054 1996 4124 vestigiis
2027 4067 2219 4122 prose-

641 4165 894 4229 quentes,
929 4154 985 4207 in
1020 4166 1281 4222 supernas
1306 4151 1425 4204 illas
1453 4150 1738 4204 beatorum
1773 4147 1931 4203 sedes
1956 4145 2086 4200 olim
2122 4146 2221 4198 im-

641 4245 970 4317 migrabitis,
1013 4242 1362 4311 cmlestiaque
1396 4240 1747 4294 tabernacula
1796 4252 1903 4292 una
1946 4251 2071 4291 cum
2115 4235 2222 4289 illis

645 4338 911 4394 incoletis.
937 4336 1053 4404 Qua
1080 4335 1148 4389 de
1174 4351 1230 4388 re
1253 4334 1473 4387 divinus
1500 4331 1765 4400 propheta
1795 4329 1961 4383 Isaias
1992 4328 2063 4380 ita
2086 4325 2223 4380 scri-

644 4432 762 4484 bit:
795 4449 812 4480 ι
848 4429 1004 4485 Oculi
1038 4427 1116 4480 tui
1166 4425 1431 4479 videbunt
1460 4421 1787 4484 Jerusalem,
1828 4417 2220 4472 habitationem

644 4520 981 4591 opulentam,
1009 4514 1363 4570 tabernacula
1390 4528 1511 4582 qua:
1539 4528 1650 4567 non
1700 4509 2087 4589 concutientur
2114 4512 2155 4559 ⁸.
2196 4526 2213 4557 ι

715 4609 843 4664 Esse
889 4609 1054 4679 igitur
1097 4608 1261 4661 vitam
1294 4616 1529 4659 vestram
1567 4604 1727 4672 plane
1773 4581 2121 4669 conspicuam
2168 4605 2221 4650 et

2380 1691 2619 1756 Οὐκοῦν,
2669 1690 2813 1744 καθά
2863 1703 2998 1758 φησι
3050 1682 3144 1738 τοῦ
3202 1679 3454 1749 Σωτῆρος
3512 1675 3541 1728 ὁ
3594 1670 3888 1745 μαθητὴς,

2321 1805 2340 1839 ι
2375 1785 2609 1856 σπουδὴν
2638 1783 2817 1836 πᾶσαν
2835 1773 3349 1850 παρεισενεγκόντες
3378 1768 3422 1829 ί,
3451 1763 3890 1837 ἐπιχορηγήσατε

2313 1880 2372 1933 ὲν
2399 1880 2465 1950 τῇ
2496 1875 2674 1930 πίστει
2710 1872 2865 1943 ὑμῶν
2897 1871 2996 1940 τὴν
3030 1866 3255 1938 ἀρετὴν,
3298 1864 3354 1914 ὲν
3396 1860 3449 1913 δὲ
3483 1861 3548 1930 τῇ
3594 1856 3893 1950 ἀρετῇ-τὴν

2314 1945 2545 2037 γνῶσιν,
2585 1966 2642 2017 ἐν
2675 1962 2732 2016 δὲ
2772 1965 2839 2032 τῇ
2871 1958 3068 2029 γνώσει
3096 1956 3193 2027 τὴν
3234 1951 3596 2023 ἐγκράτειαν,
3652 1949 3709 1999 ἐν
3738 1946 3795 2000 δὲ
3820 1945 3894 2016 τῇ

2243 2019 2285 2074 Β
2314 2019 2613 2130 ἐγκρατείᾳ
2641 2055 2740 2127 τὴν
2763 2019 3064 2123 ὑπορονὴν,
3096 2019 3163 2101 ὲν.
3184 2047 3239 2100 δὲ
3255 2019 3321 2116 τῇ
3342 2019 3589 2113 ύπομονῇ
3613 2038 3711 2112 τὴν
3742 2036 3894 2093 victv

2314 2153 2487 2215 6ειαν,
2520 2151 2579 2201 ἐν
2596 2148 2654 2202 δὲ
2677 2150 2744 2218 τῇ
2774 2143 3027 2213 εὐσεϐείᾳ
3052 2143 3151 2210 τὴν
3168 2135 3540 2208 φιλαδελφίαν,
3559 2134 3617 2186 ὲν
3634 2131 3689 2185 δὲ
3706 2133 3773 2203 τῇ
3805 2146 3897 2200 φι-

2312 2241 2573 2311 λαδελφίᾳ
2608 2239 2706 2310 τὴν
2738 2239 2977 2307 ἀγάπην.
3014 2233 3199 2287 Ταῦτα
3224 2231 3333 2301 γὰρ
3362 2230 3489 2299 ὑμῖν
3519 2224 3764 2295 παρόντα
3799 2220 3899 2275 καὶ

2315 2331 2678 2395 πλεονάζοντα
2688 2329 2806 2393 ,οὐκ
2826 2328 3029 2398 ἀργοὺς
3044 2324 3163 2377 οὐδὲ
3179 2321 3461 2393 ἀκάρπους
3477 2316 3796 2387 καθίστησιν
3813 2314 3898 2377 είς

2315 2427 2412 2499 τὴν
2448 2424 2542 2479 τοῦ
2582 2421 2788 2493 Κυρίου
2816 2418 2977 2491 ἡμῶν
3019 2415 3191 2487 Ἰησοῦ
3236 2410 3473 2484 Χριστοῦ
3520 2408 3833 2475 ἐπίγνωσιν.
3871 2424 3892 2457 ι

2317 2497 2527 2591 Χρῆναι
2547 2516 2657 2586 γὰρ
2673 2510 2850 2581 εγωγέ
2876 2527 3019 2581 φημι
3049 2506 3178 2568 τοὺς
3204 2504 3365 2573 οἵπερ
3402 2501 3468 2555 ἂν
3496 2499 3697 2554 ἕλοιντο
3718 2497 3815 2568 τῆς
3835 2498 3901 2550 ὲν

2318 2588 2536 2680 Χριστῷ
2556 2603 2849 2675 νοουμένης
2881 2599 3025 2669 ζωῆς
3052 2599 3151 2668 τὴν
3178 2595 3373 2649 εὐκλεᾶ
3393 2610 3451 2646 τε
3462 2592 3556 2645 καὶ
3580 2588 3901 2659 ἀξιέραστον

2318 2701 2521 2769 διάγειν
2546 2701 2571 2739 ε
2587 2697 2724 2761 ὁδὸν,
2743 2693 2958 2765 πρῶτον
2983 2690 3080 2762 μὶν
3094 2688 3238 2759 ἁπλῇ
3259 2703 3316 2739 τε
3334 2686 3428 2739 καὶ
3444 2682 3706 2754 ἁλωὸήτῳ
3726 2696 3900 2769 κατα-

2322 2786 2684 2862 σεμνύνεσθαι
2716 2785 2918 2848 πίστει,
2959 2778 3330 2851 προσεπάγειν
3350 2776 3405 2829 δὲ
3437 2773 3608 2833 οὕτως
3633 2772 3767 2841 αύτῇ
3796 2767 3904 2841 τὴν

2322 2860 2547 2955 ἀρετήν·
2570 2875 2633 2936 οὗ
2659 2878 2723 2950 δὴ
2750 2875 3054 2945 γεγονότος,
3083 2869 3375 2943 πειρᾶσθαι
3398 2864 3790 2920 καταπλουτεῖν
3802 2860 3902 2955 τοῦ

2322 2946 2464 3031 κατὰ
2536 2946 2722 3044 ριστὸν
2740 2966 3041 3039 μυστηρίου
3056 2966 3157 3035 τὴν
3169 2960 3391 3031 γνῶσιν,
3412 2960 3506 3013 καὶ
3524 2956 3818 3044 ἀναφοιταν
3836 2946 3901 3008 εὖ

2328 3068 2474 3141 μάλα
2523 3065 2661 3137 πρὸς
2702 3061 3047 3129 τελεωτάτην
3080 3056 3317 3110 σύνεσιν.
3354 3050 3526 3105 Τοῦτο
3562 3047 3696 3120 γὰρ,
3722 3042 3903 3117 οἶμαι,

2324 3135 2440 3215 ἐστι
2463 3158 2544 3222 τδ,
2570 3135 2604 3209 -ι
2634 3156 2728 3218 Εἰς
2750 3152 2919 3223 ἄνδρα
2942 3151 3145 3203 τέλειον
3184 3143 3539 3213 καταντῆσαι,
3570 3140 3663 3193 καὶ
3693 3138 3772 3202 εις
3801 3135 3906 3205 μέ-

2330 3266 2461 3325 τερον
2506 3244 2724 3317 ἡλικίας
2752 3241 2925 3294 ἐλθεῖν
2949 3237 3044 3291 τοῦ
3080 3232 3445 3305 πληρώματος
3476 3228 3570 3284 τοῦ
3602 3224 3899 3299 Χριστοῦ.»

2246 3364 2293 3425 c
2332 3316 2514 3410 Νήψει
2559 3336 2623 3407 δὴ
2660 3332 2754 3388 οῦν
2792 3335 2859 3403 τῇ
2897 3328 3184 3401 πρεπούσῃ
3218 3325 3507 3396 μονασταῖς
3548 3319 3647 3384 τὰς
3694 3316 3909 3423 ἑαυτῶν

2321 3409 2529 3500 ὀσφύας
2551 3424 2608 3481 εῦ
2644 3424 2788 3498 μάλα
2820 3420 3171 3492 διεζωσμένοι
3214 3411 3635 3485 κατανδρίζεσθε
3666 3409 3772 3463 τῶν
3801 3425 3909 3462 πα-

2320 3498 2429 3575 θῶν
2440 3518 2685 3591 ψυχικῶν
2698 3533 2756 3569 τε
2778 3516 2891 3583 ἄμα
2910 3513 3001 3566 καὶ
3021 3502 3610 3581 σωματικῶν.Ἔσεσοε
3638 3501 3747 3573 γὰρ
3758 3498 3909 3553 οὕτω

2319 3614 2561 3684 λαμπροὶ
2591 3611 2687 3665 καὶ
2723 3609 3017 3677 εὐδόκιμοι,
3053 3603 3145 3657 καὶ
3173 3603 3230 3653 ὲν
3260 3598 3407 3668 καλῷ
3430 3597 3527 3666 τῆς
3557 3592 3765 3655 ἐλπίδος
3801 3592 3906 3660 τῆς

2320 3707 2431 3768 τοῖς
2464 3704 2642 3772 ἁγίοις
2682 3698 3140 3773 ηύτρεπισμένης.
3193 3694 3372 3746 Ἔστω
3404 3690 3460 3743 δὲ
3512 3689 3643 3758 ὑμῖν
3672 3685 3766 3739 καὶ
3792 3683 3907 3755 πρό

2320 3813 2385 3866 γε
2426 3796 2533 3850 τῶν
2565 3794 2740 3848 ἄλλων
2778 3795 2810 3861 ἡ
2861 3790 3042 3851 πίστις
3069 3785 3204 3857 ὀρθὴ
3242 3784 3337 3838 καὶ
3366 3780 3759 3851 ἁκαπήλευτος,
3809 3775 3910 3830 καὶ

2320 3887 2381 3939 τὸ
2434 3877 2899 3951 ἀνεπίπληκτον-ιι
2956 3878 3156 3946 ἔχουσα
3208 3871 3506 3943 παντελῶς.
3566 3867 3724 3922 υῦτω
3768 3866 3905 3937 γὰρ,

2321 3976 2466 4031 οῦτω
2499 3976 2596 4029 καὶ
2629 3975 2788 4043 ὑμεῖς
2818 3970 2972 4025 αὐτοὶ
3017 3968 3113 4038 τὴν
3144 3965 3253 4019 τῶν
3298 3965 3467 4032 ἁγίων
3506 3958 3760 4028 πατέρων
3791 3959 3909 4028 ἰχν-

2323 4066 2647 4139 ηλατοῦντες
2664 4064 2965 4122 εὐσέϐειαν,
2987 4054 3440 4127 ὲναυλισθὴσεσθε
3461 4053 3558 4107 σὺν
3582 4052 3765 4114 αὐτοῖς
3780 4050 3909 4112 ταῖς

2324 4159 2437 4212 ἄνω
2478 4158 2687 4227 μοναῖς,
2736 4156 2832 4205 καὶ
2867 4151 3073 4220 σκηνὰς
3124 4149 3372 4213 οἰκήσετε
3406 4143 3503 4207 τὰς
3538 4146 3595 4197 ὲν
3632 4141 3904 4212 οὐρανοῖς.

2324 4244 2423 4302 Ὧν
2458 4250 2473 4288 ί
2521 4249 2613 4300 καὶ
2641 4247 2668 4298 ὁ
2700 4244 2992 4304 θεσπέσιος
3031 4240 3260 4301 Ἡσαΐας
3286 4236 3656 4307 διαμέμνηται
3681 4232 3857 4301 λέγων
3884 4244 3903 4261 ·

2331 4357 2349 4389 ι
2386 4338 2448 4391 Οἱ
2472 4335 2737 4406 ὀφθαλμοί
2772 4350 2864 4386 σου
2889 4332 3131 4400 ὄψονται,
3179 4327 3531 4399 Ἰερουσαλὴμ
3562 4324 3712 4387 πόλις
3740 4322 3910 4376 πλου-

2328 4428 2416 4481 σία
2450 4427 2494 4493 i,
2532 4425 2735 4496 σκηνὰς
2768 4422 2824 4476 αἳ
2860 4422 2920 4474 ού
2955 4420 3029 4491 μὴ
3061 4418 3337 4491 σεισοῷσι.
3380 4436 3398 4469 ι

2399 4598 2661 4669 ,λαμπρὸς
2702 4597 2801 4667 μὲν
2835 4590 2929 4649 οὖν
2956 4596 3038 4647 ὅτι
3074 4595 3168 4646 καὶ
3196 4592 3523 4659 ἀξιάγαστος
3552 4588 3679 4659 ὑμῖν
3706 4587 3733 4640 ὁ
3762 4584 3907 4655 βίος,

643 4703 1004 4759 admiratione
1032 4702 1272 4772 dignam,
1305 4700 1575 4768 ﬁdemque
1603 4696 1779 4751 modis
1804 4695 2061 4750 omnibus
2088 4695 2216 4748 inte-

2327 4692 2459 4760 ὀρθή
2502 4708 2562 4742 τε
2613 4692 2707 4742 καὶ
2767 4686 3145 4756 ἀκαπήλευτος
3199 4684 3468 4752 ἐνίδρυται
3529 4680 3749 4743 πίστις,
3803 4675 3914 4730 οὐκ

643 4810 794 4867 gram
837 4804 893 4849 et
947 4795 1317 4863 incorruptam
1345 4791 1503 4844 vobis
1531 4798 1821 4859 suppetere
1851 4804 1960 4841 non
1994 4787 2219 4856 ignoro;

642 4886 943 4940 conturbor
963 4895 1142 4940 tamen
1163 4901 1272 4937 non
1293 4899 1484 4952 parum
1499 4882 1850 4935 vehementer
1867 4898 1877 4931 :
1897 4880 2060 4933 audio
2076 4880 2222 4932 enim

641 4976 890 5031 exitiales
915 4974 1179 5044 quosdam
1212 4990 1458 5028 rumores
1487 4974 1632 5026 inter
1661 4988 1757 5026 vos
1789 4972 2220 5041 proseminatOs;

640 5078 698 5123 et
726 5068 1019 5121 nonnullos
1039 5066 1318 5128 oberrare,
1348 5065 1443 5133 qui
1474 5064 1746 5119 sinceram
1789 5070 2025 5115 vestram
2058 5061 2219 5114 fidem

641 5159 891 5213 demoliri
914 5159 1189 5222 studeant,
1207 5169 1262 5212 et
1287 5157 1529 5210 inanium
1546 5156 1863 5209 vocularum
1889 5154 2079 5208 turbas
2097 5170 2224 5208 cru-

643 5257 875 5313 ctantes,
923 5256 1107 5303 utrum
1157 5249 1442 5317 Deiparam
1472 5246 1748 5315 appellare
1802 5246 1965 5299 liceat
2012 5261 2222 5299 sacram

644 5336 944 5405 Virginem,
960 5337 1014 5389 in
1032 5345 1441 5391 controversum
1456 5348 1649 5388 vocare
1663 5334 1918 5389 audeant.
1932 5334 2225 5389 Pncstaret

717 5498 732 5525 ¹
776 5492 819 5547 ll
857 5493 1003 5546 Petr.
1035 5508 1071 5557 ι,
1099 5491 1217 5549 5-8.
1298 5491 1315 5520 '
1359 5490 1559 5561 Ephes.
1612 5490 1795 5554 1v,15.

1874 5489 1895 5521 ³
1930 5489 2063 5544 Luc.
2118 5505 2209 5554 xu,
2251 5489 2339 5543 55.

2326 4781 2571 4853 ὴγνόηκά
2603 4780 2785 4833 ποθεν’
2822 4779 3170 4849 τετάραγμαι
3197 4776 3253 4829 δὲ
3280 4776 3338 4827 οὐ
3367 4771 3621 4844 μετρίως,
3652 4764 3913 4838 ἀκηκοὼς

2328 4879 2409 4929 ὅτι
2453 4874 2669 4945 Ορύλλοι
2703 4872 2843 4933 τινὲς
2888 4872 2967 4933 εἰς
3014 4871 3157 4940 ὑμᾶς
3208 4868 3470 4935 ἀφίκοντο
3508 4862 3757 4934 χαλεποὶ,
3807 4860 3914 4912 καὶ

2330 4968 2710 5043 περινοστοῦσί
2753 4983 2929 5028 τινες,
2965 4964 3063 5033 τὴν
3103 4962 3284 5030 ἁπλῆν
3333 4958 3487 5029 ὑμῶν
3532 4954 3907 5024 παραλύοντες

2330 5061 2531 5123 πίστιν,
2560 5060 2653 5112 καὶ
2685 5056 2969 5128 ῥηματίων
3002 5054 3223 5105 εἰκαίων
3260 5048 3627 5108 smmum-.5;
3662 5045 3686 5084 Ιι
3725 5042 3903 5111 ὄχλον,

2334 5147 2837 5219 ἁναπυνθανόμενοί
2870 5162 2930 5198 τε
2961 5146 3053 5197 καὶ
3083 5144 3353 5211 λέγοντες,
3384 5139 3480 5209 τὴν
3503 5138 3660 5205 ἁγίαν
3695 5138 3875 5199 Παρεϊὲ
3894 5166 3909 5175 -

2331 5258 2421 5294 νον
2453 5242 2671 5312 Μαρίαν
2703 5237 2929 5307 πότερόν
2961 5253 3091 5289 ποτε
3126 5231 3463 5299 Θεοτόκον,ἣ
3501 5230 3574 5299 μὴ
3601 5242 3911 5294 κατονομα·

2332 5333 2519 5398 ζεσϐαι
2543 5334 2685 5403 ζχρή.
2717 5331 2826 5383 Καὶ
2851 5326 2917 5400 ἦν
2948 5328 3045 5398 μὲν
3090 5327 3310 5397 ἄμεινον
3347 5323 3456 5376 τῶν
3482 5320 3733 5374 τοιούτων
3758 5320 3912 5389 ὑμᾶς

2461 5488 2482 5518 ⁸
2531 5487 2634 5542 lsa.
2660 5502 2846 5549 χχχιιι,
2871 5483 2961 5539 20.

1743 5603 1918 5659 Varia:
1948 5605 2211 5660 lectiones
2234 5602 2442 5661 codicis
2464 5600 2821 5673 Seguieriani.

713 5727 739 5766 δ
762 5727 1053 5810 ἁμαρτίας.
1134 5740 1155 5766 ο
1181 5728 1277 5799 μή.

648 5813 995 5859 ωπτυοντες.

1362 5725 1379 5765 ¹
1407 5726 1932 5794 συνεισενέγκαντες.
2002 5730 2025 5765 8
2044 5726 2291 5778 διά-πτειν.
2339 5776 2353 5785 _
2372 5724 2401 5763 ιι
2425 5722 2807 5793 ἀνεπίληπτον.

2914 5723 2926 5761 ί
2959 5720 3051 5784 ὡς.
3134 5731 3146 5767 1
3182 5718 3362 5781 πόλεις
3391 5716 3666 5775 πλουσίας.
3745 5708 3771 5752 ι
3798 5728 3910 5766 πα-
