4146 6322
227 355 292 412 ιε
1665 337 1823 394 EPIS‘

1929 334 2005 389 LA
2043 333 2085 388 1.
3447 330 3519 385 η

234 469 564 542 ζητημάτων
596 469 675 527 είς
708 466 853 520 ἁπαν
890 464 1221 534 ἀποφοιτᾷν,
1279 462 1372 514 καὶ
1409 459 1444 513 ἁ
1493 458 1648 529 μόλις
1674 455 1823 508 ἐστὶν

1929 464 2058 505 sane
2081 444 2351 518 ejusmodi
2376 441 2774 514 quaestionibus
2802 441 3027 496 omnino
3051 441 3350 510 abstinere,
3384 451 3440 499 et
3469 444 3524 498 in

233 561 303 623 ὡς
338 562 392 612 ὲν
422 559 675 628 ἐσόπτρῳ
706 557 797 610 καὶ
845 555 1128 624 αἰνίγματι
1192 550 1545 622 θεωρούμενα
1585 550 1699 612 τοῖς
1728 548 1818 617 ἁρ-

234 652 367 712 τίεις
401 651 501 720 τὴν
551 649 726 718 φρένα
785 647 878 700 καὶ
929 645 1189 716 βεϐηκόσι
1233 644 1324 696 τὸν
1369 642 1514 705 νοῦν,
1557 640 1692 710 μηδὲ
1723 640 1819 691 ἁν-

233 741 480 810 ορ·3ττειν
505 741 662 801 ὅλως.
688 739 769 791 Τὰ
794 738 898 808 γὰρ
928 735 1212 806 ίσχνότερα
1243 735 1350 788 τῶν
1383 730 1758 803 θεωρημάτων
1795 728 1812 766 ι

232 831 326 882 τὸν
373 829 477 882 τῶν
520 829 929 898 ἁκεραιοτέρων
963 827 1334 894 ὑπερνήχεται
1381 822 1528 875 νοῦν.
1555 830 1564 875 Ξ
1593 820 1814 890 Ἐπειδὴ

232 924 293 976 δὲ
351 922 494 989 ἆπαξ
553 923 656 974 οὐκ
712 922 938 990 ἀνήκοοι
991 917 1100 971 τῶν
1146 916 1405 969 τοιούτων
1467 905 1815 984 μεμενήκατε

234 1014 432 1079 λόγων,
462 1014 556 1066 καὶ
590 1011 914 1079 φιλονεικεῖν
945 1008 1165 1064 ἑλέσθαι
1194 1007 1345 1070 τινὰς
1375 1006 1544 1068 εἰκὸς,
1578 1006 1674 1056 καὶ
1709 1006 1820 1065 τοῖς

236 1107 333 1160 τὸν
358 1105 480 1160 νοῦν
511 1105 611 1157 οὐκ
655 1103 1069 1176 ὲρηρεισμένοις
1089 1141 1103 1162 ,
1139 1095 1229 1154 οἷά
1270 1116 1391 1151 τινα
1449 1097 1691 1150 σκόλοπα
1713 1138 1728 1161 ,
1759 1095 1821 1148 τὸ

235 1199 326 1251 ἐπ’
359 1197 540 1260 αὐτοῖς
565 1196 628 1267 δὴ
658 1195 815 1248 τοῦτο
854 1193 1226 1264 ὲμπερονῆσαι
1260 1189 1475 1260 βλάϐος,
1507 1189 1617 1241 δεῖν
1637 1187 1820 1259 ᾠήθην

234 1289 552 1358 ἀναγκαίως
579 1287 736 1355 ὀλίγα
760 1286 882 1340 τινὰ
924 1297 964 1324 ω
997 1284 1133 1354 πρὸς
1173 1282 1317 1351 ὑμᾶς
1351 1280 1480 1350 περὶ
1507 1278 1712 1348 τούτων
1741 1278 1817 1328 εί-

233 1381 362 1432 πεῖν
382 1395 396 1409 ·
427 1379 525 1446 οὐχ
554 1377 640 1430 ἵνα
688 1376 1030 1445 λογομαχῆτι
1074 1373 1296 1443 μᾶλλον,
1332 1371 1447 1423 ἀλλ’
1477 1371 1565 1423 ἵνα
1593 1370 1644 1422 εί
1671 1384 1818 1430 τινες

236 1469 370 1540 ὑμῖν
409 1466 743 1535 ὲπιφύοιντο,
775 1467 894 1527 ταῖς
936 1462 1158 1516 ἐκείνων
1192 1460 1580 1527 εἰκαιολογίαις
1609 1460 1670 1511 τὸ
1699 1458 1823 1527 ἁλη-

233 1561 330 1622 θὶς
365 1559 753 1626 ἁντεξάγοντες
789 1567 837 1622 ιι,
874 1555 1026 1609 αὐτοί
1070 1572 1129 1608 τε
1167 1553 1584 1625 διαδιδράσκητε
1615 1555 1714 1619 τὴν
1757 1553 1821 1604 ἐκ

231 1653 336 1707 τοῦ
356 1650 658 1705 πλανᾶσθαι
690 1648 913 1719 ζημίαν,
948 1646 1343 1718 προσωφελῆτε
1366 1645 1423 1698 δὲ
1455 1645 1551 1699 καὶ
1578 1644 1818 1714 ἐτέρους,

232 1746 351 1807 τοῖς
368 1742 666 1814 καθήκουσι
695 1741 997 1809 λογισμοῖς,
1020 1739 1096 1800 ὡς
1120 1737 1410 1807 ἀδελφοὺς,
1432 1734 1822 1796 ἀναπείθοντες

234 1838 341 1908 τὴν
374 1836 579 1891 ἀνωθεν
637 1837 756 1898 ταῖς
808 1833 1161 1903 Ἐκκλησίαις
1211 1832 1276 1884 ὲκ
1316 1831 1424 1883 τῶν
1472 1829 1641 1899 ἁγίων
1687 1830 1821 1881 ἀπο⁹

236 1930 444 1982 στόλων
475 1927 871 1998 παραδοθεῖσαν
903 1926 1122 1990 πίστιν,
1168 1923 1421 1994 καθάπερ
1449 1922 1570 1975 τινὰ
1605 1919 1825 1974 πολυτί-

237 2039 412 2094 μητον
441 2019 784 2092 μαργαρίτην
814 2021 870 2072 ὲν
898 2017 1053 2079 ἰδίαις
1086 2016 1231 2087 ἔχειν
1257 2015 1479 2085 ψυχαῖς.

1930 557 1994 596 ea
2021 555 2141 610 quae
2167 536 2525 594 abstrusioris
2553 534 3014 590 considerationis
3040 544 3188 599 sunt,
3227 550 3329 591 nec
3360 536 3527 590 aliter

1931 632 2045 689 fere
2068 631 2177 686 nisi
2203 628 2372 684 veluti
2411 627 2467 681 in
2497 625 2721 696 speculo
2747 636 2802 680 et
2832 626 3120 695 aenigmate
3155 626 3320 680 etiam
3356 625 3426 680 ab
3456 625 3524 679 iis

1931 723 2025 794 qui
2068 721 2341 776 soliditate
2384 717 2578 790 judicii
2628 716 2939 786 mentisque
2979 715 3237 770 ﬁrmitate
3276 716 3519 787 pollent,

1933 812 2171 884 perspici
2199 820 2448 882 possunt,
2490 824 2834 878 nequaquam
2871 808 3171 878 inquirere.
3206 807 3342 862 Nam
3383 807 3520 863 sim-

1932 905 2224 975 pliciorum
2263 911 2484 973 captum
2519 900 2806 956 subtiliora
2843 899 3182 955 theoremata
3223 899 3517 976 excedunt.

1929 997 2000 1051 At
2024 998 2153 1068 quia
2184 996 2380 1050 borum
2415 1009 2735 1049 sermonum
2774 1000 3030 1063 expertes
3065 1008 3176 1046 non
3214 992 3520 1062 permansi-

1931 1091 2048 1153 stis,
2082 1089 2250 1158 ﬁtque
2282 1087 2567 1158 probabile
2595 1087 2971 1142 contentiosos
2994 1085 3260 1156 quosdam
3294 1101 3404 1144 non
3427 1084 3524 1141 de-

1932 1186 2166 1249 futuros,
2195 1183 2289 1253 qui
2317 1197 2589 1237 venenum
2616 1181 2763 1252 quod
2797 1180 2968 1236 semel
2997 1180 3322 1244 hauserunt,
3349 1179 3521 1234 veluti
3571 1178 3576 1184 ’

1931 1277 2142 1348 spicula
2174 1275 2446 1346 quaedam,
2483 1275 2539 1328 in
2576 1273 3002 1328 imbecilliorum
3033 1273 3246 1326 animos
3284 1270 3523 1342 deﬁgere

1930 1370 2298 1432 conabuntur,
2325 1382 2508 1438 operae
2534 1382 2622 1421 me
2650 1365 2890 1436 pretium
2928 1365 3206 1419 facturum
3237 1364 3447 1434 putavi,
3477 1363 3525 1418 si

1931 1476 2104 1531 pauca
2127 1459 2378 1531 quaedam
2412 1457 2481 1513 iis
2501 1457 2568 1512 de
2597 1457 2765 1512 rebus
2794 1456 2860 1511 ad
2889 1470 2987 1510 vos
3018 1455 3381 1520 dissererem;
3411 1468 3524 1507 non

1929 1569 1997 1608 eo
2031 1552 2087 1607 id
2113 1551 2336 1622 quidem
2366 1549 2620 1613 consilio,
2650 1557 2712 1603 ut
2739 1564 2837 1603 vos
2867 1547 2936 1603 ad
2964 1548 3091 1602 lites
3115 1546 3525 1616 verborumque

1930 1644 2348 1716 digladiationes
2379 1641 2732 1705 inﬂammem,
2758 1656 2950 1695 verum
2969 1650 3031 1695 ut
3056 1639 3101 1694 si
3121 1639 3214 1710 qui
3232 1639 3300 1695 de
3325 1647 3526 1695 cetero

1931 1754 2029 1792 vos
2046 1738 2224 1793 adorti
2256 1737 2481 1800 fuerint,
2512 1735 2733 1790 illorum
2756 1721 3000 1789 futilitati
3029 1733 3318 1788 veritatem
3350 1748 3525 1803 oppo-

1932 1839 2148 1896 nentes,
2177 1837 2233 1884 et
2261 1828 2364 1899 ipsi
2391 1828 2599 1882 erroris
2623 1827 2925 1896 perniciem
2959 1825 3256 1896 eﬁ‘ugialis,
3293 1835 3350 1881 et
3389 1825 3528 1882 alios

1933 1921 2257 1992 opportunis
2286 1919 2597 1974 rationibus
2626 1917 2879 1988 perinde,
2906 1926 2968 1973 ut
3004 1916 3219 1982 fratres,
3251 1915 3528 1976 inducatis

1933 2027 2044 2081 quo
2076 2009 2240 2065 ﬁdem
2261 2011 2371 2081 jam
2402 2008 2533 2064 olim
2561 2007 2826 2064 Ecclesiis
2860 2022 2958 2076 per
2987 2014 3206 2062 sanctos
3247 2007 3530 2079 apostolos

232 2117 514 2180 traditam,
542 2130 651 2169 non
689 2130 846 2169 secus
875 2128 938 2169 ac
968 2109 1314 2183 margaritam
1350 2108 1551 2164 animis
1583 2107 1700 2162 suis
1737 2105 1996 2160 insertam
2028 2109 2345 2159 constanter
2379 2103 2674 2157 retineant.

360 2231 646 2301 εθαύμακα
689 2230 900 2296 τοίνυν,
935 2231 1093 2298 εἴπερ
1119 2228 1259 2290 ὅλως
1307 2225 1642 2288 ὲνδοιάζουσί
1677 2240 1825 2286 τινες

233 2325 465 2394 πότερον
492 2322 776 2387 Θεοτόκος,
802 2322 835 2392 ἢ
864 2322 960 2392 μὴ,
988 2321 1187 2390 λέγοιτ’
1217 2321 1283 2372 ἂν
1304 2321 1336 2389 ἡ
1361 2318 1494 2386 ἁγία
1523 2315 1820 2387 Παρθένος.

233 2419 300 2470 Et
332 2415 439 2486 γάρ
471 2417 586 2468 ἐστι
620 2414 754 2478 Θεὸς
785 2416 814 2467 ὁ
856 2414 1061 2484 Κύριος
1098 2411 1261 2483 ἡμῶν
1312 2409 1523 2480 Ἰησοῦς
1553 2407 1821 2480 Χριστὸς,

233 2506 358 2570 πῶς
385 2507 445 2559 οὐ
475 2506 731 2568 Θεοτόκος
765 2507 796 2574 ἡ
829 2504 1061 2558 τεκοῦσα
1098 2506 1131 2575 ἡ
1169 2503 1303 2572 ἁγία
1329 2501 1647 2573 Παρθένοςς
1681 2498 1824 2553 Ταύ-

232 2613 340 2667 την
374 2599 505 2667 ἡμῖν
552 2596 651 2666 τὴν
686 2596 867 2649 πίστιν
909 2596 1218 2666 παρέδοσαν
1246 2598 1295 2648 oi
1336 2595 1613 2648 θεσπέσιοι
1650 2594 1826 2666 μαθη-

230 2689 349 2752 ταὶ,
382 2688 483 2742 κᾶν
514 2691 560 2740 εἰ
585 2687 661 2760 μὴ
690 2688 786 2757 τῆς
818 2688 1018 2753 λέξεως
1040 2688 1365 2758 πεποίηνται
1399 2689 1640 2758 μνήμην.
1666 2686 1823 2740 Οὕτω

233 2783 457 2851 φρονεῖν
477 2779 836 2850 δεδιδάγμεθα
864 2779 1017 2851 παρὰ
1039 2779 1148 2832 τῶν
1180 2778 1352 2846 ἁγίων
1389 2779 1679 2850 Πατέρων.
1712 2780 1824 2832 Καὶ

245 2868 371 2937 γοῦν
414 2872 442 2922 6
468 2872 563 2940 τῆς
597 2868 842 2938 ἀοιδίμου
894 2868 1115 2938 μνήμης
1163 2867 1354 2938 Πατὴρ
1385 2865 1544 2936 ἡμῶν
1588 2863 1822 2918 Ἀθανά-

233 2977 376 3024 σιος,
422 2960 508 3028 τῆς
570 2957 966 3028 Ἀλεξανδρέων
1024 2958 1353 3027 Ἐκκλησίας
1391 2958 1822 3027 κατακοσμήσεις

233 3049 329 3101 τὸν
363 3047 548 3118 θρόνον
589 3049 672 3115 ἐφ’
722 3047 863 3111 ὅλοις
895 3047 1040 3101 ἔτεσι
1077 3048 1491 3119 τεσσαράκοντα
1523 3048 1616 3100 καὶ
1644 3047 1702 3114 ἓξ
1732 3047 1824 3101 τὸν

234 3139 498 3212 ἀριθμὸν,
531 3142 626 3192 καὶ
654 3143 777 3204 ταῖς
813 3140 922 3193 τῶν
953 3141 1183 3193 ἀνοσίων
1220 3139 1512 3211 αἱρετικῶν
1550 3139 1825 3211 εὑρεσιλο-

234 3235 389 3303 τίαις
413 3231 624 3301 ἄμαχόν
652 3249 770 3284 τινα
800 3232 894 3285 καὶ
928 3230 1293 3300 ἁποστολικὴν
1323 3231 1658 3285 ἁντιτάττων
1685 3230 1815 3284 σύν-

242 3339 413 3384 εσιν,
475 3322 569 3374 καὶ
618 3315 730 3374 οἷον
769 3321 1121 3392 εὐοσμοτάτῳ
1159 3321 1266 3374 τινὶ
1313 3319 1472 3392 μύρῳ
1516 3324 1630 3383 τοῖς
1674 3320 1825 3386 ἰδίοις

239 3412 648 3484 συγγράμμασι
699 3411 1114 3482 κατευφραίνων
1153 3411 1253 3483 τὴν
1303 3413 1394 3466 ὑπ’
1436 3412 1700 3483 οὐρανὸν,
1732 3413 1826 3466 καὶ

235 3505 330 3557 ἐπ’
361 3503 613 3575 ὀρθότητι
640 3503 733 3556 καὶ
757 3504 1012 3576 εὐσεϐείᾳ
1043 3511 1067 3538 °
1105 3503 1391 3574 δογμάτων
1424 3502 1574 3573 παρὰ
1607 3503 1826 3557 πάντων

240 3596 716 3668 μαρτυρούμενος,
741 3597 798 3649 τὲ
822 3613 888 3650 πε
898 3597 952 3667 ρὶ
978 3596 1078 3666 τῆς
1097 3595 1256 3663 ἁγίας
1284 3597 1415 3665 ἡμῖν
1432 3594 1826 3664 καὶόμοουσίου

238 3689 478 3759 Τριὰδος
506 3688 772 3752 συντιθεὶς
798 3688 1023 3758 βιϐλίον,
1068 3689 1126 3740 ἐν
1157 3687 1234 3756 τῷ
1263 3687 1431 3758 τρίτῳ
1456 3686 1619 3756 λόγῳ,
1639 3687 1751 3740 ἄνω
1767 3702 1826 3739 τε

239 3779 347 3830 καὶ
379 3778 529 3832 κάτω
565 3776 825 3831 Θεοτόκον
860 3777 1131 3831 ἀποκαλεῖ
1167 3779 1267 3848 τὴν
1318 3778 1482 3846 ἁγίαν
1525 3776 1822 3848 Παρθένον.

245 3869 603 3937 Κεχρήσομαι
631 3866 685 3920 δὲ
711 3869 827 3929 ταῖς
855 3867 1023 3920 αὑτοῦ
1044 3871 1249 3936 φωναῖς
1269 3868 1604 3934 ἀναγκαίως.
1633 3867 1826 3929 αὐταῖς

239 3960 454 4024 legsva
502 3959 753 4029 ἐχούσαις
800 3952 926 4012 ὧδεο
975 3977 993 4010 ι
1053 3959 1262 4022 Σκοπὸς
1306 3960 1489 4012 τοίνυν
1529 3951 1685 4020 οὗτος
1731 3959 1828 4011 καὶ

240 4053 538 4126 χαρακτὴρ
568 4053 668 4124 τῆς
698 4050 848 4114 θείας
877 4051 1123 4122 Γραφῆς,
1157 4052 1233 4116 ὡς
1279 4051 1541 4114 πολλάκις
1575 4052 1823 4122 εἴπομεν,

239 4143 442 4212 διπλῆν
474 4138 614 4195 εἶναι
659 4141 758 4211 τὴν
803 4141 931 4211 περὶ
968 4139 1062 4193 τοῦ
1098 4140 1347 4210 Σωτῆρος
1393 4138 1725 4207 ἐπαγγελίαν
1767 4139 1826 4190 ὲν

242 4237 386 4304 αὐτῇ
408 4249 422 4263 ·
449 4236 528 4286 ὅτι
551 4233 639 4286 ἁεί
660 4250 720 4285 τε
743 4232 873 4295 Θεὸς
898 4226 988 4302 ἦν,
1019 4230 1117 4284 καὶ
1146 4230 1292 4284 εστιν
1317 4233 1345 4283 6
1373 4230 1521 4293 Υἱὸς,
1557 4229 1728 4296 Λόγος
1750 4227 1827 4283 ὢν

244 4328 348 4380 καὶ
381 4325 720 4395 ἀπαύγασμα
755 4324 850 4377 καὶ
882 4323 1046 4394 σοφία
1077 4322 1172 4376 τοῦ
1215 4323 1464 4394 Πατρός·
1498 4322 1595 4375 καὶ
1621 4323 1705 4375 ὃτι
1727 4320 1824 4374 ὓσ-

2000 2221 2168 2277 Miror
2193 2221 2378 2292 itaque
2406 2221 2669 2291 majorem
2698 2217 2752 2274 in
2779 2221 3003 2275 modum
3027 2233 3148 2274 esse
3173 2219 3386 2290 aliquos
3408 2233 3526 2275 om-

1928 2314 2060 2369 nino
2087 2313 2181 2384 qui
2220 2323 2400 2368 utrum
2433 2327 2585 2367 sacra
2622 2312 2790 2382 Virgo
2814 2313 3047 2383 Deipara
3081 2311 3403 2382 appellanda
3429 2312 3521 2374 sit.

1927 2409 2089 2479 plane
2129 2407 2476 2462 addubitem.
2504 2405 2745 2471 Etenim,
2774 2406 2819 2459 si
2856 2405 3124 2460 Dominus
3159 2413 3346 2459 noster
3363 2404 3525 2459 Iesus

1927 2505 2181 2560 Christus
2218 2505 2366 2559 Deus
2408 2509 2514 2563 est,
2555 2515 2666 2569 quo
2693 2498 2914 2553 tandem
2947 2498 3113 2552 modo
3153 2513 3308 2553 sacra
3334 2497 3522 2569 Virgo.

1927 2611 2052 2666 qua).
2086 2596 2239 2650 illum
2268 2593 2463 2658 edidit,
2491 2592 2724 2662 Deipara
2755 2605 2866 2644 non
2894 2590 3148 2644 dicatur?
3178 2590 3330 2646 Hanc
3361 2591 3524 2645 fidem

1929 2688 2104 2744 divini
2127 2675 2390 2758 discipuli
2410 2685 2573 2740 nobis
2597 2683 2964 2746 tradiderunt,
2987 2681 3239 2752 quamvis
3261 2683 3419 2738 istius
3441 2681 3523 2737 di-

1930 2779 2131 2836 ctionis
2157 2794 2266 2833 non
2297 2775 2669 2832 meminerint.
2697 2774 2777 2828 Ad
2803 2774 2952 2828 hunc
2989 2772 3214 2827 modum
3255 2787 3286 2827 a
3319 2770 3522 2826 sanctis

1930 2872 2187 2928 Patribus
2208 2869 2445 2924 instituti
2480 2884 2691 2929 sumus.
2717 2866 3013 2923 Enimvero
3041 2865 3380 2936 percelebris
3402 2880 3520 2919 me-

1930 2965 2122 3019 morias
2162 2964 2326 3020 Pater
2366 2969 2555 3018 noster
2581 2953 2933 3022 Athanasius,
2965 2959 3060 3029 qui
3096 2966 3241 3012 totos
3281 2956 3519 3027 quadra-

1856 3081 1898 3138 c
1930 3057 2080 3127 ginta
2111 3071 2206 3111 sex
2234 3070 2408 3110 annos
2432 3053 2816 3110 Alexandrinae
2845 3051 3104 3106 Ecclesia:
3139 3049 3520 3121 pontiﬁcatum

1931 3148 2147 3219 egregia
2170 3161 2293 3202 cum
2317 3147 2478 3224 laude
2502 3146 2690 3216 gessit,
2720 3144 3154 3215 loquacibusque
3180 3143 3520 3212 impurorum

1930 3238 2376 3307 nefariorumque
2399 3237 2784 3292 hereticorum
2807 3235 3136 3291 commentis
3163 3234 3386 3298 invicta,
3408 3233 3528 3303 pla-

1932 3342 2112 3398 neque
2153 3326 2451 3398 apostolica
2486 3325 2754 3395 sapientia
2800 3325 3021 3387 restitit,
3058 3324 3262 3394 quique
3301 3323 3519 3394 scriptis

1933 3416 2048 3470 suis
2072 3415 2243 3470 veluti
2287 3413 2725 3485 fragrantissimo
2756 3413 2811 3486 4
2851 3414 3087 3484 quodam
3130 3421 3411 3485 unguento
3436 3423 3523 3468 to-

1934 3516 2047 3560 tum
2083 3505 2271 3561 orbem
2300 3505 2533 3560 miriﬁce
2573 3505 2860 3570 recreavit,
2893 3514 2950 3560 et
2987 3505 3074 3559 cui
3111 3505 3180 3561 de
3206 3505 3524 3577 dogmatum

1931 3597 2182 3652 absoluta
2231 3597 2544 3667 integritate
2579 3597 2817 3667 ﬁdeique
2849 3597 3400 3654 rectitudineomnes
3439 3609 3525 3654 te-

1931 3689 2252 3743 stimonium
2269 3688 2422 3753 dant,
2441 3689 2584 3742 libro
2601 3704 2764 3758 quem
2781 3689 2848 3743 de
2875 3699 3061 3744 sancta
3083 3698 3139 3744 et
3163 3691 3527 3746 consubstan-

1933 3776 2046 3830 tiali
2076 3777 2343 3832 Trinitate
2390 3779 2750 3849 conscripsit,
2791 3779 3041 3834 oratione
3085 3781 3246 3834 tertia
3268 3823 3282 3845 ,
3314 3796 3522 3837 sacram

1931 3869 2210 3940 Virginem
2253 3870 2454 3939 passim
2496 3871 2787 3942 Deiparam
2829 3872 3095 3926 nominat.
3134 3871 3312 3942 Cogor
3339 3883 3526 3928 autem

1938 3962 2068 4032 ipsis
2094 3962 2246 4018 illius
2277 3962 2463 4018 verbis
2487 3963 2593 4020 hoc
2621 3964 2744 4019 loco
2766 3962 2871 4028 uti,
2893 3979 3016 4035 qua:
3040 3965 3188 4019 hunc
3212 3965 3266 4018 in
3299 3965 3523 4021 modum

1934 4054 2173 4110 habent:
2216 4074 2234 4105 ε
2271 4055 2458 4125 Itaque
2491 4056 2694 4112 divinae
2722 4055 3020 4127 Scriptura
3046 4071 3247 4127 scopus
3285 4073 3349 4114 ac
3390 4058 3522 4113 cha-

1934 4157 2133 4208 racter.
2162 4157 2223 4203 ut
2252 4164 2394 4220 smpe
2424 4150 2762 4215 monuimus,
2792 4151 3063 4220 ejusmodi
3092 4161 3180 4207 est
3208 4161 3269 4207 ut
3313 4160 3525 4207 utrum-

1932 4254 2039 4308 que
2081 4239 2149 4293 de
2180 4238 2417 4296 Christo
2442 4240 2726 4296 Salvatore
2755 4251 2948 4296 nostro
2991 4243 3346 4312 pronuntiet;
3392 4253 3523 4314 puta

1932 4329 2104 4386 Deum
2149 4331 2305 4386 illum
2349 4346 2490 4396 esse,
2521 4340 2579 4386 et
2606 4348 2890 4403 nunquam
2922 4348 3033 4388 non
3064 4333 3172 4388 hoc
3205 4334 3385 4404 ipsum
3425 4351 3522 4390 ex—

241 4436 304 4472 τε
314 4435 408 4488 ρον
433 4418 496 4470 δι’
526 4419 674 4487 ἡμᾶς
711 4417 888 4487 σάρκα
909 4414 1092 4468 λαϐὼν
1116 4416 1181 4467 ὲκ
1203 4413 1482 4487 Παρθένου
1504 4414 1606 4483 τῆς
1632 4411 1823 4466 Θεοτὸ-

1932 4420 2161 4484 stitisse,
2182 4427 2243 4474 ut
2267 4419 2363 4489 qui
2387 4420 2570 4475 Patris
2594 4420 2666 4474 sit
2679 4420 2947 4485 Verbum,
2965 4419 3323 4491 ejusdemque
3345 4420 3528 4490 splen—

245 4528 351 4564 νου
394 4509 646 4581 Μαρίας,
682 4508 967 4580 ἄνθρωπος
1017 4507 1226 4576 γέγονε.
1279 4525 1298 4556 ι
1346 4507 1452 4560 Καὶ
1497 4507 1615 4576 μεθ’
1666 4506 1827 4576 ’ἐτερα

247 4603 442 4657 πάλιψ
485 4621 501 4651 ι
550 4601 743 4656 Πολλοὶ¹
778 4600 909 4668 γοῦν
952 4600 1094 4668 ἆγιοι
1125 4598 1407 4668 γεγόνασι,
1453 4599 1549 4650 καὶ
1597 4596 1831 4667 καθαροὶ

247 4695 434 4760 πάσης
476 4693 773 4764 ἁμαρτίας.
818 4693 1089 4762 Ἱερεμίας
1119 4691 1177 4745 δὲ
1204 4691 1299 4744 καὶ
1345 4691 1410 4743 ὲκ
1435 4689 1642 4753 κοιλίας
1669 4687 1830 4758 ἡγιά-

246 4785 378 4856 σθη,
417 4786 512 4838 καὶ
553 4785 805 4854 Ἰωάννης
829 4783 910 4836 ἔτι
957 4782 1400 4852 κυοφορούμενος
1425 4782 1752 4850 ἐσκίρτησεν
1774 4781 1832 4833 ὲν

245 4878 568 4946 ἀγαλλιάσει
607 4877 701 4928 ἐπὶ
748 4877 814 4946 τῇ
854 4879 1006 4947 φωνῇ
1058 4875 1158 4944 τῆς
1201 4873 1464 4927 Θεοτὸκου
1516 4872 1757 4943 Μαρίας.
1806 4889 1826 4924 ι

260 4967 584 5037 ’Δξιόχρεως
614 4967 710 5036 μὲν
734 4960 828 5018 οὖν
847 4966 876 5018 ὁ
907 4965 1067 5036 ἀνὴρ,
1098 4964 1192 5017 καὶ
1225 4962 1548 5034 θαρσεῖσθαι
1580 4961 1830 5033 πρέπων,

244 5060 330 5123 ὡς
351 5059 452 5112 οὐκ
475 5058 540 5112 ἂν
572 5059 677 5129 ἔφη
708 5074 762 5110 τι
804 5055 914 5110 τῶν
952 5057 1054 5109 ὅσα
1090 5054 1165 5127 μὴ
1209 5055 1325 5108 ἔστι
1357 5057 1468 5117 τοῖς
1497 5055 1659 5124 ἱεροῖς
1689 5071 1831 5123 συμ-

246 5151 508 5206 ϐαίνοντα
534 5149 748 5218 Λόγοις.
781 5147 902 5211 Πῶς
945 5145 1054 5217 γὰρ
1084 5146 1150 5200 ἂν
1195 5146 1433 5216 ἁμάρτοι
1459 5144 1508 5198 τ’
1542 5143 1777 5215 ἀληθοῦς
1804 5145 1834 5196 6

246 5247 505 5316 λαμπρὸς
536 5244 682 5300 οὕτω
719 5243 815 5298 καὶ
845 5243 1151 5313 διαϐόητος,
1194 5243 1288 5295 καὶ
1327 5243 1386 5294 ὲν
1413 5241 1550 5311 αὐτῇ
1585 5239 1714 5311 ἁγίᾳ
1740 5239 1836 5293 καὶ

249 5339 466 5414 μεγάλῃ
500 5337 725 5409 συνόδῳ,
760 5338 824 5406 τῇ
867 5336 925 5388 ὲν
960 5334 1166 5405 Νικαίᾳ
1205 5333 1371 5404 φημὶ,
1419 5332 1562 5386 κατὰ
1608 5331 1835 5401 καιροὺς

315 5510 337 5541 ⁸
364 5507 528 5563 Hebr.
553 5521 591 5567 l,
616 5504 680 5565 3;
734 5501 754 5554 1
796 5500 919 5554 Cor.
950 5501 1102 5556 1.3L

1933 4510 2034 4565 dor
2054 4517 2110 4564 et
2139 4509 2405 4578 sapientia
2427 4509 2449 4541 ⁸
2477 4529 2489 4562 :
2519 4517 2634 4564 tum
2672 4510 2929 4565 eumdem
2956 4526 3178 4565 rursum
3206 4509 3527 4565 novissimis

1929 4603 2081 4658 hisce
2113 4602 2457 4672 temporibus
2483 4616 2717 4672 corpore
2741 4618 2810 4656 ex
2847 4602 3084 4671 Deipara
3112 4601 3326 4672 virgine
3356 4599 3527 4656 Maria

1930 4698 2171 4762 sumpto,
2205 4690 2382 4744 nostri
2423 4705 2591 4745 causa
2632 4690 2914 4746 hominem
2956 4691 3167 4746 factum
3212 4705 3355 4746 esse.
3406 4709 3424 4741 ι
3457 4690 3528 4747 Et

1929 4781 2212 4837 nonnullis
2231 4782 2538 4852 interjectis
2555 4783 2790 4837 iterum:
2821 4802 2839 4833 ι
2862 4782 3016 4837 Multi
3037 4785 3300 4840 exstitere
3325 4785 3527 4849 sancti,

1931 4880 1988 4927 et
2019 4873 2090 4928 ab
2115 4872 2266 4928 omni
2299 4883 2528 4942 peccato
2557 4873 2853 4930 immunes.
2885 4863 3022 4929 Nam
3061 4883 3119 4929 et
3150 4875 3419 4931 Jeremias
3458 4874 3530 4930 de

1933 4972 2186 5018 materno
2221 4971 2381 5018 utero
2432 4963 2807 5042 sanctiﬁcatus
2828 4973 2913 5020 est
2936 4966 2956 4996 °
2981 4983 2993 5018 :
3020 4972 3076 5019 et
3099 4964 3337 5020 Joannes
3358 4964 3414 5018 in
3438 4964 3527 5018 lu-

1935 5072 2054 5112 cem
2077 5054 2324 5111 nondum
2353 5055 2557 5120 editus,
2588 5072 2722 5112 voce
2752 5057 2999 5126 Deiparze
3027 5056 3213 5111 Mariae
3242 5063 3526 5126 percepta.

1934 5147 2282 5204 laetabundus
2309 5148 2514 5203 exsiliit
2536 5150 2607 5202 ⁷.»
2639 5147 2780 5204 Sane
2814 5148 3048 5204 idoneus
3070 5157 3155 5203 est
3182 5149 3274 5204 hic
3301 5148 3409 5212 vir,
3435 5162 3531 5218 ap-

1933 5240 2247 5310 primeque'
2274 5237 2477 5310 dignus
2524 5241 2615 5294 cui
2668 5241 2942 5311 intrepide
2983 5241 3148 5296 ﬁdem
3196 5240 3525 5311 adjungere.

1935 5346 2210 5402 quemque
2248 5340 2369 5386 tuto
2400 5333 2555 5401 sequi
2583 5333 2765 5395 liceat,
2798 5345 2859 5388 ut
2897 5333 2990 5404 qui
3026 5333 3166 5390 nihil
3207 5331 3528 5404 protulisset

1183 5500 1202 5530 ⁸
1224 5497 1425 5553 Jerem.
1459 5513 1497 5560 ι,
1517 5497 1570 5552 5.
1632 5497 1652 5526 ⁷
1679 5497 1810 5551 Luc.
1836 5513 1873 5560 ι,
1902 5496 1988 5551 εΗ.

1346 5638 1520 5692 Variae
1550 5634 1816 5689 lectiones
1835 5635 2040 5690 codicis
2063 5635 2426 5705 Seguieriani.

327 5790 685 5864 ινοημάτων.
768 5784 983 5836 lli-ina.
1063 5779 1401 5844 ιιὰντεξετάι,
1473 5794 1577 5840 τε,.

1661 5785 1683 5812 °
1711 5774 1986 5847 ἀκριϐείᾳ.
