4116 6318
707 343 776 400 ἔό
1724 341 1779 396 S.
1820 340 2092 395 CYRILLI
2133 338 2603 396 ALEXANDle
2642 339 2960 397 ARCHIEP.
3913 340 3998 391 it;

704 453 848 528 quod
899 469 929 508 ι
983 452 1184 509 divinis
1217 452 1719 510 Litteris-alienum
1761 463 1925 510 esset.
1970 453 2089 520 Quo
2128 453 2254 507 enin

2384 455 2878 527 συναγηγερμένῃ,
2947 455 3084 524 πρὸς
3145 454 3400 507 ἁπάντων
3466 451 3991 524 τεθαυμασμένος;

700 555 857 617 pacto
889 545 1120 601 illustris
1151 545 1240 602 ille
1270 547 1686 618 celebratusque
1709 547 1888 611 Pater,
1915 547 2007 617 qui
2033 546 2088 599 in
2117 560 2271 600 sacra

698 637 789 694 illa
823 651 1125 708 magnaque
1156 635 1362 707 synodo
1394 635 1613 692 Nicena
1640 637 1697 690 in
1723 644 1874 690 tanta
1900 634 2146 690 omnium
2170 635 2268 690 ad-

697 730 988 786 miratione
1017 729 1237 785 habitus
1258 737 1359 793 est,
1385 744 1416 783 a
1440 728 1686 783 veritatis
1712 727 1928 783 tramite
1955 727 2272 783 aberraret?

696 823 830 881 Nam
869 825 972 880 etsi
1012 838 1110 895 per
1151 821 1207 876 id
1235 832 1452 892 tempus
1491 819 1734 891 episcopi
1781 833 1982 874 munus
2025 817 2268 875 nondum

696 916 1011 980 sustineret,
1029 913 1122 969 sed
1147 914 1290 968 inter
1311 912 1539 967 clericos
1557 912 1856 967 etiamnum
1874 909 2117 981 degeret,
2136 919 2272 966 atta-

694 1027 820 1067 men
851 1018 1075 1080 propter
1105 1007 1418 1078 praclaram
1453 1003 1714 1069 indolem,
1745 1003 2125 1075 insignemque
2147 1003 2272 1058 vitae

691 1100 1040 1175 probitatem,
1069 1109 1124 1154 et
1149 1097 1408 1153 subtilem
1445 1112 1507 1152 ac
1545 1095 2030 1165 incomparabilem
2071 1094 2272 1150 mentis

691 1192 1104 1266 perspicaciam,
1133 1205 1163 1244 a
1190 1190 1361 1246 beatae
1385 1188 1662 1244 memoriae
1682 1188 1940 1258 episcopo
1964 1188 2270 1242 Alexandro

2381 547 2546 600 Οὐπω
2576 548 2673 616 μὲν
2697 547 2806 617 γὰρ
2842 547 2933 599 τὸν
2954 545 3056 616 τῆς
3085 545 3389 614 ὲπισκοπῆς
3409 543 3582 598 διεῖπε
3605 543 3820 615 θρόνον,
3851 541 3993 595 hd-

2379 638 2461 691 λει
2501 637 2559 691 δὲ
2600 637 2802 709 μᾶλλον
2833 639 2890 690 έν
2937 637 3248 709 κληρικοῖς,
3281 635 3420 707 πλὴν
3453 634 3735 706 ἀγχινοίας
3772 633 3986 697 ἓνεκα,

2380 731 2474 784 καὶ
2503 731 2602 801 τῆς
2624 730 2792 801 ἄλλης
2819 730 3144 793 ὲπιεικείας,
3165 730 3259 784 καὶ
3282 727 3468 800 ίσχνῆς
3498 727 3638 796 ἁγαν
3662 726 3760 781 καὶ
3788 725 3988 794 ἁσυγο

2379 823 2568 894 κρίτοι)
2617 823 2846 895 φρενὸς,
2879 821 3207 893 παρελήφθη
3251 821 3352 892 μὲν
3390 818 3642 891 τηνικάδε
3681 817 3840 890 παρὰ
3869 814 3982 871 τοῦ

2368 915 2469 984 τῆς
2518 915 2796 985 μακαρίας
2851 915 3075 985 μνήμης
3119 913 3469 983 Ἀλεξάνδρου
3499 911 3593 965 τοῦ
3626 909 3975 964 ἐπισκόπου.

2368 1003 2541 1075 Συνῆν
2571 1005 2626 1058 δὲ
2652 1003 2729 1075 τῷ
2759 1003 3037 1075 πρεσϐύτῃ
3089 998 3177 1058 οἷά
3202 1020 3309 1074 περ
3333 1003 3446 1065 υίὸς
3475 999 3668 1070 πατρὶ,
3700 997 3979 1068 ποδηγῶν

2367 1095 2445 1157 εἰς
2485 1094 2692 1148 ἕκαστα
2721 1095 2833 1150 τῶν
2877 1095 3184 1167 χρησίμων,
3217 1095 3312 1148 καὶ
3354 1095 3455 1165 τὴν
3482 1095 3566 1162 ἐφ’
3595 1091 3815 1161 ἑκάστῳ
3850 1089 3978 1144 τῶν

2367 1183 2900 1274 πρακτέωνρὃνιεῦ
2925 1187 3072 1258 μάλα
3103 1184 3487 1254 παραδεικνύς.

691 1284 758 1339 ad
799 1283 1064 1354 synodum
1103 1297 1288 1337 comes
1331 1280 1536 1336 ascitus
1574 1289 1677 1337 est.
1719 1280 2053 1334 Versabatur
2086 1289 2271 1336 autem
2309 1295 2431 1335 cum
2456 1295 2586 1335 sene
2617 1273 2875 1351 tanquam
2911 1280 3056 1335 illius
3086 1294 3210 1334 cum
3237 1286 3414 1349 patre,
3475 1278 3543 1333 ad
3571 1277 3791 1349 quidvis
3845 1273 3976 1331 uti-

691 1381 816 1436 liter
846 1377 1246 1434 conﬁciendum
1278 1392 1398 1432 sese
1432 1377 1626 1432 ducem
1658 1376 1926 1446 praebens,
1957 1391 2173 1429 necnon
2213 1376 2267 1430 in
2307 1375 2563 1432 omnibus
2593 1392 2713 1446 quae
2741 1375 2994 1431 obeunda
3059 1375 3270 1438 forent,
3306 1372 3655 1428 commodum
3699 1371 3806 1426 iter
3866 1383 3973 1424 os-

691 1476 938 1531 tendens.

760 1569 962 1624 Verum
1019 1568 1147 1639 quia
1198 1568 1498 1624 verisimile
1547 1576 1632 1624 est
1679 1582 1789 1622 non
1838 1567 2130 1622 defuturos
2172 1567 2262 1621 hic

688 1660 954 1732 quosdam
1002 1661 1095 1730 qui
1123 1676 1191 1714 ex
1220 1676 1372 1714 sacra
1395 1675 1613 1730 quoque
1656 1658 1951 1728 divinaque
1973 1657 2260 1727 Scriptura

687 1767 753 1806 ea
805 1767 928 1823 qum
969 1751 1078 1806 hoc
1104 1751 1224 1805 loco
1274 1759 1482 1805 asserta
1525 1758 1654 1804 sunt
1699 1749 2107 1804 corroboranda
2141 1763 2261 1804 esse

688 1842 1125 1906 existimabunt;
1195 1841 1442 1896 dicturos
1492 1850 1758 1912 praeterea
1814 1850 2056 1896 sanctam
2110 1840 2258 1894 illam

2451 1567 2674 1637 Ἐπειδὴ
2717 1565 2774 1618 δέ
2816 1581 2970 1626 τινας
3013 1563 3161 1628 είκὸς
3191 1563 3301 1617 δεῖν
3349 1565 3447 1633 μὲν
3487 1562 3695 1617 οἴεσθαι
3735 1561 3829 1615 τὸν
3862 1561 3971 1614 ἐπὶ

2369 1661 2574 1723 τούτοις
2601 1660 2732 1728 ἡμῖν
2760 1655 3130 1728 ὲμπεδοῦσθαι
3171 1655 3328 1723 λόγον
3355 1655 3449 1708 ἀπ’
3480 1656 3650 1726 αὐτῆς
3673 1655 3773 1722 τῆς
3797 1653 3968 1723 ἱερᾶς

2369 1754 2461 1808 καὶ
2490 1750 2848 1807 θεοπνεύστου
2882 1750 3138 1820 Γραφῆς,
3166 1748 3334 1816 φάναι
3362 1765 3422 1801 τε
3463 1745 3598 1814 πρὸς
3630 1744 3829 1814 τούτῳ,
3853 1743 3968 1815 τὴν

2374 1842 2542 1909 ἁγίαν
2578 1842 2796 1911 ἐκείνην
2829 1840 2923 1894 καὶ
2949 1837 3192 1909 μεγάλην
3240 1836 3457 1890 σύνοδον
3509 1836 3645 1906 μήτε
3685 1831 3968 1887 Θεοτόκον

688 1946 1051 2004 magnamque
1129 1930 1398 2001 synodum
1480 1946 1661 2002 neque
1729 1931 1949 1986 Domini
2025 1939 2254 1986 matrem

2362 1936 2537 1989 εἰπεῖν
2565 1934 2664 2005 τὴν
2686 1933 2780 1986 τοῦ
2807 1931 3016 2003 Κυρίου
3048 1930 3278 2002 μητέρα,
3306 1931 3442 2002 μήτε
3467 1927 3572 2000 μὴν
3607 1926 3746 1990 ὅλως
3765 1925 3967 1997 ὁρίσαι

686 2023 973 2093 Deiparam
999 2037 1230 2093 usquam
1255 2023 1582 2092 appellasse,
1608 2038 1789 2093 neque
1813 2023 2112 2093 quidquam
2138 2037 2259 2077 om-

685 2118 817 2172 nino
866 2132 1032 2188 super
1070 2131 1134 2172 ea
1185 2132 1246 2171 re
1278 2115 1585 2171 decrevisse
1639 2133 1650 2167 :
1698 2130 1796 2184 age
1833 2129 2070 2185 quonam
2098 2123 2262 2185 pacto

683 2225 945 2264 arcanum
1001 2207 1138 2264 illud
1190 2206 1510 2263 (economiae
1553 2205 1758 2260 Christi
1793 2206 2112 2278 mysterium
2161 2221 2260 2276 per

684 2303 898 2358 divinas
929 2315 1150 2372 quoque
1179 2298 1414 2354 Litteras
1440 2297 1796 2368 praedicatum
1829 2298 1920 2362 sit,
1969 2312 2070 2368 pro
2111 2297 2256 2351 virili

685 2401 839 2463 parte
865 2392 1090 2463 planum
1132 2389 1398 2445 faciamus
1431 2407 1443 2442 :
1476 2399 1590 2442 tum
1621 2388 1753 2458 quid
1775 2388 1876 2457 ipsi
1900 2403 2119 2458 quoque
2152 2389 2252 2442 Pa-

686 2496 820 2549 tres,
855 2484 948 2555 qui
982 2483 1192 2554 Spiritu
1221 2490 1430 2546 saneto,
1463 2496 1532 2536 ne
1563 2497 1594 2536 a
1625 2495 1758 2535 vero
1787 2480 2135 2535 discederent
2173 2480 2254 2534 af-

684 2577 817 2642 ﬂati,
849 2591 958 2630 non
983 2575 1130 2630 enim
1153 2574 1258 2645 ipsi
1280 2574 1330 2644 5
1350 2572 1736 2643 loquebantur,
1773 2572 1866 2626 sed
1891 2571 2108 2626 Christo
2138 2571 2255 2625 Sal-

681 2679 871 2722 vatore
924 2675 1116 2722 nostro
1154 2674 1408 2728 testante,
1455 2663 1692 2733 Spiritus
1721 2663 1816 2717 Dei
1845 2671 1902 2717 et
1933 2662 2110 2716 Patris
2139 2669 2257 2716 erat

681 2760 776 2828 qui
805 2759 864 2812 in
889 2759 1022 2828 ipsis
1043 2755 1428 2827 loquebatur',
1457 2756 1682 2810 sincerae
1705 2755 2102 2823 inculpataeque
2129 2753 2255 2808 ﬁdei

683 2866 950 2906 ranonem
997 2849 1312 2913 ediderunt,
1343 2863 1407 2902 ea
1437 2846 1504 2902 de
1533 2862 1592 2901 re
1618 2846 2122 2916 pronuntiaverint,
2158 2861 2254 2899 ex-

675 2958 970 3013 pcnamus.
1025 2940 1175 2996 Istud
1222 2949 1405 2995 autem
1448 2938 1834 3010 percommode
1880 2939 1992 3002 ﬁet,
2029 2938 2072 2992 si
2098 2938 2255 2993 illum

684 3037 885 3106 ipsum,
917 3033 1011 3105 qui
1039 3049 1106 3088 ex
1139 3047 1294 3087 sacra
1323 3032 1546 3102 Virgine
1569 3031 1889 3101 progenitus
1918 3041 2021 3094 est,
2059 3038 2255 3085 natura

683 3130 854 3183 Deum
904 3141 1025 3181 esse
1081 3124 1487 3180 demonstretur
1523 3140 1534 3175 :
1569 3122 1674 3176 hoc
1698 3137 1933 3191 namque
1967 3136 2245 3176 common-

683 3229 874 3282 strato,
923 3216 1200 3270 neminem
1229 3229 1455 3286 prorsus
1494 3213 1876 3268 dubitaturum
1901 3213 2156 3267 existimo
2185 3214 2253 3268 de

2361 2043 2414 2079 τι
2442 2024 2680 2080 τοιοῦτον
2701 2040 2714 2054 ·
2742 2023 2874 2094 φέρε
2892 2023 2979 2092 δὴ,
3005 2022 3138 2094 φέρε
3157 2022 3252 2075 καὶ
3277 2021 3394 2086 νῦν,
3419 2020 3494 2083 ὼς
3531 2018 3634 2083 ενι,
3658 2015 3966 2071 καταδεικ-

2361 2119 2576 2188 νύωμεν
2595 2118 2694 2186 τῆς
2717 2119 2774 2169 έν
2797 2114 3017 2185 Χριστῷ
3043 2126 3070 2164 P
3091 2113 3387 2184 νοουμένης
3416 2109 3727 2180 οἰκονομίας
3752 2108 3818 2164 τὸ
3843 2126 3961 2182 μυ-

2362 2210 2582 2280 στήριον
2619 2208 2741 2261 τίνα
2785 2208 2884 2278 μὲν
2912 2207 3114 2278 τρόπον
3147 2205 3301 2276 παρὰ
3317 2208 3415 2274 τῆς
3446 2204 3596 2267 Θείας
3619 2204 3753 2274 ἡμῖν
3779 2201 3964 2275 κεκή-

2362 2319 2557 2374 ρυκται
2582 2300 2824 2371 Γραφῆς,
2859 2300 2994 2353 τίδὲ
3024 2303 3119 2352 καὶ
3152 2297 3306 2352 αὐτοὶ
3349 2297 3713 2368 λελαλήκασιν
3748 2295 3801 2348 οἱ
3829 2294 3956 2349 Πα-

2357 2394 2534 2463 τέρες,
2567 2392 2657 2444 τὸν
2688 2394 2791 2460 τῆς
2815 2392 3120 2465 ἀμωμήτου
3156 2390 3397 2452 πίστεως
3433 2389 3559 2460 ὅρον
3593 2386 3958 2458 ἐκφέροντες,

2357 2482 2678 2552 ὲνηχοῦντος
2705 2483 2890 2544 αὐτοῖς
2917 2482 3148 2550 τάληθὲς
3171 2480 3264 2533 τοῦ
3294 2480 3452 2548 ἁγίου
3489 2479 3811 2550 Πνεύματος
3835 2494 3850 2508 ⁸
3885 2476 3956 2531 οὐ

2358 2577 2465 2648 γάρ
2488 2573 2630 2647 ἦσαν
2656 2579 2703 2629 οἱ
2737 2575 3024 2638 λαλοῦντες
3058 2573 3234 2636 αὐτοὶ,
3265 2574 3406 2628 κατὰ
3434 2575 3532 2643 τὴν
3561 2572 3657 2626 τοῦ
3684 2570 3957 2641 Σωτῆρος

2361 2668 2565 2737 φωνὴν,
2594 2667 2731 2721 ἀλλὰ
2751 2668 2857 2720 «Τὸ
2883 2665 3108 2736 Πνεῦμα
3136 2666 3230 2719 τοῦ
3247 2665 3383 2719 Θεοῦ
3403 2665 3496 2719 καὶ
3520 2663 3737 2734 Πατρὸς
3765 2661 3828 2715 τὸ
3849 2661 3956 2715 λα-

2356 2759 2482 2812 λοῦν
2515 2761 2570 2811 ὲν
2598 2759 2805 2822 αὐτοῖς.
2822 2777 2841 2810 ι
2861 2757 3341 2827 Ἀποδεδειγμένου
3372 2756 3480 2827 γὰρ
3507 2754 3679 2819 οὕτως
3702 2755 3784 2808 ὅτι
3811 2752 3956 2817 Θεὸς

2356 2849 2497 2901 κατά
2534 2848 2693 2916 φύσιν
2728 2848 2874 2901 ἐστὶν
2904 2849 2933 2901 ὁ
2961 2849 3025 2900 ὲκ
3050 2847 3148 2917 τῆς
3174 2847 3336 2916 ἁγίας
3364 2845 3644 2918 Παρθένου
3680 2860 3953 2914 γεγεννη-

2359 2941 2539 3010 μένος,
2581 2942 2938 3011 κατοκνήσειν
2975 2935 3130 3010 οἶμαι
3172 2939 3454 3003 παντελῶς
3483 2938 3677 2993 οὐδένα
3707 2938 3846 3010 πρός
3877 2953 3948 3005 γε

2355 3032 2414 3085 τὸ
2444 3033 2641 3103 χρῆναι
2666 3035 2808 3086 νοεῖν
2833 3033 2930 3084 καὶ
2959 3031 3064 3102 μὴν
3089 3033 3184 3085 καὶ
3226 3032 3453 3109 φράσαι,
3479 3032 3562 3085 ὅτι
3588 3030 3852 3092 Θεοτόκος
3877 3028 3948 3083 ἂν

2354 3123 2566 3191 λέγοιτο
2593 3125 2682 3178 καὶ
2715 3124 2859 3194 μάλα
2878 3123 3291 3192 είκὰτως.”Εχει
3322 3123 3378 3177 δὲ
3404 3123 3577 3187 οὕτως
3600 3123 3732 3195 ἡμῖν
3753 3121 3813 3176 τὸ
3842 3121 3949 3191 τῆς

2357 3216 2593 3278 πίστεως
2619 3215 2684 3267 σύ
2693 3214 2908 3282 μϐολον.

680 3312 924 3381 Virgine,
955 3309 1088 3380 quin
1115 3308 1473 3364 habendailla
1499 3309 1589 3373 sit,
1613 3317 1670 3363 et
1691 3309 2010 3377 appellanda
2033 3325 2252 3378 quoque
2291 3311 2556 3380 Deipara;
2587 3321 2643 3366 et
2669 3313 2792 3381 jure
2819 3312 3043 3381 quidem
3070 3312 3300 3382 optimo.
3329 3311 3501 3381 igitur
3556 3309 3684 3364 ﬁdei
3737 3318 3948 3364 nostra

680 3413 993 3484 symbolum
1024 3409 1172 3463 hunc
1199 3407 1255 3462 in
1279 3406 1505 3461 modum
1533 3406 1718 3461 habet.

745 3501 926 3555 Credo
948 3500 1002 3553 in
1024 3513 1193 3552 unum
1218 3497 1412 3555 Deum,
1443 3496 1660 3550 Patrem
1683 3497 2136 3566 omnipotentem,
2163 3497 2246 3550 vi-

2426 3497 2676 3550 Πιστεύω
2729 3499 2808 3555 είς
2851 3497 2947 3550 ἕνα
2989 3497 3161 3562 Θεὸν,
3216 3496 3438 3565 Πατέρα
3475 3495 3894 3565 παντοκράτορα
3921 3534 3940 3559 ,

679 3593 923 3648 aibilium
970 3589 1216 3645 omnium
1265 3597 1321 3643 et
1370 3587 1730 3641 invisibilium
1776 3587 2059 3642 factorem.
2096 3589 2163 3643 Et
2192 3588 2249 3642 in

679 3700 849 3740 unum
901 3683 1192 3738 Dominum
1219 3680 1405 3735 Jesum
1432 3678 1733 3744 Christum,
1766 3681 1963 3736 Filium
1997 3682 2092 3736 Dei
2123 3682 2248 3735 uni-

677 3775 944 3845 genitum,
996 3789 1062 3827 ex
1093 3772 1275 3836 Patre,
1315 3771 1418 3825 hoc
1446 3779 1547 3835 est,
1586 3787 1651 3824 ex
1693 3772 1871 3826 Patris
1895 3772 2131 3827 essentia
2158 3788 2254 3825 na-

682 3879 828 3932 tum;
859 3868 1030 3922 Deum
1059 3865 1126 3918 de
1146 3864 1277 3927 Deo,
1308 3865 1493 3918 lumen
1519 3863 1585 3918 de
1606 3864 1836 3927 lumine,
1866 3865 2039 3918 Deum
2059 3879 2249 3917 verum

679 3960 747 4014 de
770 3958 879 4012 Deo
896 3971 1048 4018 vero,
1070 3955 1335 4025 genitum,
1361 3971 1470 4008 non
1488 3955 1713 4020 factum,
1729 3955 2249 4010 consubstantialem

675 4048 866 4112 Patri;
916 4063 1015 4117 per
1039 4062 1200 4116 quem
1228 4047 1410 4101 omnia
1435 4047 1574 4101 facta
1596 4055 1742 4109 sunt,
1776 4056 1832 4101 et
1861 4063 1982 4117 qua:
2008 4048 2061 4100 in
2087 4048 2248 4110 cmlo,

675 4150 731 4198 et
788 4155 911 4210 qua
949 4138 1002 4194 in
1053 4148 1202 4193 terra
1248 4146 1392 4192 sunt.
1449 4138 1550 4204 Qui
1595 4148 1816 4208 propter
1842 4154 1942 4193 nos
1977 4138 2249 4202 homines,

678 4241 734 4287 et
793 4241 1020 4303 propter
1092 4239 1336 4285 nostram
1390 4231 1619 4285 salutem
1673 4230 1996 4294 descendit,
2053 4241 2108 4284 et
2165 4231 2249 4285 in-

679 4333 936 4380 carnatus
995 4331 1116 4383 est,
1173 4331 1229 4375 ct
1278 4322 1442 4376 homo
1496 4321 1671 4376 factus
1712 4331 1835 4382 est,
1896 4338 2090 4392 passus
2134 4333 2246 4387 est,

676 4424 730 4467 et
781 4411 938 4467 tertia
985 4412 1073 4465 die
1126 4412 1447 4466 resurrexit.
1521 4411 1590 4466 Et
1637 4413 1884 4468 ascendit
1929 4414 1982 4467 in
2034 4415 2248 4478 caelos;

675 4507 769 4575 qui
819 4512 1088 4558 venturus
1109 4510 1193 4558 est
1221 4501 1288 4557 ad
1324 4502 1683 4572 iudicandum
1718 4504 1872 4558 vivos
1900 4513 1954 4558 et
1980 4513 2244 4559 mortuos.

674 4599 743 4653 Et
774 4597 829 4650 in
863 4594 1131 4664 Spiritum
1164 4603 1432 4649 sanctum.

737 4688 908 4741 Porro
957 4687 1245 4740 haereseon
1273 4685 1607 4752 inventores,
1669 4702 1794 4742 cum
1828 4687 2091 4757 sibiipsis,
2133 4697 2248 4742 tum

676 4778 891 4834 caeteris
921 4791 1141 4846 quoque
1165 4775 1317 4830 exitii
1341 4776 1662 4831 barathrum
1690 4778 2023 4846 aperientes,
2052 4777 2104 4832 in
2129 4794 2250 4833 eam

2352 3588 2581 3658 ποιητὴν
2635 3587 2854 3641 πάντων
2895 3588 3105 3657 ὁρατῶν
3142 3606 3201 3641 τε
3251 3589 3345 3641 καὶ
3391 3587 3679 3660 ἀοράτων,
3715 3587 3808 3640 καὶ
3858 3589 3941 3650 είς

2350 3680 2446 3732 ἕνα
2497 3680 2701 3749 Κύριον
2760 3680 2968 3746 Ἰησοῦν
3005 3679 3259 3748 Χριστὸν,
3319 3679 3408 3732 τὸν
3453 3678 3583 3731 Υίὸν
3629 3677 3723 3731 τοῦ
3776 3677 3938 3742 Θεοῦ,

2351 3771 2682 3841 γεννηθέντα
2727 3773 2790 3824 ὲκ
2823 3771 2916 3823 τοῦ
2955 3771 3167 3840 Πατρὸς
3216 3771 3514 3842 μονογενῆ,
3549 3771 3826 3824 τουτέστιν
3873 3773 3939 3823 ἐκ

2349 3864 2449 3932 τῆς
2496 3863 2684 3925 οὐσίας
2727 3861 2926 3915 αὐτοῦ·
2966 3862 3099 3916 Θεὸν
3132 3865 3198 3917 ἐκ
3247 3863 3402 3928 θεοῦ,
3456 3863 3570 3932 φῶς
3625 3865 3689 3915 ὲκ
3725 3863 3934 3932 φωτὸς,

2351 3954 2483 4007 Θεὸν
2528 3954 2784 4025 ἀληθινὸν
2815 3957 2880 4010 ἐκ
2932 3955 3069 4009 Θεοῦ
3121 3956 3376 4025 ἀληθινοῦ
3403 3997 3417 4020 ,
3473 3955 3802 4028 γεννηθέντα
3825 3997 3840 4023 ,
3870 3957 3936 4012 οὐ

2352 4042 2685 4114 ποιηθέντα,
2721 4045 3003 4115 ὁμοούσιον
3042 4046 3121 4115 τῷ
3166 4047 3370 4117 Πατρὶ,
3425 4047 3491 4101 δι’
3536 4040 3599 4100 οὐ
3646 4047 3716 4100 τὰ
3758 4048 3935 4102 πάντα

2352 4136 2589 4203 ἐγένετο,
2622 4138 2689 4190 τά
2727 4155 2785 4189 τε
2820 4138 2878 4190 ὲν
2914 4137 2992 4207 τῷ
3032 4137 3248 4210 οὐρανῷ
3276 4139 3371 4191 καὶ
3417 4139 3488 4192 τὰ
3520 4141 3578 4193 ὲν
3608 4142 3674 4211 τῇ
3709 4143 3808 4211 γῇο
3839 4139 3932 4195 τὸν

2350 4226 2416 4280 δι’
2457 4229 2601 4296 ἡμᾶς
2634 4228 2760 4291 τοὺς
2786 4227 3107 4298 ἀνθρώπους
3124 4267 3139 4291 ,
3162 4229 3257 4283 καὶ
3283 4229 3372 4282 διὰ
3397 4229 3493 4301 τὴν
3515 4231 3792 4301 ἡμετέραν
3825 4246 3930 4284 σω-

2349 4319 2546 4388 τηρίαν
2576 4317 2939 4382 κατελθόντα,
2989 4320 3336 4389 σαρκωθέντα
3363 4362 3377 4385 ,
3414 4321 3926 4392 ὲνανθρωπήσαντα,

2351 4406 2610 4474 παθόντα,
2637 4408 2732 4460 καὶ
2757 4407 3070 4462 ἀναστάντα
3096 4413 3160 4480 τῇ
3194 4410 3352 4482 τρίτῃ
3381 4411 3563 4482 ἡμέρᾳ
3580 4451 3594 4476 ,
3643 4412 3930 4467 ἀνελθόντα

2351 4505 2432 4566 είς
2459 4504 2584 4566 τοὺς
2618 4503 2901 4573 οὐρανοὺς,
2935 4505 3228 4576 ἐρχόμενον
3254 4508 3437 4576 κρῖναι
3469 4504 3680 4570 ζῶντας
3711 4506 3801 4561 καί
3831 4524 3930 4560 νε-

2350 4591 2521 4663 κρούς
2539 4608 2556 4624 °
2583 4594 2678 4647 καὶ
2711 4595 2790 4657 είς
2818 4594 2879 4647 τὸ
2904 4594 3059 4662 ἅγιον
3082 4594 3329 4665 Πνεῦμα.

2424 4686 2488 4739 Οἱ
2526 4685 2625 4755 μὲν
2652 4685 2761 4756 γάρ
2790 4686 2903 4739 τῶν
2941 4687 3211 4758 αἱρέσεων
3258 4687 3500 4758 εὑρεταὶ,
3535 4688 3662 4752 τοὺς
3703 4689 3800 4760 τῆς
3825 4691 3928 4744 άπ-

2353 4776 2544 4840 ωλείας
2568 4778 2719 4846 σφίσι
2743 4795 2802 4830 τε
2823 4779 3131 4843 αὐτοῖς,καὶ
3159 4779 3266 4848 μὴν
3286 4780 3381 4833 καὶ
3394 4779 3602 4850 ἑτέροις
3615 4778 3927 4851 ὀρύττοντες

674 4868 972 4924 amentiam
1014 4866 1448 4936 opinionumque
1485 4867 1781 4921 vanitatem
1812 4869 2119 4937 praecipites
2148 4869 2246 4922 ab—

2358 4869 2582 4947 βόθρους
2611 4870 2994 4940 ματαιότητος,
3024 4873 3103 4934 είς
3127 4869 3287 4924 τοῦτο
3326 4870 3662 4925 κατὼλισθον
3688 4873 3922 4937 ἐννοιῶν,

673 4963 879 5023 ierunt,
941 4967 1001 5012 ut
1046 4958 1244 5012 Filium
1270 4957 1366 5012 Dei
1391 4967 1688 5021 recentem,
1721 4958 2059 5028 perindeque
2081 4975 2110 5012 a
2136 4960 2246 5014 Deo

671 5049 831 5104 Patre
883 5064 946 5102 ac
988 5058 1181 5102 caetera
1213 5047 1395 5101 omnia
1430 5032 1776 5116 procreatum
1800 5047 2115 5102 existiment
2137 5065 2243 5119 pu-

673 5143 924 5212 bliceque
970 5150 1236 5196 asserant.
1270 5141 1381 5196 Nec
1417 5142 1753 5197 erubescunt
1774 5141 1961 5196 miseri
1990 5157 2116 5196 eum
2150 5143 2244 5212 qui

672 5244 798 5289 ante
841 5249 1002 5288 omne
1055 5243 1270 5302 tempus
1305 5239 1360 5286 et
1395 5247 1569 5286 aevum
1598 5231 1827 5296 exstitit,
1861 5233 1972 5286 imo
1992 5249 2123 5287 vero
2149 5233 2244 5302 qui

671 5341 832 5380 omne
876 5340 1050 5379 avum
1098 5335 1420 5394 tempusque
1448 5324 1713 5388 condidit,
1744 5333 2051 5394 temporum
2085 5325 2244 5378 initio

672 5416 1148 5471 circumscribere.
1175 5416 1427 5486 Cumque
1451 5416 1621 5485 gloria
1655 5425 1708 5468 et
1738 5417 2050 5484 mqualitate
2079 5433 2243 5486 quam

718 5559 734 5585 “
769 5557 955 5610 Matth.
980 5574 1030 5619 Χ,
1057 5555 1138 5611 ‘20.

2353 4959 2429 5021 ὡς
2459 4958 2667 5011 οἴεσθαί
2695 4976 2753 5012 τε
2782 4961 2876 5014 καὶ
2899 4960 3103 5029 λέγειν,
3139 4960 3454 5032 πρόσφατον
3486 4958 3625 5017 εῐναι
3654 4963 3746 5017 τὸν
3781 4964 3923 5027 Υίὸν,

2345 5053 2403 5103 ἐν
2437 5052 2538 5120 τσῳ
2566 5068 2624 5103 τε
2650 5055 2764 5115 τοῖς
2797 5053 3060 5124 κτίσμασι
3081 5054 3362 5126 παρῆχθαι
3392 5056 3545 5126 παρὰ
3564 5056 3658 5110 τοῦ
3683 5057 3816 5110 Θεού
3835 5063 3924 5114 καὶ

2345 5142 2579 5212 Πατρός.
2631 5143 2740 5196 Καὶ
2779 5145 2869 5198 τὸν
2922 5145 3030 5215 πρὸ
3075 5144 3277 5209 παντὸς
3329 5147 3524 5211 αίῶνος
3574 5148 3668 5200 καὶ
3716 5157 3921 5217 χρόνον,

2350 5235 2550 5303 μᾶλλον
2577 5235 2633 5288 δὲ
2657 5235 2764 5288 τῶν
2793 5238 3006 5292 αἰώνων
3032 5237 3281 5310 ποιητὴν,
3303 5243 3368 5310 τῇ
3392 5240 3535 5293 κατὰ
3574 5240 3763 5313 χρόνον
3800 5248 3922 5315 ιρχῄ

2349 5329 2786 5398 περιγράφοντες
2818 5331 2917 5383 οὐκ
2961 5330 3286 5403 ἐρυθριῶσιν
3323 5334 3371 5385 οἱ
3405 5333 3650 5388 δείλαιοι.
3711 5335 3921 5389 ’Υποὸι-

2350 5417 2610 5481 ϐάζοντες
2650 5419 2728 5482 δὲ,
2780 5421 2921 5474 κατά
2961 5438 3025 5489 γε
3055 5423 3116 5473 τὸ
3155 5424 3365 5487 ἑαυτοῖς
3395 5424 3607 5491 δοκοῦν,
3662 5429 3760 5499 τῆς
3793 5432 3921 5498 πρὸς

1761 5675 1934 5729 Varirc
1964 5678 2224 5730 lectiones
2249 5677 2454 5731 codicis
2485 5680 2851 5749 Seguieriani.

744 5801 768 5839 ν
789 5790 880 5845 ixi
909 5789 1147 5862 Χριστῷ.
