4116 6318
175 381 234 439 ιι
1634 376 1974 436 EPISTOLA
2010 377 2051 436 ι.
3396 397 3459 455 ,ε

172 501 255 556 τὸν
283 498 517 569 Πατέρα
545 496 645 549 καὶ
674 496 813 550 Θεδν
835 498 1080 568 ἰσότητός
1111 515 1167 552 τε
1195 500 1288 552 καὶ
1324 497 1504 570 δόξης,
1537 496 1598 550 τὸ
1627 514 1746 569 προς

1872 512 1996 553 cum
2029 500 2141 554 Deo
2163 509 2218 555 et
2247 501 2409 556 Patre
2435 501 2668 568 obtinet,
2695 519 2795 559 suo
2823 505 2917 561 illo
2937 520 3252 566 commento
3278 513 3457 583 ipsum

171 599 429 670 ῡτιάρχειν
454 604 486 645 ἢ
503 595 664 667 αὐτῷ
685 596 795 649 τῶν
823 595 1001 649 ἄλλων
1023 592 1415 667 παραχωροῦσι
1435 591 1609 664 μόλις,
1633 609 1766 678 μεσ-

172 693 281 762 ίτην
324 689 383 743 δὲ
424 684 575 742 εἶναί
622 707 761 760 φασι
806 688 944 743 Θεοῦ
993 688 1088 742 καὶ
1125 686 1466 759 ἀνθρώπωνο
1497 686 1621 740 οὐτε
1669 687 1768 756 τῆς

167 785 242 846 είς
271 781 428 851 λῆξιν
466 783 760 855 ὑπεροχῆς
777 780 1012 851 λαχόντα
1031 780 1132 851 τὴν
1153 779 1336 844 δόξαν,
1363 778 1489 832 οὔτε
1523 778 1629 849 μὴν
1654 780 1767 841 τοῖς

164 875 259 944 τῆς
293 875 535 940 κτίσεως
570 876 904 944 ενιζήσαντα
934 874 1176 944 μέτροις.
1209 871 1306 936 Τίς
1353 868 1445 925 οὖν
1475 871 1584 942 ἄρα
1617 871 1765 924 ἐστὶν

163 968 190 1019 ό
216 967 314 1036 τῆς
357 953 513 1033 θείας
539 967 820 1038 ὑπεροχῆς
847 965 1184 1037 ἡττώμενος,
1215 964 1312 1018 καὶ
1361 963 1472 1016 τῶν
1517 963 1617 1034 τῆς
1649 961 1766 1016 κτί-

167 1073 300 1122 σεως
333 1059 559 1130 μέτρων
587 1057 1000 1129 ἁνῳκισμένοςς
1039 1055 1380 1126 ’Λδιανόητον
1399 1053 1679 1117 παντελῶς
1702 1055 1763 1108 τὸ

168 1152 354 1225 χρῆμά
395 1156 535 1216 ἐστι’
570 1154 669 1206 καὶ
695 1153 862 1216 τόπος
884 1151 917 1223 ἦ
951 1152 1110 1219 λόγος
1135 1151 1311 1214 οὐδεὶς
1337 1152 1532 1222 ὁρᾶται
1556 1147 1760 1219 μεταξὺ

166 1244 390 1313 ποιητοῦ
425 1247 522 1298 καὶ
551 1245 875 1322 κτίσματος.
911 1243 1330 1312 Κατασύροντες
1361 1241 1540 1295 τοίνυν
1573 1241 1758 1305 αὐτὸν,

167 1335 223 1389 τό
249 1351 314 1404 γε
341 1331 486 1408 ἧκον
507 1335 595 1388 ἐπ’
619 1336 828 1401 αὐτοῖς,
857 1333 964 1388 τῶν
987 1337 1086 1405 τῆς
1106 1334 1364 1404 θεότητος
1393 1333 1608 1398 θώκων,
1629 1333 1758 1387 Υίὸν

168 1426 253 1481 καὶ
279 1425 420 1480 Θεὸν
445 1426 802 1498 ὀνομάζουσι,
820 1427 916 1480 καὶ
940 1425 1369 1498 προσκυνεῖσθαι
1399 1425 1513 1480 δεῖν
1528 1425 1755 1490 οἴονται,

166 1518 336 1573 καίτοι
389 1517 490 1572 τοῦ
561 1520 729 1590 νόμου
785 1518 1018 1590 βοῶντος
1066 1518 1373 1588 ἀναφανδόν
1397 1536 1413 1552 °
1474 1536 1493 1570 ι
1548 1518 1758 1591 Κύριον

165 1607 250 1662 τὸν
277 1607 420 1662 Θεόν
447 1625 546 1662 σου
571 1610 996 1680 προσκυνήσεις,
1033 1610 1127 1663 καὶ
1157 1608 1312 1680 αὐτῷ
1341 1611 1489 1682 μόνῳ
1520 1610 1756 1679 λατρεύ-

167 1717 294 1764 «te.
335 1720 357 1754 ι
398 1701 517 1756 Καὶ
549 1702 656 1772 μὴν
685 1702 780 1755 καὶ⁵
810 1700 899 1756 διὰ
935 1702 1119 1772 φωνῆς
1144 1701 1241 1755 τοῦ
1272 1701 1458 1767 Δαυῖδ,
1496 1701 1634 1756 Θεοῦ
1670 1701 1759 1755 λε-

163 1810 344 1862 γοντος
393 1795 514 1858 τοῖς
555 1793 616 1860 ιξ
649 1793 870 1865 Ἰσραήλ
896 1810 909 1824 ο
957 1812 977 1846 ι
1029 1794 1144 1847 Οὐκ
1177 1793 1330 1847 ἔσται
1385 1796 1443 1848 ὲν
1495 1795 1578 1847 σοὶ
1621 1793 1753 1858 Θεὸς

165 1885 500 1956 πρόσφατος,
534 1883 657 1939 οὐδὲ
689 1886 1093 1957 προσκυνήσεις
1121 1884 1243 1958 Θεῴ
1273 1885 1565 1956 ἀλλοτρίῳ.
1607 1905 1625 1937 ι

239 2055 384 2110 Ἀλλ’
433 2057 634 2110 ἐκεῖνοι
667 2057 791 2127 μὲν,
829 2050 920 2109 οἷά
945 2073 1049 2128 περ
1081 2055 1351 2128 ἁμαξιτὸν
1382 2057 1616 2127 ἀφέντες
1658 2057 1750 2110 εὐ-

159 2145 317 2219 τρισῆ
365 2145 472 2219 τὴν
509 2147 794 2216 ἀλήθειαν,
855 2147 950 2199 ἐπὶ
1005 2145 1236 2217 βόθρους
1286 2147 1460 2230 ίενται
1521 2147 1617 2200 καὶ
1656 2148 1754 2199 πέ-

160 2255 314 2310 τρας,
366 2239 468 2293 καὶ
516 2233 552 2312 ᾖ
593 2255 760 2308 φησιν
805 2240 835 2291 ὸ
869 2239 1151 2310 Σολομὼν·
1185 2258 1204 2289 ε
1254 2239 1393 2304 Τοὺς
1419 2239 1618 2306 ἄξονας
1655 2239 1749 2294 τοῦ

161 2328 285 2384 ἰδίου
329 2330 610 2402 γεωργίου
646 2329 1046 2401 πεπλάνηνται,
1085 2332 1182 2384 καὶ
1217 2333 1513 2400 συνάγουσι
1559 2332 1750 2404 χερσὶν

156 2423 459 2494 ἀκαρπίαν.
505 2443 525 2476 ι
577 2422 776 2494 Ἡμεῖς
810 2423 890 2489 δὲ,
936 2417 1019 2488 οἷς
1064 2424 1126 2477 τὸ
1180 2425 1323 2479 θεῖον
1372 2426 1454 2488 είς
1498 2424 1623 2479 νοῦν
1670 2427 1748 2478 ὲν-

153 2513 398 2586 ήστραψε
423 2513 562 2584 φῶς,
587 2515 686 2586 τῆς
714 2515 943 2569 ἐκείνων
960 2513 1296 2586 ἁϐελτηρίας
1309 2515 1374 2569 τὰ
1402 2516 1749 2586 ἁσυγκρίτως

154 2607 365 2679 ἀμείνω
395 2611 622 2679 φρονεῖν
662 2609 957 2681 ᾑρημένοι,
1000 2609 1098 2664 κα)⁸
1127 2610 1192 2680 τῇ
1224 2609 1334 2663 τῶν
1365 2609 1536 2678 ἁγίων
1572 2608 1748 2664 Πατέ-

157 2714 260 2770 ρων
293 2697 559 2769 ἑπόμενοι
589 2698 796 2764 πίστει,
831 2698 1196 2768 γεγεννῆσθαί
1225 2715 1410 2769 φαμεν
1435 2697 1658 2770 άληθῶς
1683 2699 1748 2752 εκ

153 2789 248 2861 τῆς
272 2788 369 2844 τοῦ
400 2789 539 2844 Θεοῦ
566 2791 664 2843 καὶ
694 2791 909 2861 Πατρὸς
937 2789 1128 2854 οὐσίας
1149 2790 1241 2843 τὸν
1266 2789 1394 2843 Υίὸν
1424 2789 1746 2862 θεοπρεπῶς

152 2895 208 2933 τε
252 2879 351 2935 καὶ
380 2880 737 2952 ἀπορρήτως,
768 2882 863 2934 καὶ
893 2882 952 2934 εν
981 2880 1089 2951 ibi;
1127 2881 1227 2952 μὶν
1260 2881 1557 2935 ὑποστάσει
1603 2884 1742 2934 νοεῖ-

155 2971 293 3033 σθαι,
330 2975 401 3044 τῇ
449 2972 508 3027 δὲ
557 2973 853 3044 ταυτότητι
890 2975 988 3045 τῆς
1039 2973 1230 3038 οὐσίας
1267 2973 1520 3028 ὲνοῦσθαι
1556 2973 1634 3044 τῷ
1660 2991 1746 3044 γε·

151 3064 462 3136 τεννηκότι,
495 3065 595 3118 καὶ
624 3068 681 3117 ὲν
715 3064 864 3136 αύτῷ
896 3066 997 3137 μὲν
1031 3062 1194 3131 εἶναι,
1226 3065 1372 3137 ἔχειν
1397 3065 1456 3119 δὲ
1485 3065 1649 3119 πάλιν
1685 3067 1743 3118 ὲν

1872 589 2129 659 spolient,
2165 594 2380 648 caeteris
2406 594 2560 650 illum
2592 607 2856 666 praestare
2881 613 3022 670 aegre
3049 601 3370 668 admittunt,
3402 614 3460 661 et

1870 680 2062 736 media:
2084 683 2368 754 cujusdam
2394 685 2539 743 inter
2562 688 2733 743 Deum
2755 699 2812 745 et
2834 689 3087 748 homines
3108 703 3459 752 naturaesse

1867 780 2145 841 statuunt;
2195 785 2257 830 ut
2296 778 2390 847 qui
2421 794 2601 848 neque
2629 780 2830 836 divinae
2856 783 3199 840 excellentiae
3227 785 3455 856 gloriam

1865 864 2028 935 plene
2060 879 2408 938 assequatur,
2445 887 2625 942 neque
2651 875 3040 931 communibus
3063 884 3245 932 tamen
3270 893 3456 933 reruni

1865 962 2280 1021 procreatarum
2300 959 2550 1016 terminis
2568 963 2943 1018 contineatur.
2964 965 3188 1036 Ecquis,
3201 967 3454 1034 obsecro,

1864 1055 1950 1100 est
1975 1048 2071 1116 qui
2100 1048 2346 1105 divinam
2372 1039 2746 1122 praestantiam
2772 1071 2883 1112 non
2907 1059 3161 1129 attingat,
3187 1071 3456 1118 creaturae

1867 1145 2047 1194 tamen
2071 1143 2451 1200 conditionem
2485 1149 2816 1218 exsuperat?
2847 1151 2957 1206 Res
2994 1153 3143 1206 enim
3165 1153 3280 1209 haec
3301 1155 3456 1225 cogi-

1864 1229 2070 1286 tatione
2085 1236 2480 1305 comprehendi
2497 1254 2607 1293 non
2630 1251 2840 1311 potest;
2868 1259 2971 1299 nec
2989 1245 3145 1301 locus
3160 1246 3254 1301 ulli
3273 1246 3352 1303 rei
3369 1255 3458 1304 est

1864 1321 2010 1378 inter
2039 1334 2346 1381 creaturam
2376 1337 2431 1384 et
2451 1329 2794 1387 Creatorem.
2826 1333 3071 1390 Rursum
3097 1351 3224 1393 cum
3247 1338 3454 1394 divini-

1865 1413 1993 1469 tatis
2024 1415 2270 1483 sedibus,
2307 1420 2455 1490 quod
2479 1422 2549 1476 ad
2579 1438 2637 1478 se
2665 1423 2889 1495 quidem
2911 1427 3131 1490 attinet.
3163 1428 3321 1486 illum
3351 1430 3454 1488 de-
3515 1477 3521 1485 .

1865 1505 2110 1570 turbent,
2159 1506 2256 1562 Dei
2300 1510 2723 1568 tamenFilium
2759 1524 2816 1570 et
2857 1515 3032 1572 Deum
3053 1519 3364 1586 nominant,
3397 1533 3455 1578 et

1860 1594 2082 1650 adorari
2115 1608 2379 1669 oportere
2404 1603 2743 1673 praedicant;
2779 1621 2906 1662 cum
2931 1619 3113 1665 tamen
3145 1611 3255 1676 lex,
3300 1634 3317 1662 ‹
3341 1614 3451 1668 Do-

1858 1687 2070 1742 minum
2105 1690 2280 1746 Deum
2319 1703 2476 1749 tuum
2503 1696 2782 1768 adorabis,
2820 1709 2876 1754 et
2897 1700 2976 1756 illi
2999 1702 3101 1757 soli
3129 1704 3398 1771 servies',
3425 1725 3443 1759 ι

1859 1788 2046 1846 aperte
2085 1781 2304 1838 clamet.
2361 1784 2506 1852 Quin
2547 1796 2605 1843 et
2642 1789 2789 1845 Deus
2828 1807 3050 1864 quoque
3088 1794 3312 1851 Davidis
3352 1813 3449 1852 ore

1785 1845 1827 1899 Β
1853 1845 2195 1940 έθῇιιειιιοάὶ
2219 1877 2468 1934 oratione
2493 1879 2767 1938 lsraelitas
2787 1845 3084 1956 compellat
3113 1906 3128 1941 :
3155 1907 3174 1939 ι
3195 1889 3314 1944 Νοιι
3339 1892 3449 1948 erit

1854 1959 1910 2015 in
1936 1969 1987 2017 te
2007 1963 2153 2022 Deus
2179 1982 2395 2035 recens,
2416 1987 2597 2044 neque
2618 1975 2877 2033 adorabis
2892 1979 3065 2034 Deum
3082 1981 3325 2039 alienum
3347 1988 3440 2040 “.o

1921 2054 2118 2111 Verum
2163 2060 2254 2115 isti
2304 2063 2454 2134 regia
2486 2068 2728 2138 tritaque
2749 2071 3002 2128 veritatis
3027 2073 3117 2129 via
3143 2075 3354 2142 relicta,
3389 2077 3445 2132 in

1852 2142 2039 2199 foveas
2067 2156 2125 2200 et
2151 2152 2409 2220 scopulos
2432 2157 2746 2225 pmcipites
2770 2158 3050 2229 feruntur,
3079 2171 3246 2236 atque
3270 2175 3331 2222 ut
3350 2167 3448 2224 Sa-

1853 2234 2026 2333 piens
2049 2239 2128 2293 ait
2158 2257 2172 2294 :
2216 2259 2235 2293 ι
2259 2240 2488 2300 Semitis
2530 2248 2690 2319 agelli
2718 2252 2804 2306 sui
2835 2264 3045 2322 errant,
3077 2234 3445 2333 manibusque

1851 2326 2200 2384 sterilitatem
2228 2333 2497 2405 colligunt
2515 2337 2610 2392 “.i
2641 2340 2754 2397 Nos
2783 2351 2992 2410 autem,
3022 2363 3258 2418 quorum
3284 2326 3445 2409 men-

1850 2415 2002 2473 tibus
2034 2418 2289 2509 divinum
2319 2425 2457 2481 illud
2483 2427 2673 2486 lumen
2700 2433 2904 2501 illuxit,
2943 2415 3058 2509 qui“
3074 2441 3297 2500 saniora
3323 2444 3443 2501 sine

1850 2504 2264 2596 comparatione
2292 2515 2402 2572 ulla
2427 2521 2632 2577 sentire
2665 2504 2976 2596 malumus;
2996 2547 3258 2591 vesanam
3292 2537 3442 2595 illam

1849 2591 2142 2658 stultitiam
2175 2621 2520 2677 aversamur,
2561 2591 2990 2692 sanctorumque
3017 2625 3243 2683 Patrum
3277 2629 3441 2688 ﬁdem

1847 2694 2062 2758 sectati,
2089 2695 2186 2751 Dei
2210 2694 2408 2755 Filium
2434 2718 2586 2769 vere,
2610 2707 2774 2764 modo
2798 2710 2988 2770 divino
3009 2717 3171 2786 plane
3195 2730 3252 2776 et
3280 2721 3439 2778 inea-

1847 2785 2116 2854 plicabili,
2136 2803 2203 2844 ex
2220 2790 2317 2846 Dei
2331 2800 2388 2848 et
2404 2793 2584 2852 Patris
2599 2802 2843 2856 essentia
2869 2785 3065 2860 natum
3085 2807 3436 2880 proﬁtemur;

1845 2885 1901 2932 et
1927 2894 2026 2949 per
2051 2895 2108 2936 se
2125 2883 2349 2952 quidem
2373 2886 2428 2941 in
2448 2890 2672 2960 propria
2689 2891 2972 2964 hypostasi
2991 2899 3319 2968 subsistere,
3336 2919 3438 2960 na-

1846 2978 1985 3028 tura:
2016 2981 2201 3030 tamen
2227 2975 2518 3034 identitate
2549 2997 2672 3038 cum
2701 2999 2997 3057 generante
3021 3007 3190 3048 unum
3214 3009 3338 3052 esse
3358 2997 3435 3066 “;

1843 3074 1900 3120 et
1925 3065 2076 3122 hunc
2098 3068 2153 3122 in
2176 3068 2358 3136 Patre,
2379 3083 2434 3128 et
2452 3074 2673 3131 Patrem
2692 3079 2935 3135 vicissim
2954 3083 3010 3137 in
3034 3085 3154 3154 ipso
3170 3085 3351 3144 inesse
3369 3065 3434 3157 ιι,

151 3154 326 3225 ιωπῷ
364 3155 461 3208 τὺν
509 3156 754 3228 Πατέρα.
804 3156 1206 3229 Ὀμολογοῦμεν
1255 3158 1312 3212 δὲ
1353 3154 1492 3256 εἶναι,
1522 3158 1639 3229 φῶς
1675 3160 1738 3256 ὲκ

1846 3156 2186 3215 Conﬁtemur
2232 3162 2364 3218 item
2393 3166 2651 3222 eumdem
2681 3170 2838 3228 illum
2877 3173 3066 3230 lumen
3091 3192 3213 3235 esse
3245 3177 3315 3235 de
3346 3154 3436 3236 lu;

152 3245 347 3313 φωτὸς,
406 3245 544 3300 Θεὸν
583 3249 651 3301 εκ
689 3245 828 3302 Θεοῦ
876 3249 1021 3302 κατὰ
1062 3247 1248 3318 φύσιν,
1289 3248 1509 3302 ίσοκλεᾶ
1542 3264 1602 3301 τε
1643 3251 1742 3302 καὶ

1846 3248 2015 3313 mine,
2047 3250 2222 3305 Deum
2249 3252 2317 3308 de
2345 3254 2458 3309 Deo
2487 3259 2820 3326 naturalem,
2851 3263 3100 3334 ejusdem
3125 3282 3251 3322 cum
3272 3268 3437 3326 Patro

151 3337 429 3410 ισουργὺν,
477 3338 808 3410 χαρακτῆρά
849 3355 910 3392 τε
939 3337 1034 3392 καὶ
1063 3338 1432 3408 ἀπαύγασμα,
1473 3339 1567 3392 καὶ
1597 3339 1742 3392 κατὰ.

147 3429 253 3483 πᾶν
292 3426 479 3483 ὁτιοῦν
514 3429 817 3502 ίσομέτρως
867 3429 1086 3501 ἔχοντα,
1127 3429 1251 3484 κατ’
1295 3430 1485 3484 οὐδένα
1539 3432 1741 3504 τρόπον

150 3520 658 3591 μειονεκτούμενον.
728 3520 1240 3594 Ἐπαριθμουμένου
1296 3522 1394 3592 μὲν
1442 3522 1552 3595 γὰρ
1596 3525 1739 3577 οὕτω

150 3608 241 3669 τοῦ
258 3615 421 3682 ἁγίου
451 3615 793 3687 Πνεύματος,
816 3617 850 3687 ἡ
877 3616 1010 3686 ἁγία
1039 3631 1101 3670 τε
1132 3616 1229 3670 καὶ
1248 3616 1538 3688 όμοούσιος
1565 3617 1737 3689 Τριὰς

146 3705 222 3773 είς
253 3705 390 3776 μίαν
419 3705 678 3778 θεότητος
711 3705 927 3762 ἑνοῦται
958 3706 1143 3778 φύσιν.

217 3876 362 3930 Ἀλλ’
397 3879 434 3949 ἡ
465 3878 564 3950 μιν
593 3877 952 3945 θεόπνευστος
978 3880 1171 3953 Γραφὴ
1205 3881 1387 3954 σάρκα
1410 3883 1545 3954 φησὶ
1572 3899 1734 3953 γεγε-

146 3968 340 4039 νῆσθαι
373 3973 469 4023 τὸν
498 3971 563 4023 ὲκ
589 3969 727 4025 Θεοῦ
756 3972 951 4041 Λόγον,
974 3971 1254 4027 τουτέστιν
1276 3973 1543 4046 ενωθῆναι
1569 3978 1734 4048 σαρκὶ

146 4059 326 4132 ψυχὴν
361 4060 568 4133 ἐχούσῃ
595 4062 696 4134 τὴν
722 4063 972 4136 λογικήν.
1014 4065 1287 4138 Ἑπομένη
1318 4066 1376 4120 δὲ
1414 4070 1531 4131 τοῖς
1567 4069 1734 4138 εὐαγ-

144 4150 385 4218 γελικοῖς
436 4152 790 4226 κηρύγμασιν
837 4156 1035 4228 ήὰγία
1092 4159 1191 4214 καὶ
1240 4160 1450 4231 μεγάλη
1491 4161 1730 4230 σύνοδος,

146 4243 310 4297 αὐτὸν
356 4243 464 4316 ἔψη
496 4245 588 4299 τὸν
629 4248 694 4300 ἐκ
737 4245 841 4318 τῆς
872 4248 1063 4312 οὐσίας
1090 4248 1184 4304 τοῦ
1211 4250 1346 4304 Θεοῦ
1381 4253 1471 4304 καὶ
1515 4253 1733 4325 [ἰατρὸς

143 4335 542 4405 γεγεννημένον
573 4337 876 4408 Μονογενῆ,
905 4338 998 4392 τὸν
1037 4356 1058 4391 ι
1092 4339 1161 4394 δι’
1190 4335 1253 4395 οὗ
1293 4342 1362 4395 τὰ
1400 4343 1603 4408 πάντα,
1636 4346 1732 4399 καὶ

145 4423 200 4475 iv
226 4417 272 4492 ᾧ
301 4426 374 4479 τὰ
417 4426 620 4491 πάντα,
653 4448 672 4480 ι
701 4429 768 4483 δι’
796 4432 946 4502 ἡμᾶς
984 4435 1110 4498 τοὺς
1142 4435 1468 4508 ἀνθρώπους
1518 4441 1610 4493 καὶ
1639 4440 1730 4495 διὰ

1843 3341 2104 3409 potentiae
2150 3353 2206 3398 et
2242 3344 2453 3416 gloriae,
2485 3345 2719 3418 ﬁguram
2752 3366 2817 3406 ac
2835 3354 3202 3423 :splendorem
3223 3359 3300 3425 “;
3335 3375 3438 3430 per

1842 3433 2026 3489 omnia
2057 3443 2113 3488 et
2154 3435 2212 3490 in
2242 3438 2502 3494 omnibus
2535 3440 2681 3496 Patri
2724 3445 3016 3514 aequalem,
3063 3449 3215 3505 nul-la
3245 3460 3431 3509 autem

1839 3539 1907 3579 ex
1929 3537 2086 3597 parte
2110 3528 2435 3587 inferiorem
2473 3543 2570 3589 aut
2593 3534 2879 3606 imparem.
2917 3537 3014 3594 His
3037 3542 3187 3603 enim
3220 3543 3426 3614 Spiritu

1840 3629 2032 3675 sancto
2078 3634 2465 3689 annumerato,
2513 3641 2670 3682 sacra
2715 3627 2809 3683 illa
2854 3641 2910 3686 et
2942 3633 3430 3694 consubstantialia

1841 3710 2086 3766 Trinitas
2135 3714 2188 3767 in
2236 3730 2344 3769 una
2372 3715 2681 3788 eademque
2713 3718 3021 3778 divinitatis
3050 3733 3252 3781 natura
3291 3741 3428 3785 con-

1838 3802 2101 3857 sociatur.

1906 3895 1980 3950 ‘Et
2008 3912 2038 3950 a
2059 3897 2171 3952 Deo
2207 3899 2429 3969 quidem
2455 3901 2721 3972 inspirata
2745 3903 3030 3976 Scriptura
3062 3908 3162 3964 Dei
3183 3908 3444 3966 Verbum.

1836 4002 2058 4044 carnem
2107 3989 2314 4046 factum
2334 3994 2399 4059 “,
2457 3994 2562 4050 hoc
2607 4005 2714 4062 est,
2745 3999 2898 4054 carni
2931 3999 3172 4056 animam
3195 4003 3445 4062 rationis-

1835 4090 2149 4152 compotem
2185 4083 2413 4140 habenti
2440 4087 2659 4142 unitum
2687 4088 2941 4147 afﬁrmat.
2978 4091 3146 4150 Sacra
3172 4109 3306 4151 vero
3334 4095 3426 4151 illa

1831 4181 1887 4226 et
1911 4187 2105 4244 magna
2128 4176 2372 4247 synodus
2401 4180 2731 4251 evangelicae
2752 4181 3334 4253 doctrinaeinhaerens,
3364 4186 3428 4241 il-

1832 4265 1948 4320 lum
1979 4265 2160 4338 ipsum
2185 4269 2559 4342 Unigenitum,
2594 4273 2690 4343 qui
2713 4289 2780 4330 ex
2797 4274 2892 4330 Dei
2916 4284 2971 4331 et
2991 4276 3169 4331 Patris
3187 4278 3424 4335 essentia

1833 4367 1996 4415 natus
2019 4369 2123 4425 est,
2151 4379 2170 4411 ι
2189 4372 2358 4432 etper
2380 4378 2545 4433 quem
2562 4372 2618 4419 et
2641 4364 2696 4420 in
2713 4381 2825 4438 quo
2848 4376 3102 4425 constant
3122 4370 3305 4425 omnia
3321 4371 3416 4434 “,o

1832 4459 2060 4521 propter
2079 4465 2181 4506 nos
2203 4461 2260 4507 et
2281 4463 2509 4526 propter
2538 4463 2782 4512 nostram
2807 4458 3039 4514 salutem
3067 4458 3136 4515 de
3161 4461 3302 4517 cmlo
3328 4461 3424 4517 de-

144 4514 239 4586 τὴν
264 4517 548 4587 ἡμετέραν
583 4522 856 4592 σωτηρίαν
890 4527 1286 4598 καταφοιτῆσαι
1337 4529 1436 4598 μὲν
1469 4531 1527 4598 ἐξ
1566 4533 1734 4604 οὐρα-

1846 4514 2140 4608 tcendisse,
2173 4514 2567 4618 assumptaque
2592 4564 2758 4604 carne
2795 4550 3076 4607 hominem
3102 4550 3333 4621 factum,
3367 4564 3426 4611 et

146 4608 268 4668 νῶν,
324 4608 680 4680 σαρκωθῆναι
711 4611 769 4665 δι
816 4617 909 4667 καὶ
955 4616 1400 4689 δνανθρωπῆσαι,
1438 4623 1634 4676 παθεῖν
1670 4642 1730 4680 τε

143 4697 236 4750 καὶ
255 4699 580 4768 ἀναστῆναιο
601 4702 697 4756 καὶ
717 4704 799 4758 ὅτι
816 4706 959 4760 κατὰ
982 4709 1212 4781 καιροὺς
1238 4711 1489 4779 ἀφίξεται
1512 4718 1730 4787 κριτήςο

145 4787 398 4861 ὠνόμαζε
431 4801 456 4830 ι’
481 4791 538 4846 δὲ
557 4793 651 4848 τόν
674 4797 740 4850 ὲκ
762 4796 899 4852 Θεοῦ
930 4800 1123 4868 Λόγον,
1148 4803 1244 4856 ἕνα
1280 4803 1487 4876 Κύριον
1521 4807 1729 4879 Ἰησοῦν

146 4881 401 4956 Χριστόν.
455 4884 648 4958 ’Δθρει
694 4888 761 4961 δὴ
796 4884 892 4945 οῦν
945 4891 1096 4957 ὅπως
1141 4893 1239 4949 ἕνα
1273 4893 1526 4966 λέγοντες
1575 4900 1727 4967 Υίὲν,

147 4969 347 5042 Κύριον
375 4971 434 5025 δὲ
479 4973 642 5029 αὐτὸν
676 4978 772 5032 καὶ
812 4979 1049 5051 Χριστὸν
1094 4983 1305 5055 Ἰησοῦν
1347 4987 1730 5060 ὀνομάζοντες,

146 5075 207 5116 εκ
245 5062 385 5119 Θεοῦ
438 5068 535 5120 καὶ
584 5069 798 5142 Πατρὸς
845 5073 1213 5143 γεγεννῆσθαί
1260 5093 1450 5146 φασιν,
1496 5076 1637 5138 εἷναί
1673 5101 1732 5138 τε

148 5155 449 5229 Μονογενῆ,
481 5160 578 5212 καὶ
616 5160 753 5215 Θεὸν
791 5163 856 5217 ιιι
900 5163 1059 5229 Θεοῦ,
1104 5167 1201 5222 καὶ
1251 5169 1368 5241 φῶς
1414 5172 1482 5227 ὲκ
1533 5176 1732 5248 φωτὸς,

151 5243 497 5314 γεννηθέντα,
524 5249 587 5302 οὐ
612 5251 928 5320 ποιηθέντα,
967 5256 1257 5326 όμοούσιον
1287 5260 1366 5332 τῷ
1391 5243 1588 5337 Πατρί.

1834 4645 2056 4700 passum
2080 4647 2222 4699 esse,
2254 4649 2472 4691 necnon
2501 4652 2568 4692 ex
2592 4641 2830 4695 mortuis
2877 4640 2952 4697 ad.
2971 4640 3144 4696 vitam
3166 4642 3420 4714 rediisse,

1834 4737 1898 4777 ac
1921 4723 2166 4794 judicem
2190 4726 2322 4782 olim
2341 4738 2637 4786 venturum
2659 4747 2781 4788 esse
2805 4746 3201 4792 commemorat
3229 4756 3244 4793 :
3268 4746 3326 4794 et
3351 4739 3424 4796 il-

1831 4812 1930 4869 lud
1949 4815 2130 4886 ipsum
2151 4818 2419 4886 Verbum,
2446 4822 2591 4892 quod
2615 4832 2672 4879 et
2691 4839 2758 4880 ex
2783 4825 2895 4881 Deo
2915 4827 3142 4897 prodiit,
3168 4837 3224 4884 et
3247 4846 3420 4888 unum

1831 4907 2091 4975 afﬁrmat,
2121 4919 2178 4966 et
2198 4911 2494 4970 Dominum
2526 4926 2779 4972 nostrum
2800 4918 2988 4975 Jesum
3009 4919 3290 4978 Christum
3316 4939 3418 4980 no-

1833 5002 2027 5056 minat.
2066 5001 2168 5060 Hic
2213 5013 2271 5060 ιιι
2316 5007 2452 5063 mihi
2484 5024 2634 5065 nunc
2664 5011 2898 5068 observa
2925 5015 3204 5085 quomodo
3229 5016 3421 5073 Patres

1833 5090 1950 5156 illi,
1983 5109 2156 5148 unum
2190 5094 2442 5153 dicentes
2469 5098 2692 5164 Filium,
2722 5101 2871 5157 hunc
2912 5102 3101 5160 Jesum
3136 5104 3419 5163 Christum

1833 5181 2126 5256 Dominum
2154 5189 2452 5256 appellant,
2479 5197 2538 5243 et
2559 5207 2626 5246 ex
2657 5191 2774 5248 Deo
2799 5194 2961 5251 Patre
2984 5204 3176 5252 natum
3199 5206 3257 5254 et
3279 5198 3416 5256 Uni-

1829 5253 2099 5342 genitum,
2132 5253 2392 5332 etii—hum
2427 5277 2494 5334 de
2526 5280 2658 5345 Deo,
2690 5290 2746 5336 et
2763 5283 2952 5338 lumen
2975 5283 3045 5339 de
3065 5253 3420 5357 luminetgev

1829 5364 2028 5430 nitum,
2051 5382 2163 5423 non
2184 5367 2411 5436 factum,
2433 5386 2497 5426 ac
2518 5371 2665 5427 Patri
2687 5375 3235 5433 consubstantialem.

203 5489 224 5521 ⁹
246 5490 398 5546 Deut.
443 5509 516 5554 v1.
548 5492 647 5558 13,
676 5494 867 5551 Matth.
904 5516 978 5562 iv,
1012 5503 1096 5559 l0.
1174 5507 1216 5538 ¹⁶
1249 5509 1393 5565 Psal.
1422 5528 1581 5572 Lxxx.
1617 5514 1701 5569 10,

203 5577 225 5598 ιτ
278 5561 342 5598 m
439 5563 664 5598 lolluln-
711 5583 724 5598 .
775 5566 807 5598 κ
938 5571 979 5598 ιε
1022 5573 1145 5598 .--Α
1209 5595 1220 5598 _
1288 5580 1343 5598 ..
1467 5583 1575 5598 ..η
1619 5586 1631 5598 .

1851 5521 2012 5598 Prov.
2053 5539 2128 5588 ιε,
2167 5525 2256 5590 12,
2281 5539 2395 5582 sec.
2423 5526 2585 5582 LXX.
2672 5529 2713 5562 "
2739 5530 2901 5587 Joan.
2929 5549 2983 5598 ι,
3011 5535 3100 5589 δυ.
3185 5536 3226 5568 ⁸³
3251 5535 3409 5592 Joan.

146 5575 244 5624 xxv,
278 5561 360 5614 ιιι.
439 5565 478 5593 ¹⁶
511 5563 682 5618 Hebr.
711 5583 750 5617 I.
774 5566 826 5619 3.

938 5571 979 5601 ³⁸
1015 5573 1171 5631 Joan.
1207 5595 1243 5643 ι,
1286 5580 1369 5635 Η.

1467 5584 1509 5614 ¹⁶
1536 5583 1749 5642 Coloss.
1797 5605 1835 5654 ι,
1861 5590 1949 5646 17.

1246 5716 1419 5774 Variae
1441 5721 1709 5780 lectiones
1735 5727 1943 5784 codicis
1965 5730 2336 5801 Seguieriani.

219 5844 244 5881 ’ῑ
271 5838 532 5908 πριῦχττν.
621 5854 636 5880 ε
677 5845 766 5897 ῐσ.
803 5846 1076 5921 ὠνόμασε,
1108 5853 1412 5926 ’ἓν-κόμαζον.
