  <div class='ocr_page' id='page_1' title='image "/cluster/home/n/w/nwhite01/storage/ocr_20150623/77/pst.000004029045/017.png"; bbox 0 0 4116 6318; ppageno 0'>
   <div class='ocr_carea' id='block_1_1' title="bbox 744 366 808 422">
    <p class='ocr_par' dir='ltr' id='par_1_1' title="bbox 744 366 808 422">
     <span class='ocr_line' id='line_1_1' title="bbox 744 366 808 422; baseline 0 0"><span class='ocrx_word' id='word_1_1' title='bbox 744 366 808 422; x_wconf 77' lang='lat' dir='ltr'><strong>f9</strong></span> 
     </span>
    </p>
   </div>
   <div class='ocr_carea' id='block_1_2' title="bbox 1735 367 2971 428">
    <p class='ocr_par' dir='ltr' id='par_1_2' title="bbox 1735 367 2971 428">
     <span class='ocr_line' id='line_1_2' title="bbox 1735 367 2971 428; baseline -0.002 -3"><span class='ocrx_word' id='word_1_2' title='bbox 1735 369 1792 426; x_wconf 76' lang='lat'><strong>3.</strong></span> <span class='ocrx_word' id='word_1_3' title='bbox 1827 367 2104 428; x_wconf 74' lang='lat' dir='ltr'><strong>CYRlLLl</strong></span> <span class='ocrx_word' id='word_1_4' title='bbox 2145 369 2613 426; x_wconf 70' lang='grc' dir='ltr'><strong>ΔιειΑΝοιιιΝι</strong></span> <span class='ocrx_word' id='word_1_5' title='bbox 2652 367 2971 426; x_wconf 75' lang='lat' dir='ltr'><strong>ARCHIEP.</strong></span> 
     </span>
    </p>
   </div>
   <div class='ocr_carea' id='block_1_3' title="bbox 3915 365 4010 425">
    <p class='ocr_par' dir='ltr' id='par_1_3' title="bbox 3915 365 4010 425">
     <span class='ocr_line' id='line_1_3' title="bbox 3915 365 4010 425; baseline 0 -3"><span class='ocrx_word' id='word_1_6' title='bbox 3915 365 4010 425; x_wconf 72' lang='grc'><strong>90</strong></span> 
     </span>
    </p>
   </div>
   <div class='ocr_carea' id='block_1_4' title="bbox 795 481 2296 563">
    <p class='ocr_par' dir='ltr' id='par_1_4' title="bbox 795 481 2294 558">
     <span class='ocr_line' id='line_1_4' title="bbox 795 481 2294 558; baseline 0.005 -20"><span class='ocrx_word' id='word_1_7' title='bbox 795 481 903 538; x_wconf 81' lang='lat' dir='ltr'><strong>Sed</strong></span> <span class='ocrx_word' id='word_1_8' title='bbox 917 482 1063 538; x_wconf 80' lang='lat' dir='ltr'><strong>dicet</strong></span> <span class='ocrx_word' id='word_1_9' title='bbox 1078 484 1217 540; x_wconf 85' lang='lat' dir='ltr'><strong>forte</strong></span> <span class='ocrx_word' id='word_1_10' title='bbox 1237 486 1328 541; x_wconf 89' lang='lat' dir='ltr'><strong>hic</strong></span> <span class='ocrx_word' id='word_1_11' title='bbox 1345 488 1614 558; x_wconf 80' lang='lat' dir='ltr'><strong>quispiam</strong></span> <span class='ocrx_word' id='word_1_12' title='bbox 1641 507 1655 542; x_wconf 88' lang='lat'><strong>:</strong></span> <span class='ocrx_word' id='word_1_13' title='bbox 1678 489 1888 545; x_wconf 88' lang='lat' dir='ltr'><strong>Nomen</strong></span> <span class='ocrx_word' id='word_1_14' title='bbox 1902 491 2026 548; x_wconf 90' lang='lat' dir='ltr'><strong>hoc.</strong></span> <span class='ocrx_word' id='word_1_15' title='bbox 2039 492 2294 557; x_wconf 65' lang='lat' dir='ltr'><strong>chriam,</strong></span> 
     </span>
    </p>
   </div>
   <div class='ocr_carea' id='block_1_5' title="bbox 2394 481 4005 563">
    <p class='ocr_par' dir='ltr' id='par_1_5' title="bbox 2471 490 4005 563">
     <span class='ocr_line' id='line_1_5' title="bbox 2471 490 4005 563; baseline -0.001 -17"><span class='ocrx_word' id='word_1_16' title='bbox 2471 491 2581 546; x_wconf 86' lang='grc' dir='ltr'>Καί</span> <span class='ocrx_word' id='word_1_17' title='bbox 2608 509 2688 544; x_wconf 90' lang='grc' dir='ltr'><strong>τοι</strong></span> <span class='ocrx_word' id='word_1_18' title='bbox 2722 492 2781 545; x_wconf 82' lang='grc' dir='ltr'>τὸ</span> <span class='ocrx_word' id='word_1_19' title='bbox 2827 492 3077 560; x_wconf 81' lang='grc' dir='ltr'>χριστὸς</span> <span class='ocrx_word' id='word_1_20' title='bbox 3114 490 3303 562; x_wconf 71' lang='grc' dir='ltr'>ὄνομα,</span> <span class='ocrx_word' id='word_1_21' title='bbox 3339 491 3471 561; x_wconf 81' lang='grc' dir='ltr'>φαίη</span> <span class='ocrx_word' id='word_1_22' title='bbox 3507 507 3592 556; x_wconf 87' lang='grc' dir='ltr'><strong>τις</strong></span> <span class='ocrx_word' id='word_1_23' title='bbox 3622 491 3708 558; x_wconf 69' lang='grc' dir='ltr'><strong>ἄν,</strong></span> <span class='ocrx_word' id='word_1_24' title='bbox 3749 492 3854 563; x_wconf 80' lang='grc' dir='ltr'><strong>οὐχ</strong></span> <span class='ocrx_word' id='word_1_25' title='bbox 3908 491 4005 556; x_wconf 73' lang='grc' dir='ltr'>ὡς</span> 
     </span>
    </p>
   </div>
   <div class='ocr_carea' id='block_1_6' title="bbox 737 574 2300 646">
    <p class='ocr_par' dir='ltr' id='par_1_6' title="bbox 737 574 2300 646">
     <span class='ocr_line' id='line_1_6' title="bbox 737 574 2300 646; baseline 0.007 -20"><span class='ocrx_word' id='word_1_26' title='bbox 737 587 846 628; x_wconf 88' lang='lat' dir='ltr'><strong>non</strong></span> <span class='ocrx_word' id='word_1_27' title='bbox 900 574 958 629; x_wconf 86' lang='lat' dir='ltr'><strong>in</strong></span> <span class='ocrx_word' id='word_1_28' title='bbox 999 574 1180 645; x_wconf 88' lang='lat' dir='ltr'><strong>ipsum</strong></span> <span class='ocrx_word' id='word_1_29' title='bbox 1221 578 1398 634; x_wconf 85' lang='lat' dir='ltr'><strong>solum</strong></span> <span class='ocrx_word' id='word_1_30' title='bbox 1446 579 1860 640; x_wconf 85' lang='lat' dir='ltr'><strong>Emmanuelem</strong></span> <span class='ocrx_word' id='word_1_31' title='bbox 1885 582 2160 646; x_wconf 80' lang='lat' dir='ltr'><strong>convenit,</strong></span> <span class='ocrx_word' id='word_1_32' title='bbox 2206 582 2300 637; x_wconf 89' lang='lat' dir='ltr'><strong>sed</strong></span> 
     </span>
    </p>
   </div>
   <div class='ocr_carea' id='block_1_7' title="bbox 736 664 2300 742">
    <p class='ocr_par' dir='ltr' id='par_1_7' title="bbox 736 664 2300 742">
     <span class='ocr_line' id='line_1_7' title="bbox 736 664 2300 742; baseline 0.004 -23"><span class='ocrx_word' id='word_1_33' title='bbox 736 664 856 720; x_wconf 85' lang='lat' dir='ltr'><strong>aliis</strong></span> <span class='ocrx_word' id='word_1_34' title='bbox 903 681 1120 738; x_wconf 89' lang='lat' dir='ltr'><strong>quoque</strong></span> <span class='ocrx_word' id='word_1_35' title='bbox 1165 669 1430 724; x_wconf 88' lang='lat' dir='ltr'><strong>tributum</strong></span> <span class='ocrx_word' id='word_1_36' title='bbox 1475 673 1828 742; x_wconf 89' lang='lat' dir='ltr'><strong>comperitur.</strong></span> <span class='ocrx_word' id='word_1_37' title='bbox 1878 672 2025 727; x_wconf 91' lang='lat' dir='ltr'><strong>Deus</strong></span> <span class='ocrx_word' id='word_1_38' title='bbox 2065 688 2300 742; x_wconf 83' lang='lat' dir='ltr'><strong>namque</strong></span> 
     </span>
    </p>
   </div>
   <div class='ocr_carea' id='block_1_8' title="bbox 736 753 2299 831">
    <p class='ocr_par' dir='ltr' id='par_1_8' title="bbox 736 753 2299 831">
     <span class='ocr_line' id='line_1_8' title="bbox 736 753 2299 831; baseline 0.006 -23"><span class='ocrx_word' id='word_1_39' title='bbox 736 753 802 811; x_wconf 87' lang='lat' dir='ltr'><strong>de</strong></span> <span class='ocrx_word' id='word_1_40' title='bbox 843 756 1034 813; x_wconf 87' lang='lat' dir='ltr'><strong>electis</strong></span> <span class='ocrx_word' id='word_1_41' title='bbox 1075 767 1131 814; x_wconf 92' lang='lat' dir='ltr'><strong>et</strong></span> <span class='ocrx_word' id='word_1_42' title='bbox 1177 776 1276 830; x_wconf 86' lang='lat' dir='ltr'><strong>per</strong></span> <span class='ocrx_word' id='word_1_43' title='bbox 1312 760 1574 831; x_wconf 78' lang='lat' dir='ltr'><strong>Spiritum</strong></span> <span class='ocrx_word' id='word_1_44' title='bbox 1608 763 1962 818; x_wconf 79' lang='lat' dir='ltr'><strong>sanctiﬁcatis</strong></span> <span class='ocrx_word' id='word_1_45' title='bbox 1995 763 2198 818; x_wconf 85' lang='lat' dir='ltr'><strong>alicubi</strong></span> <span class='ocrx_word' id='word_1_46' title='bbox 2226 763 2299 817; x_wconf 87' lang='lat' dir='ltr'><strong>ita</strong></span> 
     </span>
    </p>
   </div>
   <div class='ocr_carea' id='block_1_9' title="bbox 734 849 2299 924">
    <p class='ocr_par' dir='ltr' id='par_1_9' title="bbox 734 849 2299 924">
     <span class='ocr_line' id='line_1_9' title="bbox 734 849 2299 924; baseline 0.004 -23"><span class='ocrx_word' id='word_1_47' title='bbox 734 857 925 902; x_wconf 85' lang='lat' dir='ltr'><strong>cavet:</strong></span> <span class='ocrx_word' id='word_1_48' title='bbox 962 867 980 898; x_wconf 74' lang='grc' dir='ltr'>ι</span> <span class='ocrx_word' id='word_1_49' title='bbox 1003 849 1179 906; x_wconf 85' lang='lat' dir='ltr'><strong>Nolite</strong></span> <span class='ocrx_word' id='word_1_50' title='bbox 1199 861 1416 922; x_wconf 88' lang='lat' dir='ltr'><strong>tangere</strong></span> <span class='ocrx_word' id='word_1_51' title='bbox 1445 855 1682 908; x_wconf 89' lang='lat' dir='ltr'><strong>cbristos</strong></span> <span class='ocrx_word' id='word_1_52' title='bbox 1707 869 1878 917; x_wconf 84' lang='lat' dir='ltr'><strong>meos,</strong></span> <span class='ocrx_word' id='word_1_53' title='bbox 1900 863 1954 908; x_wconf 91' lang='lat' dir='ltr'><strong>et</strong></span> <span class='ocrx_word' id='word_1_54' title='bbox 1982 855 2038 907; x_wconf 91' lang='lat' dir='ltr'><strong>in</strong></span> <span class='ocrx_word' id='word_1_55' title='bbox 2059 854 2299 924; x_wconf 89' lang='lat' dir='ltr'><strong>prophe-</strong></span> 
     </span>
    </p>
   </div>
   <div class='ocr_carea' id='block_1_10' title="bbox 732 941 2300 1014">
    <p class='ocr_par' dir='ltr' id='par_1_10' title="bbox 732 941 2300 1014">
     <span class='ocr_line' id='line_1_10' title="bbox 732 941 2300 1014; baseline 0.006 -24"><span class='ocrx_word' id='word_1_56' title='bbox 732 945 819 992; x_wconf 85' lang='lat' dir='ltr'><strong>tas</strong></span> <span class='ocrx_word' id='word_1_57' title='bbox 842 953 991 993; x_wconf 90' lang='lat' dir='ltr'><strong>meos</strong></span> <span class='ocrx_word' id='word_1_58' title='bbox 1006 941 1174 995; x_wconf 85' lang='lat' dir='ltr'><strong>nolite</strong></span> <span class='ocrx_word' id='word_1_59' title='bbox 1191 943 1472 1012; x_wconf 79' lang='lat' dir='ltr'><strong>malignari</strong></span> <span class='ocrx_word' id='word_1_60' title='bbox 1496 945 1557 996; x_wconf 84' lang='lat'><strong>&quot;.</strong></span> <span class='ocrx_word' id='word_1_61' title='bbox 1571 963 1588 994; x_wconf 73' lang='grc' dir='ltr'>ι</span> <span class='ocrx_word' id='word_1_62' title='bbox 1613 943 1751 1008; x_wconf 91' lang='lat' dir='ltr'><strong>Quin</strong></span> <span class='ocrx_word' id='word_1_63' title='bbox 1779 953 1833 998; x_wconf 91' lang='lat' dir='ltr'><strong>et</strong></span> <span class='ocrx_word' id='word_1_64' title='bbox 1848 944 2068 999; x_wconf 83' lang='lat' dir='ltr'><strong>divinus</strong></span> <span class='ocrx_word' id='word_1_65' title='bbox 2082 959 2300 1014; x_wconf 79' lang='lat' dir='ltr'><strong>quoque</strong></span> 
     </span>
    </p>
   </div>
   <div class='ocr_carea' id='block_1_11' title="bbox 737 1027 2297 1104">
    <p class='ocr_par' dir='ltr' id='par_1_11' title="bbox 737 1027 2297 1104">
     <span class='ocr_line' id='line_1_11' title="bbox 737 1027 2297 1104; baseline 0.006 -25"><span class='ocrx_word' id='word_1_66' title='bbox 737 1027 786 1095; x_wconf 81' lang='lat'><strong>7</strong></span> <span class='ocrx_word' id='word_1_67' title='bbox 823 1027 990 1082; x_wconf 87' lang='lat' dir='ltr'><strong>David</strong></span> <span class='ocrx_word' id='word_1_68' title='bbox 1014 1044 1044 1082; x_wconf 94' lang='lat' dir='ltr'><strong>a</strong></span> <span class='ocrx_word' id='word_1_69' title='bbox 1073 1030 1184 1084; x_wconf 91' lang='lat' dir='ltr'><strong>Deo</strong></span> <span class='ocrx_word' id='word_1_70' title='bbox 1208 1045 1306 1099; x_wconf 92' lang='lat' dir='ltr'><strong>per</strong></span> <span class='ocrx_word' id='word_1_71' title='bbox 1331 1032 1636 1087; x_wconf 91' lang='lat' dir='ltr'><strong>Samuelem</strong></span> <span class='ocrx_word' id='word_1_72' title='bbox 1674 1033 1729 1088; x_wconf 92' lang='lat' dir='ltr'><strong>in</strong></span> <span class='ocrx_word' id='word_1_73' title='bbox 1755 1048 1936 1104; x_wconf 89' lang='lat' dir='ltr'><strong>regem</strong></span> <span class='ocrx_word' id='word_1_74' title='bbox 1959 1035 2216 1089; x_wconf 88' lang='lat' dir='ltr'><strong>inunctus</strong></span> <span class='ocrx_word' id='word_1_75' title='bbox 2235 1033 2297 1099; x_wconf 69' lang='grc' dir='ltr'><strong>η,</strong></span> 
     </span>
    </p>
   </div>
   <div class='ocr_carea' id='block_1_12' title="bbox 738 1116 2300 1194">
    <p class='ocr_par' dir='ltr' id='par_1_12' title="bbox 738 1116 2300 1194">
     <span class='ocr_line' id='line_1_12' title="bbox 738 1116 2300 1194; baseline 0.005 -22"><span class='ocrx_word' id='word_1_76' title='bbox 738 1116 953 1173; x_wconf 71' lang='grc' dir='ltr'><strong>ειιιΙοηι</strong></span> <span class='ocrx_word' id='word_1_77' title='bbox 985 1137 1003 1170; x_wconf 82' lang='grc' dir='ltr'>ι</span> <span class='ocrx_word' id='word_1_78' title='bbox 1026 1119 1291 1173; x_wconf 82' lang='lat' dir='ltr'><strong>Christum</strong></span> <span class='ocrx_word' id='word_1_79' title='bbox 1313 1121 1528 1176; x_wconf 86' lang='lat' dir='ltr'><strong>Domini</strong></span> <span class='ocrx_word' id='word_1_80' title='bbox 1553 1142 1569 1173; x_wconf 72' lang='grc' dir='ltr'>ι</span> <span class='ocrx_word' id='word_1_81' title='bbox 1599 1131 1760 1178; x_wconf 85' lang='lat' dir='ltr'><strong>vocat</strong></span> <span class='ocrx_word' id='word_1_82' title='bbox 1782 1124 1846 1177; x_wconf 83' lang='lat'><strong>&quot;.</strong></span> <span class='ocrx_word' id='word_1_83' title='bbox 1871 1125 2072 1180; x_wconf 81' lang='lat' dir='ltr'><strong>Verum</strong></span> <span class='ocrx_word' id='word_1_84' title='bbox 2089 1125 2154 1179; x_wconf 91' lang='lat' dir='ltr'><strong>ad</strong></span> <span class='ocrx_word' id='word_1_85' title='bbox 2168 1126 2300 1194; x_wconf 91' lang='lat' dir='ltr'><strong>quid</strong></span> 
     </span>
    </p>
   </div>
   <div class='ocr_carea' id='block_1_13' title="bbox 738 1209 2300 1288">
    <p class='ocr_par' dir='ltr' id='par_1_13' title="bbox 738 1209 2300 1288">
     <span class='ocr_line' id='line_1_13' title="bbox 738 1209 2300 1288; baseline 0.006 -25"><span class='ocrx_word' id='word_1_86' title='bbox 738 1225 839 1279; x_wconf 83' lang='lat' dir='ltr'><strong>ego</strong></span> <span class='ocrx_word' id='word_1_87' title='bbox 886 1209 1000 1264; x_wconf 67' lang='lat' dir='ltr'><strong>haec</strong></span> <span class='ocrx_word' id='word_1_88' title='bbox 1049 1227 1334 1276; x_wconf 88' lang='lat' dir='ltr'><strong>recenseo,</strong></span> <span class='ocrx_word' id='word_1_89' title='bbox 1383 1229 1506 1268; x_wconf 92' lang='lat' dir='ltr'><strong>cum</strong></span> <span class='ocrx_word' id='word_1_90' title='bbox 1536 1216 1689 1270; x_wconf 89' lang='lat' dir='ltr'><strong>nullo</strong></span> <span class='ocrx_word' id='word_1_91' title='bbox 1715 1217 1933 1288; x_wconf 86' lang='lat' dir='ltr'><strong>negotio</strong></span> <span class='ocrx_word' id='word_1_92' title='bbox 1975 1218 2164 1272; x_wconf 90' lang='lat' dir='ltr'><strong>oculos</strong></span> <span class='ocrx_word' id='word_1_93' title='bbox 2189 1234 2300 1273; x_wconf 91' lang='lat' dir='ltr'><strong>non</strong></span> 
     </span>
    </p>
   </div>
   <div class='ocr_carea' id='block_1_14' title="bbox 738 1300 2300 1379">
    <p class='ocr_par' dir='ltr' id='par_1_14' title="bbox 738 1300 2300 1379">
     <span class='ocr_line' id='line_1_14' title="bbox 738 1300 2300 1379; baseline 0.006 -26"><span class='ocrx_word' id='word_1_94' title='bbox 738 1300 962 1354; x_wconf 88' lang='lat' dir='ltr'><strong>omnino</strong></span> <span class='ocrx_word' id='word_1_95' title='bbox 981 1300 1186 1357; x_wconf 89' lang='lat' dir='ltr'><strong>otiosos</strong></span> <span class='ocrx_word' id='word_1_96' title='bbox 1206 1303 1537 1359; x_wconf 84' lang='lat' dir='ltr'><strong>habentibus</strong></span> <span class='ocrx_word' id='word_1_97' title='bbox 1563 1316 1751 1375; x_wconf 81' lang='lat' dir='ltr'><strong>patere</strong></span> <span class='ocrx_word' id='word_1_98' title='bbox 1775 1316 1958 1376; x_wconf 85' lang='lat' dir='ltr'><strong>queat,</strong></span> <span class='ocrx_word' id='word_1_99' title='bbox 1994 1324 2186 1363; x_wconf 90' lang='lat' dir='ltr'><strong>omnes</strong></span> <span class='ocrx_word' id='word_1_100' title='bbox 2205 1309 2300 1379; x_wconf 89' lang='lat' dir='ltr'><strong>qui</strong></span> 
     </span>
    </p>
   </div>
   <div class='ocr_carea' id='block_1_15' title="bbox 739 1389 2298 1468">
    <p class='ocr_par' dir='ltr' id='par_1_15' title="bbox 739 1389 2298 1468">
     <span class='ocr_line' id='line_1_15' title="bbox 739 1389 2298 1468; baseline 0.005 -22"><span class='ocrx_word' id='word_1_101' title='bbox 739 1390 843 1446; x_wconf 82' lang='lat' dir='ltr'><strong>fide</strong></span> <span class='ocrx_word' id='word_1_102' title='bbox 871 1391 924 1444; x_wconf 91' lang='lat' dir='ltr'><strong>in</strong></span> <span class='ocrx_word' id='word_1_103' title='bbox 944 1389 1223 1448; x_wconf 86' lang='lat' dir='ltr'><strong>Christum</strong></span> <span class='ocrx_word' id='word_1_104' title='bbox 1241 1395 1546 1465; x_wconf 75' lang='lat' dir='ltr'><strong>j&#39;ustificati,</strong></span> <span class='ocrx_word' id='word_1_105' title='bbox 1571 1407 1626 1452; x_wconf 88' lang='lat' dir='ltr'><strong>et</strong></span> <span class='ocrx_word' id='word_1_106' title='bbox 1647 1414 1744 1467; x_wconf 88' lang='lat' dir='ltr'><strong>per</strong></span> <span class='ocrx_word' id='word_1_107' title='bbox 1764 1399 2028 1468; x_wconf 90' lang='lat' dir='ltr'><strong>Spiritum</strong></span> <span class='ocrx_word' id='word_1_108' title='bbox 2051 1407 2298 1454; x_wconf 86' lang='lat' dir='ltr'><strong>sanctum</strong></span> 
     </span>
    </p>
   </div>
   <div class='ocr_carea' id='block_1_16' title="bbox 737 1481 2298 1557">
    <p class='ocr_par' dir='ltr' id='par_1_16' title="bbox 737 1481 2298 1557">
     <span class='ocr_line' id='line_1_16' title="bbox 737 1481 2298 1557; baseline 0.005 -21"><span class='ocrx_word' id='word_1_109' title='bbox 737 1481 1058 1538; x_wconf 77' lang='lat' dir='ltr'><strong>sanctificati</strong></span> <span class='ocrx_word' id='word_1_110' title='bbox 1113 1493 1263 1545; x_wconf 88' lang='lat' dir='ltr'><strong>sunt.</strong></span> <span class='ocrx_word' id='word_1_111' title='bbox 1326 1486 1595 1556; x_wconf 87' lang='lat' dir='ltr'><strong>ejusmodi</strong></span> <span class='ocrx_word' id='word_1_112' title='bbox 1649 1487 2016 1557; x_wconf 87' lang='lat' dir='ltr'><strong>appellatione</strong></span> <span class='ocrx_word' id='word_1_113' title='bbox 2057 1490 2298 1544; x_wconf 91' lang='lat' dir='ltr'><strong>cohone-</strong></span> 
     </span>
    </p>
   </div>
   <div class='ocr_carea' id='block_1_17' title="bbox 738 1573 2298 1647">
    <p class='ocr_par' dir='ltr' id='par_1_17' title="bbox 738 1573 2298 1647">
     <span class='ocr_line' id='line_1_17' title="bbox 738 1573 2298 1647; baseline 0.006 -22"><span class='ocrx_word' id='word_1_114' title='bbox 738 1573 944 1626; x_wconf 83' lang='lat' dir='ltr'><strong>statos?</strong></span> <span class='ocrx_word' id='word_1_115' title='bbox 977 1574 1195 1629; x_wconf 86' lang='lat' dir='ltr'><strong>Etenim</strong></span> <span class='ocrx_word' id='word_1_116' title='bbox 1226 1575 1477 1631; x_wconf 78' lang='lat' dir='ltr'><strong>ﬂabacuc</strong></span> <span class='ocrx_word' id='word_1_117' title='bbox 1503 1579 1822 1647; x_wconf 86' lang='lat' dir='ltr'><strong>mysterium</strong></span> <span class='ocrx_word' id='word_1_118' title='bbox 1844 1577 2046 1633; x_wconf 85' lang='lat' dir='ltr'><strong>Christi</strong></span> <span class='ocrx_word' id='word_1_119' title='bbox 2069 1589 2125 1634; x_wconf 90' lang='lat' dir='ltr'><strong>et</strong></span> <span class='ocrx_word' id='word_1_120' title='bbox 2149 1581 2298 1634; x_wconf 77' lang='lat' dir='ltr'><strong>salu-</strong></span> 
     </span>
    </p>
   </div>
   <div class='ocr_carea' id='block_1_18' title="bbox 738 1665 2300 1737">
    <p class='ocr_par' dir='ltr' id='par_1_18' title="bbox 738 1665 2300 1737">
     <span class='ocr_line' id='line_1_18' title="bbox 738 1665 2300 1737; baseline 0.008 -22"><span class='ocrx_word' id='word_1_121' title='bbox 738 1669 848 1716; x_wconf 88' lang='lat' dir='ltr'><strong>tem</strong></span> <span class='ocrx_word' id='word_1_122' title='bbox 880 1679 1001 1732; x_wconf 67' lang='lat' dir='ltr'><strong>quae</strong></span> <span class='ocrx_word' id='word_1_123' title='bbox 1023 1680 1121 1737; x_wconf 90' lang='lat' dir='ltr'><strong>per</strong></span> <span class='ocrx_word' id='word_1_124' title='bbox 1145 1666 1321 1736; x_wconf 85' lang='lat' dir='ltr'><strong>ipsum</strong></span> <span class='ocrx_word' id='word_1_125' title='bbox 1347 1665 1531 1720; x_wconf 86' lang='lat' dir='ltr'><strong>futura</strong></span> <span class='ocrx_word' id='word_1_126' title='bbox 1548 1679 1667 1721; x_wconf 87' lang='lat' dir='ltr'><strong>erat</strong></span> <span class='ocrx_word' id='word_1_127' title='bbox 1690 1668 2085 1737; x_wconf 70' lang='lat' dir='ltr'><strong>praenuntians,</strong></span> <span class='ocrx_word' id='word_1_128' title='bbox 2109 1671 2162 1724; x_wconf 91' lang='lat' dir='ltr'><strong>in</strong></span> <span class='ocrx_word' id='word_1_129' title='bbox 2184 1671 2300 1727; x_wconf 65' lang='lat' dir='ltr'><strong>haec</strong></span> 
     </span>
    </p>
   </div>
   <div class='ocr_carea' id='block_1_19' title="bbox 739 1754 2297 1830">
    <p class='ocr_par' dir='ltr' id='par_1_19' title="bbox 739 1754 2297 1830">
     <span class='ocr_line' id='line_1_19' title="bbox 739 1754 2297 1830; baseline 0.006 -24"><span class='ocrx_word' id='word_1_130' title='bbox 739 1754 904 1809; x_wconf 82' lang='lat' dir='ltr'><strong>verba</strong></span> <span class='ocrx_word' id='word_1_131' title='bbox 932 1756 1238 1828; x_wconf 86' lang='lat' dir='ltr'><strong>prorumpit</strong></span> <span class='ocrx_word' id='word_1_132' title='bbox 1267 1773 1280 1808; x_wconf 88' lang='lat'><strong>:</strong></span> <span class='ocrx_word' id='word_1_133' title='bbox 1318 1775 1336 1807; x_wconf 76' lang='grc' dir='ltr'>ι</span> <span class='ocrx_word' id='word_1_134' title='bbox 1359 1756 1624 1827; x_wconf 79' lang='lat' dir='ltr'><strong>Egressus</strong></span> <span class='ocrx_word' id='word_1_135' title='bbox 1663 1773 1724 1813; x_wconf 89' lang='lat' dir='ltr'><strong>es</strong></span> <span class='ocrx_word' id='word_1_136' title='bbox 1759 1758 1816 1812; x_wconf 90' lang='lat' dir='ltr'><strong>in</strong></span> <span class='ocrx_word' id='word_1_137' title='bbox 1841 1761 2069 1816; x_wconf 87' lang='lat' dir='ltr'><strong>salutem</strong></span> <span class='ocrx_word' id='word_1_138' title='bbox 2113 1761 2297 1830; x_wconf 89' lang='lat' dir='ltr'><strong>populi</strong></span> 
     </span>
    </p>
   </div>
   <div class='ocr_carea' id='block_1_20' title="bbox 739 1842 2296 1922">
    <p class='ocr_par' dir='ltr' id='par_1_20' title="bbox 739 1842 2296 1922">
     <span class='ocr_line' id='line_1_20' title="bbox 739 1842 2296 1922; baseline 0.006 -25"><span class='ocrx_word' id='word_1_139' title='bbox 739 1842 841 1908; x_wconf 88' lang='lat' dir='ltr'><strong>tui,</strong></span> <span class='ocrx_word' id='word_1_140' title='bbox 889 1843 959 1898; x_wconf 83' lang='lat' dir='ltr'><strong>ad</strong></span> <span class='ocrx_word' id='word_1_141' title='bbox 1002 1844 1322 1900; x_wconf 84' lang='lat' dir='ltr'><strong>salvande</strong></span> <span class='ocrx_word' id='word_1_142' title='bbox 1355 1847 1592 1903; x_wconf 88' lang='lat' dir='ltr'><strong>christos</strong></span> <span class='ocrx_word' id='word_1_143' title='bbox 1613 1857 1737 1903; x_wconf 89' lang='lat' dir='ltr'><strong>tuos</strong></span> <span class='ocrx_word' id='word_1_144' title='bbox 1751 1850 1850 1903; x_wconf 72' lang='lat' dir='ltr'><strong>&quot;.t</strong></span> <span class='ocrx_word' id='word_1_145' title='bbox 1881 1851 2090 1906; x_wconf 84' lang='lat' dir='ltr'><strong>Nomen</strong></span> <span class='ocrx_word' id='word_1_146' title='bbox 2115 1851 2296 1922; x_wconf 87' lang='lat' dir='ltr'><strong>itaque</strong></span> 
     </span>
    </p>
   </div>
   <div class='ocr_carea' id='block_1_21' title="bbox 738 1934 2296 2011">
    <p class='ocr_par' dir='ltr' id='par_1_21' title="bbox 738 1934 2296 2011">
     <span class='ocr_line' id='line_1_21' title="bbox 738 1934 2296 2011; baseline 0.007 -23"><span class='ocrx_word' id='word_1_147' title='bbox 738 1934 864 2000; x_wconf 85' lang='lat' dir='ltr'><strong>hoc,</strong></span> <span class='ocrx_word' id='word_1_148' title='bbox 895 1936 1139 2002; x_wconf 72' lang='lat' dir='ltr'><strong>chrisma,</strong></span> <span class='ocrx_word' id='word_1_149' title='bbox 1169 1953 1346 2007; x_wconf 92' lang='lat' dir='ltr'><strong>neque</strong></span> <span class='ocrx_word' id='word_1_150' title='bbox 1373 1940 1474 1994; x_wconf 89' lang='lat' dir='ltr'><strong>soli</strong></span> <span class='ocrx_word' id='word_1_151' title='bbox 1503 1955 1683 2010; x_wconf 87' lang='lat' dir='ltr'><strong>neque</strong></span> <span class='ocrx_word' id='word_1_152' title='bbox 1707 1941 1928 2011; x_wconf 91' lang='lat' dir='ltr'><strong>proprie</strong></span> <span class='ocrx_word' id='word_1_153' title='bbox 1957 1943 2296 2000; x_wconf 86' lang='lat' dir='ltr'><strong>Emmanueli</strong></span> 
     </span>
    </p>
   </div>
   <div class='ocr_carea' id='block_1_22' title="bbox 737 2026 2295 2102">
    <p class='ocr_par' dir='ltr' id='par_1_22' title="bbox 737 2026 2295 2102">
     <span class='ocr_line' id='line_1_22' title="bbox 737 2026 2295 2102; baseline 0.004 -20"><span class='ocrx_word' id='word_1_154' title='bbox 737 2027 1012 2091; x_wconf 80' lang='lat' dir='ltr'><strong>convenit,</strong></span> <span class='ocrx_word' id='word_1_155' title='bbox 1063 2026 1159 2082; x_wconf 84' lang='lat' dir='ltr'><strong>sed</strong></span> <span class='ocrx_word' id='word_1_156' title='bbox 1187 2029 1401 2084; x_wconf 62' lang='lat' dir='ltr'><strong>caeteris</strong></span> <span class='ocrx_word' id='word_1_157' title='bbox 1429 2030 1705 2096; x_wconf 91' lang='lat' dir='ltr'><strong>omnibus,</strong></span> <span class='ocrx_word' id='word_1_158' title='bbox 1733 2032 1829 2100; x_wconf 89' lang='lat' dir='ltr'><strong>qui</strong></span> <span class='ocrx_word' id='word_1_159' title='bbox 1859 2031 2095 2102; x_wconf 89' lang='lat' dir='ltr'><strong>Spiritus</strong></span> <span class='ocrx_word' id='word_1_160' title='bbox 2122 2035 2295 2089; x_wconf 89' lang='lat' dir='ltr'><strong>sancti</strong></span> 
     </span>
    </p>
   </div>
   <div class='ocr_carea' id='block_1_23' title="bbox 736 2117 2297 2193">
    <p class='ocr_par' dir='ltr' id='par_1_23' title="bbox 736 2117 2297 2193">
     <span class='ocr_line' id='line_1_23' title="bbox 736 2117 2297 2193; baseline 0.006 -21"><span class='ocrx_word' id='word_1_161' title='bbox 736 2117 907 2187; x_wconf 70' lang='lat' dir='ltr'><strong>gratia</strong></span> <span class='ocrx_word' id='word_1_162' title='bbox 963 2118 1114 2173; x_wconf 88' lang='lat' dir='ltr'><strong>uncti</strong></span> <span class='ocrx_word' id='word_1_163' title='bbox 1163 2129 1308 2174; x_wconf 91' lang='lat' dir='ltr'><strong>sunt.</strong></span> <span class='ocrx_word' id='word_1_164' title='bbox 1369 2121 1623 2176; x_wconf 87' lang='lat' dir='ltr'><strong>Derivata</strong></span> <span class='ocrx_word' id='word_1_165' title='bbox 1645 2138 1881 2193; x_wconf 89' lang='lat' dir='ltr'><strong>namque</strong></span> <span class='ocrx_word' id='word_1_166' title='bbox 1911 2133 1997 2179; x_wconf 88' lang='lat' dir='ltr'><strong>est</strong></span> <span class='ocrx_word' id='word_1_167' title='bbox 2043 2140 2149 2180; x_wconf 81' lang='lat' dir='ltr'><strong>vox</strong></span> <span class='ocrx_word' id='word_1_168' title='bbox 2181 2126 2297 2181; x_wconf 68' lang='lat' dir='ltr'><strong>haec</strong></span> 
     </span>
    </p>
   </div>
   <div class='ocr_carea' id='block_1_24' title="bbox 735 2207 2292 2285">
    <p class='ocr_par' dir='ltr' id='par_1_24' title="bbox 735 2207 2292 2285">
     <span class='ocr_line' id='line_1_24' title="bbox 735 2207 2292 2285; baseline 0.005 -22"><span class='ocrx_word' id='word_1_169' title='bbox 735 2207 804 2264; x_wconf 78' lang='lat' dir='ltr'><strong>ab</strong></span> <span class='ocrx_word' id='word_1_170' title='bbox 845 2208 960 2279; x_wconf 86' lang='lat' dir='ltr'><strong>ipsa</strong></span> <span class='ocrx_word' id='word_1_171' title='bbox 1001 2224 1061 2264; x_wconf 94' lang='lat' dir='ltr'><strong>re</strong></span> <span class='ocrx_word' id='word_1_172' title='bbox 1097 2227 1112 2264; x_wconf 89' lang='lat'><strong>:</strong></span> <span class='ocrx_word' id='word_1_173' title='bbox 1145 2211 1215 2266; x_wconf 89' lang='lat' dir='ltr'><strong>ab</strong></span> <span class='ocrx_word' id='word_1_174' title='bbox 1243 2225 1308 2266; x_wconf 92' lang='lat' dir='ltr'><strong>eo</strong></span> <span class='ocrx_word' id='word_1_175' title='bbox 1340 2212 1630 2282; x_wconf 87' lang='lat' dir='ltr'><strong>siquidem,</strong></span> <span class='ocrx_word' id='word_1_176' title='bbox 1670 2215 1816 2285; x_wconf 91' lang='lat' dir='ltr'><strong>quod</strong></span> <span class='ocrx_word' id='word_1_177' title='bbox 1843 2215 2056 2271; x_wconf 88' lang='lat' dir='ltr'><strong>inuncti</strong></span> <span class='ocrx_word' id='word_1_178' title='bbox 2083 2231 2292 2282; x_wconf 87' lang='lat' dir='ltr'><strong>sumus,</strong></span> 
     </span>
    </p>
   </div>
   <div class='ocr_carea' id='block_1_25' title="bbox 735 2297 2295 2378">
    <p class='ocr_par' dir='ltr' id='par_1_25' title="bbox 735 2297 2295 2378">
     <span class='ocr_line' id='line_1_25' title="bbox 735 2297 2295 2378; baseline 0.006 -25"><span class='ocrx_word' id='word_1_179' title='bbox 735 2297 924 2354; x_wconf 85' lang='lat' dir='ltr'><strong>christi</strong></span> <span class='ocrx_word' id='word_1_180' title='bbox 973 2301 1324 2371; x_wconf 87' lang='lat' dir='ltr'><strong>appellamur.</strong></span> <span class='ocrx_word' id='word_1_181' title='bbox 1386 2302 1542 2369; x_wconf 85' lang='lat' dir='ltr'><strong>Quod</strong></span> <span class='ocrx_word' id='word_1_182' title='bbox 1587 2312 1769 2360; x_wconf 89' lang='lat' dir='ltr'><strong>autem</strong></span> <span class='ocrx_word' id='word_1_183' title='bbox 1795 2321 1896 2361; x_wconf 90' lang='lat' dir='ltr'><strong>nos</strong></span> <span class='ocrx_word' id='word_1_184' title='bbox 1934 2322 2153 2378; x_wconf 92' lang='lat' dir='ltr'><strong>quoque</strong></span> <span class='ocrx_word' id='word_1_185' title='bbox 2187 2309 2295 2363; x_wconf 84' lang='lat' dir='ltr'><strong>hoc</strong></span> 
     </span>
    </p>
   </div>
   <div class='ocr_carea' id='block_1_26' title="bbox 736 2390 2295 2468">
    <p class='ocr_par' dir='ltr' id='par_1_26' title="bbox 736 2390 2295 2468">
     <span class='ocr_line' id='line_1_26' title="bbox 736 2390 2295 2468; baseline 0.006 -24"><span class='ocrx_word' id='word_1_186' title='bbox 736 2399 846 2444; x_wconf 77' lang='lat' dir='ltr'><strong>tam</strong></span> <span class='ocrx_word' id='word_1_187' title='bbox 877 2390 1078 2447; x_wconf 79' lang='lat' dir='ltr'><strong>illustri</strong></span> <span class='ocrx_word' id='word_1_188' title='bbox 1109 2401 1326 2462; x_wconf 83' lang='lat' dir='ltr'><strong>tamque</strong></span> <span class='ocrx_word' id='word_1_189' title='bbox 1354 2395 1745 2464; x_wconf 69' lang='lat' dir='ltr'><strong>amplectenda:</strong></span> <span class='ocrx_word' id='word_1_190' title='bbox 1776 2397 1965 2468; x_wconf 65' lang='lat' dir='ltr'><strong>gratia:</strong></span> <span class='ocrx_word' id='word_1_191' title='bbox 1995 2398 2141 2453; x_wconf 88' lang='lat' dir='ltr'><strong>dono</strong></span> <span class='ocrx_word' id='word_1_192' title='bbox 2166 2414 2295 2454; x_wconf 87' lang='lat' dir='ltr'><strong>vere</strong></span> 
     </span>
    </p>
   </div>
   <div class='ocr_carea' id='block_1_27' title="bbox 735 2477 2296 2556">
    <p class='ocr_par' dir='ltr' id='par_1_27' title="bbox 735 2477 2296 2556">
     <span class='ocr_line' id='line_1_27' title="bbox 735 2477 2296 2556; baseline 0.006 -24"><span class='ocrx_word' id='word_1_193' title='bbox 735 2477 1149 2548; x_wconf 90' lang='lat' dir='ltr'><strong>loeupletemur,</strong></span> <span class='ocrx_word' id='word_1_194' title='bbox 1182 2481 1237 2536; x_wconf 90' lang='lat' dir='ltr'><strong>id</strong></span> <span class='ocrx_word' id='word_1_195' title='bbox 1259 2482 1476 2551; x_wconf 87' lang='lat' dir='ltr'><strong>sapiens</strong></span> <span class='ocrx_word' id='word_1_196' title='bbox 1505 2483 1597 2538; x_wconf 93' lang='lat' dir='ltr'><strong>ille</strong></span> <span class='ocrx_word' id='word_1_197' title='bbox 1620 2483 1857 2540; x_wconf 84' lang='lat' dir='ltr'><strong>Joannes</strong></span> <span class='ocrx_word' id='word_1_198' title='bbox 1877 2486 2146 2556; x_wconf 81' lang='lat' dir='ltr'><strong>ejusmodi</strong></span> <span class='ocrx_word' id='word_1_199' title='bbox 2169 2502 2296 2541; x_wconf 82' lang='lat' dir='ltr'><strong>ora-</strong></span> 
     </span>
    </p>
   </div>
   <div class='ocr_carea' id='block_1_28' title="bbox 736 2567 2298 2643">
    <p class='ocr_par' dir='ltr' id='par_1_28' title="bbox 736 2567 2298 2643">
     <span class='ocr_line' id='line_1_28' title="bbox 736 2567 2298 2643; baseline 0.007 -22"><span class='ocrx_word' id='word_1_200' title='bbox 736 2567 883 2622; x_wconf 87' lang='lat' dir='ltr'><strong>tione</strong></span> <span class='ocrx_word' id='word_1_201' title='bbox 903 2568 1188 2625; x_wconf 79' lang='lat' dir='ltr'><strong>conﬁrmat</strong></span> <span class='ocrx_word' id='word_1_202' title='bbox 1213 2588 1230 2624; x_wconf 93' lang='lat'><strong>:-</strong></span> <span class='ocrx_word' id='word_1_203' title='bbox 1258 2591 1275 2622; x_wconf 81' lang='grc' dir='ltr'>ι</span> <span class='ocrx_word' id='word_1_204' title='bbox 1298 2572 1366 2626; x_wconf 86' lang='grc' dir='ltr'>Ει</span> <span class='ocrx_word' id='word_1_205' title='bbox 1385 2587 1502 2636; x_wconf 86' lang='lat' dir='ltr'><strong>vos,</strong></span> <span class='ocrx_word' id='word_1_206' title='bbox 1527 2573 1725 2643; x_wconf 90' lang='lat' dir='ltr'><strong>inquit,</strong></span> <span class='ocrx_word' id='word_1_207' title='bbox 1750 2575 2063 2631; x_wconf 88' lang='lat' dir='ltr'><strong>unctionem</strong></span> <span class='ocrx_word' id='word_1_208' title='bbox 2081 2575 2298 2632; x_wconf 88' lang='lat' dir='ltr'><strong>habetis</strong></span> 
     </span>
    </p>
   </div>
   <div class='ocr_carea' id='block_1_29' title="bbox 735 2659 2297 2738">
    <p class='ocr_par' dir='ltr' id='par_1_29' title="bbox 735 2659 2297 2738">
     <span class='ocr_line' id='line_1_29' title="bbox 735 2659 2297 2738; baseline 0.004 -24"><span class='ocrx_word' id='word_1_209' title='bbox 735 2675 764 2714; x_wconf 72' lang='grc' dir='ltr'>ι</span> <span class='ocrx_word' id='word_1_210' title='bbox 793 2659 1052 2715; x_wconf 80' lang='lat' dir='ltr'><strong>Sancto&quot;</strong></span> <span class='ocrx_word' id='word_1_211' title='bbox 1074 2681 1094 2714; x_wconf 68' lang='grc' dir='ltr'>ι</span> <span class='ocrx_word' id='word_1_212' title='bbox 1119 2678 1135 2729; x_wconf 92' lang='grc'>;</span> <span class='ocrx_word' id='word_1_213' title='bbox 1158 2672 1217 2718; x_wconf 85' lang='lat' dir='ltr'><strong>et</strong></span> <span class='ocrx_word' id='word_1_214' title='bbox 1240 2663 1381 2717; x_wconf 90' lang='lat' dir='ltr'><strong>infra</strong></span> <span class='ocrx_word' id='word_1_215' title='bbox 1405 2681 1419 2718; x_wconf 90' lang='lat'><strong>:</strong></span> <span class='ocrx_word' id='word_1_216' title='bbox 1451 2687 1467 2714; x_wconf 72' lang='grc' dir='ltr'>ι</span> <span class='ocrx_word' id='word_1_217' title='bbox 1490 2663 1677 2734; x_wconf 84' lang='lat' dir='ltr'><strong>Neque</strong></span> <span class='ocrx_word' id='word_1_218' title='bbox 1704 2681 1840 2736; x_wconf 88' lang='lat' dir='ltr'><strong>opus</strong></span> <span class='ocrx_word' id='word_1_219' title='bbox 1860 2666 2075 2722; x_wconf 88' lang='lat' dir='ltr'><strong>habetis</strong></span> <span class='ocrx_word' id='word_1_220' title='bbox 2097 2668 2297 2738; x_wconf 88' lang='lat' dir='ltr'><strong>utquis</strong></span> 
     </span>
    </p>
   </div>
   <div class='ocr_carea' id='block_1_30' title="bbox 733 2747 2300 2825">
    <p class='ocr_par' dir='ltr' id='par_1_30' title="bbox 733 2747 2300 2825">
     <span class='ocr_line' id='line_1_30' title="bbox 733 2747 2300 2825; baseline 0.006 -25"><span class='ocrx_word' id='word_1_221' title='bbox 733 2761 831 2802; x_wconf 81' lang='lat' dir='ltr'><strong>vos</strong></span> <span class='ocrx_word' id='word_1_222' title='bbox 857 2747 1082 2815; x_wconf 88' lang='lat' dir='ltr'><strong>doceat;</strong></span> <span class='ocrx_word' id='word_1_223' title='bbox 1115 2751 1306 2804; x_wconf 91' lang='lat' dir='ltr'><strong>unctio</strong></span> <span class='ocrx_word' id='word_1_224' title='bbox 1326 2750 1486 2804; x_wconf 90' lang='lat' dir='ltr'><strong>docet</strong></span> <span class='ocrx_word' id='word_1_225' title='bbox 1510 2767 1607 2806; x_wconf 90' lang='lat' dir='ltr'><strong>vos</strong></span> <span class='ocrx_word' id='word_1_226' title='bbox 1621 2754 1717 2805; x_wconf 79' lang='grc'><strong>⁸³.»</strong></span> <span class='ocrx_word' id='word_1_227' title='bbox 1750 2754 1826 2809; x_wconf 91' lang='lat' dir='ltr'><strong>De</strong></span> <span class='ocrx_word' id='word_1_228' title='bbox 1846 2754 1965 2824; x_wconf 90' lang='lat' dir='ltr'><strong>ipso</strong></span> <span class='ocrx_word' id='word_1_229' title='bbox 1986 2770 2153 2825; x_wconf 90' lang='lat' dir='ltr'><strong>porro</strong></span> <span class='ocrx_word' id='word_1_230' title='bbox 2173 2757 2300 2810; x_wconf 75' lang='lat' dir='ltr'><strong>Em-</strong></span> 
     </span>
    </p>
   </div>
   <div class='ocr_carea' id='block_1_31' title="bbox 735 2837 2293 2911">
    <p class='ocr_par' dir='ltr' id='par_1_31' title="bbox 735 2837 2293 2911">
     <span class='ocr_line' id='line_1_31' title="bbox 735 2837 2293 2911; baseline 0.006 -21"><span class='ocrx_word' id='word_1_231' title='bbox 735 2837 988 2892; x_wconf 87' lang='lat' dir='ltr'><strong>manuele</strong></span> <span class='ocrx_word' id='word_1_232' title='bbox 1022 2837 1099 2892; x_wconf 89' lang='lat' dir='ltr'><strong>ita</strong></span> <span class='ocrx_word' id='word_1_233' title='bbox 1132 2839 1400 2908; x_wconf 89' lang='lat' dir='ltr'><strong>scriptum</strong></span> <span class='ocrx_word' id='word_1_234' title='bbox 1430 2852 1603 2896; x_wconf 83' lang='lat' dir='ltr'><strong>exstat</strong></span> <span class='ocrx_word' id='word_1_235' title='bbox 1641 2860 1654 2896; x_wconf 74' lang='grc' dir='ltr'>ε</span> <span class='ocrx_word' id='word_1_236' title='bbox 1696 2862 1714 2894; x_wconf 73' lang='grc' dir='ltr'>ι</span> <span class='ocrx_word' id='word_1_237' title='bbox 1735 2843 1921 2898; x_wconf 85' lang='lat' dir='ltr'><strong>Jesum</strong></span> <span class='ocrx_word' id='word_1_238' title='bbox 1947 2860 1979 2900; x_wconf 88' lang='lat' dir='ltr'><strong>a</strong></span> <span class='ocrx_word' id='word_1_239' title='bbox 2006 2845 2293 2911; x_wconf 82' lang='lat' dir='ltr'><strong>Nazareth,</strong></span> 
     </span>
    </p>
   </div>
   <div class='ocr_carea' id='block_1_32' title="bbox 733 2927 2287 3001">
    <p class='ocr_par' dir='ltr' id='par_1_32' title="bbox 733 2927 2287 3001">
     <span class='ocr_line' id='line_1_32' title="bbox 733 2927 2287 3001; baseline 0.006 -21"><span class='ocrx_word' id='word_1_240' title='bbox 733 2927 1005 2996; x_wconf 88' lang='lat' dir='ltr'><strong>quomodo</strong></span> <span class='ocrx_word' id='word_1_241' title='bbox 1021 2929 1174 2983; x_wconf 76' lang='lat' dir='ltr'><strong>unxit</strong></span> <span class='ocrx_word' id='word_1_242' title='bbox 1188 2945 1313 2984; x_wconf 93' lang='lat' dir='ltr'><strong>eum</strong></span> <span class='ocrx_word' id='word_1_243' title='bbox 1323 2932 1466 2986; x_wconf 91' lang='lat' dir='ltr'><strong>Deus</strong></span> <span class='ocrx_word' id='word_1_244' title='bbox 1479 2931 1685 3001; x_wconf 87' lang='lat' dir='ltr'><strong>Spiritu</strong></span> <span class='ocrx_word' id='word_1_245' title='bbox 1703 2943 1892 2989; x_wconf 81' lang='lat' dir='ltr'><strong>sancto</strong></span> <span class='ocrx_word' id='word_1_246' title='bbox 1909 2945 1963 2990; x_wconf 91' lang='lat' dir='ltr'><strong>et</strong></span> <span class='ocrx_word' id='word_1_247' title='bbox 1977 2937 2180 2992; x_wconf 86' lang='lat' dir='ltr'><strong>virtute</strong></span> <span class='ocrx_word' id='word_1_248' title='bbox 2192 2938 2256 2990; x_wconf 83' lang='lat'><strong>&quot;.</strong></span> <span class='ocrx_word' id='word_1_249' title='bbox 2270 2958 2287 2990; x_wconf 73' lang='grc' dir='ltr'>ι</span> 
     </span>
    </p>
   </div>
   <div class='ocr_carea' id='block_1_33' title="bbox 733 3020 2293 3093">
    <p class='ocr_par' dir='ltr' id='par_1_33' title="bbox 733 3020 2293 3093">
     <span class='ocr_line' id='line_1_33' title="bbox 733 3020 2293 3093; baseline 0.008 -18"><span class='ocrx_word' id='word_1_250' title='bbox 733 3020 840 3075; x_wconf 84' lang='lat' dir='ltr'><strong>Sed</strong></span> <span class='ocrx_word' id='word_1_251' title='bbox 867 3029 922 3074; x_wconf 89' lang='lat' dir='ltr'><strong>et</strong></span> <span class='ocrx_word' id='word_1_252' title='bbox 948 3020 1165 3077; x_wconf 86' lang='lat' dir='ltr'><strong>divinus</strong></span> <span class='ocrx_word' id='word_1_253' title='bbox 1189 3038 1406 3093; x_wconf 90' lang='lat' dir='ltr'><strong>quoque</strong></span> <span class='ocrx_word' id='word_1_254' title='bbox 1434 3033 1586 3080; x_wconf 83' lang='lat' dir='ltr'><strong>vates</strong></span> <span class='ocrx_word' id='word_1_255' title='bbox 1611 3027 1783 3080; x_wconf 83' lang='lat' dir='ltr'><strong>David</strong></span> <span class='ocrx_word' id='word_1_256' title='bbox 1824 3029 2078 3085; x_wconf 87' lang='lat' dir='ltr'><strong>eumdem</strong></span> <span class='ocrx_word' id='word_1_257' title='bbox 2110 3031 2184 3086; x_wconf 90' lang='lat' dir='ltr'><strong>ita</strong></span> <span class='ocrx_word' id='word_1_258' title='bbox 2212 3031 2293 3087; x_wconf 88' lang='lat' dir='ltr'><strong>af-</strong></span> 
     </span>
    </p>
   </div>
   <div class='ocr_carea' id='block_1_34' title="bbox 733 3111 2362 3199">
    <p class='ocr_par' dir='ltr' id='par_1_34' title="bbox 733 3111 2362 3199">
     <span class='ocr_line' id='line_1_34' title="bbox 733 3111 2362 3199; baseline 0.007 -33"><span class='ocrx_word' id='word_1_259' title='bbox 733 3111 881 3166; x_wconf 74' lang='lat' dir='ltr'><strong>fatur</strong></span> <span class='ocrx_word' id='word_1_260' title='bbox 913 3129 926 3165; x_wconf 89' lang='lat'><strong>:</strong></span> <span class='ocrx_word' id='word_1_261' title='bbox 970 3132 986 3163; x_wconf 80' lang='grc' dir='ltr'>ι</span> <span class='ocrx_word' id='word_1_262' title='bbox 1011 3114 1258 3168; x_wconf 77' lang='lat' dir='ltr'><strong>Dilexisti</strong></span> <span class='ocrx_word' id='word_1_263' title='bbox 1280 3116 1568 3184; x_wconf 87' lang='lat' dir='ltr'><strong>justitiam,</strong></span> <span class='ocrx_word' id='word_1_264' title='bbox 1602 3125 1658 3170; x_wconf 92' lang='lat' dir='ltr'><strong>et</strong></span> <span class='ocrx_word' id='word_1_265' title='bbox 1685 3117 1851 3174; x_wconf 89' lang='lat' dir='ltr'><strong>odisti</strong></span> <span class='ocrx_word' id='word_1_266' title='bbox 1893 3119 2239 3191; x_wconf 72' lang='lat' dir='ltr'><strong>iniquitatem</strong></span> <span class='ocrx_word' id='word_1_267' title='bbox 2277 3143 2289 3177; x_wconf 90' lang='lat'>:</span> <span class='ocrx_word' id='word_1_268' title='bbox 2320 3143 2362 3199; x_wconf 74' lang='grc' dir='ltr'>ο</span> 
     </span>
    </p>
   </div>
   <div class='ocr_carea' id='block_1_35' title="bbox 731 3205 2294 3283">
    <p class='ocr_par' dir='ltr' id='par_1_35' title="bbox 731 3205 2294 3283">
     <span class='ocr_line' id='line_1_35' title="bbox 731 3205 2294 3283; baseline 0.008 -27"><span class='ocrx_word' id='word_1_269' title='bbox 731 3212 1026 3273; x_wconf 82' lang='lat' dir='ltr'><strong>prapterea</strong></span> <span class='ocrx_word' id='word_1_270' title='bbox 1041 3205 1194 3259; x_wconf 83' lang='lat' dir='ltr'><strong>unxit</strong></span> <span class='ocrx_word' id='word_1_271' title='bbox 1218 3215 1268 3260; x_wconf 91' lang='lat' dir='ltr'><strong>te</strong></span> <span class='ocrx_word' id='word_1_272' title='bbox 1296 3207 1460 3270; x_wconf 90' lang='lat' dir='ltr'><strong>Deus,</strong></span> <span class='ocrx_word' id='word_1_273' title='bbox 1476 3208 1620 3260; x_wconf 90' lang='lat' dir='ltr'><strong>Deus</strong></span> <span class='ocrx_word' id='word_1_274' title='bbox 1643 3217 1788 3273; x_wconf 89' lang='lat' dir='ltr'><strong>tuus,</strong></span> <span class='ocrx_word' id='word_1_275' title='bbox 1815 3210 1938 3264; x_wconf 92' lang='lat' dir='ltr'><strong>oleo</strong></span> <span class='ocrx_word' id='word_1_276' title='bbox 1962 3211 2164 3267; x_wconf 70' lang='lat' dir='ltr'><strong>laatitize</strong></span> <span class='ocrx_word' id='word_1_277' title='bbox 2182 3229 2294 3283; x_wconf 71' lang='lat' dir='ltr'><strong>pra:</strong></span> 
     </span>
    </p>
   </div>
   <div class='ocr_carea' id='block_1_36' title="bbox 734 3284 2294 3372">
    <p class='ocr_par' dir='ltr' id='par_1_36' title="bbox 734 3284 2294 3372">
     <span class='ocr_line' id='line_1_36' title="bbox 734 3284 2294 3372; baseline 0.006 -22"><span class='ocrx_word' id='word_1_278' title='bbox 734 3294 1083 3350; x_wconf 81' lang='lat' dir='ltr'><strong>consortibus</strong></span> <span class='ocrx_word' id='word_1_279' title='bbox 1102 3295 1212 3350; x_wconf 85' lang='lat' dir='ltr'><strong>tuis</strong></span> <span class='ocrx_word' id='word_1_280' title='bbox 1227 3297 1322 3351; x_wconf 71' lang='lat' dir='ltr'><strong>“.t</strong></span> <span class='ocrx_word' id='word_1_281' title='bbox 1361 3284 1568 3367; x_wconf 70' lang='lat' dir='ltr'><strong>Ecquid</strong></span> <span class='ocrx_word' id='word_1_282' title='bbox 1593 3315 1726 3368; x_wconf 84' lang='lat' dir='ltr'><strong>ergo</strong></span> <span class='ocrx_word' id='word_1_283' title='bbox 1756 3301 2019 3355; x_wconf 83' lang='lat' dir='ltr'><strong>eximium</strong></span> <span class='ocrx_word' id='word_1_284' title='bbox 2046 3319 2158 3372; x_wconf 65' lang='lat' dir='ltr'><strong>prae</strong></span> <span class='ocrx_word' id='word_1_285' title='bbox 2188 3321 2294 3359; x_wconf 65' lang='lat' dir='ltr'><strong>caa-</strong></span> 
     </span>
    </p>
   </div>
   <div class='ocr_carea' id='block_1_37' title="bbox 737 3386 2295 3461">
    <p class='ocr_par' dir='ltr' id='par_1_37' title="bbox 737 3386 2295 3461">
     <span class='ocr_line' id='line_1_37' title="bbox 737 3386 2295 3461; baseline 0.005 -19"><span class='ocrx_word' id='word_1_286' title='bbox 737 3386 869 3442; x_wconf 81' lang='lat' dir='ltr'><strong>teris</strong></span> <span class='ocrx_word' id='word_1_287' title='bbox 919 3386 1243 3442; x_wconf 88' lang='lat' dir='ltr'><strong>mulieribus</strong></span> <span class='ocrx_word' id='word_1_288' title='bbox 1291 3388 1346 3442; x_wconf 91' lang='lat' dir='ltr'><strong>in</strong></span> <span class='ocrx_word' id='word_1_289' title='bbox 1395 3404 1545 3445; x_wconf 86' lang='lat' dir='ltr'><strong>sacra</strong></span> <span class='ocrx_word' id='word_1_290' title='bbox 1575 3390 1794 3461; x_wconf 80' lang='lat' dir='ltr'><strong>Virgine</strong></span> <span class='ocrx_word' id='word_1_291' title='bbox 1829 3392 2032 3458; x_wconf 89' lang='lat' dir='ltr'><strong>elucet,</strong></span> <span class='ocrx_word' id='word_1_292' title='bbox 2079 3395 2196 3448; x_wconf 84' lang='lat' dir='ltr'><strong>etsi&#39;</strong></span> <span class='ocrx_word' id='word_1_293' title='bbox 2230 3412 2295 3450; x_wconf 90' lang='lat' dir='ltr'><strong>ea</strong></span> 
     </span>
    </p>
   </div>
   <div class='ocr_carea' id='block_1_38' title="bbox 738 3475 2296 3551">
    <p class='ocr_par' dir='ltr' id='par_1_38' title="bbox 738 3475 2296 3551">
     <span class='ocr_line' id='line_1_38' title="bbox 738 3475 2296 3551; baseline 0.006 -22"><span class='ocrx_word' id='word_1_294' title='bbox 738 3475 1145 3532; x_wconf 76' lang='lat' dir='ltr'><strong>Emmanuelem</strong></span> <span class='ocrx_word' id='word_1_295' title='bbox 1186 3477 1243 3532; x_wconf 91' lang='lat' dir='ltr'><strong>in</strong></span> <span class='ocrx_word' id='word_1_296' title='bbox 1274 3477 1452 3533; x_wconf 89' lang='lat' dir='ltr'><strong>lucem</strong></span> <span class='ocrx_word' id='word_1_297' title='bbox 1478 3480 1715 3537; x_wconf 89' lang='lat' dir='ltr'><strong>edidisse</strong></span> <span class='ocrx_word' id='word_1_298' title='bbox 1742 3481 2128 3551; x_wconf 88' lang='lat' dir='ltr'><strong>perhibeatur?</strong></span> <span class='ocrx_word' id='word_1_299' title='bbox 2162 3485 2296 3539; x_wconf 83' lang='lat' dir='ltr'><strong>Pro-</strong></span> 
     </span>
    </p>
   </div>
   <div class='ocr_carea' id='block_1_39' title="bbox 739 3564 2296 3643">
    <p class='ocr_par' dir='ltr' id='par_1_39' title="bbox 739 3564 2296 3643">
     <span class='ocr_line' id='line_1_39' title="bbox 739 3564 2296 3643; baseline 0.006 -24"><span class='ocrx_word' id='word_1_300' title='bbox 739 3564 881 3620; x_wconf 89' lang='lat' dir='ltr'><strong>fecto</strong></span> <span class='ocrx_word' id='word_1_301' title='bbox 902 3566 1268 3626; x_wconf 86' lang='lat' dir='ltr'><strong>nihil.faceret</strong></span> <span class='ocrx_word' id='word_1_302' title='bbox 1289 3568 1532 3634; x_wconf 89' lang='lat' dir='ltr'><strong>absurdi,</strong></span> <span class='ocrx_word' id='word_1_303' title='bbox 1558 3571 1651 3640; x_wconf 89' lang='lat' dir='ltr'><strong>qui</strong></span> <span class='ocrx_word' id='word_1_304' title='bbox 1668 3571 1978 3641; x_wconf 86' lang='lat' dir='ltr'><strong>promiscue</strong></span> <span class='ocrx_word' id='word_1_305' title='bbox 2000 3573 2296 3643; x_wconf 90' lang='lat' dir='ltr'><strong>cujuslibet</strong></span> 
     </span>
    </p>
   </div>
   <div class='ocr_carea' id='block_1_40' title="bbox 738 3656 2294 3731">
    <p class='ocr_par' dir='ltr' id='par_1_40' title="bbox 738 3656 2294 3731">
     <span class='ocr_line' id='line_1_40' title="bbox 738 3656 2294 3731; baseline 0.007 -21"><span class='ocrx_word' id='word_1_306' title='bbox 738 3656 888 3710; x_wconf 87' lang='lat' dir='ltr'><strong>uncti</strong></span> <span class='ocrx_word' id='word_1_307' title='bbox 937 3664 1165 3712; x_wconf 85' lang='lat' dir='ltr'><strong>matrem</strong></span> <span class='ocrx_word' id='word_1_308' title='bbox 1210 3656 1605 3729; x_wconf 86' lang='lat' dir='ltr'><strong>Christiparam</strong></span> <span class='ocrx_word' id='word_1_309' title='bbox 1652 3661 1922 3731; x_wconf 88' lang='lat' dir='ltr'><strong>appellare</strong></span> <span class='ocrx_word' id='word_1_310' title='bbox 1963 3662 2019 3719; x_wconf 87' lang='lat' dir='ltr'><strong>in</strong></span> <span class='ocrx_word' id='word_1_311' title='bbox 2049 3665 2294 3720; x_wconf 89' lang='lat' dir='ltr'><strong>animum</strong></span> 
     </span>
    </p>
   </div>
   <div class='ocr_carea' id='block_1_41' title="bbox 733 3746 1041 3802">
    <p class='ocr_par' dir='ltr' id='par_1_41' title="bbox 733 3746 1041 3802">
     <span class='ocr_line' id='line_1_41' title="bbox 733 3746 1041 3802; baseline 0 0"><span class='ocrx_word' id='word_1_312' title='bbox 733 3746 1041 3802; x_wconf 86' lang='lat' dir='ltr'><strong>induceret.</strong></span> 
     </span>
    </p>
   </div>
   <div class='ocr_carea' id='block_1_42' title="bbox 806 3837 2298 3914">
    <p class='ocr_par' dir='ltr' id='par_1_42' title="bbox 806 3837 2298 3914">
     <span class='ocr_line' id='line_1_42' title="bbox 806 3837 2298 3914; baseline 0.009 -23"><span class='ocrx_word' id='word_1_313' title='bbox 806 3837 1060 3910; x_wconf 85' lang='lat' dir='ltr'><strong>[Nihilne</strong></span> <span class='ocrx_word' id='word_1_314' title='bbox 1110 3855 1241 3910; x_wconf 81' lang='lat' dir='ltr'><strong>ergo</strong></span> <span class='ocrx_word' id='word_1_315' title='bbox 1288 3838 1431 3896; x_wconf 89' lang='lat' dir='ltr'><strong>inter</strong></span> <span class='ocrx_word' id='word_1_316' title='bbox 1471 3841 1751 3898; x_wconf 89' lang='lat' dir='ltr'><strong>Christum</strong></span> <span class='ocrx_word' id='word_1_317' title='bbox 1777 3845 2211 3914; x_wconf 84' lang='lat' dir='ltr'><strong>Emmanuelem,</strong></span> <span class='ocrx_word' id='word_1_318' title='bbox 2241 3857 2298 3904; x_wconf 91' lang='lat' dir='ltr'><strong>et</strong></span> 
     </span>
    </p>
   </div>
   <div class='ocr_carea' id='block_1_43' title="bbox 733 3928 2294 4009">
    <p class='ocr_par' dir='ltr' id='par_1_43' title="bbox 733 3928 2294 4009">
     <span class='ocr_line' id='line_1_43' title="bbox 733 3928 2294 4009; baseline 0.008 -25"><span class='ocrx_word' id='word_1_319' title='bbox 733 3935 959 3984; x_wconf 62' lang='lat' dir='ltr'><strong>ceteros</strong></span> <span class='ocrx_word' id='word_1_320' title='bbox 992 3928 1226 3985; x_wconf 87' lang='lat' dir='ltr'><strong>ohristos</strong></span> <span class='ocrx_word' id='word_1_321' title='bbox 1254 3931 1554 4005; x_wconf 77' lang='lat' dir='ltr'><strong>interest?]</strong></span> <span class='ocrx_word' id='word_1_322' title='bbox 1589 3935 1704 3989; x_wconf 88' lang='lat' dir='ltr'><strong>lmo</strong></span> <span class='ocrx_word' id='word_1_323' title='bbox 1725 3951 1856 3992; x_wconf 92' lang='lat' dir='ltr'><strong>vero</strong></span> <span class='ocrx_word' id='word_1_324' title='bbox 1881 3937 2090 4009; x_wconf 82' lang='lat' dir='ltr'><strong>ingenti</strong></span> <span class='ocrx_word' id='word_1_325' title='bbox 2118 3940 2294 3997; x_wconf 88' lang='lat' dir='ltr'><strong>inter-</strong></span> 
     </span>
    </p>
   </div>
   <div class='ocr_carea' id='block_1_44' title="bbox 731 4017 2294 4092">
    <p class='ocr_par' dir='ltr' id='par_1_44' title="bbox 731 4017 2294 4092">
     <span class='ocr_line' id='line_1_44' title="bbox 731 4017 2294 4092; baseline 0.009 -20"><span class='ocrx_word' id='word_1_326' title='bbox 731 4018 878 4072; x_wconf 85' lang='lat' dir='ltr'><strong>vallo</strong></span> <span class='ocrx_word' id='word_1_327' title='bbox 903 4025 959 4073; x_wconf 89' lang='lat' dir='ltr'><strong>et</strong></span> <span class='ocrx_word' id='word_1_328' title='bbox 998 4017 1318 4076; x_wconf 87' lang='lat' dir='ltr'><strong>discrimine</strong></span> <span class='ocrx_word' id='word_1_329' title='bbox 1366 4037 1505 4092; x_wconf 85' lang='lat' dir='ltr'><strong>pene</strong></span> <span class='ocrx_word' id='word_1_330' title='bbox 1559 4024 1831 4081; x_wconf 84' lang='lat' dir='ltr'><strong>immenso</strong></span> <span class='ocrx_word' id='word_1_331' title='bbox 1880 4042 1982 4082; x_wconf 89' lang='lat' dir='ltr'><strong>nos</strong></span> <span class='ocrx_word' id='word_1_332' title='bbox 2021 4045 2052 4084; x_wconf 91' lang='lat' dir='ltr'><strong>a</strong></span> <span class='ocrx_word' id='word_1_333' title='bbox 2088 4028 2294 4087; x_wconf 87' lang='lat' dir='ltr'><strong>Christi</strong></span> 
     </span>
    </p>
   </div>
   <div class='ocr_carea' id='block_1_45' title="bbox 729 4108 2293 4186">
    <p class='ocr_par' dir='ltr' id='par_1_45' title="bbox 729 4108 2293 4186">
     <span class='ocr_line' id='line_1_45' title="bbox 729 4108 2293 4186; baseline 0.009 -24"><span class='ocrx_word' id='word_1_334' title='bbox 729 4108 902 4179; x_wconf 77' lang='lat' dir='ltr'><strong>gloria</strong></span> <span class='ocrx_word' id='word_1_335' title='bbox 925 4119 981 4165; x_wconf 92' lang='lat' dir='ltr'><strong>et</strong></span> <span class='ocrx_word' id='word_1_336' title='bbox 1004 4111 1324 4185; x_wconf 64' lang='lat' dir='ltr'><strong>excellentia</strong></span> <span class='ocrx_word' id='word_1_337' title='bbox 1347 4115 1704 4186; x_wconf 80' lang='lat' dir='ltr'><strong>sejungimur.</strong></span> <span class='ocrx_word' id='word_1_338' title='bbox 1735 4115 1951 4172; x_wconf 88' lang='lat' dir='ltr'><strong>Etenim</strong></span> <span class='ocrx_word' id='word_1_339' title='bbox 1977 4133 2080 4174; x_wconf 89' lang='lat' dir='ltr'><strong>nos</strong></span> <span class='ocrx_word' id='word_1_340' title='bbox 2099 4119 2293 4176; x_wconf 82' lang='lat' dir='ltr'><strong>famuli</strong></span> 
     </span>
    </p>
   </div>
   <div class='ocr_carea' id='block_1_46' title="bbox 732 4201 2292 4277">
    <p class='ocr_par' dir='ltr' id='par_1_46' title="bbox 732 4201 2292 4277">
     <span class='ocr_line' id='line_1_46' title="bbox 732 4201 2292 4277; baseline 0.009 -22"><span class='ocrx_word' id='word_1_341' title='bbox 732 4215 955 4268; x_wconf 76' lang='lat' dir='ltr'><strong>sumus;</strong></span> <span class='ocrx_word' id='word_1_342' title='bbox 983 4201 1074 4257; x_wconf 92' lang='lat' dir='ltr'><strong>ille</strong></span> <span class='ocrx_word' id='word_1_343' title='bbox 1095 4217 1228 4258; x_wconf 85' lang='lat' dir='ltr'><strong>vero</strong></span> <span class='ocrx_word' id='word_1_344' title='bbox 1247 4205 1349 4259; x_wconf 90' lang='lat' dir='ltr'><strong>etsi</strong></span> <span class='ocrx_word' id='word_1_345' title='bbox 1367 4205 1770 4277; x_wconf 85' lang='lat' dir='ltr'><strong>dispensatione</strong></span> <span class='ocrx_word' id='word_1_346' title='bbox 1790 4212 2079 4268; x_wconf 85' lang='lat' dir='ltr'><strong>nobiseum</strong></span> <span class='ocrx_word' id='word_1_347' title='bbox 2105 4213 2162 4268; x_wconf 93' lang='lat' dir='ltr'><strong>in</strong></span> <span class='ocrx_word' id='word_1_348' title='bbox 2184 4214 2292 4268; x_wconf 89' lang='lat' dir='ltr'><strong>hu-</strong></span> 
     </span>
    </p>
   </div>
   <div class='ocr_carea' id='block_1_47' title="bbox 735 4293 2292 4372">
    <p class='ocr_par' dir='ltr' id='par_1_47' title="bbox 735 4293 2292 4372">
     <span class='ocr_line' id='line_1_47' title="bbox 735 4293 2292 4372; baseline 0.009 -25"><span class='ocrx_word' id='word_1_349' title='bbox 735 4293 909 4349; x_wconf 84' lang='lat' dir='ltr'><strong>manis</strong></span> <span class='ocrx_word' id='word_1_350' title='bbox 929 4303 1176 4350; x_wconf 86' lang='lat' dir='ltr'><strong>versatus</strong></span> <span class='ocrx_word' id='word_1_351' title='bbox 1200 4296 1272 4351; x_wconf 91' lang='lat' dir='ltr'><strong>sit</strong></span> <span class='ocrx_word' id='word_1_352' title='bbox 1301 4306 1357 4353; x_wconf 93' lang='lat' dir='ltr'><strong>et</strong></span> <span class='ocrx_word' id='word_1_353' title='bbox 1380 4308 1569 4353; x_wconf 89' lang='lat' dir='ltr'><strong>nostra</strong></span> <span class='ocrx_word' id='word_1_354' title='bbox 1591 4303 1969 4372; x_wconf 83' lang='lat' dir='ltr'><strong>assumpserit,</strong></span> <span class='ocrx_word' id='word_1_355' title='bbox 1987 4304 2292 4361; x_wconf 87' lang='lat' dir='ltr'><strong>secundum</strong></span> 
     </span>
    </p>
   </div>
   <div class='ocr_carea' id='block_1_48' title="bbox 731 4388 2293 4462">
    <p class='ocr_par' dir='ltr' id='par_1_48' title="bbox 731 4388 2293 4462">
     <span class='ocr_line' id='line_1_48' title="bbox 731 4388 2293 4462; baseline 0.008 -23"><span class='ocrx_word' id='word_1_356' title='bbox 731 4393 983 4440; x_wconf 81' lang='lat' dir='ltr'><strong>naturam</strong></span> <span class='ocrx_word' id='word_1_357' title='bbox 1013 4395 1193 4442; x_wconf 89' lang='lat' dir='ltr'><strong>tamen</strong></span> <span class='ocrx_word' id='word_1_358' title='bbox 1222 4388 1366 4444; x_wconf 87' lang='lat' dir='ltr'><strong>Deus</strong></span> <span class='ocrx_word' id='word_1_359' title='bbox 1396 4398 1452 4445; x_wconf 89' lang='lat' dir='ltr'><strong>et</strong></span> <span class='ocrx_word' id='word_1_360' title='bbox 1473 4392 1742 4448; x_wconf 82' lang='lat' dir='ltr'><strong>Dominus</strong></span> <span class='ocrx_word' id='word_1_361' title='bbox 1756 4403 1861 4448; x_wconf 86' lang='lat' dir='ltr'><strong>est.</strong></span> <span class='ocrx_word' id='word_1_362' title='bbox 1901 4393 2080 4462; x_wconf 79' lang='lat' dir='ltr'><strong>Quare</strong></span> <span class='ocrx_word' id='word_1_363' title='bbox 2100 4395 2293 4452; x_wconf 83' lang='lat' dir='ltr'><strong>beatus</strong></span> 
     </span>
    </p>
   </div>
   <div class='ocr_carea' id='block_1_49' title="bbox 2404 579 4002 653">
    <p class='ocr_par' dir='ltr' id='par_1_49' title="bbox 2404 579 4002 653">
     <span class='ocr_line' id='line_1_49' title="bbox 2404 579 4002 653; baseline 0 -17"><span class='ocrx_word' id='word_1_364' title='bbox 2404 583 2745 653; x_wconf 68' lang='grc' dir='ltr'><strong>ἡρμοσμένον</strong></span> <span class='ocrx_word' id='word_1_365' title='bbox 2775 583 2920 653; x_wconf 83' lang='grc' dir='ltr'><strong>μόνῳ</strong></span> <span class='ocrx_word' id='word_1_366' title='bbox 2947 581 3026 652; x_wconf 85' lang='grc' dir='ltr'>τῷ</span> <span class='ocrx_word' id='word_1_367' title='bbox 3065 583 3431 652; x_wconf 77' lang='grc' dir='ltr'>Ἐμμανουὴλ.</span> <span class='ocrx_word' id='word_1_368' title='bbox 3467 582 3602 636; x_wconf 82' lang='grc' dir='ltr'>ἀλλὰ</span> <span class='ocrx_word' id='word_1_369' title='bbox 3625 581 3730 653; x_wconf 79' lang='grc' dir='ltr'><strong>γὰρ</strong></span> <span class='ocrx_word' id='word_1_370' title='bbox 3755 584 3858 636; x_wconf 76' lang='grc' dir='ltr'><strong>καὶ</strong></span> <span class='ocrx_word' id='word_1_371' title='bbox 3896 579 4002 650; x_wconf 67' lang='grc' dir='ltr'><strong>ἔφ’</strong></span> 
     </span>
    </p>
   </div>
   <div class='ocr_carea' id='block_1_50' title="bbox 2403 673 3999 744">
    <p class='ocr_par' dir='ltr' id='par_1_50' title="bbox 2403 673 3999 744">
     <span class='ocr_line' id='line_1_50' title="bbox 2403 673 3999 744; baseline -0.001 -18"><span class='ocrx_word' id='word_1_372' title='bbox 2403 675 2601 744; x_wconf 79' lang='grc' dir='ltr'>ἑτέρων</span> <span class='ocrx_word' id='word_1_373' title='bbox 2649 673 2780 727; x_wconf 82' lang='grc' dir='ltr'>αὐτὸ</span> <span class='ocrx_word' id='word_1_374' title='bbox 2824 673 3130 742; x_wconf 80' lang='grc' dir='ltr'><strong>τεθειμένον</strong></span> <span class='ocrx_word' id='word_1_375' title='bbox 3158 675 3484 744; x_wconf 74' lang='grc' dir='ltr'>εὑρήσομεν.</span> <span class='ocrx_word' id='word_1_376' title='bbox 3536 673 3679 742; x_wconf 69' lang='grc' dir='ltr'>Ἔφη</span> <span class='ocrx_word' id='word_1_377' title='bbox 3709 673 3821 742; x_wconf 78' lang='grc' dir='ltr'><strong>γάρ</strong></span> <span class='ocrx_word' id='word_1_378' title='bbox 3875 689 3999 727; x_wconf 85' lang='grc' dir='ltr'><strong>που</strong></span> 
     </span>
    </p>
   </div>
   <div class='ocr_carea' id='block_1_51' title="bbox 2400 762 4002 833">
    <p class='ocr_par' dir='ltr' id='par_1_51' title="bbox 2400 762 4002 833">
     <span class='ocr_line' id='line_1_51' title="bbox 2400 762 4002 833; baseline -0.001 -16"><span class='ocrx_word' id='word_1_379' title='bbox 2400 767 2428 817; x_wconf 88' lang='grc' dir='ltr'>ὁ</span> <span class='ocrx_word' id='word_1_380' title='bbox 2466 765 2598 827; x_wconf 83' lang='grc' dir='ltr'><strong>Θεὸς</strong></span> <span class='ocrx_word' id='word_1_381' title='bbox 2634 765 2759 833; x_wconf 74' lang='grc' dir='ltr'>περὶ</span> <span class='ocrx_word' id='word_1_382' title='bbox 2794 762 2902 816; x_wconf 84' lang='grc' dir='ltr'><strong>τῶν</strong></span> <span class='ocrx_word' id='word_1_383' title='bbox 2944 763 3341 832; x_wconf 83' lang='grc' dir='ltr'>ὲξειλεγμένων</span> <span class='ocrx_word' id='word_1_384' title='bbox 3383 765 3476 816; x_wconf 80' lang='grc' dir='ltr'>καὶ</span> <span class='ocrx_word' id='word_1_385' title='bbox 3513 764 3873 833; x_wconf 84' lang='grc' dir='ltr'>ήγιασμένων</span> <span class='ocrx_word' id='word_1_386' title='bbox 3927 768 4002 817; x_wconf 78' lang='grc' dir='ltr'>ἐν</span> 
     </span>
    </p>
   </div>
   <div class='ocr_carea' id='block_1_52' title="bbox 2402 854 3998 925">
    <p class='ocr_par' dir='ltr' id='par_1_52' title="bbox 2402 854 3998 925">
     <span class='ocr_line' id='line_1_52' title="bbox 2402 854 3998 925; baseline 0 -18"><span class='ocrx_word' id='word_1_387' title='bbox 2402 855 2712 920; x_wconf 83' lang='grc' dir='ltr'>Πνεύματι·</span> <span class='ocrx_word' id='word_1_388' title='bbox 2754 875 2771 906; x_wconf 90' lang='grc'><strong><em>‹</em></strong></span> <span class='ocrx_word' id='word_1_389' title='bbox 2808 854 2900 925; x_wconf 80' lang='grc' dir='ltr'><strong>Μὴ</strong></span> <span class='ocrx_word' id='word_1_390' title='bbox 2930 854 3164 908; x_wconf 74' lang='grc' dir='ltr'>ἅπτεσθε</span> <span class='ocrx_word' id='word_1_391' title='bbox 3203 855 3312 907; x_wconf 82' lang='grc' dir='ltr'>τῶν</span> <span class='ocrx_word' id='word_1_392' title='bbox 3357 854 3593 925; x_wconf 75' lang='grc' dir='ltr'><strong>χριστῶν</strong></span> <span class='ocrx_word' id='word_1_393' title='bbox 3626 872 3748 924; x_wconf 83' lang='grc' dir='ltr'>μου,</span> <span class='ocrx_word' id='word_1_394' title='bbox 3785 857 3886 908; x_wconf 72' lang='grc' dir='ltr'>καὶ</span> <span class='ocrx_word' id='word_1_395' title='bbox 3927 859 3998 907; x_wconf 82' lang='grc' dir='ltr'>ἐν</span> 
     </span>
    </p>
   </div>
   <div class='ocr_carea' id='block_1_53' title="bbox 2398 945 3996 1017">
    <p class='ocr_par' dir='ltr' id='par_1_53' title="bbox 2398 945 3996 1017">
     <span class='ocr_line' id='line_1_53' title="bbox 2398 945 3996 1017; baseline 0 -18"><span class='ocrx_word' id='word_1_396' title='bbox 2398 951 2511 1010; x_wconf 83' lang='grc' dir='ltr'>τοῖς</span> <span class='ocrx_word' id='word_1_397' title='bbox 2544 947 2849 1017; x_wconf 80' lang='grc' dir='ltr'><strong>προφήταις</strong></span> <span class='ocrx_word' id='word_1_398' title='bbox 2895 963 2993 1016; x_wconf 87' lang='grc' dir='ltr'><strong>μου</strong></span> <span class='ocrx_word' id='word_1_399' title='bbox 3041 946 3117 1016; x_wconf 84' lang='grc' dir='ltr'>μὴ</span> <span class='ocrx_word' id='word_1_400' title='bbox 3167 945 3553 1017; x_wconf 65' lang='grc' dir='ltr'>πονηρεόεσθε.</span> <span class='ocrx_word' id='word_1_401' title='bbox 3587 965 3610 995; x_wconf 71' lang='grc' dir='ltr'><strong><em>γ</em></strong></span> <span class='ocrx_word' id='word_1_402' title='bbox 3655 946 3765 998; x_wconf 78' lang='lat' dir='ltr'><strong>Kal.</strong></span> <span class='ocrx_word' id='word_1_403' title='bbox 3808 946 3924 1016; x_wconf 82' lang='grc' dir='ltr'><strong>μὴν</strong></span> <span class='ocrx_word' id='word_1_404' title='bbox 3959 948 3996 999; x_wconf 79' lang='grc' dir='ltr'><strong>ὁ</strong></span> 
     </span>
    </p>
   </div>
   <div class='ocr_carea' id='block_1_54' title="bbox 2399 1034 3994 1106">
    <p class='ocr_par' dir='ltr' id='par_1_54' title="bbox 2399 1034 3994 1106">
     <span class='ocr_line' id='line_1_54' title="bbox 2399 1034 3994 1106; baseline -0.003 -17"><span class='ocrx_word' id='word_1_405' title='bbox 2399 1036 2686 1101; x_wconf 80' lang='grc' dir='ltr'><strong>θεσπέσιος</strong></span> <span class='ocrx_word' id='word_1_406' title='bbox 2724 1035 2886 1089; x_wconf 87' lang='grc' dir='ltr'>Δαυῖδ</span> <span class='ocrx_word' id='word_1_407' title='bbox 2930 1036 3286 1106; x_wconf 83' lang='grc' dir='ltr'>κεχρισμένος</span> <span class='ocrx_word' id='word_1_408' title='bbox 3327 1037 3406 1098; x_wconf 86' lang='grc' dir='ltr'><strong>είς</strong></span> <span class='ocrx_word' id='word_1_409' title='bbox 3428 1035 3652 1104; x_wconf 80' lang='grc' dir='ltr'><strong>βασιλέα</strong></span> <span class='ocrx_word' id='word_1_410' title='bbox 3696 1034 3852 1105; x_wconf 81' lang='grc' dir='ltr'>παρὰ</span> <span class='ocrx_word' id='word_1_411' title='bbox 3882 1034 3994 1086; x_wconf 77' lang='grc' dir='ltr'><strong>τοῦ</strong></span> 
     </span>
    </p>
   </div>
   <div class='ocr_carea' id='block_1_55' title="bbox 2399 1125 3995 1200">
    <p class='ocr_par' dir='ltr' id='par_1_55' title="bbox 2399 1125 3995 1200">
     <span class='ocr_line' id='line_1_55' title="bbox 2399 1125 3995 1200; baseline -0.004 -18"><span class='ocrx_word' id='word_1_412' title='bbox 2399 1129 2532 1183; x_wconf 87' lang='grc' dir='ltr'>Θεοῦ</span> <span class='ocrx_word' id='word_1_413' title='bbox 2565 1129 2652 1182; x_wconf 82' lang='grc' dir='ltr'>διὰ</span> <span class='ocrx_word' id='word_1_414' title='bbox 2688 1130 2868 1200; x_wconf 84' lang='grc' dir='ltr'>χειρὸς</span> <span class='ocrx_word' id='word_1_415' title='bbox 2910 1127 3184 1198; x_wconf 79' lang='grc' dir='ltr'><strong>Σαμουὴλ,</strong></span> <span class='ocrx_word' id='word_1_416' title='bbox 3235 1147 3251 1178; x_wconf 77' lang='grc' dir='ltr'>ι</span> <span class='ocrx_word' id='word_1_417' title='bbox 3290 1128 3511 1198; x_wconf 63' lang='grc' dir='ltr'>χριστόν</span> <span class='ocrx_word' id='word_1_418' title='bbox 3557 1126 3760 1195; x_wconf 78' lang='grc' dir='ltr'>Κυρίου</span> <span class='ocrx_word' id='word_1_419' title='bbox 3819 1145 3838 1177; x_wconf 68' lang='grc' dir='ltr'><strong><em>υ</em></strong></span> <span class='ocrx_word' id='word_1_420' title='bbox 3885 1125 3995 1176; x_wconf 74' lang='grc' dir='ltr'><strong>τδν</strong></span> 
     </span>
    </p>
   </div>
   <div class='ocr_carea' id='block_1_56' title="bbox 2400 1216 3994 1284">
    <p class='ocr_par' dir='ltr' id='par_1_56' title="bbox 2400 1216 3994 1284">
     <span class='ocr_line' id='line_1_56' title="bbox 2400 1216 3994 1284; baseline -0.006 -9"><span class='ocrx_word' id='word_1_421' title='bbox 2400 1221 2569 1275; x_wconf 81' lang='grc' dir='ltr'>Σαοὺλ</span> <span class='ocrx_word' id='word_1_422' title='bbox 2598 1221 2854 1273; x_wconf 78' lang='grc' dir='ltr'><strong>ἐπεκάλει</strong></span> <span class='ocrx_word' id='word_1_423' title='bbox 2887 1231 2929 1273; x_wconf 68' lang='grc' dir='ltr'>θ.</span> <span class='ocrx_word' id='word_1_424' title='bbox 2983 1221 3089 1273; x_wconf 77' lang='grc' dir='ltr'><strong>Καὶ</strong></span> <span class='ocrx_word' id='word_1_425' title='bbox 3119 1218 3172 1270; x_wconf 90' lang='grc' dir='ltr'><strong>τί</strong></span> <span class='ocrx_word' id='word_1_426' title='bbox 3200 1216 3356 1270; x_wconf 87' lang='grc' dir='ltr'>τοῦτο</span> <span class='ocrx_word' id='word_1_427' title='bbox 3390 1218 3562 1283; x_wconf 85' lang='grc' dir='ltr'>λέγω;</span> <span class='ocrx_word' id='word_1_428' title='bbox 3596 1217 3772 1269; x_wconf 80' lang='grc' dir='ltr'>καίτοι</span> <span class='ocrx_word' id='word_1_429' title='bbox 3811 1216 3994 1284; x_wconf 68' lang='grc' dir='ltr'>μετὸν</span> 
     </span>
    </p>
   </div>
   <div class='ocr_carea' id='block_1_57' title="bbox 2399 1305 3993 1374">
    <p class='ocr_par' dir='ltr' id='par_1_57' title="bbox 2399 1305 3993 1374">
     <span class='ocr_line' id='line_1_57' title="bbox 2399 1305 3993 1374; baseline -0.003 -14"><span class='ocrx_word' id='word_1_430' title='bbox 2399 1308 2635 1371; x_wconf 79' lang='grc' dir='ltr'><strong>εὐκόλως</strong></span> <span class='ocrx_word' id='word_1_431' title='bbox 2688 1311 2803 1369; x_wconf 87' lang='grc' dir='ltr'>τοῖς</span> <span class='ocrx_word' id='word_1_432' title='bbox 2847 1308 3118 1360; x_wconf 76' lang='grc' dir='ltr'>ἐθέλουσιν</span> <span class='ocrx_word' id='word_1_433' title='bbox 3161 1305 3449 1367; x_wconf 77' lang='grc' dir='ltr'>ίδεῖν’τοῦς</span> <span class='ocrx_word' id='word_1_434' title='bbox 3483 1308 3542 1358; x_wconf 83' lang='grc' dir='ltr'>ὲν</span> <span class='ocrx_word' id='word_1_435' title='bbox 3590 1306 3770 1358; x_wconf 83' lang='grc' dir='ltr'>πίστει</span> <span class='ocrx_word' id='word_1_436' title='bbox 3805 1307 3876 1374; x_wconf 80' lang='grc' dir='ltr'>τῇ</span> <span class='ocrx_word' id='word_1_437' title='bbox 3921 1307 3993 1356; x_wconf 74' lang='grc' dir='ltr'>ἐν</span> 
     </span>
    </p>
   </div>
   <div class='ocr_carea' id='block_1_58' title="bbox 2399 1392 3986 1469">
    <p class='ocr_par' dir='ltr' id='par_1_58' title="bbox 2399 1392 3986 1469">
     <span class='ocr_line' id='line_1_58' title="bbox 2399 1392 3986 1469; baseline -0.004 -18"><span class='ocrx_word' id='word_1_438' title='bbox 2399 1399 2617 1469; x_wconf 81' lang='grc' dir='ltr'><strong>Χριστῷ</strong></span> <span class='ocrx_word' id='word_1_439' title='bbox 2657 1398 3134 1466; x_wconf 88' lang='grc' dir='ltr'>δεδικαιωμένους,</span> <span class='ocrx_word' id='word_1_440' title='bbox 3171 1397 3266 1449; x_wconf 76' lang='grc' dir='ltr'><strong>καὶ</strong></span> <span class='ocrx_word' id='word_1_441' title='bbox 3308 1396 3672 1467; x_wconf 79' lang='grc' dir='ltr'>ήγιασμένους</span> <span class='ocrx_word' id='word_1_442' title='bbox 3704 1397 3761 1448; x_wconf 83' lang='grc' dir='ltr'>ἐν</span> <span class='ocrx_word' id='word_1_443' title='bbox 3800 1392 3986 1447; x_wconf 66' lang='grc' dir='ltr'>Πνεύο</span> 
     </span>
    </p>
   </div>
   <div class='ocr_carea' id='block_1_59' title="bbox 2403 1483 3995 1558">
    <p class='ocr_par' dir='ltr' id='par_1_59' title="bbox 2403 1483 3995 1558">
     <span class='ocr_line' id='line_1_59' title="bbox 2403 1483 3995 1558; baseline -0.003 -18"><span class='ocrx_word' id='word_1_444' title='bbox 2403 1506 2551 1558; x_wconf 88' lang='grc' dir='ltr'>ματι,</span> <span class='ocrx_word' id='word_1_445' title='bbox 2587 1490 2653 1557; x_wconf 86' lang='grc' dir='ltr'>τῇ</span> <span class='ocrx_word' id='word_1_446' title='bbox 2708 1488 2885 1556; x_wconf 82' lang='grc' dir='ltr'>τοιᾷδε</span> <span class='ocrx_word' id='word_1_447' title='bbox 2935 1487 3125 1557; x_wconf 83' lang='grc' dir='ltr'>κλήσει</span> <span class='ocrx_word' id='word_1_448' title='bbox 3160 1486 3588 1556; x_wconf 79' lang='grc' dir='ltr'>τετιμημένουςς</span> <span class='ocrx_word' id='word_1_449' title='bbox 3631 1486 3742 1539; x_wconf 72' lang='grc' dir='ltr'><strong>Καὶ</strong></span> <span class='ocrx_word' id='word_1_450' title='bbox 3767 1483 3905 1553; x_wconf 86' lang='grc' dir='ltr'>γοῦν</span> <span class='ocrx_word' id='word_1_451' title='bbox 3950 1484 3995 1536; x_wconf 74' lang='grc' dir='ltr'>ὁ</span> 
     </span>
    </p>
   </div>
   <div class='ocr_carea' id='block_1_60' title="bbox 2401 1575 3992 1650">
    <p class='ocr_par' dir='ltr' id='par_1_60' title="bbox 2401 1575 3992 1650">
     <span class='ocr_line' id='line_1_60' title="bbox 2401 1575 3992 1650; baseline -0.003 -18"><span class='ocrx_word' id='word_1_452' title='bbox 2401 1580 2685 1650; x_wconf 70' lang='grc' dir='ltr'>προφήτης</span> <span class='ocrx_word' id='word_1_453' title='bbox 2737 1577 3060 1646; x_wconf 77' lang='grc' dir='ltr'>Ἀμὸακοὺμ</span> <span class='ocrx_word' id='word_1_454' title='bbox 3098 1577 3158 1630; x_wconf 82' lang='grc' dir='ltr'>τὸ</span> <span class='ocrx_word' id='word_1_455' title='bbox 3183 1578 3275 1630; x_wconf 77' lang='grc' dir='ltr'><strong>ἐπὶ</strong></span> <span class='ocrx_word' id='word_1_456' title='bbox 3304 1576 3522 1648; x_wconf 81' lang='grc' dir='ltr'>Χριστῷ</span> <span class='ocrx_word' id='word_1_457' title='bbox 3552 1579 3858 1647; x_wconf 78' lang='grc' dir='ltr'>μυστήριον</span> <span class='ocrx_word' id='word_1_458' title='bbox 3879 1575 3992 1628; x_wconf 71' lang='grc' dir='ltr'>καὶ</span> 
     </span>
    </p>
   </div>
   <div class='ocr_carea' id='block_1_61' title="bbox 2397 1666 3985 1740">
    <p class='ocr_par' dir='ltr' id='par_1_61' title="bbox 2397 1666 3985 1740">
     <span class='ocr_line' id='line_1_61' title="bbox 2397 1666 3985 1740; baseline -0.003 -19"><span class='ocrx_word' id='word_1_459' title='bbox 2397 1670 2495 1740; x_wconf 84' lang='grc' dir='ltr'>τὴν</span> <span class='ocrx_word' id='word_1_460' title='bbox 2549 1669 2616 1721; x_wconf 78' lang='grc' dir='ltr'>δι’</span> <span class='ocrx_word' id='word_1_461' title='bbox 2664 1667 2828 1720; x_wconf 83' lang='grc' dir='ltr'>αὑτοῦ</span> <span class='ocrx_word' id='word_1_462' title='bbox 2895 1668 3168 1738; x_wconf 79' lang='grc' dir='ltr'>σωτηρίαν</span> <span class='ocrx_word' id='word_1_463' title='bbox 3233 1669 3686 1738; x_wconf 71' lang='grc' dir='ltr'>πρωνακέκραγε</span> <span class='ocrx_word' id='word_1_464' title='bbox 3758 1666 3985 1734; x_wconf 75' lang='grc' dir='ltr'>λέγων’</span> 
     </span>
    </p>
   </div>
   <div class='ocr_carea' id='block_1_62' title="bbox 2405 1756 3988 1828">
    <p class='ocr_par' dir='ltr' id='par_1_62' title="bbox 2405 1756 3988 1828">
     <span class='ocr_line' id='line_1_62' title="bbox 2405 1756 3988 1828; baseline -0.001 -18"><span class='ocrx_word' id='word_1_465' title='bbox 2405 1779 2423 1809; x_wconf 75' lang='grc' dir='ltr'>ι</span> <span class='ocrx_word' id='word_1_466' title='bbox 2471 1757 2720 1828; x_wconf 81' lang='grc' dir='ltr'>Ἐξῆλθες</span> <span class='ocrx_word' id='word_1_467' title='bbox 2762 1759 2839 1821; x_wconf 82' lang='grc' dir='ltr'><strong>είς</strong></span> <span class='ocrx_word' id='word_1_468' title='bbox 2872 1758 3148 1828; x_wconf 79' lang='grc' dir='ltr'>σωτηρίαν</span> <span class='ocrx_word' id='word_1_469' title='bbox 3186 1756 3317 1811; x_wconf 88' lang='grc' dir='ltr'>λαοῦ</span> <span class='ocrx_word' id='word_1_470' title='bbox 3362 1775 3478 1821; x_wconf 90' lang='grc' dir='ltr'>σου,</span> <span class='ocrx_word' id='word_1_471' title='bbox 3510 1756 3602 1810; x_wconf 84' lang='grc' dir='ltr'><strong>τοῦ</strong></span> <span class='ocrx_word' id='word_1_472' title='bbox 3637 1757 3811 1810; x_wconf 85' lang='grc' dir='ltr'>σῶσαι</span> <span class='ocrx_word' id='word_1_473' title='bbox 3843 1757 3988 1820; x_wconf 76' lang='grc' dir='ltr'>τοὺς</span> 
     </span>
    </p>
   </div>
   <div class='ocr_carea' id='block_1_63' title="bbox 2333 1824 3989 1920">
    <p class='ocr_par' dir='ltr' id='par_1_63' title="bbox 2333 1824 3989 1920">
     <span class='ocr_line' id='line_1_63' title="bbox 2333 1824 3989 1920; baseline -0.001 -20"><span class='ocrx_word' id='word_1_474' title='bbox 2333 1824 2370 1876; x_wconf 76' lang='grc' dir='ltr'><strong>Β</strong></span> <span class='ocrx_word' id='word_1_475' title='bbox 2402 1824 2653 1920; x_wconf 27' lang='grc' dir='ltr'>χριστονύς</span> <span class='ocrx_word' id='word_1_476' title='bbox 2683 1865 2799 1902; x_wconf 91' lang='grc' dir='ltr'>σου.</span> <span class='ocrx_word' id='word_1_477' title='bbox 2839 1867 2856 1898; x_wconf 84' lang='grc'>›</span> <span class='ocrx_word' id='word_1_478' title='bbox 2889 1824 3097 1900; x_wconf 76' lang='grc' dir='ltr'>Οὐκοῦν</span> <span class='ocrx_word' id='word_1_479' title='bbox 3121 1847 3180 1900; x_wconf 82' lang='grc' dir='ltr'>τὸ</span> <span class='ocrx_word' id='word_1_480' title='bbox 3207 1848 3453 1916; x_wconf 78' lang='grc' dir='ltr'>χριστὸς</span> <span class='ocrx_word' id='word_1_481' title='bbox 3479 1847 3647 1916; x_wconf 77' lang='grc' dir='ltr'>ὃνομα</span> <span class='ocrx_word' id='word_1_482' title='bbox 3675 1846 3877 1917; x_wconf 78' lang='grc' dir='ltr'>πρέποι</span> <span class='ocrx_word' id='word_1_483' title='bbox 3907 1845 3989 1898; x_wconf 75' lang='grc' dir='ltr'>ἂν</span> 
     </span>
    </p>
   </div>
   <div class='ocr_carea' id='block_1_64' title="bbox 2397 1937 3985 2011">
    <p class='ocr_par' dir='ltr' id='par_1_64' title="bbox 2397 1937 3985 2011">
     <span class='ocr_line' id='line_1_64' title="bbox 2397 1937 3985 2011; baseline -0.004 -17"><span class='ocrx_word' id='word_1_484' title='bbox 2397 1941 2517 2010; x_wconf 77' lang='grc' dir='ltr'>οὐχὶ</span> <span class='ocrx_word' id='word_1_485' title='bbox 2553 1942 2700 2011; x_wconf 87' lang='grc' dir='ltr'>μόνῳ</span> <span class='ocrx_word' id='word_1_486' title='bbox 2728 1957 2786 1993; x_wconf 83' lang='grc' dir='ltr'><strong>τε</strong></span> <span class='ocrx_word' id='word_1_487' title='bbox 2819 1940 2914 1994; x_wconf 75' lang='grc' dir='ltr'>καὶ</span> <span class='ocrx_word' id='word_1_488' title='bbox 2945 1939 3148 2003; x_wconf 82' lang='grc' dir='ltr'>ίδικῶς,</span> <span class='ocrx_word' id='word_1_489' title='bbox 3176 1939 3251 2001; x_wconf 83' lang='grc' dir='ltr'>ὼς</span> <span class='ocrx_word' id='word_1_490' title='bbox 3294 1939 3450 2009; x_wconf 76' lang='grc' dir='ltr'>ἔφην,</span> <span class='ocrx_word' id='word_1_491' title='bbox 3482 1939 3558 2010; x_wconf 84' lang='grc' dir='ltr'><strong>τῷ</strong></span> <span class='ocrx_word' id='word_1_492' title='bbox 3593 1937 3985 2008; x_wconf 74' lang='grc' dir='ltr'>Ἐμμανουήλ,</span> 
     </span>
    </p>
   </div>
   <div class='ocr_carea' id='block_1_65' title="bbox 2396 2024 3988 2100">
    <p class='ocr_par' dir='ltr' id='par_1_65' title="bbox 2396 2024 3988 2100">
     <span class='ocr_line' id='line_1_65' title="bbox 2396 2024 3988 2100; baseline -0.002 -18"><span class='ocrx_word' id='word_1_493' title='bbox 2396 2029 2531 2084; x_wconf 78' lang='grc' dir='ltr'>ἀλλὰ</span> <span class='ocrx_word' id='word_1_494' title='bbox 2575 2030 2670 2083; x_wconf 71' lang='grc' dir='ltr'>καὶ</span> <span class='ocrx_word' id='word_1_495' title='bbox 2706 2032 2819 2092; x_wconf 84' lang='grc' dir='ltr'>τοῖς</span> <span class='ocrx_word' id='word_1_496' title='bbox 2863 2029 3041 2092; x_wconf 76' lang='grc' dir='ltr'>ἄλλοις</span> <span class='ocrx_word' id='word_1_497' title='bbox 3074 2029 3297 2093; x_wconf 70' lang='grc' dir='ltr'>ἅπασιν,</span> <span class='ocrx_word' id='word_1_498' title='bbox 3331 2029 3490 2100; x_wconf 78' lang='grc' dir='ltr'>οἷπερ</span> <span class='ocrx_word' id='word_1_499' title='bbox 3539 2027 3604 2081; x_wconf 80' lang='grc' dir='ltr'>ἂν</span> <span class='ocrx_word' id='word_1_500' title='bbox 3638 2024 3748 2080; x_wconf 83' lang='grc' dir='ltr'>εἶεν</span> <span class='ocrx_word' id='word_1_501' title='bbox 3777 2029 3844 2098; x_wconf 80' lang='grc' dir='ltr'>τῇ</span> <span class='ocrx_word' id='word_1_502' title='bbox 3877 2025 3988 2080; x_wconf 80' lang='grc' dir='ltr'><strong>τοῦ</strong></span> 
     </span>
    </p>
   </div>
   <div class='ocr_carea' id='block_1_66' title="bbox 2398 2115 3990 2189">
    <p class='ocr_par' dir='ltr' id='par_1_66' title="bbox 2398 2115 3990 2189">
     <span class='ocr_line' id='line_1_66' title="bbox 2398 2115 3990 2189; baseline -0.001 -19"><span class='ocrx_word' id='word_1_503' title='bbox 2398 2119 2550 2186; x_wconf 75' lang='grc' dir='ltr'>ἁγίου</span> <span class='ocrx_word' id='word_1_504' title='bbox 2583 2117 2902 2188; x_wconf 84' lang='grc' dir='ltr'>Πνεύματος</span> <span class='ocrx_word' id='word_1_505' title='bbox 2924 2117 3106 2188; x_wconf 85' lang='grc' dir='ltr'>χάριτι</span> <span class='ocrx_word' id='word_1_506' title='bbox 3131 2120 3501 2189; x_wconf 82' lang='grc' dir='ltr'>κεχρισμένοι.</span> <span class='ocrx_word' id='word_1_507' title='bbox 3539 2117 3840 2185; x_wconf 85' lang='grc' dir='ltr'>Πεποὶηται</span> <span class='ocrx_word' id='word_1_508' title='bbox 3861 2115 3990 2185; x_wconf 80' lang='grc' dir='ltr'><strong>γὰρ</strong></span> 
     </span>
    </p>
   </div>
   <div class='ocr_carea' id='block_1_67' title="bbox 2396 2202 3985 2278">
    <p class='ocr_par' dir='ltr' id='par_1_67' title="bbox 2396 2202 3985 2278">
     <span class='ocr_line' id='line_1_67' title="bbox 2396 2202 3985 2278; baseline -0.002 -19"><span class='ocrx_word' id='word_1_509' title='bbox 2396 2207 2504 2260; x_wconf 82' lang='grc' dir='ltr'><strong>ἀπὸ</strong></span> <span class='ocrx_word' id='word_1_510' title='bbox 2533 2205 2629 2259; x_wconf 86' lang='grc' dir='ltr'><strong>τοῦ</strong></span> <span class='ocrx_word' id='word_1_511' title='bbox 2658 2206 2983 2278; x_wconf 84' lang='grc' dir='ltr'>πράγματος</span> <span class='ocrx_word' id='word_1_512' title='bbox 3011 2207 3044 2276; x_wconf 81' lang='grc' dir='ltr'><strong>ἡ</strong></span> <span class='ocrx_word' id='word_1_513' title='bbox 3077 2206 3250 2276; x_wconf 79' lang='grc' dir='ltr'>φωνὴ,</span> <span class='ocrx_word' id='word_1_514' title='bbox 3285 2208 3374 2258; x_wconf 71' lang='grc' dir='ltr'>καὶ</span> <span class='ocrx_word' id='word_1_515' title='bbox 3407 2205 3518 2258; x_wconf 78' lang='grc' dir='ltr'><strong>ἀπὸ</strong></span> <span class='ocrx_word' id='word_1_516' title='bbox 3544 2204 3638 2258; x_wconf 87' lang='grc' dir='ltr'><strong>τοῦ</strong></span> <span class='ocrx_word' id='word_1_517' title='bbox 3658 2202 3985 2275; x_wconf 75' lang='grc' dir='ltr'>κεκρίσθαι,</span> 
     </span>
    </p>
   </div>
   <div class='ocr_carea' id='block_1_68' title="bbox 2395 2291 3990 2367">
    <p class='ocr_par' dir='ltr' id='par_1_68' title="bbox 2395 2291 3990 2367">
     <span class='ocr_line' id='line_1_68' title="bbox 2395 2291 3990 2367; baseline -0.004 -17"><span class='ocrx_word' id='word_1_518' title='bbox 2395 2295 2626 2367; x_wconf 82' lang='grc' dir='ltr'>χριστοί.</span> <span class='ocrx_word' id='word_1_519' title='bbox 2672 2297 2793 2349; x_wconf 82' lang='grc' dir='ltr'><strong>Ὀτι</strong></span> <span class='ocrx_word' id='word_1_520' title='bbox 2830 2295 2886 2347; x_wconf 70' lang='grc' dir='ltr'>δὲ</span> <span class='ocrx_word' id='word_1_521' title='bbox 2922 2295 3016 2348; x_wconf 68' lang='grc' dir='ltr'>καὶ</span> <span class='ocrx_word' id='word_1_522' title='bbox 3050 2296 3214 2364; x_wconf 80' lang='grc' dir='ltr'>ἡμεῖς</span> <span class='ocrx_word' id='word_1_523' title='bbox 3245 2295 3398 2346; x_wconf 76' lang='grc' dir='ltr'>αὐτοὶ</span> <span class='ocrx_word' id='word_1_524' title='bbox 3419 2294 3517 2365; x_wconf 83' lang='grc' dir='ltr'>τὴν</span> <span class='ocrx_word' id='word_1_525' title='bbox 3554 2292 3728 2356; x_wconf 79' lang='grc' dir='ltr'>οὕτως</span> <span class='ocrx_word' id='word_1_526' title='bbox 3764 2291 3990 2346; x_wconf 74' lang='grc' dir='ltr'>εὐκλεᾶ.</span> 
     </span>
    </p>
   </div>
   <div class='ocr_carea' id='block_1_69' title="bbox 2395 2381 3988 2456">
    <p class='ocr_par' dir='ltr' id='par_1_69' title="bbox 2395 2381 3988 2456">
     <span class='ocr_line' id='line_1_69' title="bbox 2395 2381 3988 2456; baseline -0.004 -14"><span class='ocrx_word' id='word_1_527' title='bbox 2395 2406 2453 2441; x_wconf 82' lang='grc' dir='ltr'><strong>τε</strong></span> <span class='ocrx_word' id='word_1_528' title='bbox 2491 2389 2587 2442; x_wconf 79' lang='grc' dir='ltr'>καὶ</span> <span class='ocrx_word' id='word_1_529' title='bbox 2624 2386 2947 2456; x_wconf 80' lang='grc' dir='ltr'>ἁξιόληπτον</span> <span class='ocrx_word' id='word_1_530' title='bbox 2996 2384 3218 2455; x_wconf 83' lang='grc' dir='ltr'>ἀληθῶς</span> <span class='ocrx_word' id='word_1_531' title='bbox 3269 2383 3757 2454; x_wconf 79' lang='grc' dir='ltr'>καταπλουτοῦμεν·</span> <span class='ocrx_word' id='word_1_532' title='bbox 3785 2381 3988 2453; x_wconf 75' lang='grc' dir='ltr'>χάριν,</span> 
     </span>
    </p>
   </div>
   <div class='ocr_carea' id='block_1_70' title="bbox 2395 2473 3990 2549">
    <p class='ocr_par' dir='ltr' id='par_1_70' title="bbox 2395 2473 3990 2549">
     <span class='ocr_line' id='line_1_70' title="bbox 2395 2473 3990 2549; baseline -0.002 -18"><span class='ocrx_word' id='word_1_533' title='bbox 2395 2479 2621 2549; x_wconf 84' lang='grc' dir='ltr'>έμπεδοῖ</span> <span class='ocrx_word' id='word_1_534' title='bbox 2647 2478 2822 2546; x_wconf 79' lang='grc' dir='ltr'>λέγων</span> <span class='ocrx_word' id='word_1_535' title='bbox 2839 2479 2867 2530; x_wconf 86' lang='grc' dir='ltr'>ὁ</span> <span class='ocrx_word' id='word_1_536' title='bbox 2891 2477 3052 2546; x_wconf 81' lang='grc' dir='ltr'>σοφὸς</span> <span class='ocrx_word' id='word_1_537' title='bbox 3085 2476 3337 2545; x_wconf 87' lang='grc' dir='ltr'><strong>Ἰωάννης</strong></span> <span class='ocrx_word' id='word_1_538' title='bbox 3357 2492 3371 2504; x_wconf 89' lang='grc'><strong>·</strong></span> <span class='ocrx_word' id='word_1_539' title='bbox 3396 2493 3413 2524; x_wconf 74' lang='grc' dir='ltr'>ε</span> <span class='ocrx_word' id='word_1_540' title='bbox 3441 2475 3548 2528; x_wconf 73' lang='grc' dir='ltr'><strong>Καὶ</strong></span> <span class='ocrx_word' id='word_1_541' title='bbox 3575 2476 3732 2544; x_wconf 82' lang='grc' dir='ltr'>ὑμεῖς</span> <span class='ocrx_word' id='word_1_542' title='bbox 3761 2473 3990 2545; x_wconf 80' lang='grc' dir='ltr'>χρίσμα</span> 
     </span>
    </p>
   </div>
   <div class='ocr_carea' id='block_1_71' title="bbox 2395 2565 3984 2640">
    <p class='ocr_par' dir='ltr' id='par_1_71' title="bbox 2395 2565 3984 2640">
     <span class='ocr_line' id='line_1_71' title="bbox 2395 2565 3984 2640; baseline -0.002 -18"><span class='ocrx_word' id='word_1_543' title='bbox 2395 2570 2544 2640; x_wconf 74' lang='grc' dir='ltr'>ἔχετε</span> <span class='ocrx_word' id='word_1_544' title='bbox 2569 2569 2676 2622; x_wconf 71' lang='grc' dir='ltr'><strong>ἀπὸ</strong></span> <span class='ocrx_word' id='word_1_545' title='bbox 2708 2567 2800 2621; x_wconf 87' lang='grc' dir='ltr'><strong>τοῦ</strong></span> <span class='ocrx_word' id='word_1_546' title='bbox 2827 2569 3007 2635; x_wconf 79' lang='grc' dir='ltr'>ἁγίου·</span> <span class='ocrx_word' id='word_1_547' title='bbox 3035 2586 3053 2618; x_wconf 75' lang='grc' dir='ltr'>ι</span> <span class='ocrx_word' id='word_1_548' title='bbox 3081 2567 3174 2620; x_wconf 77' lang='grc' dir='ltr'>καὶ</span> <span class='ocrx_word' id='word_1_549' title='bbox 3202 2567 3363 2619; x_wconf 73' lang='grc' dir='ltr'>πάλιν</span> <span class='ocrx_word' id='word_1_550' title='bbox 3383 2583 3396 2596; x_wconf 91' lang='grc'>·</span> <span class='ocrx_word' id='word_1_551' title='bbox 3442 2585 3458 2616; x_wconf 78' lang='grc' dir='ltr'>ι</span> <span class='ocrx_word' id='word_1_552' title='bbox 3497 2567 3570 2619; x_wconf 84' lang='grc' dir='ltr'><strong>Οὐ</strong></span> <span class='ocrx_word' id='word_1_553' title='bbox 3601 2566 3790 2636; x_wconf 87' lang='grc' dir='ltr'>χρείαν</span> <span class='ocrx_word' id='word_1_554' title='bbox 3814 2565 3984 2636; x_wconf 72' lang='grc' dir='ltr'>ῐχετα</span> 
     </span>
    </p>
   </div>
   <div class='ocr_carea' id='block_1_72' title="bbox 2397 2657 3984 2730">
    <p class='ocr_par' dir='ltr' id='par_1_72' title="bbox 2397 2657 3984 2730">
     <span class='ocr_line' id='line_1_72' title="bbox 2397 2657 3984 2730; baseline -0.002 -15"><span class='ocrx_word' id='word_1_555' title='bbox 2397 2662 2484 2716; x_wconf 77' lang='grc' dir='ltr'>ἕνα</span> <span class='ocrx_word' id='word_1_556' title='bbox 2518 2678 2601 2724; x_wconf 82' lang='grc' dir='ltr'><strong>τις</strong></span> <span class='ocrx_word' id='word_1_557' title='bbox 2621 2661 2847 2730; x_wconf 79' lang='grc' dir='ltr'><strong>διδάσκῃ</strong></span> <span class='ocrx_word' id='word_1_558' title='bbox 2873 2661 3037 2729; x_wconf 79' lang='grc' dir='ltr'>ὑμᾶς,</span> <span class='ocrx_word' id='word_1_559' title='bbox 3062 2659 3198 2712; x_wconf 80' lang='grc' dir='ltr'>ἀλλὰ</span> <span class='ocrx_word' id='word_1_560' title='bbox 3220 2658 3280 2712; x_wconf 81' lang='grc' dir='ltr'><strong>τδ</strong></span> <span class='ocrx_word' id='word_1_561' title='bbox 3308 2658 3473 2711; x_wconf 85' lang='grc' dir='ltr'>αὐτοῦ</span> <span class='ocrx_word' id='word_1_562' title='bbox 3496 2658 3705 2729; x_wconf 82' lang='grc' dir='ltr'>χρίσμα</span> <span class='ocrx_word' id='word_1_563' title='bbox 3731 2657 3984 2713; x_wconf 62' lang='grc' dir='ltr'>διδάσκω</span> 
     </span>
    </p>
   </div>
   <div class='ocr_carea' id='block_1_73' title="bbox 2397 2750 3974 2824">
    <p class='ocr_par' dir='ltr' id='par_1_73' title="bbox 2397 2750 3974 2824">
     <span class='ocr_line' id='line_1_73' title="bbox 2397 2750 3974 2824; baseline -0.002 -18"><span class='ocrx_word' id='word_1_564' title='bbox 2397 2755 2560 2824; x_wconf 81' lang='grc' dir='ltr'>ὑμᾶς.</span> <span class='ocrx_word' id='word_1_565' title='bbox 2624 2772 2642 2802; x_wconf 71' lang='grc' dir='ltr'>ι</span> <span class='ocrx_word' id='word_1_566' title='bbox 2680 2753 2996 2823; x_wconf 81' lang='grc' dir='ltr'>Γέγραπται</span> <span class='ocrx_word' id='word_1_567' title='bbox 3039 2751 3095 2804; x_wconf 82' lang='grc' dir='ltr'>δὲ</span> <span class='ocrx_word' id='word_1_568' title='bbox 3140 2752 3233 2804; x_wconf 72' lang='grc' dir='ltr'>καὶ</span> <span class='ocrx_word' id='word_1_569' title='bbox 3279 2753 3408 2822; x_wconf 58' lang='grc' dir='ltr'><strong>περὶ⁸</strong></span> <span class='ocrx_word' id='word_1_570' title='bbox 3446 2751 3540 2803; x_wconf 83' lang='grc' dir='ltr'><strong>τοῦ</strong></span> <span class='ocrx_word' id='word_1_571' title='bbox 3588 2750 3974 2822; x_wconf 81' lang='grc' dir='ltr'>Ἐμμανουήλ·</span> 
     </span>
    </p>
   </div>
   <div class='ocr_carea' id='block_1_74' title="bbox 2403 2840 3986 2911">
    <p class='ocr_par' dir='ltr' id='par_1_74' title="bbox 2403 2840 3986 2911">
     <span class='ocr_line' id='line_1_74' title="bbox 2403 2840 3986 2911; baseline 0.001 -18"><span class='ocrx_word' id='word_1_572' title='bbox 2403 2861 2420 2893; x_wconf 77' lang='grc' dir='ltr'>ι</span> <span class='ocrx_word' id='word_1_573' title='bbox 2480 2841 2687 2910; x_wconf 78' lang='grc' dir='ltr'>Ἰησοῦν</span> <span class='ocrx_word' id='word_1_574' title='bbox 2720 2841 2810 2894; x_wconf 80' lang='grc' dir='ltr'>τὸν</span> <span class='ocrx_word' id='word_1_575' title='bbox 2855 2840 2964 2893; x_wconf 71' lang='grc' dir='ltr'>ἀπὸ</span> <span class='ocrx_word' id='word_1_576' title='bbox 3007 2841 3294 2910; x_wconf 76' lang='grc' dir='ltr'>Ναζαρὲτ,</span> <span class='ocrx_word' id='word_1_577' title='bbox 3335 2842 3410 2904; x_wconf 82' lang='grc' dir='ltr'>ὡς</span> <span class='ocrx_word' id='word_1_578' title='bbox 3464 2841 3679 2911; x_wconf 71' lang='grc' dir='ltr'>ἔχρισεν</span> <span class='ocrx_word' id='word_1_579' title='bbox 3733 2841 3896 2895; x_wconf 80' lang='grc' dir='ltr'>αὑτὸν</span> <span class='ocrx_word' id='word_1_580' title='bbox 3943 2841 3986 2894; x_wconf 82' lang='grc' dir='ltr'>ὁ</span> 
     </span>
    </p>
   </div>
   <div class='ocr_carea' id='block_1_75' title="bbox 2394 2931 3982 3004">
    <p class='ocr_par' dir='ltr' id='par_1_75' title="bbox 2394 2931 3982 3004">
     <span class='ocr_line' id='line_1_75' title="bbox 2394 2931 3982 3004; baseline -0.001 -17"><span class='ocrx_word' id='word_1_581' title='bbox 2394 2933 2527 2997; x_wconf 83' lang='grc' dir='ltr'>Θεὸς</span> <span class='ocrx_word' id='word_1_582' title='bbox 2558 2933 2837 3004; x_wconf 77' lang='grc' dir='ltr'>Πνεῦματι</span> <span class='ocrx_word' id='word_1_583' title='bbox 2880 2933 3019 3002; x_wconf 83' lang='grc' dir='ltr'>ἁγίῳ</span> <span class='ocrx_word' id='word_1_584' title='bbox 3054 2933 3146 2984; x_wconf 77' lang='grc' dir='ltr'>καὶ</span> <span class='ocrx_word' id='word_1_585' title='bbox 3171 2931 3418 3002; x_wconf 81' lang='grc' dir='ltr'>δυνάμει.</span> <span class='ocrx_word' id='word_1_586' title='bbox 3467 2952 3485 2984; x_wconf 72' lang='grc' dir='ltr'>ι</span> <span class='ocrx_word' id='word_1_587' title='bbox 3528 2933 3634 2986; x_wconf 69' lang='grc' dir='ltr'><strong>Καὶ</strong></span> <span class='ocrx_word' id='word_1_588' title='bbox 3668 2933 3791 3002; x_wconf 83' lang='grc' dir='ltr'>μὴν.</span> <span class='ocrx_word' id='word_1_589' title='bbox 3819 2933 3848 2986; x_wconf 82' lang='grc'>6</span> <span class='ocrx_word' id='word_1_590' title='bbox 3880 2931 3982 2985; x_wconf 79' lang='grc' dir='ltr'>θε-</span> 
     </span>
    </p>
   </div>
   <div class='ocr_carea' id='block_1_76' title="bbox 2397 3024 3981 3095">
    <p class='ocr_par' dir='ltr' id='par_1_76' title="bbox 2397 3024 3981 3095">
     <span class='ocr_line' id='line_1_76' title="bbox 2397 3024 3981 3095; baseline -0.001 -16"><span class='ocrx_word' id='word_1_591' title='bbox 2397 3027 2620 3086; x_wconf 81' lang='grc' dir='ltr'>σπέσιος</span> <span class='ocrx_word' id='word_1_592' title='bbox 2654 3024 2818 3078; x_wconf 78' lang='grc' dir='ltr'>Δαυῖδ</span> <span class='ocrx_word' id='word_1_593' title='bbox 2859 3024 2998 3094; x_wconf 83' lang='grc' dir='ltr'>πρὸς</span> <span class='ocrx_word' id='word_1_594' title='bbox 3031 3025 3194 3078; x_wconf 81' lang='grc' dir='ltr'>αὐτόν</span> <span class='ocrx_word' id='word_1_595' title='bbox 3235 3041 3400 3093; x_wconf 82' lang='grc' dir='ltr'>φησιν</span> <span class='ocrx_word' id='word_1_596' title='bbox 3422 3042 3434 3054; x_wconf 90' lang='grc'><strong>·</strong></span> <span class='ocrx_word' id='word_1_597' title='bbox 3473 3045 3491 3076; x_wconf 85' lang='grc'><strong>‹</strong></span> <span class='ocrx_word' id='word_1_598' title='bbox 3550 3025 3871 3095; x_wconf 81' lang='grc' dir='ltr'>Ἥγάπησας</span> <span class='ocrx_word' id='word_1_599' title='bbox 3896 3024 3981 3078; x_wconf 87' lang='grc' dir='ltr'><strong>δι-</strong></span> 
     </span>
    </p>
   </div>
   <div class='ocr_carea' id='block_1_77' title="bbox 2395 3111 3982 3186">
    <p class='ocr_par' dir='ltr' id='par_1_77' title="bbox 2395 3111 3982 3186">
     <span class='ocr_line' id='line_1_77' title="bbox 2395 3111 3982 3186; baseline -0.002 -17"><span class='ocrx_word' id='word_1_600' title='bbox 2395 3116 2710 3186; x_wconf 83' lang='grc' dir='ltr'>καιοσύνην,</span> <span class='ocrx_word' id='word_1_601' title='bbox 2740 3114 2837 3168; x_wconf 75' lang='grc' dir='ltr'>καὶ</span> <span class='ocrx_word' id='word_1_602' title='bbox 2865 3114 3132 3184; x_wconf 66' lang='grc' dir='ltr'>ἐμίσησας</span> <span class='ocrx_word' id='word_1_603' title='bbox 3151 3113 3382 3183; x_wconf 75' lang='grc' dir='ltr'>ἀνομίαν</span> <span class='ocrx_word' id='word_1_604' title='bbox 3411 3117 3428 3152; x_wconf 66' lang='grc'>⁸</span> <span class='ocrx_word' id='word_1_605' title='bbox 3457 3129 3469 3142; x_wconf 94' lang='grc'><strong>·</strong></span> <span class='ocrx_word' id='word_1_606' title='bbox 3501 3112 3589 3166; x_wconf 84' lang='grc' dir='ltr'>διὰ</span> <span class='ocrx_word' id='word_1_607' title='bbox 3608 3111 3766 3166; x_wconf 83' lang='grc' dir='ltr'>τοῦτο</span> <span class='ocrx_word' id='word_1_608' title='bbox 3787 3112 3982 3183; x_wconf 77' lang='grc' dir='ltr'><strong>ἔχρισὲ</strong></span> 
     </span>
    </p>
   </div>
   <div class='ocr_carea' id='block_1_78' title="bbox 2399 3203 3977 3275">
    <p class='ocr_par' dir='ltr' id='par_1_78' title="bbox 2399 3203 3977 3275">
     <span class='ocr_line' id='line_1_78' title="bbox 2399 3203 3977 3275; baseline -0.003 -15"><span class='ocrx_word' id='word_1_609' title='bbox 2399 3224 2456 3260; x_wconf 91' lang='grc' dir='ltr'>σε</span> <span class='ocrx_word' id='word_1_610' title='bbox 2478 3211 2506 3260; x_wconf 83' lang='grc' dir='ltr'>ὁ</span> <span class='ocrx_word' id='word_1_611' title='bbox 2535 3206 2690 3271; x_wconf 73' lang='grc' dir='ltr'>Θεὸς,</span> <span class='ocrx_word' id='word_1_612' title='bbox 2722 3208 2750 3260; x_wconf 90' lang='grc' dir='ltr'>ὁ</span> <span class='ocrx_word' id='word_1_613' title='bbox 2769 3206 2902 3270; x_wconf 87' lang='grc' dir='ltr'>Θεός</span> <span class='ocrx_word' id='word_1_614' title='bbox 2922 3221 3038 3268; x_wconf 86' lang='grc' dir='ltr'>σου,</span> <span class='ocrx_word' id='word_1_615' title='bbox 3065 3203 3248 3258; x_wconf 76' lang='grc' dir='ltr'>ἔλαιον</span> <span class='ocrx_word' id='word_1_616' title='bbox 3271 3204 3646 3272; x_wconf 83' lang='grc' dir='ltr'><strong>ἀγαλλιάσεως</strong></span> <span class='ocrx_word' id='word_1_617' title='bbox 3672 3203 3820 3275; x_wconf 84' lang='grc' dir='ltr'>παρὰ</span> <span class='ocrx_word' id='word_1_618' title='bbox 3839 3204 3977 3267; x_wconf 69' lang='grc' dir='ltr'>τοὺς</span> 
     </span>
    </p>
   </div>
   <div class='ocr_carea' id='block_1_79' title="bbox 2400 3290 3980 3368">
    <p class='ocr_par' dir='ltr' id='par_1_79' title="bbox 2400 3290 3980 3368">
     <span class='ocr_line' id='line_1_79' title="bbox 2400 3290 3980 3368; baseline -0.002 -19"><span class='ocrx_word' id='word_1_619' title='bbox 2400 3296 2664 3368; x_wconf 86' lang='grc' dir='ltr'>μετόχους</span> <span class='ocrx_word' id='word_1_620' title='bbox 2698 3311 2812 3348; x_wconf 91' lang='grc' dir='ltr'>σου.</span> <span class='ocrx_word' id='word_1_621' title='bbox 2855 3314 2873 3348; x_wconf 75' lang='grc' dir='ltr'>ι</span> <span class='ocrx_word' id='word_1_622' title='bbox 2912 3293 2976 3347; x_wconf 88' lang='grc' dir='ltr'>Τί</span> <span class='ocrx_word' id='word_1_623' title='bbox 3015 3290 3107 3348; x_wconf 82' lang='grc' dir='ltr'>οὖν</span> <span class='ocrx_word' id='word_1_624' title='bbox 3141 3295 3207 3348; x_wconf 76' lang='grc' dir='ltr'>ἄν</span> <span class='ocrx_word' id='word_1_625' title='bbox 3249 3311 3331 3357; x_wconf 87' lang='grc' dir='ltr'><strong>τις</strong></span> <span class='ocrx_word' id='word_1_626' title='bbox 3366 3293 3462 3347; x_wconf 82' lang='grc' dir='ltr'>ῐδοι</span> <span class='ocrx_word' id='word_1_627' title='bbox 3502 3293 3561 3347; x_wconf 78' lang='grc' dir='ltr'><strong>τὸ</strong></span> <span class='ocrx_word' id='word_1_628' title='bbox 3611 3293 3861 3366; x_wconf 79' lang='grc' dir='ltr'>περιττὸν</span> <span class='ocrx_word' id='word_1_629' title='bbox 3907 3294 3980 3346; x_wconf 73' lang='grc' dir='ltr'>ὲν</span> 
     </span>
    </p>
   </div>
   <div class='ocr_carea' id='block_1_80' title="bbox 2395 3385 3979 3459">
    <p class='ocr_par' dir='ltr' id='par_1_80' title="bbox 2395 3385 3979 3459">
     <span class='ocr_line' id='line_1_80' title="bbox 2395 3385 3979 3459; baseline 0.001 -20"><span class='ocrx_word' id='word_1_630' title='bbox 2395 3391 2461 3457; x_wconf 76' lang='grc' dir='ltr'><strong>τῇ</strong></span> <span class='ocrx_word' id='word_1_631' title='bbox 2493 3389 2625 3457; x_wconf 76' lang='grc' dir='ltr'>ἁγίᾳ</span> <span class='ocrx_word' id='word_1_632' title='bbox 2671 3387 2932 3459; x_wconf 83' lang='grc' dir='ltr'>Παρθένῳ</span> <span class='ocrx_word' id='word_1_633' title='bbox 2965 3386 3115 3457; x_wconf 77' lang='grc' dir='ltr'>παρὰ</span> <span class='ocrx_word' id='word_1_634' title='bbox 3147 3387 3244 3451; x_wconf 68' lang='grc' dir='ltr'><strong>τὰς</strong></span> <span class='ocrx_word' id='word_1_635' title='bbox 3289 3387 3473 3450; x_wconf 81' lang='grc' dir='ltr'>ἄλλας,</span> <span class='ocrx_word' id='word_1_636' title='bbox 3523 3386 3623 3439; x_wconf 83' lang='grc' dir='ltr'>κᾶν</span> <span class='ocrx_word' id='word_1_637' title='bbox 3661 3389 3708 3439; x_wconf 89' lang='grc' dir='ltr'>εί</span> <span class='ocrx_word' id='word_1_638' title='bbox 3755 3385 3979 3453; x_wconf 77' lang='grc' dir='ltr'>λέγοιτο</span> 
     </span>
    </p>
   </div>
   <div class='ocr_carea' id='block_1_81' title="bbox 2396 3478 3968 3551">
    <p class='ocr_par' dir='ltr' id='par_1_81' title="bbox 2396 3478 3968 3551">
     <span class='ocr_line' id='line_1_81' title="bbox 2396 3478 3968 3551; baseline -0.001 -19"><span class='ocrx_word' id='word_1_639' title='bbox 2396 3481 2577 3532; x_wconf 80' lang='grc' dir='ltr'>τεκεῖν</span> <span class='ocrx_word' id='word_1_640' title='bbox 2631 3479 2800 3548; x_wconf 76' lang='grc' dir='ltr'>αὐτὴν</span> <span class='ocrx_word' id='word_1_641' title='bbox 2849 3480 2942 3531; x_wconf 82' lang='grc' dir='ltr'>τὸν</span> <span class='ocrx_word' id='word_1_642' title='bbox 2986 3479 3370 3549; x_wconf 84' lang='grc' dir='ltr'>Ἐμμανουήλ;</span> <span class='ocrx_word' id='word_1_643' title='bbox 3411 3480 3608 3533; x_wconf 81' lang='grc' dir='ltr'>ἄτοπον</span> <span class='ocrx_word' id='word_1_644' title='bbox 3641 3479 3747 3551; x_wconf 77' lang='grc' dir='ltr'><strong>γὰρ</strong></span> <span class='ocrx_word' id='word_1_645' title='bbox 3789 3478 3968 3542; x_wconf 69' lang='grc' dir='ltr'>οὐδὲν,</span> 
     </span>
    </p>
   </div>
   <div class='ocr_carea' id='block_1_82' title="bbox 2397 3567 3974 3639">
    <p class='ocr_par' dir='ltr' id='par_1_82' title="bbox 2397 3567 3974 3639">
     <span class='ocr_line' id='line_1_82' title="bbox 2397 3567 3974 3639; baseline -0.001 -17"><span class='ocrx_word' id='word_1_646' title='bbox 2397 3568 2501 3622; x_wconf 81' lang='grc' dir='ltr'>κᾶν</span> <span class='ocrx_word' id='word_1_647' title='bbox 2545 3572 2593 3621; x_wconf 86' lang='grc' dir='ltr'><strong>εί</strong></span> <span class='ocrx_word' id='word_1_648' title='bbox 2620 3569 2794 3621; x_wconf 78' lang='grc' dir='ltr'>’έλοιτό</span> <span class='ocrx_word' id='word_1_649' title='bbox 2824 3586 2903 3631; x_wconf 89' lang='grc' dir='ltr'><strong>τις</strong></span> <span class='ocrx_word' id='word_1_650' title='bbox 2940 3570 3035 3620; x_wconf 70' lang='grc' dir='ltr'>καὶ</span> <span class='ocrx_word' id='word_1_651' title='bbox 3061 3569 3161 3639; x_wconf 82' lang='grc' dir='ltr'>τὴν</span> <span class='ocrx_word' id='word_1_652' title='bbox 3193 3569 3421 3621; x_wconf 74' lang='grc' dir='ltr'>ἑκάστου</span> <span class='ocrx_word' id='word_1_653' title='bbox 3452 3567 3559 3620; x_wconf 83' lang='grc' dir='ltr'>τῶν</span> <span class='ocrx_word' id='word_1_654' title='bbox 3591 3567 3974 3639; x_wconf 80' lang='grc' dir='ltr'>κεχρισμένων</span> 
     </span>
    </p>
   </div>
   <div class='ocr_carea' id='block_1_83' title="bbox 2397 3657 3344 3731">
    <p class='ocr_par' dir='ltr' id='par_1_83' title="bbox 2397 3657 3344 3731">
     <span class='ocr_line' id='line_1_83' title="bbox 2397 3657 3344 3731; baseline 0.001 -21"><span class='ocrx_word' id='word_1_655' title='bbox 2397 3658 2609 3731; x_wconf 83' lang='grc' dir='ltr'>μητέρα</span> <span class='ocrx_word' id='word_1_656' title='bbox 2641 3659 2995 3727; x_wconf 75' lang='grc' dir='ltr'>Χριστοτόκον</span> <span class='ocrx_word' id='word_1_657' title='bbox 3032 3657 3344 3712; x_wconf 86' lang='grc' dir='ltr'>ἀποκαλεῖν.</span> 
     </span>
    </p>
   </div>
   <div class='ocr_carea' id='block_1_84' title="bbox 2480 3833 3970 3906">
    <p class='ocr_par' dir='ltr' id='par_1_84' title="bbox 2480 3833 3970 3906">
     <span class='ocr_line' id='line_1_84' title="bbox 2480 3833 3970 3906; baseline -0.001 -17"><span class='ocrx_word' id='word_1_658' title='bbox 2480 3838 2620 3889; x_wconf 71' lang='grc' dir='ltr'>Ἀλλ’</span> <span class='ocrx_word' id='word_1_659' title='bbox 2665 3836 2780 3889; x_wconf 78' lang='grc' dir='ltr'>ἔστι</span> <span class='ocrx_word' id='word_1_660' title='bbox 2817 3836 2950 3889; x_wconf 78' lang='grc' dir='ltr'>πολὺ</span> <span class='ocrx_word' id='word_1_661' title='bbox 3000 3836 3060 3888; x_wconf 83' lang='grc' dir='ltr'>τὸ</span> <span class='ocrx_word' id='word_1_662' title='bbox 3095 3833 3448 3906; x_wconf 79' lang='grc' dir='ltr'>μεσολαϐοῦν,</span> <span class='ocrx_word' id='word_1_663' title='bbox 3490 3835 3581 3887; x_wconf 73' lang='grc' dir='ltr'>καὶ</span> <span class='ocrx_word' id='word_1_664' title='bbox 3618 3833 3970 3904; x_wconf 82' lang='grc' dir='ltr'>ἀσυγκρίτοις</span> 
     </span>
    </p>
   </div>
   <div class='ocr_carea' id='block_1_85' title="bbox 2392 3925 3964 3998">
    <p class='ocr_par' dir='ltr' id='par_1_85' title="bbox 2392 3925 3964 3998">
     <span class='ocr_line' id='line_1_85' title="bbox 2392 3925 3964 3998; baseline -0.002 -18"><span class='ocrx_word' id='word_1_665' title='bbox 2392 3928 2672 3998; x_wconf 72' lang='grc' dir='ltr'>διαφοραῖς</span> <span class='ocrx_word' id='word_1_666' title='bbox 2693 3926 2792 3996; x_wconf 81' lang='grc' dir='ltr'>τῆς</span> <span class='ocrx_word' id='word_1_667' title='bbox 2825 3925 2916 3979; x_wconf 86' lang='grc' dir='ltr'><strong>τοῦ</strong></span> <span class='ocrx_word' id='word_1_668' title='bbox 2945 3926 3192 3996; x_wconf 77' lang='grc' dir='ltr'>Σωτῆρος</span> <span class='ocrx_word' id='word_1_669' title='bbox 3217 3925 3370 3996; x_wconf 78' lang='grc' dir='ltr'>ἡμῶν</span> <span class='ocrx_word' id='word_1_670' title='bbox 3403 3925 3650 3989; x_wconf 73' lang='grc' dir='ltr'>εὐκλείας</span> <span class='ocrx_word' id='word_1_671' title='bbox 3676 3926 3769 3979; x_wconf 71' lang='grc' dir='ltr'>καὶ</span> <span class='ocrx_word' id='word_1_672' title='bbox 3793 3926 3964 3996; x_wconf 75' lang='grc' dir='ltr'>ὑπερο-</span> 
     </span>
    </p>
   </div>
   <div class='ocr_carea' id='block_1_86' title="bbox 2391 4015 3966 4089">
    <p class='ocr_par' dir='ltr' id='par_1_86' title="bbox 2391 4015 3966 4089">
     <span class='ocr_line' id='line_1_86' title="bbox 2391 4015 3966 4089; baseline -0.003 -17"><span class='ocrx_word' id='word_1_673' title='bbox 2391 4018 2522 4089; x_wconf 77' lang='grc' dir='ltr'>οχῆς</span> <span class='ocrx_word' id='word_1_674' title='bbox 2565 4016 2906 4086; x_wconf 73' lang='grc' dir='ltr'>ἁποτειχίζον</span> <span class='ocrx_word' id='word_1_675' title='bbox 2938 4015 3006 4068; x_wconf 80' lang='grc' dir='ltr'>τὰ</span> <span class='ocrx_word' id='word_1_676' title='bbox 3043 4015 3163 4070; x_wconf 87' lang='grc' dir='ltr'>καθ’</span> <span class='ocrx_word' id='word_1_677' title='bbox 3195 4016 3360 4085; x_wconf 76' lang='grc' dir='ltr'>ἡμᾶς.</span> <span class='ocrx_word' id='word_1_678' title='bbox 3394 4016 3618 4069; x_wconf 84' lang='grc' dir='ltr'>Οίκὲται</span> <span class='ocrx_word' id='word_1_679' title='bbox 3647 4017 3754 4086; x_wconf 78' lang='grc' dir='ltr'>γὰρ</span> <span class='ocrx_word' id='word_1_680' title='bbox 3780 4017 3966 4086; x_wconf 76' lang='grc' dir='ltr'>ἡμεῖς,</span> 
     </span>
    </p>
   </div>
   <div class='ocr_carea' id='block_1_87' title="bbox 2392 4107 3961 4180">
    <p class='ocr_par' dir='ltr' id='par_1_87' title="bbox 2392 4107 3961 4180">
     <span class='ocr_line' id='line_1_87' title="bbox 2392 4107 3961 4180; baseline -0.001 -16"><span class='ocrx_word' id='word_1_681' title='bbox 2392 4113 2421 4164; x_wconf 86' lang='grc' dir='ltr'><strong>ό</strong></span> <span class='ocrx_word' id='word_1_682' title='bbox 2445 4112 2500 4164; x_wconf 78' lang='grc' dir='ltr'>δὲ</span> <span class='ocrx_word' id='word_1_683' title='bbox 2534 4111 2674 4164; x_wconf 73' lang='grc' dir='ltr'>κατὰ</span> <span class='ocrx_word' id='word_1_684' title='bbox 2705 4109 2866 4180; x_wconf 78' lang='grc' dir='ltr'>φύσιν</span> <span class='ocrx_word' id='word_1_685' title='bbox 2895 4109 3097 4180; x_wconf 82' lang='grc' dir='ltr'>Κύριος</span> <span class='ocrx_word' id='word_1_686' title='bbox 3119 4110 3218 4162; x_wconf 71' lang='grc' dir='ltr'>καὶ</span> <span class='ocrx_word' id='word_1_687' title='bbox 3249 4107 3400 4172; x_wconf 82' lang='grc' dir='ltr'>Θεὸς.</span> <span class='ocrx_word' id='word_1_688' title='bbox 3425 4108 3525 4162; x_wconf 83' lang='grc' dir='ltr'>κᾶν</span> <span class='ocrx_word' id='word_1_689' title='bbox 3548 4109 3596 4161; x_wconf 90' lang='grc' dir='ltr'>εί</span> <span class='ocrx_word' id='word_1_690' title='bbox 3630 4111 3814 4178; x_wconf 82' lang='grc' dir='ltr'>γέγονε</span> <span class='ocrx_word' id='word_1_691' title='bbox 3838 4107 3961 4179; x_wconf 79' lang='grc' dir='ltr'>μεθ’</span> 
     </span>
    </p>
   </div>
   <div class='ocr_carea' id='block_1_88' title="bbox 2392 4199 3964 4272">
    <p class='ocr_par' dir='ltr' id='par_1_88' title="bbox 2392 4199 3964 4272">
     <span class='ocr_line' id='line_1_88' title="bbox 2392 4199 3964 4272; baseline -0.001 -18"><span class='ocrx_word' id='word_1_692' title='bbox 2392 4201 2550 4272; x_wconf 71' lang='grc' dir='ltr'>ἡμῶν</span> <span class='ocrx_word' id='word_1_693' title='bbox 2583 4201 2677 4254; x_wconf 74' lang='grc' dir='ltr'>καὶ</span> <span class='ocrx_word' id='word_1_694' title='bbox 2708 4203 2766 4254; x_wconf 76' lang='grc' dir='ltr'>ἑν</span> <span class='ocrx_word' id='word_1_695' title='bbox 2802 4201 2913 4264; x_wconf 85' lang='grc' dir='ltr'>τοῖς</span> <span class='ocrx_word' id='word_1_696' title='bbox 2937 4200 3060 4252; x_wconf 83' lang='grc' dir='ltr'>καθ’</span> <span class='ocrx_word' id='word_1_697' title='bbox 3090 4199 3236 4270; x_wconf 74' lang='grc' dir='ltr'>ἡμᾶς</span> <span class='ocrx_word' id='word_1_698' title='bbox 3263 4199 3642 4270; x_wconf 81' lang='grc' dir='ltr'>οἰκονομικῶς.</span> <span class='ocrx_word' id='word_1_699' title='bbox 3667 4200 3844 4270; x_wconf 78' lang='grc' dir='ltr'>Ταύτῃ</span> <span class='ocrx_word' id='word_1_700' title='bbox 3874 4215 3964 4252; x_wconf 86' lang='grc' dir='ltr'>τοι</span> 
     </span>
    </p>
   </div>
   <div class='ocr_carea' id='block_1_89' title="bbox 2393 4289 3955 4362">
    <p class='ocr_par' dir='ltr' id='par_1_89' title="bbox 2393 4289 3955 4362">
     <span class='ocr_line' id='line_1_89' title="bbox 2393 4289 3955 4362; baseline -0.002 -17"><span class='ocrx_word' id='word_1_701' title='bbox 2393 4293 2487 4346; x_wconf 78' lang='grc' dir='ltr'>καὶ</span> <span class='ocrx_word' id='word_1_702' title='bbox 2528 4293 2556 4344; x_wconf 78' lang='grc' dir='ltr'>ὁ</span> <span class='ocrx_word' id='word_1_703' title='bbox 2596 4292 2863 4362; x_wconf 85' lang='grc' dir='ltr'>μακάριος</span> <span class='ocrx_word' id='word_1_704' title='bbox 2908 4290 3114 4354; x_wconf 86' lang='grc' dir='ltr'>Παῦλος</span> <span class='ocrx_word' id='word_1_705' title='bbox 3191 4291 3425 4361; x_wconf 83' lang='grc' dir='ltr'>Χριστὸν</span> <span class='ocrx_word' id='word_1_706' title='bbox 3505 4291 3666 4344; x_wconf 81' lang='grc' dir='ltr'>αὑτὸν</span> <span class='ocrx_word' id='word_1_707' title='bbox 3705 4289 3955 4360; x_wconf 75' lang='grc' dir='ltr'>ὠνόμαζε</span> 
     </span>
    </p>
   </div>
   <div class='ocr_carea' id='block_1_90' title="bbox 2393 4383 3957 4455">
    <p class='ocr_par' dir='ltr' id='par_1_90' title="bbox 2393 4383 3957 4455">
     <span class='ocr_line' id='line_1_90' title="bbox 2393 4383 3957 4455; baseline -0.001 -17"><span class='ocrx_word' id='word_1_708' title='bbox 2393 4385 2487 4439; x_wconf 73' lang='grc' dir='ltr'>καὶ</span> <span class='ocrx_word' id='word_1_709' title='bbox 2518 4384 2672 4446; x_wconf 80' lang='grc' dir='ltr'>Θεὸν,</span> <span class='ocrx_word' id='word_1_710' title='bbox 2743 4383 2885 4436; x_wconf 77' lang='grc' dir='ltr'>οὕτω</span> <span class='ocrx_word' id='word_1_711' title='bbox 2921 4383 3131 4452; x_wconf 84' lang='grc' dir='ltr'>λέγων’</span> <span class='ocrx_word' id='word_1_712' title='bbox 3171 4404 3190 4435; x_wconf 76' lang='grc' dir='ltr'>ι</span> <span class='ocrx_word' id='word_1_713' title='bbox 3241 4383 3410 4437; x_wconf 84' lang='grc' dir='ltr'>Τοῦτο</span> <span class='ocrx_word' id='word_1_714' title='bbox 3447 4385 3555 4455; x_wconf 73' lang='grc' dir='ltr'>γὰρ</span> <span class='ocrx_word' id='word_1_715' title='bbox 3609 4383 3722 4436; x_wconf 81' lang='grc' dir='ltr'>ἴστε</span> <span class='ocrx_word' id='word_1_716' title='bbox 3785 4383 3957 4452; x_wconf 82' lang='grc' dir='ltr'>γινώ-</span> 
     </span>
    </p>
   </div>
   <div class='ocr_carea' id='block_1_91' title="bbox 729 4473 2296 4556">
    <p class='ocr_par' dir='ltr' id='par_1_91' title="bbox 729 4473 2290 4556">
     <span class='ocr_line' id='line_1_91' title="bbox 729 4473 2290 4556; baseline 0.007 -26"><span class='ocrx_word' id='word_1_717' title='bbox 729 4473 931 4530; x_wconf 77' lang='lat' dir='ltr'><strong>Paulus</strong></span> <span class='ocrx_word' id='word_1_718' title='bbox 955 4483 1011 4528; x_wconf 91' lang='lat' dir='ltr'><strong>et</strong></span> <span class='ocrx_word' id='word_1_719' title='bbox 1047 4495 1063 4526; x_wconf 86' lang='grc'><strong>‹</strong></span> <span class='ocrx_word' id='word_1_720' title='bbox 1086 4475 1363 4533; x_wconf 86' lang='lat' dir='ltr'><strong>Christum</strong></span> <span class='ocrx_word' id='word_1_721' title='bbox 1387 4490 1442 4535; x_wconf 92' lang='lat' dir='ltr'><strong>et</strong></span> <span class='ocrx_word' id='word_1_722' title='bbox 1468 4481 1638 4536; x_wconf 91' lang='lat' dir='ltr'><strong>Deum</strong></span> <span class='ocrx_word' id='word_1_723' title='bbox 1665 4502 1682 4533; x_wconf 76' lang='grc' dir='ltr'>ι</span> <span class='ocrx_word' id='word_1_724' title='bbox 1728 4483 1880 4538; x_wconf 91' lang='lat' dir='ltr'><strong>illum</strong></span> <span class='ocrx_word' id='word_1_725' title='bbox 1910 4486 2183 4556; x_wconf 88' lang='lat' dir='ltr'><strong>appellat;</strong></span> <span class='ocrx_word' id='word_1_726' title='bbox 2213 4487 2290 4541; x_wconf 91' lang='lat' dir='ltr'><strong>ait</strong></span> 
     </span>
    </p>
   </div>
   <div class='ocr_carea' id='block_1_92' title="bbox 2394 4473 3954 4556">
    <p class='ocr_par' dir='ltr' id='par_1_92' title="bbox 2394 4473 3954 4546">
     <span class='ocr_line' id='line_1_92' title="bbox 2394 4473 3954 4546; baseline -0.001 -18"><span class='ocrx_word' id='word_1_727' title='bbox 2394 4492 2634 4538; x_wconf 80' lang='grc' dir='ltr'>σκοντες,</span> <span class='ocrx_word' id='word_1_728' title='bbox 2664 4475 2744 4527; x_wconf 87' lang='grc' dir='ltr'>ὄτι</span> <span class='ocrx_word' id='word_1_729' title='bbox 2768 4475 2874 4537; x_wconf 79' lang='grc' dir='ltr'>πᾶς</span> <span class='ocrx_word' id='word_1_730' title='bbox 2896 4474 3112 4544; x_wconf 87' lang='grc' dir='ltr'>πόρνος,</span> <span class='ocrx_word' id='word_1_731' title='bbox 3138 4474 3169 4545; x_wconf 77' lang='grc' dir='ltr'>ἢ</span> <span class='ocrx_word' id='word_1_732' title='bbox 3199 4475 3583 4546; x_wconf 78' lang='grc' dir='ltr'>ἀκάθαρτος,ἦ</span> <span class='ocrx_word' id='word_1_733' title='bbox 3612 4473 3954 4544; x_wconf 84' lang='grc' dir='ltr'>πλεονέκτης,</span> 
     </span>
    </p>
   </div>
   <div class='ocr_carea' id='block_1_93' title="bbox 727 4565 2295 4645">
    <p class='ocr_par' dir='ltr' id='par_1_93' title="bbox 727 4565 2295 4645">
     <span class='ocr_line' id='line_1_93' title="bbox 727 4565 2295 4645; baseline 0.008 -26"><span class='ocrx_word' id='word_1_734' title='bbox 727 4565 876 4620; x_wconf 87' lang='lat' dir='ltr'><strong>enim</strong></span> <span class='ocrx_word' id='word_1_735' title='bbox 911 4582 929 4618; x_wconf 90' lang='lat'><strong>:-</strong></span> <span class='ocrx_word' id='word_1_736' title='bbox 965 4584 982 4616; x_wconf 85' lang='grc'><strong><em>‹</em></strong></span> <span class='ocrx_word' id='word_1_737' title='bbox 1007 4565 1120 4620; x_wconf 78' lang='lat' dir='ltr'><strong>Hoc</strong></span> <span class='ocrx_word' id='word_1_738' title='bbox 1149 4568 1296 4622; x_wconf 92' lang='lat' dir='ltr'><strong>enim</strong></span> <span class='ocrx_word' id='word_1_739' title='bbox 1317 4569 1509 4626; x_wconf 87' lang='lat' dir='ltr'><strong>scitote</strong></span> <span class='ocrx_word' id='word_1_740' title='bbox 1532 4573 1917 4644; x_wconf 87' lang='lat' dir='ltr'><strong>intelligentes,</strong></span> <span class='ocrx_word' id='word_1_741' title='bbox 1942 4577 2088 4645; x_wconf 91' lang='lat' dir='ltr'><strong>quod</strong></span> <span class='ocrx_word' id='word_1_742' title='bbox 2114 4579 2295 4632; x_wconf 88' lang='lat' dir='ltr'><strong>omnis</strong></span> 
     </span>
    </p>
   </div>
   <div class='ocr_carea' id='block_1_94' title="bbox 728 4651 2293 4734">
    <p class='ocr_par' dir='ltr' id='par_1_94' title="bbox 728 4651 2293 4734">
     <span class='ocr_line' id='line_1_94' title="bbox 728 4651 2293 4734; baseline 0.009 -28"><span class='ocrx_word' id='word_1_743' title='bbox 728 4651 1048 4720; x_wconf 79' lang='lat' dir='ltr'><strong>fornicator,</strong></span> <span class='ocrx_word' id='word_1_744' title='bbox 1074 4665 1168 4710; x_wconf 90' lang='lat' dir='ltr'><strong>aut</strong></span> <span class='ocrx_word' id='word_1_745' title='bbox 1193 4656 1526 4724; x_wconf 88' lang='lat' dir='ltr'><strong>immundus,</strong></span> <span class='ocrx_word' id='word_1_746' title='bbox 1550 4669 1643 4714; x_wconf 91' lang='lat' dir='ltr'><strong>aut</strong></span> <span class='ocrx_word' id='word_1_747' title='bbox 1665 4677 1882 4728; x_wconf 87' lang='lat' dir='ltr'><strong>avarus,</strong></span> <span class='ocrx_word' id='word_1_748' title='bbox 1904 4665 1997 4734; x_wconf 89' lang='lat' dir='ltr'><strong>qui</strong></span> <span class='ocrx_word' id='word_1_749' title='bbox 2019 4674 2105 4720; x_wconf 91' lang='lat' dir='ltr'><strong>est</strong></span> <span class='ocrx_word' id='word_1_750' title='bbox 2125 4665 2293 4720; x_wconf 84' lang='lat' dir='ltr'><strong>idolo-</strong></span> 
     </span>
    </p>
   </div>
   <div class='ocr_carea' id='block_1_95' title="bbox 725 4742 2294 4826">
    <p class='ocr_par' dir='ltr' id='par_1_95' title="bbox 725 4742 2294 4826">
     <span class='ocr_line' id='line_1_95' title="bbox 725 4742 2294 4826; baseline 0.01 -28"><span class='ocrx_word' id='word_1_751' title='bbox 725 4742 883 4808; x_wconf 79' lang='lat' dir='ltr'><strong>latra,</strong></span> <span class='ocrx_word' id='word_1_752' title='bbox 934 4761 1044 4801; x_wconf 83' lang='lat' dir='ltr'><strong>non</strong></span> <span class='ocrx_word' id='word_1_753' title='bbox 1093 4747 1259 4804; x_wconf 89' lang='lat' dir='ltr'><strong>habet</strong></span> <span class='ocrx_word' id='word_1_754' title='bbox 1289 4750 1662 4808; x_wconf 65' lang='lat' dir='ltr'><strong>hereditatem</strong></span> <span class='ocrx_word' id='word_1_755' title='bbox 1715 4755 1771 4809; x_wconf 93' lang='lat' dir='ltr'><strong>in</strong></span> <span class='ocrx_word' id='word_1_756' title='bbox 1819 4771 1983 4826; x_wconf 89' lang='lat' dir='ltr'><strong>regno</strong></span> <span class='ocrx_word' id='word_1_757' title='bbox 2006 4756 2210 4812; x_wconf 85' lang='lat' dir='ltr'><strong>Christi</strong></span> <span class='ocrx_word' id='word_1_758' title='bbox 2239 4769 2294 4814; x_wconf 89' lang='lat' dir='ltr'><strong>et</strong></span> 
     </span>
    </p>
   </div>
   <div class='ocr_carea' id='block_1_96' title="bbox 727 4833 2292 4915">
    <p class='ocr_par' dir='ltr' id='par_1_96' title="bbox 727 4833 2292 4915">
     <span class='ocr_line' id='line_1_96' title="bbox 727 4833 2292 4915; baseline 0.011 -27"><span class='ocrx_word' id='word_1_759' title='bbox 727 4833 824 4889; x_wconf 90' lang='lat' dir='ltr'><strong>Dei</strong></span> <span class='ocrx_word' id='word_1_760' title='bbox 845 4836 910 4890; x_wconf 79' lang='lat'><strong>&quot;.</strong></span> <span class='ocrx_word' id='word_1_761' title='bbox 923 4855 941 4888; x_wconf 76' lang='grc' dir='ltr'>ι</span> <span class='ocrx_word' id='word_1_762' title='bbox 972 4836 1165 4893; x_wconf 70' lang='lat' dir='ltr'><strong>Caeteri</strong></span> <span class='ocrx_word' id='word_1_763' title='bbox 1185 4833 1372 4911; x_wconf 87' lang='lat' dir='ltr'><strong>itaque</strong></span> <span class='ocrx_word' id='word_1_764' title='bbox 1387 4857 1579 4898; x_wconf 85' lang='lat' dir='ltr'><strong>omnes</strong></span> <span class='ocrx_word' id='word_1_765' title='bbox 1597 4853 1820 4915; x_wconf 88' lang='lat' dir='ltr'><strong>propter</strong></span> <span class='ocrx_word' id='word_1_766' title='bbox 1836 4849 2115 4903; x_wconf 91' lang='lat' dir='ltr'><strong>unctionis</strong></span> <span class='ocrx_word' id='word_1_767' title='bbox 2128 4849 2292 4905; x_wconf 62' lang='lat' dir='ltr'><strong>bene.</strong></span> 
     </span>
    </p>
   </div>
   <div class='ocr_carea' id='block_1_97' title="bbox 726 4922 2292 5004">
    <p class='ocr_par' dir='ltr' id='par_1_97' title="bbox 726 4922 2292 5004">
     <span class='ocr_line' id='line_1_97' title="bbox 726 4922 2292 5004; baseline 0.008 -24"><span class='ocrx_word' id='word_1_768' title='bbox 726 4922 911 4980; x_wconf 77' lang='lat' dir='ltr'><strong>ﬁcium</strong></span> <span class='ocrx_word' id='word_1_769' title='bbox 938 4925 1046 4981; x_wconf 81' lang='lat' dir='ltr'><strong>sint</strong></span> <span class='ocrx_word' id='word_1_770' title='bbox 1075 4927 1287 4996; x_wconf 87' lang='lat' dir='ltr'><strong>christi,</strong></span> <span class='ocrx_word' id='word_1_771' title='bbox 1305 4927 1368 4986; x_wconf 65' lang='lat' dir='ltr'><strong>~et</strong></span> <span class='ocrx_word' id='word_1_772' title='bbox 1385 4933 1510 5002; x_wconf 89' lang='lat' dir='ltr'><strong>jure</strong></span> <span class='ocrx_word' id='word_1_773' title='bbox 1529 4932 1710 4988; x_wconf 88' lang='lat' dir='ltr'><strong>isthuc</strong></span> <span class='ocrx_word' id='word_1_774' title='bbox 1733 4935 2076 5004; x_wconf 87' lang='lat' dir='ltr'><strong>appellentur</strong></span> <span class='ocrx_word' id='word_1_775' title='bbox 2102 4955 2114 4990; x_wconf 89' lang='lat'><strong>:</strong></span> <span class='ocrx_word' id='word_1_776' title='bbox 2143 4939 2292 4992; x_wconf 89' lang='lat' dir='ltr'><strong>solus</strong></span> 
     </span>
    </p>
   </div>
   <div class='ocr_carea' id='block_1_98' title="bbox 727 5015 2289 5100">
    <p class='ocr_par' dir='ltr' id='par_1_98' title="bbox 727 5015 2289 5100">
     <span class='ocr_line' id='line_1_98' title="bbox 727 5015 2289 5100; baseline 0.011 -32"><span class='ocrx_word' id='word_1_777' title='bbox 727 5025 908 5070; x_wconf 85' lang='lat' dir='ltr'><strong>autem</strong></span> <span class='ocrx_word' id='word_1_778' title='bbox 937 5015 1256 5075; x_wconf 83' lang='lat' dir='ltr'><strong>Emmanuel</strong></span> <span class='ocrx_word' id='word_1_779' title='bbox 1285 5021 1360 5077; x_wconf 84' lang='lat' dir='ltr'><strong>ita</strong></span> <span class='ocrx_word' id='word_1_780' title='bbox 1385 5031 1470 5078; x_wconf 90' lang='lat' dir='ltr'><strong>est</strong></span> <span class='ocrx_word' id='word_1_781' title='bbox 1491 5023 1763 5090; x_wconf 86' lang='lat' dir='ltr'><strong>Christus,</strong></span> <span class='ocrx_word' id='word_1_782' title='bbox 1796 5037 1857 5081; x_wconf 88' lang='lat' dir='ltr'><strong>ut</strong></span> <span class='ocrx_word' id='word_1_783' title='bbox 1883 5043 2049 5083; x_wconf 87' lang='lat' dir='ltr'><strong>verus</strong></span> <span class='ocrx_word' id='word_1_784' title='bbox 2070 5045 2289 5100; x_wconf 87' lang='lat' dir='ltr'><strong>quoque</strong></span> 
     </span>
    </p>
   </div>
   <div class='ocr_carea' id='block_1_99' title="bbox 722 5105 2288 5190">
    <p class='ocr_par' dir='ltr' id='par_1_99' title="bbox 722 5105 2288 5190">
     <span class='ocr_line' id='line_1_99' title="bbox 722 5105 2288 5190; baseline 0.011 -32"><span class='ocrx_word' id='word_1_785' title='bbox 722 5105 782 5176; x_wconf 73' lang='grc'><strong>8</strong></span> <span class='ocrx_word' id='word_1_786' title='bbox 811 5106 883 5160; x_wconf 90' lang='lat' dir='ltr'><strong>sit</strong></span> <span class='ocrx_word' id='word_1_787' title='bbox 909 5105 1070 5163; x_wconf 89' lang='lat' dir='ltr'><strong>Deus.</strong></span> <span class='ocrx_word' id='word_1_788' title='bbox 1097 5108 1438 5183; x_wconf 84' lang='lat' dir='ltr'><strong>Quapropter</strong></span> <span class='ocrx_word' id='word_1_789' title='bbox 1463 5130 1493 5168; x_wconf 89' lang='lat' dir='ltr'><strong>a</strong></span> <span class='ocrx_word' id='word_1_790' title='bbox 1519 5131 1652 5171; x_wconf 90' lang='lat' dir='ltr'><strong>vero</strong></span> <span class='ocrx_word' id='word_1_791' title='bbox 1677 5132 1786 5172; x_wconf 92' lang='lat' dir='ltr'><strong>non</strong></span> <span class='ocrx_word' id='word_1_792' title='bbox 1826 5119 2167 5174; x_wconf 86' lang='lat' dir='ltr'><strong>aberraverit</strong></span> <span class='ocrx_word' id='word_1_793' title='bbox 2194 5122 2288 5190; x_wconf 92' lang='lat' dir='ltr'><strong>qui</strong></span> 
     </span>
    </p>
   </div>
   <div class='ocr_carea' id='block_1_100' title="bbox 725 5191 2287 5273">
    <p class='ocr_par' dir='ltr' id='par_1_100' title="bbox 725 5191 2287 5273">
     <span class='ocr_line' id='line_1_100' title="bbox 725 5191 2287 5273; baseline 0.007 -23"><span class='ocrx_word' id='word_1_794' title='bbox 725 5191 959 5250; x_wconf 74' lang='lat' dir='ltr'><strong>aliorum</strong></span> <span class='ocrx_word' id='word_1_795' title='bbox 1005 5206 1206 5253; x_wconf 84' lang='lat' dir='ltr'><strong>matres</strong></span> <span class='ocrx_word' id='word_1_796' title='bbox 1239 5199 1592 5272; x_wconf 84' lang='lat' dir='ltr'><strong>chr-istiparas</strong></span> <span class='ocrx_word' id='word_1_797' title='bbox 1629 5203 1908 5273; x_wconf 80' lang='lat' dir='ltr'><strong>appellare</strong></span> <span class='ocrx_word' id='word_1_798' title='bbox 1949 5205 2080 5261; x_wconf 89' lang='lat' dir='ltr'><strong>velit</strong></span> <span class='ocrx_word' id='word_1_799' title='bbox 2119 5222 2133 5257; x_wconf 90' lang='lat'><strong>:</strong></span> <span class='ocrx_word' id='word_1_800' title='bbox 2167 5205 2287 5260; x_wconf 88' lang='lat' dir='ltr'><strong>dei-</strong></span> 
     </span>
    </p>
   </div>
   <div class='ocr_carea' id='block_1_101' title="bbox 725 5288 2287 5364">
    <p class='ocr_par' dir='ltr' id='par_1_101' title="bbox 725 5288 2287 5364">
     <span class='ocr_line' id='line_1_101' title="bbox 725 5288 2287 5364; baseline 0.01 -29"><span class='ocrx_word' id='word_1_801' title='bbox 725 5297 884 5350; x_wconf 85' lang='lat' dir='ltr'><strong>paras</strong></span> <span class='ocrx_word' id='word_1_802' title='bbox 908 5291 1085 5344; x_wconf 81' lang='lat' dir='ltr'><strong>tamen</strong></span> <span class='ocrx_word' id='word_1_803' title='bbox 1111 5288 1262 5342; x_wconf 90' lang='lat' dir='ltr'><strong>nullo</strong></span> <span class='ocrx_word' id='word_1_804' title='bbox 1290 5290 1472 5347; x_wconf 87' lang='lat' dir='ltr'><strong>modo.</strong></span> <span class='ocrx_word' id='word_1_805' title='bbox 1501 5290 1626 5348; x_wconf 91' lang='lat' dir='ltr'><strong>Sola</strong></span> <span class='ocrx_word' id='word_1_806' title='bbox 1649 5308 1883 5364; x_wconf 88' lang='lat' dir='ltr'><strong>namque</strong></span> <span class='ocrx_word' id='word_1_807' title='bbox 1905 5295 2047 5350; x_wconf 92' lang='lat' dir='ltr'><strong>inter</strong></span> <span class='ocrx_word' id='word_1_808' title='bbox 2063 5303 2287 5350; x_wconf 54' lang='lat' dir='ltr'><strong>exteras</strong></span> 
     </span>
    </p>
   </div>
   <div class='ocr_carea' id='block_1_102' title="bbox 801 5442 1279 5509">
    <p class='ocr_par' dir='ltr' id='par_1_102' title="bbox 801 5442 1279 5509">
     <span class='ocr_line' id='line_1_102' title="bbox 801 5442 1279 5509; baseline 0.01 -14"><span class='ocrx_word' id='word_1_809' title='bbox 801 5442 841 5477; x_wconf 67' lang='grc'><strong>⁸⁷</strong></span> <span class='ocrx_word' id='word_1_810' title='bbox 875 5442 1014 5496; x_wconf 83' lang='lat' dir='ltr'><strong>Psal.</strong></span> <span class='ocrx_word' id='word_1_811' title='bbox 1053 5460 1160 5509; x_wconf 81' lang='lat' dir='ltr'><strong>ctv,</strong></span> <span class='ocrx_word' id='word_1_812' title='bbox 1189 5447 1279 5506; x_wconf 73' lang='lat'><strong>15,</strong></span> 
     </span>
    </p>
   </div>
   <div class='ocr_carea' id='block_1_103' title="bbox 1360 5449 2174 5520">
    <p class='ocr_par' dir='ltr' id='par_1_103' title="bbox 1360 5449 2174 5520">
     <span class='ocr_line' id='line_1_103' title="bbox 1360 5449 2174 5520; baseline 0.005 -18"><span class='ocrx_word' id='word_1_813' title='bbox 1360 5449 1401 5520; x_wconf 21' lang='grc'><strong>’4⁸</strong></span> <span class='ocrx_word' id='word_1_814' title='bbox 1426 5450 1453 5502; x_wconf 81' lang='grc' dir='ltr'><strong>Ιι</strong></span> <span class='ocrx_word' id='word_1_815' title='bbox 1480 5450 1750 5520; x_wconf 60' lang='lat' dir='ltr'><strong>Reg._xvt,</strong></span> <span class='ocrx_word' id='word_1_816' title='bbox 1779 5451 1862 5503; x_wconf 77' lang='lat' dir='ltr'><strong>l5.</strong></span> <span class='ocrx_word' id='word_1_817' title='bbox 1946 5452 1987 5482; x_wconf 85' lang='grc'><strong>¹⁹</strong></span> <span class='ocrx_word' id='word_1_818' title='bbox 2015 5452 2033 5505; x_wconf 88' lang='grc'><strong>1</strong></span> <span class='ocrx_word' id='word_1_819' title='bbox 2063 5452 2174 5520; x_wconf 82' lang='lat' dir='ltr'><strong>Reg</strong></span> 
     </span>
    </p>
   </div>
   <div class='ocr_carea' id='block_1_104' title="bbox 723 5508 1116 5576">
    <p class='ocr_par' dir='ltr' id='par_1_104' title="bbox 723 5508 1116 5576">
     <span class='ocr_line' id='line_1_104' title="bbox 723 5508 1116 5576; baseline 0.018 -15"><span class='ocrx_word' id='word_1_820' title='bbox 723 5508 767 5540; x_wconf 89' lang='grc'><em>⁸³</em></span> <span class='ocrx_word' id='word_1_821' title='bbox 799 5511 916 5568; x_wconf 77' lang='lat' dir='ltr'><strong>Act.</strong></span> <span class='ocrx_word' id='word_1_822' title='bbox 943 5529 995 5576; x_wconf 74' lang='grc' dir='ltr'><strong>ι,</strong></span> <span class='ocrx_word' id='word_1_823' title='bbox 1029 5514 1116 5568; x_wconf 78' lang='lat'><strong>38.</strong></span> 
     </span>
    </p>
   </div>
   <div class='ocr_carea' id='block_1_105' title="bbox 1192 5516 2177 5590">
    <p class='ocr_par' dir='ltr' id='par_1_105' title="bbox 1192 5516 2177 5590">
     <span class='ocr_line' id='line_1_105' title="bbox 1192 5516 2177 5590; baseline 0.006 -21"><span class='ocrx_word' id='word_1_824' title='bbox 1192 5517 1237 5547; x_wconf 76' lang='lat'>”</span> <span class='ocrx_word' id='word_1_825' title='bbox 1271 5516 1409 5570; x_wconf 76' lang='lat' dir='ltr'><strong>Psal.</strong></span> <span class='ocrx_word' id='word_1_826' title='bbox 1441 5516 1584 5580; x_wconf 56' lang='lat' dir='ltr'><strong>attv&#39;,</strong></span> <span class='ocrx_word' id='word_1_827' title='bbox 1607 5517 1658 5570; x_wconf 89' lang='lat'><strong>8.</strong></span> <span class='ocrx_word' id='word_1_828' title='bbox 1739 5521 1782 5550; x_wconf 85' lang='lat'><strong>&quot;</strong></span> <span class='ocrx_word' id='word_1_829' title='bbox 1815 5520 2014 5590; x_wconf 87' lang='lat' dir='ltr'><strong>Ephes.</strong></span> <span class='ocrx_word' id='word_1_830' title='bbox 2039 5539 2089 5580; x_wconf 68' lang='grc' dir='ltr'>ν,</span> <span class='ocrx_word' id='word_1_831' title='bbox 2129 5516 2177 5575; x_wconf 56' lang='grc'><strong>5⁷.</strong></span> 
     </span>
    </p>
   </div>
   <div class='ocr_carea' id='block_1_106' title="bbox 2181 5453 2446 5516">
    <p class='ocr_par' dir='ltr' id='par_1_106' title="bbox 2181 5453 2446 5516">
     <span class='ocr_line' id='line_1_106' title="bbox 2181 5453 2446 5516; baseline 0.019 -12"><span class='ocrx_word' id='word_1_832' title='bbox 2181 5492 2192 5504; x_wconf 95' lang='grc'><strong>.</strong></span> <span class='ocrx_word' id='word_1_833' title='bbox 2227 5468 2370 5516; x_wconf 76' lang='lat' dir='ltr'><strong>xxrv,</strong></span> <span class='ocrx_word' id='word_1_834' title='bbox 2390 5453 2446 5509; x_wconf 81' lang='lat'><strong>7.</strong></span> 
     </span>
    </p>
   </div>
   <div class='ocr_carea' id='block_1_107' title="bbox 2390 4565 3959 4636">
    <p class='ocr_par' dir='ltr' id='par_1_107' title="bbox 2390 4565 3959 4636">
     <span class='ocr_line' id='line_1_107' title="bbox 2390 4565 3959 4636; baseline -0.003 -17"><span class='ocrx_word' id='word_1_835' title='bbox 2390 4569 2539 4629; x_wconf 82' lang='grc' dir='ltr'>ὅστις</span> <span class='ocrx_word' id='word_1_836' title='bbox 2570 4566 2715 4619; x_wconf 74' lang='grc' dir='ltr'>ἐστὶν</span> <span class='ocrx_word' id='word_1_837' title='bbox 2761 4565 3173 4636; x_wconf 73' lang='grc' dir='ltr'>εἰδωλολάτρης,</span> <span class='ocrx_word' id='word_1_838' title='bbox 3213 4567 3314 4618; x_wconf 78' lang='grc' dir='ltr'><strong>οὐκ</strong></span> <span class='ocrx_word' id='word_1_839' title='bbox 3359 4567 3470 4636; x_wconf 83' lang='grc' dir='ltr'>ἔχει</span> <span class='ocrx_word' id='word_1_840' title='bbox 3509 4565 3864 4635; x_wconf 80' lang='grc' dir='ltr'>κληρονομίαν</span> <span class='ocrx_word' id='word_1_841' title='bbox 3898 4566 3959 4616; x_wconf 78' lang='grc' dir='ltr'>ἐν</span> 
     </span>
    </p>
   </div>
   <div class='ocr_carea' id='block_1_108' title="bbox 2390 4655 3955 4728">
    <p class='ocr_par' dir='ltr' id='par_1_108' title="bbox 2390 4655 3955 4728">
     <span class='ocr_line' id='line_1_108' title="bbox 2390 4655 3955 4728; baseline -0.001 -17"><span class='ocrx_word' id='word_1_842' title='bbox 2390 4660 2454 4728; x_wconf 79' lang='grc' dir='ltr'>τῇ</span> <span class='ocrx_word' id='word_1_843' title='bbox 2485 4657 2733 4728; x_wconf 83' lang='grc' dir='ltr'>βασιλείᾳ</span> <span class='ocrx_word' id='word_1_844' title='bbox 2770 4657 3006 4728; x_wconf 83' lang='grc' dir='ltr'>Χριστοῦ</span> <span class='ocrx_word' id='word_1_845' title='bbox 3037 4656 3131 4709; x_wconf 69' lang='grc' dir='ltr'>καὶ</span> <span class='ocrx_word' id='word_1_846' title='bbox 3169 4656 3323 4710; x_wconf 87' lang='grc' dir='ltr'>Θεοῦ.</span> <span class='ocrx_word' id='word_1_847' title='bbox 3365 4677 3382 4707; x_wconf 74' lang='grc' dir='ltr'>ι</span> <span class='ocrx_word' id='word_1_848' title='bbox 3417 4655 3628 4710; x_wconf 84' lang='grc' dir='ltr'>Οὐκοῦν</span> <span class='ocrx_word' id='word_1_849' title='bbox 3656 4659 3704 4709; x_wconf 86' lang='grc' dir='ltr'><strong>οἱ</strong></span> <span class='ocrx_word' id='word_1_850' title='bbox 3736 4657 3830 4726; x_wconf 84' lang='grc' dir='ltr'>μὲν</span> <span class='ocrx_word' id='word_1_851' title='bbox 3859 4657 3955 4710; x_wconf 86' lang='grc' dir='ltr'><strong>ἄλ-</strong></span> 
     </span>
    </p>
   </div>
   <div class='ocr_carea' id='block_1_109' title="bbox 2390 4743 3954 4817">
    <p class='ocr_par' dir='ltr' id='par_1_109' title="bbox 2390 4743 3954 4817">
     <span class='ocr_line' id='line_1_109' title="bbox 2390 4743 3954 4817; baseline 0.003 -20"><span class='ocrx_word' id='word_1_852' title='bbox 2390 4746 2469 4798; x_wconf 91' lang='grc' dir='ltr'><strong>λοι</strong></span> <span class='ocrx_word' id='word_1_853' title='bbox 2513 4746 2734 4809; x_wconf 76' lang='grc' dir='ltr'>πάντες.</span> <span class='ocrx_word' id='word_1_854' title='bbox 2775 4747 2850 4810; x_wconf 85' lang='grc' dir='ltr'>ὡς</span> <span class='ocrx_word' id='word_1_855' title='bbox 2882 4747 3037 4816; x_wconf 76' lang='grc' dir='ltr'>ἔφην,</span> <span class='ocrx_word' id='word_1_856' title='bbox 3084 4743 3192 4800; x_wconf 77' lang='grc' dir='ltr'>εἷεν</span> <span class='ocrx_word' id='word_1_857' title='bbox 3222 4747 3286 4800; x_wconf 86' lang='grc' dir='ltr'>ἂν</span> <span class='ocrx_word' id='word_1_858' title='bbox 3327 4749 3421 4800; x_wconf 75' lang='grc' dir='ltr'>καὶ</span> <span class='ocrx_word' id='word_1_859' title='bbox 3454 4749 3598 4817; x_wconf 78' lang='grc' dir='ltr'>μάλα</span> <span class='ocrx_word' id='word_1_860' title='bbox 3627 4748 3842 4812; x_wconf 73' lang='grc' dir='ltr'>εἰκότως</span> <span class='ocrx_word' id='word_1_861' title='bbox 3869 4749 3954 4802; x_wconf 75' lang='grc' dir='ltr'>διὰ</span> 
     </span>
    </p>
   </div>
   <div class='ocr_carea' id='block_1_110' title="bbox 2387 4837 3955 4909">
    <p class='ocr_par' dir='ltr' id='par_1_110' title="bbox 2387 4837 3955 4909">
     <span class='ocr_line' id='line_1_110' title="bbox 2387 4837 3955 4909; baseline 0 -18"><span class='ocrx_word' id='word_1_862' title='bbox 2387 4839 2448 4892; x_wconf 85' lang='grc' dir='ltr'>τὸ</span> <span class='ocrx_word' id='word_1_863' title='bbox 2476 4837 2761 4908; x_wconf 81' lang='grc' dir='ltr'>κεχρίσθαι</span> <span class='ocrx_word' id='word_1_864' title='bbox 2784 4840 3014 4908; x_wconf 71' lang='grc' dir='ltr'>χριστοὶ,</span> <span class='ocrx_word' id='word_1_865' title='bbox 3043 4838 3200 4908; x_wconf 77' lang='grc' dir='ltr'>μόνος</span> <span class='ocrx_word' id='word_1_866' title='bbox 3228 4839 3284 4892; x_wconf 77' lang='grc' dir='ltr'>δὲ</span> <span class='ocrx_word' id='word_1_867' title='bbox 3304 4838 3534 4908; x_wconf 77' lang='grc' dir='ltr'>Χριστὸς</span> <span class='ocrx_word' id='word_1_868' title='bbox 3556 4838 3686 4900; x_wconf 80' lang='grc' dir='ltr'>Θεὸς</span> <span class='ocrx_word' id='word_1_869' title='bbox 3713 4840 3955 4909; x_wconf 73' lang='grc' dir='ltr'>ἀληθινὸς</span> 
     </span>
    </p>
   </div>
   <div class='ocr_carea' id='block_1_111' title="bbox 2390 4930 3954 5002">
    <p class='ocr_par' dir='ltr' id='par_1_111' title="bbox 2390 4930 3954 5002">
     <span class='ocr_line' id='line_1_111' title="bbox 2390 4930 3954 5002; baseline 0.001 -18"><span class='ocrx_word' id='word_1_870' title='bbox 2390 4934 2418 4984; x_wconf 88' lang='grc' dir='ltr'><strong>ὁ</strong></span> <span class='ocrx_word' id='word_1_871' title='bbox 2457 4931 2824 5000; x_wconf 81' lang='grc' dir='ltr'>Ἐμμανουήλ.</span> <span class='ocrx_word' id='word_1_872' title='bbox 2861 4931 2969 4983; x_wconf 73' lang='grc' dir='ltr'><strong>Καὶ</strong></span> <span class='ocrx_word' id='word_1_873' title='bbox 2995 4931 3095 4984; x_wconf 75' lang='grc' dir='ltr'>οὒκ</span> <span class='ocrx_word' id='word_1_874' title='bbox 3119 4930 3185 4984; x_wconf 81' lang='grc' dir='ltr'>ἂν</span> <span class='ocrx_word' id='word_1_875' title='bbox 3216 4931 3451 5002; x_wconf 83' lang='grc' dir='ltr'>ἁμάρτοι</span> <span class='ocrx_word' id='word_1_876' title='bbox 3477 4931 3764 5002; x_wconf 84' lang='grc' dir='ltr'>τάληθοῦς,</span> <span class='ocrx_word' id='word_1_877' title='bbox 3794 4932 3843 4985; x_wconf 67' lang='grc' dir='ltr'><strong>εἴ</strong></span> <span class='ocrx_word' id='word_1_878' title='bbox 3870 4949 3954 4994; x_wconf 90' lang='grc' dir='ltr'><strong>τις</strong></span> 
     </span>
    </p>
   </div>
   <div class='ocr_carea' id='block_1_112' title="bbox 2391 5020 3954 5093">
    <p class='ocr_par' dir='ltr' id='par_1_112' title="bbox 2391 5020 3954 5093">
     <span class='ocr_line' id='line_1_112' title="bbox 2391 5020 3954 5093; baseline 0.001 -19"><span class='ocrx_word' id='word_1_879' title='bbox 2391 5021 2456 5074; x_wconf 81' lang='grc' dir='ltr'>ἂν</span> <span class='ocrx_word' id='word_1_880' title='bbox 2483 5021 2659 5073; x_wconf 74' lang='grc' dir='ltr'>ἒλοιτο</span> <span class='ocrx_word' id='word_1_881' title='bbox 2679 5020 2860 5089; x_wconf 80' lang='grc' dir='ltr'>λέγειν</span> <span class='ocrx_word' id='word_1_882' title='bbox 2883 5021 2959 5084; x_wconf 83' lang='grc' dir='ltr'>ὼς</span> <span class='ocrx_word' id='word_1_883' title='bbox 2983 5023 3038 5074; x_wconf 75' lang='lat' dir='ltr'><strong>ai</strong></span> <span class='ocrx_word' id='word_1_884' title='bbox 3068 5020 3176 5074; x_wconf 83' lang='grc' dir='ltr'><strong>τῶν</strong></span> <span class='ocrx_word' id='word_1_885' title='bbox 3199 5021 3373 5075; x_wconf 82' lang='grc' dir='ltr'>ἄλλων</span> <span class='ocrx_word' id='word_1_886' title='bbox 3414 5021 3647 5092; x_wconf 83' lang='grc' dir='ltr'>μητέρες</span> <span class='ocrx_word' id='word_1_887' title='bbox 3687 5025 3954 5093; x_wconf 72' lang='grc' dir='ltr'>χριστοτόο</span> 
     </span>
    </p>
   </div>
   <div class='ocr_carea' id='block_1_113' title="bbox 2391 5113 3953 5188">
    <p class='ocr_par' dir='ltr' id='par_1_113' title="bbox 2391 5113 3953 5188">
     <span class='ocr_line' id='line_1_113' title="bbox 2391 5113 3953 5188; baseline 0.003 -22"><span class='ocrx_word' id='word_1_888' title='bbox 2391 5131 2476 5166; x_wconf 85' lang='grc' dir='ltr'><strong>κοι</strong></span> <span class='ocrx_word' id='word_1_889' title='bbox 2530 5113 2649 5183; x_wconf 83' lang='grc' dir='ltr'>μὲν,</span> <span class='ocrx_word' id='word_1_890' title='bbox 2686 5115 2747 5166; x_wconf 85' lang='grc' dir='ltr'>οὐ</span> <span class='ocrx_word' id='word_1_891' title='bbox 2783 5114 2887 5185; x_wconf 84' lang='grc' dir='ltr'>μὴν</span> <span class='ocrx_word' id='word_1_892' title='bbox 2930 5115 3012 5166; x_wconf 75' lang='grc' dir='ltr'>ἔτι</span> <span class='ocrx_word' id='word_1_893' title='bbox 3061 5115 3155 5166; x_wconf 71' lang='grc' dir='ltr'>καὶ</span> <span class='ocrx_word' id='word_1_894' title='bbox 3210 5115 3471 5168; x_wconf 70' lang='lat' dir='ltr'><strong>Geo-:6th.</strong></span> <span class='ocrx_word' id='word_1_895' title='bbox 3529 5116 3680 5178; x_wconf 87' lang='grc' dir='ltr'>Μόνη</span> <span class='ocrx_word' id='word_1_896' title='bbox 3731 5115 3786 5168; x_wconf 81' lang='grc' dir='ltr'>δὲ</span> <span class='ocrx_word' id='word_1_897' title='bbox 3827 5121 3953 5188; x_wconf 80' lang='grc' dir='ltr'>παρ’</span> 
     </span>
    </p>
   </div>
   <div class='ocr_carea' id='block_1_114' title="bbox 2387 5204 3952 5276">
    <p class='ocr_par' dir='ltr' id='par_1_114' title="bbox 2387 5204 3952 5276">
     <span class='ocr_line' id='line_1_114' title="bbox 2387 5204 3952 5276; baseline -0.001 -18"><span class='ocrx_word' id='word_1_898' title='bbox 2387 5205 2599 5266; x_wconf 77' lang='grc' dir='ltr'>ὲκείνας</span> <span class='ocrx_word' id='word_1_899' title='bbox 2637 5206 2668 5274; x_wconf 83' lang='grc' dir='ltr'><strong>ἡ</strong></span> <span class='ocrx_word' id='word_1_900' title='bbox 2717 5205 2845 5272; x_wconf 80' lang='grc' dir='ltr'>ἁγία</span> <span class='ocrx_word' id='word_1_901' title='bbox 2893 5204 3163 5275; x_wconf 87' lang='grc' dir='ltr'>Παρθένος</span> <span class='ocrx_word' id='word_1_902' title='bbox 3213 5207 3554 5275; x_wconf 84' lang='grc' dir='ltr'>χριστοτόκος</span> <span class='ocrx_word' id='word_1_903' title='bbox 3598 5222 3656 5258; x_wconf 88' lang='grc' dir='ltr'><strong>τε</strong></span> <span class='ocrx_word' id='word_1_904' title='bbox 3701 5206 3827 5276; x_wconf 84' lang='grc' dir='ltr'>ὁμοῦ</span> <span class='ocrx_word' id='word_1_905' title='bbox 3861 5206 3952 5260; x_wconf 65' lang='grc' dir='ltr'>καὶ</span> 
     </span>
    </p>
   </div>
   <div class='ocr_carea' id='block_1_115' title="bbox 2386 5295 3946 5368">
    <p class='ocr_par' dir='ltr' id='par_1_115' title="bbox 2386 5295 3946 5368">
     <span class='ocr_line' id='line_1_115' title="bbox 2386 5295 3946 5368; baseline 0.001 -22"><span class='ocrx_word' id='word_1_906' title='bbox 2386 5296 2645 5358; x_wconf 80' lang='grc' dir='ltr'>Θεοτόκος</span> <span class='ocrx_word' id='word_1_907' title='bbox 2672 5295 2870 5350; x_wconf 81' lang='grc' dir='ltr'>νοεῖταί</span> <span class='ocrx_word' id='word_1_908' title='bbox 2903 5313 2961 5347; x_wconf 85' lang='grc' dir='ltr'>τε</span> <span class='ocrx_word' id='word_1_909' title='bbox 2999 5296 3091 5349; x_wconf 69' lang='grc' dir='ltr'>καὶ</span> <span class='ocrx_word' id='word_1_910' title='bbox 3133 5296 3386 5364; x_wconf 83' lang='grc' dir='ltr'>λέγεται·</span> <span class='ocrx_word' id='word_1_911' title='bbox 3429 5297 3721 5364; x_wconf 73' lang='grc' dir='ltr'>γεγέννηκε</span> <span class='ocrx_word' id='word_1_912' title='bbox 3759 5297 3860 5368; x_wconf 79' lang='grc' dir='ltr'>γὰρ</span> <span class='ocrx_word' id='word_1_913' title='bbox 3891 5297 3946 5348; x_wconf 68' lang='grc' dir='ltr'>ο)</span> 
     </span>
    </p>
   </div>
   <div class='ocr_carea' id='block_1_116' title="bbox 2519 5452 3939 5514">
    <p class='ocr_par' dir='ltr' id='par_1_116' title="bbox 2519 5452 3939 5514">
     <span class='ocr_line' id='line_1_116' title="bbox 2519 5452 3939 5514; baseline 0.002 -9"><span class='ocrx_word' id='word_1_914' title='bbox 2519 5453 2563 5483; x_wconf 83' lang='grc'><strong>’⁸</strong></span> <span class='ocrx_word' id='word_1_915' title='bbox 2585 5452 2786 5507; x_wconf 81' lang='lat' dir='ltr'><strong>Habac.</strong></span> <span class='ocrx_word' id='word_1_916' title='bbox 2812 5470 2888 5514; x_wconf 83' lang='lat' dir='ltr'><strong>Ill,</strong></span> <span class='ocrx_word' id='word_1_917' title='bbox 2918 5455 3000 5507; x_wconf 76' lang='grc'><strong>15.</strong></span> <span class='ocrx_word' id='word_1_918' title='bbox 3081 5457 3119 5485; x_wconf 72' lang='grc'><strong>³⁸</strong></span> <span class='ocrx_word' id='word_1_919' title='bbox 3149 5456 3341 5509; x_wconf 81' lang='lat' dir='ltr'><strong>lJoan.</strong></span> <span class='ocrx_word' id='word_1_920' title='bbox 3379 5473 3432 5508; x_wconf 81' lang='lat' dir='ltr'><strong>tt.</strong></span> <span class='ocrx_word' id='word_1_921' title='bbox 3466 5454 3534 5507; x_wconf 67' lang='lat'><strong>20</strong></span> <span class='ocrx_word' id='word_1_922' title='bbox 3625 5457 3666 5487; x_wconf 82' lang='lat'><strong>&quot;</strong></span> <span class='ocrx_word' id='word_1_923' title='bbox 3696 5455 3830 5509; x_wconf 81' lang='lat' dir='ltr'><strong>ibid.</strong></span> <span class='ocrx_word' id='word_1_924' title='bbox 3859 5457 3939 5512; x_wconf 68' lang='grc' dir='ltr'>Ξῖ.</span> 
     </span>
    </p>
   </div>
   <div class='ocr_carea' id='block_1_117' title="bbox 1798 5659 2884 5734">
    <p class='ocr_par' dir='ltr' id='par_1_117' title="bbox 1798 5659 2884 5734">
     <span class='ocr_line' id='line_1_117' title="bbox 1798 5659 2884 5734; baseline 0.003 -21"><span class='ocrx_word' id='word_1_925' title='bbox 1798 5659 1969 5716; x_wconf 71' lang='lat' dir='ltr'><strong>Variae</strong></span> <span class='ocrx_word' id='word_1_926' title='bbox 1995 5661 2264 5718; x_wconf 87' lang='lat' dir='ltr'><strong>lectiones</strong></span> <span class='ocrx_word' id='word_1_927' title='bbox 2297 5664 2501 5719; x_wconf 86' lang='lat' dir='ltr'><strong>codicis</strong></span> <span class='ocrx_word' id='word_1_928' title='bbox 2528 5663 2884 5734; x_wconf 79' lang='lat' dir='ltr'><strong>Seguieriani.</strong></span> 
     </span>
    </p>
   </div>
   <div class='ocr_carea' id='block_1_118' title="bbox 799 5749 1800 5832">
    <p class='ocr_par' dir='ltr' id='par_1_118' title="bbox 799 5749 1800 5832">
     <span class='ocr_line' id='line_1_118' title="bbox 799 5749 1800 5832; baseline 0.011 -17"><span class='ocrx_word' id='word_1_929' title='bbox 799 5787 817 5798; x_wconf 84' lang='lat'><strong>-</strong></span> <span class='ocrx_word' id='word_1_930' title='bbox 847 5764 1126 5832; x_wconf 70' lang='grc' dir='ltr'>ἀποκαλεῖ,</span> <span class='ocrx_word' id='word_1_931' title='bbox 1155 5749 1432 5824; x_wconf 52' lang='lat' dir='ltr'><strong>suam.</strong></span> <span class='ocrx_word' id='word_1_932' title='bbox 1517 5774 1532 5805; x_wconf 82' lang='grc'>¹</span> <span class='ocrx_word' id='word_1_933' title='bbox 1568 5771 1800 5828; x_wconf 78' lang='grc' dir='ltr'>ἁδικιαν.</span> 
     </span>
    </p>
   </div>
  </div>
