  <div class='ocr_page' id='page_1' title='image "/cluster/home/n/w/nwhite01/storage/ocr_20150623/77/pst.000004029045/019.png"; bbox 0 0 4146 6322; ppageno 0'>
   <div class='ocr_carea' id='block_1_1' title="bbox 574 317 3812 400">
    <p class='ocr_par' dir='ltr' id='par_1_1' title="bbox 574 317 3812 400">
     <span class='ocr_line' id='line_1_1' title="bbox 574 317 3812 400; baseline -0.003 -18"><span class='ocrx_word' id='word_1_1' title='bbox 574 319 645 382; x_wconf 77' lang='grc' dir='ltr'><strong>εε</strong></span> <span class='ocrx_word' id='word_1_2' title='bbox 1593 322 1650 379; x_wconf 91' lang='lat' dir='ltr'><strong>s.</strong></span> <span class='ocrx_word' id='word_1_3' title='bbox 1692 323 1965 379; x_wconf 74' lang='lat' dir='ltr'><strong>CYltlLLl</strong></span> <span class='ocrx_word' id='word_1_4' title='bbox 2013 322 2478 384; x_wconf 57' lang='lat' dir='ltr'><strong>ALt-gxnbntsl</strong></span> <span class='ocrx_word' id='word_1_5' title='bbox 2515 318 2832 375; x_wconf 70' lang='lat' dir='ltr'><strong>AltClilL&#39;P.</strong></span> <span class='ocrx_word' id='word_1_6' title='bbox 2944 394 2951 400; x_wconf 87' lang='lat'>_</span> <span class='ocrx_word' id='word_1_7' title='bbox 3743 317 3812 372; x_wconf 66' lang='lat' dir='ltr'><strong>at</strong></span> 
     </span>
    </p>
   </div>
   <div class='ocr_carea' id='block_1_2' title="bbox 575 434 3810 506">
    <p class='ocr_par' dir='ltr' id='par_1_2' title="bbox 575 434 3810 506">
     <span class='ocr_line' id='line_1_2' title="bbox 575 434 3810 506; baseline -0.002 -8"><span class='ocrx_word' id='word_1_8' title='bbox 575 449 774 501; x_wconf 83' lang='lat' dir='ltr'><strong>tatem,</strong></span> <span class='ocrx_word' id='word_1_9' title='bbox 815 437 890 494; x_wconf 87' lang='lat' dir='ltr'><strong>ita</strong></span> <span class='ocrx_word' id='word_1_10' title='bbox 933 448 992 493; x_wconf 89' lang='lat' dir='ltr'><strong>ut</strong></span> <span class='ocrx_word' id='word_1_11' title='bbox 1035 437 1146 493; x_wconf 89' lang='lat' dir='ltr'><strong>duo</strong></span> <span class='ocrx_word' id='word_1_12' title='bbox 1190 437 1304 493; x_wconf 72' lang='lat' dir='ltr'><strong>haec</strong></span> <span class='ocrx_word' id='word_1_13' title='bbox 1342 439 1485 492; x_wconf 87' lang='lat' dir='ltr'><strong>inter</strong></span> <span class='ocrx_word' id='word_1_14' title='bbox 1523 457 1580 493; x_wconf 83' lang='lat' dir='ltr'><strong>se</strong></span> <span class='ocrx_word' id='word_1_15' title='bbox 1627 441 1911 494; x_wconf 84' lang='lat' dir='ltr'><strong>eonnnista</strong></span> <span class='ocrx_word' id='word_1_16' title='bbox 1951 439 2093 501; x_wconf 86' lang='lat' dir='ltr'><strong>sint,</strong></span> <span class='ocrx_word' id='word_1_17' title='bbox 2154 449 2205 492; x_wconf 90' lang='lat' dir='ltr'><strong>et</strong></span> <span class='ocrx_word' id='word_1_18' title='bbox 2245 438 2476 490; x_wconf 83' lang='lat' dir='ltr'><strong>alterum</strong></span> <span class='ocrx_word' id='word_1_19' title='bbox 2517 435 2672 490; x_wconf 90' lang='lat' dir='ltr'><strong>alteri</strong></span> <span class='ocrx_word' id='word_1_20' title='bbox 2723 436 3032 489; x_wconf 84' lang='lat' dir='ltr'><strong>communia</strong></span> <span class='ocrx_word' id='word_1_21' title='bbox 3077 434 3238 490; x_wconf 83' lang='lat' dir='ltr'><strong>l‘aeiat</strong></span> <span class='ocrx_word' id='word_1_22' title='bbox 3289 451 3408 503; x_wconf 74' lang='lat' dir='ltr'><strong>qua:</strong></span> <span class='ocrx_word' id='word_1_23' title='bbox 3447 436 3548 489; x_wconf 82' lang='lat' dir='ltr'><strong>sibi</strong></span> <span class='ocrx_word' id='word_1_24' title='bbox 3593 451 3810 506; x_wconf 79' lang='lat' dir='ltr'><strong>prepria</strong></span> 
     </span>
    </p>
   </div>
   <div class='ocr_carea' id='block_1_3' title="bbox 575 545 721 592">
    <p class='ocr_par' dir='ltr' id='par_1_3' title="bbox 575 545 721 592">
     <span class='ocr_line' id='line_1_3' title="bbox 575 545 721 592; baseline -0.014 -1"><span class='ocrx_word' id='word_1_25' title='bbox 575 545 721 592; x_wconf 88' lang='lat' dir='ltr'><strong>sunt.</strong></span> 
     </span>
    </p>
   </div>
   <div class='ocr_carea' id='block_1_4' title="bbox 641 629 2219 702">
    <p class='ocr_par' dir='ltr' id='par_1_4' title="bbox 641 629 2219 702">
     <span class='ocr_line' id='line_1_4' title="bbox 641 629 2219 702; baseline -0.003 -17"><span class='ocrx_word' id='word_1_26' title='bbox 641 631 798 698; x_wconf 79' lang='lat' dir='ltr'><strong>Quod</strong></span> <span class='ocrx_word' id='word_1_27' title='bbox 823 641 1002 686; x_wconf 88' lang='lat' dir='ltr'><strong>autem</strong></span> <span class='ocrx_word' id='word_1_28' title='bbox 1034 631 1300 702; x_wconf 84' lang='lat' dir='ltr'><strong>ejusmodi</strong></span> <span class='ocrx_word' id='word_1_29' title='bbox 1336 639 1659 684; x_wconf 76' lang='lat' dir='ltr'><strong>naturarum</strong></span> <span class='ocrx_word' id='word_1_30' title='bbox 1686 631 1815 682; x_wconf 87' lang='lat' dir='ltr'><strong>unio</strong></span> <span class='ocrx_word' id='word_1_31' title='bbox 1845 631 1898 682; x_wconf 89' lang='lat' dir='ltr'><strong>in</strong></span> <span class='ocrx_word' id='word_1_32' title='bbox 1927 629 2146 682; x_wconf 68' lang='lat' dir='ltr'><strong>Christo</strong></span> <span class='ocrx_word' id='word_1_33' title='bbox 2177 636 2219 689; x_wconf 69' lang='grc' dir='ltr'><strong>Α</strong></span> 
     </span>
    </p>
   </div>
   <div class='ocr_carea' id='block_1_5' title="bbox 573 720 2142 782">
    <p class='ocr_par' dir='ltr' id='par_1_5' title="bbox 573 720 2142 782">
     <span class='ocr_line' id='line_1_5' title="bbox 573 720 2142 782; baseline -0.004 -6"><span class='ocrx_word' id='word_1_34' title='bbox 573 722 882 778; x_wconf 86' lang='lat' dir='ltr'><strong>necessario</strong></span> <span class='ocrx_word' id='word_1_35' title='bbox 912 721 1169 776; x_wconf 90' lang='lat' dir='ltr'><strong>constitui</strong></span> <span class='ocrx_word' id='word_1_36' title='bbox 1198 720 1414 782; x_wconf 86' lang='lat' dir='ltr'><strong>debeat.</strong></span> <span class='ocrx_word' id='word_1_37' title='bbox 1449 721 1500 774; x_wconf 89' lang='lat' dir='ltr'><strong>id</strong></span> <span class='ocrx_word' id='word_1_38' title='bbox 1533 737 1655 774; x_wconf 88' lang='lat' dir='ltr'><strong>eum</strong></span> <span class='ocrx_word' id='word_1_39' title='bbox 1690 737 1755 774; x_wconf 75' lang='lat' dir='ltr'><strong>ex</strong></span> <span class='ocrx_word' id='word_1_40' title='bbox 1783 721 1903 774; x_wconf 75' lang='lat' dir='ltr'><strong>aliis</strong></span> <span class='ocrx_word' id='word_1_41' title='bbox 1937 721 2142 781; x_wconf 69' lang='lat' dir='ltr'><strong>n‘tuitis,</strong></span> 
     </span>
    </p>
   </div>
   <div class='ocr_carea' id='block_1_6' title="bbox 575 813 2145 884">
    <p class='ocr_par' dir='ltr' id='par_1_6' title="bbox 575 813 2145 884">
     <span class='ocr_line' id='line_1_6' title="bbox 575 813 2145 884; baseline -0.004 -14"><span class='ocrx_word' id='word_1_42' title='bbox 575 825 687 870; x_wconf 92' lang='lat' dir='ltr'><strong>tum</strong></span> <span class='ocrx_word' id='word_1_43' title='bbox 720 831 787 868; x_wconf 83' lang='lat' dir='ltr'><strong>ex</strong></span> <span class='ocrx_word' id='word_1_44' title='bbox 831 815 948 884; x_wconf 92' lang='lat' dir='ltr'><strong>ipso</strong></span> <span class='ocrx_word' id='word_1_45' title='bbox 983 829 1199 884; x_wconf 89' lang='lat' dir='ltr'><strong>quoque</strong></span> <span class='ocrx_word' id='word_1_46' title='bbox 1233 815 1511 882; x_wconf 79' lang='lat' dir='ltr'><strong>Apostolo,</strong></span> <span class='ocrx_word' id='word_1_47' title='bbox 1557 813 1762 880; x_wconf 85' lang='lat' dir='ltr'><strong>absque</strong></span> <span class='ocrx_word' id='word_1_48' title='bbox 1809 813 1920 864; x_wconf 80' lang='lat' dir='ltr'><strong>ullo</strong></span> <span class='ocrx_word' id='word_1_49' title='bbox 1964 813 2145 865; x_wconf 75' lang='lat' dir='ltr'><strong>labore</strong></span> 
     </span>
    </p>
   </div>
   <div class='ocr_carea' id='block_1_7' title="bbox 571 905 2146 976">
    <p class='ocr_par' dir='ltr' id='par_1_7' title="bbox 571 905 2146 976">
     <span class='ocr_line' id='line_1_7' title="bbox 571 905 2146 976; baseline -0.003 -16"><span class='ocrx_word' id='word_1_50' title='bbox 571 907 926 976; x_wconf 81' lang='lat' dir='ltr'><strong>molestiaque</strong></span> <span class='ocrx_word' id='word_1_51' title='bbox 951 907 1164 960; x_wconf 79' lang='lat' dir='ltr'><strong>Ostendi</strong></span> <span class='ocrx_word' id='word_1_52' title='bbox 1189 912 1385 974; x_wconf 83' lang='lat' dir='ltr'><strong>potest.</strong></span> <span class='ocrx_word' id='word_1_53' title='bbox 1409 906 1518 974; x_wconf 76' lang='lat' dir='ltr'><strong>Age</strong></span> <span class='ocrx_word' id='word_1_54' title='bbox 1540 921 1691 973; x_wconf 71' lang='lat' dir='ltr'><strong>ergo,</strong></span> <span class='ocrx_word' id='word_1_55' title='bbox 1717 905 1761 958; x_wconf 87' lang='lat' dir='ltr'><strong>si</strong></span> <span class='ocrx_word' id='word_1_56' title='bbox 1787 906 1983 973; x_wconf 76' lang='lat' dir='ltr'><strong>piaret,</strong></span> <span class='ocrx_word' id='word_1_57' title='bbox 2012 921 2146 956; x_wconf 81' lang='lat' dir='ltr'><strong>non-</strong></span> 
     </span>
    </p>
   </div>
   <div class='ocr_carea' id='block_1_8' title="bbox 570 995 2144 1064">
    <p class='ocr_par' dir='ltr' id='par_1_8' title="bbox 570 995 2144 1064">
     <span class='ocr_line' id='line_1_8' title="bbox 570 995 2144 1064; baseline -0.002 -14"><span class='ocrx_word' id='word_1_58' title='bbox 570 998 748 1052; x_wconf 75' lang='lat' dir='ltr'><strong>nullas</strong></span> <span class='ocrx_word' id='word_1_59' title='bbox 777 997 920 1051; x_wconf 82' lang='lat' dir='ltr'><strong>beati</strong></span> <span class='ocrx_word' id='word_1_60' title='bbox 961 998 1111 1051; x_wconf 82' lang='lat' dir='ltr'><strong>Pauli</strong></span> <span class='ocrx_word' id='word_1_61' title='bbox 1144 1014 1306 1051; x_wconf 84' lang='lat' dir='ltr'><strong>voces</strong></span> <span class='ocrx_word' id='word_1_62' title='bbox 1347 998 1608 1050; x_wconf 72' lang='lat' dir='ltr'><strong>attentius</strong></span> <span class='ocrx_word' id='word_1_63' title='bbox 1635 995 1914 1064; x_wconf 88' lang='lat' dir='ltr'><strong>aliquanto</strong></span> <span class='ocrx_word' id='word_1_64' title='bbox 1941 1012 2144 1064; x_wconf 80' lang='lat' dir='ltr'><strong>expen-</strong></span> 
     </span>
    </p>
   </div>
   <div class='ocr_carea' id='block_1_9' title="bbox 572 1088 2143 1161">
    <p class='ocr_par' dir='ltr' id='par_1_9' title="bbox 572 1088 2143 1161">
     <span class='ocr_line' id='line_1_9' title="bbox 572 1088 2143 1161; baseline -0.003 -18"><span class='ocrx_word' id='word_1_65' title='bbox 572 1089 796 1154; x_wconf 85' lang='lat' dir='ltr'><strong>damus,</strong></span> <span class='ocrx_word' id='word_1_66' title='bbox 829 1089 1205 1161; x_wconf 84' lang='lat' dir='ltr'><strong>judiciumque</strong></span> <span class='ocrx_word' id='word_1_67' title='bbox 1237 1090 1403 1143; x_wconf 87' lang='lat' dir='ltr'><strong>animi</strong></span> <span class='ocrx_word' id='word_1_68' title='bbox 1442 1105 1604 1157; x_wconf 88' lang='lat' dir='ltr'><strong>quam</strong></span> <span class='ocrx_word' id='word_1_69' title='bbox 1640 1088 1942 1158; x_wconf 85' lang='lat' dir='ltr'><strong>poterimus</strong></span> <span class='ocrx_word' id='word_1_70' title='bbox 1981 1103 2143 1140; x_wconf 87' lang='lat' dir='ltr'><strong>accu—</strong></span> 
     </span>
    </p>
   </div>
   <div class='ocr_carea' id='block_1_10' title="bbox 571 1177 2143 1247">
    <p class='ocr_par' dir='ltr' id='par_1_10' title="bbox 571 1177 2143 1247">
     <span class='ocr_line' id='line_1_10' title="bbox 571 1177 2143 1247; baseline -0.004 -13"><span class='ocrx_word' id='word_1_71' title='bbox 571 1183 904 1236; x_wconf 83' lang='lat' dir='ltr'><strong>ratissimum</strong></span> <span class='ocrx_word' id='word_1_72' title='bbox 939 1181 1006 1235; x_wconf 90' lang='lat' dir='ltr'><strong>ad</strong></span> <span class='ocrx_word' id='word_1_73' title='bbox 1040 1198 1133 1234; x_wconf 85' lang='lat' dir='ltr'><strong>eas</strong></span> <span class='ocrx_word' id='word_1_74' title='bbox 1166 1180 1479 1234; x_wconf 82' lang='lat' dir='ltr'><strong>aﬂ&#39;eramus.</strong></span> <span class='ocrx_word' id='word_1_75' title='bbox 1508 1178 1606 1232; x_wconf 88' lang='lat' dir='ltr'><strong>llie</strong></span> <span class='ocrx_word' id='word_1_76' title='bbox 1646 1179 1810 1247; x_wconf 80' lang='lat' dir='ltr'><strong>igitur</strong></span> <span class='ocrx_word' id='word_1_77' title='bbox 1849 1177 1916 1231; x_wconf 89' lang='lat' dir='ltr'><strong>de</strong></span> <span class='ocrx_word' id='word_1_78' title='bbox 1953 1177 2143 1245; x_wconf 76' lang='lat' dir='ltr'><strong>unige-</strong></span> 
     </span>
    </p>
   </div>
   <div class='ocr_carea' id='block_1_11' title="bbox 570 1269 2142 1335">
    <p class='ocr_par' dir='ltr' id='par_1_11' title="bbox 570 1269 2142 1335">
     <span class='ocr_line' id='line_1_11' title="bbox 570 1269 2142 1335; baseline -0.004 -8"><span class='ocrx_word' id='word_1_79' title='bbox 570 1275 687 1328; x_wconf 90' lang='lat' dir='ltr'><strong>nito</strong></span> <span class='ocrx_word' id='word_1_80' title='bbox 719 1275 815 1328; x_wconf 85' lang='lat' dir='ltr'><strong>Dei</strong></span> <span class='ocrx_word' id='word_1_81' title='bbox 857 1275 994 1328; x_wconf 87' lang='lat' dir='ltr'><strong>Filio</strong></span> <span class='ocrx_word' id='word_1_82' title='bbox 1037 1273 1182 1328; x_wconf 89' lang='lat' dir='ltr'><strong>hunc</strong></span> <span class='ocrx_word' id='word_1_83' title='bbox 1221 1273 1277 1326; x_wconf 87' lang='lat' dir='ltr'><strong>in</strong></span> <span class='ocrx_word' id='word_1_84' title='bbox 1308 1271 1529 1326; x_wconf 90' lang='lat' dir='ltr'><strong>modum</strong></span> <span class='ocrx_word' id='word_1_85' title='bbox 1566 1271 1797 1324; x_wconf 82' lang='lat' dir='ltr'><strong>scribit:</strong></span> <span class='ocrx_word' id='word_1_86' title='bbox 1832 1289 1848 1319; x_wconf 72' lang='grc' dir='ltr'><em>ς</em></span> <span class='ocrx_word' id='word_1_87' title='bbox 1882 1269 1984 1335; x_wconf 80' lang='lat' dir='ltr'><strong>Qui</strong></span> <span class='ocrx_word' id='word_1_88' title='bbox 2020 1285 2142 1322; x_wconf 88' lang='lat' dir='ltr'><strong>cum</strong></span> 
     </span>
    </p>
   </div>
   <div class='ocr_carea' id='block_1_12' title="bbox 570 1361 2143 1433">
    <p class='ocr_par' dir='ltr' id='par_1_12' title="bbox 570 1361 2143 1433">
     <span class='ocr_line' id='line_1_12' title="bbox 570 1361 2143 1433; baseline -0.003 -15"><span class='ocrx_word' id='word_1_89' title='bbox 570 1363 624 1418; x_wconf 89' lang='lat' dir='ltr'><strong>in</strong></span> <span class='ocrx_word' id='word_1_90' title='bbox 653 1364 827 1418; x_wconf 81' lang='lat' dir='ltr'><strong>forma</strong></span> <span class='ocrx_word' id='word_1_91' title='bbox 858 1365 951 1419; x_wconf 85' lang='lat' dir='ltr'><strong>Dei</strong></span> <span class='ocrx_word' id='word_1_92' title='bbox 983 1373 1146 1428; x_wconf 91' lang='lat' dir='ltr'><strong>esset,</strong></span> <span class='ocrx_word' id='word_1_93' title='bbox 1177 1378 1286 1417; x_wconf 91' lang='lat' dir='ltr'><strong>non</strong></span> <span class='ocrx_word' id='word_1_94' title='bbox 1314 1362 1557 1433; x_wconf 83' lang='lat' dir='ltr'><strong>rapinam</strong></span> <span class='ocrx_word' id='word_1_95' title='bbox 1583 1361 1880 1415; x_wconf 83' lang='lat' dir='ltr'><strong>arbitratus</strong></span> <span class='ocrx_word' id='word_1_96' title='bbox 1908 1367 1991 1414; x_wconf 77' lang='lat' dir='ltr'><strong>est</strong></span> <span class='ocrx_word' id='word_1_97' title='bbox 2023 1376 2143 1413; x_wconf 87' lang='lat' dir='ltr'><strong>esse</strong></span> 
     </span>
    </p>
   </div>
   <div class='ocr_carea' id='block_1_13' title="bbox 568 1446 2140 1522">
    <p class='ocr_par' dir='ltr' id='par_1_13' title="bbox 568 1446 2140 1522">
     <span class='ocr_line' id='line_1_13' title="bbox 568 1446 2140 1522; baseline -0.005 -14"><span class='ocrx_word' id='word_1_98' title='bbox 568 1467 628 1508; x_wconf 72' lang='lat' dir='ltr'><strong>se</strong></span> <span class='ocrx_word' id='word_1_99' title='bbox 656 1453 921 1522; x_wconf 63' lang='lat' dir='ltr'><strong>aequalem</strong></span> <span class='ocrx_word' id='word_1_100' title='bbox 957 1453 1096 1516; x_wconf 89' lang='lat' dir='ltr'><strong>Deo,</strong></span> <span class='ocrx_word' id='word_1_101' title='bbox 1140 1453 1232 1506; x_wconf 90' lang='lat' dir='ltr'><strong>sed</strong></span> <span class='ocrx_word' id='word_1_102' title='bbox 1273 1450 1625 1519; x_wconf 90' lang='lat' dir='ltr'><strong>semetipsum</strong></span> <span class='ocrx_word' id='word_1_103' title='bbox 1666 1447 1986 1512; x_wconf 81' lang='lat' dir='ltr'><strong>exinanivit,</strong></span> <span class='ocrx_word' id='word_1_104' title='bbox 2028 1446 2140 1502; x_wconf 78' lang='lat' dir='ltr'><strong>for-</strong></span> 
     </span>
    </p>
   </div>
   <div class='ocr_carea' id='block_1_14' title="bbox 568 1533 2138 1610">
    <p class='ocr_par' dir='ltr' id='par_1_14' title="bbox 568 1533 2138 1610">
     <span class='ocr_line' id='line_1_14' title="bbox 568 1533 2138 1610; baseline -0.007 -15"><span class='ocrx_word' id='word_1_105' title='bbox 568 1556 712 1596; x_wconf 87' lang='lat' dir='ltr'><strong>mam</strong></span> <span class='ocrx_word' id='word_1_106' title='bbox 757 1541 902 1595; x_wconf 84' lang='lat' dir='ltr'><strong>servi</strong></span> <span class='ocrx_word' id='word_1_107' title='bbox 945 1540 1252 1610; x_wconf 81' lang='lat' dir='ltr'><strong>accipiens,</strong></span> <span class='ocrx_word' id='word_1_108' title='bbox 1297 1537 1351 1590; x_wconf 90' lang='lat' dir='ltr'><strong>in</strong></span> <span class='ocrx_word' id='word_1_109' title='bbox 1393 1535 1809 1590; x_wconf 86' lang='lat' dir='ltr'><strong>similitudinem</strong></span> <span class='ocrx_word' id='word_1_110' title='bbox 1858 1533 2138 1586; x_wconf 90' lang='lat' dir='ltr'><strong>hominum</strong></span> 
     </span>
    </p>
   </div>
   <div class='ocr_carea' id='block_1_15' title="bbox 564 1623 2178 1698">
    <p class='ocr_par' dir='ltr' id='par_1_15' title="bbox 564 1623 2178 1698">
     <span class='ocr_line' id='line_1_15' title="bbox 564 1623 2178 1698; baseline -0.004 -13"><span class='ocrx_word' id='word_1_111' title='bbox 564 1633 762 1695; x_wconf 75' lang='lat' dir='ltr'><strong>factus,</strong></span> <span class='ocrx_word' id='word_1_112' title='bbox 800 1639 855 1684; x_wconf 91' lang='lat' dir='ltr'><strong>et</strong></span> <span class='ocrx_word' id='word_1_113' title='bbox 884 1629 1070 1683; x_wconf 88' lang='lat' dir='ltr'><strong>habitu</strong></span> <span class='ocrx_word' id='word_1_114' title='bbox 1105 1629 1361 1682; x_wconf 82' lang='lat' dir='ltr'><strong>inventus</strong></span> <span class='ocrx_word' id='word_1_115' title='bbox 1393 1635 1452 1680; x_wconf 89' lang='lat' dir='ltr'><strong>ut</strong></span> <span class='ocrx_word' id='word_1_116' title='bbox 1491 1627 1675 1690; x_wconf 91' lang='lat' dir='ltr'><strong>homo,</strong></span> <span class='ocrx_word' id='word_1_117' title='bbox 1711 1623 2020 1679; x_wconf 88' lang='lat' dir='ltr'><strong>humiliavit</strong></span> <span class='ocrx_word' id='word_1_118' title='bbox 2051 1641 2138 1679; x_wconf 82' lang='lat' dir='ltr'><strong>se—</strong></span> <span class='ocrx_word' id='word_1_119' title='bbox 2175 1695 2178 1698; x_wconf 8' lang='grc' dir='ltr'><strong>γ</strong></span> 
     </span>
    </p>
   </div>
   <div class='ocr_carea' id='block_1_16' title="bbox 566 1715 2134 1788">
    <p class='ocr_par' dir='ltr' id='par_1_16' title="bbox 566 1715 2134 1788">
     <span class='ocr_line' id='line_1_16' title="bbox 566 1715 2134 1788; baseline -0.006 -14"><span class='ocrx_word' id='word_1_120' title='bbox 566 1719 856 1788; x_wconf 86' lang='lat' dir='ltr'><strong>metipsum</strong></span> <span class='ocrx_word' id='word_1_121' title='bbox 889 1719 955 1782; x_wconf 72' lang='grc' dir='ltr'>υ,</span> <span class='ocrx_word' id='word_1_122' title='bbox 989 1739 1008 1770; x_wconf 77' lang='grc' dir='ltr'><strong>ι</strong></span> <span class='ocrx_word' id='word_1_123' title='bbox 1035 1728 1140 1772; x_wconf 92' lang='lat' dir='ltr'><strong>ete.</strong></span> <span class='ocrx_word' id='word_1_124' title='bbox 1189 1717 1356 1783; x_wconf 82' lang='lat' dir='ltr'><strong>Quis,</strong></span> <span class='ocrx_word' id='word_1_125' title='bbox 1401 1715 1668 1779; x_wconf 88' lang='lat' dir='ltr'><strong>obsecro,</strong></span> <span class='ocrx_word' id='word_1_126' title='bbox 1703 1715 1792 1768; x_wconf 89' lang='lat' dir='ltr'><strong>ille</strong></span> <span class='ocrx_word' id='word_1_127' title='bbox 1832 1724 1916 1768; x_wconf 88' lang='lat' dir='ltr'><strong>est</strong></span> <span class='ocrx_word' id='word_1_128' title='bbox 1952 1734 1970 1764; x_wconf 75' lang='grc' dir='ltr'><strong>ι</strong></span> <span class='ocrx_word' id='word_1_129' title='bbox 2008 1715 2134 1784; x_wconf 89' lang='lat' dir='ltr'><strong>qui,</strong></span> 
     </span>
    </p>
   </div>
   <div class='ocr_carea' id='block_1_17' title="bbox 565 1805 2136 1875">
    <p class='ocr_par' dir='ltr' id='par_1_17' title="bbox 565 1805 2136 1875">
     <span class='ocr_line' id='line_1_17' title="bbox 565 1805 2136 1875; baseline -0.003 -11"><span class='ocrx_word' id='word_1_130' title='bbox 565 1825 689 1864; x_wconf 91' lang='lat' dir='ltr'><strong>cum</strong></span> <span class='ocrx_word' id='word_1_131' title='bbox 722 1810 777 1863; x_wconf 90' lang='lat' dir='ltr'><strong>in</strong></span> <span class='ocrx_word' id='word_1_132' title='bbox 810 1809 982 1863; x_wconf 80' lang='lat' dir='ltr'><strong>forma</strong></span> <span class='ocrx_word' id='word_1_133' title='bbox 1019 1809 1115 1862; x_wconf 86' lang='lat' dir='ltr'><strong>Dei</strong></span> <span class='ocrx_word' id='word_1_134' title='bbox 1142 1817 1308 1872; x_wconf 87' lang='lat' dir='ltr'><strong>esset,</strong></span> <span class='ocrx_word' id='word_1_135' title='bbox 1347 1808 1457 1861; x_wconf 86' lang='lat' dir='ltr'><strong>Deo</strong></span> <span class='ocrx_word' id='word_1_136' title='bbox 1490 1822 1548 1861; x_wconf 89' lang='lat' dir='ltr'><strong>se</strong></span> <span class='ocrx_word' id='word_1_137' title='bbox 1579 1805 1840 1875; x_wconf 78' lang='lat' dir='ltr'><strong>:equalem</strong></span> <span class='ocrx_word' id='word_1_138' title='bbox 1872 1821 1992 1860; x_wconf 86' lang='lat' dir='ltr'><strong>esse</strong></span> <span class='ocrx_word' id='word_1_139' title='bbox 2027 1821 2136 1859; x_wconf 88' lang='lat' dir='ltr'><strong>non</strong></span> 
     </span>
    </p>
   </div>
   <div class='ocr_carea' id='block_1_18' title="bbox 564 1896 2136 1972">
    <p class='ocr_par' dir='ltr' id='par_1_18' title="bbox 564 1896 2136 1972">
     <span class='ocr_line' id='line_1_18' title="bbox 564 1896 2136 1972; baseline -0.004 -17"><span class='ocrx_word' id='word_1_140' title='bbox 564 1901 809 1972; x_wconf 85' lang='lat' dir='ltr'><strong>rapinam</strong></span> <span class='ocrx_word' id='word_1_141' title='bbox 850 1899 1148 1953; x_wconf 86' lang='lat' dir='ltr'><strong>arbitratus</strong></span> <span class='ocrx_word' id='word_1_142' title='bbox 1174 1899 1294 1952; x_wconf 86' lang='lat' dir='ltr'><strong>est?</strong></span> <span class='ocrx_word' id='word_1_143' title='bbox 1329 1919 1346 1950; x_wconf 77' lang='grc' dir='ltr'><strong>ι</strong></span> <span class='ocrx_word' id='word_1_144' title='bbox 1379 1899 1487 1952; x_wconf 78' lang='lat' dir='ltr'><strong>Aut</strong></span> <span class='ocrx_word' id='word_1_145' title='bbox 1523 1896 1798 1967; x_wconf 89' lang='lat' dir='ltr'><strong>quomodo</strong></span> <span class='ocrx_word' id='word_1_146' title='bbox 1829 1896 2136 1950; x_wconf 81' lang='lat' dir='ltr'><strong>exinanitus</strong></span> 
     </span>
    </p>
   </div>
   <div class='ocr_carea' id='block_1_19' title="bbox 2322 622 3812 694">
    <p class='ocr_par' dir='ltr' id='par_1_19' title="bbox 2322 622 3812 694">
     <span class='ocr_line' id='line_1_19' title="bbox 2322 622 3812 694; baseline -0.004 -14"><span class='ocrx_word' id='word_1_147' title='bbox 2322 629 2441 680; x_wconf 78' lang='grc' dir='ltr'>ὀτι</span> <span class='ocrx_word' id='word_1_148' title='bbox 2484 627 2540 679; x_wconf 76' lang='grc' dir='ltr'><strong>δέ</strong></span> <span class='ocrx_word' id='word_1_149' title='bbox 2585 627 2731 678; x_wconf 79' lang='grc' dir='ltr'>ἐστιν</span> <span class='ocrx_word' id='word_1_150' title='bbox 2777 624 3178 694; x_wconf 73' lang='grc' dir='ltr'><strong>ἀναγκαιοτάτη</strong></span> <span class='ocrx_word' id='word_1_151' title='bbox 3233 625 3351 677; x_wconf 86' lang='grc' dir='ltr'>λίαν</span> <span class='ocrx_word' id='word_1_152' title='bbox 3396 625 3430 693; x_wconf 81' lang='grc' dir='ltr'><strong>ἠ</strong></span> <span class='ocrx_word' id='word_1_153' title='bbox 3477 625 3664 685; x_wconf 72' lang='grc' dir='ltr'>ἓνωσις</span> <span class='ocrx_word' id='word_1_154' title='bbox 3720 622 3812 675; x_wconf 74' lang='grc' dir='ltr'><strong>ἐπὶ</strong></span> 
     </span>
    </p>
   </div>
   <div class='ocr_carea' id='block_1_20' title="bbox 2248 714 3810 788">
    <p class='ocr_par' dir='ltr' id='par_1_20' title="bbox 2248 714 3810 788">
     <span class='ocr_line' id='line_1_20' title="bbox 2248 714 3810 788; baseline -0.004 -17"><span class='ocrx_word' id='word_1_155' title='bbox 2248 719 2484 788; x_wconf 77' lang='grc' dir='ltr'>Χριστοῦ</span> <span class='ocrx_word' id='word_1_156' title='bbox 2503 757 2516 782; x_wconf 95' lang='grc'><strong>,</strong></span> <span class='ocrx_word' id='word_1_157' title='bbox 2548 716 2883 788; x_wconf 78' lang='grc' dir='ltr'>καταθρῆσαι</span> <span class='ocrx_word' id='word_1_158' title='bbox 2913 717 3042 787; x_wconf 72' lang='grc' dir='ltr'>ῥᾷον</span> <span class='ocrx_word' id='word_1_159' title='bbox 3075 718 3171 768; x_wconf 72' lang='grc' dir='ltr'>καὶ</span> <span class='ocrx_word' id='word_1_160' title='bbox 3203 714 3582 785; x_wconf 75' lang='grc' dir='ltr'>ἀταλαίπωρον</span> <span class='ocrx_word' id='word_1_161' title='bbox 3606 729 3810 765; x_wconf 67' lang='grc' dir='ltr'><strong>⁸παντε-</strong></span> 
     </span>
    </p>
   </div>
   <div class='ocr_carea' id='block_1_21' title="bbox 2248 806 3810 881">
    <p class='ocr_par' dir='ltr' id='par_1_21' title="bbox 2248 806 3810 881">
     <span class='ocr_line' id='line_1_21' title="bbox 2248 806 3810 881; baseline 0.013 -21"><span class='ocrx_word' id='word_1_162' title='bbox 2248 811 2371 874; x_wconf 77' lang='grc' dir='ltr'>λῶς.</span> <span class='ocrx_word' id='word_1_163' title='bbox 2405 812 2496 864; x_wconf 66' lang='grc' dir='ltr'><strong>καλ⁸</strong></span> <span class='ocrx_word' id='word_1_164' title='bbox 2521 811 2609 864; x_wconf 72' lang='grc' dir='ltr'>διὰ</span> <span class='ocrx_word' id='word_1_165' title='bbox 2641 809 2848 863; x_wconf 84' lang='grc' dir='ltr'>πολλῶν</span> <span class='ocrx_word' id='word_1_166' title='bbox 2881 808 3101 881; x_wconf 79' lang='grc' dir='ltr'>ἑτέρων.</span> <span class='ocrx_word' id='word_1_167' title='bbox 3132 807 3268 876; x_wconf 79' lang='grc' dir='ltr'>Φέρε</span> <span class='ocrx_word' id='word_1_168' title='bbox 3289 808 3416 876; x_wconf 73' lang='grc' dir='ltr'>γὰρ,</span> <span class='ocrx_word' id='word_1_169' title='bbox 3443 809 3489 859; x_wconf 72' lang='grc' dir='ltr'>εἰ</span> <span class='ocrx_word' id='word_1_170' title='bbox 3513 807 3680 870; x_wconf 69' lang='grc' dir='ltr'><strong>δοκεῖν</strong></span> <span class='ocrx_word' id='word_1_171' title='bbox 3709 806 3810 867; x_wconf 67' lang='grc' dir='ltr'><strong>τὰς</strong></span> 
     </span>
    </p>
   </div>
   <div class='ocr_carea' id='block_1_22' title="bbox 2245 897 3804 972">
    <p class='ocr_par' dir='ltr' id='par_1_22' title="bbox 2245 897 3804 972">
     <span class='ocr_line' id='line_1_22' title="bbox 2245 897 3804 972; baseline -0.005 -16"><span class='ocrx_word' id='word_1_172' title='bbox 2245 903 2338 957; x_wconf 76' lang='grc' dir='ltr'>τοῦ</span> <span class='ocrx_word' id='word_1_173' title='bbox 2393 903 2663 972; x_wconf 76' lang='grc' dir='ltr'>μακαρίου</span> <span class='ocrx_word' id='word_1_174' title='bbox 2723 901 2934 954; x_wconf 72' lang='grc' dir='ltr'>Παύλου</span> <span class='ocrx_word' id='word_1_175' title='bbox 2986 899 3527 970; x_wconf 77' lang='grc' dir='ltr'><strong>πολυπραγμονῶμεν</strong></span> <span class='ocrx_word' id='word_1_176' title='bbox 3588 897 3804 964; x_wconf 68' lang='grc' dir='ltr'>φωνὰς,</span> 
     </span>
    </p>
   </div>
   <div class='ocr_carea' id='block_1_23' title="bbox 2247 988 3810 1064">
    <p class='ocr_par' dir='ltr' id='par_1_23' title="bbox 2247 988 3810 1064">
     <span class='ocr_line' id='line_1_23' title="bbox 2247 988 3810 1064; baseline -0.004 -15"><span class='ocrx_word' id='word_1_177' title='bbox 2247 996 2446 1064; x_wconf 77' lang='grc' dir='ltr'>ἀκριϐῆ</span> <span class='ocrx_word' id='word_1_178' title='bbox 2479 996 2567 1047; x_wconf 63' lang='grc' dir='ltr'><strong>τὸν</strong></span> <span class='ocrx_word' id='word_1_179' title='bbox 2597 995 2743 1059; x_wconf 77' lang='grc' dir='ltr'>νοῦν,</span> <span class='ocrx_word' id='word_1_180' title='bbox 2779 994 2872 1047; x_wconf 70' lang='grc' dir='ltr'>καὶ</span> <span class='ocrx_word' id='word_1_181' title='bbox 2894 992 2969 1056; x_wconf 81' lang='grc' dir='ltr'>ὡς</span> <span class='ocrx_word' id='word_1_182' title='bbox 2992 992 3093 1054; x_wconf 75' lang='grc' dir='ltr'>ενι,</span> <span class='ocrx_word' id='word_1_183' title='bbox 3129 991 3481 1061; x_wconf 77' lang='grc' dir='ltr'>λεπτομερῶς</span> <span class='ocrx_word' id='word_1_184' title='bbox 3506 988 3810 1060; x_wconf 79' lang='grc' dir='ltr'>ὲπερεξδον-</span> 
     </span>
    </p>
   </div>
   <div class='ocr_carea' id='block_1_24' title="bbox 2243 1080 3807 1155">
    <p class='ocr_par' dir='ltr' id='par_1_24' title="bbox 2243 1080 3807 1155">
     <span class='ocr_line' id='line_1_24' title="bbox 2243 1080 3807 1155; baseline 0.013 -27"><span class='ocrx_word' id='word_1_185' title='bbox 2243 1087 2505 1155; x_wconf 73' lang='grc' dir='ltr'>τες,“Εφη</span> <span class='ocrx_word' id='word_1_186' title='bbox 2525 1085 2699 1138; x_wconf 79' lang='grc' dir='ltr'>τοίνυν</span> <span class='ocrx_word' id='word_1_187' title='bbox 2732 1083 2963 1154; x_wconf 85' lang='grc' dir='ltr'>περίτοῦ</span> <span class='ocrx_word' id='word_1_188' title='bbox 2981 1082 3339 1151; x_wconf 75' lang='grc' dir='ltr'>Μονογενοῦς·</span> <span class='ocrx_word' id='word_1_189' title='bbox 3376 1103 3390 1132; x_wconf 80' lang='grc' dir='ltr'><strong>ι</strong></span> <span class='ocrx_word' id='word_1_190' title='bbox 3429 1085 3522 1145; x_wconf 82' lang='grc' dir='ltr'><strong>Ὃς</strong></span> <span class='ocrx_word' id='word_1_191' title='bbox 3539 1082 3594 1132; x_wconf 78' lang='grc' dir='ltr'>ὲν</span> <span class='ocrx_word' id='word_1_192' title='bbox 3629 1080 3807 1149; x_wconf 70' lang='grc' dir='ltr'>μορφῇ</span> 
     </span>
    </p>
   </div>
   <div class='ocr_carea' id='block_1_25' title="bbox 2244 1169 3809 1246">
    <p class='ocr_par' dir='ltr' id='par_1_25' title="bbox 2244 1169 3809 1246">
     <span class='ocr_line' id='line_1_25' title="bbox 2244 1169 3809 1246; baseline -0.005 -16"><span class='ocrx_word' id='word_1_193' title='bbox 2244 1176 2376 1230; x_wconf 87' lang='grc' dir='ltr'><strong>Θεοῦ</strong></span> <span class='ocrx_word' id='word_1_194' title='bbox 2413 1177 2694 1246; x_wconf 72' lang='grc' dir='ltr'>ὑπάρχων,</span> <span class='ocrx_word' id='word_1_195' title='bbox 2723 1176 2820 1246; x_wconf 70' lang='grc' dir='ltr'>οὐχ</span> <span class='ocrx_word' id='word_1_196' title='bbox 2857 1174 3147 1245; x_wconf 67' lang='grc' dir='ltr'>ἁρπαγμὸν</span> <span class='ocrx_word' id='word_1_197' title='bbox 3179 1175 3430 1244; x_wconf 77' lang='grc' dir='ltr'>ἡγήσατο</span> <span class='ocrx_word' id='word_1_198' title='bbox 3459 1175 3518 1226; x_wconf 62' lang='grc' dir='ltr'>τι</span> <span class='ocrx_word' id='word_1_199' title='bbox 3554 1169 3688 1225; x_wconf 75' lang='grc' dir='ltr'>εἶναι</span> <span class='ocrx_word' id='word_1_200' title='bbox 3719 1171 3809 1224; x_wconf 72' lang='grc' dir='ltr'>ἴσα</span> 
     </span>
    </p>
   </div>
   <div class='ocr_carea' id='block_1_26' title="bbox 2244 1261 3814 1336">
    <p class='ocr_par' dir='ltr' id='par_1_26' title="bbox 2244 1261 3814 1336">
     <span class='ocr_line' id='line_1_26' title="bbox 2244 1261 3814 1336; baseline -0.003 -22"><span class='ocrx_word' id='word_1_201' title='bbox 2244 1266 2380 1336; x_wconf 73' lang='grc' dir='ltr'>Θεῷ,</span> <span class='ocrx_word' id='word_1_202' title='bbox 2413 1266 2527 1320; x_wconf 78' lang='grc' dir='ltr'>ἀλλ’</span> <span class='ocrx_word' id='word_1_203' title='bbox 2559 1265 2750 1319; x_wconf 67' lang='grc' dir='ltr'>ἑαυτὸν</span> <span class='ocrx_word' id='word_1_204' title='bbox 2779 1266 3036 1325; x_wconf 81' lang='grc' dir='ltr'>ἐκένωσε,</span> <span class='ocrx_word' id='word_1_205' title='bbox 3070 1264 3286 1332; x_wconf 68' lang='grc' dir='ltr'>μορφὴν</span> <span class='ocrx_word' id='word_1_206' title='bbox 3315 1262 3500 1315; x_wconf 71' lang='grc' dir='ltr'>δούλου</span> <span class='ocrx_word' id='word_1_207' title='bbox 3527 1261 3723 1323; x_wconf 75' lang='grc' dir='ltr'>λαϐὼν,</span> <span class='ocrx_word' id='word_1_208' title='bbox 3754 1261 3814 1312; x_wconf 79' lang='grc' dir='ltr'>ὲν</span> 
     </span>
    </p>
   </div>
   <div class='ocr_carea' id='block_1_27' title="bbox 2244 1351 3813 1428">
    <p class='ocr_par' dir='ltr' id='par_1_27' title="bbox 2244 1351 3813 1428">
     <span class='ocr_line' id='line_1_27' title="bbox 2244 1351 3813 1428; baseline -0.006 -16"><span class='ocrx_word' id='word_1_209' title='bbox 2244 1357 2542 1428; x_wconf 72' lang='grc' dir='ltr'>ὁμοιώματι</span> <span class='ocrx_word' id='word_1_210' title='bbox 2574 1355 2874 1428; x_wconf 84' lang='grc' dir='ltr'>ἀνθρώπων</span> <span class='ocrx_word' id='word_1_211' title='bbox 2909 1355 3200 1423; x_wconf 84' lang='grc' dir='ltr'>γενόμενος</span> <span class='ocrx_word' id='word_1_212' title='bbox 3223 1396 3237 1419; x_wconf 89' lang='grc'><strong>,</strong></span> <span class='ocrx_word' id='word_1_213' title='bbox 3268 1354 3363 1406; x_wconf 70' lang='grc' dir='ltr'>καὶ</span> <span class='ocrx_word' id='word_1_214' title='bbox 3395 1355 3632 1423; x_wconf 76' lang='grc' dir='ltr'>σχήματι</span> <span class='ocrx_word' id='word_1_215' title='bbox 3659 1351 3813 1420; x_wconf 81' lang='grc' dir='ltr'>εὑρε-</span> 
     </span>
    </p>
   </div>
   <div class='ocr_carea' id='block_1_28' title="bbox 2245 1436 3816 1518">
    <p class='ocr_par' dir='ltr' id='par_1_28' title="bbox 2245 1436 3816 1518">
     <span class='ocr_line' id='line_1_28' title="bbox 2245 1436 3816 1518; baseline -0.007 -16"><span class='ocrx_word' id='word_1_216' title='bbox 2245 1449 2355 1510; x_wconf 71' lang='grc' dir='ltr'>θεὶς</span> <span class='ocrx_word' id='word_1_217' title='bbox 2392 1449 2466 1509; x_wconf 77' lang='grc' dir='ltr'>ὡς</span> <span class='ocrx_word' id='word_1_218' title='bbox 2507 1447 2826 1518; x_wconf 79' lang='grc' dir='ltr'>ἄνθρωπος,</span> <span class='ocrx_word' id='word_1_219' title='bbox 2861 1447 3225 1500; x_wconf 75' lang='grc' dir='ltr'>ἐταπείνωσεν</span> <span class='ocrx_word' id='word_1_220' title='bbox 3273 1443 3486 1497; x_wconf 81' lang='grc' dir='ltr'>ἑαυτόν.</span> <span class='ocrx_word' id='word_1_221' title='bbox 3527 1463 3544 1494; x_wconf 85' lang='grc' dir='ltr'><strong>ι</strong></span> <span class='ocrx_word' id='word_1_222' title='bbox 3578 1441 3673 1506; x_wconf 84' lang='grc' dir='ltr'><strong>Τίς</strong></span> <span class='ocrx_word' id='word_1_223' title='bbox 3718 1436 3816 1493; x_wconf 65' lang='grc' dir='ltr'><strong>οὖν</strong></span> 
     </span>
    </p>
   </div>
   <div class='ocr_carea' id='block_1_29' title="bbox 2242 1531 3812 1608">
    <p class='ocr_par' dir='ltr' id='par_1_29' title="bbox 2242 1531 3812 1608">
     <span class='ocr_line' id='line_1_29' title="bbox 2242 1531 3812 1608; baseline -0.006 -16"><span class='ocrx_word' id='word_1_224' title='bbox 2242 1541 2346 1608; x_wconf 83' lang='grc' dir='ltr'>ἆρα</span> <span class='ocrx_word' id='word_1_225' title='bbox 2375 1540 2522 1591; x_wconf 70' lang='grc' dir='ltr'>ἐστὶν</span> <span class='ocrx_word' id='word_1_226' title='bbox 2563 1557 2578 1588; x_wconf 80' lang='grc' dir='ltr'><strong>ι</strong></span> <span class='ocrx_word' id='word_1_227' title='bbox 2616 1540 2643 1590; x_wconf 78' lang='grc' dir='ltr'>ὁ</span> <span class='ocrx_word' id='word_1_228' title='bbox 2670 1537 2935 1607; x_wconf 73' lang='grc' dir='ltr'>ὑπάρχων</span> <span class='ocrx_word' id='word_1_229' title='bbox 2969 1540 3026 1591; x_wconf 83' lang='grc' dir='ltr'>ἐν</span> <span class='ocrx_word' id='word_1_230' title='bbox 3062 1539 3242 1608; x_wconf 68' lang='grc' dir='ltr'>μοριρῇ</span> <span class='ocrx_word' id='word_1_231' title='bbox 3273 1534 3369 1587; x_wconf 74' lang='grc' dir='ltr'><strong>τοῦ</strong></span> <span class='ocrx_word' id='word_1_232' title='bbox 3402 1533 3561 1596; x_wconf 77' lang='grc' dir='ltr'>Θεοῦ,</span> <span class='ocrx_word' id='word_1_233' title='bbox 3595 1531 3688 1584; x_wconf 72' lang='grc' dir='ltr'>καὶ</span> <span class='ocrx_word' id='word_1_234' title='bbox 3713 1532 3812 1599; x_wconf 74' lang='grc' dir='ltr'><strong>οὐκ</strong></span> 
     </span>
    </p>
   </div>
   <div class='ocr_carea' id='block_1_30' title="bbox 2243 1623 3814 1698">
    <p class='ocr_par' dir='ltr' id='par_1_30' title="bbox 2243 1623 3814 1698">
     <span class='ocr_line' id='line_1_30' title="bbox 2243 1623 3814 1698; baseline -0.004 -16"><span class='ocrx_word' id='word_1_235' title='bbox 2243 1624 2530 1698; x_wconf 73' lang='grc' dir='ltr'>ἁρπαγμὸν</span> <span class='ocrx_word' id='word_1_236' title='bbox 2559 1627 2904 1698; x_wconf 69' lang='grc' dir='ltr'><strong>ἡγησάμενος</strong></span> <span class='ocrx_word' id='word_1_237' title='bbox 2936 1629 2996 1681; x_wconf 77' lang='grc' dir='ltr'>τὸ</span> <span class='ocrx_word' id='word_1_238' title='bbox 3032 1625 3170 1680; x_wconf 78' lang='grc' dir='ltr'>εἶναι</span> <span class='ocrx_word' id='word_1_239' title='bbox 3204 1627 3294 1678; x_wconf 74' lang='grc' dir='ltr'>ἶσα</span> <span class='ocrx_word' id='word_1_240' title='bbox 3325 1625 3480 1695; x_wconf 80' lang='grc' dir='ltr'>Θεῷς</span> <span class='ocrx_word' id='word_1_241' title='bbox 3525 1644 3542 1676; x_wconf 80' lang='grc' dir='ltr'><strong>ι</strong></span> <span class='ocrx_word' id='word_1_242' title='bbox 3591 1624 3662 1677; x_wconf 84' lang='grc' dir='ltr'><em>Ἢ</em></span> <span class='ocrx_word' id='word_1_243' title='bbox 3690 1623 3814 1677; x_wconf 78' lang='grc' dir='ltr'>τίνα</span> 
     </span>
    </p>
   </div>
   <div class='ocr_carea' id='block_1_31' title="bbox 2241 1715 3816 1789">
    <p class='ocr_par' dir='ltr' id='par_1_31' title="bbox 2241 1715 3816 1789">
     <span class='ocr_line' id='line_1_31' title="bbox 2241 1715 3816 1789; baseline 0.007 -16"><span class='ocrx_word' id='word_1_244' title='bbox 2241 1721 2532 1774; x_wconf 74' lang='grc' dir='ltr'><strong>κεκένωται</strong></span> <span class='ocrx_word' id='word_1_245' title='bbox 2564 1720 2798 1789; x_wconf 63' lang='lat' dir='ltr'><strong>tpo&#39;mv;</strong></span> <span class='ocrx_word' id='word_1_246' title='bbox 2835 1718 3081 1789; x_wconf 78' lang='grc' dir='ltr'>Κατῆλθε</span> <span class='ocrx_word' id='word_1_247' title='bbox 3104 1719 3160 1770; x_wconf 79' lang='grc' dir='ltr'><strong>δὲ</strong></span> <span class='ocrx_word' id='word_1_248' title='bbox 3187 1718 3336 1781; x_wconf 82' lang='grc' dir='ltr'><strong>ὅπως</strong></span> <span class='ocrx_word' id='word_1_249' title='bbox 3375 1719 3454 1779; x_wconf 68' lang='grc' dir='ltr'><strong>είς</strong></span> <span class='ocrx_word' id='word_1_250' title='bbox 3483 1715 3816 1768; x_wconf 64' lang='grc' dir='ltr'>ταπείνωσιν</span> 
     </span>
    </p>
   </div>
   <div class='ocr_carea' id='block_1_32' title="bbox 2241 1802 3816 1882">
    <p class='ocr_par' dir='ltr' id='par_1_32' title="bbox 2241 1802 3816 1882">
     <span class='ocr_line' id='line_1_32' title="bbox 2241 1802 3816 1882; baseline -0.004 -18"><span class='ocrx_word' id='word_1_251' title='bbox 2241 1813 2332 1866; x_wconf 78' lang='grc' dir='ltr'>καὶ</span> <span class='ocrx_word' id='word_1_252' title='bbox 2363 1815 2418 1864; x_wconf 80' lang='grc' dir='ltr'>ὲν</span> <span class='ocrx_word' id='word_1_253' title='bbox 2452 1814 2516 1882; x_wconf 81' lang='grc' dir='ltr'>τῇ</span> <span class='ocrx_word' id='word_1_254' title='bbox 2563 1810 2657 1863; x_wconf 72' lang='grc' dir='ltr'>τοῦ</span> <span class='ocrx_word' id='word_1_255' title='bbox 2695 1811 2881 1863; x_wconf 63' lang='grc' dir='ltr'>δούλου</span> <span class='ocrx_word' id='word_1_256' title='bbox 2915 1810 3094 1880; x_wconf 49' lang='grc' dir='ltr'>μορφῇ</span> <span class='ocrx_word' id='word_1_257' title='bbox 3122 1826 3135 1871; x_wconf 90' lang='lat'><strong>;</strong></span> <span class='ocrx_word' id='word_1_258' title='bbox 3170 1810 3234 1860; x_wconf 75' lang='grc' dir='ltr'><strong>Οἱ</strong></span> <span class='ocrx_word' id='word_1_259' title='bbox 3277 1808 3375 1878; x_wconf 77' lang='grc' dir='ltr'>μὲν</span> <span class='ocrx_word' id='word_1_260' title='bbox 3422 1817 3451 1854; x_wconf 71' lang='grc' dir='ltr'><strong><em>Ι</em></strong></span> <span class='ocrx_word' id='word_1_261' title='bbox 3480 1802 3571 1858; x_wconf 69' lang='grc' dir='ltr'><strong>οὖν</strong></span> <span class='ocrx_word' id='word_1_262' title='bbox 3613 1807 3692 1868; x_wconf 87' lang='grc' dir='ltr'><strong>εἰς</strong></span> <span class='ocrx_word' id='word_1_263' title='bbox 3720 1804 3816 1858; x_wconf 73' lang='grc' dir='ltr'>δύο</span> 
     </span>
    </p>
   </div>
   <div class='ocr_carea' id='block_1_33' title="bbox 2237 1898 3812 1972">
    <p class='ocr_par' dir='ltr' id='par_1_33' title="bbox 2237 1898 3812 1972">
     <span class='ocr_line' id='line_1_33' title="bbox 2237 1898 3812 1972; baseline -0.001 -16"><span class='ocrx_word' id='word_1_264' title='bbox 2237 1904 2525 1972; x_wconf 78' lang='grc' dir='ltr'>τέμνοντες</span> <span class='ocrx_word' id='word_1_265' title='bbox 2563 1903 2655 1956; x_wconf 73' lang='grc' dir='ltr'><strong>τὸν</strong></span> <span class='ocrx_word' id='word_1_266' title='bbox 2687 1903 2783 1956; x_wconf 73' lang='grc' dir='ltr'>ἕνα</span> <span class='ocrx_word' id='word_1_267' title='bbox 2828 1901 3032 1972; x_wconf 76' lang='grc' dir='ltr'>Κύριον</span> <span class='ocrx_word' id='word_1_268' title='bbox 3075 1899 3282 1965; x_wconf 74' lang='grc' dir='ltr'>Ἰησοῦν</span> <span class='ocrx_word' id='word_1_269' title='bbox 3323 1898 3578 1970; x_wconf 76' lang='grc' dir='ltr'>Χριστὸν,</span> <span class='ocrx_word' id='word_1_270' title='bbox 3627 1898 3706 1960; x_wconf 78' lang='grc' dir='ltr'>εἷς</span> <span class='ocrx_word' id='word_1_271' title='bbox 3751 1913 3812 1949; x_wconf 75' lang='grc' dir='ltr'><strong>τε</strong></span> 
     </span>
    </p>
   </div>
   <div class='ocr_carea' id='block_1_34' title="bbox 563 1961 2135 2060">
    <p class='ocr_par' dir='ltr' id='par_1_34' title="bbox 563 1961 2132 2059">
     <span class='ocr_line' id='line_1_34' title="bbox 563 1961 2132 2059; baseline -0.005 -14"><span class='ocrx_word' id='word_1_272' title='bbox 563 1961 685 2046; x_wconf 55' lang='lat' dir='ltr'><strong>esi?</strong></span> <span class='ocrx_word' id='word_1_273' title='bbox 709 1989 816 2044; x_wconf 80' lang='lat' dir='ltr'><strong>Aut</strong></span> <span class='ocrx_word' id='word_1_274' title='bbox 842 2005 948 2059; x_wconf 88' lang='lat' dir='ltr'><strong>qua</strong></span> <span class='ocrx_word' id='word_1_275' title='bbox 971 1989 1191 2043; x_wconf 89' lang='lat' dir='ltr'><strong>demum</strong></span> <span class='ocrx_word' id='word_1_276' title='bbox 1228 1990 1439 2042; x_wconf 80' lang='lat' dir='ltr'><strong>ratione</strong></span> <span class='ocrx_word' id='word_1_277' title='bbox 1475 1961 1820 2042; x_wconf 50' lang='lat' dir='ltr'><strong>ad-humilita</strong></span> <span class='ocrx_word' id='word_1_278' title='bbox 1831 1995 1936 2040; x_wconf 91' lang='lat' dir='ltr'><strong>tem</strong></span> <span class='ocrx_word' id='word_1_279' title='bbox 1960 1985 2132 2040; x_wconf 85' lang='lat' dir='ltr'><strong>servi-</strong></span> 
     </span>
    </p>
   </div>
   <div class='ocr_carea' id='block_1_35' title="bbox 2235 1961 3815 2060">
    <p class='ocr_par' dir='ltr' id='par_1_35' title="bbox 2237 1961 3815 2060">
     <span class='ocr_line' id='line_1_35' title="bbox 2237 1961 3815 2060; baseline -0.002 -19"><span class='ocrx_word' id='word_1_280' title='bbox 2237 1961 2540 2057; x_wconf 75' lang='grc' dir='ltr'>ἄνθρωπον,</span> <span class='ocrx_word' id='word_1_281' title='bbox 2575 1990 2734 2060; x_wconf 76' lang='grc' dir='ltr'>φημὶ.</span> <span class='ocrx_word' id='word_1_282' title='bbox 2761 1989 2853 2041; x_wconf 73' lang='grc' dir='ltr'>καὶ</span> <span class='ocrx_word' id='word_1_283' title='bbox 2881 1961 2969 2041; x_wconf 59' lang='grc' dir='ltr'><strong>τόν</strong></span> <span class='ocrx_word' id='word_1_284' title='bbox 3001 1991 3062 2041; x_wconf 83' lang='grc' dir='ltr'>ὲκ</span> <span class='ocrx_word' id='word_1_285' title='bbox 3089 1961 3223 2040; x_wconf 72' lang='grc' dir='ltr'>Θεοῦ</span> <span class='ocrx_word' id='word_1_286' title='bbox 3259 1961 3469 2060; x_wconf 66' lang='grc' dir='ltr'>Πατρός</span> <span class='ocrx_word' id='word_1_287' title='bbox 3496 1987 3690 2055; x_wconf 86' lang='grc' dir='ltr'>Λόγον,</span> <span class='ocrx_word' id='word_1_288' title='bbox 3721 1985 3815 2039; x_wconf 62' lang='grc' dir='ltr'><strong>τόν</strong></span> 
     </span>
    </p>
   </div>
   <div class='ocr_carea' id='block_1_36' title="bbox 561 2077 2131 2152">
    <p class='ocr_par' dir='ltr' id='par_1_36' title="bbox 561 2077 2131 2152">
     <span class='ocr_line' id='line_1_36' title="bbox 561 2077 2131 2152; baseline -0.004 -16"><span class='ocrx_word' id='word_1_289' title='bbox 561 2083 777 2152; x_wconf 87' lang='lat' dir='ltr'><strong>lemque</strong></span> <span class='ocrx_word' id='word_1_290' title='bbox 802 2081 1031 2137; x_wconf 81' lang='lat' dir='ltr'><strong>formam</strong></span> <span class='ocrx_word' id='word_1_291' title='bbox 1056 2081 1300 2150; x_wconf 75' lang='lat' dir='ltr'><strong>abiectus</strong></span> <span class='ocrx_word' id='word_1_292' title='bbox 1321 2081 1438 2135; x_wconf 81' lang='lat' dir='ltr'><strong>est?</strong></span> <span class='ocrx_word' id='word_1_293' title='bbox 1464 2080 1603 2134; x_wconf 85' lang='lat' dir='ltr'><strong>Sane</strong></span> <span class='ocrx_word' id='word_1_294' title='bbox 1626 2079 1718 2149; x_wconf 89' lang='lat' dir='ltr'><strong>qui</strong></span> <span class='ocrx_word' id='word_1_295' title='bbox 1748 2094 1915 2132; x_wconf 90' lang='lat' dir='ltr'><strong>unum</strong></span> <span class='ocrx_word' id='word_1_296' title='bbox 1947 2077 2131 2131; x_wconf 91' lang='lat' dir='ltr'><strong>Domi-</strong></span> 
     </span>
    </p>
   </div>
   <div class='ocr_carea' id='block_1_37' title="bbox 561 2167 2132 2232">
    <p class='ocr_par' dir='ltr' id='par_1_37' title="bbox 561 2167 2132 2232">
     <span class='ocr_line' id='line_1_37' title="bbox 561 2167 2132 2232; baseline -0.005 -4"><span class='ocrx_word' id='word_1_297' title='bbox 561 2189 692 2228; x_wconf 90' lang='lat' dir='ltr'><strong>num</strong></span> <span class='ocrx_word' id='word_1_298' title='bbox 725 2182 978 2229; x_wconf 89' lang='lat' dir='ltr'><strong>nostrum</strong></span> <span class='ocrx_word' id='word_1_299' title='bbox 1031 2174 1215 2229; x_wconf 80' lang='lat' dir='ltr'><strong>Jesum</strong></span> <span class='ocrx_word' id='word_1_300' title='bbox 1253 2172 1532 2227; x_wconf 85' lang='lat' dir='ltr'><strong>Christum</strong></span> <span class='ocrx_word' id='word_1_301' title='bbox 1574 2170 1630 2224; x_wconf 93' lang='lat' dir='ltr'><strong>in</strong></span> <span class='ocrx_word' id='word_1_302' title='bbox 1672 2169 1830 2232; x_wconf 88' lang='lat' dir='ltr'><strong>duos,</strong></span> <span class='ocrx_word' id='word_1_303' title='bbox 1862 2169 1915 2222; x_wconf 93' lang='lat' dir='ltr'><strong>in</strong></span> <span class='ocrx_word' id='word_1_304' title='bbox 1953 2167 2132 2222; x_wconf 90' lang='lat' dir='ltr'><strong>homi-</strong></span> 
     </span>
    </p>
   </div>
   <div class='ocr_carea' id='block_1_38' title="bbox 557 2260 2129 2332">
    <p class='ocr_par' dir='ltr' id='par_1_38' title="bbox 557 2260 2129 2332">
     <span class='ocr_line' id='line_1_38' title="bbox 557 2260 2129 2332; baseline -0.004 -12"><span class='ocrx_word' id='word_1_305' title='bbox 557 2281 685 2320; x_wconf 76' lang='lat' dir='ltr'><strong>nem</strong></span> <span class='ocrx_word' id='word_1_306' title='bbox 719 2265 994 2330; x_wconf 87' lang='lat' dir='ltr'><strong>videlicet,</strong></span> <span class='ocrx_word' id='word_1_307' title='bbox 1027 2274 1083 2319; x_wconf 88' lang='lat' dir='ltr'><strong>et</strong></span> <span class='ocrx_word' id='word_1_308' title='bbox 1109 2263 1343 2319; x_wconf 72' lang='lat' dir='ltr'><strong>Verbum</strong></span> <span class='ocrx_word' id='word_1_309' title='bbox 1387 2260 1532 2332; x_wconf 90' lang='lat' dir='ltr'><strong>quod</strong></span> <span class='ocrx_word' id='word_1_310' title='bbox 1569 2276 1635 2316; x_wconf 71' lang='lat' dir='ltr'><strong>ex</strong></span> <span class='ocrx_word' id='word_1_311' title='bbox 1670 2261 1782 2315; x_wconf 90' lang='lat' dir='ltr'><strong>Deo</strong></span> <span class='ocrx_word' id='word_1_312' title='bbox 1809 2267 1998 2314; x_wconf 88' lang='lat' dir='ltr'><strong>natum</strong></span> <span class='ocrx_word' id='word_1_313' title='bbox 2026 2268 2129 2322; x_wconf 91' lang='lat' dir='ltr'><strong>est,</strong></span> 
     </span>
    </p>
   </div>
   <div class='ocr_carea' id='block_1_39' title="bbox 558 2351 2131 2428">
    <p class='ocr_par' dir='ltr' id='par_1_39' title="bbox 558 2351 2131 2428">
     <span class='ocr_line' id='line_1_39' title="bbox 558 2351 2131 2428; baseline -0.004 -16"><span class='ocrx_word' id='word_1_314' title='bbox 558 2357 859 2422; x_wconf 84' lang='lat' dir='ltr'><strong>divellunt,</strong></span> <span class='ocrx_word' id='word_1_315' title='bbox 886 2374 1010 2412; x_wconf 90' lang='lat' dir='ltr'><strong>cum</strong></span> <span class='ocrx_word' id='word_1_316' title='bbox 1051 2357 1144 2427; x_wconf 91' lang='lat' dir='ltr'><strong>qui</strong></span> <span class='ocrx_word' id='word_1_317' title='bbox 1184 2373 1248 2411; x_wconf 75' lang='lat' dir='ltr'><strong>ex</strong></span> <span class='ocrx_word' id='word_1_318' title='bbox 1290 2371 1440 2428; x_wconf 84' lang='lat' dir='ltr'><strong>saera</strong></span> <span class='ocrx_word' id='word_1_319' title='bbox 1472 2354 1691 2425; x_wconf 79' lang='lat' dir='ltr'><strong>Virgine</strong></span> <span class='ocrx_word' id='word_1_320' title='bbox 1730 2361 1912 2407; x_wconf 87' lang='lat' dir='ltr'><strong>ortum</strong></span> <span class='ocrx_word' id='word_1_321' title='bbox 1945 2351 2131 2417; x_wconf 81' lang='lat' dir='ltr'><strong>ducit,</strong></span> 
     </span>
    </p>
   </div>
   <div class='ocr_carea' id='block_1_40' title="bbox 557 2445 2132 2510">
    <p class='ocr_par' dir='ltr' id='par_1_40' title="bbox 557 2445 2132 2510">
     <span class='ocr_line' id='line_1_40' title="bbox 557 2445 2132 2510; baseline -0.003 -8"><span class='ocrx_word' id='word_1_322' title='bbox 557 2448 985 2502; x_wconf 80' lang='lat' dir='ltr'><strong>exinanitionem</strong></span> <span class='ocrx_word' id='word_1_323' title='bbox 1035 2448 1359 2503; x_wconf 86' lang='lat' dir='ltr'><strong>sustinuisse</strong></span> <span class='ocrx_word' id='word_1_324' title='bbox 1401 2454 1713 2510; x_wconf 88' lang='lat' dir='ltr'><strong>autumant;</strong></span> <span class='ocrx_word' id='word_1_325' title='bbox 1750 2445 1990 2499; x_wconf 79' lang='lat' dir='ltr'><strong>Verbum</strong></span> <span class='ocrx_word' id='word_1_326' title='bbox 2031 2459 2132 2498; x_wconf 88' lang='lat' dir='ltr'><strong>au-</strong></span> 
     </span>
    </p>
   </div>
   <div class='ocr_carea' id='block_1_41' title="bbox 559 2536 2130 2609">
    <p class='ocr_par' dir='ltr' id='par_1_41' title="bbox 559 2536 2130 2609">
     <span class='ocr_line' id='line_1_41' title="bbox 559 2536 2130 2609; baseline -0.002 -16"><span class='ocrx_word' id='word_1_327' title='bbox 559 2547 688 2603; x_wconf 91' lang='lat' dir='ltr'><strong>tem,</strong></span> <span class='ocrx_word' id='word_1_328' title='bbox 714 2539 861 2609; x_wconf 91' lang='lat' dir='ltr'><strong>quod</strong></span> <span class='ocrx_word' id='word_1_329' title='bbox 883 2555 962 2594; x_wconf 43' lang='lat' dir='ltr'><strong>ex.</strong></span> <span class='ocrx_word' id='word_1_330' title='bbox 980 2541 1143 2595; x_wconf 88' lang='lat' dir='ltr'><strong>Patre</strong></span> <span class='ocrx_word' id='word_1_331' title='bbox 1165 2548 1349 2594; x_wconf 89' lang='lat' dir='ltr'><strong>natum</strong></span> <span class='ocrx_word' id='word_1_332' title='bbox 1380 2547 1482 2604; x_wconf 89' lang='lat' dir='ltr'><strong>est,</strong></span> <span class='ocrx_word' id='word_1_333' title='bbox 1511 2553 1874 2607; x_wconf 86' lang='lat' dir='ltr'><strong>nequaquam,</strong></span> <span class='ocrx_word' id='word_1_334' title='bbox 1895 2545 1957 2590; x_wconf 92' lang='lat' dir='ltr'><strong>ut</strong></span> <span class='ocrx_word' id='word_1_335' title='bbox 1985 2536 2130 2605; x_wconf 91' lang='lat' dir='ltr'><strong>quod</strong></span> 
     </span>
    </p>
   </div>
   <div class='ocr_carea' id='block_1_42' title="bbox 557 2623 2141 2691">
    <p class='ocr_par' dir='ltr' id='par_1_42' title="bbox 557 2623 2141 2691">
     <span class='ocr_line' id='line_1_42' title="bbox 557 2623 2141 2691; baseline -0.001 -10"><span class='ocrx_word' id='word_1_336' title='bbox 557 2627 625 2683; x_wconf 87' lang='lat' dir='ltr'><strong>ab</strong></span> <span class='ocrx_word' id='word_1_337' title='bbox 645 2643 712 2684; x_wconf 92' lang='lat' dir='ltr'><strong>eo</strong></span> <span class='ocrx_word' id='word_1_338' title='bbox 731 2629 956 2684; x_wconf 90' lang='lat' dir='ltr'><strong>omnino</strong></span> <span class='ocrx_word' id='word_1_339' title='bbox 977 2637 1284 2684; x_wconf 88' lang='lat' dir='ltr'><strong>secernant.</strong></span> <span class='ocrx_word' id='word_1_340' title='bbox 1313 2630 1514 2684; x_wconf 73' lang='lat' dir='ltr'><strong>Verum</strong></span> <span class='ocrx_word' id='word_1_341' title='bbox 1538 2629 1583 2682; x_wconf 92' lang='lat' dir='ltr'><strong>si</strong></span> <span class='ocrx_word' id='word_1_342' title='bbox 1613 2628 1686 2683; x_wconf 93' lang='lat' dir='ltr'><strong>ita</strong></span> <span class='ocrx_word' id='word_1_343' title='bbox 1717 2643 1803 2682; x_wconf 90' lang='lat' dir='ltr'><strong>res</strong></span> <span class='ocrx_word' id='word_1_344' title='bbox 1826 2627 2012 2691; x_wconf 86' lang='lat' dir='ltr'><strong>habet,</strong></span> <span class='ocrx_word' id='word_1_345' title='bbox 2033 2623 2141 2681; x_wconf 58' lang='grc' dir='ltr'>εδει-λ</span> 
     </span>
    </p>
   </div>
   <div class='ocr_carea' id='block_1_43' title="bbox 555 2716 2133 2790">
    <p class='ocr_par' dir='ltr' id='par_1_43' title="bbox 555 2716 2133 2790">
     <span class='ocr_line' id='line_1_43' title="bbox 555 2716 2133 2790; baseline -0.004 -15"><span class='ocrx_word' id='word_1_346' title='bbox 555 2729 760 2790; x_wconf 89' lang='lat' dir='ltr'><strong>ponant</strong></span> <span class='ocrx_word' id='word_1_347' title='bbox 804 2721 883 2775; x_wconf 92' lang='lat' dir='ltr'><strong>illi</strong></span> <span class='ocrx_word' id='word_1_348' title='bbox 927 2721 1086 2776; x_wconf 86' lang='lat' dir='ltr'><strong>nobis</strong></span> <span class='ocrx_word' id='word_1_349' title='bbox 1131 2736 1364 2790; x_wconf 90' lang='lat' dir='ltr'><strong>quonam</strong></span> <span class='ocrx_word' id='word_1_350' title='bbox 1416 2718 1580 2774; x_wconf 89' lang='lat' dir='ltr'><strong>modo</strong></span> <span class='ocrx_word' id='word_1_351' title='bbox 1622 2719 1713 2772; x_wconf 89' lang='lat' dir='ltr'><strong>hic</strong></span> <span class='ocrx_word' id='word_1_352' title='bbox 1757 2716 1816 2790; x_wconf 26' lang='lat' dir='ltr'><strong>in:</strong></span> <span class='ocrx_word' id='word_1_353' title='bbox 1857 2718 2030 2771; x_wconf 80' lang='lat' dir='ltr'><strong>forma</strong></span> <span class='ocrx_word' id='word_1_354' title='bbox 2076 2725 2133 2770; x_wconf 88' lang='lat' dir='ltr'><strong>et</strong></span> 
     </span>
    </p>
   </div>
   <div class='ocr_carea' id='block_1_44' title="bbox 555 2811 2132 2884">
    <p class='ocr_par' dir='ltr' id='par_1_44' title="bbox 555 2811 2132 2884">
     <span class='ocr_line' id='line_1_44' title="bbox 555 2811 2132 2884; baseline -0.004 -17"><span class='ocrx_word' id='word_1_355' title='bbox 555 2812 862 2884; x_wconf 67' lang='lat' dir='ltr'><strong>aequalitate</strong></span> <span class='ocrx_word' id='word_1_356' title='bbox 893 2813 1069 2866; x_wconf 87' lang='lat' dir='ltr'><strong>Patris</strong></span> <span class='ocrx_word' id='word_1_357' title='bbox 1098 2811 1497 2881; x_wconf 75' lang='lat' dir='ltr'><strong>inteiligeretur</strong></span> <span class='ocrx_word' id='word_1_358' title='bbox 1523 2821 1578 2866; x_wconf 88' lang='lat' dir='ltr'><strong>et</strong></span> <span class='ocrx_word' id='word_1_359' title='bbox 1601 2819 1766 2876; x_wconf 88' lang='lat' dir='ltr'><strong>esset,</strong></span> <span class='ocrx_word' id='word_1_360' title='bbox 1795 2819 1887 2863; x_wconf 87' lang='lat' dir='ltr'><strong>aut</strong></span> <span class='ocrx_word' id='word_1_361' title='bbox 1916 2824 2022 2878; x_wconf 90' lang='lat' dir='ltr'><strong>qua</strong></span> <span class='ocrx_word' id='word_1_362' title='bbox 2047 2824 2132 2862; x_wconf 85' lang='lat' dir='ltr'><strong>ra-</strong></span> 
     </span>
    </p>
   </div>
   <div class='ocr_carea' id='block_1_45' title="bbox 555 2899 2128 2972">
    <p class='ocr_par' dir='ltr' id='par_1_45' title="bbox 555 2899 2128 2972">
     <span class='ocr_line' id='line_1_45' title="bbox 555 2899 2128 2972; baseline -0.004 -13"><span class='ocrx_word' id='word_1_363' title='bbox 555 2904 702 2959; x_wconf 90' lang='lat' dir='ltr'><strong>tione</strong></span> <span class='ocrx_word' id='word_1_364' title='bbox 744 2903 1134 2959; x_wconf 84' lang='lat' dir='ltr'><strong>exinanitionis</strong></span> <span class='ocrx_word' id='word_1_365' title='bbox 1175 2901 1398 2956; x_wconf 90' lang='lat' dir='ltr'><strong>modum</strong></span> <span class='ocrx_word' id='word_1_366' title='bbox 1443 2901 1682 2972; x_wconf 86' lang='lat' dir='ltr'><strong>experiri</strong></span> <span class='ocrx_word' id='word_1_367' title='bbox 1729 2908 1930 2970; x_wconf 88' lang='lat' dir='ltr'><strong>posset,</strong></span> <span class='ocrx_word' id='word_1_368' title='bbox 1971 2899 2024 2952; x_wconf 91' lang='lat' dir='ltr'><strong>in</strong></span> <span class='ocrx_word' id='word_1_369' title='bbox 2077 2899 2128 2952; x_wconf 91' lang='lat' dir='ltr'><strong>id</strong></span> 
     </span>
    </p>
   </div>
   <div class='ocr_carea' id='block_1_46' title="bbox 554 2991 2128 3066">
    <p class='ocr_par' dir='ltr' id='par_1_46' title="bbox 554 2991 2128 3066">
     <span class='ocr_line' id='line_1_46' title="bbox 554 2991 2128 3066; baseline -0.005 -16"><span class='ocrx_word' id='word_1_370' title='bbox 554 2994 700 3066; x_wconf 90' lang='lat' dir='ltr'><strong>quod</strong></span> <span class='ocrx_word' id='word_1_371' title='bbox 739 3010 850 3049; x_wconf 91' lang='lat' dir='ltr'><strong>non</strong></span> <span class='ocrx_word' id='word_1_372' title='bbox 895 3001 1015 3048; x_wconf 88' lang='lat' dir='ltr'><strong>erat</strong></span> <span class='ocrx_word' id='word_1_373' title='bbox 1059 3007 1178 3047; x_wconf 88' lang='lat' dir='ltr'><strong>sese</strong></span> <span class='ocrx_word' id='word_1_374' title='bbox 1217 2993 1531 3047; x_wconf 89' lang='lat' dir='ltr'><strong>demittens.</strong></span> <span class='ocrx_word' id='word_1_375' title='bbox 1573 2991 1728 3045; x_wconf 85' lang='lat' dir='ltr'><strong>Nulla</strong></span> <span class='ocrx_word' id='word_1_376' title='bbox 1765 2991 1911 3044; x_wconf 88' lang='lat' dir='ltr'><strong>enim</strong></span> <span class='ocrx_word' id='word_1_377' title='bbox 1947 2998 2128 3044; x_wconf 85' lang='lat' dir='ltr'><strong>creata</strong></span> 
     </span>
    </p>
   </div>
   <div class='ocr_carea' id='block_1_47' title="bbox 555 3081 2130 3150">
    <p class='ocr_par' dir='ltr' id='par_1_47' title="bbox 555 3081 2130 3150">
     <span class='ocr_line' id='line_1_47' title="bbox 555 3081 2130 3150; baseline -0.003 -10"><span class='ocrx_word' id='word_1_378' title='bbox 555 3102 662 3149; x_wconf 86' lang='lat' dir='ltr'><strong>res.</strong></span> <span class='ocrx_word' id='word_1_379' title='bbox 681 3088 726 3141; x_wconf 92' lang='lat' dir='ltr'><strong>si</strong></span> <span class='ocrx_word' id='word_1_380' title='bbox 744 3084 1043 3141; x_wconf 88' lang='lat' dir='ltr'><strong>secundum</strong></span> <span class='ocrx_word' id='word_1_381' title='bbox 1060 3093 1310 3139; x_wconf 75' lang='lat' dir='ltr'><strong>naturaet</strong></span> <span class='ocrx_word' id='word_1_382' title='bbox 1327 3099 1479 3137; x_wconf 87' lang='lat' dir='ltr'><strong>suam</strong></span> <span class='ocrx_word' id='word_1_383' title='bbox 1500 3083 1603 3150; x_wconf 79' lang='grc' dir='ltr'><strong>ιο</strong></span> <span class='ocrx_word' id='word_1_384' title='bbox 1617 3081 2016 3145; x_wconf 84' lang='lat' dir='ltr'><strong>consideretur,</strong></span> <span class='ocrx_word' id='word_1_385' title='bbox 2036 3081 2130 3136; x_wconf 86' lang='lat' dir='ltr'><strong>ha-</strong></span> 
     </span>
    </p>
   </div>
   <div class='ocr_carea' id='block_1_48' title="bbox 553 3172 2124 3246">
    <p class='ocr_par' dir='ltr' id='par_1_48' title="bbox 553 3172 2124 3246">
     <span class='ocr_line' id='line_1_48' title="bbox 553 3172 2124 3246; baseline -0.004 -16"><span class='ocrx_word' id='word_1_386' title='bbox 553 3177 646 3231; x_wconf 85' lang='lat' dir='ltr'><strong>bet</strong></span> <span class='ocrx_word' id='word_1_387' title='bbox 674 3174 845 3246; x_wconf 86' lang='lat' dir='ltr'><strong>patris</strong></span> <span class='ocrx_word' id='word_1_388' title='bbox 872 3173 1259 3244; x_wconf 73' lang='lat' dir='ltr'><strong>aequalitatem.</strong></span> <span class='ocrx_word' id='word_1_389' title='bbox 1293 3173 1396 3240; x_wconf 86' lang='lat' dir='ltr'><strong>Qui</strong></span> <span class='ocrx_word' id='word_1_390' title='bbox 1436 3188 1566 3242; x_wconf 80' lang='lat' dir='ltr'><strong>ergo</strong></span> <span class='ocrx_word' id='word_1_391' title='bbox 1597 3173 1642 3226; x_wconf 88' lang='lat' dir='ltr'><strong>is</strong></span> <span class='ocrx_word' id='word_1_392' title='bbox 1673 3172 1985 3226; x_wconf 81' lang='lat' dir='ltr'><strong>exinanitus</strong></span> <span class='ocrx_word' id='word_1_393' title='bbox 2014 3181 2124 3235; x_wconf 91' lang='lat' dir='ltr'><strong>est,</strong></span> 
     </span>
    </p>
   </div>
   <div class='ocr_carea' id='block_1_49' title="bbox 553 3258 2128 3335">
    <p class='ocr_par' dir='ltr' id='par_1_49' title="bbox 553 3258 2128 3335">
     <span class='ocr_line' id='line_1_49' title="bbox 553 3258 2128 3335; baseline -0.003 -19"><span class='ocrx_word' id='word_1_394' title='bbox 553 3263 648 3335; x_wconf 82' lang='lat' dir='ltr'><strong>qui</strong></span> <span class='ocrx_word' id='word_1_395' title='bbox 675 3273 865 3334; x_wconf 89' lang='lat' dir='ltr'><strong>suapte</strong></span> <span class='ocrx_word' id='word_1_396' title='bbox 891 3272 1082 3317; x_wconf 87' lang='lat' dir='ltr'><strong>natura</strong></span> <span class='ocrx_word' id='word_1_397' title='bbox 1111 3278 1295 3317; x_wconf 88' lang='lat' dir='ltr'><strong>merus</strong></span> <span class='ocrx_word' id='word_1_398' title='bbox 1330 3263 1494 3315; x_wconf 88' lang='lat' dir='ltr'><strong>homo</strong></span> <span class='ocrx_word' id='word_1_399' title='bbox 1525 3259 1814 3319; x_wconf 75' lang='lat' dir='ltr'><strong>exsistens,</strong></span> <span class='ocrx_word' id='word_1_400' title='bbox 1846 3258 2128 3312; x_wconf 89' lang='lat' dir='ltr'><strong>hominum</strong></span> 
     </span>
    </p>
   </div>
   <div class='ocr_carea' id='block_1_50' title="bbox 2237 2077 3814 2150">
    <p class='ocr_par' dir='ltr' id='par_1_50' title="bbox 2237 2077 3814 2150">
     <span class='ocr_line' id='line_1_50' title="bbox 2237 2077 3814 2150; baseline -0.001 -18"><span class='ocrx_word' id='word_1_401' title='bbox 2237 2082 2299 2132; x_wconf 81' lang='grc' dir='ltr'>ὲκ</span> <span class='ocrx_word' id='word_1_402' title='bbox 2333 2081 2428 2150; x_wconf 75' lang='grc' dir='ltr'>τῆς</span> <span class='ocrx_word' id='word_1_403' title='bbox 2456 2081 2618 2146; x_wconf 76' lang='grc' dir='ltr'>ἁγίας</span> <span class='ocrx_word' id='word_1_404' title='bbox 2667 2081 2943 2150; x_wconf 79' lang='grc' dir='ltr'>Παρθένου</span> <span class='ocrx_word' id='word_1_405' title='bbox 2989 2080 3150 2147; x_wconf 60' lang='grc' dir='ltr'>φασὶν</span> <span class='ocrx_word' id='word_1_406' title='bbox 3188 2081 3477 2144; x_wconf 73' lang='grc' dir='ltr'>ὑπομεῖναι</span> <span class='ocrx_word' id='word_1_407' title='bbox 3505 2078 3604 2147; x_wconf 71' lang='grc' dir='ltr'>τὴν</span> <span class='ocrx_word' id='word_1_408' title='bbox 3643 2077 3814 2130; x_wconf 81' lang='grc' dir='ltr'>κένω-</span> 
     </span>
    </p>
   </div>
   <div class='ocr_carea' id='block_1_51' title="bbox 2237 2167 3812 2238">
    <p class='ocr_par' dir='ltr' id='par_1_51' title="bbox 2237 2167 3812 2238">
     <span class='ocr_line' id='line_1_51' title="bbox 2237 2167 3812 2238; baseline 0 -17"><span class='ocrx_word' id='word_1_409' title='bbox 2237 2187 2341 2232; x_wconf 91' lang='grc' dir='ltr'>σιν,</span> <span class='ocrx_word' id='word_1_410' title='bbox 2366 2169 2784 2232; x_wconf 73' lang='grc' dir='ltr'>ἀποὸιῖστῶντες</span> <span class='ocrx_word' id='word_1_411' title='bbox 2810 2169 2971 2222; x_wconf 69' lang='grc' dir='ltr'>αὐτοῦ</span> <span class='ocrx_word' id='word_1_412' title='bbox 3001 2169 3090 2221; x_wconf 74' lang='grc' dir='ltr'><strong>τον</strong></span> <span class='ocrx_word' id='word_1_413' title='bbox 3112 2171 3174 2222; x_wconf 84' lang='grc' dir='ltr'>ὲκ</span> <span class='ocrx_word' id='word_1_414' title='bbox 3201 2167 3336 2220; x_wconf 73' lang='grc' dir='ltr'>Θεοῦ</span> <span class='ocrx_word' id='word_1_415' title='bbox 3355 2168 3545 2235; x_wconf 80' lang='grc' dir='ltr'>Λόγον,</span> <span class='ocrx_word' id='word_1_416' title='bbox 3568 2184 3812 2238; x_wconf 84' lang='grc' dir='ltr'>προαπο-</span> 
     </span>
    </p>
   </div>
   <div class='ocr_carea' id='block_1_52' title="bbox 2233 2259 3814 2332">
    <p class='ocr_par' dir='ltr' id='par_1_52' title="bbox 2233 2259 3814 2332">
     <span class='ocr_line' id='line_1_52' title="bbox 2233 2259 3814 2332; baseline -0.001 -17"><span class='ocrx_word' id='word_1_417' title='bbox 2233 2262 2596 2315; x_wconf 72' lang='grc' dir='ltr'>δεικνύτωσαν</span> <span class='ocrx_word' id='word_1_418' title='bbox 2647 2262 2728 2314; x_wconf 78' lang='grc' dir='ltr'>ὅτι</span> <span class='ocrx_word' id='word_1_419' title='bbox 2765 2265 2860 2314; x_wconf 80' lang='grc' dir='ltr'>καὶ</span> <span class='ocrx_word' id='word_1_420' title='bbox 2909 2263 2965 2313; x_wconf 78' lang='grc' dir='ltr'>ἐν</span> <span class='ocrx_word' id='word_1_421' title='bbox 2999 2263 3180 2332; x_wconf 67' lang='grc' dir='ltr'>μορφῇ</span> <span class='ocrx_word' id='word_1_422' title='bbox 3225 2262 3319 2313; x_wconf 73' lang='grc' dir='ltr'>καὶ</span> <span class='ocrx_word' id='word_1_423' title='bbox 3357 2260 3562 2330; x_wconf 73' lang='grc' dir='ltr'>ἰσότητι</span> <span class='ocrx_word' id='word_1_424' title='bbox 3611 2259 3814 2313; x_wconf 71' lang='grc' dir='ltr'>νοεῖται</span> 
     </span>
    </p>
   </div>
   <div class='ocr_carea' id='block_1_53' title="bbox 2233 2348 3814 2421">
    <p class='ocr_par' dir='ltr' id='par_1_53' title="bbox 2233 2348 3814 2421">
     <span class='ocr_line' id='line_1_53' title="bbox 2233 2348 3814 2421; baseline -0.001 -17"><span class='ocrx_word' id='word_1_425' title='bbox 2233 2369 2293 2404; x_wconf 87' lang='grc' dir='ltr'><strong>τε</strong></span> <span class='ocrx_word' id='word_1_426' title='bbox 2341 2353 2435 2405; x_wconf 78' lang='grc' dir='ltr'>καὶ</span> <span class='ocrx_word' id='word_1_427' title='bbox 2470 2348 2538 2421; x_wconf 79' lang='grc' dir='ltr'>ἦν</span> <span class='ocrx_word' id='word_1_428' title='bbox 2589 2353 2683 2404; x_wconf 77' lang='grc' dir='ltr'><strong>τοῦ</strong></span> <span class='ocrx_word' id='word_1_429' title='bbox 2721 2353 2967 2421; x_wconf 70' lang='grc' dir='ltr'>Πατρός,</span> <span class='ocrx_word' id='word_1_430' title='bbox 3007 2351 3226 2404; x_wconf 46' lang='grc' dir='ltr'>ἴνατκαὶ</span> <span class='ocrx_word' id='word_1_431' title='bbox 3268 2352 3358 2403; x_wconf 73' lang='grc' dir='ltr'><strong>τὸν</strong></span> <span class='ocrx_word' id='word_1_432' title='bbox 3402 2351 3499 2420; x_wconf 78' lang='grc' dir='ltr'><strong>τῆς</strong></span> <span class='ocrx_word' id='word_1_433' title='bbox 3532 2349 3814 2412; x_wconf 74' lang='grc' dir='ltr'><strong>κενώσεως</strong></span> 
     </span>
    </p>
   </div>
   <div class='ocr_carea' id='block_1_54' title="bbox 2235 2439 3814 2515">
    <p class='ocr_par' dir='ltr' id='par_1_54' title="bbox 2235 2439 3814 2515">
     <span class='ocr_line' id='line_1_54' title="bbox 2235 2439 3814 2515; baseline -0.003 -18"><span class='ocrx_word' id='word_1_434' title='bbox 2235 2445 2501 2515; x_wconf 74' lang='grc' dir='ltr'><strong>ὑπομείνῃ</strong></span> <span class='ocrx_word' id='word_1_435' title='bbox 2530 2444 2749 2514; x_wconf 82' lang='grc' dir='ltr'>τρόπον,</span> <span class='ocrx_word' id='word_1_436' title='bbox 2781 2446 2860 2507; x_wconf 72' lang='grc' dir='ltr'><strong>εἰς</strong></span> <span class='ocrx_word' id='word_1_437' title='bbox 2885 2446 3022 2514; x_wconf 73' lang='grc' dir='ltr'>ὅπερ</span> <span class='ocrx_word' id='word_1_438' title='bbox 3051 2444 3150 2495; x_wconf 71' lang='grc' dir='ltr'>οὐκ</span> <span class='ocrx_word' id='word_1_439' title='bbox 3179 2439 3247 2512; x_wconf 74' lang='grc' dir='ltr'>ἦν</span> <span class='ocrx_word' id='word_1_440' title='bbox 3279 2441 3629 2512; x_wconf 83' lang='grc' dir='ltr'>καθιγμὲνος.</span> <span class='ocrx_word' id='word_1_441' title='bbox 3671 2442 3814 2498; x_wconf 79' lang='grc' dir='ltr'>Ἀλλ’</span> 
     </span>
    </p>
   </div>
   <div class='ocr_carea' id='block_1_55' title="bbox 2233 2533 3817 2603">
    <p class='ocr_par' dir='ltr' id='par_1_55' title="bbox 2233 2533 3817 2603">
     <span class='ocr_line' id='line_1_55' title="bbox 2233 2533 3817 2603; baseline 0 -16"><span class='ocrx_word' id='word_1_442' title='bbox 2233 2535 2381 2587; x_wconf 63' lang='grc' dir='ltr'>οὐδέν</span> <span class='ocrx_word' id='word_1_443' title='bbox 2415 2537 2528 2587; x_wconf 80' lang='grc' dir='ltr'>ἐστι</span> <span class='ocrx_word' id='word_1_444' title='bbox 2583 2535 2693 2587; x_wconf 81' lang='grc' dir='ltr'><strong>τῶν</strong></span> <span class='ocrx_word' id='word_1_445' title='bbox 2735 2536 3142 2603; x_wconf 74' lang='grc' dir='ltr'>πεποιημένων,</span> <span class='ocrx_word' id='word_1_446' title='bbox 3171 2536 3240 2586; x_wconf 77' lang='grc' dir='ltr'><strong>-εξ</strong></span> <span class='ocrx_word' id='word_1_447' title='bbox 3291 2534 3409 2586; x_wconf 79' lang='grc' dir='ltr'>κατ’</span> <span class='ocrx_word' id='word_1_448' title='bbox 3456 2533 3593 2586; x_wconf 70' lang='grc' dir='ltr'>ἰδίαν</span> <span class='ocrx_word' id='word_1_449' title='bbox 3640 2537 3817 2588; x_wconf 80' lang='grc' dir='ltr'>νοοῖτο</span> 
     </span>
    </p>
   </div>
   <div class='ocr_carea' id='block_1_56' title="bbox 2235 2617 3816 2694">
    <p class='ocr_par' dir='ltr' id='par_1_56' title="bbox 2235 2617 3816 2694">
     <span class='ocr_line' id='line_1_56' title="bbox 2235 2617 3816 2694; baseline -0.002 -16"><span class='ocrx_word' id='word_1_450' title='bbox 2235 2627 2415 2694; x_wconf 67' lang='grc' dir='ltr'>φύσιν,</span> <span class='ocrx_word' id='word_1_451' title='bbox 2449 2624 2508 2677; x_wconf 83' lang='grc' dir='ltr'>τὸ</span> <span class='ocrx_word' id='word_1_452' title='bbox 2539 2627 2595 2678; x_wconf 81' lang='grc' dir='ltr'>ὲν</span> <span class='ocrx_word' id='word_1_453' title='bbox 2630 2624 2836 2694; x_wconf 78' lang='grc' dir='ltr'>ἰσότητι</span> <span class='ocrx_word' id='word_1_454' title='bbox 2864 2623 2958 2676; x_wconf 75' lang='grc' dir='ltr'><strong>τοῦ</strong></span> <span class='ocrx_word' id='word_1_455' title='bbox 2989 2622 3217 2693; x_wconf 86' lang='grc' dir='ltr'>πατρός.</span> <span class='ocrx_word' id='word_1_456' title='bbox 3246 2621 3370 2685; x_wconf 84' lang='grc' dir='ltr'>Πῶς</span> <span class='ocrx_word' id='word_1_457' title='bbox 3399 2617 3492 2676; x_wconf 73' lang='grc' dir='ltr'>οὖν</span> <span class='ocrx_word' id='word_1_458' title='bbox 3527 2622 3634 2694; x_wconf 69' lang='grc' dir='ltr'>ἄρα</span> <span class='ocrx_word' id='word_1_459' title='bbox 3664 2631 3685 2658; x_wconf 86' lang='grc'><strong>²</strong></span> <span class='ocrx_word' id='word_1_460' title='bbox 3718 2638 3816 2675; x_wconf 85' lang='grc' dir='ltr'>κε-</span> 
     </span>
    </p>
   </div>
   <div class='ocr_carea' id='block_1_57' title="bbox 2234 2713 3816 2784">
    <p class='ocr_par' dir='ltr' id='par_1_57' title="bbox 2234 2713 3816 2784">
     <span class='ocr_line' id='line_1_57' title="bbox 2234 2713 3816 2784; baseline -0.001 -16"><span class='ocrx_word' id='word_1_461' title='bbox 2234 2715 2500 2769; x_wconf 83' lang='grc' dir='ltr'>κενῶσθαι</span> <span class='ocrx_word' id='word_1_462' title='bbox 2532 2715 2772 2784; x_wconf 66' lang='grc' dir='ltr'>λέγεται,</span> <span class='ocrx_word' id='word_1_463' title='bbox 2801 2714 2850 2767; x_wconf 78' lang='grc' dir='ltr'>εἰ</span> <span class='ocrx_word' id='word_1_464' title='bbox 2870 2713 2969 2784; x_wconf 83' lang='grc' dir='ltr'>τὴν</span> <span class='ocrx_word' id='word_1_465' title='bbox 3003 2716 3162 2781; x_wconf 81' lang='grc' dir='ltr'>φύσιν</span> <span class='ocrx_word' id='word_1_466' title='bbox 3190 2713 3474 2784; x_wconf 78' lang='grc' dir='ltr'>ἄνθρωπος</span> <span class='ocrx_word' id='word_1_467' title='bbox 3499 2713 3594 2777; x_wconf 81' lang='grc' dir='ltr'>ὢν,</span> <span class='ocrx_word' id='word_1_468' title='bbox 3620 2713 3816 2783; x_wconf 85' lang='grc' dir='ltr'>γεγέν-</span> 
     </span>
    </p>
   </div>
   <div class='ocr_carea' id='block_1_58' title="bbox 2233 2803 3805 2874">
    <p class='ocr_par' dir='ltr' id='par_1_58' title="bbox 2233 2803 3805 2874">
     <span class='ocr_line' id='line_1_58' title="bbox 2233 2803 3805 2874; baseline 0.001 -18"><span class='ocrx_word' id='word_1_469' title='bbox 2233 2820 2388 2872; x_wconf 83' lang='grc' dir='ltr'>νηται</span> <span class='ocrx_word' id='word_1_470' title='bbox 2429 2803 2547 2857; x_wconf 82' lang='grc' dir='ltr'>καθ’</span> <span class='ocrx_word' id='word_1_471' title='bbox 2577 2805 2722 2874; x_wconf 77' lang='grc' dir='ltr'>ἡμᾶς</span> <span class='ocrx_word' id='word_1_472' title='bbox 2759 2804 2822 2856; x_wconf 85' lang='grc' dir='ltr'>ὲκ</span> <span class='ocrx_word' id='word_1_473' title='bbox 2859 2804 3154 2870; x_wconf 82' lang='grc' dir='ltr'>γυναικός;</span> <span class='ocrx_word' id='word_1_474' title='bbox 3201 2804 3313 2857; x_wconf 74' lang='grc' dir='ltr'><strong>Καὶ</strong></span> <span class='ocrx_word' id='word_1_475' title='bbox 3350 2805 3415 2856; x_wconf 81' lang='grc' dir='ltr'>ὲκ</span> <span class='ocrx_word' id='word_1_476' title='bbox 3442 2803 3600 2865; x_wconf 83' lang='grc' dir='ltr'>ποίας</span> <span class='ocrx_word' id='word_1_477' title='bbox 3627 2845 3640 2867; x_wconf 92' lang='grc'><strong>,</strong></span> <span class='ocrx_word' id='word_1_478' title='bbox 3677 2803 3805 2857; x_wconf 76' lang='grc' dir='ltr'>εἰπέ</span> 
     </span>
    </p>
   </div>
   <div class='ocr_carea' id='block_1_59' title="bbox 2236 2892 3811 2965">
    <p class='ocr_par' dir='ltr' id='par_1_59' title="bbox 2236 2892 3811 2965">
     <span class='ocr_line' id='line_1_59' title="bbox 2236 2892 3811 2965; baseline 0.001 -20"><span class='ocrx_word' id='word_1_479' title='bbox 2236 2911 2346 2962; x_wconf 87' lang='grc' dir='ltr'>μοι,</span> <span class='ocrx_word' id='word_1_480' title='bbox 2383 2894 2758 2965; x_wconf 82' lang='grc' dir='ltr'>πρεσϐυτέρας</span> <span class='ocrx_word' id='word_1_481' title='bbox 2782 2893 3055 2964; x_wconf 75' lang='grc' dir='ltr'><strong>ὑπεροχῆς</strong></span> <span class='ocrx_word' id='word_1_482' title='bbox 3096 2895 3194 2965; x_wconf 79' lang='grc' dir='ltr'>τῆς</span> <span class='ocrx_word' id='word_1_483' title='bbox 3226 2892 3322 2947; x_wconf 83' lang='grc' dir='ltr'>τοῦ</span> <span class='ocrx_word' id='word_1_484' title='bbox 3365 2893 3651 2965; x_wconf 87' lang='grc' dir='ltr'>ἀνθρώπου</span> <span class='ocrx_word' id='word_1_485' title='bbox 3687 2894 3811 2965; x_wconf 74' lang='grc' dir='ltr'>μεε-</span> 
     </span>
    </p>
   </div>
   <div class='ocr_carea' id='block_1_60' title="bbox 2233 2982 3817 3056">
    <p class='ocr_par' dir='ltr' id='par_1_60' title="bbox 2233 2982 3817 3056">
     <span class='ocr_line' id='line_1_60' title="bbox 2233 2982 3817 3056; baseline 0.003 -20"><span class='ocrx_word' id='word_1_486' title='bbox 2233 2985 2382 3048; x_wconf 83' lang='grc' dir='ltr'>ζονος</span> <span class='ocrx_word' id='word_1_487' title='bbox 2408 2987 2486 3049; x_wconf 76' lang='grc' dir='ltr'>εἱς</span> <span class='ocrx_word' id='word_1_488' title='bbox 2507 2985 2566 3038; x_wconf 77' lang='grc' dir='ltr'><strong>τὸ</strong></span> <span class='ocrx_word' id='word_1_489' title='bbox 2587 2984 2874 3056; x_wconf 77' lang='grc' dir='ltr'>ἄνθρωπος</span> <span class='ocrx_word' id='word_1_490' title='bbox 2895 2982 3034 3039; x_wconf 76' lang='grc' dir='ltr'>εἶναι</span> <span class='ocrx_word' id='word_1_491' title='bbox 3051 2986 3256 3056; x_wconf 83' lang='grc' dir='ltr'>κατέϐη</span> <span class='ocrx_word' id='word_1_492' title='bbox 3276 3002 3290 3051; x_wconf 92' lang='lat'><strong>;</strong></span> <span class='ocrx_word' id='word_1_493' title='bbox 3314 2987 3386 3040; x_wconf 77' lang='grc' dir='ltr'><em>’Ἡ</em></span> <span class='ocrx_word' id='word_1_494' title='bbox 3409 2987 3526 3050; x_wconf 79' lang='grc' dir='ltr'><strong>πῶς</strong></span> <span class='ocrx_word' id='word_1_495' title='bbox 3554 2986 3619 3040; x_wconf 79' lang='grc' dir='ltr'>ἂν</span> <span class='ocrx_word' id='word_1_496' title='bbox 3639 2989 3817 3040; x_wconf 79' lang='grc' dir='ltr'>νοοῖτο</span> 
     </span>
    </p>
   </div>
   <div class='ocr_carea' id='block_1_61' title="bbox 2232 3075 3810 3152">
    <p class='ocr_par' dir='ltr' id='par_1_61' title="bbox 2232 3075 3810 3152">
     <span class='ocr_line' id='line_1_61' title="bbox 2232 3075 3810 3152; baseline 0.003 -24"><span class='ocrx_word' id='word_1_497' title='bbox 2232 3075 2437 3143; x_wconf 87' lang='grc' dir='ltr'>λαϐεῖν,</span> <span class='ocrx_word' id='word_1_498' title='bbox 2458 3076 2532 3140; x_wconf 86' lang='grc' dir='ltr'><strong>ώς</strong></span> <span class='ocrx_word' id='word_1_499' title='bbox 2559 3078 2660 3130; x_wconf 80' lang='grc' dir='ltr'>οὐκ</span> <span class='ocrx_word' id='word_1_500' title='bbox 2686 3077 2822 3147; x_wconf 75' lang='grc' dir='ltr'>ἔχων</span> <span class='ocrx_word' id='word_1_501' title='bbox 2847 3080 2905 3130; x_wconf 83' lang='grc' dir='ltr'>ὲν</span> <span class='ocrx_word' id='word_1_502' title='bbox 2929 3080 3095 3150; x_wconf 79' lang='grc' dir='ltr'>ἀρχῇ,</span> <span class='ocrx_word' id='word_1_503' title='bbox 3119 3079 3220 3149; x_wconf 75' lang='grc' dir='ltr'>τὴν</span> <span class='ocrx_word' id='word_1_504' title='bbox 3239 3078 3334 3133; x_wconf 80' lang='grc' dir='ltr'><strong>τοῦ</strong></span> <span class='ocrx_word' id='word_1_505' title='bbox 3357 3079 3545 3134; x_wconf 85' lang='grc' dir='ltr'>δούλου</span> <span class='ocrx_word' id='word_1_506' title='bbox 3570 3079 3810 3152; x_wconf 73' lang='grc' dir='ltr'>μορφὴν,</span> 
     </span>
    </p>
   </div>
   <div class='ocr_carea' id='block_1_62' title="bbox 2231 3165 3801 3236">
    <p class='ocr_par' dir='ltr' id='par_1_62' title="bbox 2231 3165 3801 3236">
     <span class='ocr_line' id='line_1_62' title="bbox 2231 3165 3801 3236; baseline 0.005 -18"><span class='ocrx_word' id='word_1_507' title='bbox 2231 3165 2260 3217; x_wconf 86' lang='grc' dir='ltr'>ὁ</span> <span class='ocrx_word' id='word_1_508' title='bbox 2283 3166 2441 3235; x_wconf 75' lang='grc' dir='ltr'>φύσει</span> <span class='ocrx_word' id='word_1_509' title='bbox 2471 3166 2641 3222; x_wconf 81' lang='grc' dir='ltr'>τελῶν</span> <span class='ocrx_word' id='word_1_510' title='bbox 2679 3168 2736 3220; x_wconf 79' lang='grc' dir='ltr'>ὲν</span> <span class='ocrx_word' id='word_1_511' title='bbox 2770 3168 3032 3233; x_wconf 78' lang='grc' dir='ltr'>οἰκέταις,</span> <span class='ocrx_word' id='word_1_512' title='bbox 3069 3170 3162 3223; x_wconf 79' lang='grc' dir='ltr'>καὶ</span> <span class='ocrx_word' id='word_1_513' title='bbox 3191 3169 3296 3224; x_wconf 80' lang='grc' dir='ltr'><strong>ὑπὸ</strong></span> <span class='ocrx_word' id='word_1_514' title='bbox 3319 3168 3481 3234; x_wconf 62' lang='grc' dir='ltr'>ζυγθιν</span> <span class='ocrx_word' id='word_1_515' title='bbox 3508 3170 3751 3236; x_wconf 75' lang='grc' dir='ltr'>δουλείας</span> <span class='ocrx_word' id='word_1_516' title='bbox 3774 3183 3801 3212; x_wconf 76' lang='grc' dir='ltr'>ι</span> 
     </span>
    </p>
   </div>
   <div class='ocr_carea' id='block_1_63' title="bbox 2233 3259 2523 3327">
    <p class='ocr_par' dir='ltr' id='par_1_63' title="bbox 2233 3259 2523 3327">
     <span class='ocr_line' id='line_1_63' title="bbox 2233 3259 2523 3327; baseline -0.003 -15"><span class='ocrx_word' id='word_1_517' title='bbox 2233 3259 2481 3327; x_wconf 85' lang='grc' dir='ltr'>κείμενος</span> <span class='ocrx_word' id='word_1_518' title='bbox 2508 3277 2523 3320; x_wconf 87' lang='lat'><strong>;</strong></span> 
     </span>
    </p>
   </div>
   <div class='ocr_carea' id='block_1_64' title="bbox 553 3351 3810 3426">
    <p class='ocr_par' dir='ltr' id='par_1_64' title="bbox 553 3351 3810 3426">
     <span class='ocr_line' id='line_1_64' title="bbox 553 3351 3810 3426; baseline 0.001 -15"><span class='ocrx_word' id='word_1_519' title='bbox 553 3371 707 3413; x_wconf 88' lang='lat' dir='ltr'><strong>more</strong></span> <span class='ocrx_word' id='word_1_520' title='bbox 766 3373 833 3411; x_wconf 83' lang='lat' dir='ltr'><strong>ex</strong></span> <span class='ocrx_word' id='word_1_521' title='bbox 877 3356 1105 3410; x_wconf 87' lang='lat' dir='ltr'><strong>muliere</strong></span> <span class='ocrx_word' id='word_1_522' title='bbox 1175 3365 1473 3426; x_wconf 85' lang='lat' dir='ltr'><strong>prognatus</strong></span> <span class='ocrx_word' id='word_1_523' title='bbox 1513 3354 1634 3409; x_wconf 75' lang='lat' dir='ltr'><strong>est?</strong></span> <span class='ocrx_word' id='word_1_524' title='bbox 1675 3353 1750 3406; x_wconf 80' lang='lat' dir='ltr'><strong>Ex</strong></span> <span class='ocrx_word' id='word_1_525' title='bbox 1793 3369 1930 3421; x_wconf 87' lang='lat' dir='ltr'><strong>qua,</strong></span> <span class='ocrx_word' id='word_1_526' title='bbox 1976 3367 2195 3420; x_wconf 82' lang='lat' dir='ltr'><strong>quaeso,</strong></span> <span class='ocrx_word' id='word_1_527' title='bbox 2234 3351 2551 3417; x_wconf 87' lang='lat' dir='ltr'><strong>eminentia,</strong></span> <span class='ocrx_word' id='word_1_528' title='bbox 2594 3369 2715 3423; x_wconf 70' lang='lat' dir='ltr'><strong>quae</strong></span> <span class='ocrx_word' id='word_1_529' title='bbox 2758 3369 3104 3411; x_wconf 89' lang='lat' dir='ltr'><strong>communem</strong></span> <span class='ocrx_word' id='word_1_530' title='bbox 3139 3355 3376 3412; x_wconf 87' lang='lat' dir='ltr'><strong>hominis</strong></span> <span class='ocrx_word' id='word_1_531' title='bbox 3415 3366 3664 3412; x_wconf 87' lang='lat' dir='ltr'><strong>naturam</strong></span> <span class='ocrx_word' id='word_1_532' title='bbox 3710 3372 3810 3413; x_wconf 77' lang='lat' dir='ltr'><strong>ex-</strong></span> 
     </span>
    </p>
   </div>
   <div class='ocr_carea' id='block_1_65' title="bbox 552 3430 3809 3520">
    <p class='ocr_par' dir='ltr' id='par_1_65' title="bbox 552 3430 3809 3520">
     <span class='ocr_line' id='line_1_65' title="bbox 552 3430 3809 3520; baseline -0 -11"><span class='ocrx_word' id='word_1_533' title='bbox 552 3452 793 3517; x_wconf 82' lang='lat' dir='ltr'><strong>celleret,</strong></span> <span class='ocrx_word' id='word_1_534' title='bbox 820 3460 880 3507; x_wconf 93' lang='lat' dir='ltr'><strong>ut</strong></span> <span class='ocrx_word' id='word_1_535' title='bbox 913 3451 1077 3507; x_wconf 90' lang='lat' dir='ltr'><strong>homo</strong></span> <span class='ocrx_word' id='word_1_536' title='bbox 1108 3451 1281 3516; x_wconf 86' lang='lat' dir='ltr'><strong>ﬂeret,</strong></span> <span class='ocrx_word' id='word_1_537' title='bbox 1315 3467 1434 3507; x_wconf 89' lang='lat' dir='ltr'><strong>sese</strong></span> <span class='ocrx_word' id='word_1_538' title='bbox 1462 3449 1715 3504; x_wconf 79' lang='lat' dir='ltr'><strong>demisit?</strong></span> <span class='ocrx_word' id='word_1_539' title='bbox 1774 3449 1882 3502; x_wconf 82' lang='lat' dir='ltr'><strong>Aut</strong></span> <span class='ocrx_word' id='word_1_540' title='bbox 1937 3464 2046 3517; x_wconf 89' lang='lat' dir='ltr'><strong>quo</strong></span> <span class='ocrx_word' id='word_1_541' title='bbox 2077 3430 2295 3502; x_wconf 84' lang='lat' dir='ltr'><strong>tandem</strong></span> <span class='ocrx_word' id='word_1_542' title='bbox 2321 3463 2484 3502; x_wconf 91' lang='lat' dir='ltr'><strong>sensu</strong></span> <span class='ocrx_word' id='word_1_543' title='bbox 2520 3447 2749 3503; x_wconf 80' lang='lat' dir='ltr'><strong>formam</strong></span> <span class='ocrx_word' id='word_1_544' title='bbox 2779 3450 2954 3516; x_wconf 86' lang='lat' dir='ltr'><strong>servi,</strong></span> <span class='ocrx_word' id='word_1_545' title='bbox 2982 3466 3144 3520; x_wconf 90' lang='lat' dir='ltr'><strong>quam</strong></span> <span class='ocrx_word' id='word_1_546' title='bbox 3191 3451 3348 3506; x_wconf 91' lang='lat' dir='ltr'><strong>initio</strong></span> <span class='ocrx_word' id='word_1_547' title='bbox 3374 3468 3484 3507; x_wconf 89' lang='lat' dir='ltr'><strong>non</strong></span> <span class='ocrx_word' id='word_1_548' title='bbox 3543 3450 3809 3519; x_wconf 83' lang='lat' dir='ltr'><strong>habebat,</strong></span> 
     </span>
    </p>
   </div>
   <div class='ocr_carea' id='block_1_66' title="bbox 555 3541 3586 3618">
    <p class='ocr_par' dir='ltr' id='par_1_66' title="bbox 555 3541 3586 3618">
     <span class='ocr_line' id='line_1_66' title="bbox 555 3541 3586 3618; baseline 0 -19"><span class='ocrx_word' id='word_1_549' title='bbox 555 3545 913 3615; x_wconf 88' lang='lat' dir='ltr'><strong>assumpsisse</strong></span> <span class='ocrx_word' id='word_1_550' title='bbox 935 3543 1280 3614; x_wconf 88' lang='lat' dir='ltr'><strong>perhibetur,</strong></span> <span class='ocrx_word' id='word_1_551' title='bbox 1312 3545 1406 3614; x_wconf 88' lang='lat' dir='ltr'><strong>qui</strong></span> <span class='ocrx_word' id='word_1_552' title='bbox 1435 3543 1736 3599; x_wconf 89' lang='lat' dir='ltr'><strong>secundum</strong></span> <span class='ocrx_word' id='word_1_553' title='bbox 1766 3553 2018 3598; x_wconf 87' lang='lat' dir='ltr'><strong>naturam</strong></span> <span class='ocrx_word' id='word_1_554' title='bbox 2045 3544 2187 3596; x_wconf 88' lang='lat' dir='ltr'><strong>inter</strong></span> <span class='ocrx_word' id='word_1_555' title='bbox 2211 3541 2443 3597; x_wconf 74' lang='lat' dir='ltr'><strong>{amulos</strong></span> <span class='ocrx_word' id='word_1_556' title='bbox 2465 3543 2718 3609; x_wconf 89' lang='lat' dir='ltr'><strong>habetur,</strong></span> <span class='ocrx_word' id='word_1_557' title='bbox 2747 3553 2803 3598; x_wconf 92' lang='lat' dir='ltr'><strong>et</strong></span> <span class='ocrx_word' id='word_1_558' title='bbox 2830 3545 3109 3600; x_wconf 82' lang='lat' dir='ltr'><strong>servitutis</strong></span> <span class='ocrx_word' id='word_1_559' title='bbox 3129 3547 3260 3618; x_wconf 79' lang='lat' dir='ltr'><strong>jugo</strong></span> <span class='ocrx_word' id='word_1_560' title='bbox 3281 3547 3586 3616; x_wconf 85' lang='lat' dir='ltr'><strong>premitur?</strong></span> 
     </span>
    </p>
   </div>
   <div class='ocr_carea' id='block_1_67' title="bbox 624 3639 2196 3711">
    <p class='ocr_par' dir='ltr' id='par_1_67' title="bbox 624 3639 2196 3711">
     <span class='ocr_line' id='line_1_67' title="bbox 624 3639 2196 3711; baseline -0.004 -15"><span class='ocrx_word' id='word_1_561' title='bbox 624 3639 977 3711; x_wconf 78' lang='lat' dir='ltr'><strong>Respondent</strong></span> <span class='ocrx_word' id='word_1_562' title='bbox 1018 3640 1172 3694; x_wconf 89' lang='lat' dir='ltr'><strong>illum</strong></span> <span class='ocrx_word' id='word_1_563' title='bbox 1220 3639 1314 3710; x_wconf 92' lang='lat' dir='ltr'><strong>qui</strong></span> <span class='ocrx_word' id='word_1_564' title='bbox 1361 3648 1556 3694; x_wconf 90' lang='lat' dir='ltr'><strong>natura</strong></span> <span class='ocrx_word' id='word_1_565' title='bbox 1601 3655 1666 3693; x_wconf 90' lang='lat' dir='ltr'><strong>ac</strong></span> <span class='ocrx_word' id='word_1_566' title='bbox 1700 3655 1828 3693; x_wconf 84' lang='lat' dir='ltr'><strong>vere</strong></span> <span class='ocrx_word' id='word_1_567' title='bbox 1861 3639 2031 3692; x_wconf 81' lang='lat' dir='ltr'><strong>Filius</strong></span> <span class='ocrx_word' id='word_1_568' title='bbox 2072 3645 2127 3691; x_wconf 89' lang='lat' dir='ltr'><strong>et</strong></span> <span class='ocrx_word' id='word_1_569' title='bbox 2154 3642 2196 3698; x_wconf 88' lang='lat' dir='ltr'>C</span> 
     </span>
    </p>
   </div>
   <div class='ocr_carea' id='block_1_68' title="bbox 549 3729 2130 3801">
    <p class='ocr_par' dir='ltr' id='par_1_68' title="bbox 549 3729 2130 3801">
     <span class='ocr_line' id='line_1_68' title="bbox 549 3729 2130 3801; baseline -0.005 -13"><span class='ocrx_word' id='word_1_570' title='bbox 549 3733 708 3799; x_wconf 87' lang='lat' dir='ltr'><strong>liber,</strong></span> <span class='ocrx_word' id='word_1_571' title='bbox 732 3740 788 3787; x_wconf 90' lang='lat' dir='ltr'><strong>et</strong></span> <span class='ocrx_word' id='word_1_572' title='bbox 820 3732 996 3787; x_wconf 88' lang='lat' dir='ltr'><strong>Patris</strong></span> <span class='ocrx_word' id='word_1_573' title='bbox 1018 3731 1257 3786; x_wconf 79' lang='lat' dir='ltr'><strong>Verbum</strong></span> <span class='ocrx_word' id='word_1_574' title='bbox 1300 3737 1439 3794; x_wconf 88' lang='lat' dir='ltr'><strong>erat,</strong></span> <span class='ocrx_word' id='word_1_575' title='bbox 1474 3740 1530 3785; x_wconf 92' lang='lat' dir='ltr'><strong>et</strong></span> <span class='ocrx_word' id='word_1_576' title='bbox 1560 3729 1614 3783; x_wconf 90' lang='lat' dir='ltr'><strong>in</strong></span> <span class='ocrx_word' id='word_1_577' title='bbox 1655 3729 1919 3801; x_wconf 79' lang='lat' dir='ltr'><strong>genitoris</strong></span> <span class='ocrx_word' id='word_1_578' title='bbox 1957 3729 2130 3782; x_wconf 77' lang='lat' dir='ltr'><strong>forma</strong></span> 
     </span>
    </p>
   </div>
   <div class='ocr_carea' id='block_1_69' title="bbox 463 3820 2128 3900">
    <p class='ocr_par' dir='ltr' id='par_1_69' title="bbox 463 3820 2128 3900">
     <span class='ocr_line' id='line_1_69' title="bbox 463 3820 2128 3900; baseline -0.007 -17"><span class='ocrx_word' id='word_1_579' title='bbox 463 3855 466 3857; x_wconf 54' lang='grc' dir='ltr'><strong>λ</strong></span> <span class='ocrx_word' id='word_1_580' title='bbox 549 3825 881 3889; x_wconf 82' lang='lat' dir='ltr'><strong>exsistebat.</strong></span> <span class='ocrx_word' id='word_1_581' title='bbox 910 3840 977 3900; x_wconf 78' lang='lat' dir='ltr'><strong>ac</strong></span> <span class='ocrx_word' id='word_1_582' title='bbox 1009 3824 1060 3878; x_wconf 86' lang='lat' dir='ltr'><strong>ei</strong></span> <span class='ocrx_word' id='word_1_583' title='bbox 1107 3823 1333 3894; x_wconf 63' lang='lat' dir='ltr'><strong>aequalis</strong></span> <span class='ocrx_word' id='word_1_584' title='bbox 1376 3831 1525 3886; x_wconf 89' lang='lat' dir='ltr'><strong>erat,</strong></span> <span class='ocrx_word' id='word_1_585' title='bbox 1574 3822 1626 3876; x_wconf 92' lang='lat' dir='ltr'><strong>in</strong></span> <span class='ocrx_word' id='word_1_586' title='bbox 1664 3820 1918 3883; x_wconf 88' lang='lat' dir='ltr'><strong>homine,</strong></span> <span class='ocrx_word' id='word_1_587' title='bbox 1966 3834 2128 3888; x_wconf 90' lang='lat' dir='ltr'><strong>quem</strong></span> 
     </span>
    </p>
   </div>
   <div class='ocr_carea' id='block_1_70' title="bbox 549 3911 2130 3981">
    <p class='ocr_par' dir='ltr' id='par_1_70' title="bbox 549 3911 2130 3981">
     <span class='ocr_line' id='line_1_70' title="bbox 549 3911 2130 3981; baseline -0.006 -7"><span class='ocrx_word' id='word_1_588' title='bbox 549 3917 748 3974; x_wconf 77' lang='lat' dir='ltr'><strong>mulier</strong></span> <span class='ocrx_word' id='word_1_589' title='bbox 798 3917 852 3970; x_wconf 92' lang='lat' dir='ltr'><strong>in</strong></span> <span class='ocrx_word' id='word_1_590' title='bbox 897 3916 1076 3972; x_wconf 90' lang='lat' dir='ltr'><strong>lucem</strong></span> <span class='ocrx_word' id='word_1_591' title='bbox 1127 3914 1334 3978; x_wconf 90' lang='lat' dir='ltr'><strong>edidit,</strong></span> <span class='ocrx_word' id='word_1_592' title='bbox 1381 3913 1750 3979; x_wconf 87' lang='lat' dir='ltr'><strong>inhabitasse;</strong></span> <span class='ocrx_word' id='word_1_593' title='bbox 1812 3921 1976 3981; x_wconf 87' lang='lat' dir='ltr'><strong>atque</strong></span> <span class='ocrx_word' id='word_1_594' title='bbox 2022 3911 2130 3964; x_wconf 89' lang='lat' dir='ltr'><strong>huc</strong></span> 
     </span>
    </p>
   </div>
   <div class='ocr_carea' id='block_1_71' title="bbox 549 4003 2126 4078">
    <p class='ocr_par' dir='ltr' id='par_1_71' title="bbox 549 4003 2126 4078">
     <span class='ocr_line' id='line_1_71' title="bbox 549 4003 2126 4078; baseline -0.006 -12"><span class='ocrx_word' id='word_1_595' title='bbox 549 4009 773 4066; x_wconf 86' lang='lat' dir='ltr'><strong>tendere</strong></span> <span class='ocrx_word' id='word_1_596' title='bbox 801 4007 1068 4078; x_wconf 86' lang='lat' dir='ltr'><strong>quidquid</strong></span> <span class='ocrx_word' id='word_1_597' title='bbox 1091 4007 1159 4062; x_wconf 90' lang='lat' dir='ltr'><strong>de</strong></span> <span class='ocrx_word' id='word_1_598' title='bbox 1187 4004 1581 4068; x_wconf 85' lang='lat' dir='ltr'><strong>exinanitione,</strong></span> <span class='ocrx_word' id='word_1_599' title='bbox 1604 4005 1693 4059; x_wconf 78' lang='lat' dir='ltr'><strong>vel</strong></span> <span class='ocrx_word' id='word_1_600' title='bbox 1723 4003 2126 4064; x_wconf 85' lang='lat' dir='ltr'><strong>humiliatione,</strong></span> 
     </span>
    </p>
   </div>
   <div class='ocr_carea' id='block_1_72' title="bbox 549 4092 2127 4167">
    <p class='ocr_par' dir='ltr' id='par_1_72' title="bbox 549 4092 2127 4167">
     <span class='ocr_line' id='line_1_72' title="bbox 549 4092 2127 4167; baseline -0.004 -14"><span class='ocrx_word' id='word_1_601' title='bbox 549 4100 633 4155; x_wconf 88' lang='lat' dir='ltr'><strong>vel</strong></span> <span class='ocrx_word' id='word_1_602' title='bbox 657 4098 871 4154; x_wconf 87' lang='lat' dir='ltr'><strong>servilis</strong></span> <span class='ocrx_word' id='word_1_603' title='bbox 887 4098 1074 4153; x_wconf 76' lang='lat' dir='ltr'><strong>forma:</strong></span> <span class='ocrx_word' id='word_1_604' title='bbox 1093 4097 1468 4167; x_wconf 88' lang='lat' dir='ltr'><strong>assumptione</strong></span> <span class='ocrx_word' id='word_1_605' title='bbox 1493 4110 1722 4166; x_wconf 87' lang='lat' dir='ltr'><strong>usquam</strong></span> <span class='ocrx_word' id='word_1_606' title='bbox 1746 4094 1999 4148; x_wconf 89' lang='lat' dir='ltr'><strong>traditur.</strong></span> <span class='ocrx_word' id='word_1_607' title='bbox 2020 4092 2127 4148; x_wconf 86' lang='lat' dir='ltr'><strong>Sed</strong></span> 
     </span>
    </p>
   </div>
   <div class='ocr_carea' id='block_1_73' title="bbox 551 4185 2125 4261">
    <p class='ocr_par' dir='ltr' id='par_1_73' title="bbox 551 4185 2125 4261">
     <span class='ocr_line' id='line_1_73' title="bbox 551 4185 2125 4261; baseline -0.003 -17"><span class='ocrx_word' id='word_1_608' title='bbox 551 4191 688 4247; x_wconf 89' lang='lat' dir='ltr'><strong>heus</strong></span> <span class='ocrx_word' id='word_1_609' title='bbox 708 4200 786 4255; x_wconf 91' lang='lat' dir='ltr'><strong>tu,</strong></span> <span class='ocrx_word' id='word_1_610' title='bbox 813 4190 1065 4261; x_wconf 86' lang='lat' dir='ltr'><strong>quisquis</strong></span> <span class='ocrx_word' id='word_1_611' title='bbox 1088 4206 1168 4254; x_wconf 91' lang='lat' dir='ltr'><strong>es,</strong></span> <span class='ocrx_word' id='word_1_612' title='bbox 1190 4205 1385 4246; x_wconf 88' lang='lat' dir='ltr'><strong>eamne</strong></span> <span class='ocrx_word' id='word_1_613' title='bbox 1417 4197 1534 4243; x_wconf 88' lang='lat' dir='ltr'><strong>tute</strong></span> <span class='ocrx_word' id='word_1_614' title='bbox 1564 4188 1734 4242; x_wconf 86' lang='lat' dir='ltr'><strong>solam</strong></span> <span class='ocrx_word' id='word_1_615' title='bbox 1766 4187 1937 4242; x_wconf 87' lang='lat' dir='ltr'><strong>divini</strong></span> <span class='ocrx_word' id='word_1_616' title='bbox 1958 4185 2125 4241; x_wconf 70' lang='lat' dir='ltr'><strong>Verbi</strong></span> 
     </span>
    </p>
   </div>
   <div class='ocr_carea' id='block_1_74' title="bbox 550 4278 2129 4346">
    <p class='ocr_par' dir='ltr' id='par_1_74' title="bbox 550 4278 2129 4346">
     <span class='ocr_line' id='line_1_74' title="bbox 550 4278 2129 4346; baseline -0.004 -10"><span class='ocrx_word' id='word_1_617' title='bbox 550 4283 607 4336; x_wconf 89' lang='lat' dir='ltr'><strong>in</strong></span> <span class='ocrx_word' id='word_1_618' title='bbox 627 4281 848 4337; x_wconf 89' lang='lat' dir='ltr'><strong>homine</strong></span> <span class='ocrx_word' id='word_1_619' title='bbox 876 4282 1358 4346; x_wconf 87' lang='lat' dir='ltr'><strong>inhabitationem,</strong></span> <span class='ocrx_word' id='word_1_620' title='bbox 1384 4280 1454 4340; x_wconf 85' lang='lat' dir='ltr'><strong>ad</strong></span> <span class='ocrx_word' id='word_1_621' title='bbox 1489 4279 1832 4335; x_wconf 87' lang='lat' dir='ltr'><strong>statuendam</strong></span> <span class='ocrx_word' id='word_1_622' title='bbox 1863 4278 2010 4333; x_wconf 83' lang='lat' dir='ltr'><strong>illam</strong></span> <span class='ocrx_word' id='word_1_623' title='bbox 2036 4294 2129 4331; x_wconf 70' lang='lat' dir='ltr'><strong>ex-</strong></span> 
     </span>
    </p>
   </div>
   <div class='ocr_carea' id='block_1_75' title="bbox 547 4369 2128 4440">
    <p class='ocr_par' dir='ltr' id='par_1_75' title="bbox 547 4369 2128 4440">
     <span class='ocr_line' id='line_1_75' title="bbox 547 4369 2128 4440; baseline -0.005 -11"><span class='ocrx_word' id='word_1_624' title='bbox 547 4374 903 4429; x_wconf 87' lang='lat' dir='ltr'><strong>inanitionem</strong></span> <span class='ocrx_word' id='word_1_625' title='bbox 929 4382 1013 4429; x_wconf 87' lang='lat' dir='ltr'><strong>sat</strong></span> <span class='ocrx_word' id='word_1_626' title='bbox 1033 4389 1151 4430; x_wconf 86' lang='lat' dir='ltr'><strong>esse</strong></span> <span class='ocrx_word' id='word_1_627' title='bbox 1174 4372 1492 4429; x_wconf 83' lang='lat' dir='ltr'><strong>existimas?</strong></span> <span class='ocrx_word' id='word_1_628' title='bbox 1511 4370 1767 4440; x_wconf 81' lang='lat' dir='ltr'><strong>Nihilque</strong></span> <span class='ocrx_word' id='word_1_629' title='bbox 1793 4371 1968 4424; x_wconf 88' lang='lat' dir='ltr'><strong>inesse</strong></span> <span class='ocrx_word' id='word_1_630' title='bbox 1984 4369 2128 4439; x_wconf 68' lang='lat' dir='ltr'><strong>peri-</strong></span> 
     </span>
    </p>
   </div>
   <div class='ocr_carea' id='block_1_76' title="bbox 548 4459 2124 4527">
    <p class='ocr_par' dir='ltr' id='par_1_76' title="bbox 548 4459 2124 4527">
     <span class='ocr_line' id='line_1_76' title="bbox 548 4459 2124 4527; baseline -0.003 -9"><span class='ocrx_word' id='word_1_631' title='bbox 548 4463 655 4518; x_wconf 89' lang='lat' dir='ltr'><strong>culi</strong></span> <span class='ocrx_word' id='word_1_632' title='bbox 677 4463 984 4527; x_wconf 87' lang='lat' dir='ltr'><strong>arbitraris,</strong></span> <span class='ocrx_word' id='word_1_633' title='bbox 1012 4463 1057 4517; x_wconf 89' lang='lat' dir='ltr'><strong>si</strong></span> <span class='ocrx_word' id='word_1_634' title='bbox 1086 4479 1195 4518; x_wconf 91' lang='lat' dir='ltr'><strong>una</strong></span> <span class='ocrx_word' id='word_1_635' title='bbox 1223 4463 1325 4518; x_wconf 91' lang='lat' dir='ltr'><strong>hac</strong></span> <span class='ocrx_word' id='word_1_636' title='bbox 1357 4461 1568 4515; x_wconf 89' lang='lat' dir='ltr'><strong>ratione</strong></span> <span class='ocrx_word' id='word_1_637' title='bbox 1594 4459 1836 4515; x_wconf 78' lang='lat' dir='ltr'><strong>Verbum</strong></span> <span class='ocrx_word' id='word_1_638' title='bbox 1869 4459 2124 4514; x_wconf 84' lang='lat' dir='ltr'><strong>servilem</strong></span> 
     </span>
    </p>
   </div>
   <div class='ocr_carea' id='block_1_77' title="bbox 545 4550 2123 4623">
    <p class='ocr_par' dir='ltr' id='par_1_77' title="bbox 545 4550 2123 4623">
     <span class='ocr_line' id='line_1_77' title="bbox 545 4550 2123 4623; baseline -0.004 -15"><span class='ocrx_word' id='word_1_639' title='bbox 545 4555 776 4610; x_wconf 81' lang='lat' dir='ltr'><strong>formam</strong></span> <span class='ocrx_word' id='word_1_640' title='bbox 811 4555 1135 4623; x_wconf 87' lang='lat' dir='ltr'><strong>suscepisse,</strong></span> <span class='ocrx_word' id='word_1_641' title='bbox 1163 4555 1435 4623; x_wconf 87' lang='lat' dir='ltr'><strong>talemque</strong></span> <span class='ocrx_word' id='word_1_642' title='bbox 1473 4551 1870 4607; x_wconf 88' lang='lat' dir='ltr'><strong>humiliationis</strong></span> <span class='ocrx_word' id='word_1_643' title='bbox 1903 4550 2123 4605; x_wconf 90' lang='lat' dir='ltr'><strong>modum</strong></span> 
     </span>
    </p>
   </div>
   <div class='ocr_carea' id='block_1_78' title="bbox 548 4643 2123 4715">
    <p class='ocr_par' dir='ltr' id='par_1_78' title="bbox 548 4643 2123 4715">
     <span class='ocr_line' id='line_1_78' title="bbox 548 4643 2123 4715; baseline -0.003 -17"><span class='ocrx_word' id='word_1_644' title='bbox 548 4645 835 4714; x_wconf 88' lang='lat' dir='ltr'><strong>pertulisse</strong></span> <span class='ocrx_word' id='word_1_645' title='bbox 875 4645 1177 4698; x_wconf 87' lang='lat' dir='ltr'><strong>statuatur?</strong></span> <span class='ocrx_word' id='word_1_646' title='bbox 1218 4643 1380 4715; x_wconf 82' lang='lat' dir='ltr'><strong>Atqui</strong></span> <span class='ocrx_word' id='word_1_647' title='bbox 1416 4643 1705 4697; x_wconf 89' lang='lat' dir='ltr'><strong>Dominum</strong></span> <span class='ocrx_word' id='word_1_648' title='bbox 1737 4649 1955 4696; x_wconf 89' lang='lat' dir='ltr'><strong>sanctos</strong></span> <span class='ocrx_word' id='word_1_649' title='bbox 1991 4654 2123 4710; x_wconf 82' lang='lat' dir='ltr'><strong>apo-</strong></span> 
     </span>
    </p>
   </div>
   <div class='ocr_carea' id='block_1_79' title="bbox 545 4731 2127 4805">
    <p class='ocr_par' dir='ltr' id='par_1_79' title="bbox 545 4731 2127 4805">
     <span class='ocr_line' id='line_1_79' title="bbox 545 4731 2127 4805; baseline -0.004 -13"><span class='ocrx_word' id='word_1_650' title='bbox 545 4737 715 4793; x_wconf 82' lang='lat' dir='ltr'><strong>stolos</strong></span> <span class='ocrx_word' id='word_1_651' title='bbox 741 4737 842 4794; x_wconf 91' lang='lat' dir='ltr'><strong>hac</strong></span> <span class='ocrx_word' id='word_1_652' title='bbox 869 4735 1118 4791; x_wconf 89' lang='lat' dir='ltr'><strong>oratione</strong></span> <span class='ocrx_word' id='word_1_653' title='bbox 1156 4735 1572 4805; x_wconf 88' lang='lat' dir='ltr'><strong>compellantem</strong></span> <span class='ocrx_word' id='word_1_654' title='bbox 1606 4733 1770 4788; x_wconf 90' lang='lat' dir='ltr'><strong>audio</strong></span> <span class='ocrx_word' id='word_1_655' title='bbox 1805 4751 1816 4786; x_wconf 91' lang='lat'><strong>:</strong></span> <span class='ocrx_word' id='word_1_656' title='bbox 1853 4752 1870 4783; x_wconf 87' lang='grc'><strong>‹</strong></span> <span class='ocrx_word' id='word_1_657' title='bbox 1916 4732 1972 4787; x_wconf 86' lang='lat' dir='ltr'><strong>Si</strong></span> <span class='ocrx_word' id='word_1_658' title='bbox 2003 4731 2127 4802; x_wconf 89' lang='lat' dir='ltr'><strong>quis</strong></span> 
     </span>
    </p>
   </div>
   <div class='ocr_carea' id='block_1_80' title="bbox 546 4828 2126 4900">
    <p class='ocr_par' dir='ltr' id='par_1_80' title="bbox 546 4828 2126 4900">
     <span class='ocr_line' id='line_1_80' title="bbox 546 4828 2126 4900; baseline 0.001 -17"><span class='ocrx_word' id='word_1_659' title='bbox 546 4829 724 4900; x_wconf 75' lang='lat' dir='ltr'><strong>diligit</strong></span> <span class='ocrx_word' id='word_1_660' title='bbox 744 4844 852 4892; x_wconf 86' lang='lat' dir='ltr'><strong>me.</strong></span> <span class='ocrx_word' id='word_1_661' title='bbox 875 4843 1182 4885; x_wconf 83' lang='lat' dir='ltr'><strong>sermonem</strong></span> <span class='ocrx_word' id='word_1_662' title='bbox 1208 4845 1391 4884; x_wconf 88' lang='lat' dir='ltr'><strong>meum</strong></span> <span class='ocrx_word' id='word_1_663' title='bbox 1417 4829 1687 4895; x_wconf 86' lang='lat' dir='ltr'><strong>servabit;</strong></span> <span class='ocrx_word' id='word_1_664' title='bbox 1711 4839 1766 4883; x_wconf 90' lang='lat' dir='ltr'><strong>et</strong></span> <span class='ocrx_word' id='word_1_665' title='bbox 1788 4828 1947 4883; x_wconf 86' lang='lat' dir='ltr'><strong>Pater</strong></span> <span class='ocrx_word' id='word_1_666' title='bbox 1970 4844 2126 4884; x_wconf 89' lang='lat' dir='ltr'><strong>meus</strong></span> 
     </span>
    </p>
   </div>
   <div class='ocr_carea' id='block_1_81' title="bbox 545 4915 2121 4990">
    <p class='ocr_par' dir='ltr' id='par_1_81' title="bbox 545 4915 2121 4990">
     <span class='ocr_line' id='line_1_81' title="bbox 545 4915 2121 4990; baseline -0.002 -17"><span class='ocrx_word' id='word_1_667' title='bbox 545 4917 732 4990; x_wconf 77' lang='lat' dir='ltr'><strong>diliget</strong></span> <span class='ocrx_word' id='word_1_668' title='bbox 769 4934 926 4985; x_wconf 90' lang='lat' dir='ltr'><strong>eum;</strong></span> <span class='ocrx_word' id='word_1_669' title='bbox 962 4927 1016 4972; x_wconf 91' lang='lat' dir='ltr'><strong>et</strong></span> <span class='ocrx_word' id='word_1_670' title='bbox 1049 4919 1117 4972; x_wconf 91' lang='lat' dir='ltr'><strong>ad</strong></span> <span class='ocrx_word' id='word_1_671' title='bbox 1160 4933 1287 4972; x_wconf 91' lang='lat' dir='ltr'><strong>eum</strong></span> <span class='ocrx_word' id='word_1_672' title='bbox 1324 4918 1641 4983; x_wconf 88' lang='lat' dir='ltr'><strong>veniemus,</strong></span> <span class='ocrx_word' id='word_1_673' title='bbox 1682 4925 1740 4972; x_wconf 88' lang='lat' dir='ltr'><strong>et</strong></span> <span class='ocrx_word' id='word_1_674' title='bbox 1784 4915 2121 4970; x_wconf 85' lang='lat' dir='ltr'><strong>mansionem</strong></span> 
     </span>
    </p>
   </div>
   <div class='ocr_carea' id='block_1_82' title="bbox 2313 3637 3809 3709">
    <p class='ocr_par' dir='ltr' id='par_1_82' title="bbox 2313 3637 3809 3709">
     <span class='ocr_line' id='line_1_82' title="bbox 2313 3637 3809 3709; baseline 0.003 -19"><span class='ocrx_word' id='word_1_675' title='bbox 2313 3637 2472 3691; x_wconf 83' lang='grc' dir='ltr'>Ἀλλὰ</span> <span class='ocrx_word' id='word_1_676' title='bbox 2503 3639 2592 3692; x_wconf 89' lang='grc' dir='ltr'>ναί</span> <span class='ocrx_word' id='word_1_677' title='bbox 2627 3656 2812 3708; x_wconf 80' lang='grc' dir='ltr'>φασιν,</span> <span class='ocrx_word' id='word_1_678' title='bbox 2841 3641 2869 3692; x_wconf 83' lang='grc' dir='ltr'><strong>ό</strong></span> <span class='ocrx_word' id='word_1_679' title='bbox 2895 3639 3053 3709; x_wconf 71' lang='grc' dir='ltr'>φύσει</span> <span class='ocrx_word' id='word_1_680' title='bbox 3079 3657 3138 3692; x_wconf 90' lang='grc' dir='ltr'><strong>τε</strong></span> <span class='ocrx_word' id='word_1_681' title='bbox 3165 3641 3259 3693; x_wconf 72' lang='grc' dir='ltr'>καὶ</span> <span class='ocrx_word' id='word_1_682' title='bbox 3286 3640 3500 3708; x_wconf 84' lang='grc' dir='ltr'>ἀληθῶς</span> <span class='ocrx_word' id='word_1_683' title='bbox 3529 3641 3622 3694; x_wconf 65' lang='grc' dir='ltr'>καὶ</span> <span class='ocrx_word' id='word_1_684' title='bbox 3657 3641 3809 3695; x_wconf 63' lang='lat' dir='ltr'><strong>urs-</strong></span> 
     </span>
    </p>
   </div>
   <div class='ocr_carea' id='block_1_83' title="bbox 2234 3726 3806 3803">
    <p class='ocr_par' dir='ltr' id='par_1_83' title="bbox 2234 3726 3806 3803">
     <span class='ocr_line' id='line_1_83' title="bbox 2234 3726 3806 3803; baseline 0.005 -24"><span class='ocrx_word' id='word_1_685' title='bbox 2234 3726 2392 3796; x_wconf 85' lang='grc' dir='ltr'>θερος</span> <span class='ocrx_word' id='word_1_686' title='bbox 2427 3727 2572 3792; x_wconf 73' lang='grc' dir='ltr'>Υἱὸς,</span> <span class='ocrx_word' id='word_1_687' title='bbox 2614 3729 2643 3780; x_wconf 85' lang='grc' dir='ltr'><strong>ό</strong></span> <span class='ocrx_word' id='word_1_688' title='bbox 2673 3729 2738 3782; x_wconf 81' lang='grc' dir='ltr'>ἐκ</span> <span class='ocrx_word' id='word_1_689' title='bbox 2765 3728 2900 3782; x_wconf 82' lang='grc' dir='ltr'>Θεοῦ</span> <span class='ocrx_word' id='word_1_690' title='bbox 2946 3729 3159 3801; x_wconf 84' lang='grc' dir='ltr'>Πατρὸς</span> <span class='ocrx_word' id='word_1_691' title='bbox 3199 3730 3374 3799; x_wconf 80' lang='grc' dir='ltr'>Λόγος</span> <span class='ocrx_word' id='word_1_692' title='bbox 3404 3731 3462 3784; x_wconf 77' lang='grc' dir='ltr'>ὲν</span> <span class='ocrx_word' id='word_1_693' title='bbox 3494 3735 3674 3803; x_wconf 67' lang='grc' dir='ltr'>μορφῇ</span> <span class='ocrx_word' id='word_1_694' title='bbox 3709 3733 3806 3787; x_wconf 74' lang='grc' dir='ltr'><strong>τοῦ</strong></span> 
     </span>
    </p>
   </div>
   <div class='ocr_carea' id='block_1_84' title="bbox 2232 3820 3808 3895">
    <p class='ocr_par' dir='ltr' id='par_1_84' title="bbox 2232 3820 3808 3895">
     <span class='ocr_line' id='line_1_84' title="bbox 2232 3820 3808 3895; baseline 0.004 -23"><span class='ocrx_word' id='word_1_695' title='bbox 2232 3821 2620 3890; x_wconf 77' lang='grc' dir='ltr'><strong>γεγεννηκότος</strong></span> <span class='ocrx_word' id='word_1_696' title='bbox 2646 3821 2908 3891; x_wconf 77' lang='grc' dir='ltr'>ὑπᾶρχων</span> <span class='ocrx_word' id='word_1_697' title='bbox 2931 3859 2946 3884; x_wconf 94' lang='grc'><strong>,</strong></span> <span class='ocrx_word' id='word_1_698' title='bbox 2979 3821 3075 3875; x_wconf 72' lang='grc' dir='ltr'>καὶ</span> <span class='ocrx_word' id='word_1_699' title='bbox 3109 3821 3223 3885; x_wconf 80' lang='grc' dir='ltr'>ἶσος</span> <span class='ocrx_word' id='word_1_700' title='bbox 3244 3820 3320 3876; x_wconf 84' lang='grc' dir='ltr'>ὢν</span> <span class='ocrx_word' id='word_1_701' title='bbox 3344 3823 3516 3892; x_wconf 81' lang='grc' dir='ltr'>αὐτῷ,</span> <span class='ocrx_word' id='word_1_702' title='bbox 3553 3821 3808 3895; x_wconf 78' lang='grc' dir='ltr'>κατῴκη-</span> 
     </span>
    </p>
   </div>
   <div class='ocr_carea' id='block_1_85' title="bbox 2233 3909 3804 3982">
    <p class='ocr_par' dir='ltr' id='par_1_85' title="bbox 2233 3909 3804 3982">
     <span class='ocr_line' id='line_1_85' title="bbox 2233 3909 3804 3982; baseline 0.003 -20"><span class='ocrx_word' id='word_1_703' title='bbox 2233 3926 2326 3962; x_wconf 91' lang='grc' dir='ltr'><strong>κεν</strong></span> <span class='ocrx_word' id='word_1_704' title='bbox 2349 3910 2406 3963; x_wconf 77' lang='grc' dir='ltr'>ὲν</span> <span class='ocrx_word' id='word_1_705' title='bbox 2428 3909 2702 3981; x_wconf 75' lang='grc' dir='ltr'>ἀνθρώπῳ</span> <span class='ocrx_word' id='word_1_706' title='bbox 2729 3911 3046 3982; x_wconf 75' lang='grc' dir='ltr'>γεννηθέντι</span> <span class='ocrx_word' id='word_1_707' title='bbox 3074 3911 3162 3965; x_wconf 73' lang='grc' dir='ltr'><strong>διὰ</strong></span> <span class='ocrx_word' id='word_1_708' title='bbox 3194 3915 3452 3981; x_wconf 81' lang='grc' dir='ltr'>γυναικός</span> <span class='ocrx_word' id='word_1_709' title='bbox 3472 3928 3484 3942; x_wconf 88' lang='grc'><strong>·</strong></span> <span class='ocrx_word' id='word_1_710' title='bbox 3521 3913 3612 3966; x_wconf 74' lang='grc' dir='ltr'>καὶ</span> <span class='ocrx_word' id='word_1_711' title='bbox 3643 3913 3804 3968; x_wconf 77' lang='grc' dir='ltr'>τοῦτό</span> 
     </span>
    </p>
   </div>
   <div class='ocr_carea' id='block_1_86' title="bbox 2230 4000 3808 4075">
    <p class='ocr_par' dir='ltr' id='par_1_86' title="bbox 2230 4000 3808 4075">
     <span class='ocr_line' id='line_1_86' title="bbox 2230 4000 3808 4075; baseline 0.005 -24"><span class='ocrx_word' id='word_1_712' title='bbox 2230 4000 2374 4054; x_wconf 72' lang='grc' dir='ltr'>ἐστιν</span> <span class='ocrx_word' id='word_1_713' title='bbox 2399 4001 2432 4070; x_wconf 88' lang='grc' dir='ltr'><strong>ἡ</strong></span> <span class='ocrx_word' id='word_1_714' title='bbox 2454 4002 2706 4067; x_wconf 80' lang='grc' dir='ltr'>κένωσις,</span> <span class='ocrx_word' id='word_1_715' title='bbox 2739 4003 2831 4054; x_wconf 80' lang='grc' dir='ltr'>καὶ</span> <span class='ocrx_word' id='word_1_716' title='bbox 2862 4003 2922 4055; x_wconf 75' lang='grc' dir='ltr'><strong>τὸ</strong></span> <span class='ocrx_word' id='word_1_717' title='bbox 2943 4002 3043 4072; x_wconf 80' lang='grc' dir='ltr'>τῆς</span> <span class='ocrx_word' id='word_1_718' title='bbox 3070 4002 3458 4067; x_wconf 82' lang='grc' dir='ltr'>ταπεινώσεως</span> <span class='ocrx_word' id='word_1_719' title='bbox 3481 4004 3689 4075; x_wconf 75' lang='grc' dir='ltr'>χρῆμα,</span> <span class='ocrx_word' id='word_1_720' title='bbox 3712 4003 3808 4059; x_wconf 73' lang='grc' dir='ltr'>καὶ</span> 
     </span>
    </p>
   </div>
   <div class='ocr_carea' id='block_1_87' title="bbox 2228 4085 3810 4164">
    <p class='ocr_par' dir='ltr' id='par_1_87' title="bbox 2228 4085 3810 4164">
     <span class='ocr_line' id='line_1_87' title="bbox 2228 4085 3810 4164; baseline 0.006 -25"><span class='ocrx_word' id='word_1_721' title='bbox 2228 4088 2289 4141; x_wconf 71' lang='grc' dir='ltr'>τὸ</span> <span class='ocrx_word' id='word_1_722' title='bbox 2317 4089 2375 4142; x_wconf 83' lang='grc' dir='ltr'>ὲν</span> <span class='ocrx_word' id='word_1_723' title='bbox 2411 4092 2476 4160; x_wconf 76' lang='grc' dir='ltr'><strong>τῇ</strong></span> <span class='ocrx_word' id='word_1_724' title='bbox 2520 4089 2614 4143; x_wconf 76' lang='grc' dir='ltr'>τοῦ</span> <span class='ocrx_word' id='word_1_725' title='bbox 2640 4089 2826 4143; x_wconf 76' lang='grc' dir='ltr'>δούλου</span> <span class='ocrx_word' id='word_1_726' title='bbox 2865 4091 3241 4146; x_wconf 78' lang='grc' dir='ltr'>καθικνεῖσθαι</span> <span class='ocrx_word' id='word_1_727' title='bbox 3281 4092 3311 4131; x_wconf 73' lang='grc' dir='ltr'>δ</span> <span class='ocrx_word' id='word_1_728' title='bbox 3348 4095 3549 4164; x_wconf 79' lang='grc' dir='ltr'>μορφῇ.</span> <span class='ocrx_word' id='word_1_729' title='bbox 3579 4088 3730 4158; x_wconf 77' lang='grc' dir='ltr'>Εἶτα,</span> <span class='ocrx_word' id='word_1_730' title='bbox 3760 4085 3810 4148; x_wconf 76' lang='grc' dir='ltr'>ὦ</span> 
     </span>
    </p>
   </div>
   <div class='ocr_carea' id='block_1_88' title="bbox 2231 4168 3808 4257">
    <p class='ocr_par' dir='ltr' id='par_1_88' title="bbox 2231 4168 3808 4257">
     <span class='ocr_line' id='line_1_88' title="bbox 2231 4168 3808 4257; baseline 0.007 -26"><span class='ocrx_word' id='word_1_731' title='bbox 2231 4179 2516 4249; x_wconf 85' lang='grc' dir='ltr'>βέλτιστοι,</span> <span class='ocrx_word' id='word_1_732' title='bbox 2551 4183 2613 4234; x_wconf 77' lang='grc' dir='ltr'>τὸ</span> <span class='ocrx_word' id='word_1_733' title='bbox 2645 4168 2968 4252; x_wconf 75' lang='grc' dir='ltr'>κατοικῆσαι</span> <span class='ocrx_word' id='word_1_734' title='bbox 3019 4184 3179 4253; x_wconf 88' lang='grc' dir='ltr'>μόνον</span> <span class='ocrx_word' id='word_1_735' title='bbox 3215 4186 3271 4237; x_wconf 83' lang='grc' dir='ltr'>ὲν</span> <span class='ocrx_word' id='word_1_736' title='bbox 3307 4184 3584 4257; x_wconf 82' lang='grc' dir='ltr'>ἀνθρώπῳ</span> <span class='ocrx_word' id='word_1_737' title='bbox 3611 4187 3703 4240; x_wconf 83' lang='grc' dir='ltr'>τὸν</span> <span class='ocrx_word' id='word_1_738' title='bbox 3739 4187 3808 4242; x_wconf 67' lang='grc' dir='ltr'>ἐκ</span> 
     </span>
    </p>
   </div>
   <div class='ocr_carea' id='block_1_89' title="bbox 2228 4270 3807 4347">
    <p class='ocr_par' dir='ltr' id='par_1_89' title="bbox 2228 4270 3807 4347">
     <span class='ocr_line' id='line_1_89' title="bbox 2228 4270 3807 4347; baseline 0.008 -25"><span class='ocrx_word' id='word_1_739' title='bbox 2228 4270 2362 4324; x_wconf 74' lang='grc' dir='ltr'>Θεοῦ</span> <span class='ocrx_word' id='word_1_740' title='bbox 2377 4271 2550 4340; x_wconf 82' lang='grc' dir='ltr'>Λόγον</span> <span class='ocrx_word' id='word_1_741' title='bbox 2580 4272 2866 4342; x_wconf 84' lang='grc' dir='ltr'>ἀρκέσειεν</span> <span class='ocrx_word' id='word_1_742' title='bbox 2902 4273 2968 4327; x_wconf 80' lang='grc' dir='ltr'>ἂν</span> <span class='ocrx_word' id='word_1_743' title='bbox 3002 4275 3080 4338; x_wconf 82' lang='grc' dir='ltr'>εἰς</span> <span class='ocrx_word' id='word_1_744' title='bbox 3111 4274 3340 4329; x_wconf 80' lang='grc' dir='ltr'>κένωσιν</span> <span class='ocrx_word' id='word_1_745' title='bbox 3381 4276 3564 4347; x_wconf 86' lang='grc' dir='ltr'><strong>αὑτῷ;</strong></span> <span class='ocrx_word' id='word_1_746' title='bbox 3598 4279 3692 4332; x_wconf 64' lang='grc' dir='ltr'><strong>καλ⁵</strong></span> <span class='ocrx_word' id='word_1_747' title='bbox 3717 4278 3807 4333; x_wconf 78' lang='grc' dir='ltr'>ἀσ-</span> 
     </span>
    </p>
   </div>
   <div class='ocr_carea' id='block_1_90' title="bbox 2230 4363 3808 4442">
    <p class='ocr_par' dir='ltr' id='par_1_90' title="bbox 2230 4363 3808 4442">
     <span class='ocr_line' id='line_1_90' title="bbox 2230 4363 3808 4442; baseline 0.006 -26"><span class='ocrx_word' id='word_1_748' title='bbox 2230 4363 2396 4432; x_wconf 66' lang='grc' dir='ltr'>φαλὲς</span> <span class='ocrx_word' id='word_1_749' title='bbox 2428 4365 2602 4417; x_wconf 82' lang='grc' dir='ltr'>εἰπεῖν</span> <span class='ocrx_word' id='word_1_750' title='bbox 2629 4365 2710 4418; x_wconf 85' lang='grc' dir='ltr'>ὅτι</span> <span class='ocrx_word' id='word_1_751' title='bbox 2735 4383 2793 4418; x_wconf 88' lang='grc' dir='ltr'><strong>τε</strong></span> <span class='ocrx_word' id='word_1_752' title='bbox 2823 4365 2994 4429; x_wconf 77' lang='grc' dir='ltr'>οὕτως</span> <span class='ocrx_word' id='word_1_753' title='bbox 3021 4367 3185 4421; x_wconf 81' lang='grc' dir='ltr'>ὑπέδυ</span> <span class='ocrx_word' id='word_1_754' title='bbox 3212 4367 3310 4439; x_wconf 80' lang='grc' dir='ltr'><strong>τὴν</strong></span> <span class='ocrx_word' id='word_1_755' title='bbox 3342 4367 3437 4422; x_wconf 82' lang='grc' dir='ltr'><strong>τοῦ</strong></span> <span class='ocrx_word' id='word_1_756' title='bbox 3461 4369 3644 4424; x_wconf 78' lang='grc' dir='ltr'>δούλου</span> <span class='ocrx_word' id='word_1_757' title='bbox 3674 4387 3808 4442; x_wconf 87' lang='grc' dir='ltr'>μορ-</span> 
     </span>
    </p>
   </div>
   <div class='ocr_carea' id='block_1_91' title="bbox 2229 4455 3806 4529">
    <p class='ocr_par' dir='ltr' id='par_1_91' title="bbox 2229 4455 3806 4529">
     <span class='ocr_line' id='line_1_91' title="bbox 2229 4455 3806 4529; baseline 0.004 -23"><span class='ocrx_word' id='word_1_758' title='bbox 2229 4455 2355 4526; x_wconf 68' lang='grc' dir='ltr'>φὴν,</span> <span class='ocrx_word' id='word_1_759' title='bbox 2399 4456 2492 4508; x_wconf 75' lang='grc' dir='ltr'>καὶ</span> <span class='ocrx_word' id='word_1_760' title='bbox 2524 4455 2694 4519; x_wconf 78' lang='grc' dir='ltr'>οὕτως</span> <span class='ocrx_word' id='word_1_761' title='bbox 2727 4455 2877 4527; x_wconf 75' lang='grc' dir='ltr'><strong>αὐτῷ</strong></span> <span class='ocrx_word' id='word_1_762' title='bbox 2920 4458 3115 4524; x_wconf 78' lang='grc' dir='ltr'>γένοιτ’</span> <span class='ocrx_word' id='word_1_763' title='bbox 3150 4459 3216 4512; x_wconf 77' lang='grc' dir='ltr'>ἂν</span> <span class='ocrx_word' id='word_1_764' title='bbox 3243 4460 3271 4512; x_wconf 85' lang='grc' dir='ltr'><strong>ό</strong></span> <span class='ocrx_word' id='word_1_765' title='bbox 3295 4458 3396 4529; x_wconf 82' lang='grc' dir='ltr'>τῆς</span> <span class='ocrx_word' id='word_1_766' title='bbox 3420 4459 3806 4526; x_wconf 83' lang='grc' dir='ltr'>ταπεινώσεως</span> 
     </span>
    </p>
   </div>
   <div class='ocr_carea' id='block_1_92' title="bbox 2226 4546 3804 4620">
    <p class='ocr_par' dir='ltr' id='par_1_92' title="bbox 2226 4546 3804 4620">
     <span class='ocr_line' id='line_1_92' title="bbox 2226 4546 3804 4620; baseline 0.004 -22"><span class='ocrx_word' id='word_1_767' title='bbox 2226 4546 2454 4616; x_wconf 82' lang='grc' dir='ltr'>τρόπος,</span> <span class='ocrx_word' id='word_1_768' title='bbox 2485 4547 2661 4600; x_wconf 81' lang='grc' dir='ltr'>καίτοι</span> <span class='ocrx_word' id='word_1_769' title='bbox 2685 4546 2955 4615; x_wconf 81' lang='grc' dir='ltr'>λέγοντος,</span> <span class='ocrx_word' id='word_1_770' title='bbox 2999 4551 3073 4611; x_wconf 82' lang='grc' dir='ltr'>ὡς</span> <span class='ocrx_word' id='word_1_771' title='bbox 3104 4550 3311 4612; x_wconf 83' lang='grc' dir='ltr'>ἀκούω,</span> <span class='ocrx_word' id='word_1_772' title='bbox 3332 4553 3445 4614; x_wconf 86' lang='grc' dir='ltr'>τοῖς</span> <span class='ocrx_word' id='word_1_773' title='bbox 3469 4551 3645 4620; x_wconf 76' lang='grc' dir='ltr'>ἁγίοις</span> <span class='ocrx_word' id='word_1_774' title='bbox 3669 4552 3804 4604; x_wconf 85' lang='grc' dir='ltr'>ἀπο-</span> 
     </span>
    </p>
   </div>
   <div class='ocr_carea' id='block_1_93' title="bbox 2229 4641 3806 4714">
    <p class='ocr_par' dir='ltr' id='par_1_93' title="bbox 2229 4641 3806 4714">
     <span class='ocr_line' id='line_1_93' title="bbox 2229 4641 3806 4714; baseline 0.001 -20"><span class='ocrx_word' id='word_1_775' title='bbox 2229 4641 2451 4706; x_wconf 68' lang='grc' dir='ltr'>στόλοις</span> <span class='ocrx_word' id='word_1_776' title='bbox 2483 4661 2502 4691; x_wconf 74' lang='grc' dir='ltr'><strong>ι</strong></span> <span class='ocrx_word' id='word_1_777' title='bbox 2551 4641 2675 4695; x_wconf 84' lang='grc' dir='ltr'>Ἐάν</span> <span class='ocrx_word' id='word_1_778' title='bbox 2705 4659 2787 4706; x_wconf 90' lang='grc' dir='ltr'><strong>τις</strong></span> <span class='ocrx_word' id='word_1_779' title='bbox 2814 4644 3000 4713; x_wconf 77' lang='grc' dir='ltr'>ἀγαπᾷ</span> <span class='ocrx_word' id='word_1_780' title='bbox 3029 4659 3116 4713; x_wconf 86' lang='grc' dir='ltr'><strong>με,</strong></span> <span class='ocrx_word' id='word_1_781' title='bbox 3145 4642 3235 4696; x_wconf 79' lang='grc' dir='ltr'>τὸν</span> <span class='ocrx_word' id='word_1_782' title='bbox 3254 4641 3409 4711; x_wconf 86' lang='grc' dir='ltr'>λόγον</span> <span class='ocrx_word' id='word_1_783' title='bbox 3433 4660 3533 4713; x_wconf 86' lang='grc' dir='ltr'><strong>μου</strong></span> <span class='ocrx_word' id='word_1_784' title='bbox 3554 4643 3806 4714; x_wconf 73' lang='grc' dir='ltr'>τηρήσει,</span> 
     </span>
    </p>
   </div>
   <div class='ocr_carea' id='block_1_94' title="bbox 2227 4734 3808 4806">
    <p class='ocr_par' dir='ltr' id='par_1_94' title="bbox 2227 4734 3808 4806">
     <span class='ocr_line' id='line_1_94' title="bbox 2227 4734 3808 4806; baseline 0 -19"><span class='ocrx_word' id='word_1_785' title='bbox 2227 4734 2322 4787; x_wconf 77' lang='grc' dir='ltr'>καὶ</span> <span class='ocrx_word' id='word_1_786' title='bbox 2354 4736 2382 4787; x_wconf 82' lang='grc' dir='ltr'><em>ὁ</em></span> <span class='ocrx_word' id='word_1_787' title='bbox 2424 4734 2617 4806; x_wconf 80' lang='grc' dir='ltr'>Πατήρ</span> <span class='ocrx_word' id='word_1_788' title='bbox 2668 4751 2770 4803; x_wconf 89' lang='grc' dir='ltr'><strong>μου</strong></span> <span class='ocrx_word' id='word_1_789' title='bbox 2812 4735 3089 4805; x_wconf 75' lang='grc' dir='ltr'>ἀγαπήσει</span> <span class='ocrx_word' id='word_1_790' title='bbox 3124 4734 3306 4800; x_wconf 81' lang='grc' dir='ltr'>αὐτὸν,</span> <span class='ocrx_word' id='word_1_791' title='bbox 3358 4735 3613 4806; x_wconf 72' lang='grc' dir='ltr'>καὶπρὸς</span> <span class='ocrx_word' id='word_1_792' title='bbox 3642 4735 3808 4788; x_wconf 71' lang='grc' dir='ltr'>αὐτὸν</span> 
     </span>
    </p>
   </div>
   <div class='ocr_carea' id='block_1_95' title="bbox 2225 4824 3801 4897">
    <p class='ocr_par' dir='ltr' id='par_1_95' title="bbox 2225 4824 3801 4897">
     <span class='ocr_line' id='line_1_95' title="bbox 2225 4824 3801 4897; baseline 0 -21"><span class='ocrx_word' id='word_1_793' title='bbox 2225 4824 2580 4895; x_wconf 81' lang='grc' dir='ltr'>ἐλευσόμεθα,</span> <span class='ocrx_word' id='word_1_794' title='bbox 2638 4824 2733 4878; x_wconf 74' lang='grc' dir='ltr'>καὶ</span> <span class='ocrx_word' id='word_1_795' title='bbox 2779 4825 2946 4896; x_wconf 84' lang='grc' dir='ltr'>μονὴν</span> <span class='ocrx_word' id='word_1_796' title='bbox 2994 4828 3123 4897; x_wconf 80' lang='grc' dir='ltr'>παρ’</span> <span class='ocrx_word' id='word_1_797' title='bbox 3164 4825 3314 4896; x_wconf 82' lang='grc' dir='ltr'><strong>αὐτῷ</strong></span> <span class='ocrx_word' id='word_1_798' title='bbox 3363 4827 3723 4897; x_wconf 78' lang='grc' dir='ltr'>ποιησόμεθα.</span> <span class='ocrx_word' id='word_1_799' title='bbox 3783 4845 3801 4876; x_wconf 75' lang='grc' dir='ltr'><strong>ι</strong></span> 
     </span>
    </p>
   </div>
   <div class='ocr_carea' id='block_1_96' title="bbox 2241 4916 3806 4987">
    <p class='ocr_par' dir='ltr' id='par_1_96' title="bbox 2241 4916 3806 4987">
     <span class='ocr_line' id='line_1_96' title="bbox 2241 4916 3806 4987; baseline -0.001 -17"><span class='ocrx_word' id='word_1_800' title='bbox 2241 4916 2504 4980; x_wconf 75' lang='grc' dir='ltr'>Ἀκούεις,</span> <span class='ocrx_word' id='word_1_801' title='bbox 2531 4918 2678 4980; x_wconf 83' lang='grc' dir='ltr'>ὅπως</span> <span class='ocrx_word' id='word_1_802' title='bbox 2709 4919 2766 4970; x_wconf 80' lang='grc' dir='ltr'>ἐν</span> <span class='ocrx_word' id='word_1_803' title='bbox 2799 4920 2911 4981; x_wconf 85' lang='grc' dir='ltr'>τοῖς</span> <span class='ocrx_word' id='word_1_804' title='bbox 2941 4919 3230 4987; x_wconf 83' lang='grc' dir='ltr'>ἀγαπῶσιν</span> <span class='ocrx_word' id='word_1_805' title='bbox 3261 4918 3424 4972; x_wconf 76' lang='grc' dir='ltr'>αὑτὸν</span> <span class='ocrx_word' id='word_1_806' title='bbox 3451 4926 3806 4986; x_wconf 75' lang='grc' dir='ltr'>συγκατοικήο</span> 
     </span>
    </p>
   </div>
   <div class='ocr_carea' id='block_1_97' title="bbox 544 5006 2135 5082">
    <p class='ocr_par' dir='ltr' id='par_1_97' title="bbox 544 5007 2120 5080">
     <span class='ocr_line' id='line_1_97' title="bbox 544 5007 2120 5080; baseline -0.003 -16"><span class='ocrx_word' id='word_1_807' title='bbox 544 5008 687 5080; x_wconf 85' lang='lat' dir='ltr'><strong>apud</strong></span> <span class='ocrx_word' id='word_1_808' title='bbox 721 5025 850 5065; x_wconf 90' lang='lat' dir='ltr'><strong>eum</strong></span> <span class='ocrx_word' id='word_1_809' title='bbox 875 5008 1137 5066; x_wconf 79' lang='lat' dir='ltr'><strong>faciemus</strong></span> <span class='ocrx_word' id='word_1_810' title='bbox 1160 5011 1226 5063; x_wconf 76' lang='grc' dir='ltr'><strong>³ο.</strong></span> <span class='ocrx_word' id='word_1_811' title='bbox 1262 5029 1279 5060; x_wconf 80' lang='grc' dir='ltr'><strong>ι</strong></span> <span class='ocrx_word' id='word_1_812' title='bbox 1313 5009 1504 5074; x_wconf 85' lang='lat' dir='ltr'><strong>Audis,</strong></span> <span class='ocrx_word' id='word_1_813' title='bbox 1537 5023 1648 5080; x_wconf 90' lang='lat' dir='ltr'><strong>quo</strong></span> <span class='ocrx_word' id='word_1_814' title='bbox 1673 5018 1830 5079; x_wconf 84' lang='lat' dir='ltr'><strong>pacto</strong></span> <span class='ocrx_word' id='word_1_815' title='bbox 1860 5015 1916 5062; x_wconf 90' lang='lat' dir='ltr'><strong>ct</strong></span> <span class='ocrx_word' id='word_1_816' title='bbox 1943 5007 2120 5078; x_wconf 89' lang='lat' dir='ltr'><strong>ipsum</strong></span> 
     </span>
    </p>
   </div>
   <div class='ocr_carea' id='block_1_98' title="bbox 2235 5006 3805 5082">
    <p class='ocr_par' dir='ltr' id='par_1_98' title="bbox 2235 5006 3805 5082">
     <span class='ocr_line' id='line_1_98' title="bbox 2235 5006 3805 5082; baseline 0.002 -22"><span class='ocrx_word' id='word_1_817' title='bbox 2235 5025 2345 5060; x_wconf 84' lang='grc' dir='ltr'>σειν</span> <span class='ocrx_word' id='word_1_818' title='bbox 2375 5006 2522 5078; x_wconf 68' lang='grc' dir='ltr'>αὐτῷ</span> <span class='ocrx_word' id='word_1_819' title='bbox 2552 5009 2644 5062; x_wconf 72' lang='grc' dir='ltr'><strong>καὶ</strong></span> <span class='ocrx_word' id='word_1_820' title='bbox 2673 5010 2835 5062; x_wconf 68' lang='grc' dir='ltr'>αὐτὸν</span> <span class='ocrx_word' id='word_1_821' title='bbox 2855 5009 2958 5080; x_wconf 75' lang='grc' dir='ltr'><strong>ἔφη</strong></span> <span class='ocrx_word' id='word_1_822' title='bbox 2987 5011 3076 5064; x_wconf 78' lang='grc' dir='ltr'>τὸν</span> <span class='ocrx_word' id='word_1_823' title='bbox 3107 5010 3240 5064; x_wconf 78' lang='grc' dir='ltr'>θεὸν</span> <span class='ocrx_word' id='word_1_824' title='bbox 3278 5011 3373 5064; x_wconf 75' lang='grc' dir='ltr'>καὶ</span> <span class='ocrx_word' id='word_1_825' title='bbox 3403 5012 3652 5082; x_wconf 64' lang='grc' dir='ltr'><strong>Ι⁷Ιατέρα;</strong></span> <span class='ocrx_word' id='word_1_826' title='bbox 3677 5007 3805 5082; x_wconf 64' lang='grc' dir='ltr'><strong>Ἃρ*</strong></span> 
     </span>
    </p>
   </div>
   <div class='ocr_carea' id='block_1_99' title="bbox 543 5101 2122 5172">
    <p class='ocr_par' dir='ltr' id='par_1_99' title="bbox 543 5101 2122 5172">
     <span class='ocr_line' id='line_1_99' title="bbox 543 5101 2122 5172; baseline -0.001 -17"><span class='ocrx_word' id='word_1_827' title='bbox 543 5117 762 5172; x_wconf 89' lang='lat' dir='ltr'><strong>quoque</strong></span> <span class='ocrx_word' id='word_1_828' title='bbox 801 5101 1018 5158; x_wconf 86' lang='lat' dir='ltr'><strong>Patrem</strong></span> <span class='ocrx_word' id='word_1_829' title='bbox 1065 5117 1172 5156; x_wconf 89' lang='lat' dir='ltr'><strong>una</strong></span> <span class='ocrx_word' id='word_1_830' title='bbox 1209 5117 1333 5156; x_wconf 91' lang='lat' dir='ltr'><strong>cum</strong></span> <span class='ocrx_word' id='word_1_831' title='bbox 1378 5101 1496 5172; x_wconf 86' lang='lat' dir='ltr'><strong>ipso</strong></span> <span class='ocrx_word' id='word_1_832' title='bbox 1535 5101 1643 5154; x_wconf 88' lang='lat' dir='ltr'><strong>illis</strong></span> <span class='ocrx_word' id='word_1_833' title='bbox 1687 5101 2122 5156; x_wconf 88' lang='lat' dir='ltr'><strong>inhabitaturum</strong></span> 
     </span>
    </p>
   </div>
   <div class='ocr_carea' id='block_1_100' title="bbox 543 5193 2121 5266">
    <p class='ocr_par' dir='ltr' id='par_1_100' title="bbox 543 5193 2121 5266">
     <span class='ocr_line' id='line_1_100' title="bbox 543 5193 2121 5266; baseline -0.001 -18"><span class='ocrx_word' id='word_1_834' title='bbox 543 5193 828 5265; x_wconf 83' lang='lat' dir='ltr'><strong>spondeat,</strong></span> <span class='ocrx_word' id='word_1_835' title='bbox 846 5195 940 5265; x_wconf 89' lang='lat' dir='ltr'><strong>qui</strong></span> <span class='ocrx_word' id='word_1_836' title='bbox 960 5193 1138 5265; x_wconf 90' lang='lat' dir='ltr'><strong>ipsum</strong></span> <span class='ocrx_word' id='word_1_837' title='bbox 1160 5194 1430 5266; x_wconf 81' lang='lat' dir='ltr'><strong>diligunt?</strong></span> <span class='ocrx_word' id='word_1_838' title='bbox 1451 5193 1726 5263; x_wconf 75' lang='lat' dir='ltr'><strong>Numquid</strong></span> <span class='ocrx_word' id='word_1_839' title='bbox 1747 5209 1878 5264; x_wconf 78' lang='lat' dir='ltr'><strong>ergo</strong></span> <span class='ocrx_word' id='word_1_840' title='bbox 1897 5202 1951 5248; x_wconf 91' lang='lat' dir='ltr'><strong>et</strong></span> <span class='ocrx_word' id='word_1_841' title='bbox 1969 5193 2121 5247; x_wconf 91' lang='lat' dir='ltr'><strong>illum</strong></span> 
     </span>
    </p>
   </div>
   <div class='ocr_carea' id='block_1_101' title="bbox 544 5287 2126 5360">
    <p class='ocr_par' dir='ltr' id='par_1_101' title="bbox 544 5287 2126 5360">
     <span class='ocr_line' id='line_1_101' title="bbox 544 5287 2126 5360; baseline -0.002 -18"><span class='ocrx_word' id='word_1_842' title='bbox 544 5287 722 5360; x_wconf 77' lang='lat' dir='ltr'><strong>ipsum</strong></span> <span class='ocrx_word' id='word_1_843' title='bbox 760 5303 999 5359; x_wconf 89' lang='lat' dir='ltr'><strong>quoque.</strong></span> <span class='ocrx_word' id='word_1_844' title='bbox 1028 5297 1317 5359; x_wconf 87' lang='lat' dir='ltr'><strong>propterea</strong></span> <span class='ocrx_word' id='word_1_845' title='bbox 1352 5288 1497 5359; x_wconf 87' lang='lat' dir='ltr'><strong>quod</strong></span> <span class='ocrx_word' id='word_1_846' title='bbox 1533 5287 1649 5358; x_wconf 85' lang='lat' dir='ltr'><strong>pias</strong></span> <span class='ocrx_word' id='word_1_847' title='bbox 1675 5287 1974 5342; x_wconf 85' lang='lat' dir='ltr'><strong>amicorum</strong></span> <span class='ocrx_word' id='word_1_848' title='bbox 1999 5300 2126 5339; x_wconf 90' lang='lat' dir='ltr'><strong>suo-</strong></span> 
     </span>
    </p>
   </div>
   <div class='ocr_carea' id='block_1_102' title="bbox 545 5377 2121 5442">
    <p class='ocr_par' dir='ltr' id='par_1_102' title="bbox 545 5377 2121 5442">
     <span class='ocr_line' id='line_1_102' title="bbox 545 5377 2121 5442; baseline -0.002 -7"><span class='ocrx_word' id='word_1_849' title='bbox 545 5393 666 5435; x_wconf 85' lang='lat' dir='ltr'><strong>rum</strong></span> <span class='ocrx_word' id='word_1_850' title='bbox 689 5378 899 5434; x_wconf 86' lang='lat' dir='ltr'><strong>animas</strong></span> <span class='ocrx_word' id='word_1_851' title='bbox 922 5379 1080 5435; x_wconf 83' lang='lat' dir='ltr'><strong>sedes</strong></span> <span class='ocrx_word' id='word_1_852' title='bbox 1106 5379 1212 5435; x_wconf 90' lang='lat' dir='ltr'><strong>sibi</strong></span> <span class='ocrx_word' id='word_1_853' title='bbox 1237 5379 1553 5442; x_wconf 87' lang='lat' dir='ltr'><strong>constituat,</strong></span> <span class='ocrx_word' id='word_1_854' title='bbox 1580 5380 1944 5442; x_wconf 76' lang='lat' dir='ltr'><strong>exinanitum,</strong></span> <span class='ocrx_word' id='word_1_855' title='bbox 1966 5377 2121 5434; x_wconf 85' lang='lat' dir='ltr'><strong>simi-</strong></span> 
     </span>
    </p>
   </div>
   <div class='ocr_carea' id='block_1_103' title="bbox 614 5518 1705 5592">
    <p class='ocr_par' dir='ltr' id='par_1_103' title="bbox 614 5518 1705 5592">
     <span class='ocr_line' id='line_1_103' title="bbox 614 5518 1705 5592; baseline 0 -20"><span class='ocrx_word' id='word_1_856' title='bbox 614 5519 657 5550; x_wconf 83' lang='lat'><strong>”</strong></span> <span class='ocrx_word' id='word_1_857' title='bbox 680 5518 920 5592; x_wconf 82' lang='lat' dir='ltr'><strong>Philipp.</strong></span> <span class='ocrx_word' id='word_1_858' title='bbox 944 5535 1006 5586; x_wconf 81' lang='grc' dir='ltr'>η,</span> <span class='ocrx_word' id='word_1_859' title='bbox 1036 5519 1136 5576; x_wconf 80' lang='lat'><strong>6-8</strong></span> <span class='ocrx_word' id='word_1_860' title='bbox 1208 5520 1252 5553; x_wconf 80' lang='grc'>³⁸</span> <span class='ocrx_word' id='word_1_861' title='bbox 1282 5520 1436 5576; x_wconf 81' lang='lat' dir='ltr'><strong>Joan.</strong></span> <span class='ocrx_word' id='word_1_862' title='bbox 1473 5537 1584 5587; x_wconf 76' lang='lat' dir='ltr'><strong>nv,</strong></span> <span class='ocrx_word' id='word_1_863' title='bbox 1617 5520 1705 5574; x_wconf 71' lang='lat'><strong>23.</strong></span> 
     </span>
    </p>
   </div>
   <div class='ocr_carea' id='block_1_104' title="bbox 2227 5096 3806 5174">
    <p class='ocr_par' dir='ltr' id='par_1_104' title="bbox 2227 5096 3806 5174">
     <span class='ocr_line' id='line_1_104' title="bbox 2227 5096 3806 5174; baseline 0.001 -21"><span class='ocrx_word' id='word_1_864' title='bbox 2227 5096 2318 5153; x_wconf 74' lang='grc' dir='ltr'><strong>οὖν</strong></span> <span class='ocrx_word' id='word_1_865' title='bbox 2351 5101 2445 5153; x_wconf 76' lang='grc' dir='ltr'>καὶ</span> <span class='ocrx_word' id='word_1_866' title='bbox 2483 5101 2642 5154; x_wconf 69' lang='grc' dir='ltr'>αὐτὸν</span> <span class='ocrx_word' id='word_1_867' title='bbox 2681 5102 3015 5155; x_wconf 77' lang='grc' dir='ltr'>κεκενῶσθαι</span> <span class='ocrx_word' id='word_1_868' title='bbox 3052 5103 3324 5174; x_wconf 84' lang='grc' dir='ltr'>δώσομεν,</span> <span class='ocrx_word' id='word_1_869' title='bbox 3354 5105 3448 5158; x_wconf 72' lang='grc' dir='ltr'>καὶ</span> <span class='ocrx_word' id='word_1_870' title='bbox 3479 5104 3573 5174; x_wconf 72' lang='grc' dir='ltr'>τὴν</span> <span class='ocrx_word' id='word_1_871' title='bbox 3615 5104 3806 5162; x_wconf 58' lang='lat' dir='ltr'><strong>suam</strong></span> 
     </span>
    </p>
   </div>
   <div class='ocr_carea' id='block_1_105' title="bbox 2227 5191 3806 5266">
    <p class='ocr_par' dir='ltr' id='par_1_105' title="bbox 2227 5191 3806 5266">
     <span class='ocr_line' id='line_1_105' title="bbox 2227 5191 3806 5266; baseline 0.003 -21"><span class='ocrx_word' id='word_1_872' title='bbox 2227 5191 2520 5260; x_wconf 74' lang='grc' dir='ltr'>ἀνατλῆναι</span> <span class='ocrx_word' id='word_1_873' title='bbox 2565 5193 2793 5244; x_wconf 84' lang='grc' dir='ltr'>κένωσιν</span> <span class='ocrx_word' id='word_1_874' title='bbox 2836 5204 2859 5231; x_wconf 72' lang='grc' dir='ltr'><strong>ε</strong></span> <span class='ocrx_word' id='word_1_875' title='bbox 2911 5193 2990 5264; x_wconf 80' lang='grc' dir='ltr'><strong>τῷ</strong></span> <span class='ocrx_word' id='word_1_876' title='bbox 3039 5193 3183 5265; x_wconf 80' lang='grc' dir='ltr'>Υῖῷ,</span> <span class='ocrx_word' id='word_1_877' title='bbox 3217 5196 3310 5251; x_wconf 76' lang='grc' dir='ltr'>καὶ</span> <span class='ocrx_word' id='word_1_878' title='bbox 3339 5196 3438 5266; x_wconf 76' lang='grc' dir='ltr'>τὴν</span> <span class='ocrx_word' id='word_1_879' title='bbox 3472 5195 3567 5247; x_wconf 72' lang='grc' dir='ltr'><strong>τοῦ</strong></span> <span class='ocrx_word' id='word_1_880' title='bbox 3617 5195 3806 5250; x_wconf 67' lang='grc' dir='ltr'>δούλου</span> 
     </span>
    </p>
   </div>
   <div class='ocr_carea' id='block_1_106' title="bbox 2231 5281 3810 5353">
    <p class='ocr_par' dir='ltr' id='par_1_106' title="bbox 2231 5281 3810 5353">
     <span class='ocr_line' id='line_1_106' title="bbox 2231 5281 3810 5353; baseline 0.005 -19"><span class='ocrx_word' id='word_1_881' title='bbox 2231 5282 2445 5352; x_wconf 63' lang='grc' dir='ltr'>μορφὴν</span> <span class='ocrx_word' id='word_1_882' title='bbox 2479 5281 2793 5345; x_wconf 87' lang='grc' dir='ltr'>ἀναλαϐεῖν,</span> <span class='ocrx_word' id='word_1_883' title='bbox 2839 5283 2920 5337; x_wconf 81' lang='grc' dir='ltr'>ὅτι</span> <span class='ocrx_word' id='word_1_884' title='bbox 2959 5285 3058 5347; x_wconf 79' lang='grc' dir='ltr'>τὰς</span> <span class='ocrx_word' id='word_1_885' title='bbox 3091 5284 3200 5338; x_wconf 79' lang='grc' dir='ltr'>τῶν</span> <span class='ocrx_word' id='word_1_886' title='bbox 3248 5284 3590 5353; x_wconf 80' lang='grc' dir='ltr'>ἀγαπώντων</span> <span class='ocrx_word' id='word_1_887' title='bbox 3639 5285 3810 5343; x_wconf 64' lang='grc' dir='ltr'>αὐτὸν</span> 
     </span>
    </p>
   </div>
   <div class='ocr_carea' id='block_1_107' title="bbox 2228 5374 3810 5447">
    <p class='ocr_par' dir='ltr' id='par_1_107' title="bbox 2228 5374 3810 5447">
     <span class='ocr_line' id='line_1_107' title="bbox 2228 5374 3810 5447; baseline 0.003 -18"><span class='ocrx_word' id='word_1_888' title='bbox 2228 5375 2404 5446; x_wconf 63' lang='grc' dir='ltr'>ψυχὰς</span> <span class='ocrx_word' id='word_1_889' title='bbox 2445 5376 2606 5444; x_wconf 80' lang='grc' dir='ltr'>ἁγίας</span> <span class='ocrx_word' id='word_1_890' title='bbox 2643 5380 2876 5430; x_wconf 83' lang='grc' dir='ltr'>ποιεῖται</span> <span class='ocrx_word' id='word_1_891' title='bbox 2926 5378 3090 5447; x_wconf 71' lang='grc' dir='ltr'>μονὰς</span> <span class='ocrx_word' id='word_1_892' title='bbox 3134 5377 3308 5442; x_wconf 54' lang='lat' dir='ltr'><strong>idin:</strong></span> <span class='ocrx_word' id='word_1_893' title='bbox 3354 5377 3418 5431; x_wconf 79' lang='grc' dir='ltr'><strong>Τί</strong></span> <span class='ocrx_word' id='word_1_894' title='bbox 3451 5377 3510 5433; x_wconf 79' lang='grc' dir='ltr'><strong>δι</strong></span> <span class='ocrx_word' id='word_1_895' title='bbox 3543 5375 3606 5433; x_wconf 75' lang='grc' dir='ltr'>τὸ</span> <span class='ocrx_word' id='word_1_896' title='bbox 3647 5374 3810 5446; x_wconf 61' lang='grc' dir='ltr'>ἅγιον</span> 
     </span>
    </p>
   </div>
   <div class='ocr_carea' id='block_1_108' title="bbox 1625 5636 2701 5708">
    <p class='ocr_par' dir='ltr' id='par_1_108' title="bbox 1625 5636 2701 5708">
     <span class='ocr_line' id='line_1_108' title="bbox 1625 5636 2701 5708; baseline -0.005 -16"><span class='ocrx_word' id='word_1_897' title='bbox 1625 5637 1791 5694; x_wconf 71' lang='lat' dir='ltr'><strong>\arire</strong></span> <span class='ocrx_word' id='word_1_898' title='bbox 1814 5640 2076 5693; x_wconf 65' lang='lat' dir='ltr'><strong>lvi-tiones</strong></span> <span class='ocrx_word' id='word_1_899' title='bbox 2103 5637 2309 5692; x_wconf 72' lang='lat' dir='ltr'><strong>codicis</strong></span> <span class='ocrx_word' id='word_1_900' title='bbox 2337 5636 2701 5708; x_wconf 69' lang='lat' dir='ltr'><strong>Seguieriaur&#39;.</strong></span> 
     </span>
    </p>
   </div>
   <div class='ocr_carea' id='block_1_109' title="bbox 611 5751 2698 5820">
    <p class='ocr_par' dir='ltr' id='par_1_109' title="bbox 611 5751 2698 5820">
     <span class='ocr_line' id='line_1_109' title="bbox 611 5751 2698 5820; baseline -0 -15"><span class='ocrx_word' id='word_1_901' title='bbox 611 5759 639 5800; x_wconf 72' lang='grc'>7</span> <span class='ocrx_word' id='word_1_902' title='bbox 663 5753 706 5805; x_wconf 81' lang='grc' dir='ltr'>εἰ</span> <span class='ocrx_word' id='word_1_903' title='bbox 738 5751 856 5808; x_wconf 74' lang='grc' dir='ltr'>ιιέν.</span> <span class='ocrx_word' id='word_1_904' title='bbox 937 5765 956 5789; x_wconf 77' lang='grc'><strong><em>⁷</em></strong></span> <span class='ocrx_word' id='word_1_905' title='bbox 977 5753 1080 5811; x_wconf 65' lang='grc' dir='ltr'><strong>ἕξιν.</strong></span> <span class='ocrx_word' id='word_1_906' title='bbox 1153 5769 1172 5791; x_wconf 84' lang='grc'>³·</span> <span class='ocrx_word' id='word_1_907' title='bbox 1201 5756 1306 5809; x_wconf 72' lang='grc' dir='ltr'>ὑπὸ</span> <span class='ocrx_word' id='word_1_908' title='bbox 1342 5755 1493 5820; x_wconf 65' lang='grc' dir='ltr'>ζυγῶ</span> <span class='ocrx_word' id='word_1_909' title='bbox 1521 5754 1729 5810; x_wconf 67' lang='grc' dir='ltr'>δούλου.</span> <span class='ocrx_word' id='word_1_910' title='bbox 1813 5758 1836 5796; x_wconf 64' lang='grc' dir='ltr'><strong>ι’</strong></span> <span class='ocrx_word' id='word_1_911' title='bbox 1879 5755 2218 5810; x_wconf 67' lang='grc' dir='ltr'>καθικέσθαι.</span> <span class='ocrx_word' id='word_1_912' title='bbox 2298 5767 2319 5794; x_wconf 66' lang='grc' dir='ltr'><strong><em>τ</em></strong></span> <span class='ocrx_word' id='word_1_913' title='bbox 2352 5756 2698 5810; x_wconf 68' lang='grc' dir='ltr'>ταπείνωσιν.</span> 
     </span>
    </p>
   </div>
   <div class='ocr_carea' id='block_1_110' title="bbox 935 6015 954 6044">
    <p class='ocr_par' dir='ltr' id='par_1_110' title="bbox 935 6015 954 6044">
     <span class='ocr_line' id='line_1_110' title="bbox 935 6015 954 6044; baseline 0 0"><span class='ocrx_word' id='word_1_914' title='bbox 935 6015 954 6044; x_wconf 68' lang='grc'><strong>4</strong></span> 
     </span>
    </p>
   </div>
  </div>
