4116 6318
210 334 273 388 55
1674 332 2009 389 EPISTOLA
2049 333 2087 386 Ι.
3399 321 3469 378 '3”-

210 450 429 524 Πνεῦμα
476 453 541 505 τὸ
570 453 864 507 κατοικοῦν
900 456 958 507 ὲν
1001 458 1167 526 mihi;
1203 450 1350 526 Ἀρα
1384 455 1479 508 καὶ
1519 453 1649 506 αὐτὸ
1680 453 1777 522 τῆς

1905 452 2115 520 iterque
2142 467 2265 505 cum
2299 450 2436 505 Filio
2461 452 2757 520 dejectunt,
2788 463 2849 501 ac
2889 444 3074 500 servili
3106 445 3274 496 forma
3304 438 3468 493 indu-

207 544 676 617 ινανθρωπήσεως
722 548 1050 618 ἁπεπλήρον
1079 549 1176 619 τὴν
1212 548 1524 616 οἰκονομίαν
1546 586 1561 606 ,
1594 546 1659 615 ἣν
1695 544 1783 598 διὰ

208 635 365 705 μόνον
391 634 493 688 τοῦ
526 636 659 691 Υἰοῦ
694 636 1007 708 πεπρᾶχθαί
1039 654 1217 708 φαμεν
1247 637 1346 706 τῆς
1374 636 1590 690 πάντων
1620 636 1782 688 ἕνεκα

206 727 481 797 αυτηρξας
512 729 607 781 καὶ
640 728 821 799 ζωῆς;
850 730 1065 797 Ἄπαγε
1094 729 1194 800 τῆς
1224 728 1367 782 οὕτω
1406 727 1668 798 περιττῆς
1692 729 1784 780 καὶ

206 817 434 888 ἀνοήτου
472 820 755 883 παντελῶς
784 819 1199 879 είκαιοϐουλίας.

273 1058 866 1134 Τεταπείνωκείτοίνυν
892 1078 1081 1132 ἑαυτὸν
1108 1080 1136 1132 6
1164 1079 1219 1131 ὲν
1246 1079 1427 1148 μορφῇ
1459 1083 1552 1129 καὶ
1580 1076 1785 1145 ίσότητι

206 1171 297 1224 τοῦ
319 1170 463 1225 Θεοῦ
494 1173 591 1225 καὶ
622 1172 834 1242 [ἰατρος
854 1170 1112 1241 ὑπάρχων
1150 1168 1346 1236 Λόγος,
1376 1169 1466 1221 ὅτε
1488 1168 1784 1236 γενόμενος

211 1261 366 1331 σὰρξ,
390 1261 540 1313 καθά
555 1278 721 1330 φησιν
757 1262 1033 1331 Ἰωάννης,
1058 1261 1378 1330 γεγέννηται
1394 1260 1479 1313 διὰ
1506 1260 1782 1327 γυναικὸς,

208 1353 299 1408 καὶ
320 1353 580 1423 γέννησιν
608 1353 746 1424 ἔχων
774 1355 874 1424 τὴν
900 1356 964 1406 ὲκ
987 1353 1123 1407 Θεοῦ
1154 1352 1385 1423 Πατρὸς,
1421 1352 1515 1405 καὶ
1534 1352 1632 1420 τὴν
1664 1350 1784 1403 καθ’

207 1445 357 1514 ἡμᾶς
392 1446 657 1514 ὑπέμεινε
701 1446 895 1499 παθεῖν
933 1446 999 1499 δι’
1034 1447 1197 1515 ἡμᾶς.
1248 1428 1399 1498 Ἐ’πεὶ
1427 1444 1788 1498 διδασκόντων

206 1536 360 1587 αὐτοὶ
384 1576 400 1598 ,
432 1536 579 1589 κατὰ
620 1536 743 1591 τίνα
776 1537 975 1606 τῷπον
1014 1538 1042 1590 6
1088 1537 1154 1590 ὲκ
1198 1534 1334 1589 Θεοῦ
1376 1536 1589 1607 Πατρὸς
1619 1534 1788 1599 Λόγος

207 1623 445 1693 Χριστὸς
471 1623 539 1677 ἂν
564 1627 737 1678 νοοῖτο
761 1626 856 1678 καὶ
890 1623 1103 1693 λέγοιτο
1134 1626 1268 1695 πρὸς
1296 1626 1475 1695 ἡμῶν.
1506 1627 1568 1679 Εἰ
1592 1626 1698 1677 ἀπό
1724 1640 1787 1692 γε

206 1714 300 1767 τοῦ
329 1716 623 1786 κεκρίσθαι
659 1716 896 1788 Χριστος
922 1718 1280 1787 ὀνομάζεται,
1312 1718 1434 1770 τίνα
1479 1718 1733 1786 κέκρικεν
1759 1715 1788 1767 ό

1891 551 2004 596 tum
2036 542 2434 597 concedemus?
2465 542 2538 596 De
2578 540 2785 609 Spiritu
2820 546 3008 595 saneto
3040 544 3243 595 autem,
3276 532 3371 600 qui
3415 530 3469 583 in

1890 634 2048 688 nobis
2077 634 2347 688 inhabitat
2373 633 2436 697 ³³,
2463 632 2593 703 quid
2620 628 2959 686 statuemus?
2992 622 3264 695 Numquid
3293 633 3348 676 et
3383 623 3471 690 ip-

1890 740 2009 779 sum
2055 740 2275 793 quoque
2318 722 2709 778 incarnationis
2740 718 3123 779 ceconomiam,
3159 729 3323 784 quam
3372 727 3473 782 per

1890 818 2065 872 solum
2104 817 2298 870 Filium
2330 816 2523 869 salutis
2545 814 2778 881 vitaeque
2801 809 3046 865 omnium
3079 819 3243 860 causa
3275 803 3469 857 factam

1891 909 2257 978 agnoscimus,
2304 908 2607 977 explevisse
2646 902 2926 959 dicemus?
2965 901 3145 971 Apage
3188 910 3313 951 cum
3354 894 3475 948 istis

1891 1000 2029 1055 adeo
2054 1000 2326 1061 inanibus,
2354 997 2567 1053 stolidis
2592 1006 2647 1051 et
2672 995 2910 1051 anilibus
2935 990 3327 1047 deliramentis.

1962 1090 2199 1144 Verbum
2233 1090 2396 1159 igitur
2426 1088 2542 1150 Dei,
2573 1085 2720 1156 quod
2768 1084 2821 1138 in
2868 1083 3040 1137 forma
3082 1078 3473 1149 etaqnalitate

1894 1181 1987 1237 Dei
2016 1190 2073 1234 et
2110 1181 2285 1234 Patris
2319 1186 2456 1243 erat,
2485 1177 2838 1248 semetipsum
2868 1172 3198 1235 humiliavit,
3230 1168 3472 1240 quando.

1894 1282 1954 1327 ut
1975 1273 2211 1327 Joannes
2240 1269 2504 1340 loquitur,
2531 1282 2658 1323 caro
2685 1268 2887 1321 factum
2917 1280 2982 1319 ex
3018 1263 3249 1317 muliere
3286 1270 3474 1315 natum

1893 1372 1976 1417 est
2002 1363 2064 1425 ",
2089 1372 2457 1429 aeternamque
2486 1374 2550 1413 ex
2582 1360 2741 1413 Patre
2771 1357 3040 1428 originem
3070 1354 3343 1415 obtinens,
3373 1366 3476 1405 no-

1894 1460 2061 1506 stram
2113 1466 2331 1521 quoque
2381 1458 2603 1520 propter
2646 1464 2745 1503 nos
2786 1445 3195 1518 generationem
3238 1441 3476 1512 experiri

1896 1559 2004 1598 non
2034 1542 2326 1599 recusavit.
2353 1541 2506 1608 Quod
2533 1540 2577 1597 si
2606 1556 2765 1597 secus
2793 1554 2882 1594 res
2907 1538 3094 1600 habet,
3123 1535 3354 1589 doceant
3377 1547 3477 1585 nos

1896 1636 2018 1706 ipsi,
2055 1649 2356 1704 ecquonam
2401 1632 2564 1687 modo
2603 1631 2700 1686 Dei
2744 1629 2923 1685 Patris
2964 1626 3205 1681 Verbum
3245 1640 3274 1678 a
3318 1622 3480 1678 nobis

1894 1725 2144 1781 Christus
2186 1726 2513 1796 appelletur,
2559 1732 2615 1779 et
2652 1722 2906 1778 Christus
2947 1735 3069 1775 esse
3114 1716 3475 1786 intelligatur.

209 1806 407 1877 Πατὴρ
446 1808 529 1879 τῷ
560 1809 727 1879 ἐλαίῳ
782 1809 885 1879 τῆς
920 1809 1295 1878 ἀγαλλιάσεως
1320 1848 1334 1872 ,
1385 1809 1503 1879 ἦτοι
1533 1808 1608 1878 τῷ
1649 1808 1785 1879 ἁγίῳ

1897 1818 2025 1873 Nam
2064 1820 2107 1873 si
2140 1818 2391 1873 Christus
2428 1817 2495 1871 ab
2521 1815 2778 1869 unctione
2816 1811 3128 1867 nominatus
3150 1818 3253 1869 est,
3280 1820 3474 1875 quem,

208 1897 528 1967 Πνεῦματις
577 1899 640 1952 ΕΞ
687 1900 785 1970 μὲν
827 1896 918 1953 οὖν
965 1899 1147 1963 ίδικῶς
1184 1899 1275 1952 τὸν
1332 1899 1491 1970 μόνον
1533 1898 1594 1963 ἐξ
1625 1899 1788 1952 αὐτοῦ

206 1990 537 2061 γεννηθέντα
564 1990 697 2045 Θεὸν
736 1992 926 2060 Λόγον,
960 1993 1054 2046 καὶ
1090 1990 1247 2045 τοῦτο
1287 1989 1427 2043 είναί
1459 2006 1624 2058 φασιν
1657 1990 1790 2058 ἀλη-

208 2083 316 2144 ίιὲς.
342 2083 636 2151 ἀγνοοῦσιν
660 2084 807 2147 ὅπως
832 2086 923 2137 καὶ
943 2084 1041 2154 τὴν
1063 2081 1155 2136 τοῦ
1187 2082 1523 2150 Μονογενοῦς
1549 2081 1790 2135 ἀδικοῦσι

209 2177 393 2244 φύσιν,
434 2176 530 2230 καὶ
556 2178 655 2246 τῆς
702 2177 841 2246 μετὰ
868 2176 1067 2244 σαρκδς
1093 2176 1405 2245 οἰκονομίας
1430 2176 1791 2247 παρασημαί-

207 2286 359 2322 νουσι
413 2269 475 2322 το
541 2271 858 2339 μυστήριον.
915 2270 975 2323 El
1023 2269 1133 2340 γὰρ
1187 2270 1470 2340 κέχρισται
1520 2269 1602 2338 τῷ
1654 2268 1793 2338 ἁγίῳ

209 2361 492 2430 Πνεῦματι
521 2360 653 2424 Θεὸς
676 2359 751 2414 ὢν
787 2363 815 2414 6
838 2361 1026 2428 Λόγος,
1055 2361 1242 2414 ἐπιδεᾶ
1270 2361 1486 2423 πάντως
1516 2360 1789 2430 ἁγιασμοῦ

207 2453 301 2507 καὶ
352 2454 457 2523 οὐχ
500 2455 718 2517 ἑκόντες
776 2455 1170 2525 ὁμολογήσουσι
1220 2455 1363 2507 κατὰ
1409 2457 1536 2519 τοὺς
1577 2453 1788 2509 ἄνωθεν

206 2545 286 2598 ετι
320 2546 555 2616 χρόνους
589 2545 855 2614 ὑπάρχειν
888 2547 1074 2606 αὑτὸν,
1120 2544 1244 2598 καθ’
1277 2544 1368 2608 Οὒι,
1412 2544 1567 2598 οΰπω
1597 2562 1789 2615 κεκρι-

209 2636 409 2707 σμένος
430 2678 445 2699 ,
480 2638 749 2707 ἀμέτοχος
795 2632 863 2707 ἦν
899 2636 978 2688 ἔτι
1031 2637 1129 2705 τῆς
1159 2638 1237 2701 είς
1264 2637 1490 2709 ὕστερον
1525 2636 1675 2707 αὐτῷ
1706 2636 1789 2689 δο-

210 2727 400 2798 θείσης
458 2728 688 2799 δωρεᾶς.
746 2727 819 2780 Τὸ
857 2728 915 2780 δὲ
978 2726 1257 2798 ἀγιαομοῦ
1317 2726 1634 2799 τητώμενον
1704 2745 1793 2782 σαι

210 2817 427 2873 λεύεται
489 2820 632 2873 κατά
684 2819 877 2888 φύσιν,
916 2820 1010 2873 καὶ
1042 2820 1144 2873 οὐκ
1189 2819 1256 2873 ἂν
1302 2823 1471 2874 νοοῖτο
1514 2821 1793 2885 παντελῶς

209 2910 518 2982 ήμοιρηκὺς
544 2911 840 2981 ἁμαρτίας,
869 2911 985 2980 ἦτοι
1018 2912 1113 2964 τοῦ
1148 2910 1404 2965 δύνασθαι
1426 2912 1790 2983 πλημμελεῖν.

220 3000 675 3070 Ὑπομεμένηκεν
725 2996 821 3054 οὖν
862 3002 971 3073 ἄρα
1003 3000 1029 3042 δ
1063 3003 1157 3055 καὶ
1202 3004 1408 3074 τροπὴν
1458 3004 1553 3075 τὴν
1604 3008 1684 3068 είς
1726 3004 1793 3059 τὰ

207 3091 421 3161 ἀμείνω
454 3092 615 3163 τυχὸν
657 3096 686 3145 6
720 3092 910 3160 Λόγος.
961 3092 1082 3157 Πῶς
1120 3088 1214 3147 οὖν
1248 3096 1275 3147 6
1315 3095 1478 3158 αὑτός
1513 3096 1627 3149 ἐστι
1649 3136 1661 3157 ,
1697 3098 1792 3149 καὶ

214 3184 314 3243 οὐκ
334 3181 667 3253 ὴλλοίωταις
693 3184 806 3237 Καὶ
830 3184 878 3236 εί
899 3184 1031 3246 Θεὸς
1054 3183 1128 3236 ὢν
1152 3185 1181 3236 6
1202 3184 1394 3252 Λόγος,
1414 3186 1578 3238 καὶηὲν
1610 3188 1791 3256 μορτρῇ
1820 3186 1863 3243 C

210 3277 306 3330 ul
350 3275 565 3343 ἰσότητι
601 3275 695 3329 τοῦ
731 3266 945 3348 Πατρὺς
970 3318 982 3336 .
1022 3276 1235 3349 ὲχρίετό
1262 3294 1322 3330 τε
1357 3279 1450 3332 καὶ
1494 3278 1753 3350 ήγιάζετο
1776 3321 1790 3344 ,

212 3368 344 3441 φαίη
376 3385 466 3432 τις
495 3367 564 3422 ἂν
590 3368 721 3433 ἴσως
756 3369 830 3432 ὼς
864 3369 971 3423 ἀπό
1000 3386 1066 3438 γε
1091 3369 1185 3423 τοῦ
1228 3370 1555 3441 πράγματος
1582 3374 1661 3435 είς
1711 3372 1797 3437 ἐξ·

213 3456 432 3530 ιτήλους
482 3460 693 3525 ἐννοίας
725 3462 1166 3533 ἀπενηνεγμένος
1190 3505 1204 3526 ,
1240 3464 1324 3517 ὅτι
1373 3464 1515 3533 τάχα
1552 3481 1656 3519 πον
1703 3466 1797 3518 καὶ

212 3551 376 3615 αΰτδς
398 3554 430 3606 6
455 3551 649 3623 Πατὴρ
674 3552 833 3607 δέοιτ’
858 3554 925 3608 ἂν
946 3554 1241 3625 ἁγιασμοῦ·
1269 3556 1470 3627 μᾶλλον
1494 3556 1549 3610 δὲ
1579 3557 1681 3628 ἢδη
1704 3557 1798 3611 καὶ

216 3644 423 3714 μείζων
449 3644 617 3699 αὐτοῦ
640 3644 988 3717 ἀναπέφηνεν
1011 3650 1038 3700 6
1056 3647 1203 3713 Υἱὸς,
1228 3649 1386 3719 εἴπερ
1409 3648 1665 3720 ἡγίασται
1698 3650 1798 3720 μὲν

215 3735 400 3799 αὐτὸς,
430 3736 546 3800 ἴσος
561 3736 637 3790 ὣν
663 3736 813 3808 αὐτῷ
834 3739 927 3792 καὶ
947 3740 1004 3792 ὲν
1037 3742 1220 3811 μορφῇ
1247 3746 1352 3811 πρὸ
1372 3741 1465 3795 τοῦ
1490 3743 1763 3813 ἁγιασμοῦ
1782 3760 1793 3773 ·

214 3826 244 3878 6
264 3825 321 3879 δὲ
354 3827 843 3899 ὲναπομεμένηκεν
870 3824 952 3892 οἷς
978 3825 1045 3901 ἦν
1072 3831 1180 3892 ἀεὶ.
1213 3834 1308 3886 καὶ
1337 3832 1453 3886 ἔστι
1479 3834 1573 3887 κα.)⁸
1602 3833 1755 3887 ἔσται
1777 3875 1791 3898 ,

216 3916 367 3970 οὔπω
403 3917 507 3988 τὴν
543 3920 623 3983 εἰς
650 3918 718 3972 τὰ
754 3921 963 3991 ἀμείνω
1002 3922 1181 3976 λαϐὼν
1213 3925 1453 3979 ἐπίδοσιν
1478 3926 1568 3981 διά
1600 3944 1664 3996 γε
1702 3928 1797 3981 τοῦ

220 4008 513 4078 ἡγιάσθαι,
557 4010 678 4063 καθ’
705 4012 998 4083 ὁμοιότητα
1029 4013 1123 4068 τοῦ
1160 4015 1311 4072 Υἱοῦ.
1361 4016 1562 4082 Μεῖζον
1603 4017 1659 4072 δὲ
1699 4017 1797 4088 ἤδη

219 4103 311 4155 καὶ
353 4102 565 4173 ἀμφοῖν
604 4104 797 4173 ὁρᾶται
837 4105 897 4158 τὸ
937 4104 1160 4178 Πνεῦμα
1209 4108 1271 4162 τὸ
1313 4108 1538 4177 ἁγιάζον
1576 4110 1795 4175 αὐτοὺς,

218 4195 375 4267 εἴπερ
406 4213 428 4246 ε
468 4194 618 4249 ἐστὶν
659 4197 759 4249 οὐκ
790 4197 1116 4264 ἐνδοιαστὸν,
1143 4200 1219 4262 ὡς
1243 4200 1461 4271 ἁπάσης
1492 4202 1801 4271 ἀντιλογίας

218 4286 339 4357 δίχα
363 4330 379 4352 ,
408 4287 472 4340 τὸ
509 4286 731 4341 ἔλαττον
774 4289 879 4343 ὑπὸ
926 4289 1021 4343 τοῦ
1055 4291 1359 4362 κρείττονος
1403 4292 1726 4362 εὐλογεῖται.
1774 4314 1792 4346 ο

154 4420 157 4421 ν
231 4378 368 4431 ’Δλλ’
390 4378 509 4432 ἔστι
529 4378 705 4433 ταῦτα
724 4379 911 4451 λῆρος,
937 4383 1030 4435 καὶ
1049 4381 1323 4453 τερθρεία,
1343 4384 1435 4437 καὶ
1457 4384 1799 4455 ἀποπληξίας

220 4469 565 4540 ιγιιλήματα.
602 4470 758 4539 ’Λγία
778 4471 887 4543 γὰρ
908 4472 1049 4525 κατὰ
1064 4471 1224 4541 φύσιν
1245 4475 1278 4544 ἡ
1306 4473 1589 4545 ὀμοούσιος
1607 4476 1795 4545 Τριάς.

224 4562 411 4631 ’Δγιος
451 4563 482 4615 6
513 4562 739 4635 Πατὴρ,
781 4564 936 4633 ἅγιος
982 4566 1077 4617 καὶ
1118 4565 1146 4618 6
1182 4565 1307 4630 Υἱὸς
1347 4565 1621 4631 οὐσιωδῷς
1660 4568 1793 4620 κατά

1908 4570 2245 4635 sanctificat,
2291 4578 2525 4640 utroque
2582 4568 2757 4639 major
2807 4561 3253 4635 deprehendetur

224 4653 309 4705 τὸν
339 4651 455 4707 ἴσον
487 4653 691 4725 τρόπον
715 4671 729 4687 ·
760 4654 962 4727 ὁμοίως
1004 4656 1062 4711 δὲ
1093 4658 1187 4711 καὶ
1221 4659 1281 4711 τὸ
1317 4659 1562 4729 Πνεῦμα.
1592 4661 1799 4714 Οὐκοῦν

222 4743 340 4796 ὅσον
370 4737 511 4816 ἧκεν
528 4745 610 4808 είς
635 4744 774 4799 ίδίαν
807 4746 991 4815 φύσιν,
1014 4747 1111 4820 οὐχ
1133 4748 1390 4819 ἡγίασται
1420 4751 1732 4821 καταμόνας
1772 4757 1801 4806 ὁ

225 4834 283 4887 lx
316 4833 457 4890 Θεοῦ
491 4837 702 4909 Πατρος
732 4840 924 4909 Λόγος.

1893 1927 2096 1982 quaeso,
2131 1911 2290 1965 Pater
2311 1911 2435 1964 oleo
2464 1906 2664 1963 laetitiae
2688 1906 2754 1969 ³³,
2784 1904 2888 1958 hoc
2914 1911 2997 1956 cst
3024 1898 3230 1971 Spiritu
3265 1904 3474 1959 sancto,

1894 2004 2141 2058 inunxit?
2180 2004 2277 2073 ιι
2312 2002 2368 2059 Si
2398 2000 2546 2056 enim
2586 1999 2683 2053 Dei
2718 1996 2981 2059 Verbum,
3009 1990 3156 2063 quod
3196 1990 3341 2045 Deus
3369 1996 3473 2051 est,

1892 2106 1949 2151 et
1983 2096 2161 2151 solum
2205 2093 2515 2165 Specialiter
2536 2107 2605 2146 ex
2630 2090 2792 2144 Patre
2835 2096 3024 2142 natum
3056 2092 3159 2147 est,
3190 2081 3474 2136 inunctum

1892 2187 2098 2252 dicant,
2131 2197 2294 2258 atque
2335 2186 2443 2241 huc
2471 2199 2600 2239 vere
2633 2179 2903 2253 quidquid
2939 2178 3006 2234 de
3039 2175 3297 2231 unctione
3337 2171 3475 2227 dici-

1893 2289 2009 2343 tur,
2056 2279 2334 2350 pertinere
2385 2274 2750 2339 contendant,
2790 2272 3051 2327 nimirum
3088 2265 3305 2322 inscitia
3341 2278 3473 2323 sua.

1894 2370 2091 2441 insigni
2124 2370 2321 2439 injuria
2346 2367 2621 2438 Unigeniti
2645 2375 2896 2420 naturam
2929 2359 3191 2423 alliciunt,
3220 2366 3275 2413 et
3299 2356 3475 2426 ipsum

1892 2464 2093 2518 divina:
2121 2460 2547 2532 dispensationis
2572 2456 2895 2530 mysterium
2926 2455 3085 2524 plane
3117 2457 3393 2532 evertunt.
3421 2445 3477 2501 Si

1892 2557 2039 2612 enim
2072 2512 2333 2618 Verbrum,
2360 2551 2505 2623 quod
2533 2512 2678 2606 Deus
2706 2557 2810 2613 est,
2849 2546 3056 2617 Spiritu
3094 2512 3293 2598 sancti}
3316 2540 3479 2593 inun-

1893 2655 2041 2701 ctum
2091 2653 2202 2708 est,
2250 2639 2811 2713 ergo-superioribus
2858 2630 3229 2703 temporibus,
3279 2624 3483 2697 quibus

1895 2736 2232 2794 inunctionis
2262 2736 2427 2805 hujus
2460 2730 2728 2787 beneficio
2751 2727 2896 2799 quod
2933 2734 3121 2797 postea
3156 2721 3231 2776 illi
3263 2717 3478 2788 obtigit.

1894 2831 2076 2885 adhuc
2097 2828 2521 2891 destituebatur,
2551 2820 3002 2880 sanctificationis
3024 2815 3249 2872 omnino
3276 2811 3483 2881 indige-

1894 2924 2019 2989 bat;
2052 2922 2199 2993 quod
2231 2919 2454 2975 infitiari
2489 2932 2598 2971 non
2634 2923 2884 2987 possunt.
2930 2909 3094 2981 Atqui
3128 2922 3289 2962 omne
3335 2901 3481 2969 quod

1896 3014 2329 3071 sanctificatione
2353 3008 2689 3071 destituitur,
2717 3005 2849 3060 illud
2879 3012 3069 3073 suapte
3088 3010 3287 3055 natura
3309 3005 3484 3051 muta-

1896 3108 2006 3162 bile
2035 3116 2148 3171 est;
2195 3114 2357 3174 atque
2400 3102 2607 3157 idcirco
2648 3107 2743 3154 aut
2779 3094 3013 3167 peccati,
3042 3101 3134 3147 aut
3166 3106 3316 3147 certe
3352 3103 3485 3165 per.-

1897 3200 2055 3255 candi
2092 3198 2365 3253 facultatis
2396 3193 2815 3264 haudquaquam
2849 3202 3044 3259 expers
3078 3193 3178 3240 est.
3217 3181 3358 3253 Ergo
3386 3182 3482 3234 dr-

1898 3300 2169 3346 mutatum
2198 3298 2301 3353 est,
2331 3287 2459 3357 quia
2480 3285 2621 3340 forte
2653 3282 2719 3337 ad
2749 3281 2976 3337 meliora
3006 3288 3354 3347 progressum
3380 3279 3483 3325 est.

1897 3380 2182 3450 Quomodo
2210 3393 2340 3449 ergo
2365 3377 2509 3432 idem
2539 3389 2679 3437 esse,
2708 3381 2765 3427 et
2795 3383 3075 3440 nunquam
3115 3365 3316 3421 mutari
3343 3376 3483 3433 prte-

1898 3472 2149 3528 dicatur?
2193 3472 2365 3526 Porro
2412 3477 2595 3523 autem
2646 3466 2690 3520 si
2737 3464 2881 3519 Deus
2925 3459 3205 3520 Verbum,
3238 3453 3383 3526 quod
3431 3451 3486 3508 iu

1899 3564 2071 3619 forma
2096 3560 2485 3632 et'azqualitate
2519 3557 2698 3613 Patris
2726 3553 3031 3609 subsistens
3066 3558 3170 3614 est,
3199 3549 3486 3602 inunctum

1899 3665 1953 3711 et
1994 3653 2391 3711 sanctificatum
2432 3660 2535 3714 est,
2582 3664 2691 3703 non
2722 3647 2956 3701 deerunt
2998 3639 3247 3697 fortassis
3289 3636 3385 3708 qui
3431 3635 3486 3691 in

1899 3748 2124 3802 frivolas
2151 3746 2471 3817 ineptasque
2494 3741 2856 3812 cogitationes
2884 3734 3195 3808 precipites
3216 3747 3282 3787 ex
3305 3729 3407 3785 hac
3430 3743 3488 3784 re

1901 3840 2030 3903 acti,
2056 3839 2234 3909 ipsum
2257 3849 2477 3907 quoque
2504 3835 2722 3890 Patrem
2760 3828 3195 3887 sanctificatione
3224 3837 3408 3895 egere,
3434 3830 3489 3876 et

1900 3932 2099 3987 Filium
2143 3930 2305 3986 Patre
2340 3929 2601 3999 majorem
2643 3939 2763 3979 esse
2806 3920 3177 3992 nttgahuntur,
3216 3912 3487 3985 siquidem

1902 4024 1990 4079 hic
2013 4034 2141 4078 ante
2168 4021 2485 4076 unctionem
2523 4018 2669 4075 Patri
2704 4014 2929 4085 aequalis
2953 4020 3091 4073 erat,
3130 4022 3277 4064 nunc
3305 4015 3488 4061 autem

1901 4112 2107 4185 Spiritu
2145 4119 2334 4165 sancto
2372 4110 2632 4164 intinctus
2670 4116 2780 4171 est;
2828 4106 2990 4159 Pater
3020 4115 3154 4155 vero
3202 4098 3256 4153 in
3288 4096 3491 4167 quibus
3580 4154 3589 4161 ί

1901 4206 2232 4261 constitutus
2264 4210 2382 4258 erat
2419 4200 2577 4256 bonis
2614 4206 2815 4260 manet,
2859 4193 3215 4262 mancbitque
3250 4204 3488 4259 semper.

1902 4312 2023 4362 nec,
2048 4306 2109 4351 ut
2135 4296 2329 4359 Filius,
2361 4294 2622 4348 intinctus
2647 4285 3129 4344 autsanctiflcatus
3151 4290 3255 4346 est,
3277 4290 3338 4335 ut
3359 4294 3491 4349 pro-

1902 4400 2088 4459 pterea
2116 4401 2440 4458 progressus
2473 4383 2539 4439 ad
2574 4382 2800 4438 meliora
2829 4376 3039 4434 fecerit.
3076 4375 3189 4429 lmo
3226 4386 3357 4427 vero
3389 4369 3492 4425 hac

1903 4480 2141 4534 admissa
2174 4477 2512 4548 opinatione,
2555 4473 2795 4545 Spiritus
2830 4477 3053 4526 sanctus
3074 4466 3168 4538 qui
3200 4464 3413 4535 inungit
3437 4469 3493 4517 et

3303 4574 3317 4611 ἶ
3364 4569 3492 4612 nam

1917 4683 1933 4713 ι
1964 4674 2117 4717 extra
2148 4662 2313 4716 ullam
2343 4659 2773 4716 controversiam
2800 4673 2864 4712 ac
2894 4653 3317 4713 dubitationem,
3344 4646 3491 4719 quod

1910 4754 2091 4809 minus
2113 4763 2219 4819 est,
2244 4771 2273 4807 a
2296 4753 2522 4808 meliore
2548 4750 2896 4807 benedicitur
2923 4749 2987 4802 ".
3025 4767 3042 4799 ι
3075 4746 3273 4801 Verum
3305 4739 3495 4796 isthtec

1908 4862 2072 4902 merae
2100 4856 2228 4902 sunt
2253 4861 2431 4918 nugaa,
2457 4859 2714 4915 meraque
2740 4845 3059 4897 insanorum
3090 4836 3376 4906 hominum
3401 4832 3494 4888 de-

226 4923 363 4989 liria,
442 4926 849 4999 verborumque
890 4939 1164 5001 portenta.
1215 4930 1431 4987 Etenim
1481 4934 1966 4991 consubstantialis
2030 4937 2185 4993 Trias
2228 4944 2422 5007 suapte
2496 4944 2691 4990 natura
2733 4944 2921 4991 sancta
2982 4940 3084 4987 est.
3137 4930 3374 4985 Sanctus
3409 4931 3495 4980 est

228 5014 413 5082 Pater,
440 5024 663 5072 unctus
690 5018 804 5088 pari
833 5018 995 5075 modo
1034 5036 1133 5091 per
1164 5021 1457 5076 essentiam
1487 5030 1572 5077 est
1591 5022 1795 5089 Filius,
1840 5034 2062 5080 sanctus
2093 5026 2287 5080 eodem
2330 5024 2570 5095 denique
2609 5022 2772 5078 modo
2827 5020 3063 5092 Spiritus
3086 5025 3370 5073 sanctus.
3412 5012 3495 5070 Ad

228 5106 501 5176 plu-riam
535 5106 767 5178 proinde
791 5120 1043 5166 naturam
1069 5110 1217 5182 quod
1250 5112 1466 5177 attinet,
1496 5112 1590 5169 Dei
1625 5114 1803 5170 Patris
1837 5115 2077 5171 Verbum
2109 5132 2359 5172 seorsum
2380 5130 2480 5185 per
2504 5130 2562 5170 se
2588 5128 2699 5168 non
2732 5121 2817 5168 est
2839 5109 3256 5167 sanctificatum.

290 5194 353 5251 El
392 5194 452 5252 α
504 5194 572 5273 δή
609 5216 694 5266 τις
737 5198 905 5256 οἴοιτο
944 5202 1039 5258 τὸν
1069 5205 1134 5259 ὲκ
1182 5207 1282 5275 τῆς
1318 5205 1479 5274 ἁγίας
1522 5205 1800 5279 Παρθένου

240 5288 621 5360 γεγεννημένον
653 5291 937 5364 κεκρίσθαι
967 5310 1026 5348 τε
1047 5294 1143 5348 καὶ
1168 5296 1426 5368 ὴγιάσθαι
1452 5298 1634 5368 μόνον,
1673 5300 1802 5353 ταὺ-

239 5393 292 5448 qj
317 5395 396 5434 τοι
426 5380 523 5435 καὶ
552 5379 871 5455 ὠνομάσθαι
906 5385 1159 5458 Χριστὸν,
1191 5388 1394 5456 λεγέτω
1417 5389 1721 5459 παρελθὼν,
1756 5393 1801 5443 εἰ

1977 5208 2131 5276 Quod
2155 5209 2201 5263 si
2228 5208 2352 5280 quis
2384 5224 2533 5274 eum,
2564 5223 2728 5277 quem
2763 5222 2917 5261 sacra
2938 5206 3102 5275 Virgo
3123 5201 3341 5275 peperit
3361 5242 3374 5263 ,
3400 5215 3493 5255 so-

1910 5303 2044 5366 lum,
2079 5301 2185 5356 hoc
2226 5310 2331 5365 est,
2366 5300 2422 5355 in
2473 5300 2697 5371 propria
2748 5299 3140 5353 subsistentem
3190 5292 3493 5367 hypostasi.

1911 5404 2137 5448 unctum
2192 5405 2250 5449 ct
2307 5393 2705 5449 sanctificatum
2750 5392 3072 5455 arbitretur,
3125 5399 3291 5460 atque
3323 5386 3394 5442 ob
3438 5384 3491 5440 id

299 5516 338 5549 "
370 5517 411 5573 ll
442 5519 582 5576 Tim.
615 5538 653 5586 I,
690 5522 773 5579 l6.
858 5524 899 5557 “
939 5525 1092 5581 δίκην.
1133 5543 1167 5587 I,
1215 5529 1291 5583 ll.
1368 5531 1410 5560 ³³
1436 5531 1576 5584 l‘sal.
1609 5548 1747 5594 .\l.l\‘,
1786 5534 1793 5580 ἑ

1914 5532 1958 5563 ³⁸
1984 5532 2146 5585 llrhr.
2174 5550 2263 5597 νη,
2303 5534 2351 5585 7.

1322 5649 1492 5703 \‘aria‘
1520 5652 1782 5707 lectiones
1814 5652 2019 5707 codicis
2062 5654 2421 5723 Seguicriuni.

301 5749 327 5793 ⁸⁸
350 5752 449 5809 ἔτι.

2072 5836 2097 5861 ’τι
