4116 6318
634 295 706 359 ﬂ

1637 306 1693 365 8.
1727 308 2007 368 εγιιιιιι
2041 308 2512 367 ALEXANDle
2548 308 2870 365 AliClllEP.

3834 301 3934 357 εις

636 419 912 476 Christ-um
962 423 1293 494 appellatum
1340 426 1666 493 contendat,
1696 427 1967 499 ejusmodi
2005 428 2061 484 in
2095 444 2204 484 me-

2317 428 2531 499 ἀπόχρη
2562 428 2623 481 τὸ
2661 425 2872 497 χρίσμα
2904 424 3037 495 πρὸς
3077 424 3139 476 τὸ
3175 422 3452 490 άποερηναι
3482 435 3575 472 τον
3602 415 3935 486 αλειφόμε-

635 510 786 567 dium
818 511 1068 583 prodeat,
1098 514 1365 586 nobisque
1391 526 1656 587 exponat,
1690 518 1877 576 solane
1918 519 2105 575 unctio
2132 529 2214 575 sat

634 594 725 661 sit,
752 606 1035 655 utuuctus
1067 616 1191 655 cum
1212 602 1344 665 Deo,
1370 604 1465 672 qui
1500 614 1584 659 est
1607 621 1773 677 super
1795 607 1999 671 omnia,
2027 623 2212 678 aqua-

634 686 703 744 lis
728 689 936 758 gloriae,
960 692 1219 761 parisque
1249 694 1511 762 potentias
1530 704 1587 751 et
1610 698 1908 769 majestatis
1936 713 2058 755 esse
2087 715 2213 754 cen-

634 786 843 837 deatur.
884 781 985 850 12
1020 780 1178 848 Quod
1218 785 1264 839 si
1304 784 1359 839 id
1395 788 1529 842 satis
1559 804 1680 843 esse
1711 788 1996 865 concedat,
2029 798 2085 845 et
2122 806 2215 845 ve-

635 885 756 924 rum
790 869 894 924 hoc
919 884 1048 924 esse
1064 870 1281 939 dicent;
1311 889 1413 929 nos
1428 866 1649 946 quoque
1688 878 1836 932 uncti
1876 893 2086 933 sumus.
2120 879 2215 934 Est

630 960 777 1014 enim
807 960 861 1014 in
883 962 1057 1017 sacris
1082 962 1308 1019 Litteris
1340 982 1355 1017 :
1388 984 1406 1016 ι
1442 966 1547 1021 Vos
1565 968 1882 1023 unctionem
1910 969 2124 1025 habetis
2146 986 2213 1025 ex

632 1058 820 1106 sancto
843 1051 910 1105 ³³.
951 1072 969 1103 ι
996 1052 1239 1109 Erimus
1259 1055 1428 1126 igitur
1466 1056 1700 1113 fortasse
1730 1069 1787 1115 et
1812 1076 1913 1114 nos
1940 1062 2043 1130 ipsi
2072 1077 2213 1131 quo--

632 1157 741 1213 que
766 1143 877 1197 Deo
908 1158 1101 1214 pares;
1129 1154 1294 1215 atque
1337 1148 1412 1202 ita
1446 1148 1603 1213 nihil,
1643 1150 1861 1220 opinor,
1896 1152 2214 1221 prohibebit

633 1241 925 1307 quominus
968 1256 1069 1295 nos
1103 1256 1324 1311 quoque
1359 1241 1588 1311 perinde
1622 1253 1786 1314 atque
1816 1246 2137 1301 Emmanuel
2180 1264 2211 1301 a

630 1330 821 1387 dextra
855 1331 933 1385 illi
962 1332 1320 1387 assideamus.
1353 1333 1570 1388 Dictum
1606 1345 1691 1390 est
1717 1337 1865 1390 enim
1904 1337 1971 1391 ad
2002 1337 2154 1391 illum
2194 1356 2207 1391 :

636 1438 655 1470 ι
686 1418 828 1475 Sede
862 1436 893 1475 a
915 1419 1122 1475 dextris
1162 1422 1322 1486 meis,
1356 1422 1533 1477 donec
1566 1439 1763 1493 ponam
1808 1424 2059 1479 inimicos
2088 1434 2213 1480 tuos

627 1511 927 1567 scabellum
948 1512 1149 1583 pedum
1174 1520 1394 1568 tuorum
1418 1514 1483 1566 “.
1499 1533 1516 1564 ι
1542 1513 1749 1568 Adoret
1774 1514 2003 1584 proinde
2030 1523 2087 1570 et
2108 1531 2210 1569 nos

627 1618 785 1658 sacra
846 1604 940 1658 illa
984 1606 1257 1660 mentium
1306 1605 1591 1660 beatarum
1624 1605 1937 1660 multitudo.
1979 1606 2111 1660 Nam
2151 1616 2210 1661 ut

627 1694 919 1765 Apostolus
940 1707 1356 1761 commemorat,
1388 1716 1405 1747 ι
1423 1695 1558 1751 Cum
1585 1698 2016 1768 Primogenitum
2046 1715 2207 1753 suum

2317 530 2450 572 νονο
2515 517 2734 571 ἰσοκλεᾶ
2775 516 2869 569 καὶ
2912 514 3205 585 ὁμόθρονον
3249 510 3329 582 τῷ
3374 508 3593 563 πάντων
3635 506 3929 560 ἐπέκεινα

2315 610 2455 682 Θεῷ.
2487 609 2599 664 Kal
2626 610 2673 661 εἰ
2714 608 2814 678 μὲν
2844 606 3060 677 ἀπόχρη
3083 605 3144 658 τὸ
3166 604 3399 675 χρίσμα,
3434 601 3528 654 καὶ
3555 598 3713 652 τοῦτο
3735 596 3929 668 ἐροῦ-

2318 720 2400 757 σιν
2427 703 2503 767 ὼς
2544 702 2690 755 ἐστιν
2720 698 2950 771 ἀληθέςο
2996 695 3341 769 κεχρίσμεθα
3395 694 3488 747 καὶ
3545 691 3727 761 ἡμεῖς.
3791 688 3928 741 Καὶ

2317 794 2655 864 μαρτυρήσει
2704 790 2876 859 λέγων
2938 790 2968 842 6
3018 787 3307 849 θεσπέσιος
3377 782 3660 851 Ἰωάννης·
3738 776 3929 830 «Καὶ

2314 884 2472 953 ὑμεῖς
2516 882 2724 953 χρίσμα
2769 880 2922 952 ἔχετε
2970 878 3080 932 ἀπὸ
3110 877 3205 930 τοῦ
3247 876 3424 944 ἁγίου.
3457 893 3475 925 ι
3526 868 3796 941 Ἐσόμεθα
3839 867 3925 939 δὴ

2311 972 2405 1029 οὖν
2430 978 2487 1028 ὲν
2522 978 2620 1047 ῖσῳ
2638 975 2780 1045 τάχα
2805 990 2903 1026 που
2942 971 3036 1025 καὶ
3064 972 3225 1041 ἡμεῖς
3258 967 3411 1022 αὐτοὶ
3444 964 3520 1036 τῷ
3555 962 3695 1034 Θεῷ,
3719 962 3926 1034 εἴργει

2311 1067 2389 1126 δὲ.
2423 1062 2598 1137 οἶμαι,
2652 1064 2930 1129 παντελῶς
2972 1062 3125 1116 οὐδὲν
3172 1060 3267 1114 καὶ
3325 1057 3665 1129 συνεδρεύειν
3720 1050 3920 1122 αὐτῷ,

2313 1158 2563 1229 καθάπερ
2601 1158 2791 1228 ἀμέλει
2833 1156 2925 1211 καὶ
2972 1154 3132 1217 αὐτὸς
3177 1154 3205 1205 6
3257 1148 3632 1221 Ἐμμανουήλ.
3662 1144 3920 1216 Εἴρηται

2313 1251 2419 1322 γὰρ
2450 1251 2584 1322 πρὸς
2619 1250 2783 1303 αὐτόν
2802 1266 2818 1281 ο
2857 1266 2875 1300 ι
2896 1247 3080 1302 Κάθου
3116 1248 3180 1299 ἐκ
3208 1244 3411 1329 δεξιῶν
3436 1258 3564 1311 μου,
3595 1240 3701 1303 ἕως
3726 1238 3793 1292 ἂν
3821 1236 3920 1291 θῶ

2310 1339 2436 1400 τοὺς
2466 1335 2695 1407 ἐχθρούς
2718 1352 2812 1389 σου
2843 1334 3133 1389 ὑποπόδιον
3170 1332 3279 1386 τῶν
3304 1330 3484 1384 ποδῶν
3508 1347 3624 1384 σου.
3655 1348 3674 1381 ι
3714 1330 3918 1400 Προσ-

2311 1427 2540 1481 κυνειτω
2569 1426 2664 1479 καὶ
2696 1426 2841 1495 ἡμᾶς
2875 1427 2908 1497 ἡ
2934 1424 3043 1479 τῶν
3069 1426 3181 1481 ἄνω
3214 1423 3539 1492 πνευμάτων
3581 1420 3713 1489 ἁγία
3755 1418 3920 1488 πλη·-

2312 1518 2427 1583 θύς.
2468 1538 2485 1569 ι
2512 1519 2681 1571 Ὅταν
2723 1516 2853 1587 γὰρ,
2888 1517 3078 1587 φησὶν,
3119 1514 3389 1587 εἰσαγάγῃ
3417 1514 3510 1567 τὸν
3546 1510 3919 1583 πρωτότοκον

2311 1613 2390 1675 εἰς
2437 1609 2533 1682 τὴν
2575 1609 2921 1679 οἰκουμένην,
2965 1608 3143 1675 λέγει’
3194 1608 3303 1661 Καὶ
3352 1603 3916 1677 προσκυνησάτωσαν

2312 1701 2459 1772 αὐτῷ
2494 1702 2694 1765 πάντες
2717 1701 2938 1770 ἄγγελοι
2958 1699 3115 1752 Θεοῦ.
3137 1719 3157 1751 ι
3206 1698 3345 1751 Ἀλλ’
3378 1698 3541 1769 ἡμεῖς
3578 1695 3697 1766 μὲν,
3727 1694 3779 1746 εἰ
3800 1692 3913 1745 καὶ

628 1785 685 1839 lu
720 1786 912 1841 orbem
952 1795 1223 1844 terrarum
1257 1786 1489 1851 inducit,
1525 1786 1598 1843 ita
1637 1789 1750 1843 ait:
1777 1788 2021 1845 Adorent
2049 1790 2203 1846 illum

2310 1794 2386 1863 τῷ
2418 1795 2558 1863 ἁγίῳ
2597 1792 2933 1863 κεχρίσμεθα
2976 1789 3273 1862 Πνεύματι,
3306 1789 3398 1843 τὸν
3436 1788 3537 1859 μὲν
3577 1788 3677 1857 τῆς
3713 1783 3911 1839 υἰοοε-

624 1890 816 1933 omnes
833 1878 1013 1949 angeli
1036 1878 1333 1935 Dei'hAt
1349 1894 1482 1934 vero
1510 1896 1635 1945 nos,
1659 1896 1972 1952 quanquam
1997 1882 2202 1953 Spiritu

626 1977 817 2025 sancto
837 1970 1183 2042 inungamur,
1216 1986 1430 2027 necnon
1456 1986 1554 2041 per
1572 1972 1805 2042 gratiam
1839 1973 1893 2027 in
1935 1972 2029 2028 Dei
2066 1972 2205 2031 filios

624 2070 967 2133 cooptemur,
1008 2071 1065 2119 et
1122 2062 1201 2117 dii
1242 2061 1520 2118 interdum
1563 2078 1783 2134 quoque
1830 2064 2201 2133 nominemur,

622 2162 822 2209 nostra:
877 2162 1057 2209 tamen
1110 2162 1323 2209 natura:
1358 2153 1796 2209 mediocritatem
1831 2170 1939 2210 non
1981 2157 2201 2227 ignora-

622 2260 761 2299 mus.
791 2243 995 2300 Sumus
1023 2245 1177 2301 enim
1214 2244 1284 2300 de
1310 2252 1478 2309 terra,
1506 2254 1564 2301 et
1602 2245 1751 2301 inter
1783 2261 1972 2303 servos
2003 2264 2201 2303 nume-

2308 1886 2427 1949 σίας
2459 1884 2937 1954 καταπλουτοῦμεν
2970 1883 3152 1954 χάριν,
3187 1880 3506 1952 κεκλήμεθα
3541 1879 3598 1933 δὲ
3629 1878 3722 1933 καὶ
3754 1876 3908 1940 θεοὶ,

2304 1977 2368 2030 τό
2400 1994 2462 2046 γε
2506 1977 2613 2048 μὴν
2655 1976 2758 2043 τῆς
2786 1974 2995 2031 ἑαυτῶν
3026 1974 3240 2046 φύσεως
3274 1974 3473 2044 μέτρον
3501 1973 3604 2025 οὐκ
3629 1970 3910 2041 ἀγνοήω-

2307 2086 2427 2139 μεν.
2477 2069 2675 2140 Ἐσμὲν
2704 2069 2814 2141 γὰρ
2851 2069 2915 2122 ἐκ
2942 2068 3070 2138 γῆς.
3102 2066 3194 2120 καὶ
3220 2064 3583 2135 τελοῦμεν⁶ὲν
3605 2064 3863 2123 οἰκέταις
3885 2078 3905 2095 θ

2302 2162 2332 2213 6
2362 2160 2420 2213 δέ
2458 2162 2606 2215 ἐστιν
2638 2161 2738 2215 οὐκ
2767 2163 2825 2215 ὲν
2859 2155 2943 2224 οἷς
2974 2160 3156 2231 ἡμεῖς,
3187 2156 3326 2212 ἀλλὰ
3350 2156 3513 2227 φύσει
3538 2173 3596 2210 τε
3631 2155 3729 2209 καὶ
3757 2152 3906 2223 ἁλη-

2303 2253 2412 2318 θῶς
2444 2255 2591 2319 Υἱὸς,
2626 2256 2720 2309 καὶ
2750 2254 2859 2308 τῶν
2890 2254 3027 2308 ὅλων
3058 2252 3281 2324 Κύριος,
3324 2252 3420 2306 καὶ
3459 2251 3519 2316 ἐξ
3559 2248 3821 2320 ούρανοῦ.

621 2355 847 2407 ramur;
874 2341 963 2396 ille
993 2355 1125 2397 vero
1187 2349 1399 2396 natum
1453 2350 1658 2397 nostras
1697 2341 1912 2414 legibus
1980 2360 2089 2399 non
2160 2347 2514 2415 continetur,
2574 2350 2670 2405 sed
2723 2358 2921 2405 natura
2973 2356 3031 2403 et
3086 2345 3319 2403 veritate
3360 2344 3572 2410 Filius‘,
3615 2344 3907 2413 totiusque

624 2434 1002 2490 universitatis
1041 2434 1307 2490 Dominus
1330 2444 1435 2500 est,
1463 2445 1628 2505 atque
1659 2451 1691 2490 e
1712 2437 1866 2492 celis
1885 2437 1953 2492 ad
1984 2455 2087 2494 nos
2116 2440 2373 2514 delapsus
2391 2452 2494 2499 est.

685 2529 797 2585 Nec
818 2542 952 2584 vero
979 2528 1236 2593 dicimus,
1265 2528 1362 2599 qui
1402 2538 1553 2584 recte
1596 2529 1800 2585 sentire
1833 2531 2196 2599 decrevimus,

618 2624 793 2679 Deum
822 2621 1027 2677 factum
1054 2620 1238 2677 carnis
1272 2629 1506 2691 patrem,
1542 2636 1647 2676 nec
1680 2636 1900 2676 rursum
1939 2622 2200 2679 divinita-

620 2715 689 2770 tis
729 2721 980 2769 naturam
1014 2727 1044 2767 a
1071 2712 1302 2767 muliere
1343 2711 1580 2779 editam,
1632 2720 1925 2783 antequam
1964 2714 2203 2771 humana

620 2815 816 2861 natura
847 2822 905 2861 se
948 2804 1249 2870 induisset;
1286 2806 1383 2860 sed
1418 2805 1680 2871 Verbum,
1703 2806 1850 2876 quod
1871 2824 1938 2862 ex
1958 2809 2071 2863 Deo
2102 2825 2202 2864 na-

620 2906 740 2952 tura
764 2906 869 2961 est,
904 2906 961 2953 et
984 2897 1265 2952 hominem
1298 2898 1391 2967 qui
1426 2914 1495 2953 ex
1525 2914 1680 2953 sacra
1707 2899 1932 2971 Virgine
1964 2900 2211 2971 perfecte

618 2988 675 3043 in
697 2987 841 3044 hanc
859 2989 1040 3044 lucem
1081 2997 1237 3044 ortus
1278 2998 1384 3053 est,
1420 2989 1489 3045 ad
1538 2993 1804 3046 unitatem
1834 2992 2201 3058 conferentes,

617 3094 788 3135 unum
842 3079 1134 3134 Dominum
1171 3086 1228 3135 et
1262 3077 1547 3135 Christum
1578 3081 1767 3137 Jesum
1807 3083 2199 3139 adorabimus:

618 3166 693 3221 ita
720 3176 781 3222 ut
803 3181 974 3222 unum
1008 3166 1159 3222 hunc
1182 3175 1411 3237 propter
1438 3178 1773 3239 assumptum
1798 3186 2019 3226 carnem
2049 3183 2205 3229 extra

2368 2536 2477 2589 Kal
2522 2536 2584 2590 ού
2628 2536 2690 2607 δή
2728 2535 2831 2589 πού
2884 2552 3088 2605 φαμεν,
3126 2533 3262 2608 ὀρθὰ
3324 2534 3544 2605 φρονεῖν
3599 2528 3900 2601 ᾑρημένοι,

2306 2628 2511 2698 σαρκὸς
2543 2627 2799 2697 γενέσθαι
2837 2627 3052 2698 πατέρα
3087 2626 3179 2679 τὸν
3210 2625 3365 2687 Θεὸν,
3411 2623 3522 2678 οὐδ’
3548 2617 3616 2675 αὖ
3653 2621 3755 2691 τὴν
3785 2618 3903 2688 τῆς

2300 2719 2552 2790 θεότητος
2572 2720 2735 2791 φύσιν
2758 2718 3121 2789 γεγεννῆσθαι
3137 2717 3225 2772 διὰ
3249 2716 3531 2785 γυναικὸς.
3551 2713 3703 2768 οῦπω
3727 2728 3901 2782 προσ-

2299 2812 2574 2866 λαϐοῦσαν
2612 2812 2674 2866 τὸ
2718 2811 3064 2885 ἀνθρώπινον
3084 2827 3101 2845 ο
3129 2810 3547 2877 συνενεγκόντες
3574 2806 3632 2859 δὲ
3684 2804 3899 2876 μᾶλλον

2303 2907 2383 2970 εἰς
2416 2906 2611 2959 ἕνωσιν
2642 2904 2737 2958 τόν
2772 2922 2833 2958 τε
2854 2905 2920 2957 ὲκ
2954 2902 3089 2957 Θεοῦ
3130 2902 3305 2973 φύντα
3338 2900 3529 2967 Λόγον,
3576 2896 3671 2952 καὶ
3698 2896 3791 2950 τὸν
3826 2897 3901 2949 ἐκ

2301 2997 2401 3066 τῆς
2423 2997 2583 3065 ἁγίας
2614 2994 2892 3067 Παρθένου
2925 2994 3150 3057 τελείως
3192 2991 3500 3063 ἄνθρωπον,
3531 2989 3627 3041 ἕνα
3649 2984 3896 3057 Χριστὸν

2316 3089 2523 3159 Ἰησοῦν
2561 3088 2658 3141 καὶ
2692 3085 2897 3155 Κύριον
2946 3084 3418 3155 προσκυνήσομεν,
3467 3079 3591 3133 οὔτε
3645 3079 3754 3131 τῶν
3786 3076 3896 3146 τῆς

2303 3181 2555 3251 θεότητος
2584 3180 2725 3250 ὅρων
2752 3178 2857 3245 ἔξω
2880 3176 3120 3239 τιθέντες
3144 3175 3233 3228 διὰ
3259 3174 3359 3245 τὴν
3394 3173 3594 3243 σάρκα,
3624 3169 3749 3224 οῦτε
3778 3166 3891 3239 μὴν

616 3261 920 3317 divinitatis
959 3261 1225 3317 terminos
1263 3276 1375 3316 non
1408 3261 1717 3332 ejiciamus,
1747 3280 1927 3334 neque
1974 3278 2200 3335 prOpter

2305 3273 2380 3335 εἰς
2411 3269 2809 3341 ἀνθρωπότητα
2827 3266 2990 3337 ψιλὴν
3022 3263 3483 3329 καταϐιϐάζοντες
3506 3262 3594 3315 διὰ
3627 3260 3727 3331 τὴν
3747 3258 3896 3329 πρὸς

615 3368 736 3409 eam
766 3369 961 3409 rursus
983 3369 1149 3424 quam
1170 3368 1519 3409 communem
1542 3355 1831 3410 nobiscum
1860 3356 2025 3411 habet
2050 3357 2200 3412 simi-

2305 3365 2446 3435 ἡμᾶς
2484 3338 2762 3433 ὁμοίωσιν.
2806 3359 2966 3415 Οῦτω
3003 3360 3221 3429 νοήσεις
3266 3358 3357 3411 τὸν
3409 3359 3474 3410 ὲκ
3520 3354 3657 3409 Θεοῦ
3706 3352 3892 3423 φύντα

615 3442 930 3507 litudinem,
975 3442 1118 3497 intra
1167 3442 1340 3498 solius
1390 3442 1644 3498 humanae
1681 3452 1891 3499 naturre
1929 3446 2201 3501 cancellos

616 3534 984 3590 includamus.
1037 3534 1153 3589 Hoc
1186 3533 1508 3599 constituto,
1556 3534 1716 3589 facile
1757 3552 2050 3611 assequere
2093 3553 2200 3606 qua

616 3627 829 3682 ratione
848 3626 1095 3682 Verbum
1119 3642 1187 3681 ex
1212 3626 1326 3681 Deo
1350 3626 1594 3697 genitum
1626 3626 2198 3697 voluntariam/exina-

616 3719 884 3775 nitionem
917 3719 1264 3783 sustinuerit,
1297 3734 1475 3788 quove
1497 3728 1655 3787 pacto
1682 3717 1728 3772 is
1761 3718 1855 3788 qui
1890 3710 2079 3788 suapte
2107 3734 2201 3771 na-

616 3820 742 3865 tura
780 3809 923 3864 liber
965 3817 1106 3874 erat,
1148 3809 1292 3864 servi
1326 3809 1505 3864 forma
1533 3816 1806 3878 suscepta,
1834 3809 2187 3878 semetipsum

616 3901 1084 3966 humiliaverit”;
1116 3916 1225 3971 quo
1254 3900 1492 3971 denique
1515 3900 1677 3955 modo
1705 3920 1722 3951 ε
1754 3914 1941 3955 semen
1970 3900 2202 3956 Abrahae

616 3993 1155 4065 apprehenderit“,i
1183 3994 1475 4062 carnisque
1496 4002 1552 4047 et
1582 3993 1863 4064 sanguinis
1884 3994 2030 4048 Deus
2063 3994 2199 4048 Ver-

616 4086 745 4141 bum
769 4088 1042 4158 particeps
1068 4086 1301 4142 effectus
1336 4086 1425 4139 sit.
1464 4086 1599 4141 Nam
1638 4086 1683 4141 si
1724 4096 1785 4142 ut
1813 4102 1999 4141 merus
2034 4086 2199 4140 homo

612 4180 789 4235 nostri
823 4180 1019 4235 similis
1061 4190 1245 4235 mente
1298 4180 1644 4250 concipitur,
1691 4180 1967 4249 quomodo
2009 4196 2197 4236 semen

613 4271 875 4335 Abrahae,-
909 4280 1169 4342 tanquam
1198 4272 1523 4329 naturaliter
1554 4271 1838 4342 quidpiam
1864 4280 2192 4329 extraneum

2296 3456 2469 3524 Λόγον
2514 3456 2615 3526 τὴν
2663 3452 2910 3508 ἑκούσιον
2941 3452 3230 3521 ὑπομεῖναι
3264 3452 3523 3503 κένωσιν·
3561 3447 3705 3502 οὕτω
3726 3463 3890 3499 τετα-

2297 3547 2562 3601 πεινωκεν
2589 3546 2802 3608 ἑαυτὸν,
2844 3542 3058 3615 μορφὴν
3095 3542 3286 3595 δούλου
3318 3539 3521 3601 λαϐὼν,
3552 3543 3581 3594 6
3610 3539 3752 3593 κατὰ
3780 3535 3889 3607 φύ-

2298 3655 2381 3691 σιν
2423 3637 2559 3691 ἰδίαν
2599 3635 2883 3706 ἐλεύθερος
2903 3652 2916 3666 ο
2947 3632 3091 3687 οὕτω
3114 3653 3131 3683 ι
3160 3633 3474 3703 σπέρματος
3515 3630 3767 3701 Ἀϐραὰμ
3792 3630 3893 3683 ἑπ-

2295 3729 2539 3788 ελάϐετο.
2569 3748 2587 3781 ι
2646 3729 2736 3784 καὶ
2778 3726 3182 3797 κεκοινώνηκεν
3221 3724 3455 3794 αἵματος
3500 3721 3595 3775 καὶ
3625 3719 3825 3791 σαρκὸς
3858 3723 3889 3773 6

2294 3821 2388 3875 τοῦ
2434 3820 2571 3873 Θεοῦ
2623 3820 2813 3889 Λόγος.
2858 3820 2922 3872 Εἰ
2972 3820 3081 3888 γὰρ
3129 3815 3417 3887 ἄνθρωπος
3444 3816 3647 3868 νοεῖται
3706 3812 3883 3882 ψιλὸς,

2306 3910 2427 3965 καθ’
2450 3911 2618 3982 ἡμᾶς,
2640 3910 2758 3973 πῶς
2778 3908 2965 3980 ἑτέρου
2989 3909 3120 3978 παρ’
3138 3906 3300 3960 αὑτὸν
3331 3904 3575 3975 φυσικῶς
3592 3902 3894 3957 ἐπελάϐετο

2307 4001 2620 4071 σπέρματος
2650 3998 2933 4069 Ἀϐραάμς
2987 3996 3111 4059 Πῶς
3146 3996 3203 4049 δὲ
3251 3997 3351 4067 τῆς
3390 3995 3527 4058 ἰδίας
3562 3988 3765 4064 σαρκὸς
3793 4008 3887 4046 xs-

2305 4090 2692 4162 κοινωνηκέναι
2720 4090 2960 4159 λέγεται,
2994 4090 3082 4142 ἵνα
3118 4088 3259 4143 κατὰ
3285 4089 3465 4142 πάντα
3497 4090 3614 4149 τοῖς
3639 4084 3885 4153 ἀδελφοῖς

2302 4182 2576 4254 ὁμοιωθῇς
2628 4182 2701 4234 Τὸ
2749 4182 2863 4253 γάρ
2906 4197 3048 4234 τισιν
3097 4178 3421 4251 ὁμοιοῦσθαι
3470 4178 3789 4249 λεγόμενον,
3824 4176 3883 4243 ἐξ

2304 4273 2557 4344 ἀνομοίου
2592 4273 2737 4335 τινος
2765 4274 2856 4325 ἐπὶ
2882 4273 2940 4326 τὸ
2960 4272 3071 4325 δεῖν
3104 4270 3425 4341 ὁμοιοῦσθαι
3446 4270 3650 4341 τρέχει.

615 4374 671 4420 et
721 4365 790 4420 ab
828 4381 885 4421 se
914 4366 1153 4420 alienum
1197 4366 1597 4437 apprehendit?
1638 4366 1924 4434 Quomodo
1965 4370 2201 4439 propriae
2241 4370 2550 4439 carni,quo
2580 4384 2678 4437 per
2704 4367 2889 4421 omnia
2932 4367 3198 4421 fratribus
3227 4366 3584 4429 assimiletur,
3642 4380 3883 4420 commu-

616 4456 825 4511 nicasse
847 4457 1051 4517 dicitur
1075 4458 1159 4511 δοῖ
1194 4459 1330 4514 Nam
1353 4460 1501 4529 quod
1531 4460 1691 4515 alteri
1721 4461 2082 4525 assimilatur,
2120 4476 2188 4517 ex
2227 4462 2481 4518 dissimili
2507 4462 2574 4516 ad
2603 4460 2838 4515 similem
2857 4459 3089 4514 formam
3115 4460 3479 4515 transferatur
3512 4466 3752 4528 oportet.

678 4549 1054 4620 Apprehendit
1094 4567 1225 4623 ergo
1258 4552 1355 4607 Dei
1403 4551 1647 4607 Verbum
1700 4567 1888 4606 semen
1935 4553 2191 4620 Abrahae,

614 4657 923 4713 corpusque
966 4659 1033 4698 ex
1090 4644 1323 4699 muliere
1362 4644 1466 4698 sibi
1518 4652 1867 4710 construens,
1911 4645 2096 4700 carnis
2139 4656 2195 4701 et

2386 4553 2711 4608 Ἐπελάϐετο
2737 4552 2915 4604 τοίνυν
2941 4551 3256 4623 σπέρματος
3290 4548 3561 4620 Ἀϐραὰμ,
3582 4547 3681 4601 καὶ
3709 4563 3881 4601 κεκοι-

2300 4645 2541 4715 νώνηκεν
2565 4644 2795 4714 αἵματος
2828 4644 2921 4697 καὶ
2953 4643 3158 4715 σαρκὸς
3179 4644 3207 4695 6
3230 4642 3323 4695 τοῦ
3358 4640 3495 4695 Θεοῦ
3529 4640 3726 4709 Λόγος,
3757 4639 3881 4693 ἴδιον

615 4738 899 4809 sanguinis
924 4738 1200 4808 particeps
1232 4737 1409 4792 factus
1434 4744 1518 4791 est
1538 4736 1603 4803 “,
1644 4723 1719 4791 ita
1746 4746 1806 4790 ut
1822 4738 1935 4806 jam
1966 4753 2078 4791 non
2102 4752 2193 4791 so-

2305 4739 2665 4810 ποιησάμενος
2714 4736 2874 4805 σῶμα
2912 4736 2975 4789 τὸ
3016 4738 3080 4789 ὲκ
3124 4736 3403 4805 γυναικὸς,
3453 4735 3540 4787 ῐνα
3596 4732 3673 4805 μὴ
3728 4732 3879 4804 μόνον

613 4830 725 4886 lum
747 4830 894 4885 Deus
916 4830 1007 4893 sit,
1033 4829 1129 4885 sed
1157 4830 1258 4900 13
1284 4840 1512 4900 propter
1544 4830 1987 4900 conjunctionem
2029 4830 2195 4885 homo

2305 4833 2563 4902 ὑπάρχων
2585 4832 2737 4895 Θεὸς,
2764 4829 2877 4884 ἀλλ’
2905 4828 3006 4899 ἤδη
3042 4830 3134 4882 καὶ
3163 4827 3451 4898 ἄνθρωπος
3478 4823 3741 4895 γεγονὼς.
3764 4824 3877 4879 καθ’

613 4938 831 4994 quoque
860 4923 1037 4978 nostri
1069 4922 1265 4978 similis
1290 4922 1467 4979 factus
1496 4922 1851 4993 intelligatur.
1885 4923 1966 4977 Ex
1984 4923 2198 4979 duabus

615 5013 782 5085 igitur
805 5014 993 5080 rebus,
1007 5013 1295 5070 divinitate
1311 5015 1575 5069 nimirum
1597 5023 1653 5071 et
1668 5014 2028 5081 humanitate,
2048 5026 2198 5070 certo

612 5111 830 5160 constat
893 5104 1238 5160 Emmanuel.
1300 5106 1455 5163 Unus
1502 5114 1684 5162 tamen
1733 5106 1998 5162 Dominus
2041 5108 2200 5163 Jesus

610 5194 885 5259 Christus,
924 5211 1069 5251 unus
1106 5212 1273 5252 verus
1313 5198 1691 5269 naturalisque
1715 5198 1906 5263 Filius,
1932 5200 2025 5269 qui
2049 5200 2199 5253 Deus

613 5287 777 5342 simul
800 5295 858 5343 et
881 5286 1047 5343 homo
1073 5297 1180 5357 est;
1199 5304 1311 5345 non
1336 5291 1500 5346 homo
1526 5291 1945 5364 deiﬁcatus,par
1972 5293 2080 5348 illis
2105 5293 2197 5362 qui

687 5444 778 5499 "l
815 5445 971 5501 Joan.
1004 5463 1061 5512 η,
1086 5446 1174 5501 20.
1257 5448 1301 5479 ³³
1337 5448 1480 5503 Psal.
1516 5465 1623 5513 CIX,
1663 5449 1713 5503 Ι.
1791 5448 1832 5479 ³⁷
1863 5448 2026 5503 Hebr.
2066 5464 2142 5513 ιιι,
2182 5450 2233 5501 6.

629 5514 659 5547 ’τ
689 5514 830 5570 Ibid.
867 5517 947 5570 14.

2293 4923 2445 4991 ἡμᾶς
2494 4924 2666 4973 νοοῖτο
2710 4920 2801 4973 διὰ
2838 4918 2938 4990 τὴν
2986 4918 3204 4971 ἕνωσιν.
3244 4915 3456 4970 Οὐκοῦν
3492 4916 3557 4969 ἐκ
3593 4914 3742 4969 δυοῖν
3783 4914 3876 4985 μὲν

2297 5016 2639 5086 πραγμάτων
2668 5012 3144 5084 ὁμολογουμένως,
3177 5008 3433 5079 θεότητός
3458 5026 3517 5062 τε
3550 5008 3646 5062 καὶ
3674 5008 3874 5074 ἀνθρω-

2298 5107 2549 5177 πότητος,
2594 5107 2624 5157 6
2663 5105 3033 5176 Ἐμμανουήλ.
3088 5102 3236 5173 Πλὴν
3304 5096 3385 5163 εἷς
3432 5099 3641 5171 Κύριος
3681 5097 3874 5171 Ἰησοῦς

2299 5199 2552 5267 Χριστὸς,
2585 5195 2665 5261 εἷς
2697 5214 2757 5250 τε
2794 5196 2890 5250 καὶ
2920 5195 3140 5265 ἀληθῶς
3172 5194 3321 5257 Υἱὸς,
3344 5192 3479 5257 Θεός
3509 5208 3570 5245 τι
3612 5188 3749 5260 ὁμοῦ
3789 5191 3873 5244 καὶ

2300 5293 2616 5364 ἄνθρωπος’
2650 5293 2710 5345 οὐ
2746 5288 3124 5361 θεοποιηθεὶςῐ
3152 5292 3209 5343 ἐν
3245 5288 3347 5359 ἴσῳ
3379 5291 3491 5353 τοῖς
3524 5288 3668 5343 κατὰ
3702 5287 3868 5357 χάριν,

3541 5444 3586 5477 ⁸⁸
3619 5440 3756 5499 Ibid.
3790 5440 3867 5496 l7.

2315 5448 2357 5477 ³⁸
2388 5447 2623 5518 Philipp.
2654 5464 2712 5509 ιι.
2742 5446 2861 5501 6-8.
2982 5446 3025 5479 ³⁸
3060 5444 3226 5501 Hebr.
3260 5460 3315 5511 ιι,
3348 5443 3433 5500 16.

1720 5631 1891 5687 τοιίεο
1912 5633 2173 5689 lecnoncs
2202 5634 2405 5688 codicis
2442 5631 2806 5703 chuicriani.

700 5752 722 5779 ⁸
750 5741 839 5795 τὸν
869 5745 1173 5817 χριόμενον.
1259 5747 1274 5785 ί
1313 5751 1402 5802 καὶ
1430 5749 1529 5804 οὐκ
1557 5748 1837 5820 ἅνθρωπος
1868 5750 2228 5821 θεοποιηοεξς.
