4146 6322
134 2376 222 2454 ί

280 333 344 382 ιη
1733 329 1890 387 EPIS‘

1991 329 2068 386 LA
2106 333 2146 388 l.
3478 309 3554 369 εει

279 446 406 513 Θεὸς
446 446 504 502 ει
546 446 750 519 μᾶλλον
772 445 1024 518 άληθινὸς
1053 448 1111 501 ἑν
1131 447 1447 520 ἀνθρωπεία
1477 448 1658 519 μορφῇ
1685 462 1862 515 πεφη-

1991 461 2065 500 ιει·
2099 445 2330 516 gratiam
2357 443 2558 500 divina:
2595 449 2805 496 natura:
2834 435 3132 508 participes
3164 430 3560 489 eiﬂciuntur".

282 539 382 604 νὼς
408 539 477 594 δι’
500 539 671 609 ἡμᾶς.
698 538 1041 593 Πιστώσεται
1064 540 1122 594 δὲ
1141 541 1300 594 τοῦτο
1324 543 1473 612 ἡμᾶς
1492 539 1587 594 κα)⁵
1613 539 1641 592 6
1673 535 1864 590 θεσπί-

285 647 395 695 σιος
427 628 639 694 Παῦλος
676 629 882 699 λέγων·
921 649 939 681 ι
970 630 1102 683 Ὀτε
1132 630 1186 683 δὲ
1220 627 1350 702 ἦλθε
1381 630 1443 683 τὸ
1475 629 1748 700 πλήρωμα
1766 625 1862 680 τοῦ

284 721 495 793 χρόνου,
526 722 912 789 ἐξαπέστειλεν
943 725 970 776 6
994 721 1127 786 Θεὸς
1165 722 1257 776 τὸν
1281 723 1406 776 Υίὸν
1432 721 1618 783 αὐτοῦ,
1643 721 1867 790 γενόμε-

284 832 369 868 νον
391 815 454 868 ικ
484 807 764 883 γυναικὸς,
794 814 1084 884 γενόμενον
1121 814 1224 867 ὑπὸ
1268 814 1452 884 νόμον,
1487 814 1573 866 ῖνα
1601 819 1726 875 τοὺς
1761 812 1867 866 ὑπὸ

283 904 443 974 νόμον
499 903 829 978 ἐξαγοράσῃ,
879 903 966 957 ῐνα
1015 903 1113 974 τὴν
1170 903 1449 986 υἱοθεσίαν
1503 902 1867 972 ἀπολίπωμεν

284 998 463 1067 ἡμεῖς.
487 1015 504 1048 ι
543 994 674 1050 Εἶτα
709 996 794 1060 τίς
822 998 850 1050 6
883 995 1394 1065 ἀποστελλόμενοςσ
1443 995 1548 1047 ὑπὸ
1599 994 1764 1064 νόμον
1811 1011 1869 1047 τε

284 1088 375 1140 καὶ
405 1088 468 1138 ὶκ
501 1085 783 1154 γυναικὸς,
811 1085 888 1150 ὡς
912 1085 1038 1158 ἔφη,
1077 1086 1461 1155 γεγενημένος,
1487 1084 1625 1156 πλὴν
1656 1085 1738 1138 ὃτι
1768 1084 1871 1138 πά-

284 1177 366 1231 λιν
397 1176 581 1240 αὐτὸς,
621 1178 650 1229 6
692 1177 837 1248 πέρα
886 1177 985 1245 μὲν
1031 1177 1234 1246 νόμων,
1271 1176 1346 1239 ὡς
1384 1175 1536 1239 Θεὸς,
1590 1175 1778 1247 ἐπειδὴ
1814 1175 1870 1227 δὲ

286 1269 697 1342 κεχρημάτικεν
743 1269 1029 1340 ἄνθρωπος
1071 1266 1332 1336 γεγονὼς,
1382 1270 1476 1321 καὶ
1537 1268 1644 1321 ὑπὸ
1684 1268 1869 1338 νόμον.

285 1361 374 1416 ἵνα
416 1361 562 1415 κατά
597 1361 776 1415 πάντα
813 1363 926 1424 τοῖς
974 1358 1226 1428 ἀδελφοῖς
1269 1359 1547 1430 όμοιωθῇ;
1583 1360 1690 1413 Καὶ
1742 1358 1873 1426 γοῦν

289 1452 534 1505 συντελεῖ
563 1451 661 1522 μὲν
683 1450 834 1523 ⁸όμοῦ
871 1449 950 1522 τῷ
974 1451 1162 1521 Πέτρῳ
1201 1450 1262 1502 τὸ
1291 1450 1587 1521 δίδραχμον
1618 1449 1758 1504 κατά
1782 1451 1873 1503 τὸν

287 1541 532 1606 Μωσέως
581 1542 763 1613 νόμον.
809 1541 930 1595 Ὅτι
972 1540 1029 1593 δέ
1077 1543 1226 1593 ἐστιν
1277 1540 1559 1612 ἐλεύθερος
1605 1541 1682 1605 ὡς
1724 1541 1872 1604 Υἱὸς,

289 1635 384 1689 καὶ
425 1633 594 1702 νόμου
638 1633 906 1703 κρείττων
945 1632 1018 1694 ὡς
1062 1631 1215 1696 Θεὸς,
1259 1634 1352 1687 καὶ
1403 1635 1452 1686 εί
1505 1633 1732 1703 γέγονεν
1770 1633 1878 1686 ὑπὸ

289 1725 452 1797 νόμον
487 1724 565 1789 ὡς
597 1725 905 1796 ἄνθρωπος,
951 1724 1193 1778 ἐδίδασκε
1235 1724 1437 1794 λέγων·
1491 1744 1511 1776 ι
1536 1727 1598 1779 Οί
1640 1725 1878 1796 βασιλεῖς

291 1789 389 1889 τῆνς
409 1817 518 1889 γῆς
540 1817 648 1872 άπὸ
677 1789 838 1872 τίνων
864 1817 1205 1889 λαμϐάνουσι
1245 1789 1450 1887 κῆνσον
1481 1818 1513 1889 ἢ
1537 1789 1666 1890 τέλη
1691 1836 1705 1884 ;
1744 1789 1880 1873 Ἀπὸ
1910 1789 1953 1844 Β

291 1909 402 1965 τῶν
455 1909 588 1964 υίῶν
625 1910 830 1973 αὐτῶν,
871 1911 905 1981 ἢ
949 1911 1057 1964 ἀπὸ
1089 1909 1195 1963 τῶν
1241 1908 1569 1981 ἀλλοτρίων;
1594 1911 1803 1981 Πέτρου
1825 1911 1882 1964 δὲ

296 2001 638 2070 φάσκοντος·
698 2018 718 2053 ε
750 2000 886 2055 Ἀπὸ
933 1999 1045 2054 τῶν
1087 1998 1447 2071 summ,»
1502 2001 1810 2071 ἐπήνεγκεν
1856 2002 1886 2055 6

292 2092 456 2158 αὐτός
477 2111 492 2126 ·
540 2113 560 2147 ι
582 2096 728 2166 Ἀρά
751 2111 815 2163 γε
837 2092 1114 2166 ἐλεύθεροί
1136 2093 1275 2147 είσιν
1302 2093 1351 2146 οί
1370 2092 1497 2147 υίοί.
1532 2112 1552 2146 ι
1601 2094 1794 2156 Ὀντος
1819 2093 1885 2166 δὴ

287 2179 384 2241 οὖν
421 2185 711 2257 ιναργοῦς,
756 2185 833 2250 ὡς
884 2186 986 2239 οὐκ
1020 2184 1087 2240 ἀν
1137 2184 1352 2254 λέγοιτο
1385 2185 1642 2255 Χριστὸς,
1675 2184 1782 2249 ἔξω
1824 2202 1885 2238 τε

293 2278 498 2350 σαρκὸς
543 2272 831 2350 ὑπάρχων,
891 2278 987 2332 καὶ
1036 2276 1202 2332 οἱονεὶ
1243 2277 1562 2348 καταμόνας
1598 2277 1628 2330 6
1653 2277 1716 2330 ὲκ
1749 2275 1887 2330 Θεοῦ

291 2372 486 2440 Λόγος,
515 2369 836 2442 πρεπούσης
869 2369 926 2423 δὲ
953 2369 1158 2440 μᾶλλον
1185 2368 1333 2441 αὑτῷ
1369 2369 1470 2441 τῆς
1503 2368 1720 2423 τοιάσδε
1748 2370 1888 2439 κλή-

293 2476 459 2524 σεως,
518 2460 608 2513 ὅτε
651 2459 875 2528 γίγονεν
925 2458 1234 2530 ἄνθρωπος,
1281 2460 1416 2531 φέρε
1458 2458 1543 2530 δὴ,
1600 2458 1734 2532 φέρε
1787 2459 1890 2513 δει-

292 2547 552 2620 κνύωμεν
594 2547 655 2612 ἑξ
699 2547 881 2601 αὐτῶν
919 2546 1132 2612 ἑλόντες
1162 2547 1265 2612 τὰς
1310 2547 1524 2612 πίστεις
1572 2548 1680 2602 τῶν
1727 2547 1890 2619 ἱερῶν

295 2642 334 2695 Γ
339 2641 674 2714 ραμμάτων,
717 2640 800 2693 ὅτι
834 2640 930 2692 καὶ
960 2638 1094 2704 Θεὸς
1138 2639 1284 2693 κατὰ
1323 2641 1488 2710 φύσιν
1520 2640 1656 2703 ἐστὶ,
1686 2641 1783 2695 καὶ
1811 2642 1890 2704 είς

295 2732 530 2802 ἑνότητα
562 2730 984 2802 συνηνεγμὲνος,
1024 2731 1124 2807 τὴν
1152 2731 1289 2803 πρός
1334 2730 1398 2801 γέ
1434 2749 1576 2802 φημι
1617 2732 1714 2804 τὴν
1756 2733 1892 2787 ίδίαν

298 2826 497 2898 σάρκα.
541 2818 617 2878 O6
667 2825 732 2896 δὴ
764 2823 1066 2893 πεφηνότος
1100 2821 1359 2894 ἀληθοῦς,
1389 2823 1658 2888 Θεοτόκος
1693 2824 1758 2878 ἂν
1801 2826 1893 2878 λέ-

297 2933 450 2985 γοιτο
483 2915 620 2988 πρὸς
652 2915 834 2988 ἡμῶν,
867 2916 963 2968 καὶ
995 2914 1200 2987 σφόδρα
1233 2916 1481 2982 εἰκότως,
1514 2917 1546 2986 ἠ
1581 2918 1712 2986 ἀγία
1743 2918 1894 2990 Παρ-

300 3009 475 3074 θινὸς.

1965 540 2062 594 sed
2087 539 2233 594 Deus
2255 553 2442 600 verus,
2469 535 2564 606 qui
2595 532 2790 589 salutis
2823 537 3030 586 uestrae
3053 541 3218 582 causa
3241 525 3297 579 in
3319 524 3562 578 humana

1957 629 2141 686 .forma
2183 629 2457 700 apparuit,
2488 633 2653 697 prout
2694 623 2900 679 Paulus
2928 633 3150 691 quoque
3183 616 3337 670 hisce
3377 612 3564 668 verbis

1969 728 2205 776 testatur
2231 738 2243 772 :
2275 739 2293 770 ε
2331 717 2594 785 Quando,
2621 715 2738 779 ait,
2780 712 2935 768 venit
2961 708 3248 781 plenitudo
3278 701 3564 773 temporis,

1969 810 2121 866 misit
2143 810 2289 864 Deus
2311 808 2511 862 Filium
2535 819 2718 868 suum,
2745 802 2954 857 factum
2977 815 3046 854 ex
3067 796 3322 860 muliere,
3358 793 3566 847 factum

1970 902 2073 957 sub
2100 902 2242 972 lege,
2272 907 2331 954 ut
2351 914 2449 954 eos
2471 899 2565 968 qui
2589 896 2692 952 sub
2716 895 2833 965 lege
2855 899 3014 948 erant
3037 889 3357 949 redimeret,
3381 892 3443 938 ut
3465 897 3568 938 nos

1974 993 2213 1048 ﬁliorum
2250 989 2604 1062 adoptionem
2635 986 3016 1056 reciperemus
3048 981 3116 1033 ⁵³.
3151 999 3170 1031 ι
3202 976 3407 1048 Ecquis
3452 973 3568 1038 ille,

1971 1085 2226 1147 obsecro,
2261 1090 2365 1145 est,
2403 1080 2497 1150 qui
2533 1078 2636 1134 sub
2676 1078 2852 1148 legem
2888 1074 3092 1128 missus
3111 1079 3215 1135 est,
3249 1069 3476 1138 quique,
3507 1072 3571 1120 ut

1974 1177 2067 1233 hic
2115 1174 2408 1238 asseritur,
2446 1188 2515 1227 ex
2550 1170 2788 1246 muliere
2822 1167 3002 1222 factus
3047 1173 3152 1228 est,
3200 1161 3306 1217 nisi
3333 1169 3395 1215 ut
3427 1174 3574 1216 unus

1975 1268 2089 1332 ille,
2114 1267 2209 1338 qui
2237 1265 2461 1336 quidem
2492 1271 2554 1317 ut
2599 1261 2748 1316 Deus
2791 1273 2963 1328 supra
2993 1257 3167 1326 legem
3193 1261 3310 1318 εει,
3352 1259 3413 1305 ιιι
3437 1249 3572 1305 νει-ὸ

1977 1360 2166 1424 homo,
2196 1357 2302 1414 sub
2326 1357 2444 1426 lege
2479 1355 2658 1409 factus
2699 1350 3075 1418 fratribusque
3103 1361 3201 1416 per
3224 1343 3410 1398 omnia
3434 1341 3574 1397 assi-

1976 1455 2200 1509 milatus
2225 1462 2312 1508 est
2335 1452 2416 1504 “1'
2466 1448 2639 1520 Igitur
2676 1446 2831 1517 juxta
2858 1442 3107 1498 Mosaicaz
3148 1439 3285 1509 legis
3311 1435 3570 1508 praescri-

1978 1555 2155 1617 ptum,
2179 1559 2289 1598 una
2316 1556 2440 1597 cum
2463 1541 2629 1596 Petro
2657 1536 2983 1593 didrachma
3007 1530 3326 1603 dependit“
3355 1537 3450 1582 :ut
3479 1543 3574 1583 au-

1979 1650 2090 1695 tem
2115 1639 2258 1694 liber
2280 1646 2537 1706 tanquam
2555 1633 2745 1696 Filius,
2770 1639 2826 1685 et
2853 1631 2970 1700 lege
2995 1627 3170 1697 major
3195 1632 3256 1678 ut
3275 1623 3443 1687 Deus,
3469 1621 3574 1676 etsi

1984 1743 2042 1787 ut
2065 1731 2230 1785 homo
2260 1729 2362 1782 sub
2402 1727 2520 1797 lege
2551 1725 2727 1779 factus
2757 1731 2863 1784 εει,
2890 1715 3185 1790 ejusmodi
3221 1729 3414 1769 vocem
3445 1726 3575 1782 pro—

1983 1823 2085 1877 mit
2121 1840 2134 1875 :
2172 1840 2189 1872 ι
2225 1821 2403 1890 Reges
2425 1828 2587 1873 terrae
2609 1814 2864 1885 aquibus
2894 1823 3123 1865 censum
3167 1815 3264 1862 aut
3305 1803 3576 1859 tributum

1983 1912 2304 1984 accipiunt?
2342 1911 2387 1966 Α
2415 1909 2544 1964 ﬁliis
2567 1908 2704 1970 suis,
2735 1922 2804 1960 an
2835 1903 2906 1959 ab
2931 1898 3169 1956 alienis?
3208 1918 3226 1949 ι
3257 1898 3422 1952 Petro
3445 1907 3580 1950 vero

1982 2005 2352 2077 respondente
2391 2021 2403 2056 :
2447 2021 2465 2052 ‹
2493 2000 2576 2055 Ab
2610 1998 2838 2062 alienis;
2874 2015 2892 2045 ι
2960 2007 3087 2046 mox
3119 1989 3288 2043 infert
3334 2004 3346 2041 :
3385 2005 3402 2037 ι
3435 1984 3581 2056 Ergo

1983 2074 2146 2154 liberi
2170 2105 2300 2152 sunt
2326 2093 2425 2148 lilii
2449 2093 2515 2145 ³⁵.
2550 2111 2568 2140 ›
2601 2088 2739 2144 Cum
2774 2086 2997 2156 planum
3031 2095 3162 2151 ergo
3195 2078 3286 2143 sit,
3312 2074 3410 2131 Dei
3445 2074 3584 2130 Ver-

1984 2190 2120 2246 bum
2156 2204 2188 2244 a
2210 2202 2376 2243 carne
2407 2185 2718 2255 sejunctum
2753 2186 2809 2232 et
2840 2174 2997 2246 quasi
3051 2188 3151 2243 per
3187 2186 3245 2225 se
3286 2164 3582 2238 separatim

1986 2283 2316 2344 subsistens,
2338 2277 2621 2334 Christum
2646 2279 2793 2326 recte
2809 2267 2918 2323 dici
2942 2282 3052 2321 non
3078 2278 3260 2335 posse,
3284 2260 3380 2316 sed
3406 2259 3460 2314 id
3479 2273 3585 2314 no-

1987 2375 2152 2430 minis
2189 2381 2419 2428 eatenus
2463 2368 2517 2421 in
2552 2364 2690 2420 illud
2728 2359 3062 2422 convenire,
3095 2363 3373 2425 quatenus
3415 2350 3594 2404 homo

1988 2467 2193 2523 factum
2232 2471 2337 2528 εει,
2369 2460 2598 2532 agedum
2635 2451 2979 2526 argumentis
3015 2467 3046 2503 a
3090 2460 3376 2502 sacrarum
3409 2442 3586 2496 Litte-

1991 2574 2181 2618 rarum
2218 2551 2596 2612 monumentis
2641 2545 2843 2610 ductis,
2891 2540 3245 2598 ostendamus
3283 2533 3588 2592 secundum
3691 2579 3694 2583 .

1992 2660 2247 2707 naturam
2287 2648 2460 2703 Deum
2493 2658 2637 2706 esse,
2678 2639 2846 2694 etiam
2875 2637 2920 2690 si
2953 2630 3184 2687 unitatis
3214 2626 3437 2682 vinculo
3461 2639 3591 2695 pro-

1993 2743 2126 2814 pria:
2152 2739 2306 2796 carni
2351 2737 2645 2793 cohaereat.
2691 2729 2806 2784 Hoc
2835 2727 3042 2783 etenim
3083 2719 3379 2794 patefacto,
3427 2716 3592 2770 simul

1996 2809 2228 2887 clarebit
2262 2840 2476 2883 sacram
2513 2821 2796 2894 Virginem
2830 2813 3040 2888 optimo
3061 2815 3184 2885 jure
3222 2809 3512 2879 Deiparam
3561 2820 3593 2860 ε

1997 2924 2161 2978 nobis
2185 2916 2472 2990 appellari.
2516 2916 2521 2919 ”

367 3101 585 3160 Οὐκοῦν
604 3103 634 3155 6
663 3102 951 3173 προφήτης
974 3102 1206 3163 Ἡσαΐας
1231 3103 1514 3172 μονονουχὶ
1539 3101 1890 3175 ὲνανθρωπή·

2069 3108 2239 3180 igitur
2264 3103 2533 3174 propheta
2567 3097 2732 3153 Isaias
2769 3104 2981 3149 tantum
3014 3106 3124 3145 non
3164 3086 3445 3142 hominem
3482 3084 3597 3155 jam

301 3193 755 3284 σανταντονζίὸν,
781 3194 873 3248 καὶ
903 3196 1028 3248 ὅσον
1057 3192 1210 3248 οὖπω
1231 3195 1630 3264 παρεσόμενον,
1655 3213 1894 3264 προκατ-

301 3286 546 3342 εδείκνυε
580 3283 785 3354 λέγων·
827 3303 846 3337 ι
890 3284 1194 3355 ’1σχύσατε,
1239 3286 1417 3355 χεῖρες
1463 3283 1750 3353 ἀνειμέναι
1801 3284 1895 3336 καὶ

300 3381 510 3451 γόνατα
537 3378 992 3452 παραλελυμένα·
1029 3377 1455 3448 παρακαλέσατε
1492 3374 1541 3444 λι,
1569 3377 1618 3430 οἱ
1642 3377 1895 3447 όλιγόψυ-

305 3488 390 3543 χοι
423 3473 492 3542 τῇ
531 3467 741 3540 διανοίᾳ
761 3485 773 3497 ·
807 3467 1085 3540 ίσχύσατε,
1121 3468 1196 3540 μὴ
1226 3467 1503 3537 φοϐεῖσθε.
1551 3466 1682 3520 ’ἰδοὺ
1709 3469 1737 3520 6
1765 3468 1898 3532 Θεὸς

305 3563 466 3634 ἡμῶν
496 3561 680 3634 κρίσιν
719 3560 1137 3623 ἀνταποδίδωσι,
1167 3561 1262 3614 καὶ
1296 3559 1669 3614 άνταποδώσει
1690 3576 1704 3591 ο
1737 3559 1900 3624 αὐτὸς

305 3653 429 3727 ηεει
471 3652 566 3707 καὶ
607 3651 772 3706 σώσει
799 3652 968 3724 ἡμᾶς.
1004 3651 1139 3705 Τότε
1172 3652 1589 3723 ἀνοιχθήσονται
1628 3651 1901 3724 ὀφθαλμοὶ

307 3744 554 3815 τυφλῶν,
590 3745 687 3798 καὶ
713 3738 828 3797 ῶτα
867 3742 1071 3813 κωφῶν
1115 3743 1466 3796 ἀκούσονται.
1505 3743 1641 3795 Τότε
1690 3744 1899 3797 ἀλεῖται

309 3837 388 3902 ὡς
442 3835 644 3906 ἔλαφος
699 3837 728 3890 6
765 3835 970 3906 χωλὸς,
1025 3836 1119 3889 καὶ
1179 3835 1354 3906 τρανὴ
1381 3835 1534 3888 ἔσται
1593 3836 1901 3908 μογιλάλων

311 3927 558 3997 γλῶσσα.
600 3948 618 3980 ›
651 3927 844 3999 ’Δθρει
866 3926 932 3998 δὴ
962 3921 1053 3980 οὖν
1074 3928 1222 3988 ὅπως
1251 3927 1346 3981 καὶ
1377 3929 1581 3998 Κύριον
1617 3929 1900 3993 ἀποκαλεῖ,

314 4023 410 4077 καὶ
436 4021 573 4074 Θεὸν
601 4020 884 4091 ὀνομάζει,
918 4021 1014 4076 ἀτε
1046 4020 1224 4074 λαλῶν
1247 4023 1306 4074 ὲν
1351 4020 1628 4092 Πνεύματι
1654 4038 1667 4052 ·
1709 4023 1791 4075 ὅτι
1828 4023 1905 4094 μὴ

313 4117 604 4190 ἄνθρωπον
630 4115 818 4181 ἁπλῶς
841 4116 1104 4189 θεοφόρον
1120 4116 1394 4185 ⁴ἠπίστατο
1407 4115 1498 4169 τὸν
1530 4117 1584 4169 Ἐ
1593 4105 1902 4188 μμανουὴλ,

315 4206 440 4262 οὔτε
478 4208 587 4280 μὴν
617 4207 694 4271 ὡς
729 4209 789 4262 ὲν
811 4208 1047 4280 ὀργάνου
1084 4209 1237 4272 τάξει
1268 4208 1742 4279 παρειλημμένον,
1769 4209 1908 4262 ἀλλὰ

317 4297 451 4368 Θῴν
482 4295 702 4368 ἀληθῶς
729 4297 826 4350 καὶ
846 4295 1329 4368 ὲνηνθρωπηκότα.
1367 4295 1501 4348 Τότε
1535 4295 1642 4365 γὰρ
1671 4293 1755 4366 δὴ,
1787 4296 1907 4349 τότε

320 4391 418 4446 καὶ
452 4389 812 4461 ἀνεῴχθησαν
864 4388 962 4460 μὲν
992 4386 1268 4457 ὀφθαλμοὶ
1304 4387 1545 4457 τυφλῶν,
1585 4387 1825 4457 ἥκουσαν
1849 4386 1908 4440 δὲ

1997 3175 2226 3263 factum,
2251 3209 2491 3265 moxque
2516 3191 2836 3247 adfuturum
2863 3186 3062 3241 Filium
3090 3182 3499 3242 demonstrans,
3523 3175 3600 3231 ita

1998 3291 2213 3363 inquit:
2248 3308 2266 3340 ι
2305 3282 2730 3346 Confortamini,
2775 3293 2974 3333 manus
3025 3274 3273 3329 remissa
3319 3280 3376 3324 et
3405 3269 3600 3339 genua

1997 3385 2265 3443 dissoluta
2291 3374 2685 3436 :consolamini
2699 3387 2817 3437 vos,
2842 3368 3226 3442 pusillanimes
3247 3371 3452 3427 mente,
3472 3376 3605 3418 con-

1999 3473 2303 3538 fortamini,
2336 3481 2393 3526 et
2409 3469 2579 3523 nolite
2615 3466 2831 3521 timere.
2869 3461 3014 3516 Ecce
3041 3459 3189 3513 Deus
3227 3465 3417 3510 noster
3449 3452 3601 3524 judi-

2001 3571 2147 3626 cium
2188 3565 2462 3622 retribuet
2508 3555 2898 3616 retributionis
2930 3571 2943 3608 :
2989 3553 3136 3608 Deus
3170 3550 3288 3621 ipse
3328 3548 3514 3603 veniet
3547 3554 3604 3602 et

2002 3661 2236 3718 salvabit
2281 3673 2402 3713 nos.
2456 3655 2612 3710 Tunc
2660 3650 2981 3723 aperientur
3021 3645 3170 3700 oculi
3218 3656 3514 3705 cantorum,
3549 3647 3607 3696 et

2003 3770 2166 3812 aures
2203 3751 2501 3808 surdorum
2535 3745 2823 3817 patebunt.
2859 3741 3016 3796 Tunc
3051 3739 3209 3793 saliet
3243 3736 3383 3790 sicut
3407 3748 3607 3788 cervus

2004 3847 2254 3909 claudus,
2288 3853 2344 3898 et
2368 3847 2558 3912 aperta
2585 3838 2694 3893 erit
2723 3834 2828 3907 14
2858 3833 3044 3903 lingua
3074 3839 3350 3885 mutorum
3374 3829 3442 3879 ⁸⁷.
3477 3846 3495 3878 ι
3522 3825 3606 3880 En

2004 3920 2285 4009 quomodo
2316 3931 2488 3987 veluti
2542 3930 2599 3984 in
2643 3927 2853 3998 Spiritu
2894 3925 3150 3993 loquens,
3190 3915 3606 3972 Emmanuclcm

2006 4005 2062 4083 et
2080 4024 2378 4081 Dominum
2403 4020 2663 4091 appellet,
2705 4024 2761 4072 et
2793 4017 2968 4070 Deum
2998 4011 3277 4073 nominet;
3302 4005 3451 4077 quod
3495 4022 3607 4060 non

2006 4117 2289 4173 hominem
2321 4111 2650 4183 simpliciter
2670 4109 2946 4164 deiferum
2975 4113 3072 4160 aut
3093 4100 3450 4158 instrumenti
3486 4099 3611 4154 loco

2008 4216 2354 4280 assumptum
2386 4207 2542 4260 illum
2564 4203 2753 4266 sciret,
2781 4199 2876 4255 sed
2897 4199 3070 4253 Deum
3091 4211 3220 4250 vere
3245 4195 3608 4249 incarnatum.
3658 4241 3661 4244 _

2009 4304 2165 4359 Tunc
2187 4301 2358 4364 enim,
2377 4309 2512 4355 tunc
2539 4302 2808 4350 caecorum
2829 4291 2974 4347 oculi
3010 4286 3269 4360 patefacti
3303 4292 3456 4344 sunt.
3481 4294 3614 4339 tunc

2012 4393 2308 4451 surdorum
2354 4403 2519 4444 aures
2561 4386 2898 4447 audierunt,
2939 4393 3070 4436 tunc
3101 4378 3284 4435 claudi
3315 4389 3612 4432 cervorum

319 4484 415 4538 καὶ
447 4476 568 4541 ὦτα
602 4481 829 4546 κωφῶν,
859 4481 952 4535 καὶ
977 4480 1180 4548 ἐλάφου
1197 4479 1353 4550 δίκην
1380 4481 1408 4532 6
1446 4479 1618 4549 χωλὸς
1648 4480 1889 4550 ἀνεπήδα

2017 4487 2192 4541 instar
2217 4482 2568 4543 exsilierunt,
2599 4486 2734 4532 tunc
2775 4471 3205 4530 balbutientium
3244 4468 3433 4538 lingua
3469 4464 3615 4520 facta

320 4578 514 4646 γέγονε
536 4575 594 4629 δὲ
620 4576 715 4628 καὶ
738 4573 910 4647 τρανῆ
937 4573 1160 4642 γλῶσσα
1185 4573 1512 4657 μογιλάλων.
1537 4571 1728 4637 Οὕτως
1750 4574 1890 4628 αὐτὸ

2019 4588 2105 4634 εει
2158 4575 2386 4632 diserta.
2419 4569 2706 4644 Ejusmodi
2752 4564 3046 4640 praeconiis
3090 4564 3246 4618 illum
3287 4573 3347 4617 ιιι
3376 4574 3615 4615 exorna-

321 4668 431 4731 τοῖς
466 4665 646 4734 ἁγίοις
681 4666 1096 4733 εὐαγγελισταῖς
1139 4652 1360 4717 ἐκέλευε
1392 4664 1409 4704 ί
1439 4663 1821 4734 διακηρύττειν
1854 4667 1890 4719 τέ

2024 4676 2167 4730 rent,
2195 4664 2401 4722 sanctis
2431 4658 2784 4730 evangelistis
2814 4672 2914 4728 per
2949 4654 3216 4726 Spiritum
3244 4659 3497 4707 sanctum
3530 4649 3616 4702 in-

329 4756 551 4828 Πνεῦμα
580 4756 641 4809 τὸ
660 4755 837 4826 ἆγιον,
864 4757 1024 4825 λέγον
1045 4772 1057 4784 ·
1092 4775 1109 4808 ι
1133 4757 1250 4810 Ἐπ’
1274 4756 1401 4826 ὅρος
1423 4756 1628 4826 ὑψηλὸν
1657 4756 1888 4827 ἀνάϐηθι

2017 4757 2274 4828 junctum
2306 4762 2412 4808 est.
2440 4749 2530 4806 Ait
2550 4750 2700 4804 enim
2738 4766 2750 4802 :
2794 4767 2810 4799 ι
2843 4747 3021 4817 Supra
3057 4752 3302 4799 montem
3337 4741 3618 4796 excelsum

323 4852 354 4905 δ
401 4848 895 4918 εὐαγγελιζόμενος
925 4848 1023 4920 τὴν
1058 4848 1219 4914 Σιὼν,
1259 4847 1474 4918 ὕψωσαν
1505 4849 1564 4901 ὲν
1602 4849 1776 4919 ἰσχύει
1816 4849 1890 4920 τὴι

2022 4847 2279 4911 ascende,
2311 4857 2369 4901 tu
2392 4844 2489 4914 qui
2521 4841 2868 4912 evangelizas
2893 4839 3026 4893 Sion
3052 4856 3064 4889 :
3102 4837 3279 4890 cxalta
3312 4834 3366 4887 in
3403 4831 3623 4887 fortitu-

325 4943 512 5009 φωνήν
543 4958 657 5005 σου,
710 4942 739 4994 6
793 4941 1282 5010 εὐαγγελιζόμενος
1349 4941 1448 5013 τὴν
1513 4941 1912 5013 Ἰερουσαλήμ·

333 5035 607 5104 ὸψώσατε,
654 5034 728 5104 μὴ
760 5032 1034 5101 φοῦεῖσθε.
1080 5029 1248 5087 Εἶπον
1297 5036 1414 5098 ταῖς
1450 5034 1673 5087 πόλεσιν
1709 5035 1877 5088 Ἰούδα
1902 5052 1913 5064 ·

342 5124 475 5178 Ἰδοὺ
507 5126 537 5178 6
570 5123 706 5188 Θεὸς
733 5125 909 5196 ὑμῶν,
938 5126 1048 5179 ίδοὺ
1072 5124 1276 5198 Κύριος
1304 5127 1442 5196 μετά
1468 5125 1650 5197 ίσχύος
1680 5127 1918 5199 ἔρχεται,

2023 4941 2153 4995 dine
2181 4954 2375 4994 vocem
2407 4945 2580 5000 tuam,
2599 4933 2694 5004 qui
2723 4929 3072 5001 evangelizas
3095 4926 3402 4983 Jerusalem
3435 4943 3448 4979 :
3476 4924 3623 4978 exal-

2027 5044 2174 5097 tate,
2225 5032 2400 5087 nolite
2460 5029 2677 5085 timere.
2735 5026 2835 5080 Dic
2876 5021 3195 5080 civitatibus
3237 5019 3391 5076 Juda:
3427 5036 3441 5072 :
3483 5019 3624 5074 Ecce

2029 5125 2173 5179 Deus
2205 5132 2407 5186 vester,
2449 5136 2579 5176 ecce
2607 5117 2871 5175 Dominus
2903 5115 3051 5170 Deus
3086 5113 3141 5168 in
3177 5110 3500 5166 fortitudine
3529 5123 3594 5163 ve

334 5216 424 5269 καὶ
450 5217 479 5267 ὁ
520 5215 763 5284 βραχίων
812 5215 979 5269 αὐτοῦ
1028 5217 1167 5286 μετὰ
1208 5217 1466 5289 κυρείας·
1513 5218 1622 5270 ἰδοὺ
1654 5218 1682 5268 6
1734 5217 1890 5287 μισθὸ

2029 5214 2132 5279 ηἰι,
2160 5221 2217 5269 ει
2245 5213 2536 5268 brachium
2561 5213 2680 5283 ejus
2715 5224 2842 5265 cum
2875 5205 3256 5262 dominatione
3289 5217 3453 5258 :ecce
3477 5215 3594 5255 mer

337 5304 501 5359 αὐτοῦ
533 5307 650 5375 μετ’
691 5306 882 5367 αὑτοῦ,
920 5306 1015 5359 καὶ
1046 5306 1104 5359 τὸ
1147 5307 1306 5377 ἔργον
1337 5305 1566 5359 ἐνώπιον
1602 5309 1787 5361 αὑτοῦ.
1833 5309 1920 5371 Ὠς

339 5465 448 5589 3.;
483 5465 523 5519 ll
550 5465 696 5519 Petr.
727 5481 763 5527 ι,
789 5465 840 5518 ί.
903 5463 948 5496 ⁸³
980 5463 1156 5519 Galat.
1186 5481 1260 5529 IV,
1285 5464 1339 5522 4.
1376 5465 1428 5519 5.

1539 5465 1583 5496 ⁸⁸
1613 5465 1782 5521 Hebr.
1811 5483 1869 5524 ιι.
1901 5467 1985 5521 i7.

2032 5325 2123 5364 ces
2171 5310 2290 5380 ejus
2328 5324 2455 5364 cum
2499 5322 2589 5370 eo,
2626 5315 2846 5375 etopus
2877 5301 3028 5356 illius
3077 5314 3266 5356 coram
3310 5298 3424 5354 illo.
3473 5295 3602 5351 Sicu

2096 5467 2144 5499 ιι
2177 5466 2369 5543 Matth.
2400 5465 2642 5529 X\'ll,?.5.
2722 5459 3168 5526 “lbid.94,9.5.
3246 5458 3288 5490 ιτ
3329 5457 3628 5522 lamnas,

1451 5651 1628 5707 Variae
1658 5653 1924 5711 lectiones
1956 5652 2163 5710 codicis
2193 5651 2557 5724 chuieriani.

410 5741 432 5780 ⁸
459 5740 887 5809 ἀπεσταλμένος.

967 5742 989 5782 ll
1020 5741 1444 5811 παρακαλεῖσθε.
1531 5743 1542 5783 ί
1572 5743 1847 5800 ἐκέλευσε.
