4116 6318
559 329 621 383 ει
1582 336 1639 390 s.
1682 336 1956 394 cmeu
1996 338 2467 402 nummum
2506 347 2807 404 ARCHIEP
3746 344 3824 405 3!

557 449 746 512 pastor
776 456 992 512 gregem
1015 456 1174 497 suum
1199 454 1403 514 pascet,
1431 453 1487 501 ct
1523 447 1578 502 in
1601 449 1827 505 brachio
1858 467 1958 506 suo
1980 454 2128 507 colli-

2243 461 2445 531 ποιμὴν
2475 465 2735 533 ποιμανεῖ
2762 463 2821 516 τὸ
2853 465 3102 532 ποίμνιον
3133 461 3321 525 αὐτοῦ,
3361 463 3456 517 καὶ
3485 463 3545 517 ιν
3572 461 3649 534 τῷ
3680 462 3818 536 βρα-

556 544 648 607 get
675 552 864 608 agnos.
895 547 952 593 et
971 538 1024 592 in
1055 539 1176 593 sinu
1205 555 1305 595 suo
1348 539 1583 607 levabit;
1627 541 1767 596 fetas
1806 541 1922 613 ipse
1952 553 2133 612 porta-

556 624 639 679 bit
659 625 723 680 “.
761 646 778 676 ι
813 627 1080 697 Apparuit
1104 631 1250 683 enim
1285 629 1446 685 nobis
1469 631 1732 686 Dominus
1762 643 1950 687 noster
1976 634 2135 689 Jesus

548 716 808 772 Christus
854 720 1040 774 divina
1081 719 1424 786 fortitudine,
1453 722 1957 794 dominationisque
2005 725 2132 780 bra-

551 809 699 870 chio,
732 810 836 864 hoc
858 821 963 873 est,
1007 822 1275 882 potestate
1318 823 1376 870 et
1432 815 1758 871 auctoritate
1805 817 2128 874 instructus.

555 900 696 958 Hinc
732 903 1009 973 leprosum
1065 906 1138 959 ita
1173 906 1373 961 aﬂatur
1407 925 1420 962 ε
1466 927 1484 959 ι
1515 907 1670 972 Volo,
1717 909 1986 965 mundare
2001 912 2065 964 ".
2107 933 2125 963 ι

553 993 692 1048 Hinc
738 1010 956 1048 rursum
987 996 1230 1051 loculum
1263 998 1465 1068 tetigit,
1504 1006 1561 1054 et
1587 998 1922 1054 exstinctum
1957 1001 2134 1057 viduae

552 1079 722 1133 illium
755 1080 809 1134 in
843 1081 1008 1137 vitam
1039 1086 1316 1141 revocavit
1337 1086 1404 1140 '°.

621 1168 762 1234 Quin
799 1180 853 1224 et
885 1187 1056 1242 agnos
1077 1189 1298 1244 quoque
1331 1175 1610 1252 dispersos
1633 1179 1689 1233 in
1717 1195 1889 1234 unum
1910 1181 2089 1252 coegit
2119 1201 2131 1234 :

545 1268 635 1314 est
667 1261 814 1315 enim
858 1263 1050 1318 Pastor
1080 1265 1171 1320 ille
1203 1265 1382 1323 bonus
1405 1261 1436 1332 ,’
1452 1270 1546 1338 qui
1575 1271 1814 1327 animam
1842 1287 1997 1327 suam
2035 1288 2136 1343 pro

546 1352 747 1408 ovibus
775 1358 890 1410 suis
938 1357 1142 1426 posuit.
1178 1358 1333 1416 Unde
1366 1370 1422 1415 et
1451 1362 1527 1415 ait
1561 1379 1573 1416 :
1617 1382 1634 1414 ι
1667 1362 1821 1419 Sicut
1854 1365 2006 1419 novit
2049 1380 2135 1420 me

549 1440 732 1507 Pater,
765 1453 822 1499 et
849 1459 952 1514 ego
975 1460 1248 1516 cognosco
1291 1447 1545 1514 Patrem;
1579 1460 1636 1505 et
1675 1450 1913 1505 animam
1957 1468 2135 1507 meam

547 1547 692 1601 pono
719 1548 820 1614 pro
841 1534 1037 1589 ovibus
1068 1537 1296 1592 meis".
1345 1539 1414 1593 Et
1436 1540 1570 1596 alias
1603 1557 1734 1597 oves
1776 1542 1974 1608 habeo,
2015 1560 2137 1614 quae

547 1638 657 1679 non
692 1612 819 1680 sunt
847 1639 911 1680 ex
943 1625 1047 1682 hoc
1069 1627 1234 1690 ovili;
1262 1636 1318 1684 et
1334 1629 1457 1686 illas
1483 1640 1702 1701 oportet
1731 1649 1818 1688 me
1834 1612 2132 1702 adducere,

545 1722 604 1768 et
635 1729 823 1770 vocem
875 1732 1052 1772 meam
1106 1719 1332 1777 audient
1365 1739 1379 1775 :
1420 1731 1477 1777 et
1542 1722 1637 1778 ﬂet
1669 1741 1839 1780 unum
1869 1727 2032 1794 ovile,
2078 1737 2136 1782 et

2235 553 2374 621 χίονι
2405 554 2567 608 αὑτοῦ
2603 555 2820 621 συνάξει
2862 557 3049 628 ἄρνας.
3101 575 3120 608 ι
3175 555 3449 625 Ἐπέφανε
3482 554 3496 607 1
3538 556 3646 629 γάρ
3683 558 3818 627 ἡμῖν

2235 645 2264 694 6
2305 645 2508 714 Κύριος
2553 645 2712 716 ήμῶν
2777 646 2987 716 Ἰησοῦς
3023 648 3279 718 Χριστὸς,
3339 647 3492 717 ἰσχὺν
3533 646 3672 718 έχων
3715 650 3819 719 τὴν

2237 734 2537 808 θεοπρεπῆ,
2573 738 2666 791 καὶ
2713 738 2847 809 μετά
2890 740 3116 808 κυρείας
3145 739 3425 810 βραχίονα,
3453 741 3732 794 τουτέστιν
3757 741 3821 794 ἑν

2237 828 2458 902 ἐξουσίᾳ
2488 846 2546 883 τε
2578 832 2673 884 καὶ
2703 829 3007 903 κυριότητι.
3054 831 3343 904 Τοιγάρτοι
3373 832 3468 887 καὶ
3508 832 3713 903 ἔφασκε
3739 831 3820 904 τῷ

2238 921 2338 990 μὲν
2365 923 2553 994 λεπρῷ
2577 940 2590 954 ο
2618 943 2636 975 ι
2668 923 2841 985 Θέλω,
2877 922 3262 995 καθαρίσθητι.
3307 941 3326 976 ι
3359 925 3602 979 Ἦπτετο
3626 925 3682 978 ει
3714 926 3820 992 τῆς

2237 1012 2422 1085 σοροῦ,
2449 1017 2543 1068 καὶ
2567 1016 2758 1086 ἀνίστη
2783 1001 3058 1068 τεθῦεῶτα
3088 1015 3179 1069 τὸν
3205 1017 3304 1087 τῆς
3333 1017 3510 1089 χήρας
3539 1016 3670 1070 υίόν.

2305 1174 2586 1244 Συνήγαγε
2612 1175 2669 1229 δὲ
2699 1177 2790 1230 καὶ
2815 1176 2982 1246 ἄρνας
2998 1194 3012 1206 ο
3048 1176 3258 1247 Ποιμὴν
3279 1178 3388 1249 γάρ
3419 1181 3565 1231 ἔστιν
3589 1177 3816 1246 ἀγαθὸς,

2235 1261 2332 1332 τὴν
2357 1261 2537 1334 ψυχὴν
2559 1264 2726 1318 αὐτοῦ
2746 1265 2858 1329 θεὶς
2886 1267 3028 1338 ὑπὲρ
3055 1265 3164 1320 τῶν
3187 1266 3496 1339 προϐάτων.
3521 1268 3818 1340 Τοιγάρτοι

2237 1354 2329 1408 καὶ
2360 1353 2566 1423 ῑφασκε
2587 1371 2600 1384 ·
2639 1374 2658 1407 ι
2711 1356 2907 1421 Καθὼς
2947 1356 3208 1425 γινώσκει
3240 1374 3306 1428 με
3353 1352 3621 1431 όΠατὴρ,
3655 1357 3819 1428 κάγὼ

2237 1450 2489 1516 γινώσκω
2527 1449 2619 1503 τὸν
2657 1449 2898 1521 Πατέρα,
2946 1451 3042 1505 καὶ
3093 1451 3193 1522 τὴν
3235 1450 3417 1523 ψυχήν
3473 1469 3575 1521 μου
3621 1450 3818 1520 τίθημι

2239 1541 2378 1612 ὑπὲρ
2406 1540 2514 1595 τῶν
2537 1540 2847 1612 προϐάτων.
2882 1544 2994 1597 Καὶ
3030 1542 3166 1596 ἄλλα
3201 1543 3453 1615 πρόὸατα
3487 1543 3616 1614 ιχω,
3650 1543 3686 1597 ἀ
3713 1542 3819 1596 οὐκ

2238 1630 2384 1684 ἔστιν
2419 1633 2485 1684 εκ
2513 1630 2610 1702 τῆς
2634 1630 2803 1699 αὐλῆς
2831 1631 3036 1704 ταύτης
3056 1649 3069 1663 ο
3095 1632 3324 1686 κάκεῖνά
3353 1649 3423 1704 με
3454 1632 3537 1686 δεῖ
3559 1633 3813 1702 ἀγαγεῖν,

2238 1721 2334 1775 καὶ
2364 1720 2466 1791 τῆς
2517 1722 2704 1791 φωνῆς
2740 1738 2844 1790 μου
2878 1723 3210 1777 ἀκούσουσι·
3258 1725 3353 1778 καὶ
3394 1725 3682 1796 γενήσεται
3715 1723 3820 1794 μία

546 1817 690 1859 unus
711 1813 899 1876 pastor
920 1808 986 1863 ".
1017 1829 1035 1861 ι
1076 1809 1233 1866 Adde
1257 1811 1347 1868 his
1372 1828 1629 1885 magnum
1652 1815 1804 1871 illum
1833 1816 2128 1888 Baptistaln

2237 1812 2464 1884 ποίμνη,
2494 1810 2575 1878 εἷς
2615 1816 2840 1886 ποιμήν.
2880 1835 2897 1866 ρ
2951 1815 3276 1886 Ἀρχόμενος
3301 1816 3360 1871 δὲ
3393 1815 3504 1870 τῶν
3540 1815 3626 1869 ἐπ’
3664 1814 3822 1885 αὐτῷ

540 1891 830 1962 Joannem,
859 1913 984 1955 cum
1005 1899 1074 1956 de
1108 1900 1327 1959 Christo
1350 1907 1714 1963 concionandi
1738 1911 2023 1967 exordium
2057 1912 2133 1967 fa-

543 1999 717 2054 ceret,
752 2007 866 2047 non
913 1993 1221 2051 divinitatis
1250 2010 1516 2069 organum
1554 2011 1650 2056 aut
1680 2002 1960 2058 hominem
2003 2004 2134 2059 sim-

543 2080 762 2149 pliciter
793 2083 1088 2152 deiferum,
1118 2099 1177 2144 ut
1206 2091 1488 2146 nonnullis
1506 2093 1715 2163 garrire
1743 2094 1916 2161 lubet,
1952 2096 2132 2166 ipsum

540 2175 866 2244 appellasse,
896 2178 1032 2234 iisve
1066 2181 1161 2250 qui
1192 2197 1292 2251 per
1311 2183 1624 2239 universam
1651 2185 1896 2241 Iudaeam
1925 2187 2131 2257 passim

543 2264 886 2334 habitabant,
920 2273 1295 2338 annuntiasse,
1327 2274 1424 2330 sed
1465 2276 1637 2332 Deum
1677 2277 2042 2344 incarnatum,
2074 2280 2131 2335 id

543 2366 649 2422 est,
670 2358 952 2416 hominem
972 2361 1210 2428 factum;
1239 2365 1442 2421 clamat
1470 2383 1739 2440 namque:
1775 2390 1793 2422 ι
1821 2371 2130 2442 Ρταυερατειε

545 2449 689 2504 viam
719 2451 955 2517 Domini,
978 2464 1161 2510 rectas
1191 2455 1357 2513 facite
1377 2458 1603 2514 semitas
1633 2461 1839 2532 ejus".
1867 2483 1886 2514 ι
1921 2463 1990 2518 Ει
2019 2479 2120 2520 cu-

537 2542 650 2613 jus,
689 2559 894 2612 quaeso,
930 2546 1050 2602 vias
1074 2564 1382 2618 praeparare
1411 2552 1619 2623 jussit?
1653 2554 1736 2609 An
1765 2571 1872 2611 non
1899 2555 2127 2625 Christi,

542 2634 648 2693 hoc
673 2647 775 2704 est,
801 2640 968 2696 Verbi
998 2641 1055 2697 in
1082 2642 1322 2699 humana
1349 2644 1525 2702 forma
1550 2648 1923 2704 manifeslati?
1951 2650 2132 2717 Quid?

540 2745 612 2784 an
638 2746 747 2785 non
776 2733 858 2786 vel
889 2733 1054 2788 unius
1095 2734 1247 2789 Pauli
1281 2735 1656 2793 testimonium
1683 2739 1751 2794 ad
1797 2740 1960 2796 fidem
1999 2742 2130 2798 huic

541 2821 622 2877 rei
651 2821 957 2879 faciendam
985 2835 1068 2881 sat
1107 2841 1230 2881 esse
1259 2829 1520 2897 poterat?
1548 2829 1755 2886 Scribit
1783 2832 1830 2888 is
1851 2841 2037 2888 autem
2069 2835 2128 2889 in

541 2910 690 2968 hunc
716 2915 937 2969 modum
967 2935 979 2970 :
1014 2936 1031 2967 ‹
1064 2916 1201 2984 Quid
1246 2919 1414 2990 igitur
1453 2921 1744 2977 dicemus?
1770 2922 1826 2978 Si
1855 2925 2001 2980 Deus
2025 2940 2127 2996 pro

538 3002 719 3066 nobis,
753 3006 879 3076 quis
909 3016 1099 3062 contra
1121 3011 1260 3065 nos?
1287 3009 1391 3077 Qui
1421 3012 1586 3066 etiam
1608 3015 1834 3084 proprio
1862 3015 2000 3070 Filio
2015 3033 2125 3072 non

537 3097 804 3166 pepercit,
830 3097 926 3153 sed
949 3113 1051 3168 pro
1078 3100 1179 3170 15
1215 3101 1376 3157 nobis
1404 3103 1664 3158 omnibus
1693 3103 1917 3160 tradidit
1946 3105 2120 3172 illum,

2235 1903 2608 1975 κηρυγμάτων
2639 1906 2732 1959 καὶ
2775 1908 2804 1960 6
2843 1904 3130 1970 θεσπέσιος
3164 1907 3475 1978 Βαπτιστὴς
3536 1907 3815 1977 Ἰωάννης.

2233 1994 2356 2048 οὔτε
2405 1995 2660 2068 θεότητος
2687 1997 2939 2070 ὕργανον,
2973 1997 3095 2052 οὗτε
3145 1998 3253 2071 μὴν
3295 2000 3584 2071 ἄνθρωπον
3625 1996 3816 2062 ἁπλῶς

2235 2087 2599 2160 θεοφοροῦντα
2621 2090 2764 2144 κατά
2781 2107 2956 2154 τινας,
2974 2090 3105 2144 Θεὸν
3123 2090 3178 2144 δι
3207 2091 3407 2161 μᾶλλον
3429 2091 3569 2162 μετά
3585 2087 3818 2161 σαρκὸς.

2232 2181 2401 2250 ἧγουν
2429 2182 2914 2254 ἑνηνθρωπηκότα,
2939 2187 3051 2247 τοῖς
3084 2184 3189 2238 ἀνά
3214 2186 3395 2239 πᾶσαν
3419 2184 3518 2255 τὴν
3552 2181 3822 2237 Ἰουδαίαν

2234 2272 2622 2341 εὐηγγελίζετο
2642 2273 2818 2342 λέγων
2837 2290 2852 2306 ο
2885 2293 2903 2325 ι
2938 2273 3298 2345 Ἑτοιμάσατε
3320 2275 3420 2346 τὴν
3445 2275 3561 2329 ὁδὸν
3580 2274 3812 2347 Κυρίου,

2231 2363 2450 2428 εὐθείας
2475 2369 2680 2420 ποιεῖτε
2705 2367 2805 2431 τὰς
2833 2365 3055 2438 τρίϐους
3075 2366 3264 2422 αὑτοῦ.
3292 2386 3311 2418 ι
3347 2367 3505 2432 Τίνος
3529 2363 3624 2421 οὖν
3643 2381 3819 2440 προσ-

2229 2455 2458 2526 τέταχεν
2489 2456 2878 2527 ἑτοιμάζεσθαι
2919 2457 3022 2521 τὰς
3057 2458 3233 2523 ὀδοὺς,
3259 2458 3398 2530 πλὴν
3429 2459 3513 2513 ὅτι
3547 2457 3817 2530 Χριστοῦ,

2231 2545 2511 2599 τουτέστιν
2545 2546 2604 2599 έν
2624 2545 2915 2618 ἀνθρώπου
2945 2548 3127 2618 μορφῇ
3155 2548 3456 2620 πεφηνότος
3480 2548 3573 2601 τοῦ
3604 2548 3821 2616 Λόγου;

2245 2636 2484 2707 ’Δπόχρη
2539 2635 2618 2700 δὲ,
2660 2631 2852 2708 οἶμαι,
2904 2639 3043 2710 πρὸς
3090 2638 3272 2693 πίστιν
3322 2639 3416 2693 καὶ
3445 2640 3475 2692 ό
3525 2637 3814 2703 θεσπέσιος

2232 2728 2447 2794 Παῦλος
2474 2731 2867 2802 ἐπιμαρτυρῶν
2907 2748 2966 2784 τε
2997 2731 3094 2785 καὶ
3121 2731 3297 2800 λέγων
3317 2747 3331 2762 ·
3372 2747 3391 2781 ι
3429 2729 3494 2783 Τί
3534 2725 3626 2783 οῦν
3654 2726 3815 2799 ἐροῦ-

2235 2840 2370 2895 μεν;
2404 2824 2468 2877 Ei
2501 2826 2530 2878 6
2553 2824 2688 2886 Θεὸς
2732 2824 2874 2895 ὑπὲρ
2903 2823 3080 2895 ήμῶν,
3126 2823 3210 2886 τίς
3243 2821 3367 2877 καθ’
3397 2821 3587 2894 ήμῶνς
3617 2823 3711 2886 ’ος
3746 2837 3812 2891 γε

2229 2915 2325 2969 τοῦ
2361 2915 2494 2968 ίδίου
2522 2913 2656 2969 Υίοῦ
2676 2916 2779 2968 οὐκ
2803 2915 3080 2984 ἐφείσατο,
3109 2914 3224 2967 ἀλλ’
3245 2913 3386 2985 ὑπερ
3407 2915 3440 2984 ἠ
3449 2912 3568 2983 μῶν
3591 2912 3814 2966 πάντων

2230 3006 2547 3078 παρέδωκεν
2571 3006 2752 3070 αὑτὸν,
2791 3006 2907 3070 πῶς
2939 3005 3061 3077 οὐχὶ
3095 3004 3189 3060 καὶ
3219 3005 3317 3060 σὺν
3352 3003 3505 3073 αὐτῷ
3541 3003 3608 3057 τὰ
3632 3003 3820 3058 πάντα

2228 3101 2362 3171 ἡμῖν
2386 3098 2702 3170 χαρίσεται;
2735 3117 2754 3151 ι
2789 3094 2942 3165 Εἶτα,
2962 3098 3084 3152 εἰπέ
3109 3115 3220 3167 μοι,
3243 3097 3362 3162 πῶς
3386 3096 3453 3152 ἂν
3478 3098 3650 3152 νοοῖτο
3669 3093 3810 3150 Θεοῦ

537 3188 814 3256 quomodo
867 3205 977 3244 non
1013 3192 1177 3248 etiam
1223 3208 1346 3248 cum
1398 3195 1490 3250 illo
1532 3197 1716 3252 omnia
1771 3197 1931 3254 nobis
1953 3198 2124 3256 dona-

2231 3191 2360 3256 ίδιος
2397 3190 2524 3255 Υίδς
2565 3192 2595 3245 6
2646 3192 2710 3244 ἐκ
2748 3189 2852 3260 τῆς
2886 3190 3048 3258 ἁγίας
3083 3189 3395 3262 Παρθένου;
3431 3190 3642 3262 Ὠσπερ
3695 3187 3811 3261 γὰρ

541 3277 624 3333 bit
642 3279 730 3333 l"?
757 3300 774 3332 ι
817 3281 917 3337 llic
953 3293 1005 3338 te
1034 3299 1184 3340 nunc
1213 3285 1510 3358 interrogo,
1539 3289 1819 3358 quomodo
1852 3290 1900 3345 is
1930 3275 2026 3361 qui
2059 3307 2126 3348 ex

539 3386 699 3428 sacra
721 3373 950 3446 Virgine
971 3387 1129 3431 ortus
1150 3386 1253 3442 est,
1287 3379 1545 3449 proprius
1563 3380 1660 3436 Dei
1689 3381 1862 3437 Filius
1877 3384 2125 3453 appelle~

543 3462 674 3517 tur?
695 3462 838 3520 Sane
863 3475 924 3520 ut
955 3465 1198 3523 hominis
1216 3469 1598 3540 cujuscunque
1635 3471 1863 3528 alterius
1885 3472 2128 3530 animan-

537 3552 610 3610 tis
628 3555 912 3625 proprium
951 3557 1006 3612 id
1035 3573 1157 3614 esse
1188 3569 1336 3616 recte
1367 3556 1588 3627 dicitur,
1627 3562 1773 3632 quod
1801 3565 2127 3621 naturaliter

536 3659 607 3700 ex
633 3645 728 3701 illo
743 3649 1021 3715 nascitur;
1054 3649 1129 3705 ita
1162 3652 1361 3707 merito
1384 3668 1602 3724 quoque
1631 3654 1686 3708 id
1716 3657 2000 3732 proprium
2027 3658 2124 3716 Dei

538 3746 800 3793 censetur
845 3749 902 3794 et
929 3741 1260 3811 appellatur,
1307 3743 1454 3814 quod
1503 3760 1569 3800 ex
1619 3744 1768 3802 illius
1817 3748 2124 3807 substantia

536 3827 898 3898 progignitur.
933 3829 1049 3898 Qua
1098 3832 1265 3904 igitur
1303 3835 1515 3892 ratione
1556 3834 1814 3894 Christus
1861 3843 2122 3912 proprius

535 3918 633 3975 Dei
667 3920 839 3977 Filius
869 3924 1207 3990 nominatur,
1234 3926 1329 3996 qui
1352 3935 1409 3983 et
1438 3941 1469 3983 a
1489 3927 1602 3984 Deo
1633 3944 1854 4000 quoque
1888 3942 1945 3988 et
1966 3934 2126 3990 Patre

533 4013 782 4067 omnium
814 4013 1017 4072 salutis
1045 4023 1102 4072 et
1126 4015 1254 4073 vitm
1289 4028 1455 4075 causa
1498 4019 1723 4086 oblatus
1754 4022 2128 4092 praedicatur?

541 4121 561 4153 ι
591 4101 850 4160 Traditus
897 4113 985 4162 est
1024 4105 1172 4162 enim
1214 4098 1440 4179 propter
1479 4108 1681 4165 delicta
1722 4120 1910 4167 nostra
1926 4113 1971 4146 "
2006 4132 2018 4166 :
2069 4122 2126 4169 et

533 4190 673 4264 ipse,
701 4196 1004 4252 secundum
1030 4197 1314 4270 propheta:
1341 4215 1554 4267 vocem,
1588 4202 1887 4258 multorum
1917 4203 2122 4275 iniqui-

533 4292 676 4343 tates
697 4285 755 4342 in
778 4303 1008 4359 corpore
1036 4304 1138 4345 suo
1163 4291 1392 4361 pertulit
1423 4306 1589 4362 super
1610 4291 1818 4364 lignum
1844 4295 1909 4348 '°.
1945 4314 1962 4346 ι
2000 4295 2124 4350 Pla-

533 4391 672 4433 num
713 4384 801 4435 est
828 4380 976 4448 quod
1004 4381 1073 4437 ad
1113 4391 1437 4438 naturarum
1481 4383 1741 4444 unionem
1777 4386 2080 4456 respiciens
2105 4429 2119 4452 ,

532 4465 950 4525 Emmanueiem
975 4469 1070 4542 qui
1107 4485 1176 4528 ex
1194 4486 1352 4528 sacra
1377 4471 1600 4544 Virgine
1630 4481 1857 4530 exortus
1879 4483 1986 4542 est,
2018 4476 2114 4533 Dei

2229 3283 2359 3337 ῖδιον
2386 3282 2697 3355 ἀνθρώπου,
2729 3283 2957 3354 καὶμὴν
2987 3283 3219 3338 ἑκάστου
3251 3281 3360 3337 τῶν
3392 3281 3597 3354 ἑτέρων
3628 3279 3807 3348 ζώων,

2224 3378 2287 3433 τὸ
2315 3378 2373 3445 ιε
2405 3377 2570 3433 αὑτοῦ
2615 3377 2756 3432 κατά
2799 3377 2963 3447 φύσιν
2999 3377 3396 3448 γεγεννημένον
3418 3393 3431 3408 ·
3463 3374 3636 3438 οὕτως
3676 3373 3812 3430 ῐδιον

2226 3467 2386 3535 Θεοῦ,
2416 3470 2480 3523 ὲκ
2505 3469 2605 3540 τῆς
2632 3467 2822 3535 οὐσίας
2836 3467 3002 3523 αὐτοῦ
3022 3469 3179 3523 νοοῖτ⁹
3208 3467 3274 3523 ἀν
3300 3463 3442 3523 εἶναι
3458 3468 3554 3522 καὶ
3572 3466 3812 3535 λέγοιτο.

2229 3564 2352 3629 Πῶς
2395 3560 2488 3617 οὖν
2536 3562 2664 3628 ῖδιος
2700 3561 2837 3618 Θεοῦ
2877 3561 3005 3626 Υἱὸς
3044 3561 3360 3631 ὠνόμασται
3389 3561 3418 3614 6
3453 3558 3710 3630 Χριστὸς,
3745 3557 3808 3621 ὃς

2227 3656 2322 3710 καὶ
2375 3640 2582 3710 δέδοται
2633 3655 2785 3728 παρά
2817 3653 2953 3709 Θεοῦ
2999 3655 3095 3709 καὶ
3143 3653 3357 3726 Πατρδς
3395 3653 3497 3724 τῆς
3545 3651 3810 3708 ἀπάντων

2224 3749 2392 3803 ἕνεκα
2434 3749 2710 3821 σωτηρίας
2744 3750 2839 3803 καὶ
2879 3747 3064 3819 ζωῆςς
3099 3767 3116 3800 ι
3167 3745 3447 3818 Παρεδόθη
3487 3744 3594 3816 γάρ
3625 3743 3714 3798 διὰ
3736 3743 3811 3798 τὰ

2227 3838 2652 3912 παραπτώματα
2699 3839 2888 3911 ἡμῶν,
2939 3841 3034 3894 καὶ
3095 3837 3259 3902 αὐτὸς
3307 3837 3538 3908 ἀνομίας
3589 3835 3810 3890 πολλῶν

2227 3932 2528 4002 ἀνήνεγκεν
2560 3933 2619 3985 ιν
2650 3929 2730 4002 τῷ
2759 3928 2972 4002 σώματι
2999 3927 3164 3985 αὐτοῦ
3189 3927 3282 3982 επὶ
3303 3927 3366 3980 τὸ
3393 3925 3573 3994 ξύλον,
3613 3942 3632 3976 ι
3661 3922 3806 3981 κατά

2225 4023 2324 4093 τὴν
2355 4021 2452 4076 τοῦ
2497 4023 2780 4094 προφήτου
2817 4019 3024 4092 φωνήν.
3060 4020 3335 4092 Πρόδηλον
3360 4013 3473 4082 οὖν,
3498 4018 3580 4072 ὅτι
3608 4015 3668 4070 τὸ
3702 4017 3803 4087 τῆς

2225 4113 2474 4178 ἐνώσεως
2504 4113 2696 4185 χρῆμα
2744 4113 3098 4185 παραληφθὲν
3127 4110 3461 4180 ἀναγκαίως,
3513 4110 3645 4164 ἴδιον
3673 4109 3810 4163 Υίδν

2225 4202 2520 4271 ἀποφαίνει
2564 4201 2660 4255 τοῦ
2696 4201 2831 4256 Θεοῦ
2875 4203 2967 4256 τὸν
3024 4200 3392 4272 Ἐμμανουήλ,
3449 4200 3540 4254 τὸν
3596 4203 3660 4253 ἐκ
3701 4197 3801 4271 τῆς

2227 4293 2387 4362 ἁγίας
2421 4293 2700 4365 Παρθένου
2723 4312 2737 4325 ο
2766 4293 2925 4366 σῶμα
2951 4293 3060 4367 γὰρ
3089 4289 3157 4366 ἦν
3179 4294 3279 4365 οὐχ
3304 4293 3493 4364 ἑτέρου
3519 4291 3665 4357 τινὸς
3691 4290 3806 4346 τῶν

2227 4383 2349 4438 καθ’
2388 4387 2558 4457 ἡμᾶς,
2589 4386 2720 4440 ἴδιον
2742 4385 2799 4440 δὲ
2831 4387 3031 4458 μᾶλλον
3063 4385 3230 4441 αὑτοῦ
3251 4385 3348 4441 τοῦ
3376 4389 3440 4440 εκ
3461 4385 3555 4439 τοῦ
3587 4383 3800 4457 Πατρδς

2225 4479 2378 4541 ὗντος
2407 4477 2606 4546 Λόγου,
2632 4478 2976 4550 τδογεννηθὲν
3005 4478 3064 4546 ιε
3098 4479 3288 4551 αὐτῆς.

533 4557 736 4616 Filium
758 4558 984 4617 definiat
1025 4578 1037 4616 :
1069 4561 1517 4634 quandoquidem
1538 4579 1740 4636 corpus
1759 4566 1906 4637 quod
1939 4583 2008 4622 ex
2043 4584 2108 4624 ea
2146 4579 2338 4625 natum
2381 4576 2486 4633 est,
2522 4585 2631 4625 non
2676 4571 2905 4626 alterius
2935 4571 3240 4644 cuiuspiam
3303 4572 3544 4629 hominis
3593 4573 3798 4631 nostri-

534 4655 647 4706 met
669 4649 885 4715 similis,
919 4648 1015 4706 sed
1037 4649 1212 4722 ipsius
1239 4651 1428 4719 Verbi,
1452 4654 1601 4724 quod
1627 4669 1694 4710 ex
1719 4655 1882 4710 Patre
1913 4666 2106 4711 natum
2144 4668 2247 4725 est,
2277 4661 2563 4730 proprium
2587 4670 2727 4717 erat.

603 4742 762 4811 Quod
794 4741 840 4798 si
868 4743 993 4814 quis
1030 4744 1185 4798 illum
1226 4743 1375 4800 aliud
1399 4745 1539 4802 nihil
1567 4763 1733 4818 quam
1777 4748 1987 4803 nudum
2022 4749 2119 4805 Dei

2295 4753 2358 4806 Εί
2380 4754 2439 4807 δὲ
2467 4754 2529 4826 δὴ
2557 4754 2717 4826 ψιλὴν
2745 4755 2838 4809 καὶ¹
2883 4755 3052 4827 μόνην
3090 4756 3355 4826 ἀπονέμει
3394 4774 3479 4821 τις
3507 4757 3658 4829 αὐτῷ
3698 4757 3801 4832 τὴν

535 4847 800 4903 organum
826 4833 1103 4889 exstitisse
1128 4835 1495 4902 contenderit,
1522 4837 1569 4894 is
1587 4839 1672 4894 vel
1701 4839 1908 4896 invitus
1930 4857 2114 4897 veram

2231 4842 2519 4915 ὀργανικὴν
2557 4843 2882 4916 ὑπουργίαν,
2914 4844 3230 4914 ἀποπέμψει
3260 4846 3354 4902 καὶ
3381 4848 3479 4918 οὐχ
3521 4846 3666 4902 ἑκὼν
3701 4849 3792 4903 καὶ

537 4922 659 4980 Filii
688 4924 956 4980 rationem
996 4924 1076 4979 illi
1108 4926 1342 4983 auferet.
1385 4928 1729 5001 Proponatur
1763 4931 1918 4987 verbi
1948 4947 2115 4989 causa

2231 4932 2314 4986 τοῦ
2359 4928 2497 4986 εἷναι
2542 4934 2684 4988 κατά
2727 4935 2982 5005 ἀλήθειαν
3017 4937 3161 4989 Υίόν.
3203 4936 3540 4994 ’Υποκείσθω
3570 4941 3677 5012 γάρ
3712 4958 3795 5005 τις

535 5013 704 5071 homo
730 5016 1021 5087 quispiam,
1048 5017 1140 5073 cui
1165 5017 1239 5074 sit
1255 5017 1402 5076 filius
1424 5020 1555 5092 lyra;
1570 5023 1873 5080 tractanda
1895 5040 2116 5095 gnarus,

2231 5024 2296 5093 τῷ
2328 5023 2492 5096 λόγῳ,
2529 5025 2662 5097 φέρε
2691 5027 2886 5092 εἰπεῖν,
2919 5027 3232 5094 ἄνθρωπος’
3263 5029 3406 5084 ἔστω
3437 5031 3496 5084 δὲ
3522 5032 3674 5103 αὐτῷ
3701 5033 3798 5088 καὶ

533 5107 912 5180 psallendique
937 5109 1140 5180 oppido
1164 5111 1406 5182 peritus;
1433 5115 1702 5185 numquid
1727 5115 1819 5171 hic
1841 5116 2013 5189 lyram
2058 5127 2116 5173 et

2231 5117 2347 5178 mi;
2375 5115 2445 5169 τὰ
2486 5117 2566 5180 είς
2600 5115 2772 5188 λύραν
2803 5117 3076 5187 τεχνίτης,
3119 5119 3212 5172 καὶ
3237 5118 3464 5188 ψάλλειν
3503 5125 3571 5175 τά
3599 5122 3798 5193 ἄριστα

536 5199 750 5271 reliqua
783 5199 1026 5256 musices
1064 5200 1436 5259 instrumenta
1463 5205 1659 5261 eodem
1686 5221 1812 5262 cum
1849 5206 1964 5262 lilio
1997 5208 2118 5263 loco

2231 5206 2630 5278 μεμελετηκώς.
2665 5205 2814 5280 Ἀρα
2847 5207 2941 5263 οῦν
2967 5209 2995 5262 6
3017 5209 3255 5274 τοιοῦτος
3277 5211 3679 5281 καταλογιεῖται
3698 5213 3799 5283 τὴν

535 5296 594 5346 et
615 5291 808 5347 ordine
833 5291 1100 5348 habebit?
1123 5292 1273 5349 Nihil
1303 5295 1449 5350 enim
1474 5296 1576 5353 hac
1600 5313 1660 5352 re
1688 5297 1798 5353 dici
1821 5309 1988 5369 queat
2021 5300 2118 5355 ab-

2231 5299 2388 5370 ιύραν
2415 5300 2508 5354 καὶ
2531 5303 2592 5353 τὸ
2615 5300 2712 5371 τῆς
2742 5300 2889 5371 ᾠδῆς
2917 5301 3144 5372 δργανον
3171 5304 3228 5355 ὲν
3256 5303 3373 5357 υίοῦ
3406 5303 3557 5370 τάξει
3587 5308 3683 5360 σὺν
3719 5306 3797 5376 τῷ

645 5445 692 5480 ⁸⁸
714 5448 817 5504 lsa.
842 5467 930 5515 ιι,
951 5451 1105 5508 9-H.
1206 5453 1251 5487 ⁸⁸
1285 5451 1473 5508 Matth.
1507 5470 1620 5515 vm,
1648 5435 1700 5507 3.

1805 5455 1852 5485 ⁸⁸
1883 5453 2014 5508 an.
2047 5471 2138 5518 vn,
2167 5456 2252 5508 ιι.
2346 5456 2389 5487 ⁸¹
2415 5456 2570 5511 Joan.
2607 5473 2658 5520 x,
2695 5458 2777 5511 Η.
2867 5460 2909 5490 ⁸¹
2945 5459 3082 5515 Ibid.
3128 5461 3207 5517 l6.

541 5516 585 5548 "
619 5517 776 5574 Rom.
816 5537 928 5584 vui,
955 5521 1044 5587 3i,
1077 5523 1165 5578 '52.
1239 5523 1286 5555 "
1315 5522 1471 5579 Rom.
1505 5540 1578 5590 tv,
1604 5524 1693 5579 25.

3320 5463 3364 5495 ⁸³
3403 5462 3596 5518 Matth.
3635 5477 3711 5527 In,
3736 5461 3788 5515 ὃ.

1770 5524 1815 5554 ⁵⁸
1850 5524 1868 5578 l
1896 5525 2040 5579 Pctr.
2069 5541 2126 5582 ιι.
2152 5525 2259 5589 εις
2297 5525 2394 5580 lsa.
2433 5543 2540 5589 LIII,
2565 5526 2616 5580 9.

1637 5662 1804 5717 Varia:
1833 5663 2096 5719 lectiones
2130 5664 2332 5720 codicis
2366 5666 2722 5735 Seguieriani.

620 5776 634 5812 ι
671 5767 936 5837 ἐπεφάνη.
