4116 6318
267 354 335 414 53
1732 352 1852 408 ΕΡιε

1958 351 2068 407 ιιΑ
2111 353 2150 408 l.
3493 351 3562 405 5-3

267 467 402 540 victe;
437 467 549 521 Καί
576 484 660 522 τοι
695 467 815 531 πῶς
847 470 948 522 οὐκ
993 466 1186 537 εὔηθες
1218 467 1339 520 λίαν
1372 467 1434 520 τδ
1463 467 1651 539 χρῆμά
1682 468 1852 533 ὶστιν;

1967 487 2208 542 surdius.
2233 484 2518 556 Siquidem
2542 485 2661 556 lyra
2682 482 2752 539 ad
2774 483 2954 538 solum
2979 482 3114 540 artis
3141 498 3303 540 usum
3331 483 3560 540 assumi-

278 558 342 614 Ἥ
378 559 481 630 μὶν
503 559 615 632 γὰρ
641 559 783 632 λύρα
809 561 889 624 είς
915 556 1141 626 ἔνδειξιν
1171 560 1498 632 παρελήφθη
1522 560 1622 629 τῆς
1640 559 1862 630 τέχνης.

267 647 296 702 ό
324 645 380 701 δέ
406 647 529 700 ἐστι
558 647 655 702 καὶ
676 647 912 718 ὀργάνου
951 647 1097 717 δίχα,
1138 647 1232 701 τοῦ
1264 647 1519 710 τεκόντος
1547 646 1684 710 υίός.
1719 647 1782 699 El
1807 646 1864 699 δὲ

267 736 330 808 δή
361 739 525 805 φαῖεν
560 736 644 790 ὃτι
666 736 1001 808 παρελήφθη
1035 737 1173 809 πρὸς
1194 738 1500 807 ὑπουργίαν
1525 739 1553 792 6
1579 738 1643 791 ὲκ
1675 755 1864 804 γυναι-

268 826 384 893 κδς,
440 828 532 883 ἴνα
563 829 631 883 δι’
683 829 852 884 αὐτοῦ
901 829 1128 898 τελῆται
1171 829 1242 883 τά
1276 829 1555 900 θαύματα,
1602 831 1699 885 καὶ
1755 829 1863 884 τῶν

265 921 647 992 εὐαγγελικῶν
686 922 1079 993 θεσπισμάτων
1120 922 1417 994 άναλάμψῃ
1468 922 1528 977 τὺ
1574 925 1860 994 κήρυγμα,

264 1013 512 1082 λεγέσθω
544 1016 640 1069 καὶ
676 1015 910 1079 ἔκαστος
933 1015 1044 1069 τῶν
1067 1017 1241 1083 άγίων
1280 1016 1577 1089 προφητῶν
1611 1016 1864 1088 θεότητος

264 1105 522 1177 ὄργανον,
559 1106 654 1159 καὶ
686 1107 792 1174 πρό
826 1125 890 1176 γε
916 1107 1024 1161 τῶν
1053 1107 1230 1162 ἄλλων
1263 1108 1524 1162 ἁπάντων
1552 1112 1582 1164 6
1618 1110 1863 1180 ίεροφάνυ

261 1213 361 1268 της
391 1199 640 1269 Μωῦσῆς
662 1213 674 1226 ·
711 1199 773 1264 ὃς
799 1199 1053 1271 ἀνασχὼν
1091 1200 1191 1274 τὴν
1224 1200 1423 1272 ῥάϐδον
1465 1202 1722 1273 μετετίθη
1762 1203 1862 1274 μὲν

261 1291 344 1352 είς
370 1283 517 1360 αἷμα
547 1291 677 1355 τοὺς
725 1295 1039 1363 ποταμούς·
1072 1292 1515 1364 διαχωρίζων“δὲ
1560 1294 1656 1348 καὶ
1689 1296 1862 1366 αὐτὴν

263 1380 564 1446 θάλατταν,
595 1383 683 1437 διὰ
716 1385 898 1453 μέσων
933 1385 1069 1438 ἰέναι
1110 1385 1374 1455 κυμάτων
1408 1385 1629 1439 ἐκέλευε
1655 1389 1770 1450 τοῖς
1803 1386 1862 1451 ἐξ

275 1474 534 1546 Ἰσραήλ·
575 1476 854 1548 ἐπιφέρων
883 1476 940 1529 δὲ
983 1477 1154 1548 αὐτὴν
1197 1477 1294 1531 καὶ
1347 1476 1598 1549 πέτραις,
1651 1478 1860 1532 ὑδάτων

263 1565 437 1629 αὐτάς
463 1568 643 1621 ἐποίει
672 1568 943 1640 μητέρας,
961 1570 1054 1623 καὶ
1090 1569 1272 1641 πηγὴν
1302 1569 1474 1635 ἔδειξε
1498 1571 1598 1642 τὴν
1630 1571 1860 1644 ἀκρότο-

265 1674 394 1729 μον·
430 1662 530 1713 καὶ
571 1661 800 1731 μεσίτης
847 1661 1040 1731 γέγονε
1092 1661 1230 1715 Θεοῦ
1272 1663 1367 1716 καὶ
1400 1661 1727 1733 ἀνθρώπων,
1766 1664 1860 1716 καὶ

260 1748 428 1820 νόμου
456 1749 708 1815 διάκονος
734 1747 826 1823 ἦν,
876 1754 971 1807 καὶ
1007 1751 1305 1822 καθηγεϊτο
1339 1751 1506 1808 λαῶν.
1553 1752 1719 1808 Οὐδὲν
1761 1751 1857 1808 οῦν

258 1836 369 1908 ἄρα
395 1837 460 1891 τὸ
491 1838 750 1909 περιττὸν
783 1841 842 1892 εν
871 1840 1114 1911 Χριστῳ,
1143 1840 1237 1894 καὶ
1279 1839 1722 1914 πεπλεονέκτηκε
1759 1842 1858 1914 μὲν
1892 1848 1934 1903 Β

256 1927 511 1999 οὐδαμῶς
529 1929 660 1993 τοὺς
686 1930 794 2002 πρὸ
814 1929 977 1983 αὑτοῦ
995 1930 1312 2000 γεγονότας,
1333 1932 1382 1983 εί
1413 1930 1491 1994 ὼς
1519 1932 1577 1984 ιν
1604 1932 1854 2004 ὀργάνων

253 2022 405 2087 τάξει
435 2039 499 2076 τε
539 2023 636 2078 καὶ
664 2024 824 2095 χρεία
863 2025 1004 2078 κατὰ
1050 2023 1144 2076 τόν
1176 2024 1292 2077 ίσον
1328 2025 1530 2096 τρόπον
1563 2026 1660 2079 καὶ⁵
1699 2019 1854 2091 οὗτος

257 2112 776 2185 παραλαμϐάνεται.
806 2115 1171 2188 Πεφλυάρηκε
1195 2116 1275 2178 δὲ,
1306 2117 1451 2172 κατὰ
1472 2117 1534 2171 τὸ
1555 2118 1724 2182 είκδς.
1759 2121 1854 2182 καὶ

252 2203 282 2256 6
312 2204 605 2270 θεσπέσιος
634 2205 801 2259 Δαυῖδ
835 2207 1056 2261 κάκεῖνο
1086 2205 1258 2259 είπὼν
1297 2206 1381 2259 ὅτι
1417 2225 1435 2257 ι
1476 2207 1571 2271 Τίς
1606 2209 1666 2261 ὲν
1697 2209 1853 2278 νεφέ-

252 2294 370 2360 λαις
415 2295 750 2368 ίσωθήσεται
787 2296 867 2369 τῷ
913 2297 1137 2369 Κυρίῳ;
1166 2297 1278 2351 Καὶ
1322 2298 1407 2362 τίς
1451 2299 1853 2372 ὁμοιωθήσεται

249 2385 327 2457 τῷ
356 2387 560 2458 Κυρίῳ
594 2389 654 2442 ὲν
684 2389 820 2453 υῑοῖς
851 2387 1020 2456 Θεοῦ;
1056 2407 1075 2441 ι

331 2480 478 2534 Ἀλλ’
528 2481 560 2534 ὃ
605 2497 672 2550 γε
718 2480 1033 2551 σοφώτατος
1077 2480 1292 2546 Παῦλος
1337 2479 1598 2534 τελοῦντα
1653 2481 1751 2552 μιν
1795 2483 1851 2535 ὲν

249 2571 494 2636 οἰκέταις
546 2573 844 2642 ἀποφαίνει
893 2574 1173 2638 Μωῦσέα,
1207 2573 1343 2627 Θεὸν
1389 2573 1445 2626 δὲ
1493 2575 1588 2627 καὶ
1647 2573 1850 2643 Κύριον

249 2664 530 2719 ἀποκαλεῖ
571 2665 665 2719 τὸν
712 2667 777 2718 ὲκ
826 2665 1085 2734 γυναικὸς
1139 2664 1505 2735 οἰκονομικῶς
1561 2666 1847 2735 γεγονότα,

247 2756 503 2810 τουτέστι
529 2757 789 2827 Χριστόν.
817 2755 1070 2828 Γέγραφε
1105 2755 1216 2828 γὰρ
1245 2751 1381 2812 ὧδε·
1422 2777 1443 2810 ι
1476 2758 1662 2822 Ὥστε,
1700 2759 1852 2812 ἀδελο

250 2849 340 2918 φοὶ
361 2850 538 2918 ἅγιοι,
574 2848 826 2921 κλήσεως
855 2849 1184 2923 ἐπουρανίου
1207 2850 1446 2920 μέτοχοι,
1473 2851 1848 2921 κατανοήσατε

247 2941 338 2994 τὺν
387 2939 698 2995 ἀπόστολον
754 2941 851 2995 καὶ
891 2941 1158 3014 ἀρχιερέα
1203 2940 1305 3012 τῆς
1348 2941 1641 3013 ὁμολογίας
1693 2940 1851 3014 ήμῶν

259 3032 472 3105 Ἰησοῦν
524 3033 718 3088 πιστὸν
763 3033 898 3089 ὄντα
947 3033 1025 3105 τῷ
1080 3035 1366 3106 ποιήσαντι
1412 3033 1599 3099 αὐτὸν,
1641 3033 1716 3096 ὡς
1755 3035 1850 3087 καὶ

245 3125 492 3196 Μωῠσῆς
519 3127 582 3178 ὲν
612 3125 722 3197 ὅλῳ
750 3125 830 3196 τῷ
862 3126 997 3196 οῐκῳ
1031 3125 1221 3181 αὑτοῦ.
1258 3125 1509 3190 Πλείονος
1542 3125 1652 3196 γὰρ
1689 3122 1846 3196 δόξης

1968 589 2092 644 tur;
2121 576 2368 632 musicus
2411 585 2596 632 autem
2615 579 2719 632 etsi
2754 575 2982 630 omnino
3006 589 3216 647 organo
3238 584 3444 643 careat,
3468 590 3562 648 pa-

1967 669 2143 724 rentis
2175 667 2261 724 sui
2280 667 2428 723 ﬁlius
2453 683 2576 723 esse
2595 683 2707 724 non
2734 665 2960 724 desinit.
3001 666 3160 734 Quod
3195 666 3243 724 si
3277 666 3433 724 illum
3466 666 3563 740 qui

1965 776 2034 816 ex
2067 761 2301 816 muliere
2344 769 2502 817 ortus
2541 767 2647 825 est,
2691 759 2760 815 ad
2794 759 3173 814 ministerium
3213 767 3561 830 assumptum

1965 854 2230 918 dixerint,
2253 861 2316 908 ut
2344 853 2611 908 miracula
2625 868 2728 923 per
2753 853 2909 908 illum
2931 851 3253 912 ederentur,
3280 848 3562 924 evangeli-

1965 961 2268 1016 corumque
2295 945 2648 1002 oraculorum
2675 943 2996 1016 praedicatio
3038 944 3446 1017 invulgarelur,
3463 957 3564 999 ea-

1963 1036 2091 1091 dem
2119 1037 2342 1092 licentia
2367 1037 2674 1108 quemlibet
2693 1045 3007 1092 sanctorum
3044 1037 3442 1110 prophetarum
3463 1076 3479 1104 ,
3507 1043 3566 1093 et

1964 1128 2241 1199 praecipue
2278 1129 2717 1184 sacratissimum
2767 1127 2922 1182 illum
2955 1128 3211 1199 Moysen,
3255 1126 3566 1185 divinitatis

1963 1219 2397 1276 instrumentum
2413 1221 2687 1276 exstitisse
2704 1229 3025 1276 asseverent
3045 1238 3058 1272 :
3074 1219 3165 1274 hic
3181 1219 3329 1276 enim
3348 1218 3564 1275 sublata

1962 1313 2117 1384 virga
2155 1312 2540 1384 Egyptiorum
2568 1313 2795 1368 ﬁumina
2830 1312 2886 1368 in
2933 1312 3256 1384 sanguinem
3298 1310 3561 1378 vertit";

1963 1405 2214 1476 marique
2237 1406 2291 1460 in
2312 1415 2502 1476 partes
2520 1405 3160 1469 dissecto,lsracliticum
3179 1404 3443 1474 populum
3463 1417 3564 1476 per

1961 1498 2205 1553 medium
2224 1497 2528 1553 traduxit“
2550 1516 2561 1552 :
2579 1506 2635 1552 et
2655 1498 2808 1569 virga
2829 1512 3020 1553 saxum
3039 1487 3377 1568 percutiens,
3398 1496 3564 1553 uber-

1963 1588 2062 1643 tim
2093 1589 2460 1644 scaturicntes
2484 1589 2660 1645 undas
2675 1588 2957 1660 produxit,
2992 1597 3050 1644 et
3079 1589 3247 1644 duras
3282 1597 3474 1645 cautes
3503 1587 3562 1644 in

1961 1693 2232 1746 aquarum
2271 1678 2454 1734 fontes
2483 1679 2846 1749 commutavit
2865 1679 2912 1711 ”
2943 1696 2956 1732 ε
2986 1678 3259 1734 mediator
3294 1687 3562 1749 praetcrea

1961 1770 2058 1825 Dei
2086 1780 2143 1826 et
2165 1771 2453 1825 hominum
2476 1770 2520 1801 ⁶⁰
2551 1779 2607 1825 et
2626 1769 2764 1840 legis
2783 1770 3037 1826 minister
3063 1773 3102 1802 "
3124 1812 3138 1836 ,
3178 1769 3440 1842 ctpopuli
3460 1770 3560 1826 de-

1961 1862 2126 1932 nique
2150 1862 2259 1918 dux
2286 1862 2556 1918 etdoctor
2579 1862 2809 1917 exstitit.
2841 1861 2988 1917 Nihil
3026 1862 3262 1934 proinde
3290 1863 3559 1920 eximium

1962 1954 2019 2008 in
2062 1953 2286 2010 Christo
2313 1954 2528 2019 fuisset,
2557 1969 2659 2009 nec
2684 1954 2850 2008 ullam
2897 1952 2951 2008 in
2972 1963 3184 2025 partem
3202 1963 3434 2012 caeteros
3463 1953 3558 2028 qui

1960 2044 2117 2100 illum
2147 2054 2598 2111 antecesserant,
2627 2045 3003 2111 excelluisset,
3035 2047 3082 2101 si
3106 2055 3162 2102 et
3185 2046 3302 2117 ipse
3337 2060 3560 2117 quoque

1959 2153 2115 2208 aeque
2149 2153 2214 2193 ac
2236 2138 2312 2192 illi
2348 2138 2707 2194 instrumenti
2726 2139 2904 2194 vicem
2926 2137 3249 2209 expleverit.
3281 2138 3387 2210 16
3410 2136 3559 2194 Con-

1960 2245 2201 2299 sequens
2223 2229 2281 2285 ﬁt
2301 2245 2435 2301 ergo
2464 2230 2717 2285 divinum
2751 2229 3016 2285 Davidem
3039 2232 3258 2302 nugari,
3286 2231 3560 2301 planeque

1959 2320 2218 2391 ineptire,
2253 2321 2383 2377 dum
2401 2322 2515 2376 ait:
2558 2342 2576 2372 ι
2606 2321 2743 2388 Quis
2762 2322 2818 2377 in
2849 2321 3420 2393 nubibuszeqnabitur
3449 2322 3564 2377 Do-

1959 2413 2151 2470 mino?
2182 2414 2393 2485 thuis
2411 2415 2610 2469 similis
2639 2415 2747 2469 erit
2769 2414 3005 2469 Domino
3037 2415 3090 2468 in
3116 2414 3243 2469 ﬁliis
3273 2415 3393 2484 ejus
3416 2413 3502 2467 “?
3532 2432 3551 2466 ι

2028 2507 2099 2561 At
2138 2505 2582 2577 sapientissimus
2629 2506 2830 2562 Paulus
2886 2506 3134 2577 Moysen,
3186 2506 3255 2561 ad
3295 2506 3566 2562 Hebraeos

1958 2598 2228 2662 scribens,
2259 2599 2581 2654 domesticis
2607 2608 2968 2664 annumerat;
3009 2615 3137 2654 eum
3166 2614 3319 2662 vero,
3346 2599 3446 2669 qui
3469 2597 3557 2654 di-

1959 2692 2087 2746 vina
2129 2691 2541 2762 dispensatione
2571 2708 2641 2748 ex
2687 2692 2922 2748 muliere
2962 2703 3126 2746 natus
3168 2700 3286 2755 est,
3323 2689 3430 2746 hoc
3473 2698 3560 2746 est

1956 2783 2265 2849 Christum,
2291 2783 2465 2840 Deum
2495 2799 2558 2839 ac
2585 2785 2880 2840 Dominum
2927 2793 3108 2838 vocat.
3157 2783 3364 2839 Scribit
3407 2780 3558 2840 enim

1958 2878 2109 2934 hunc
2136 2877 2191 2932 in
2227 2877 2454 2933 modum
2487 2895 2500 2930 :
2537 2897 2554 2927 ε
2586 2877 2766 2942 Unde,
2789 2876 2990 2931 fratres
3009 2875 3184 2930 sancti
3205 2916 3218 2939 ,
3249 2875 3559 2932 vocationis

1957 2969 2199 3024 caelestis
2224 2969 2544 3040 participes,
2569 2968 2916 3024 considerate
2948 2968 3261 3038 apostolum
3289 2977 3343 3022 et
3369 2966 3556 3038 ponti-

1959 3059 2118 3116 ﬁcem
2151 3059 2518 3116 confessionis
2555 3069 2786 3124 nostrae.
2811 3061 2997 3116 Jesum
3017 3100 3031 3122 ,
3066 3060 3160 3130 qui
3193 3058 3370 3115 ﬁdelis
3394 3070 3479 3114 est
3502 3059 3556 3114 ei

1957 3152 2052 3223 qui
2079 3152 2208 3207 fecit
2238 3151 2417 3215 illum,
2451 3151 2596 3206 sicut
2619 3159 2677 3206 et
2712 3151 2927 3223 Moyses
2956 3150 3011 3204 in
3045 3150 3196 3204 omni
3218 3150 3384 3204 domo
3411 3151 3554 3222 ejus.

243 3213 400 3281 οὗτος
426 3219 584 3289 παρὰ
611 3217 856 3288 Μωῦσῆν
878 3217 1131 3288 ἠξίωται,
1152 3217 1273 3273 καθ’
1287 3212 1418 3273 ὅσον
1441 3219 1662 3272 πλείονα
1683 3217 1819 3288 τιμὴ
1833 3235 1852 3269 ιι

1958 3212 2261 3314 Ᾱιιιριὶοιίε
2307 3212 2458 3298 enim
2500 3242 2690 3311 gloria:
2728 3212 2831 3296 iste
2870 3257 2981 3313 prae
3013 3241 3194 3313 Moyse
3232 3212 3559 3311 dignus'est

244 3311 358 3381 ἕχει
393 3309 494 3364 τοῦ
529 3309 730 3364 οῐκουό
751 3311 1172 3375 κατασκευάσας
1201 3311 1384 3366 αὐτόν.
1420 3313 1536 3376 Πᾶς
1567 3311 1675 3382 γὰρ
1700 3309 1845 3374 οἶκος

245 3397 729 3463 κατασκευάζεται
779 3399 885 3453 ὑπό
933 3414 1113 3464 τινος’
1149 3401 1178 3453 6
1226 3400 1283 3454 δὲ
1329 3401 1400 3455 τά
1444 3402 1623 3455 πάντα
1673 3417 1843 3454 κατα-

248 3490 555 3551 σκευάσας.
589 3488 746 3552 Θεός.
779 3489 891 3541 Καὶ
923 3490 1166 3562 Μωῦσῆς
1196 3492 1294 3561 μὲν
1324 3492 1514 3552 πιστὸς
1543 3493 1601 3545 ἐν
1630 3491 1738 3562 ὅλῳ
1769 3491 1846 3562 τῷ

244 3581 383 3650 οῑκφ
408 3579 585 3633 αὑτοῦ
610 3580 687 3643 ὡς
712 3579 989 3652 θεράπων,
1022 3582 1102 3645 είς
1131 3583 1441 3654 μαρτυρίαν
1470 3582 1579 3636 τῶν
1605 3582 1846 3654 λαληθη-

247 3676 528 3747 σομένων·
565 3675 803 3746 Χριστὸς
846 3675 903 3728 δὲ
937 3675 1012 3738 ὡς
1040 3675 1156 3736 υίὸς
1191 3675 1286 3729 ἐπὶ
1329 3676 1422 3729 τὸν
1465 3671 1630 3758 οἷκον.
1656 3676 1844 3742 αὐτοῦ,

243 3765 304 3826 οῦ
332 3767 487 3834 οἶκός
533 3771 704 3840 ἐσμεν
735 3773 921 3841 ἡμεῖς.
959 3789 978 3821 ι
1022 3770 1216 3842 Ἀθρει
1256 3771 1320 3842 δὴ
1347 3768 1441 3825 οὖν
1484 3772 1631 3835 ὅπως
1661 3772 1756 3825 καὶ
1787 3772 1847 3825 τὸ

244 3863 342 3932 τῆς
375 3861 810 3934 ἁνθρωπότητος
849 3861 1015 3915 αὑτοῦ
1051 3863 1327 3935 τετήρηκε
1365 3863 1586 3935 μέτρον,
1623 3864 1717 3917 καὶ
1746 3864 1846 3935 τῆς

245 3954 510 4005 ἀνωτάτω
547 3951 708 4021 δόξης
746 3953 842 4005 καὶ
887 3951 1231 4024 θεοπρεποῦς
1258 3953 1418 4020 ἀξίας
1458 3954 1724 4024 ἀπονέμει
1745 3953 1846 4024 τὴν

247 4045 552 4114 ὑπεροχήν.
600 4044 891 4115 ’Δρχιερέα
925 4045 1030 4114 γὰρ
1066 4045 1161 4099 καὶ
1189 4045 1490 4100 ἀπόστολον
1530 4047 1722 4109 εἰπὼν,
1752 4045 1846 4099 καὶ

250 4136 356 4209 μὴν
389 4138 484 4190 καὶ
511 4136 769 4206 γένεσθαι
795 4137 989 4190 πιστὸν
1013 4136 1092 4209 τῷ
1114 4139 1402 4208 ποιήσαντι
1425 4138 1588 4192 αὐτὸν
1611 4133 1670 4192 εὖ
1699 4139 1844 4209 μάλα

245 4227 756 4299 διασεσαιούμενος,
774 4229 1104 4301 τετιμῆσθαι
1137 4229 1398 4299 μειζόνως
1414 4231 1448 4301 ἢ
1477 4230 1620 4285 κατά
1639 4231 1845 4284 Μωσέα

249 4323 408 4392 φησι,
442 4320 569 4374 καθ’
592 4322 717 4374 ὅσον
747 4322 974 4376 πλείονα
998 4320 1165 4393 τιμὴν
1183 4321 1410 4393 ἔχειτοῦ
1436 4320 1589 4375 οίκου
1618 4323 1646 4374 6
1675 4339 1845 4376 κατα-

250 4413 533 4478 σκευάσας
578 4414 764 4468 αὑτόν.
818 4412 956 4469 Εἶτα
1005 4415 1278 4486 προάγει·
1319 4435 1337 4467 ε
1385 4415 1501 4480 Πᾶς
1535 4415 1647 4484 γὰρ
1689 4412 1842 4478 οἷκος

249 4506 730 4572 κατασκευάζεται
747 4507 854 4561 ὑπό
877 4525 1023 4571 τινος
1039 4523 1051 4536 ·
1080 4509 1109 4561 6
1127 4507 1185 4561 δὲ
1207 4506 1275 4560 τὰ
1295 4509 1476 4563 πάντα
1503 4508 1845 4562 κατασκευά-

1957 3336 2200 3400 habitus,
2245 3343 2454 3405 quanto
2484 3335 2807 3406 ampliorem
2850 3336 3117 3389 honorem
3145 3333 3311 3389 habet
3334 3334 3558 3398 domus,

1955 3425 2048 3495 qui
2079 3424 2371 3479 fabricavit
2406 3423 2576 3478 illam.
2612 3423 2812 3479 Omnis
2833 3439 3071 3494 namque
3095 3423 3295 3478 domus
3319 3423 3556 3479 fabrica-

1957 3524 2046 3570 tur
2066 3515 2135 3569 ab
2159 3516 2346 3585 aliquo
2370 3533 2383 3570 :
2411 3516 2506 3587 qui
2532 3523 2717 3571 autem
2759 3515 2944 3570 omnia
2988 3515 3198 3571 creavit
3218 3556 3231 3579 ,
3267 3515 3414 3569 Deus
3445 3524 3554 3570 est.

1956 3607 2023 3662 Et
2057 3607 2270 3678 Moyses
2305 3608 2532 3678 quidem
2576 3607 2756 3663 ﬁdelis
2799 3615 2921 3662 erat
2972 3607 3030 3662 in
3077 3615 3192 3662 tota
3221 3606 3387 3661 domo
3434 3608 3558 3678 ejus

1957 3706 2219 3769 tanquam
2256 3699 2518 3762 famulus,
2567 3699 2622 3754 in
2659 3699 3041 3755 testimonium
3080 3714 3273 3753 eorum
3305 3713 3429 3769 quae
3463 3699 3555 3753 di-

1955 3790 2129 3846 cenda
2185 3800 2344 3846 erant
2388 3810 2399 3844 :
2444 3791 2699 3847 Christus
2759 3801 2945 3845 autem
2997 3801 3257 3860 tanquam
3309 3789 3455 3845 ﬁlius
3494 3791 3552 3846 in
3669 3820 3672 3823 -

1955 3882 2120 3936 domo
2145 3883 2442 3954 sua,c"jus
2476 3882 2672 3937 domus
2698 3898 2800 3938 nos
2842 3884 3114 3938 sumus".
3166 3903 3182 3934 ι
3227 3885 3429 3938 lterum
3465 3892 3552 3940 at-

1955 3990 2063 4044 que
2090 3975 2290 4029 iterum
2326 3975 2416 4030 nic
2454 3973 2591 4028 mihi
2618 3975 2869 4045 expende
2897 3976 3178 4045 quomodo
3203 3986 3259 4032 et
3296 3977 3552 4032 humanai

1954 4075 2167 4122 naturae
2198 4066 2570 4136 preprietatcs
2596 4068 2836 4138 integras
2877 4068 2951 4122 illi
2983 4075 3295 4132 conservet,
3318 4076 3548 4124 etsum-

1954 4173 2057 4212 mze
2096 4158 2458 4213 nihilominus
2481 4159 2694 4229 solique
2741 4159 2852 4214 Deo
2869 4161 3250 4214 convenientis
3276 4160 3463 4230 gloria:
3485 4175 3552 4216 ac

1955 4249 2241 4320 dignitatis
2274 4250 2660 4305 excellentiam
2696 4251 2877 4305 eidem
2907 4253 3136 4307 tribuat.
3178 4254 3367 4308 Primo
3390 4269 3550 4309 nam-

1954 4357 2061 4411 que
2097 4342 2407 4411 apostolum
2452 4357 2516 4397 ac
2555 4343 2873 4413 pontiﬁcem
2900 4343 3054 4398 illum
3094 4354 3291 4409 vocat;
3328 4360 3457 4401 mox
3495 4345 3549 4401 ei

1952 4434 2048 4504 qui
2080 4433 2212 4489 fecit
2253 4435 2429 4495 illum,
2464 4434 2682 4491 ﬁdelem
2719 4437 2994 4492 exstitisse
3031 4439 3393 4507 pronuntiat:
3442 4455 3549 4510 po-

1953 4535 2161 4580 stremo
2204 4524 2474 4598 dignitate
2515 4536 2574 4583 et
2606 4527 2816 4583 honore
2850 4537 3061 4582 tantum
3096 4528 3319 4601 Moysen
3360 4530 3548 4586 excel-

251 4615 374 4665 σας,
402 4599 562 4663 Θεός.
615 4617 634 4650 ι
673 4598 885 4654 Οὐκοῦν
910 4598 1173 4653 τέτακται
1219 4599 1322 4670 μιν
1350 4601 1408 4653 ὲν
1435 4600 1704 4670 ποιήμασι
1749 4600 1844 4653 καὶ

1958 4616 2119 4671 luisse
2157 4627 2458 4684 asseverat,
2494 4628 2762 4690 quantum
2815 4621 3148 4675 architectus
3173 4620 3338 4676 domo
3383 4637 3550 4691 quam

249 4690 308 4742 tv
335 4693 452 4753 τοῖς
492 4692 976 4761 κατασκεωσμοῖς
1010 4691 1036 4731 ι
1063 4692 1092 4745 6
1121 4690 1412 4758 θεσπέσιος
1440 4693 1716 4764 Μωῦσῆς’
1755 4708 1848 4744 κα-

250 4784 640 4854 τασκευαστής
669 4784 725 4838 δὲ
753 4784 962 4838 τούτων
1005 4787 1034 4838 6
1077 4785 1188 4838 τῶν
1228 4786 1367 4841 ὅλων
1409 4785 1576 4850 Θεός·
1615 4784 1842 4840 καίτοι1

1946 4710 2259 4773 fabricavit,
2282 4710 2455 4780 gloria
2495 4721 2737 4782 praestat.
2769 4712 3067 4783 Subjungit
3090 4713 3294 4768 deinde
3325 4732 3338 4766 :
3373 4734 3390 4764 ι
3416 4712 3551 4769 Om-

1947 4801 2036 4855 nis
2066 4799 2214 4854 enim
2247 4798 2447 4855 domus
2487 4800 2792 4856 fabricatur
2817 4803 2886 4856 ab
2930 4803 3118 4873 aliquo
3149 4822 3160 4856 :
3200 4803 3246 4858 is
3282 4819 3417 4859 vero
3453 4806 3550 4877 qui

252 4875 388 4929 Θεοῦ
429 4874 731 4945 λεγομένου
779 4879 1190 4932 κατασκευάσαι
1225 4879 1294 4932 τὰ
1329 4879 1528 4932 πάντα.
1579 4879 1711 4943 Θεὸς
1752 4876 1846 4931 οὖν

1958 4890 2134 4944 omnia
2165 4891 2406 4955 creavit,
2451 4891 2597 4947 Deus
2644 4902 2748 4949 est.
2781 4912 2798 4944 ι
2837 4893 3073 4949 Divinus
3105 4896 3293 4966 itaque
3328 4874 3552 4969 Moyses

253 4969 362 5036 ἂρα
390 4968 488 5022 καὶ
521 4967 774 5036 ἀληθινὸς
800 4968 1189 5034 άνενδοιάστως
1216 4971 1351 5025 ἐστι.
1391 4979 1411 5023 ι
1450 4973 1562 5026 Καὶ
1603 4973 1847 5044 Μωῦσῆς

232 5061 357 5146 ἔμεν
380 5061 458 5124 ὡς
495 5060 754 5130 θεράπων
782 5063 841 5115 ὲν
864 5061 972 5132 ὅλῳ
1001 5062 1080 5134 τῷ
1101 5065 1236 5135 οἴκῳ
1264 5064 1432 5119 αὑτοῦ
1465 5067 1678 5132 πιστὸς,
1708 5068 1845 5139 Χρι-

256 5151 380 5215 στὸς
407 5150 468 5206 δὶ
494 5153 573 5217 ὡς
600 5154 713 5215 υίὸς
746 5155 840 5208 ἐπὶ
873 5155 965 5210 τὸν
994 5153 1144 5211 οἷκον
1179 5157 1344 5212 αὑτοῦ
1367 5175 1379 5188 ’
1414 5151 1476 5212 οῦ
1508 5156 1655 5224 οἶκός
1677 5162 1844 5230 ἐσμεν

254 5245 415 5315 ἡμεῖς
435 5261 448 5275 ο
473 5264 491 5295 ι
523 5245 698 5299 καίτοι
725 5245 862 5300 Θεοῦ
912 5247 1165 5316 λέγοντος
1184 5249 1272 5303 διὰ
1302 5250 1488 5320 φωνῆς
1511 5252 1807 5323 προφητῶν
1824 5269 1838 5283 ·

261 5355 278 5385 ε
321 5336 443 5390 Ὀτι
466 5337 737 5408 ἑνοικήσω
767 5337 824 5390 ἐν
853 5337 1060 5404 αὐτοῖς,
1097 5340 1192 5393 καὶ
1235 5343 1692 5414 ὲμπεριπατήσω,
1747 5345 1840 5396 καὶ

1954 4983 2100 5035 inter
2135 4988 2229 5036 res‘
2263 4981 2490 5037 eﬁ'ectas
2527 4991 2584 5038 et
2622 4992 2930 5039 structuras
2975 4995 3236 5040 censetur
3265 5003 3278 5040 :
3313 4994 3370 5041 at
3412 5003 3553 5046 vero

1953 5071 2212 5127 Christus
2242 5072 2491 5128 omnium
2525 5074 2710 5145 opifex
2745 5075 3078 5131 declaratur.
3109 5077 3179 5133 Et
3206 5077 3337 5147 quia
3362 5077 3551 5135 omnia

1953 5165 2176 5220 condita
2222 5165 2357 5221 dicit
2398 5183 2430 5221 a
2467 5167 2601 5232 Deo,
2634 5166 2919 5224 Christum
2961 5183 3154 5223 verum
3204 5169 3382 5225 Deum
3424 5186 3551 5228 esse

1952 5257 2181 5311 omnino
2246 5258 2624 5313 necessarium
2688 5267 2792 5314 est.
2857 5259 3025 5315 Addit
3096 5276 3318 5315 rursum
3361 5278 3379 5315 :
3416 5281 3434 5313 ε
3480 5262 3551 5318 Et

1950 5344 2164 5416 Moyses
2186 5346 2410 5416 quidem
2441 5356 2699 5418 tanquam
2734 5347 2974 5405 famulus
3002 5349 3057 5404 in
3084 5359 3198 5405 tota
3226 5351 3352 5424 ejus
3383 5351 3552 5410 domo

318 5491 570 5574 ’ζβιοείε
601 5493 824 5574 Σ¹¹’.¹9’
901 5494 1148 5574 ⁸⁸Εκ9α·
1177 5498 1400 5574 ξένζιᾝν
1427 5497 1516 5552 22-
1559 5498 1640 5574 -⁸Ῐ
1673 5498 1845 5554 Exod-

1958 5515 2001 5565 ι,
2032 5499 2084 5565 6,
2123 5501 2189 5566 7;
2244 5500 2386 5556 Psal.
2421 5519 2570 5568 cxnl,
2607 5502 2659 5558 8.
2751 5503 2797 5536 “
2831 5505 2852 5561 1
2885 5505 3028 5561 Tim.
3069 5522 3128 5574 ιι,
3163 5506 3216 5562 5.
3294 5507 3336 5540 ’⁸
3365 5505 3543 5566 Galat.

258 5577 332 5626 ιιι,
351 5562 438 5617 24.
518 5563 566 5595 ⁸¹
601 5563 750 5619 Psal.
779 5581 1031 5631 Lxxxvvn,
1059 5567 1108 5620 7.
1183 5568 1228 5598 “
1255 5568 1422 5622 Hebr.
1451 5584 1529 5634 ιιι,
1553 5568 1662 5623 1-6.

1349 5682 1522 5737 Varia:
1556 5681 1821 5736 lectiones
1847 5681 2054 5736 codicis
2087 5681 2453 5754 Seguieriani.

323 5798 348 5840 δ
378 5797 968 5865 κατασκευαζομένοις.
1021 5801 1032 5838 ¹
1062 5801 1117 5856 δὲ
1147 5801 1285 5856 ὅλων
1306 5801 1571 5856 δέδεικται
1599 5803 1642 5856 Χ
1653 5802 1855 5871 ριστός.
1889 5805 1997 5858 Κσι
2022 5821 2127 5859 τοι.
