  <div class='ocr_page' id='page_1' title='image "/cluster/home/n/w/nwhite01/storage/ocr_20150623/77/pst.000004029045/025.png"; bbox 0 0 4146 6322; ppageno 0'>
   <div class='ocr_carea' id='block_1_1' title="bbox 611 341 3864 420">
    <p class='ocr_par' dir='ltr' id='par_1_1' title="bbox 611 341 3864 420">
     <span class='ocr_line' id='line_1_1' title="bbox 611 341 3864 420; baseline -0.006 0"><span class='ocrx_word' id='word_1_1' title='bbox 611 369 682 420; x_wconf 59' lang='grc' dir='ltr'><strong>5η</strong></span> <span class='ocrx_word' id='word_1_2' title='bbox 1624 360 1679 411; x_wconf 80' lang='lat' dir='ltr'><strong>S.</strong></span> <span class='ocrx_word' id='word_1_3' title='bbox 1721 356 1992 412; x_wconf 68' lang='lat' dir='ltr'><strong>CYRlLLl</strong></span> <span class='ocrx_word' id='word_1_4' title='bbox 2035 351 2500 408; x_wconf 69' lang='lat' dir='ltr'><strong>ALEXANDRINI</strong></span> <span class='ocrx_word' id='word_1_5' title='bbox 2539 348 2857 404; x_wconf 74' lang='lat' dir='ltr'><strong>ARCHIEP.</strong></span> <span class='ocrx_word' id='word_1_6' title='bbox 3792 341 3864 400; x_wconf 71' lang='lat'><strong>56</strong></span> 
     </span>
    </p>
   </div>
   <div class='ocr_carea' id='block_1_2' title="bbox 614 457 2202 540">
    <p class='ocr_par' dir='ltr' id='par_1_2' title="bbox 614 470 2188 540">
     <span class='ocr_line' id='line_1_2' title="bbox 614 470 2188 540; baseline -0.008 -8"><span class='ocrx_word' id='word_1_7' title='bbox 614 478 786 532; x_wconf 75' lang='lat' dir='ltr'><strong>liticiis</strong></span> <span class='ocrx_word' id='word_1_8' title='bbox 812 486 962 539; x_wconf 85' lang='lat' dir='ltr'><strong>erat,</strong></span> <span class='ocrx_word' id='word_1_9' title='bbox 1010 475 1260 530; x_wconf 85' lang='lat' dir='ltr'><strong>Christus</strong></span> <span class='ocrx_word' id='word_1_10' title='bbox 1297 483 1477 528; x_wconf 88' lang='lat' dir='ltr'><strong>autem</strong></span> <span class='ocrx_word' id='word_1_11' title='bbox 1535 485 1791 540; x_wconf 89' lang='lat' dir='ltr'><strong>tanquam</strong></span> <span class='ocrx_word' id='word_1_12' title='bbox 1835 470 1982 524; x_wconf 76' lang='lat' dir='ltr'><strong>illius</strong></span> <span class='ocrx_word' id='word_1_13' title='bbox 2022 482 2188 536; x_wconf 87' lang='lat' dir='ltr'><strong>supra</strong></span> 
     </span>
    </p>
   </div>
   <div class='ocr_carea' id='block_1_3' title="bbox 2307 457 3857 540">
    <p class='ocr_par' dir='ltr' id='par_1_3' title="bbox 2307 457 3857 535">
     <span class='ocr_line' id='line_1_3' title="bbox 2307 457 3857 535; baseline -0.005 -17"><span class='ocrx_word' id='word_1_14' title='bbox 2307 466 2487 535; x_wconf 73' lang='grc' dir='ltr'>ἔσομαι</span> <span class='ocrx_word' id='word_1_15' title='bbox 2519 461 2698 516; x_wconf 81' lang='grc' dir='ltr'>αὐτῶν</span> <span class='ocrx_word' id='word_1_16' title='bbox 2721 461 2872 524; x_wconf 81' lang='grc' dir='ltr'>Θεὸς,</span> <span class='ocrx_word' id='word_1_17' title='bbox 2922 461 3015 512; x_wconf 74' lang='grc' dir='ltr'><strong>καὶ</strong></span> <span class='ocrx_word' id='word_1_18' title='bbox 3053 459 3208 512; x_wconf 78' lang='grc' dir='ltr'>αὐτοὶ</span> <span class='ocrx_word' id='word_1_19' title='bbox 3264 457 3474 512; x_wconf 65' lang='grc' dir='ltr'><strong>ἔσονταί</strong></span> <span class='ocrx_word' id='word_1_20' title='bbox 3517 475 3624 528; x_wconf 62' lang='grc' dir='ltr'>,μοι</span> <span class='ocrx_word' id='word_1_21' title='bbox 3657 457 3802 522; x_wconf 78' lang='grc' dir='ltr'>λαός.</span> <span class='ocrx_word' id='word_1_22' title='bbox 3836 480 3857 511; x_wconf 71' lang='grc' dir='ltr'><strong>ι</strong></span> 
     </span>
    </p>
   </div>
   <div class='ocr_carea' id='block_1_4' title="bbox 611 547 3867 636">
    <p class='ocr_par' dir='ltr' id='par_1_4' title="bbox 611 547 3867 636">
     <span class='ocr_line' id='line_1_4' title="bbox 611 547 3867 636; baseline -0.005 -15"><span class='ocrx_word' id='word_1_23' title='bbox 611 570 834 621; x_wconf 79' lang='lat' dir='ltr'><strong>domum</strong></span> <span class='ocrx_word' id='word_1_24' title='bbox 883 566 1031 621; x_wconf 90' lang='lat' dir='ltr'><strong>illius</strong></span> <span class='ocrx_word' id='word_1_25' title='bbox 1088 575 1191 628; x_wconf 86' lang='lat' dir='ltr'><strong>est,</strong></span> <span class='ocrx_word' id='word_1_26' title='bbox 1230 567 1386 636; x_wconf 85' lang='lat' dir='ltr'><strong>cujus</strong></span> <span class='ocrx_word' id='word_1_27' title='bbox 1425 563 1622 618; x_wconf 89' lang='lat' dir='ltr'><strong>domus</strong></span> <span class='ocrx_word' id='word_1_28' title='bbox 1666 576 1767 614; x_wconf 91' lang='lat' dir='ltr'><strong>nos</strong></span> <span class='ocrx_word' id='word_1_29' title='bbox 1803 573 2014 623; x_wconf 90' lang='lat' dir='ltr'><strong>sumus,</strong></span> <span class='ocrx_word' id='word_1_30' title='bbox 2051 576 2068 608; x_wconf 77' lang='grc' dir='ltr'><strong>ι</strong></span> <span class='ocrx_word' id='word_1_31' title='bbox 2105 557 2260 627; x_wconf 85' lang='lat' dir='ltr'><strong>juxta</strong></span> <span class='ocrx_word' id='word_1_32' title='bbox 2294 555 2436 610; x_wconf 82' lang='lat' dir='ltr'><strong>illud</strong></span> <span class='ocrx_word' id='word_1_33' title='bbox 2474 553 2756 625; x_wconf 58' lang='lat' dir='ltr'><strong>propheta!</strong></span> <span class='ocrx_word' id='word_1_34' title='bbox 2790 569 2802 604; x_wconf 90' lang='lat'>:</span> <span class='ocrx_word' id='word_1_35' title='bbox 2851 568 2872 600; x_wconf 69' lang='grc' dir='ltr'><strong>ι</strong></span> <span class='ocrx_word' id='word_1_36' title='bbox 2899 549 3170 615; x_wconf 79' lang='lat' dir='ltr'><strong>Quoniam</strong></span> <span class='ocrx_word' id='word_1_37' title='bbox 3215 547 3478 602; x_wconf 79' lang='lat' dir='ltr'><strong>habitabo</strong></span> <span class='ocrx_word' id='word_1_38' title='bbox 3526 548 3586 601; x_wconf 82' lang='lat' dir='ltr'><strong>in</strong></span> <span class='ocrx_word' id='word_1_39' title='bbox 3637 547 3776 608; x_wconf 85' lang='lat' dir='ltr'><strong>illis,</strong></span> <span class='ocrx_word' id='word_1_40' title='bbox 3807 557 3867 604; x_wconf 83' lang='lat' dir='ltr'><strong>et</strong></span> 
     </span>
    </p>
   </div>
   <div class='ocr_carea' id='block_1_5' title="bbox 561 635 3083 718">
    <p class='ocr_par' dir='ltr' id='par_1_5' title="bbox 561 635 3083 718">
     <span class='ocr_line' id='line_1_5' title="bbox 561 635 3083 718; baseline -0.008 -7"><span class='ocrx_word' id='word_1_41' title='bbox 561 635 563 637; x_wconf 16' lang='lat' dir='ltr'><strong>l</strong></span> <span class='ocrx_word' id='word_1_42' title='bbox 611 658 904 712; x_wconf 79' lang='lat' dir='ltr'><strong>ambulabo</strong></span> <span class='ocrx_word' id='word_1_43' title='bbox 961 671 1083 710; x_wconf 91' lang='lat' dir='ltr'><strong>cum</strong></span> <span class='ocrx_word' id='word_1_44' title='bbox 1146 635 1308 718; x_wconf 88' lang='lat' dir='ltr'><strong>illis,</strong></span> <span class='ocrx_word' id='word_1_45' title='bbox 1365 661 1418 708; x_wconf 89' lang='lat' dir='ltr'><strong>et</strong></span> <span class='ocrx_word' id='word_1_46' title='bbox 1486 669 1582 707; x_wconf 90' lang='lat' dir='ltr'><strong>ero</strong></span> <span class='ocrx_word' id='word_1_47' title='bbox 1645 651 1863 704; x_wconf 90' lang='lat' dir='ltr'><strong>illorum</strong></span> <span class='ocrx_word' id='word_1_48' title='bbox 1915 649 2080 709; x_wconf 87' lang='lat' dir='ltr'><strong>Deus,</strong></span> <span class='ocrx_word' id='word_1_49' title='bbox 2131 655 2187 699; x_wconf 90' lang='lat' dir='ltr'><strong>et</strong></span> <span class='ocrx_word' id='word_1_50' title='bbox 2226 646 2330 715; x_wconf 89' lang='lat' dir='ltr'><strong>ipsi</strong></span> <span class='ocrx_word' id='word_1_51' title='bbox 2356 655 2520 699; x_wconf 89' lang='lat' dir='ltr'><strong>erunt</strong></span> <span class='ocrx_word' id='word_1_52' title='bbox 2543 643 2677 696; x_wconf 91' lang='lat' dir='ltr'><strong>mihi</strong></span> <span class='ocrx_word' id='word_1_53' title='bbox 2697 640 2932 711; x_wconf 89' lang='lat' dir='ltr'><strong>populus</strong></span> <span class='ocrx_word' id='word_1_54' title='bbox 2957 637 3021 691; x_wconf 81' lang='lat'><strong>“.</strong></span> <span class='ocrx_word' id='word_1_55' title='bbox 3065 657 3083 689; x_wconf 83' lang='grc'>›</span> 
     </span>
    </p>
   </div>
   <div class='ocr_carea' id='block_1_6' title="bbox 680 728 2202 815">
    <p class='ocr_par' dir='ltr' id='par_1_6' title="bbox 680 737 2186 815">
     <span class='ocr_line' id='line_1_6' title="bbox 680 737 2186 815; baseline -0.01 -12"><span class='ocrx_word' id='word_1_56' title='bbox 680 749 891 804; x_wconf 75' lang='lat' dir='ltr'><strong>Dixerit</strong></span> <span class='ocrx_word' id='word_1_57' title='bbox 948 748 1086 802; x_wconf 80' lang='lat' dir='ltr'><strong>forte</strong></span> <span class='ocrx_word' id='word_1_58' title='bbox 1121 744 1391 815; x_wconf 85' lang='lat' dir='ltr'><strong>quispiam</strong></span> <span class='ocrx_word' id='word_1_59' title='bbox 1433 762 1446 797; x_wconf 91' lang='lat'>:</span> <span class='ocrx_word' id='word_1_60' title='bbox 1488 743 1690 812; x_wconf 89' lang='lat' dir='ltr'><strong>Ecquis</strong></span> <span class='ocrx_word' id='word_1_61' title='bbox 1720 741 1824 794; x_wconf 92' lang='lat' dir='ltr'><strong>hoc</strong></span> <span class='ocrx_word' id='word_1_62' title='bbox 1851 739 1992 791; x_wconf 88' lang='lat' dir='ltr'><strong>inter</strong></span> <span class='ocrx_word' id='word_1_63' title='bbox 2025 737 2186 791; x_wconf 85' lang='lat' dir='ltr'><strong>Chri-</strong></span> 
     </span>
    </p>
   </div>
   <div class='ocr_carea' id='block_1_7' title="bbox 2307 728 3870 815">
    <p class='ocr_par' dir='ltr' id='par_1_7' title="bbox 2376 728 3870 802">
     <span class='ocr_line' id='line_1_7' title="bbox 2376 728 3870 802; baseline 0.012 -16"><span class='ocrx_word' id='word_1_64' title='bbox 2376 735 2535 790; x_wconf 83' lang='grc' dir='ltr'>Ἀλλὰ</span> <span class='ocrx_word' id='word_1_65' title='bbox 2563 734 2644 796; x_wconf 84' lang='grc' dir='ltr'><strong>τίς</strong></span> <span class='ocrx_word' id='word_1_66' title='bbox 2666 732 2732 785; x_wconf 84' lang='grc' dir='ltr'>ἂν</span> <span class='ocrx_word' id='word_1_67' title='bbox 2773 734 2962 794; x_wconf 84' lang='grc' dir='ltr'><strong>νοοῖτο,</strong></span> <span class='ocrx_word' id='word_1_68' title='bbox 3000 730 3130 801; x_wconf 79' lang='grc' dir='ltr'>φαίη</span> <span class='ocrx_word' id='word_1_69' title='bbox 3163 747 3246 792; x_wconf 82' lang='grc' dir='ltr'><strong>τις</strong></span> <span class='ocrx_word' id='word_1_70' title='bbox 3271 728 3336 782; x_wconf 82' lang='grc' dir='ltr'><strong>ἂν</strong></span> <span class='ocrx_word' id='word_1_71' title='bbox 3370 728 3536 792; x_wconf 68' lang='grc' dir='ltr'>ἴσως.</span> <span class='ocrx_word' id='word_1_72' title='bbox 3568 731 3600 800; x_wconf 88' lang='grc' dir='ltr'><strong>ή</strong></span> <span class='ocrx_word' id='word_1_73' title='bbox 3633 730 3870 802; x_wconf 66' lang='grc' dir='ltr'><strong>διαφοράι</strong></span> 
     </span>
    </p>
   </div>
   <div class='ocr_carea' id='block_1_8' title="bbox 614 819 2202 910">
    <p class='ocr_par' dir='ltr' id='par_1_8' title="bbox 614 828 2182 908">
     <span class='ocr_line' id='line_1_8' title="bbox 614 828 2182 908; baseline -0.009 -14"><span class='ocrx_word' id='word_1_74' title='bbox 614 852 761 894; x_wconf 86' lang='lat' dir='ltr'><strong>stum</strong></span> <span class='ocrx_word' id='word_1_75' title='bbox 823 847 880 894; x_wconf 91' lang='lat' dir='ltr'><strong>et</strong></span> <span class='ocrx_word' id='word_1_76' title='bbox 925 839 1141 908; x_wconf 84' lang='lat' dir='ltr'><strong>Moysen</strong></span> <span class='ocrx_word' id='word_1_77' title='bbox 1176 835 1474 889; x_wconf 89' lang='lat' dir='ltr'><strong>discrimen</strong></span> <span class='ocrx_word' id='word_1_78' title='bbox 1503 847 1798 903; x_wconf 78' lang='lat' dir='ltr'><strong>agnoscere</strong></span> <span class='ocrx_word' id='word_1_79' title='bbox 1832 829 2042 898; x_wconf 85' lang='lat' dir='ltr'><strong>queat?</strong></span> <span class='ocrx_word' id='word_1_80' title='bbox 2084 828 2182 882; x_wconf 88' lang='lat' dir='ltr'><strong>Et-</strong></span> 
     </span>
    </p>
   </div>
   <div class='ocr_carea' id='block_1_9' title="bbox 2307 819 3870 910">
    <p class='ocr_par' dir='ltr' id='par_1_9' title="bbox 2307 819 3870 910">
     <span class='ocr_line' id='line_1_9' title="bbox 2307 819 3870 910; baseline -0.006 -26"><span class='ocrx_word' id='word_1_81' title='bbox 2307 829 2523 900; x_wconf 73' lang='grc' dir='ltr'><strong>Ι[ριστοῦ</strong></span> <span class='ocrx_word' id='word_1_82' title='bbox 2556 828 2644 910; x_wconf 81' lang='grc' dir='ltr'><strong>καί</strong></span> <span class='ocrx_word' id='word_1_83' title='bbox 2674 825 2972 887; x_wconf 84' lang='grc' dir='ltr'>Μωῦσέως,</span> <span class='ocrx_word' id='word_1_84' title='bbox 3005 824 3163 894; x_wconf 75' lang='grc' dir='ltr'>εἴπερ</span> <span class='ocrx_word' id='word_1_85' title='bbox 3191 821 3356 892; x_wconf 77' lang='grc' dir='ltr'>ἄμφω</span> <span class='ocrx_word' id='word_1_86' title='bbox 3385 819 3642 889; x_wconf 83' lang='grc' dir='ltr'>γεγόνασι</span> <span class='ocrx_word' id='word_1_87' title='bbox 3664 821 3750 875; x_wconf 82' lang='grc' dir='ltr'>διὰ</span> <span class='ocrx_word' id='word_1_88' title='bbox 3773 838 3870 890; x_wconf 80' lang='grc' dir='ltr'>γυ-</span> 
     </span>
    </p>
   </div>
   <div class='ocr_carea' id='block_1_10' title="bbox 613 911 2202 995">
    <p class='ocr_par' dir='ltr' id='par_1_10' title="bbox 613 920 2184 995">
     <span class='ocr_line' id='line_1_10' title="bbox 613 920 2184 995; baseline -0.008 -14"><span class='ocrx_word' id='word_1_89' title='bbox 613 930 759 983; x_wconf 80' lang='lat' dir='ltr'><strong>enim</strong></span> <span class='ocrx_word' id='word_1_90' title='bbox 781 929 825 982; x_wconf 91' lang='lat' dir='ltr'><strong>si</strong></span> <span class='ocrx_word' id='word_1_91' title='bbox 850 935 1078 995; x_wconf 87' lang='lat' dir='ltr'><strong>uterque</strong></span> <span class='ocrx_word' id='word_1_92' title='bbox 1108 940 1175 977; x_wconf 80' lang='lat' dir='ltr'><strong>ex</strong></span> <span class='ocrx_word' id='word_1_93' title='bbox 1211 924 1437 977; x_wconf 81' lang='lat' dir='ltr'><strong>muliere</strong></span> <span class='ocrx_word' id='word_1_94' title='bbox 1467 920 1784 992; x_wconf 81' lang='lat' dir='ltr'><strong>progenitus</strong></span> <span class='ocrx_word' id='word_1_95' title='bbox 1812 929 1915 981; x_wconf 89' lang='lat' dir='ltr'><strong>est,</strong></span> <span class='ocrx_word' id='word_1_96' title='bbox 1956 931 2184 986; x_wconf 90' lang='lat' dir='ltr'><strong>quomo-</strong></span> 
     </span>
    </p>
   </div>
   <div class='ocr_carea' id='block_1_11' title="bbox 2307 911 3869 995">
    <p class='ocr_par' dir='ltr' id='par_1_11' title="bbox 2307 911 3869 987">
     <span class='ocr_line' id='line_1_11' title="bbox 2307 911 3869 987; baseline -0.003 -18"><span class='ocrx_word' id='word_1_97' title='bbox 2307 922 2504 985; x_wconf 73' lang='grc' dir='ltr'>ραικός;</span> <span class='ocrx_word' id='word_1_98' title='bbox 2535 911 2649 981; x_wconf 70' lang='grc' dir='ltr'><strong>πῷξ</strong></span> <span class='ocrx_word' id='word_1_99' title='bbox 2682 920 2709 970; x_wconf 84' lang='grc' dir='ltr'>ὁ</span> <span class='ocrx_word' id='word_1_100' title='bbox 2742 916 2841 987; x_wconf 83' lang='grc' dir='ltr'><strong>μὲν</strong></span> <span class='ocrx_word' id='word_1_101' title='bbox 2876 915 3093 984; x_wconf 78' lang='grc' dir='ltr'><strong>οἰκέτης</strong></span> <span class='ocrx_word' id='word_1_102' title='bbox 3118 914 3212 967; x_wconf 84' lang='grc' dir='ltr'><strong>καὶ</strong></span> <span class='ocrx_word' id='word_1_103' title='bbox 3237 913 3312 976; x_wconf 88' lang='grc' dir='ltr'>ὡς</span> <span class='ocrx_word' id='word_1_104' title='bbox 3340 914 3398 966; x_wconf 83' lang='grc' dir='ltr'><strong>ὲν</strong></span> <span class='ocrx_word' id='word_1_105' title='bbox 3425 913 3558 982; x_wconf 74' lang='grc' dir='ltr'><strong>οἴκῳ</strong></span> <span class='ocrx_word' id='word_1_106' title='bbox 3590 913 3805 977; x_wconf 74' lang='grc' dir='ltr'>πιστὸς,</span> <span class='ocrx_word' id='word_1_107' title='bbox 3837 913 3869 966; x_wconf 81' lang='grc'>6</span> 
     </span>
    </p>
   </div>
   <div class='ocr_carea' id='block_1_12' title="bbox 615 998 2202 1081">
    <p class='ocr_par' dir='ltr' id='par_1_12' title="bbox 615 1007 2188 1081">
     <span class='ocr_line' id='line_1_12' title="bbox 615 1007 2188 1081; baseline -0.007 -12"><span class='ocrx_word' id='word_1_108' title='bbox 615 1016 689 1069; x_wconf 93' lang='lat' dir='ltr'><strong>do</strong></span> <span class='ocrx_word' id='word_1_109' title='bbox 718 1017 857 1070; x_wconf 89' lang='lat' dir='ltr'><strong>alter</strong></span> <span class='ocrx_word' id='word_1_110' title='bbox 907 1023 990 1068; x_wconf 91' lang='lat' dir='ltr'><strong>est</strong></span> <span class='ocrx_word' id='word_1_111' title='bbox 1013 1014 1068 1066; x_wconf 91' lang='lat' dir='ltr'><strong>in</strong></span> <span class='ocrx_word' id='word_1_112' title='bbox 1104 1012 1267 1066; x_wconf 92' lang='lat' dir='ltr'><strong>domo</strong></span> <span class='ocrx_word' id='word_1_113' title='bbox 1301 1021 1554 1081; x_wconf 90' lang='lat' dir='ltr'><strong>tanquam</strong></span> <span class='ocrx_word' id='word_1_114' title='bbox 1593 1009 1734 1062; x_wconf 90' lang='lat' dir='ltr'><strong>ﬁdus</strong></span> <span class='ocrx_word' id='word_1_115' title='bbox 1765 1007 2020 1068; x_wconf 84' lang='lat' dir='ltr'><strong>famulus,</strong></span> <span class='ocrx_word' id='word_1_116' title='bbox 2049 1007 2188 1060; x_wconf 88' lang='lat' dir='ltr'><strong>alter</strong></span> 
     </span>
    </p>
   </div>
   <div class='ocr_carea' id='block_1_13' title="bbox 2307 998 3866 1081">
    <p class='ocr_par' dir='ltr' id='par_1_13' title="bbox 2307 998 3866 1080">
     <span class='ocr_line' id='line_1_13' title="bbox 2307 998 3866 1080; baseline -0.007 -14"><span class='ocrx_word' id='word_1_117' title='bbox 2307 1013 2344 1065; x_wconf 74' lang='grc' dir='ltr'><strong>ἱὲ</strong></span> <span class='ocrx_word' id='word_1_118' title='bbox 2379 1014 2474 1066; x_wconf 71' lang='grc' dir='ltr'><strong>καὶ</strong></span> <span class='ocrx_word' id='word_1_119' title='bbox 2516 1011 2674 1080; x_wconf 79' lang='grc' dir='ltr'>φύσει</span> <span class='ocrx_word' id='word_1_120' title='bbox 2712 1009 2899 1080; x_wconf 83' lang='grc' dir='ltr'>κύριος</span> <span class='ocrx_word' id='word_1_121' title='bbox 2941 1007 3017 1071; x_wconf 86' lang='grc' dir='ltr'>ὡς</span> <span class='ocrx_word' id='word_1_122' title='bbox 3047 1007 3165 1069; x_wconf 76' lang='grc' dir='ltr'>υἱὸς</span> <span class='ocrx_word' id='word_1_123' title='bbox 3207 1005 3301 1058; x_wconf 77' lang='grc' dir='ltr'><strong>ἐπὶ</strong></span> <span class='ocrx_word' id='word_1_124' title='bbox 3335 1005 3426 1058; x_wconf 88' lang='grc' dir='ltr'>τὸν</span> <span class='ocrx_word' id='word_1_125' title='bbox 3469 998 3618 1057; x_wconf 77' lang='grc' dir='ltr'>οἶκον</span> <span class='ocrx_word' id='word_1_126' title='bbox 3663 1003 3866 1066; x_wconf 80' lang='grc' dir='ltr'>αὐτοῦ,</span> 
     </span>
    </p>
   </div>
   <div class='ocr_carea' id='block_1_14' title="bbox 615 1093 2202 1174">
    <p class='ocr_par' dir='ltr' id='par_1_14' title="bbox 615 1096 2188 1174">
     <span class='ocr_line' id='line_1_14' title="bbox 615 1096 2188 1174; baseline -0.006 -14"><span class='ocrx_word' id='word_1_127' title='bbox 615 1123 748 1161; x_wconf 86' lang='lat' dir='ltr'><strong>vero</strong></span> <span class='ocrx_word' id='word_1_128' title='bbox 796 1114 1055 1174; x_wconf 82' lang='lat' dir='ltr'><strong>tanquam</strong></span> <span class='ocrx_word' id='word_1_129' title='bbox 1125 1113 1320 1157; x_wconf 86' lang='lat' dir='ltr'><strong>natura</strong></span> <span class='ocrx_word' id='word_1_130' title='bbox 1365 1102 1510 1156; x_wconf 87' lang='lat' dir='ltr'><strong>ﬁlius</strong></span> <span class='ocrx_word' id='word_1_131' title='bbox 1538 1110 1594 1156; x_wconf 88' lang='lat' dir='ltr'><strong>et</strong></span> <span class='ocrx_word' id='word_1_132' title='bbox 1622 1099 1878 1154; x_wconf 89' lang='lat' dir='ltr'><strong>dominus</strong></span> <span class='ocrx_word' id='word_1_133' title='bbox 1906 1114 2067 1168; x_wconf 87' lang='lat' dir='ltr'><strong>supra</strong></span> <span class='ocrx_word' id='word_1_134' title='bbox 2087 1096 2188 1151; x_wconf 91' lang='lat' dir='ltr'><strong>do-</strong></span> 
     </span>
    </p>
   </div>
   <div class='ocr_carea' id='block_1_15' title="bbox 2307 1093 3868 1174">
    <p class='ocr_par' dir='ltr' id='par_1_15' title="bbox 2307 1093 3868 1171">
     <span class='ocr_line' id='line_1_15' title="bbox 2307 1093 3868 1171; baseline -0.004 -17"><span class='ocrx_word' id='word_1_135' title='bbox 2307 1102 2568 1155; x_wconf 76' lang='grc' dir='ltr'>τουτέστιν</span> <span class='ocrx_word' id='word_1_136' title='bbox 2614 1101 2794 1171; x_wconf 73' lang='grc' dir='ltr'>ἡμᾶςς</span> <span class='ocrx_word' id='word_1_137' title='bbox 2835 1094 2988 1168; x_wconf 84' lang='grc' dir='ltr'>οἶμαι</span> <span class='ocrx_word' id='word_1_138' title='bbox 3033 1096 3090 1149; x_wconf 79' lang='grc' dir='ltr'>δὲ</span> <span class='ocrx_word' id='word_1_139' title='bbox 3130 1097 3305 1163; x_wconf 84' lang='grc' dir='ltr'>ἔγωγε</span> <span class='ocrx_word' id='word_1_140' title='bbox 3359 1094 3522 1148; x_wconf 77' lang='grc' dir='ltr'>παντὶ</span> <span class='ocrx_word' id='word_1_141' title='bbox 3555 1093 3617 1146; x_wconf 82' lang='grc' dir='ltr'>τὺ</span> <span class='ocrx_word' id='word_1_142' title='bbox 3672 1093 3868 1164; x_wconf 81' lang='grc' dir='ltr'>χρῆμα</span> 
     </span>
    </p>
   </div>
   <div class='ocr_carea' id='block_1_16' title="bbox 616 1183 2202 1266">
    <p class='ocr_par' dir='ltr' id='par_1_16' title="bbox 616 1192 2190 1266">
     <span class='ocr_line' id='line_1_16' title="bbox 616 1192 2190 1266; baseline -0.007 -13"><span class='ocrx_word' id='word_1_143' title='bbox 616 1215 762 1254; x_wconf 89' lang='lat' dir='ltr'><strong>mum</strong></span> <span class='ocrx_word' id='word_1_144' title='bbox 793 1199 959 1261; x_wconf 87' lang='lat' dir='ltr'><strong>illius,</strong></span> <span class='ocrx_word' id='word_1_145' title='bbox 987 1213 1108 1266; x_wconf 83' lang='lat' dir='ltr'><strong>quae</strong></span> <span class='ocrx_word' id='word_1_146' title='bbox 1131 1196 1328 1250; x_wconf 89' lang='lat' dir='ltr'><strong>domus</strong></span> <span class='ocrx_word' id='word_1_147' title='bbox 1351 1210 1452 1248; x_wconf 91' lang='lat' dir='ltr'><strong>nos</strong></span> <span class='ocrx_word' id='word_1_148' title='bbox 1477 1192 1700 1248; x_wconf 87' lang='lat' dir='ltr'><strong>sumus?</strong></span> <span class='ocrx_word' id='word_1_149' title='bbox 1721 1192 1828 1246; x_wconf 82' lang='lat' dir='ltr'><strong>Res</strong></span> <span class='ocrx_word' id='word_1_150' title='bbox 1849 1192 1984 1255; x_wconf 68' lang='lat' dir='ltr'><strong>haec,</strong></span> <span class='ocrx_word' id='word_1_151' title='bbox 2006 1197 2067 1243; x_wconf 91' lang='lat' dir='ltr'><strong>ut</strong></span> <span class='ocrx_word' id='word_1_152' title='bbox 2090 1204 2190 1260; x_wconf 92' lang='lat' dir='ltr'><strong>ego</strong></span> 
     </span>
    </p>
   </div>
   <div class='ocr_carea' id='block_1_17' title="bbox 2307 1183 3870 1266">
    <p class='ocr_par' dir='ltr' id='par_1_17' title="bbox 2307 1183 3870 1265">
     <span class='ocr_line' id='line_1_17' title="bbox 2307 1183 3870 1265; baseline -0.007 -18"><span class='ocrx_word' id='word_1_153' title='bbox 2307 1194 2555 1265; x_wconf 62' lang='grc' dir='ltr'>ὃπάρχειν</span> <span class='ocrx_word' id='word_1_154' title='bbox 2599 1191 2861 1262; x_wconf 78' lang='grc' dir='ltr'>ἐναργὲς,</span> <span class='ocrx_word' id='word_1_155' title='bbox 2895 1189 3236 1257; x_wconf 70' lang='grc' dir='ltr'>εἴπερνὲστὶν</span> <span class='ocrx_word' id='word_1_156' title='bbox 3269 1188 3328 1240; x_wconf 82' lang='grc' dir='ltr'><strong>ὲν</strong></span> <span class='ocrx_word' id='word_1_157' title='bbox 3360 1184 3510 1256; x_wconf 86' lang='grc' dir='ltr'><strong>καλῷ</strong></span> <span class='ocrx_word' id='word_1_158' title='bbox 3545 1184 3740 1256; x_wconf 83' lang='grc' dir='ltr'>φρενὸς</span> <span class='ocrx_word' id='word_1_159' title='bbox 3774 1183 3870 1236; x_wconf 73' lang='grc' dir='ltr'><strong>καὶ</strong></span> 
     </span>
    </p>
   </div>
   <div class='ocr_carea' id='block_1_18' title="bbox 614 1272 2202 1361">
    <p class='ocr_par' dir='ltr' id='par_1_18' title="bbox 614 1283 2189 1361">
     <span class='ocr_line' id='line_1_18' title="bbox 614 1283 2189 1361; baseline -0.009 -15"><span class='ocrx_word' id='word_1_160' title='bbox 614 1291 836 1361; x_wconf 88' lang='lat' dir='ltr'><strong>quidem</strong></span> <span class='ocrx_word' id='word_1_161' title='bbox 875 1290 1071 1351; x_wconf 88' lang='lat' dir='ltr'><strong>sentio,</strong></span> <span class='ocrx_word' id='word_1_162' title='bbox 1106 1288 1172 1340; x_wconf 90' lang='lat' dir='ltr'><strong>iis</strong></span> <span class='ocrx_word' id='word_1_163' title='bbox 1221 1286 1314 1355; x_wconf 91' lang='lat' dir='ltr'><strong>qui</strong></span> <span class='ocrx_word' id='word_1_164' title='bbox 1342 1284 1559 1355; x_wconf 88' lang='lat' dir='ltr'><strong>ingenio</strong></span> <span class='ocrx_word' id='word_1_165' title='bbox 1591 1283 1689 1352; x_wconf 81' lang='lat'><strong>17</strong></span> <span class='ocrx_word' id='word_1_166' title='bbox 1714 1283 1917 1344; x_wconf 88' lang='lat' dir='ltr'><strong>valent,</strong></span> <span class='ocrx_word' id='word_1_167' title='bbox 1938 1295 2189 1335; x_wconf 88' lang='lat' dir='ltr'><strong>sensum-</strong></span> 
     </span>
    </p>
   </div>
   <div class='ocr_carea' id='block_1_19' title="bbox 2307 1272 3870 1361">
    <p class='ocr_par' dir='ltr' id='par_1_19' title="bbox 2307 1272 3870 1354">
     <span class='ocr_line' id='line_1_19' title="bbox 2307 1272 3870 1354; baseline -0.006 -19"><span class='ocrx_word' id='word_1_168' title='bbox 2307 1283 2410 1338; x_wconf 72' lang='grc' dir='ltr'><strong>νοῦν</strong></span> <span class='ocrx_word' id='word_1_169' title='bbox 2442 1284 2553 1354; x_wconf 76' lang='grc' dir='ltr'>ἔχει</span> <span class='ocrx_word' id='word_1_170' title='bbox 2582 1280 2820 1351; x_wconf 74' lang='grc' dir='ltr'>Χριστοῦ</span> <span class='ocrx_word' id='word_1_171' title='bbox 2842 1322 2855 1344; x_wconf 94' lang='grc'>,</span> <span class='ocrx_word' id='word_1_172' title='bbox 2891 1278 3032 1334; x_wconf 83' lang='grc' dir='ltr'><strong>κατὰ</strong></span> <span class='ocrx_word' id='word_1_173' title='bbox 3074 1278 3166 1332; x_wconf 87' lang='grc' dir='ltr'><strong>τὸν</strong></span> <span class='ocrx_word' id='word_1_174' title='bbox 3212 1277 3484 1348; x_wconf 84' lang='grc' dir='ltr'><strong>μακάριον</strong></span> <span class='ocrx_word' id='word_1_175' title='bbox 3518 1273 3749 1330; x_wconf 79' lang='grc' dir='ltr'><strong>Παῦλον.</strong></span> <span class='ocrx_word' id='word_1_176' title='bbox 3807 1272 3870 1326; x_wconf 89' lang='lat'><strong>&#39;0</strong></span> 
     </span>
    </p>
   </div>
   <div class='ocr_carea' id='block_1_20' title="bbox 615 1362 2202 1453">
    <p class='ocr_par' dir='ltr' id='par_1_20' title="bbox 615 1371 2189 1453">
     <span class='ocr_line' id='line_1_20' title="bbox 615 1371 2189 1453; baseline -0.008 -15"><span class='ocrx_word' id='word_1_177' title='bbox 615 1399 721 1453; x_wconf 91' lang='lat' dir='ltr'><strong>que</strong></span> <span class='ocrx_word' id='word_1_178' title='bbox 747 1390 803 1437; x_wconf 89' lang='lat' dir='ltr'><strong>et</strong></span> <span class='ocrx_word' id='word_1_179' title='bbox 837 1389 1075 1435; x_wconf 88' lang='lat' dir='ltr'><strong>mentem</strong></span> <span class='ocrx_word' id='word_1_180' title='bbox 1103 1379 1326 1443; x_wconf 81' lang='lat' dir='ltr'><strong>Christi,</strong></span> <span class='ocrx_word' id='word_1_181' title='bbox 1345 1385 1405 1430; x_wconf 90' lang='lat' dir='ltr'><strong>ut</strong></span> <span class='ocrx_word' id='word_1_182' title='bbox 1434 1377 1728 1446; x_wconf 84' lang='lat' dir='ltr'><strong>Apostolus</strong></span> <span class='ocrx_word' id='word_1_183' title='bbox 1757 1372 2062 1444; x_wconf 68' lang='lat' dir='ltr'><strong>loquitur&quot;,</strong></span> <span class='ocrx_word' id='word_1_184' title='bbox 2086 1371 2189 1426; x_wconf 85' lang='lat' dir='ltr'><strong>ob-</strong></span> 
     </span>
    </p>
   </div>
   <div class='ocr_carea' id='block_1_21' title="bbox 2307 1362 3871 1453">
    <p class='ocr_par' dir='ltr' id='par_1_21' title="bbox 2307 1362 3871 1445">
     <span class='ocr_line' id='line_1_21' title="bbox 2307 1362 3871 1445; baseline -0.007 -16"><span class='ocrx_word' id='word_1_185' title='bbox 2307 1376 2389 1429; x_wconf 70' lang='grc' dir='ltr'>ιὲν</span> <span class='ocrx_word' id='word_1_186' title='bbox 2419 1374 2527 1444; x_wconf 84' lang='grc' dir='ltr'>γὰρ</span> <span class='ocrx_word' id='word_1_187' title='bbox 2553 1370 2620 1445; x_wconf 80' lang='grc' dir='ltr'><strong>ἦν</strong></span> <span class='ocrx_word' id='word_1_188' title='bbox 2646 1372 2951 1444; x_wconf 79' lang='grc' dir='ltr'>ἄνθρωπος,</span> <span class='ocrx_word' id='word_1_189' title='bbox 2977 1371 3072 1424; x_wconf 68' lang='grc' dir='ltr'><strong>καὶ</strong></span> <span class='ocrx_word' id='word_1_190' title='bbox 3093 1369 3198 1423; x_wconf 79' lang='grc' dir='ltr'>ὑπὸ</span> <span class='ocrx_word' id='word_1_191' title='bbox 3226 1364 3387 1437; x_wconf 77' lang='grc' dir='ltr'>ζυγδν</span> <span class='ocrx_word' id='word_1_192' title='bbox 3412 1379 3452 1406; x_wconf 80' lang='grc' dir='ltr'>ω</span> <span class='ocrx_word' id='word_1_193' title='bbox 3473 1366 3737 1430; x_wconf 75' lang='grc' dir='ltr'><strong>δουλείας⁹</strong></span> <span class='ocrx_word' id='word_1_194' title='bbox 3768 1362 3871 1420; x_wconf 72' lang='grc' dir='ltr'><strong>ὁδὶ</strong></span> 
     </span>
    </p>
   </div>
   <div class='ocr_carea' id='block_1_22' title="bbox 617 1455 2202 1538">
    <p class='ocr_par' dir='ltr' id='par_1_22' title="bbox 617 1465 2189 1538">
     <span class='ocr_line' id='line_1_22' title="bbox 617 1465 2189 1538; baseline -0.008 -12"><span class='ocrx_word' id='word_1_195' title='bbox 617 1473 834 1537; x_wconf 84' lang='lat' dir='ltr'><strong>tinent,‘</strong></span> <span class='ocrx_word' id='word_1_196' title='bbox 879 1471 1196 1538; x_wconf 84' lang='lat' dir='ltr'><strong>neutiquam</strong></span> <span class='ocrx_word' id='word_1_197' title='bbox 1241 1469 1475 1522; x_wconf 87' lang='lat' dir='ltr'><strong>obscura</strong></span> <span class='ocrx_word' id='word_1_198' title='bbox 1523 1474 1625 1520; x_wconf 89' lang='lat' dir='ltr'><strong>est.</strong></span> <span class='ocrx_word' id='word_1_199' title='bbox 1690 1465 1901 1534; x_wconf 83' lang='lat' dir='ltr'><strong>Moyses</strong></span> <span class='ocrx_word' id='word_1_200' title='bbox 1952 1478 2189 1532; x_wconf 86' lang='lat' dir='ltr'><strong>namque</strong></span> 
     </span>
    </p>
   </div>
   <div class='ocr_carea' id='block_1_23' title="bbox 2307 1455 3872 1538">
    <p class='ocr_par' dir='ltr' id='par_1_23' title="bbox 2307 1455 3872 1533">
     <span class='ocr_line' id='line_1_23' title="bbox 2307 1455 3872 1533; baseline -0.004 -16"><span class='ocrx_word' id='word_1_201' title='bbox 2307 1465 2425 1518; x_wconf 73' lang='grc' dir='ltr'>ιατὰ</span> <span class='ocrx_word' id='word_1_202' title='bbox 2459 1463 2620 1532; x_wconf 80' lang='grc' dir='ltr'>φύσιν</span> <span class='ocrx_word' id='word_1_203' title='bbox 2653 1462 2936 1533; x_wconf 74' lang='grc' dir='ltr'>ἐλεύθερος</span> <span class='ocrx_word' id='word_1_204' title='bbox 2967 1462 3041 1524; x_wconf 85' lang='grc' dir='ltr'>ὡς</span> <span class='ocrx_word' id='word_1_205' title='bbox 3071 1459 3225 1524; x_wconf 81' lang='grc' dir='ltr'>Θεὸς,</span> <span class='ocrx_word' id='word_1_206' title='bbox 3262 1460 3356 1513; x_wconf 79' lang='grc' dir='ltr'><strong>καὶ</strong></span> <span class='ocrx_word' id='word_1_207' title='bbox 3399 1458 3727 1531; x_wconf 78' lang='grc' dir='ltr'>δημιουργὸς</span> <span class='ocrx_word' id='word_1_208' title='bbox 3761 1455 3872 1511; x_wconf 83' lang='grc' dir='ltr'><strong>τῶν</strong></span> 
     </span>
    </p>
   </div>
   <div class='ocr_carea' id='block_1_24' title="bbox 616 1550 2202 1628">
    <p class='ocr_par' dir='ltr' id='par_1_24' title="bbox 616 1555 2184 1628">
     <span class='ocr_line' id='line_1_24' title="bbox 616 1555 2184 1628; baseline -0.006 -12"><span class='ocrx_word' id='word_1_209' title='bbox 616 1573 736 1616; x_wconf 86' lang='lat' dir='ltr'><strong>erat</strong></span> <span class='ocrx_word' id='word_1_210' title='bbox 789 1565 954 1615; x_wconf 92' lang='lat' dir='ltr'><strong>homo</strong></span> <span class='ocrx_word' id='word_1_211' title='bbox 977 1560 1257 1614; x_wconf 80' lang='lat' dir='ltr'><strong>servitutis</strong></span> <span class='ocrx_word' id='word_1_212' title='bbox 1283 1561 1412 1628; x_wconf 84' lang='lat' dir='ltr'><strong>jugo</strong></span> <span class='ocrx_word' id='word_1_213' title='bbox 1443 1571 1670 1626; x_wconf 88' lang='lat' dir='ltr'><strong>pressus</strong></span> <span class='ocrx_word' id='word_1_214' title='bbox 1696 1573 1708 1618; x_wconf 89' lang='lat'><strong>;</strong></span> <span class='ocrx_word' id='word_1_215' title='bbox 1750 1555 2001 1610; x_wconf 78' lang='lat' dir='ltr'><strong>ChriStus</strong></span> <span class='ocrx_word' id='word_1_216' title='bbox 2019 1569 2148 1607; x_wconf 80' lang='lat' dir='ltr'><strong>vero</strong></span> <span class='ocrx_word' id='word_1_217' title='bbox 2170 1592 2184 1616; x_wconf 83' lang='lat'><strong>,</strong></span> 
     </span>
    </p>
   </div>
   <div class='ocr_carea' id='block_1_25' title="bbox 2307 1550 3866 1628">
    <p class='ocr_par' dir='ltr' id='par_1_25' title="bbox 2307 1550 3866 1622">
     <span class='ocr_line' id='line_1_25' title="bbox 2307 1550 3866 1622; baseline -0.004 -15"><span class='ocrx_word' id='word_1_218' title='bbox 2307 1557 2441 1617; x_wconf 72' lang='grc' dir='ltr'>ὶλων,</span> <span class='ocrx_word' id='word_1_219' title='bbox 2473 1554 2567 1608; x_wconf 78' lang='grc' dir='ltr'>καὶ</span> <span class='ocrx_word' id='word_1_220' title='bbox 2606 1553 2837 1606; x_wconf 76' lang='grc' dir='ltr'><strong>κένωσιν</strong></span> <span class='ocrx_word' id='word_1_221' title='bbox 2867 1552 3104 1616; x_wconf 83' lang='grc' dir='ltr'><strong>ἀνατλὰς</strong></span> <span class='ocrx_word' id='word_1_222' title='bbox 3131 1552 3230 1622; x_wconf 84' lang='grc' dir='ltr'>τὴν</span> <span class='ocrx_word' id='word_1_223' title='bbox 3262 1550 3568 1604; x_wconf 79' lang='grc' dir='ltr'>ἐθελούσιον</span> <span class='ocrx_word' id='word_1_224' title='bbox 3599 1550 3663 1603; x_wconf 78' lang='grc' dir='ltr'>δι’</span> <span class='ocrx_word' id='word_1_225' title='bbox 3693 1550 3866 1620; x_wconf 76' lang='grc' dir='ltr'>ἡμᾶς·</span> 
     </span>
    </p>
   </div>
   <div class='ocr_carea' id='block_1_26' title="bbox 621 1640 2202 1716">
    <p class='ocr_par' dir='ltr' id='par_1_26' title="bbox 621 1648 2186 1714">
     <span class='ocr_line' id='line_1_26' title="bbox 621 1648 2186 1714; baseline -0.006 -6"><span class='ocrx_word' id='word_1_226' title='bbox 621 1667 682 1712; x_wconf 89' lang='lat' dir='ltr'><strong>ut</strong></span> <span class='ocrx_word' id='word_1_227' title='bbox 715 1657 857 1710; x_wconf 89' lang='lat' dir='ltr'><strong>Deus</strong></span> <span class='ocrx_word' id='word_1_228' title='bbox 888 1664 941 1708; x_wconf 90' lang='lat' dir='ltr'><strong>et</strong></span> <span class='ocrx_word' id='word_1_229' title='bbox 969 1652 1349 1706; x_wconf 82' lang='lat' dir='ltr'><strong>universorum</strong></span> <span class='ocrx_word' id='word_1_230' title='bbox 1374 1648 1731 1709; x_wconf 85' lang='lat' dir='ltr'><strong>architectus,</strong></span> <span class='ocrx_word' id='word_1_231' title='bbox 1755 1655 1950 1714; x_wconf 87' lang='lat' dir='ltr'><strong>suapte</strong></span> <span class='ocrx_word' id='word_1_232' title='bbox 1990 1653 2186 1698; x_wconf 86' lang='lat' dir='ltr'><strong>natura</strong></span> 
     </span>
    </p>
   </div>
   <div class='ocr_carea' id='block_1_27' title="bbox 2307 1640 3869 1716">
    <p class='ocr_par' dir='ltr' id='par_1_27' title="bbox 2307 1640 3869 1716">
     <span class='ocr_line' id='line_1_27' title="bbox 2307 1640 3869 1716; baseline -0.003 -18"><span class='ocrx_word' id='word_1_233' title='bbox 2307 1647 2400 1700; x_wconf 61' lang='lat' dir='ltr'><strong>ex</strong></span> <span class='ocrx_word' id='word_1_234' title='bbox 2427 1646 2546 1716; x_wconf 76' lang='grc' dir='ltr'>οὐχὶ</span> <span class='ocrx_word' id='word_1_235' title='bbox 2573 1644 2915 1698; x_wconf 68' lang='grc' dir='ltr'>τοῦτοαὺτὸν</span> <span class='ocrx_word' id='word_1_236' title='bbox 2937 1644 3036 1714; x_wconf 88' lang='grc' dir='ltr'>τῆς</span> <span class='ocrx_word' id='word_1_237' title='bbox 3063 1641 3399 1714; x_wconf 79' lang='grc' dir='ltr'>θεοπρεποῦς</span> <span class='ocrx_word' id='word_1_238' title='bbox 3418 1642 3576 1711; x_wconf 82' lang='grc' dir='ltr'><strong>δόξης</strong></span> <span class='ocrx_word' id='word_1_239' title='bbox 3593 1640 3869 1708; x_wconf 75' lang='grc' dir='ltr'>ὲξοικῑσιι,</span> 
     </span>
    </p>
   </div>
   <div class='ocr_carea' id='block_1_28' title="bbox 619 1733 2202 1810">
    <p class='ocr_par' dir='ltr' id='par_1_28' title="bbox 619 1737 2187 1798">
     <span class='ocr_line' id='line_1_28' title="bbox 619 1737 2187 1798; baseline -0.008 1"><span class='ocrx_word' id='word_1_240' title='bbox 619 1745 758 1798; x_wconf 88' lang='lat' dir='ltr'><strong>liber</strong></span> <span class='ocrx_word' id='word_1_241' title='bbox 785 1751 920 1798; x_wconf 88' lang='lat' dir='ltr'><strong>erat.</strong></span> <span class='ocrx_word' id='word_1_242' title='bbox 968 1741 1102 1794; x_wconf 84' lang='lat' dir='ltr'><strong>Nam</strong></span> <span class='ocrx_word' id='word_1_243' title='bbox 1129 1738 1232 1792; x_wconf 88' lang='lat' dir='ltr'><strong>etsi</strong></span> <span class='ocrx_word' id='word_1_244' title='bbox 1272 1738 1445 1792; x_wconf 88' lang='lat' dir='ltr'><strong>nostri</strong></span> <span class='ocrx_word' id='word_1_245' title='bbox 1471 1752 1634 1792; x_wconf 86' lang='lat' dir='ltr'><strong>causa</strong></span> <span class='ocrx_word' id='word_1_246' title='bbox 1664 1737 1719 1790; x_wconf 92' lang='lat' dir='ltr'><strong>in</strong></span> <span class='ocrx_word' id='word_1_247' title='bbox 1753 1737 2187 1791; x_wconf 69' lang='lat' dir='ltr'><strong>exinanitionem</strong></span> 
     </span>
    </p>
   </div>
   <div class='ocr_carea' id='block_1_29' title="bbox 2307 1733 3873 1810">
    <p class='ocr_par' dir='ltr' id='par_1_29' title="bbox 2307 1733 3873 1810">
     <span class='ocr_line' id='line_1_29' title="bbox 2307 1733 3873 1810; baseline -0.003 -18"><span class='ocrx_word' id='word_1_248' title='bbox 2307 1739 2408 1793; x_wconf 75' lang='grc' dir='ltr'><strong>ιῦτε</strong></span> <span class='ocrx_word' id='word_1_249' title='bbox 2446 1740 2550 1810; x_wconf 81' lang='grc' dir='ltr'><strong>μὴν</strong></span> <span class='ocrx_word' id='word_1_250' title='bbox 2580 1741 2678 1810; x_wconf 82' lang='grc' dir='ltr'><strong>τῆς</strong></span> <span class='ocrx_word' id='word_1_251' title='bbox 2714 1737 3027 1810; x_wconf 81' lang='grc' dir='ltr'>ὑπερτάτης</span> <span class='ocrx_word' id='word_1_252' title='bbox 3056 1737 3152 1789; x_wconf 77' lang='grc' dir='ltr'><strong>καὶ</strong></span> <span class='ocrx_word' id='word_1_253' title='bbox 3182 1735 3323 1790; x_wconf 84' lang='grc' dir='ltr'>κατὰ</span> <span class='ocrx_word' id='word_1_254' title='bbox 3351 1736 3569 1790; x_wconf 82' lang='grc' dir='ltr'>πάντων</span> <span class='ocrx_word' id='word_1_255' title='bbox 3595 1733 3873 1807; x_wconf 78' lang='grc' dir='ltr'><strong>ὑπεροχῆς</strong></span> 
     </span>
    </p>
   </div>
   <div class='ocr_carea' id='block_1_30' title="bbox 619 1824 2202 1902">
    <p class='ocr_par' dir='ltr' id='par_1_30' title="bbox 619 1827 2180 1900">
     <span class='ocr_line' id='line_1_30' title="bbox 619 1827 2180 1900; baseline -0.005 -12"><span class='ocrx_word' id='word_1_256' title='bbox 619 1836 980 1890; x_wconf 79' lang='lat' dir='ltr'><strong>voluntariam</strong></span> <span class='ocrx_word' id='word_1_257' title='bbox 1000 1847 1118 1887; x_wconf 90' lang='lat' dir='ltr'><strong>sese</strong></span> <span class='ocrx_word' id='word_1_258' title='bbox 1142 1830 1370 1885; x_wconf 88' lang='lat' dir='ltr'><strong>demisit</strong></span> <span class='ocrx_word' id='word_1_259' title='bbox 1400 1830 1464 1895; x_wconf 63' lang='grc' dir='ltr'><strong>δί’,</strong></span> <span class='ocrx_word' id='word_1_260' title='bbox 1487 1845 1550 1883; x_wconf 90' lang='lat' dir='ltr'><strong>ea</strong></span> <span class='ocrx_word' id='word_1_261' title='bbox 1578 1839 1759 1883; x_wconf 89' lang='lat' dir='ltr'><strong>tamen</strong></span> <span class='ocrx_word' id='word_1_262' title='bbox 1780 1828 2014 1900; x_wconf 88' lang='lat' dir='ltr'><strong>abjectio</strong></span> <span class='ocrx_word' id='word_1_263' title='bbox 2041 1827 2180 1880; x_wconf 82' lang='lat' dir='ltr'><strong>divi-</strong></span> 
     </span>
    </p>
   </div>
   <div class='ocr_carea' id='block_1_31' title="bbox 2307 1824 3872 1902">
    <p class='ocr_par' dir='ltr' id='par_1_31' title="bbox 2307 1824 3872 1902">
     <span class='ocr_line' id='line_1_31' title="bbox 2307 1824 3872 1902; baseline -0.002 -19"><span class='ocrx_word' id='word_1_264' title='bbox 2307 1829 2616 1902; x_wconf 74' lang='grc' dir='ltr'>ιποσοϐήσει</span> <span class='ocrx_word' id='word_1_265' title='bbox 2664 1829 2828 1882; x_wconf 84' lang='grc' dir='ltr'>ποθέν</span> <span class='ocrx_word' id='word_1_266' title='bbox 2877 1838 2926 1884; x_wconf 74' lang='grc' dir='ltr'><strong>ιι.</strong></span> <span class='ocrx_word' id='word_1_267' title='bbox 2982 1829 3194 1899; x_wconf 85' lang='grc' dir='ltr'>’Ὥσπερ</span> <span class='ocrx_word' id='word_1_268' title='bbox 3240 1827 3350 1900; x_wconf 84' lang='grc' dir='ltr'>γὰρ</span> <span class='ocrx_word' id='word_1_269' title='bbox 3397 1829 3558 1899; x_wconf 79' lang='grc' dir='ltr'>ἡμεῖς</span> <span class='ocrx_word' id='word_1_270' title='bbox 3601 1827 3663 1880; x_wconf 80' lang='grc' dir='ltr'><strong>τὸ</strong></span> <span class='ocrx_word' id='word_1_271' title='bbox 3706 1824 3872 1880; x_wconf 78' lang='grc' dir='ltr'>αὑτοῦ</span> 
     </span>
    </p>
   </div>
   <div class='ocr_carea' id='block_1_32' title="bbox 619 1917 2202 1994">
    <p class='ocr_par' dir='ltr' id='par_1_32' title="bbox 619 1917 2188 1994">
     <span class='ocr_line' id='line_1_32' title="bbox 619 1917 2188 1994; baseline -0.007 -15"><span class='ocrx_word' id='word_1_272' title='bbox 619 1940 744 1980; x_wconf 82' lang='lat' dir='ltr'><strong>nam</strong></span> <span class='ocrx_word' id='word_1_273' title='bbox 777 1924 1002 1994; x_wconf 79' lang='lat' dir='ltr'><strong>gloriam</strong></span> <span class='ocrx_word' id='word_1_274' title='bbox 1050 1921 1128 1974; x_wconf 88' lang='lat' dir='ltr'><strong>illi</strong></span> <span class='ocrx_word' id='word_1_275' title='bbox 1174 1933 1520 1988; x_wconf 87' lang='lat' dir='ltr'><strong>nequaquam</strong></span> <span class='ocrx_word' id='word_1_276' title='bbox 1551 1917 1774 1980; x_wconf 88' lang='lat' dir='ltr'><strong>adimet,</strong></span> <span class='ocrx_word' id='word_1_277' title='bbox 1805 1931 1910 1972; x_wconf 89' lang='lat' dir='ltr'><strong>nec</strong></span> <span class='ocrx_word' id='word_1_278' title='bbox 1933 1931 1962 1970; x_wconf 90' lang='lat' dir='ltr'><strong>a</strong></span> <span class='ocrx_word' id='word_1_279' title='bbox 1995 1931 2188 1985; x_wconf 81' lang='lat' dir='ltr'><strong>supre-</strong></span> 
     </span>
    </p>
   </div>
   <div class='ocr_carea' id='block_1_33' title="bbox 2307 1917 3873 1994">
    <p class='ocr_par' dir='ltr' id='par_1_33' title="bbox 2307 1917 3873 1992">
     <span class='ocr_line' id='line_1_33' title="bbox 2307 1917 3873 1992; baseline -0.002 -19"><span class='ocrx_word' id='word_1_280' title='bbox 2307 1921 2506 1992; x_wconf 82' lang='grc' dir='ltr'>τνεῢμα</span> <span class='ocrx_word' id='word_1_281' title='bbox 2537 1920 2936 1991; x_wconf 75' lang='grc' dir='ltr'><strong>πλουτήσαντες</strong></span> <span class='ocrx_word' id='word_1_282' title='bbox 2966 1917 3290 1990; x_wconf 67' lang='grc' dir='ltr'>(κατῴκησε</span> <span class='ocrx_word' id='word_1_283' title='bbox 3323 1918 3433 1989; x_wconf 84' lang='grc' dir='ltr'><strong>γὰρ</strong></span> <span class='ocrx_word' id='word_1_284' title='bbox 3466 1920 3525 1972; x_wconf 78' lang='grc' dir='ltr'><strong>ὲν</strong></span> <span class='ocrx_word' id='word_1_285' title='bbox 3571 1920 3690 1980; x_wconf 86' lang='grc' dir='ltr'>ταῖς</span> <span class='ocrx_word' id='word_1_286' title='bbox 3734 1933 3873 1986; x_wconf 85' lang='grc' dir='ltr'><strong>καρ-</strong></span> 
     </span>
    </p>
   </div>
   <div class='ocr_carea' id='block_1_34' title="bbox 618 2007 2202 2084">
    <p class='ocr_par' dir='ltr' id='par_1_34' title="bbox 618 2007 2186 2080">
     <span class='ocr_line' id='line_1_34' title="bbox 618 2007 2186 2080; baseline -0.007 -9"><span class='ocrx_word' id='word_1_287' title='bbox 618 2034 706 2071; x_wconf 92' lang='lat' dir='ltr'><strong>ma</strong></span> <span class='ocrx_word' id='word_1_288' title='bbox 745 2017 832 2070; x_wconf 85' lang='lat' dir='ltr'><strong>illa</strong></span> <span class='ocrx_word' id='word_1_289' title='bbox 873 2013 1195 2069; x_wconf 76' lang='lat' dir='ltr'><strong>excellentia</strong></span> <span class='ocrx_word' id='word_1_290' title='bbox 1248 2026 1413 2080; x_wconf 89' lang='lat' dir='ltr'><strong>quam</strong></span> <span class='ocrx_word' id='word_1_291' title='bbox 1443 2025 1606 2078; x_wconf 89' lang='lat' dir='ltr'><strong>super</strong></span> <span class='ocrx_word' id='word_1_292' title='bbox 1640 2024 1832 2064; x_wconf 89' lang='lat' dir='ltr'><strong>omnes</strong></span> <span class='ocrx_word' id='word_1_293' title='bbox 1856 2008 2041 2073; x_wconf 86' lang='lat' dir='ltr'><strong>habet,</strong></span> <span class='ocrx_word' id='word_1_294' title='bbox 2076 2007 2186 2061; x_wconf 88' lang='lat' dir='ltr'><strong>ulla</strong></span> 
     </span>
    </p>
   </div>
   <div class='ocr_carea' id='block_1_35' title="bbox 2307 2007 3876 2084">
    <p class='ocr_par' dir='ltr' id='par_1_35' title="bbox 2307 2008 3876 2084">
     <span class='ocr_line' id='line_1_35' title="bbox 2307 2008 3876 2084; baseline -0.003 -19"><span class='ocrx_word' id='word_1_295' title='bbox 2307 2012 2429 2077; x_wconf 64' lang='grc' dir='ltr'>καις</span> <span class='ocrx_word' id='word_1_296' title='bbox 2452 2013 2610 2084; x_wconf 83' lang='grc' dir='ltr'>ἡμῶν</span> <span class='ocrx_word' id='word_1_297' title='bbox 2631 2012 2648 2076; x_wconf 94' lang='grc'><strong>)</strong></span> <span class='ocrx_word' id='word_1_298' title='bbox 2668 2053 2683 2079; x_wconf 86' lang='grc'>,</span> <span class='ocrx_word' id='word_1_299' title='bbox 2715 2009 3023 2081; x_wconf 84' lang='grc' dir='ltr'>τετάγμεθα</span> <span class='ocrx_word' id='word_1_300' title='bbox 3061 2011 3159 2082; x_wconf 86' lang='grc' dir='ltr'><strong>μὲν</strong></span> <span class='ocrx_word' id='word_1_301' title='bbox 3189 2012 3248 2064; x_wconf 80' lang='grc' dir='ltr'><strong>ὲν</strong></span> <span class='ocrx_word' id='word_1_302' title='bbox 3278 2011 3487 2071; x_wconf 83' lang='grc' dir='ltr'>τέκνοις</span> <span class='ocrx_word' id='word_1_303' title='bbox 3517 2008 3675 2073; x_wconf 80' lang='grc' dir='ltr'>Θεοῦ,</span> <span class='ocrx_word' id='word_1_304' title='bbox 3708 2008 3766 2061; x_wconf 84' lang='grc' dir='ltr'>τό</span> <span class='ocrx_word' id='word_1_305' title='bbox 3809 2023 3876 2077; x_wconf 77' lang='grc' dir='ltr'>γι</span> 
     </span>
    </p>
   </div>
   <div class='ocr_carea' id='block_1_36' title="bbox 617 2077 2202 2190">
    <p class='ocr_par' dir='ltr' id='par_1_36' title="bbox 617 2077 2187 2180">
     <span class='ocr_line' id='line_1_36' title="bbox 617 2077 2187 2180; baseline -0.006 -15"><span class='ocrx_word' id='word_1_306' title='bbox 617 2121 864 2180; x_wconf 76' lang='lat' dir='ltr'><strong>exparte</strong></span> <span class='ocrx_word' id='word_1_307' title='bbox 923 2109 1102 2178; x_wconf 90' lang='lat' dir='ltr'><strong>ipsum</strong></span> <span class='ocrx_word' id='word_1_308' title='bbox 1161 2077 1437 2161; x_wconf 79' lang='lat' dir='ltr'><strong>excludet.</strong></span> <span class='ocrx_word' id='word_1_309' title='bbox 1496 2077 1952 2171; x_wconf 78' lang='lat' dir='ltr'><strong>Quandoquidem</strong></span> <span class='ocrx_word' id='word_1_310' title='bbox 1995 2109 2054 2155; x_wconf 91' lang='lat' dir='ltr'><strong>ut</strong></span> <span class='ocrx_word' id='word_1_311' title='bbox 2086 2115 2187 2155; x_wconf 91' lang='lat' dir='ltr'><strong>nos</strong></span> 
     </span>
    </p>
   </div>
   <div class='ocr_carea' id='block_1_37' title="bbox 2307 2077 3872 2190">
    <p class='ocr_par' dir='ltr' id='par_1_37' title="bbox 2307 2077 3872 2190">
     <span class='ocr_line' id='line_1_37' title="bbox 2307 2077 3872 2190; baseline -0.004 -34"><span class='ocrx_word' id='word_1_312' title='bbox 2307 2107 2400 2190; x_wconf 45' lang='lat' dir='ltr'><strong>1.3V</strong></span> <span class='ocrx_word' id='word_1_313' title='bbox 2450 2077 2591 2156; x_wconf 53' lang='grc' dir='ltr'>εἶναι</span> <span class='ocrx_word' id='word_1_314' title='bbox 2639 2077 2786 2161; x_wconf 75' lang='grc' dir='ltr'>τοῦθ’</span> <span class='ocrx_word' id='word_1_315' title='bbox 2839 2077 2979 2173; x_wconf 65' lang='grc' dir='ltr'>ὅπερ</span> <span class='ocrx_word' id='word_1_316' title='bbox 3026 2077 3195 2172; x_wconf 72' lang='grc' dir='ltr'>ἐσμὲν</span> <span class='ocrx_word' id='word_1_317' title='bbox 3243 2100 3344 2153; x_wconf 77' lang='grc' dir='ltr'><strong>οὐκ</strong></span> <span class='ocrx_word' id='word_1_318' title='bbox 3396 2085 3872 2170; x_wconf 70' lang='grc' dir='ltr'><strong>ἀποϐεϐλήκαμεν*</strong></span> 
     </span>
    </p>
   </div>
   <div class='ocr_carea' id='block_1_38' title="bbox 620 2189 2202 2270">
    <p class='ocr_par' dir='ltr' id='par_1_38' title="bbox 620 2192 2188 2270">
     <span class='ocr_line' id='line_1_38' title="bbox 620 2192 2188 2270; baseline -0.003 -18"><span class='ocrx_word' id='word_1_319' title='bbox 620 2201 816 2270; x_wconf 72' lang='lat' dir='ltr'><strong>spiritu</strong></span> <span class='ocrx_word' id='word_1_320' title='bbox 875 2200 1046 2269; x_wconf 88' lang='lat' dir='ltr'><strong>ipsius</strong></span> <span class='ocrx_word' id='word_1_321' title='bbox 1083 2197 1394 2266; x_wconf 88' lang='lat' dir='ltr'><strong>locupletati</strong></span> <span class='ocrx_word' id='word_1_322' title='bbox 1426 2194 1500 2263; x_wconf 91' lang='lat' dir='ltr'><strong>(in</strong></span> <span class='ocrx_word' id='word_1_323' title='bbox 1530 2193 1730 2247; x_wconf 88' lang='lat' dir='ltr'><strong>nostris</strong></span> <span class='ocrx_word' id='word_1_324' title='bbox 1755 2192 1902 2246; x_wconf 91' lang='lat' dir='ltr'><strong>enim</strong></span> <span class='ocrx_word' id='word_1_325' title='bbox 1924 2193 2188 2248; x_wconf 89' lang='lat' dir='ltr'><strong>cordibus</strong></span> 
     </span>
    </p>
   </div>
   <div class='ocr_carea' id='block_1_39' title="bbox 2307 2189 3876 2270">
    <p class='ocr_par' dir='ltr' id='par_1_39' title="bbox 2307 2189 3876 2267">
     <span class='ocr_line' id='line_1_39' title="bbox 2307 2189 3876 2267; baseline -0.004 -18"><span class='ocrx_word' id='word_1_326' title='bbox 2307 2189 2459 2267; x_wconf 70' lang='grc' dir='ltr'>εσμὲν</span> <span class='ocrx_word' id='word_1_327' title='bbox 2491 2196 2598 2266; x_wconf 82' lang='grc' dir='ltr'><strong>γὰρ</strong></span> <span class='ocrx_word' id='word_1_328' title='bbox 2628 2195 2905 2267; x_wconf 74' lang='grc' dir='ltr'>ἄνθρωποι</span> <span class='ocrx_word' id='word_1_329' title='bbox 2935 2194 3080 2249; x_wconf 80' lang='grc' dir='ltr'><strong>κατά</strong></span> <span class='ocrx_word' id='word_1_330' title='bbox 3109 2193 3290 2264; x_wconf 78' lang='grc' dir='ltr'>φύσιν,</span> <span class='ocrx_word' id='word_1_331' title='bbox 3325 2195 3502 2247; x_wconf 83' lang='grc' dir='ltr'>καίτοι</span> <span class='ocrx_word' id='word_1_332' title='bbox 3548 2191 3667 2262; x_wconf 88' lang='grc' dir='ltr'>Θεῷ</span> <span class='ocrx_word' id='word_1_333' title='bbox 3693 2189 3876 2258; x_wconf 83' lang='grc' dir='ltr'><strong>λέγον-</strong></span> 
     </span>
    </p>
   </div>
   <div class='ocr_carea' id='block_1_40' title="bbox 619 2283 2202 2359">
    <p class='ocr_par' dir='ltr' id='par_1_40' title="bbox 619 2286 2187 2354">
     <span class='ocr_line' id='line_1_40' title="bbox 619 2286 2187 2354; baseline -0.005 -8"><span class='ocrx_word' id='word_1_334' title='bbox 619 2293 709 2347; x_wconf 89' lang='lat' dir='ltr'><strong>hic</strong></span> <span class='ocrx_word' id='word_1_335' title='bbox 735 2292 1006 2346; x_wconf 90' lang='lat' dir='ltr'><strong>inhabitat</strong></span> <span class='ocrx_word' id='word_1_336' title='bbox 1023 2291 1109 2353; x_wconf 73' lang='grc'><strong>⁵⁷),</strong></span> <span class='ocrx_word' id='word_1_337' title='bbox 1127 2290 1266 2342; x_wconf 85' lang='lat' dir='ltr'><strong>inter</strong></span> <span class='ocrx_word' id='word_1_338' title='bbox 1289 2287 1429 2340; x_wconf 89' lang='lat' dir='ltr'><strong>ﬁlios</strong></span> <span class='ocrx_word' id='word_1_339' title='bbox 1442 2286 1537 2341; x_wconf 87' lang='lat' dir='ltr'><strong>Dei</strong></span> <span class='ocrx_word' id='word_1_340' title='bbox 1555 2299 1864 2349; x_wconf 89' lang='lat' dir='ltr'><strong>censemur,</strong></span> <span class='ocrx_word' id='word_1_341' title='bbox 1883 2299 2061 2354; x_wconf 90' lang='lat' dir='ltr'><strong>neque</strong></span> <span class='ocrx_word' id='word_1_342' title='bbox 2088 2300 2187 2354; x_wconf 91' lang='lat' dir='ltr'><strong>per</strong></span> 
     </span>
    </p>
   </div>
   <div class='ocr_carea' id='block_1_41' title="bbox 2307 2283 3874 2359">
    <p class='ocr_par' dir='ltr' id='par_1_41' title="bbox 2307 2283 3874 2359">
     <span class='ocr_line' id='line_1_41' title="bbox 2307 2283 3874 2359; baseline -0.004 -16"><span class='ocrx_word' id='word_1_343' title='bbox 2307 2307 2401 2353; x_wconf 75' lang='grc' dir='ltr'>τες·</span> <span class='ocrx_word' id='word_1_344' title='bbox 2443 2308 2460 2341; x_wconf 84' lang='grc' dir='ltr'><strong>ι</strong></span> <span class='ocrx_word' id='word_1_345' title='bbox 2511 2289 2699 2352; x_wconf 79' lang='grc' dir='ltr'>Ἀϐϐᾶ,</span> <span class='ocrx_word' id='word_1_346' title='bbox 2726 2291 2753 2342; x_wconf 88' lang='grc' dir='ltr'><strong>ὁ</strong></span> <span class='ocrx_word' id='word_1_347' title='bbox 2791 2289 3004 2359; x_wconf 86' lang='grc' dir='ltr'><strong>Πατήρ·</strong></span> <span class='ocrx_word' id='word_1_348' title='bbox 3041 2307 3060 2340; x_wconf 67' lang='grc' dir='ltr'><strong>ι</strong></span> <span class='ocrx_word' id='word_1_349' title='bbox 3095 2286 3238 2341; x_wconf 74' lang='grc' dir='ltr'>οὕτω</span> <span class='ocrx_word' id='word_1_350' title='bbox 3267 2287 3359 2340; x_wconf 78' lang='grc' dir='ltr'><strong>καὶ</strong></span> <span class='ocrx_word' id='word_1_351' title='bbox 3393 2285 3555 2349; x_wconf 78' lang='grc' dir='ltr'>αὐτὸς</span> <span class='ocrx_word' id='word_1_352' title='bbox 3587 2285 3615 2336; x_wconf 85' lang='grc' dir='ltr'>ὁ</span> <span class='ocrx_word' id='word_1_353' title='bbox 3649 2285 3746 2356; x_wconf 84' lang='grc' dir='ltr'>τῆς</span> <span class='ocrx_word' id='word_1_354' title='bbox 3781 2283 3874 2338; x_wconf 75' lang='grc' dir='ltr'>τοῦ</span> 
     </span>
    </p>
   </div>
   <div class='ocr_carea' id='block_1_42' title="bbox 621 2374 2202 2455">
    <p class='ocr_par' dir='ltr' id='par_1_42' title="bbox 621 2374 2184 2448">
     <span class='ocr_line' id='line_1_42' title="bbox 621 2374 2184 2448; baseline -0.004 -13"><span class='ocrx_word' id='word_1_355' title='bbox 621 2384 724 2436; x_wconf 91' lang='lat' dir='ltr'><strong>hoc</strong></span> <span class='ocrx_word' id='word_1_356' title='bbox 743 2391 925 2434; x_wconf 87' lang='lat' dir='ltr'><strong>tamen</strong></span> <span class='ocrx_word' id='word_1_357' title='bbox 952 2379 1006 2432; x_wconf 88' lang='lat' dir='ltr'><strong>id</strong></span> <span class='ocrx_word' id='word_1_358' title='bbox 1049 2379 1191 2448; x_wconf 92' lang='lat' dir='ltr'><strong>quod</strong></span> <span class='ocrx_word' id='word_1_359' title='bbox 1225 2376 1548 2430; x_wconf 87' lang='lat' dir='ltr'><strong>naturaliter</strong></span> <span class='ocrx_word' id='word_1_360' title='bbox 1584 2389 1793 2437; x_wconf 90' lang='lat' dir='ltr'><strong>sumus,</strong></span> <span class='ocrx_word' id='word_1_361' title='bbox 1821 2389 1941 2428; x_wconf 91' lang='lat' dir='ltr'><strong>esse</strong></span> <span class='ocrx_word' id='word_1_362' title='bbox 1975 2374 2184 2428; x_wconf 88' lang='lat' dir='ltr'><strong>desini-</strong></span> 
     </span>
    </p>
   </div>
   <div class='ocr_carea' id='block_1_43' title="bbox 2307 2374 3877 2455">
    <p class='ocr_par' dir='ltr' id='par_1_43' title="bbox 2307 2376 3877 2455">
     <span class='ocr_line' id='line_1_43' title="bbox 2307 2376 3877 2455; baseline -0.004 -19"><span class='ocrx_word' id='word_1_363' title='bbox 2307 2382 2424 2436; x_wconf 67' lang='lat'><strong>3305</strong></span> <span class='ocrx_word' id='word_1_364' title='bbox 2460 2383 2552 2435; x_wconf 70' lang='grc' dir='ltr'><strong>καὶ</strong></span> <span class='ocrx_word' id='word_1_365' title='bbox 2581 2383 2792 2455; x_wconf 81' lang='grc' dir='ltr'>Πατρὸς</span> <span class='ocrx_word' id='word_1_366' title='bbox 2819 2381 3006 2444; x_wconf 82' lang='grc' dir='ltr'>οὐσίας</span> <span class='ocrx_word' id='word_1_367' title='bbox 3039 2381 3369 2453; x_wconf 78' lang='grc' dir='ltr'>ἀπορῤήτως</span> <span class='ocrx_word' id='word_1_368' title='bbox 3402 2376 3720 2448; x_wconf 80' lang='grc' dir='ltr'>ἐκπεφηνὼς</span> <span class='ocrx_word' id='word_1_369' title='bbox 3746 2377 3877 2441; x_wconf 82' lang='grc' dir='ltr'>Θεὸς</span> 
     </span>
    </p>
   </div>
   <div class='ocr_carea' id='block_1_44' title="bbox 621 2465 2202 2544">
    <p class='ocr_par' dir='ltr' id='par_1_44' title="bbox 621 2465 2182 2538">
     <span class='ocr_line' id='line_1_44' title="bbox 621 2465 2182 2538; baseline -0.004 -13"><span class='ocrx_word' id='word_1_370' title='bbox 621 2489 742 2526; x_wconf 86' lang='lat' dir='ltr'><strong>mus</strong></span> <span class='ocrx_word' id='word_1_371' title='bbox 773 2486 999 2536; x_wconf 86' lang='lat' dir='ltr'><strong>;sumus</strong></span> <span class='ocrx_word' id='word_1_372' title='bbox 1022 2484 1256 2538; x_wconf 89' lang='lat' dir='ltr'><strong>namque</strong></span> <span class='ocrx_word' id='word_1_373' title='bbox 1298 2467 1551 2522; x_wconf 91' lang='lat' dir='ltr'><strong>homines</strong></span> <span class='ocrx_word' id='word_1_374' title='bbox 1575 2465 1873 2520; x_wconf 90' lang='lat' dir='ltr'><strong>secundum</strong></span> <span class='ocrx_word' id='word_1_375' title='bbox 1913 2475 2182 2529; x_wconf 89' lang='lat' dir='ltr'><strong>naturam,</strong></span> 
     </span>
    </p>
   </div>
   <div class='ocr_carea' id='block_1_45' title="bbox 2307 2465 3877 2544">
    <p class='ocr_par' dir='ltr' id='par_1_45' title="bbox 2307 2467 3877 2544">
     <span class='ocr_line' id='line_1_45' title="bbox 2307 2467 3877 2544; baseline -0.001 -19"><span class='ocrx_word' id='word_1_376' title='bbox 2307 2474 2482 2541; x_wconf 46' lang='grc' dir='ltr'>λόγος,</span> <span class='ocrx_word' id='word_1_377' title='bbox 2512 2472 2835 2544; x_wconf 87' lang='grc' dir='ltr'>προσλαϐὼν</span> <span class='ocrx_word' id='word_1_378' title='bbox 2865 2473 2925 2526; x_wconf 86' lang='grc' dir='ltr'><strong>τὸ</strong></span> <span class='ocrx_word' id='word_1_379' title='bbox 2955 2471 3314 2542; x_wconf 82' lang='grc' dir='ltr'>ἀνθρώπινον,</span> <span class='ocrx_word' id='word_1_380' title='bbox 3356 2471 3615 2540; x_wconf 77' lang='grc' dir='ltr'><strong>τετίμηκε</strong></span> <span class='ocrx_word' id='word_1_381' title='bbox 3648 2470 3743 2540; x_wconf 87' lang='grc' dir='ltr'><strong>μὲν</strong></span> <span class='ocrx_word' id='word_1_382' title='bbox 3781 2467 3877 2540; x_wconf 73' lang='grc' dir='ltr'>τὴν</span> 
     </span>
    </p>
   </div>
   <div class='ocr_carea' id='block_1_46' title="bbox 615 2555 2202 2635">
    <p class='ocr_par' dir='ltr' id='par_1_46' title="bbox 615 2555 2187 2626">
     <span class='ocr_line' id='line_1_46' title="bbox 615 2555 2187 2626; baseline -0.003 -9"><span class='ocrx_word' id='word_1_383' title='bbox 615 2564 830 2619; x_wconf 70' lang='lat' dir='ltr'><strong>etiamsi</strong></span> <span class='ocrx_word' id='word_1_384' title='bbox 868 2564 980 2617; x_wconf 90' lang='lat' dir='ltr'><strong>Deo</strong></span> <span class='ocrx_word' id='word_1_385' title='bbox 1010 2581 1021 2616; x_wconf 93' lang='lat'>:</span> <span class='ocrx_word' id='word_1_386' title='bbox 1059 2562 1259 2626; x_wconf 69' lang='lat' dir='ltr'><strong>«Abba,</strong></span> <span class='ocrx_word' id='word_1_387' title='bbox 1295 2562 1476 2625; x_wconf 87' lang='lat' dir='ltr'><strong>Pater,</strong></span> <span class='ocrx_word' id='word_1_388' title='bbox 1515 2579 1532 2611; x_wconf 70' lang='grc' dir='ltr'><strong>ι</strong></span> <span class='ocrx_word' id='word_1_389' title='bbox 1565 2559 1813 2614; x_wconf 87' lang='lat' dir='ltr'><strong>dicamus</strong></span> <span class='ocrx_word' id='word_1_390' title='bbox 1839 2555 1912 2626; x_wconf 78' lang='grc'><strong>⁶³;</strong></span> <span class='ocrx_word' id='word_1_391' title='bbox 1934 2559 2009 2612; x_wconf 89' lang='lat' dir='ltr'><strong>ita</strong></span> <span class='ocrx_word' id='word_1_392' title='bbox 2041 2558 2187 2613; x_wconf 89' lang='lat' dir='ltr'><strong>Deus</strong></span> 
     </span>
    </p>
   </div>
   <div class='ocr_carea' id='block_1_47' title="bbox 2307 2555 3878 2635">
    <p class='ocr_par' dir='ltr' id='par_1_47' title="bbox 2307 2557 3878 2634">
     <span class='ocr_line' id='line_1_47' title="bbox 2307 2557 3878 2634; baseline -0.005 -17"><span class='ocrx_word' id='word_1_393' title='bbox 2307 2565 2470 2634; x_wconf 83' lang='grc' dir='ltr'>ρύσιν,</span> <span class='ocrx_word' id='word_1_394' title='bbox 2503 2565 2562 2616; x_wconf 86' lang='grc' dir='ltr'>οὐ</span> <span class='ocrx_word' id='word_1_395' title='bbox 2593 2563 2696 2634; x_wconf 81' lang='grc' dir='ltr'><strong>μὴν</strong></span> <span class='ocrx_word' id='word_1_396' title='bbox 2730 2562 2834 2627; x_wconf 76' lang='grc' dir='ltr'>ἔξω</span> <span class='ocrx_word' id='word_1_397' title='bbox 2859 2563 3053 2631; x_wconf 81' lang='grc' dir='ltr'>γέγονε</span> <span class='ocrx_word' id='word_1_398' title='bbox 3083 2561 3184 2631; x_wconf 81' lang='grc' dir='ltr'>τῆς</span> <span class='ocrx_word' id='word_1_399' title='bbox 3217 2561 3353 2624; x_wconf 78' lang='grc' dir='ltr'>ἰδίας</span> <span class='ocrx_word' id='word_1_400' title='bbox 3383 2559 3677 2629; x_wconf 80' lang='grc' dir='ltr'>ὑπεροχῆς,</span> <span class='ocrx_word' id='word_1_401' title='bbox 3714 2557 3878 2627; x_wconf 77' lang='grc' dir='ltr'>μεμέ-</span> 
     </span>
    </p>
   </div>
   <div class='ocr_carea' id='block_1_48' title="bbox 617 2650 2202 2726">
    <p class='ocr_par' dir='ltr' id='par_1_48' title="bbox 617 2651 2186 2724">
     <span class='ocr_line' id='line_1_48' title="bbox 617 2651 2186 2724; baseline -0.002 -16"><span class='ocrx_word' id='word_1_402' title='bbox 617 2657 879 2718; x_wconf 70' lang='lat' dir='ltr'><strong>Verbum,</strong></span> <span class='ocrx_word' id='word_1_403' title='bbox 932 2654 1077 2724; x_wconf 88' lang='lat' dir='ltr'><strong>quod</strong></span> <span class='ocrx_word' id='word_1_404' title='bbox 1135 2653 1502 2724; x_wconf 79' lang='lat' dir='ltr'><strong>inexplicabili</strong></span> <span class='ocrx_word' id='word_1_405' title='bbox 1536 2651 1770 2722; x_wconf 89' lang='lat' dir='ltr'><strong>quodam</strong></span> <span class='ocrx_word' id='word_1_406' title='bbox 1800 2652 1963 2707; x_wconf 92' lang='lat' dir='ltr'><strong>modo</strong></span> <span class='ocrx_word' id='word_1_407' title='bbox 1993 2668 2060 2706; x_wconf 71' lang='lat' dir='ltr'><strong>ex</strong></span> <span class='ocrx_word' id='word_1_408' title='bbox 2089 2652 2186 2706; x_wconf 91' lang='lat' dir='ltr'><strong>Dei</strong></span> 
     </span>
    </p>
   </div>
   <div class='ocr_carea' id='block_1_49' title="bbox 2307 2650 3878 2726">
    <p class='ocr_par' dir='ltr' id='par_1_49' title="bbox 2307 2650 3878 2726">
     <span class='ocr_line' id='line_1_49' title="bbox 2307 2650 3878 2726; baseline -0.004 -18"><span class='ocrx_word' id='word_1_409' title='bbox 2307 2674 2421 2726; x_wconf 72' lang='grc' dir='ltr'>ρηκε</span> <span class='ocrx_word' id='word_1_410' title='bbox 2449 2657 2505 2710; x_wconf 80' lang='grc' dir='ltr'>δὲ</span> <span class='ocrx_word' id='word_1_411' title='bbox 2531 2657 2624 2709; x_wconf 71' lang='grc' dir='ltr'>καὶ</span> <span class='ocrx_word' id='word_1_412' title='bbox 2649 2659 2704 2709; x_wconf 82' lang='grc' dir='ltr'><strong>ὲν</strong></span> <span class='ocrx_word' id='word_1_413' title='bbox 2739 2656 3114 2726; x_wconf 80' lang='grc' dir='ltr'>ἀνθρωπότητι</span> <span class='ocrx_word' id='word_1_414' title='bbox 3153 2652 3308 2717; x_wconf 82' lang='grc' dir='ltr'>Θεός.</span> <span class='ocrx_word' id='word_1_415' title='bbox 3346 2650 3552 2705; x_wconf 72' lang='grc' dir='ltr'>Οὐκοῦν</span> <span class='ocrx_word' id='word_1_416' title='bbox 3578 2651 3676 2703; x_wconf 77' lang='grc' dir='ltr'><strong>οὐκ</strong></span> <span class='ocrx_word' id='word_1_417' title='bbox 3706 2652 3762 2702; x_wconf 81' lang='grc' dir='ltr'><strong>ἐν</strong></span> <span class='ocrx_word' id='word_1_418' title='bbox 3785 2650 3878 2720; x_wconf 83' lang='grc' dir='ltr'><strong>ὀρ-</strong></span> 
     </span>
    </p>
   </div>
   <div class='ocr_carea' id='block_1_50' title="bbox 615 2738 2202 2816">
    <p class='ocr_par' dir='ltr' id='par_1_50' title="bbox 615 2742 2188 2812">
     <span class='ocr_line' id='line_1_50' title="bbox 615 2742 2188 2812; baseline -0.001 -15"><span class='ocrx_word' id='word_1_419' title='bbox 615 2755 672 2799; x_wconf 75' lang='lat' dir='ltr'><strong>et</strong></span> <span class='ocrx_word' id='word_1_420' title='bbox 711 2746 886 2799; x_wconf 83' lang='lat' dir='ltr'><strong>Patris</strong></span> <span class='ocrx_word' id='word_1_421' title='bbox 951 2743 1254 2797; x_wconf 86' lang='lat' dir='ltr'><strong>substantia</strong></span> <span class='ocrx_word' id='word_1_422' title='bbox 1307 2742 1568 2812; x_wconf 79' lang='lat' dir='ltr'><strong>gignitur,</strong></span> <span class='ocrx_word' id='word_1_423' title='bbox 1604 2751 1857 2795; x_wconf 88' lang='lat' dir='ltr'><strong>naturam</strong></span> <span class='ocrx_word' id='word_1_424' title='bbox 1893 2742 2188 2796; x_wconf 87' lang='lat' dir='ltr'><strong>humanam</strong></span> 
     </span>
    </p>
   </div>
   <div class='ocr_carea' id='block_1_51' title="bbox 2307 2738 3875 2816">
    <p class='ocr_par' dir='ltr' id='par_1_51' title="bbox 2307 2738 3875 2816">
     <span class='ocr_line' id='line_1_51' title="bbox 2307 2738 3875 2816; baseline -0.008 -14"><span class='ocrx_word' id='word_1_425' title='bbox 2307 2749 2456 2816; x_wconf 74' lang='grc' dir='ltr'>(ἁνου</span> <span class='ocrx_word' id='word_1_426' title='bbox 2485 2745 2634 2810; x_wconf 80' lang='grc' dir='ltr'>τάξει</span> <span class='ocrx_word' id='word_1_427' title='bbox 2659 2745 3027 2816; x_wconf 78' lang='grc' dir='ltr'>παρειλῆφθαί</span> <span class='ocrx_word' id='word_1_428' title='bbox 3049 2760 3228 2813; x_wconf 84' lang='grc' dir='ltr'>φαμεν</span> <span class='ocrx_word' id='word_1_429' title='bbox 3261 2743 3352 2795; x_wconf 81' lang='grc' dir='ltr'>τὸν</span> <span class='ocrx_word' id='word_1_430' title='bbox 3383 2742 3448 2794; x_wconf 81' lang='grc' dir='ltr'><strong>ὲκ</strong></span> <span class='ocrx_word' id='word_1_431' title='bbox 3476 2742 3574 2810; x_wconf 85' lang='grc' dir='ltr'>τῆς</span> <span class='ocrx_word' id='word_1_432' title='bbox 3601 2738 3875 2810; x_wconf 77' lang='grc' dir='ltr'><strong>Παρθένου</strong></span> 
     </span>
    </p>
   </div>
   <div class='ocr_carea' id='block_1_52' title="bbox 616 2829 2202 2907">
    <p class='ocr_par' dir='ltr' id='par_1_52' title="bbox 616 2830 2188 2905">
     <span class='ocr_line' id='line_1_52' title="bbox 616 2830 2188 2905; baseline -0.004 -15"><span class='ocrx_word' id='word_1_433' title='bbox 616 2851 780 2905; x_wconf 85' lang='lat' dir='ltr'><strong>quam</strong></span> <span class='ocrx_word' id='word_1_434' title='bbox 823 2834 1137 2903; x_wconf 83' lang='lat' dir='ltr'><strong>assumpsit,</strong></span> <span class='ocrx_word' id='word_1_435' title='bbox 1169 2833 1378 2886; x_wconf 87' lang='lat' dir='ltr'><strong>honore</strong></span> <span class='ocrx_word' id='word_1_436' title='bbox 1409 2831 1631 2902; x_wconf 87' lang='lat' dir='ltr'><strong>quidem</strong></span> <span class='ocrx_word' id='word_1_437' title='bbox 1661 2831 1865 2895; x_wconf 72' lang='lat' dir='ltr'><strong>aﬁ‘ecit,</strong></span> <span class='ocrx_word' id='word_1_438' title='bbox 1899 2847 2010 2885; x_wconf 89' lang='lat' dir='ltr'><strong>non</strong></span> <span class='ocrx_word' id='word_1_439' title='bbox 2043 2831 2114 2884; x_wconf 89' lang='lat' dir='ltr'><strong>ob</strong></span> <span class='ocrx_word' id='word_1_440' title='bbox 2134 2830 2188 2884; x_wconf 90' lang='lat' dir='ltr'><strong>id</strong></span> 
     </span>
    </p>
   </div>
   <div class='ocr_carea' id='block_1_53' title="bbox 2307 2829 3878 2907">
    <p class='ocr_par' dir='ltr' id='par_1_53' title="bbox 2307 2829 3878 2907">
     <span class='ocr_line' id='line_1_53' title="bbox 2307 2829 3878 2907; baseline -0.007 -15"><span class='ocrx_word' id='word_1_441' title='bbox 2307 2840 2416 2892; x_wconf 62' lang='grc' dir='ltr'>ναόν</span> <span class='ocrx_word' id='word_1_442' title='bbox 2448 2847 2496 2874; x_wconf 89' lang='grc' dir='ltr'><strong>ο·</strong></span> <span class='ocrx_word' id='word_1_443' title='bbox 2548 2838 2804 2907; x_wconf 78' lang='grc' dir='ltr'>ἑπόμενοι</span> <span class='ocrx_word' id='word_1_444' title='bbox 2845 2836 2901 2887; x_wconf 83' lang='grc' dir='ltr'>δὲ</span> <span class='ocrx_word' id='word_1_445' title='bbox 2953 2835 3155 2904; x_wconf 80' lang='grc' dir='ltr'>μᾶλλον</span> <span class='ocrx_word' id='word_1_446' title='bbox 3202 2836 3269 2904; x_wconf 79' lang='grc' dir='ltr'>τῇ</span> <span class='ocrx_word' id='word_1_447' title='bbox 3321 2832 3503 2886; x_wconf 85' lang='grc' dir='ltr'>πίστει</span> <span class='ocrx_word' id='word_1_448' title='bbox 3555 2831 3662 2883; x_wconf 83' lang='grc' dir='ltr'>τῶν</span> <span class='ocrx_word' id='word_1_449' title='bbox 3719 2829 3878 2900; x_wconf 77' lang='grc' dir='ltr'>ἱερῶν</span> 
     </span>
    </p>
   </div>
   <div class='ocr_carea' id='block_1_54' title="bbox 619 2918 2202 3001">
    <p class='ocr_par' dir='ltr' id='par_1_54' title="bbox 619 2919 2186 2998">
     <span class='ocr_line' id='line_1_54' title="bbox 619 2919 2186 2998; baseline -0.005 -14"><span class='ocrx_word' id='word_1_450' title='bbox 619 2940 801 2984; x_wconf 86' lang='lat' dir='ltr'><strong>tamen</strong></span> <span class='ocrx_word' id='word_1_451' title='bbox 845 2927 1067 2998; x_wconf 90' lang='lat' dir='ltr'><strong>pr0pria</strong></span> <span class='ocrx_word' id='word_1_452' title='bbox 1133 2924 1395 2994; x_wconf 83' lang='lat' dir='ltr'><strong>dignitate</strong></span> <span class='ocrx_word' id='word_1_453' title='bbox 1459 2937 1553 2979; x_wconf 91' lang='lat' dir='ltr'><strong>aut</strong></span> <span class='ocrx_word' id='word_1_454' title='bbox 1591 2923 1912 2978; x_wconf 79' lang='lat' dir='ltr'><strong>excellentia</strong></span> <span class='ocrx_word' id='word_1_455' title='bbox 1943 2919 2186 2988; x_wconf 80' lang='lat' dir='ltr'><strong>excidit;</strong></span> 
     </span>
    </p>
   </div>
   <div class='ocr_carea' id='block_1_55' title="bbox 2307 2918 3880 3001">
    <p class='ocr_par' dir='ltr' id='par_1_55' title="bbox 2307 2918 3880 3001">
     <span class='ocr_line' id='line_1_55' title="bbox 2307 2918 3880 3001; baseline -0.008 -19"><span class='ocrx_word' id='word_1_456' title='bbox 2307 2930 2642 3001; x_wconf 86' lang='grc' dir='ltr'><strong>Γραμμάτων</strong></span> <span class='ocrx_word' id='word_1_457' title='bbox 2671 2929 2764 2981; x_wconf 75' lang='grc' dir='ltr'>καὶ</span> <span class='ocrx_word' id='word_1_458' title='bbox 2789 2929 2906 2989; x_wconf 84' lang='grc' dir='ltr'>ταῖς</span> <span class='ocrx_word' id='word_1_459' title='bbox 2938 2926 3044 2977; x_wconf 83' lang='grc' dir='ltr'><strong>τῶν</strong></span> <span class='ocrx_word' id='word_1_460' title='bbox 3071 2923 3242 2992; x_wconf 80' lang='grc' dir='ltr'><strong>ἁγίων</strong></span> <span class='ocrx_word' id='word_1_461' title='bbox 3264 2924 3487 2991; x_wconf 70' lang='grc' dir='ltr'>φωναῖς,</span> <span class='ocrx_word' id='word_1_462' title='bbox 3519 2920 3696 2990; x_wconf 81' lang='grc' dir='ltr'><strong>σάρκα</strong></span> <span class='ocrx_word' id='word_1_463' title='bbox 3728 2918 3880 2987; x_wconf 80' lang='grc' dir='ltr'>γενέο</span> 
     </span>
    </p>
   </div>
   <div class='ocr_carea' id='block_1_56' title="bbox 619 3010 2202 3087">
    <p class='ocr_par' dir='ltr' id='par_1_56' title="bbox 619 3011 2187 3079">
     <span class='ocr_line' id='line_1_56' title="bbox 619 3011 2187 3079; baseline -0.005 -7"><span class='ocrx_word' id='word_1_464' title='bbox 619 3019 820 3072; x_wconf 86' lang='lat' dir='ltr'><strong>mansit</strong></span> <span class='ocrx_word' id='word_1_465' title='bbox 856 3019 1002 3071; x_wconf 89' lang='lat' dir='ltr'><strong>enim</strong></span> <span class='ocrx_word' id='word_1_466' title='bbox 1034 3017 1177 3069; x_wconf 89' lang='lat' dir='ltr'><strong>Deus</strong></span> <span class='ocrx_word' id='word_1_467' title='bbox 1196 3016 1358 3067; x_wconf 87' lang='lat' dir='ltr'><strong>etiam</strong></span> <span class='ocrx_word' id='word_1_468' title='bbox 1391 3013 1730 3067; x_wconf 83' lang='lat' dir='ltr'><strong>humanitate</strong></span> <span class='ocrx_word' id='word_1_469' title='bbox 1769 3011 1881 3079; x_wconf 85' lang='lat' dir='ltr'><strong>jam</strong></span> <span class='ocrx_word' id='word_1_470' title='bbox 1914 3011 2187 3065; x_wconf 83' lang='lat' dir='ltr'><strong>indutum.</strong></span> 
     </span>
    </p>
   </div>
   <div class='ocr_carea' id='block_1_57' title="bbox 2307 3010 3879 3087">
    <p class='ocr_par' dir='ltr' id='par_1_57' title="bbox 2307 3010 3879 3087">
     <span class='ocr_line' id='line_1_57' title="bbox 2307 3010 3879 3087; baseline -0.007 -12"><span class='ocrx_word' id='word_1_471' title='bbox 2307 3023 2430 3075; x_wconf 85' lang='grc' dir='ltr'>σθαι</span> <span class='ocrx_word' id='word_1_472' title='bbox 2480 3021 2570 3074; x_wconf 76' lang='grc' dir='ltr'>τὸν</span> <span class='ocrx_word' id='word_1_473' title='bbox 2615 3020 2788 3087; x_wconf 80' lang='grc' dir='ltr'>Λόγον</span> <span class='ocrx_word' id='word_1_474' title='bbox 2830 3016 3257 3086; x_wconf 83' lang='grc' dir='ltr'>διακεισόμεθα,</span> <span class='ocrx_word' id='word_1_475' title='bbox 3311 3012 3453 3067; x_wconf 86' lang='grc' dir='ltr'><strong>κατὰ</strong></span> <span class='ocrx_word' id='word_1_476' title='bbox 3495 3029 3559 3079; x_wconf 87' lang='grc' dir='ltr'><strong>γε</strong></span> <span class='ocrx_word' id='word_1_477' title='bbox 3609 3011 3734 3073; x_wconf 79' lang='grc' dir='ltr'>τοὺς</span> <span class='ocrx_word' id='word_1_478' title='bbox 3779 3010 3879 3080; x_wconf 70' lang='grc' dir='ltr'>ἤδη</span> 
     </span>
    </p>
   </div>
   <div class='ocr_carea' id='block_1_58' title="bbox 618 3099 2202 3182">
    <p class='ocr_par' dir='ltr' id='par_1_58' title="bbox 618 3103 2190 3179">
     <span class='ocr_line' id='line_1_58' title="bbox 618 3103 2190 3179; baseline -0.006 -14"><span class='ocrx_word' id='word_1_479' title='bbox 618 3112 948 3179; x_wconf 79' lang='lat' dir='ltr'><strong>Neutiquam</strong></span> <span class='ocrx_word' id='word_1_480' title='bbox 981 3123 1108 3178; x_wconf 86' lang='lat' dir='ltr'><strong>ergo</strong></span> <span class='ocrx_word' id='word_1_481' title='bbox 1136 3108 1396 3175; x_wconf 86' lang='lat' dir='ltr'><strong>templum</strong></span> <span class='ocrx_word' id='word_1_482' title='bbox 1437 3104 1592 3167; x_wconf 88' lang='lat' dir='ltr'><strong>illud,</strong></span> <span class='ocrx_word' id='word_1_483' title='bbox 1617 3104 1763 3173; x_wconf 88' lang='lat' dir='ltr'><strong>quod</strong></span> <span class='ocrx_word' id='word_1_484' title='bbox 1796 3119 1861 3157; x_wconf 81' lang='lat' dir='ltr'><strong>ex</strong></span> <span class='ocrx_word' id='word_1_485' title='bbox 1884 3119 2040 3157; x_wconf 87' lang='lat' dir='ltr'><strong>sacra</strong></span> <span class='ocrx_word' id='word_1_486' title='bbox 2065 3103 2190 3159; x_wconf 82' lang='lat' dir='ltr'><strong>Vir-</strong></span> 
     </span>
    </p>
   </div>
   <div class='ocr_carea' id='block_1_59' title="bbox 2307 3099 3882 3182">
    <p class='ocr_par' dir='ltr' id='par_1_59' title="bbox 2307 3099 3882 3182">
     <span class='ocr_line' id='line_1_59' title="bbox 2307 3099 3882 3182; baseline -0.009 -16"><span class='ocrx_word' id='word_1_487' title='bbox 2307 3112 2608 3173; x_wconf 74' lang='grc' dir='ltr'>πτλειστὰκις</span> <span class='ocrx_word' id='word_1_488' title='bbox 2633 3112 2764 3182; x_wconf 82' lang='grc' dir='ltr'>ἡμῖν</span> <span class='ocrx_word' id='word_1_489' title='bbox 2790 3107 3257 3180; x_wconf 83' lang='grc' dir='ltr'>προαποδοθέντας</span> <span class='ocrx_word' id='word_1_490' title='bbox 3277 3107 3534 3175; x_wconf 62' lang='grc' dir='ltr'>τρόπους*</span> <span class='ocrx_word' id='word_1_491' title='bbox 3560 3099 3714 3166; x_wconf 69' lang='grc' dir='ltr'>οὗτος</span> <span class='ocrx_word' id='word_1_492' title='bbox 3736 3105 3833 3156; x_wconf 77' lang='grc' dir='ltr'><strong>καὶ</strong></span> <span class='ocrx_word' id='word_1_493' title='bbox 3856 3111 3882 3152; x_wconf 70' lang='grc' dir='ltr'>ι’</span> 
     </span>
    </p>
   </div>
   <div class='ocr_carea' id='block_1_60' title="bbox 617 3191 2202 3274">
    <p class='ocr_par' dir='ltr' id='par_1_60' title="bbox 617 3194 2189 3274">
     <span class='ocr_line' id='line_1_60' title="bbox 617 3194 2189 3274; baseline -0.005 -17"><span class='ocrx_word' id='word_1_494' title='bbox 617 3203 745 3274; x_wconf 81' lang='lat' dir='ltr'><strong>gine</strong></span> <span class='ocrx_word' id='word_1_495' title='bbox 772 3209 1110 3270; x_wconf 73' lang='lat' dir='ltr'><strong>assumptum</strong></span> <span class='ocrx_word' id='word_1_496' title='bbox 1125 3197 1431 3266; x_wconf 81' lang='lat' dir='ltr'><strong>est,0rgani</strong></span> <span class='ocrx_word' id='word_1_497' title='bbox 1458 3197 1577 3250; x_wconf 94' lang='lat' dir='ltr'><strong>loco</strong></span> <span class='ocrx_word' id='word_1_498' title='bbox 1606 3204 1891 3263; x_wconf 89' lang='lat' dir='ltr'><strong>acceptum</strong></span> <span class='ocrx_word' id='word_1_499' title='bbox 1921 3194 2189 3260; x_wconf 88' lang='lat' dir='ltr'><strong>dicimus;</strong></span> 
     </span>
    </p>
   </div>
   <div class='ocr_carea' id='block_1_61' title="bbox 2307 3191 3884 3274">
    <p class='ocr_par' dir='ltr' id='par_1_61' title="bbox 2307 3191 3884 3274">
     <span class='ocr_line' id='line_1_61' title="bbox 2307 3191 3884 3274; baseline -0.008 -15"><span class='ocrx_word' id='word_1_500' title='bbox 2307 3204 2534 3259; x_wconf 71' lang='grc' dir='ltr'>τέθεικεν</span> <span class='ocrx_word' id='word_1_501' title='bbox 2566 3205 2707 3274; x_wconf 76' lang='grc' dir='ltr'>ὑπὲρ</span> <span class='ocrx_word' id='word_1_502' title='bbox 2749 3201 2906 3271; x_wconf 82' lang='grc' dir='ltr'>ἡμῶν</span> <span class='ocrx_word' id='word_1_503' title='bbox 2949 3200 3049 3271; x_wconf 78' lang='grc' dir='ltr'><strong>τὴν</strong></span> <span class='ocrx_word' id='word_1_504' title='bbox 3078 3199 3274 3269; x_wconf 77' lang='grc' dir='ltr'>ψυχήν.</span> <span class='ocrx_word' id='word_1_505' title='bbox 3326 3196 3545 3268; x_wconf 80' lang='grc' dir='ltr'>Ἐπειδὴ</span> <span class='ocrx_word' id='word_1_506' title='bbox 3586 3195 3696 3266; x_wconf 86' lang='grc' dir='ltr'>γὰρ</span> <span class='ocrx_word' id='word_1_507' title='bbox 3743 3191 3812 3265; x_wconf 80' lang='grc' dir='ltr'><strong>ἦν</strong></span> <span class='ocrx_word' id='word_1_508' title='bbox 3854 3194 3884 3247; x_wconf 83' lang='grc' dir='ltr'><strong>ὀ</strong></span> 
     </span>
    </p>
   </div>
   <div class='ocr_carea' id='block_1_62' title="bbox 621 3287 2202 3364">
    <p class='ocr_par' dir='ltr' id='par_1_62' title="bbox 621 3287 2191 3356">
     <span class='ocr_line' id='line_1_62' title="bbox 621 3287 2191 3356; baseline -0.005 -10"><span class='ocrx_word' id='word_1_509' title='bbox 621 3307 811 3347; x_wconf 87' lang='lat' dir='ltr'><strong>verum</strong></span> <span class='ocrx_word' id='word_1_510' title='bbox 851 3304 1130 3345; x_wconf 86' lang='lat' dir='ltr'><strong>sacrarum</strong></span> <span class='ocrx_word' id='word_1_511' title='bbox 1164 3287 1577 3356; x_wconf 87' lang='lat' dir='ltr'><strong>Scripturarum</strong></span> <span class='ocrx_word' id='word_1_512' title='bbox 1606 3298 1826 3338; x_wconf 88' lang='lat' dir='ltr'><strong>sensum</strong></span> <span class='ocrx_word' id='word_1_513' title='bbox 1849 3292 2191 3339; x_wconf 72' lang='lat' dir='ltr'><strong>sanctorum-</strong></span> 
     </span>
    </p>
   </div>
   <div class='ocr_carea' id='block_1_63' title="bbox 2307 3287 3881 3364">
    <p class='ocr_par' dir='ltr' id='par_1_63' title="bbox 2307 3289 3881 3364">
     <span class='ocr_line' id='line_1_63' title="bbox 2307 3289 3881 3364; baseline -0.006 -12"><span class='ocrx_word' id='word_1_514' title='bbox 2307 3298 2520 3362; x_wconf 60' lang='grc' dir='ltr'>θάνατος</span> <span class='ocrx_word' id='word_1_515' title='bbox 2544 3296 2707 3351; x_wconf 79' lang='grc' dir='ltr'>αὐτοῦ</span> <span class='ocrx_word' id='word_1_516' title='bbox 2730 3298 2824 3349; x_wconf 83' lang='grc' dir='ltr'><strong>τοῦ</strong></span> <span class='ocrx_word' id='word_1_517' title='bbox 2849 3295 3056 3364; x_wconf 71' lang='grc' dir='ltr'>κόσμου</span> <span class='ocrx_word' id='word_1_518' title='bbox 3077 3295 3105 3346; x_wconf 76' lang='grc' dir='ltr'>ὁ</span> <span class='ocrx_word' id='word_1_519' title='bbox 3123 3292 3411 3362; x_wconf 81' lang='grc' dir='ltr'>σωτήριος,</span> <span class='ocrx_word' id='word_1_520' title='bbox 3438 3289 3702 3361; x_wconf 78' lang='grc' dir='ltr'>ὑπέμεινε</span> <span class='ocrx_word' id='word_1_521' title='bbox 3726 3305 3881 3342; x_wconf 66' lang='lat' dir='ltr'><strong>atau-</strong></span> 
     </span>
    </p>
   </div>
   <div class='ocr_carea' id='block_1_64' title="bbox 616 3376 2202 3478">
    <p class='ocr_par' dir='ltr' id='par_1_64' title="bbox 616 3376 2197 3453">
     <span class='ocr_line' id='line_1_64' title="bbox 616 3376 2197 3453; baseline -0.005 -15"><span class='ocrx_word' id='word_1_522' title='bbox 616 3399 728 3453; x_wconf 87' lang='lat' dir='ltr'><strong>que</strong></span> <span class='ocrx_word' id='word_1_523' title='bbox 761 3383 981 3436; x_wconf 82' lang='lat' dir='ltr'><strong>Patrum</strong></span> <span class='ocrx_word' id='word_1_524' title='bbox 1019 3378 1317 3434; x_wconf 86' lang='lat' dir='ltr'><strong>sententias</strong></span> <span class='ocrx_word' id='word_1_525' title='bbox 1333 3377 1527 3440; x_wconf 90' lang='lat' dir='ltr'><strong>secuti,</strong></span> <span class='ocrx_word' id='word_1_526' title='bbox 1548 3377 1788 3432; x_wconf 77' lang='lat' dir='ltr'><strong>Verbum</strong></span> <span class='ocrx_word' id='word_1_527' title='bbox 1802 3376 1963 3431; x_wconf 89' lang='lat' dir='ltr'><strong>modo</strong></span> <span class='ocrx_word' id='word_1_528' title='bbox 1975 3392 2086 3431; x_wconf 92' lang='lat' dir='ltr'><strong>non</strong></span> <span class='ocrx_word' id='word_1_529' title='bbox 2111 3392 2197 3431; x_wconf 89' lang='lat' dir='ltr'><strong>se—</strong></span> 
     </span>
    </p>
   </div>
   <div class='ocr_carea' id='block_1_65' title="bbox 2307 3376 3885 3478">
    <p class='ocr_par' dir='ltr' id='par_1_65' title="bbox 2307 3379 3885 3460">
     <span class='ocr_line' id='line_1_65' title="bbox 2307 3379 3885 3460; baseline -0.006 -18"><span class='ocrx_word' id='word_1_530' title='bbox 2307 3389 2416 3460; x_wconf 74' lang='grc' dir='ltr'>ρὸν,</span> <span class='ocrx_word' id='word_1_531' title='bbox 2465 3387 2724 3458; x_wconf 78' lang='grc' dir='ltr'><strong>αἰσχύνης</strong></span> <span class='ocrx_word' id='word_1_532' title='bbox 2747 3385 3183 3455; x_wconf 81' lang='grc' dir='ltr'>καταφρονήσας,</span> <span class='ocrx_word' id='word_1_533' title='bbox 3209 3384 3389 3435; x_wconf 73' lang='grc' dir='ltr'>καίτοι</span> <span class='ocrx_word' id='word_1_534' title='bbox 3417 3380 3529 3452; x_wconf 81' lang='grc' dir='ltr'><strong>ζωὴ</strong></span> <span class='ocrx_word' id='word_1_535' title='bbox 3557 3379 3698 3434; x_wconf 86' lang='grc' dir='ltr'>κατὰ</span> <span class='ocrx_word' id='word_1_536' title='bbox 3725 3379 3885 3449; x_wconf 82' lang='grc' dir='ltr'>φύσιν</span> 
     </span>
    </p>
   </div>
   <div class='ocr_carea' id='block_1_66' title="bbox 622 3467 2202 3548">
    <p class='ocr_par' dir='ltr' id='par_1_66' title="bbox 622 3467 2197 3543">
     <span class='ocr_line' id='line_1_66' title="bbox 622 3467 2197 3543; baseline -0.004 -14"><span class='ocrx_word' id='word_1_537' title='bbox 622 3475 728 3529; x_wconf 90' lang='lat' dir='ltr'><strong>mel</strong></span> <span class='ocrx_word' id='word_1_538' title='bbox 754 3474 863 3543; x_wconf 83' lang='lat' dir='ltr'><strong>jam</strong></span> <span class='ocrx_word' id='word_1_539' title='bbox 895 3471 1140 3542; x_wconf 74' lang='lat' dir='ltr'><strong>exposito</strong></span> <span class='ocrx_word' id='word_1_540' title='bbox 1161 3483 1381 3524; x_wconf 88' lang='lat' dir='ltr'><strong>carnem</strong></span> <span class='ocrx_word' id='word_1_541' title='bbox 1420 3469 1620 3522; x_wconf 83' lang='lat' dir='ltr'><strong>factum</strong></span> <span class='ocrx_word' id='word_1_542' title='bbox 1654 3474 1710 3521; x_wconf 91' lang='lat' dir='ltr'><strong>et</strong></span> <span class='ocrx_word' id='word_1_543' title='bbox 1733 3483 1888 3524; x_wconf 89' lang='lat' dir='ltr'><strong>suam</strong></span> <span class='ocrx_word' id='word_1_544' title='bbox 1920 3483 2020 3538; x_wconf 92' lang='lat' dir='ltr'><strong>pro</strong></span> <span class='ocrx_word' id='word_1_545' title='bbox 2036 3467 2197 3523; x_wconf 89' lang='lat' dir='ltr'><strong>nobis</strong></span> 
     </span>
    </p>
   </div>
   <div class='ocr_carea' id='block_1_67' title="bbox 2307 3467 3884 3548">
    <p class='ocr_par' dir='ltr' id='par_1_67' title="bbox 2307 3471 3884 3548">
     <span class='ocr_line' id='line_1_67' title="bbox 2307 3471 3884 3548; baseline -0.004 -17"><span class='ocrx_word' id='word_1_546' title='bbox 2307 3479 2586 3548; x_wconf 76' lang='grc' dir='ltr'>ὑπάρχων,</span> <span class='ocrx_word' id='word_1_547' title='bbox 2609 3478 2683 3540; x_wconf 85' lang='grc' dir='ltr'>ὼς</span> <span class='ocrx_word' id='word_1_548' title='bbox 2707 3476 2859 3540; x_wconf 81' lang='grc' dir='ltr'>Θεός,</span> <span class='ocrx_word' id='word_1_549' title='bbox 2890 3475 3016 3539; x_wconf 84' lang='grc' dir='ltr'><strong>Πῶς</strong></span> <span class='ocrx_word' id='word_1_550' title='bbox 3039 3471 3132 3529; x_wconf 82' lang='grc' dir='ltr'>οὖν</span> <span class='ocrx_word' id='word_1_551' title='bbox 3155 3476 3188 3546; x_wconf 79' lang='grc' dir='ltr'>ἡ</span> <span class='ocrx_word' id='word_1_552' title='bbox 3220 3474 3332 3546; x_wconf 78' lang='grc' dir='ltr'><strong>ζωὴ</strong></span> <span class='ocrx_word' id='word_1_553' title='bbox 3355 3473 3606 3528; x_wconf 82' lang='grc' dir='ltr'>τεθνάναι</span> <span class='ocrx_word' id='word_1_554' title='bbox 3633 3471 3848 3541; x_wconf 80' lang='grc' dir='ltr'>λέγεται</span> <span class='ocrx_word' id='word_1_555' title='bbox 3869 3487 3884 3538; x_wconf 91' lang='lat'><strong>;</strong></span> 
     </span>
    </p>
   </div>
   <div class='ocr_carea' id='block_1_68' title="bbox 621 3558 2202 3642">
    <p class='ocr_par' dir='ltr' id='par_1_68' title="bbox 621 3558 2194 3632">
     <span class='ocr_line' id='line_1_68' title="bbox 621 3558 2194 3632; baseline -0.003 -13"><span class='ocrx_word' id='word_1_556' title='bbox 621 3565 858 3620; x_wconf 89' lang='lat' dir='ltr'><strong>animam</strong></span> <span class='ocrx_word' id='word_1_557' title='bbox 922 3561 1168 3632; x_wconf 89' lang='lat' dir='ltr'><strong>posuisse</strong></span> <span class='ocrx_word' id='word_1_558' title='bbox 1226 3559 1543 3613; x_wconf 89' lang='lat' dir='ltr'><strong>asserimus.</strong></span> <span class='ocrx_word' id='word_1_559' title='bbox 1596 3558 1732 3612; x_wconf 86' lang='lat' dir='ltr'><strong>Nam</strong></span> <span class='ocrx_word' id='word_1_560' title='bbox 1793 3574 1916 3613; x_wconf 93' lang='lat' dir='ltr'><strong>cum</strong></span> <span class='ocrx_word' id='word_1_561' title='bbox 1962 3571 2194 3615; x_wconf 89' lang='lat' dir='ltr'><strong>mortem</strong></span> 
     </span>
    </p>
   </div>
   <div class='ocr_carea' id='block_1_69' title="bbox 2307 3558 3884 3642">
    <p class='ocr_par' dir='ltr' id='par_1_69' title="bbox 2308 3566 3884 3642">
     <span class='ocr_line' id='line_1_69' title="bbox 2308 3566 3884 3642; baseline -0.003 -19"><span class='ocrx_word' id='word_1_562' title='bbox 2308 3571 2387 3642; x_wconf 81' lang='grc' dir='ltr'><strong>Τῇ</strong></span> <span class='ocrx_word' id='word_1_563' title='bbox 2434 3570 2540 3640; x_wconf 73' lang='grc' dir='ltr'>ἰδίᾳ</span> <span class='ocrx_word' id='word_1_564' title='bbox 2574 3570 2738 3640; x_wconf 71' lang='grc' dir='ltr'>σαρκὶ</span> <span class='ocrx_word' id='word_1_565' title='bbox 2771 3568 3018 3623; x_wconf 76' lang='grc' dir='ltr'>παθοῦσα</span> <span class='ocrx_word' id='word_1_566' title='bbox 3057 3569 3148 3622; x_wconf 81' lang='grc' dir='ltr'><strong>τὸν</strong></span> <span class='ocrx_word' id='word_1_567' title='bbox 3188 3567 3438 3630; x_wconf 83' lang='grc' dir='ltr'>θάνατον,</span> <span class='ocrx_word' id='word_1_568' title='bbox 3491 3567 3580 3620; x_wconf 76' lang='grc' dir='ltr'><strong>ἵνα</strong></span> <span class='ocrx_word' id='word_1_569' title='bbox 3627 3566 3884 3637; x_wconf 81' lang='grc' dir='ltr'>φαίνηται</span> 
     </span>
    </p>
   </div>
   <div class='ocr_carea' id='block_1_70' title="bbox 621 3652 2202 3730">
    <p class='ocr_par' dir='ltr' id='par_1_70' title="bbox 621 3652 2193 3723">
     <span class='ocr_line' id='line_1_70' title="bbox 621 3652 2193 3723; baseline -0.002 -11"><span class='ocrx_word' id='word_1_570' title='bbox 621 3673 774 3713; x_wconf 89' lang='lat' dir='ltr'><strong>suam</strong></span> <span class='ocrx_word' id='word_1_571' title='bbox 803 3656 1032 3711; x_wconf 87' lang='lat' dir='ltr'><strong>salutem</strong></span> <span class='ocrx_word' id='word_1_572' title='bbox 1068 3652 1272 3707; x_wconf 90' lang='lat' dir='ltr'><strong>mundo</strong></span> <span class='ocrx_word' id='word_1_573' title='bbox 1302 3652 1591 3706; x_wconf 88' lang='lat' dir='ltr'><strong>allaturam</strong></span> <span class='ocrx_word' id='word_1_574' title='bbox 1624 3666 1742 3706; x_wconf 91' lang='lat' dir='ltr'><strong>esse</strong></span> <span class='ocrx_word' id='word_1_575' title='bbox 1759 3667 1871 3706; x_wconf 85' lang='lat' dir='ltr'><strong>non</strong></span> <span class='ocrx_word' id='word_1_576' title='bbox 1898 3653 2193 3723; x_wconf 83' lang='lat' dir='ltr'><strong>ignoraret,</strong></span> 
     </span>
    </p>
   </div>
   <div class='ocr_carea' id='block_1_71' title="bbox 2307 3652 3224 3730">
    <p class='ocr_par' dir='ltr' id='par_1_71' title="bbox 2309 3659 3224 3730">
     <span class='ocr_line' id='line_1_71' title="bbox 2309 3659 3224 3730; baseline -0.002 -17"><span class='ocrx_word' id='word_1_577' title='bbox 2309 3660 2446 3728; x_wconf 77' lang='grc' dir='ltr'>ζωὴ,</span> <span class='ocrx_word' id='word_1_578' title='bbox 2475 3659 2812 3724; x_wconf 76' lang='grc' dir='ltr'>ζωοποιοῦσα</span> <span class='ocrx_word' id='word_1_579' title='bbox 2839 3660 3000 3713; x_wconf 74' lang='grc' dir='ltr'>πάλιν</span> <span class='ocrx_word' id='word_1_580' title='bbox 3032 3659 3224 3730; x_wconf 79' lang='grc' dir='ltr'>αὑτήν.</span> 
     </span>
    </p>
   </div>
   <div class='ocr_carea' id='block_1_72' title="bbox 621 3747 3888 3823">
    <p class='ocr_par' dir='ltr' id='par_1_72' title="bbox 621 3747 3888 3823">
     <span class='ocr_line' id='line_1_72' title="bbox 621 3747 3888 3823; baseline -0.002 -14"><span class='ocrx_word' id='word_1_581' title='bbox 621 3769 840 3810; x_wconf 89' lang='lat' dir='ltr'><strong>crucem</strong></span> <span class='ocrx_word' id='word_1_582' title='bbox 887 3751 1167 3813; x_wconf 85' lang='lat' dir='ltr'><strong>sustinuit,</strong></span> <span class='ocrx_word' id='word_1_583' title='bbox 1194 3747 1516 3803; x_wconf 82' lang='lat' dir='ltr'><strong>confusione</strong></span> <span class='ocrx_word' id='word_1_584' title='bbox 1544 3756 1858 3818; x_wconf 83' lang='lat' dir='ltr'><strong>contempta</strong></span> <span class='ocrx_word' id='word_1_585' title='bbox 1887 3749 1952 3813; x_wconf 78' lang='lat'><strong>“,</strong></span> <span class='ocrx_word' id='word_1_586' title='bbox 2017 3753 2229 3806; x_wconf 88' lang='lat' dir='ltr'><strong>tametsi</strong></span> <span class='ocrx_word' id='word_1_587' title='bbox 2273 3755 2574 3810; x_wconf 87' lang='lat' dir='ltr'><strong>secundum</strong></span> <span class='ocrx_word' id='word_1_588' title='bbox 2626 3764 2876 3810; x_wconf 91' lang='lat' dir='ltr'><strong>naturam</strong></span> <span class='ocrx_word' id='word_1_589' title='bbox 2918 3754 3026 3808; x_wconf 84' lang='lat' dir='ltr'><strong>vita</strong></span> <span class='ocrx_word' id='word_1_590' title='bbox 3072 3762 3235 3820; x_wconf 90' lang='lat' dir='ltr'><strong>esset,</strong></span> <span class='ocrx_word' id='word_1_591' title='bbox 3275 3763 3463 3823; x_wconf 89' lang='lat' dir='ltr'><strong>utpote</strong></span> <span class='ocrx_word' id='word_1_592' title='bbox 3528 3753 3691 3807; x_wconf 80' lang='lat' dir='ltr'><strong>&#39;veus.</strong></span> <span class='ocrx_word' id='word_1_593' title='bbox 3740 3748 3888 3816; x_wconf 85' lang='lat' dir='ltr'><strong>Quo-</strong></span> 
     </span>
    </p>
   </div>
   <div class='ocr_carea' id='block_1_73' title="bbox 624 3842 3889 3921">
    <p class='ocr_par' dir='ltr' id='par_1_73' title="bbox 624 3842 3889 3921">
     <span class='ocr_line' id='line_1_73' title="bbox 624 3842 3889 3921; baseline 0 -21"><span class='ocrx_word' id='word_1_594' title='bbox 624 3847 787 3902; x_wconf 90' lang='lat' dir='ltr'><strong>modo</strong></span> <span class='ocrx_word' id='word_1_595' title='bbox 842 3845 1008 3916; x_wconf 81' lang='lat' dir='ltr'><strong>igitur</strong></span> <span class='ocrx_word' id='word_1_596' title='bbox 1046 3845 1156 3898; x_wconf 82' lang='lat' dir='ltr'><strong>vita</strong></span> <span class='ocrx_word' id='word_1_597' title='bbox 1189 3852 1420 3898; x_wconf 89' lang='lat' dir='ltr'><strong>mortem</strong></span> <span class='ocrx_word' id='word_1_598' title='bbox 1451 3842 1782 3913; x_wconf 78' lang='lat' dir='ltr'><strong>appetivisse</strong></span> <span class='ocrx_word' id='word_1_599' title='bbox 1817 3842 2204 3902; x_wconf 85' lang='lat' dir='ltr'><strong>dicitur?Non</strong></span> <span class='ocrx_word' id='word_1_600' title='bbox 2243 3851 2403 3906; x_wconf 88' lang='lat' dir='ltr'><strong>aliter</strong></span> <span class='ocrx_word' id='word_1_601' title='bbox 2432 3867 2562 3907; x_wconf 88' lang='lat' dir='ltr'><strong>sane</strong></span> <span class='ocrx_word' id='word_1_602' title='bbox 2591 3867 2757 3921; x_wconf 89' lang='lat' dir='ltr'><strong>quam</strong></span> <span class='ocrx_word' id='word_1_603' title='bbox 2791 3859 3027 3906; x_wconf 90' lang='lat' dir='ltr'><strong>mortem</strong></span> <span class='ocrx_word' id='word_1_604' title='bbox 3083 3849 3138 3905; x_wconf 91' lang='lat' dir='ltr'><strong>in</strong></span> <span class='ocrx_word' id='word_1_605' title='bbox 3165 3849 3441 3920; x_wconf 90' lang='lat' dir='ltr'><strong>propriam</strong></span> <span class='ocrx_word' id='word_1_606' title='bbox 3497 3863 3714 3903; x_wconf 88' lang='lat' dir='ltr'><strong>carnem</strong></span> <span class='ocrx_word' id='word_1_607' title='bbox 3737 3846 3889 3902; x_wconf 77' lang='lat' dir='ltr'><strong>exci-</strong></span> 
     </span>
    </p>
   </div>
   <div class='ocr_carea' id='block_1_74' title="bbox 622 3937 3469 4014">
    <p class='ocr_par' dir='ltr' id='par_1_74' title="bbox 622 3937 3469 4014">
     <span class='ocr_line' id='line_1_74' title="bbox 622 3937 3469 4014; baseline 0.001 -19"><span class='ocrx_word' id='word_1_608' title='bbox 622 3941 781 4011; x_wconf 89' lang='lat' dir='ltr'><strong>piens</strong></span> <span class='ocrx_word' id='word_1_609' title='bbox 812 3958 824 3992; x_wconf 94' lang='lat'>:</span> <span class='ocrx_word' id='word_1_610' title='bbox 853 3937 1295 4009; x_wconf 90' lang='lat' dir='ltr'><strong>quandoquidem</strong></span> <span class='ocrx_word' id='word_1_611' title='bbox 1324 3937 1453 3991; x_wconf 93' lang='lat' dir='ltr'><strong>dum</strong></span> <span class='ocrx_word' id='word_1_612' title='bbox 1477 3938 1620 3992; x_wconf 86' lang='lat' dir='ltr'><strong>hanc</strong></span> <span class='ocrx_word' id='word_1_613' title='bbox 1652 3937 1835 3992; x_wconf 91' lang='lat' dir='ltr'><strong>denuo</strong></span> <span class='ocrx_word' id='word_1_614' title='bbox 1861 3939 2040 3993; x_wconf 75' lang='lat' dir='ltr'><strong>vivam</strong></span> <span class='ocrx_word' id='word_1_615' title='bbox 2075 3941 2333 4007; x_wconf 90' lang='lat' dir='ltr'><strong>reddidit,</strong></span> <span class='ocrx_word' id='word_1_616' title='bbox 2353 3961 2536 3999; x_wconf 82' lang='lat' dir='ltr'><strong>veram</strong></span> <span class='ocrx_word' id='word_1_617' title='bbox 2569 3960 2628 3998; x_wconf 87' lang='lat' dir='ltr'><strong>se</strong></span> <span class='ocrx_word' id='word_1_618' title='bbox 2650 3945 2816 3999; x_wconf 77' lang='lat' dir='ltr'><strong>vitam</strong></span> <span class='ocrx_word' id='word_1_619' title='bbox 2841 3959 2962 3998; x_wconf 89' lang='lat' dir='ltr'><strong>esse</strong></span> <span class='ocrx_word' id='word_1_620' title='bbox 2994 3952 3180 4014; x_wconf 89' lang='lat' dir='ltr'><strong>aperte</strong></span> <span class='ocrx_word' id='word_1_621' title='bbox 3212 3941 3469 3998; x_wconf 88' lang='lat' dir='ltr'><strong>ostendit.</strong></span> 
     </span>
    </p>
   </div>
   <div class='ocr_carea' id='block_1_75' title="bbox 681 4031 2203 4106">
    <p class='ocr_par' dir='ltr' id='par_1_75' title="bbox 681 4031 2203 4106">
     <span class='ocr_line' id='line_1_75' title="bbox 681 4031 2203 4106; baseline -0.001 -16"><span class='ocrx_word' id='word_1_622' title='bbox 681 4037 880 4090; x_wconf 82' lang='lat' dir='ltr'><strong>Verum</strong></span> <span class='ocrx_word' id='word_1_623' title='bbox 947 4049 1057 4103; x_wconf 92' lang='lat' dir='ltr'><strong>quo</strong></span> <span class='ocrx_word' id='word_1_624' title='bbox 1091 4032 1309 4103; x_wconf 88' lang='lat' dir='ltr'><strong>planius</strong></span> <span class='ocrx_word' id='word_1_625' title='bbox 1356 4031 1451 4085; x_wconf 89' lang='lat' dir='ltr'><strong>ﬁat</strong></span> <span class='ocrx_word' id='word_1_626' title='bbox 1494 4032 1640 4100; x_wconf 91' lang='lat' dir='ltr'><strong>quod</strong></span> <span class='ocrx_word' id='word_1_627' title='bbox 1683 4032 1907 4098; x_wconf 91' lang='lat' dir='ltr'><strong>dicitur,</strong></span> <span class='ocrx_word' id='word_1_628' title='bbox 1932 4043 2126 4106; x_wconf 86' lang='lat' dir='ltr'><strong>age,et</strong></span> <span class='ocrx_word' id='word_1_629' title='bbox 2148 4035 2203 4090; x_wconf 92' lang='lat' dir='ltr'><strong>in</strong></span> 
     </span>
    </p>
   </div>
   <div class='ocr_carea' id='block_1_76' title="bbox 621 4125 2202 4198">
    <p class='ocr_par' dir='ltr' id='par_1_76' title="bbox 621 4125 2202 4198">
     <span class='ocr_line' id='line_1_76' title="bbox 621 4125 2202 4198; baseline -0.001 -15"><span class='ocrx_word' id='word_1_630' title='bbox 621 4137 867 4184; x_wconf 88' lang='lat' dir='ltr'><strong>nostram</strong></span> <span class='ocrx_word' id='word_1_631' title='bbox 939 4142 1156 4196; x_wconf 89' lang='lat' dir='ltr'><strong>quoque</strong></span> <span class='ocrx_word' id='word_1_632' title='bbox 1212 4134 1445 4179; x_wconf 88' lang='lat' dir='ltr'><strong>mortem</strong></span> <span class='ocrx_word' id='word_1_633' title='bbox 1517 4125 1884 4195; x_wconf 88' lang='lat' dir='ltr'><strong>inquiramus,</strong></span> <span class='ocrx_word' id='word_1_634' title='bbox 1957 4128 2202 4198; x_wconf 90' lang='lat' dir='ltr'><strong>ejusdem</strong></span> 
     </span>
    </p>
   </div>
   <div class='ocr_carea' id='block_1_77' title="bbox 624 4217 2202 4290">
    <p class='ocr_par' dir='ltr' id='par_1_77' title="bbox 624 4217 2202 4290">
     <span class='ocr_line' id='line_1_77' title="bbox 624 4217 2202 4290; baseline -0.001 -15"><span class='ocrx_word' id='word_1_635' title='bbox 624 4222 891 4275; x_wconf 86' lang='lat' dir='ltr'><strong>rationem</strong></span> <span class='ocrx_word' id='word_1_636' title='bbox 957 4227 1210 4274; x_wconf 87' lang='lat' dir='ltr'><strong>accurate</strong></span> <span class='ocrx_word' id='word_1_637' title='bbox 1267 4217 1696 4272; x_wconf 89' lang='lat' dir='ltr'><strong>consideremus.</strong></span> <span class='ocrx_word' id='word_1_638' title='bbox 1743 4217 2040 4288; x_wconf 86' lang='lat' dir='ltr'><strong>Numquid,</strong></span> <span class='ocrx_word' id='word_1_639' title='bbox 2073 4235 2202 4290; x_wconf 89' lang='lat' dir='ltr'><strong>ergo</strong></span> 
     </span>
    </p>
   </div>
   <div class='ocr_carea' id='block_1_78' title="bbox 623 4309 2203 4380">
    <p class='ocr_par' dir='ltr' id='par_1_78' title="bbox 623 4309 2203 4380">
     <span class='ocr_line' id='line_1_78' title="bbox 623 4309 2203 4380; baseline -0.001 -13"><span class='ocrx_word' id='word_1_640' title='bbox 623 4313 941 4368; x_wconf 89' lang='lat' dir='ltr'><strong>mortalium</strong></span> <span class='ocrx_word' id='word_1_641' title='bbox 990 4310 1263 4380; x_wconf 90' lang='lat' dir='ltr'><strong>quispiam</strong></span> <span class='ocrx_word' id='word_1_642' title='bbox 1318 4325 1449 4363; x_wconf 85' lang='lat' dir='ltr'><strong>sana</strong></span> <span class='ocrx_word' id='word_1_643' title='bbox 1489 4317 1672 4363; x_wconf 91' lang='lat' dir='ltr'><strong>mente</strong></span> <span class='ocrx_word' id='word_1_644' title='bbox 1697 4318 1879 4373; x_wconf 85' lang='lat' dir='ltr'><strong>utens,</strong></span> <span class='ocrx_word' id='word_1_645' title='bbox 1903 4309 2034 4364; x_wconf 91' lang='lat' dir='ltr'><strong>dum</strong></span> <span class='ocrx_word' id='word_1_646' title='bbox 2075 4327 2203 4365; x_wconf 89' lang='lat' dir='ltr'><strong>cor--</strong></span> 
     </span>
    </p>
   </div>
   <div class='ocr_carea' id='block_1_79' title="bbox 624 4401 2201 4475">
    <p class='ocr_par' dir='ltr' id='par_1_79' title="bbox 624 4401 2201 4475">
     <span class='ocr_line' id='line_1_79' title="bbox 624 4401 2201 4475; baseline 0 -17"><span class='ocrx_word' id='word_1_647' title='bbox 624 4421 730 4475; x_wconf 86' lang='lat' dir='ltr'><strong>pus</strong></span> <span class='ocrx_word' id='word_1_648' title='bbox 761 4405 866 4459; x_wconf 91' lang='lat' dir='ltr'><strong>hoc</strong></span> <span class='ocrx_word' id='word_1_649' title='bbox 886 4413 1164 4458; x_wconf 88' lang='lat' dir='ltr'><strong>terrenum</strong></span> <span class='ocrx_word' id='word_1_650' title='bbox 1189 4401 1579 4472; x_wconf 83' lang='lat' dir='ltr'><strong>exstinguitur,</strong></span> <span class='ocrx_word' id='word_1_651' title='bbox 1609 4416 1715 4454; x_wconf 90' lang='lat' dir='ltr'><strong>una</strong></span> <span class='ocrx_word' id='word_1_652' title='bbox 1760 4417 1883 4456; x_wconf 92' lang='lat' dir='ltr'><strong>cum</strong></span> <span class='ocrx_word' id='word_1_653' title='bbox 1910 4402 2002 4457; x_wconf 90' lang='lat' dir='ltr'><strong>illo</strong></span> <span class='ocrx_word' id='word_1_654' title='bbox 2032 4403 2201 4472; x_wconf 90' lang='lat' dir='ltr'><strong>ipsam</strong></span> 
     </span>
    </p>
   </div>
   <div class='ocr_carea' id='block_1_80' title="bbox 622 4491 2201 4565">
    <p class='ocr_par' dir='ltr' id='par_1_80' title="bbox 622 4491 2201 4565">
     <span class='ocr_line' id='line_1_80' title="bbox 622 4491 2201 4565; baseline -0.001 -16"><span class='ocrx_word' id='word_1_655' title='bbox 622 4509 846 4565; x_wconf 90' lang='lat' dir='ltr'><strong>quoque</strong></span> <span class='ocrx_word' id='word_1_656' title='bbox 917 4493 1152 4546; x_wconf 89' lang='lat' dir='ltr'><strong>animam</strong></span> <span class='ocrx_word' id='word_1_657' title='bbox 1217 4491 1487 4561; x_wconf 83' lang='lat' dir='ltr'><strong>exstingui</strong></span> <span class='ocrx_word' id='word_1_658' title='bbox 1533 4491 1756 4544; x_wconf 84' lang='lat' dir='ltr'><strong>credit?</strong></span> <span class='ocrx_word' id='word_1_659' title='bbox 1803 4491 1922 4546; x_wconf 88' lang='lat' dir='ltr'><strong>Non</strong></span> <span class='ocrx_word' id='word_1_660' title='bbox 1947 4493 2201 4547; x_wconf 76' lang='lat' dir='ltr'><strong>existimo</strong></span> 
     </span>
    </p>
   </div>
   <div class='ocr_carea' id='block_1_81' title="bbox 629 4581 2201 4652">
    <p class='ocr_par' dir='ltr' id='par_1_81' title="bbox 629 4581 2201 4652">
     <span class='ocr_line' id='line_1_81' title="bbox 629 4581 2201 4652; baseline 0 -13"><span class='ocrx_word' id='word_1_661' title='bbox 629 4585 714 4640; x_wconf 78' lang='lat' dir='ltr'><strong>vel</strong></span> <span class='ocrx_word' id='word_1_662' title='bbox 765 4582 858 4636; x_wconf 88' lang='lat' dir='ltr'><strong>uni</strong></span> <span class='ocrx_word' id='word_1_663' title='bbox 883 4599 949 4636; x_wconf 76' lang='lat' dir='ltr'><strong>ex</strong></span> <span class='ocrx_word' id='word_1_664' title='bbox 979 4582 1236 4636; x_wconf 89' lang='lat' dir='ltr'><strong>omnibus</strong></span> <span class='ocrx_word' id='word_1_665' title='bbox 1265 4581 1368 4636; x_wconf 92' lang='lat' dir='ltr'><strong>hoc</strong></span> <span class='ocrx_word' id='word_1_666' title='bbox 1402 4596 1520 4636; x_wconf 90' lang='lat' dir='ltr'><strong>esse</strong></span> <span class='ocrx_word' id='word_1_667' title='bbox 1542 4597 1904 4652; x_wconf 88' lang='lat' dir='ltr'><strong>persuasum;</strong></span> <span class='ocrx_word' id='word_1_668' title='bbox 1930 4592 1986 4636; x_wconf 91' lang='lat' dir='ltr'><strong>et</strong></span> <span class='ocrx_word' id='word_1_669' title='bbox 2020 4593 2201 4639; x_wconf 88' lang='lat' dir='ltr'><strong>tamen</strong></span> 
     </span>
    </p>
   </div>
   <div class='ocr_carea' id='block_1_82' title="bbox 626 4672 2200 4747">
    <p class='ocr_par' dir='ltr' id='par_1_82' title="bbox 626 4672 2200 4747">
     <span class='ocr_line' id='line_1_82' title="bbox 626 4672 2200 4747; baseline 0.001 -17"><span class='ocrx_word' id='word_1_670' title='bbox 626 4675 774 4747; x_wconf 85' lang='lat' dir='ltr'><strong>quod</strong></span> <span class='ocrx_word' id='word_1_671' title='bbox 801 4673 1168 4729; x_wconf 86' lang='lat' dir='ltr'><strong>communiter</strong></span> <span class='ocrx_word' id='word_1_672' title='bbox 1200 4672 1449 4727; x_wconf 90' lang='lat' dir='ltr'><strong>accidere</strong></span> <span class='ocrx_word' id='word_1_673' title='bbox 1491 4673 1647 4736; x_wconf 89' lang='lat' dir='ltr'><strong>solet,</strong></span> <span class='ocrx_word' id='word_1_674' title='bbox 1678 4689 1790 4727; x_wconf 92' lang='lat' dir='ltr'><strong>non</strong></span> <span class='ocrx_word' id='word_1_675' title='bbox 1817 4675 2082 4744; x_wconf 86' lang='lat' dir='ltr'><strong>corporis,</strong></span> <span class='ocrx_word' id='word_1_676' title='bbox 2105 4676 2200 4731; x_wconf 91' lang='lat' dir='ltr'><strong>sed</strong></span> 
     </span>
    </p>
   </div>
   <div class='ocr_carea' id='block_1_83' title="bbox 627 4765 2202 4836">
    <p class='ocr_par' dir='ltr' id='par_1_83' title="bbox 627 4765 2202 4836">
     <span class='ocr_line' id='line_1_83' title="bbox 627 4765 2202 4836; baseline 0.001 -14"><span class='ocrx_word' id='word_1_677' title='bbox 627 4765 868 4822; x_wconf 87' lang='lat' dir='ltr'><strong>hominis</strong></span> <span class='ocrx_word' id='word_1_678' title='bbox 897 4779 1046 4821; x_wconf 87' lang='lat' dir='ltr'><strong>mors</strong></span> <span class='ocrx_word' id='word_1_679' title='bbox 1066 4766 1391 4834; x_wconf 87' lang='lat' dir='ltr'><strong>appellatur.</strong></span> <span class='ocrx_word' id='word_1_680' title='bbox 1431 4766 1511 4820; x_wconf 80' lang='lat' dir='ltr'><strong>Ad</strong></span> <span class='ocrx_word' id='word_1_681' title='bbox 1543 4781 1671 4820; x_wconf 90' lang='lat' dir='ltr'><strong>eum</strong></span> <span class='ocrx_word' id='word_1_682' title='bbox 1696 4765 1881 4836; x_wconf 86' lang='lat' dir='ltr'><strong>itaque</strong></span> <span class='ocrx_word' id='word_1_683' title='bbox 1904 4768 2126 4822; x_wconf 89' lang='lat' dir='ltr'><strong>modum</strong></span> <span class='ocrx_word' id='word_1_684' title='bbox 2146 4779 2202 4824; x_wconf 90' lang='lat' dir='ltr'><strong>et</strong></span> 
     </span>
    </p>
   </div>
   <div class='ocr_carea' id='block_1_84' title="bbox 627 4859 1138 4928">
    <p class='ocr_par' dir='ltr' id='par_1_84' title="bbox 627 4859 1138 4928">
     <span class='ocr_line' id='line_1_84' title="bbox 627 4859 1138 4928; baseline -0.006 -14"><span class='ocrx_word' id='word_1_685' title='bbox 627 4860 696 4914; x_wconf 91' lang='lat' dir='ltr'><strong>de</strong></span> <span class='ocrx_word' id='word_1_686' title='bbox 747 4859 865 4928; x_wconf 89' lang='lat' dir='ltr'><strong>ipso</strong></span> <span class='ocrx_word' id='word_1_687' title='bbox 917 4871 1138 4926; x_wconf 91' lang='lat' dir='ltr'><strong>quoque</strong></span> 
     </span>
    </p>
   </div>
   <div class='ocr_carea' id='block_1_85' title="bbox 627 4951 774 5005">
    <p class='ocr_par' dir='ltr' id='par_1_85' title="bbox 627 4951 774 5005">
     <span class='ocr_line' id='line_1_85' title="bbox 627 4951 774 5005; baseline -0.007 0"><span class='ocrx_word' id='word_1_688' title='bbox 627 4951 774 5005; x_wconf 78' lang='lat' dir='ltr'><strong>enim</strong></span> 
     </span>
    </p>
   </div>
   <div class='ocr_carea' id='block_1_86' title="bbox 2375 4038 3889 4112">
    <p class='ocr_par' dir='ltr' id='par_1_86' title="bbox 2375 4038 3889 4112">
     <span class='ocr_line' id='line_1_86' title="bbox 2375 4038 3889 4112; baseline 0 -19"><span class='ocrx_word' id='word_1_689' title='bbox 2375 4041 2512 4111; x_wconf 80' lang='grc' dir='ltr'>Φέρε</span> <span class='ocrx_word' id='word_1_690' title='bbox 2535 4041 2641 4111; x_wconf 84' lang='grc' dir='ltr'><strong>γὰρ</strong></span> <span class='ocrx_word' id='word_1_691' title='bbox 2671 4041 2766 4094; x_wconf 70' lang='grc' dir='ltr'>καὶ</span> <span class='ocrx_word' id='word_1_692' title='bbox 2789 4039 2946 4110; x_wconf 76' lang='grc' dir='ltr'>ἡμῶν</span> <span class='ocrx_word' id='word_1_693' title='bbox 2971 4039 3152 4093; x_wconf 82' lang='grc' dir='ltr'>αὐτῶν</span> <span class='ocrx_word' id='word_1_694' title='bbox 3175 4041 3204 4093; x_wconf 79' lang='grc' dir='ltr'>ὁ</span> <span class='ocrx_word' id='word_1_695' title='bbox 3235 4038 3330 4093; x_wconf 82' lang='grc' dir='ltr'>τοῦ</span> <span class='ocrx_word' id='word_1_696' title='bbox 3351 4038 3580 4093; x_wconf 84' lang='grc' dir='ltr'>θανάτου</span> <span class='ocrx_word' id='word_1_697' title='bbox 3609 4039 3889 4112; x_wconf 83' lang='grc' dir='ltr'>πολυπρα-</span> 
     </span>
    </p>
   </div>
   <div class='ocr_carea' id='block_1_87' title="bbox 2303 4126 3887 4203">
    <p class='ocr_par' dir='ltr' id='par_1_87' title="bbox 2303 4126 3887 4203">
     <span class='ocr_line' id='line_1_87' title="bbox 2303 4126 3887 4203; baseline 0 -19"><span class='ocrx_word' id='word_1_698' title='bbox 2303 4132 2494 4201; x_wconf 82' lang='grc' dir='ltr'>γμονεε</span> <span class='ocrx_word' id='word_1_699' title='bbox 2503 4131 2614 4185; x_wconf 83' lang='grc' dir='ltr'><strong>σθω</strong></span> <span class='ocrx_word' id='word_1_700' title='bbox 2645 4133 2864 4202; x_wconf 84' lang='grc' dir='ltr'>τρόπος.</span> <span class='ocrx_word' id='word_1_701' title='bbox 2895 4131 3008 4202; x_wconf 84' lang='grc' dir='ltr'>Οὐχ</span> <span class='ocrx_word' id='word_1_702' title='bbox 3031 4131 3368 4185; x_wconf 81' lang='grc' dir='ltr'>ἀπαστισοῦν</span> <span class='ocrx_word' id='word_1_703' title='bbox 3395 4130 3504 4184; x_wconf 84' lang='grc' dir='ltr'>τῶν</span> <span class='ocrx_word' id='word_1_704' title='bbox 3529 4126 3588 4184; x_wconf 74' lang='grc' dir='ltr'>εὖ</span> <span class='ocrx_word' id='word_1_705' title='bbox 3624 4131 3887 4203; x_wconf 77' lang='grc' dir='ltr'>φρονούν-</span> 
     </span>
    </p>
   </div>
   <div class='ocr_carea' id='block_1_88' title="bbox 2304 4221 3885 4294">
    <p class='ocr_par' dir='ltr' id='par_1_88' title="bbox 2304 4221 3885 4294">
     <span class='ocr_line' id='line_1_88' title="bbox 2304 4221 3885 4294; baseline 0.001 -21"><span class='ocrx_word' id='word_1_706' title='bbox 2304 4238 2411 4275; x_wconf 85' lang='grc' dir='ltr'><strong>των</strong></span> <span class='ocrx_word' id='word_1_707' title='bbox 2438 4224 2549 4294; x_wconf 82' lang='grc' dir='ltr'>ἐρεῖ</span> <span class='ocrx_word' id='word_1_708' title='bbox 2579 4225 2691 4285; x_wconf 87' lang='grc' dir='ltr'>τοῖς</span> <span class='ocrx_word' id='word_1_709' title='bbox 2724 4224 2831 4274; x_wconf 78' lang='grc' dir='ltr'>ἀπὸ</span> <span class='ocrx_word' id='word_1_710' title='bbox 2858 4223 2960 4292; x_wconf 81' lang='grc' dir='ltr'>γῆς</span> <span class='ocrx_word' id='word_1_711' title='bbox 2987 4221 3237 4293; x_wconf 82' lang='grc' dir='ltr'>σώμασιν</span> <span class='ocrx_word' id='word_1_712' title='bbox 3273 4223 3837 4294; x_wconf 82' lang='grc' dir='ltr'>συγκαταφθείρεσθαι</span> <span class='ocrx_word' id='word_1_713' title='bbox 3856 4234 3885 4274; x_wconf 72' lang='grc' dir='ltr'><strong>ει</strong></span> 
     </span>
    </p>
   </div>
   <div class='ocr_carea' id='block_1_89' title="bbox 2303 4309 3888 4386">
    <p class='ocr_par' dir='ltr' id='par_1_89' title="bbox 2303 4309 3888 4386">
     <span class='ocr_line' id='line_1_89' title="bbox 2303 4309 3888 4386; baseline 0.003 -21"><span class='ocrx_word' id='word_1_714' title='bbox 2303 4312 2402 4376; x_wconf 83' lang='grc' dir='ltr'><strong>τὰς</strong></span> <span class='ocrx_word' id='word_1_715' title='bbox 2437 4313 2632 4384; x_wconf 81' lang='grc' dir='ltr'>ψυχάς.</span> <span class='ocrx_word' id='word_1_716' title='bbox 2688 4314 2851 4379; x_wconf 81' lang='grc' dir='ltr'>Ἀλλ’,</span> <span class='ocrx_word' id='word_1_717' title='bbox 2897 4309 3071 4386; x_wconf 73' lang='grc' dir='ltr'>οἶμαι,</span> <span class='ocrx_word' id='word_1_718' title='bbox 3107 4315 3264 4370; x_wconf 79' lang='grc' dir='ltr'>τοῦτό</span> <span class='ocrx_word' id='word_1_719' title='bbox 3302 4317 3451 4369; x_wconf 68' lang='grc' dir='ltr'>ἐστιν</span> <span class='ocrx_word' id='word_1_720' title='bbox 3479 4316 3538 4368; x_wconf 84' lang='grc' dir='ltr'><strong>ὲν</strong></span> <span class='ocrx_word' id='word_1_721' title='bbox 3575 4316 3749 4370; x_wconf 71' lang='grc' dir='ltr'>οὐδενὶ</span> <span class='ocrx_word' id='word_1_722' title='bbox 3781 4317 3888 4370; x_wconf 83' lang='grc' dir='ltr'>τῶν</span> 
     </span>
    </p>
   </div>
   <div class='ocr_carea' id='block_1_90' title="bbox 2303 4404 3887 4480">
    <p class='ocr_par' dir='ltr' id='par_1_90' title="bbox 2303 4404 3887 4480">
     <span class='ocr_line' id='line_1_90' title="bbox 2303 4404 3887 4480; baseline 0.004 -23"><span class='ocrx_word' id='word_1_723' title='bbox 2303 4404 2469 4458; x_wconf 74' lang='grc' dir='ltr'>ὄντων</span> <span class='ocrx_word' id='word_1_724' title='bbox 2498 4406 2823 4458; x_wconf 80' lang='grc' dir='ltr'>ἐνδοιαστόν·</span> <span class='ocrx_word' id='word_1_725' title='bbox 2858 4405 2998 4476; x_wconf 82' lang='grc' dir='ltr'>πλὴν</span> <span class='ocrx_word' id='word_1_726' title='bbox 3035 4406 3323 4478; x_wconf 80' lang='grc' dir='ltr'>ἀνθρώπου</span> <span class='ocrx_word' id='word_1_727' title='bbox 3359 4407 3617 4471; x_wconf 80' lang='grc' dir='ltr'>θάνατος,</span> <span class='ocrx_word' id='word_1_728' title='bbox 3649 4409 3711 4462; x_wconf 82' lang='grc' dir='ltr'>τὸ</span> <span class='ocrx_word' id='word_1_729' title='bbox 3745 4425 3887 4480; x_wconf 82' lang='grc' dir='ltr'>συμ-</span> 
     </span>
    </p>
   </div>
   <div class='ocr_carea' id='block_1_91' title="bbox 2306 4496 3888 4569">
    <p class='ocr_par' dir='ltr' id='par_1_91' title="bbox 2306 4496 3888 4569">
     <span class='ocr_line' id='line_1_91' title="bbox 2306 4496 3888 4569; baseline 0.004 -21"><span class='ocrx_word' id='word_1_730' title='bbox 2306 4496 2539 4567; x_wconf 78' lang='grc' dir='ltr'>ϐεϐηκὸς</span> <span class='ocrx_word' id='word_1_731' title='bbox 2564 4497 2906 4568; x_wconf 80' lang='grc' dir='ltr'>ὀνομάζεται.</span> <span class='ocrx_word' id='word_1_732' title='bbox 2939 4496 3094 4551; x_wconf 76' lang='grc' dir='ltr'>Οὕτω</span> <span class='ocrx_word' id='word_1_733' title='bbox 3127 4499 3342 4569; x_wconf 77' lang='grc' dir='ltr'>νοήσεις</span> <span class='ocrx_word' id='word_1_734' title='bbox 3372 4498 3464 4553; x_wconf 81' lang='grc' dir='ltr'><strong>καὶ</strong></span> <span class='ocrx_word' id='word_1_735' title='bbox 3494 4501 3576 4552; x_wconf 78' lang='grc' dir='ltr'><strong>ἐπ’</strong></span> <span class='ocrx_word' id='word_1_736' title='bbox 3607 4499 3772 4554; x_wconf 77' lang='grc' dir='ltr'>αὐτοῦ</span> <span class='ocrx_word' id='word_1_737' title='bbox 3793 4499 3888 4555; x_wconf 76' lang='grc' dir='ltr'>τοῦ</span> 
     </span>
    </p>
   </div>
   <div class='ocr_carea' id='block_1_92' title="bbox 2306 4585 3892 4660">
    <p class='ocr_par' dir='ltr' id='par_1_92' title="bbox 2306 4585 3892 4660">
     <span class='ocr_line' id='line_1_92' title="bbox 2306 4585 3892 4660; baseline 0.003 -20"><span class='ocrx_word' id='word_1_738' title='bbox 2306 4587 2674 4658; x_wconf 82' lang='grc' dir='ltr'><strong>Ἐμμανουήλ.</strong></span> <span class='ocrx_word' id='word_1_739' title='bbox 2712 4585 2819 4642; x_wconf 60' lang='grc' dir='ltr'><strong>*Ην</strong></span> <span class='ocrx_word' id='word_1_740' title='bbox 2854 4590 2952 4660; x_wconf 82' lang='grc' dir='ltr'><strong>μὲν</strong></span> <span class='ocrx_word' id='word_1_741' title='bbox 2985 4589 3094 4660; x_wconf 80' lang='grc' dir='ltr'>γὰρ</span> <span class='ocrx_word' id='word_1_742' title='bbox 3139 4591 3168 4641; x_wconf 85' lang='grc' dir='ltr'><strong>ὁ</strong></span> <span class='ocrx_word' id='word_1_743' title='bbox 3200 4590 3373 4657; x_wconf 82' lang='grc' dir='ltr'>Λόγος</span> <span class='ocrx_word' id='word_1_744' title='bbox 3419 4590 3496 4652; x_wconf 80' lang='grc' dir='ltr'>ὼς</span> <span class='ocrx_word' id='word_1_745' title='bbox 3531 4591 3589 4642; x_wconf 86' lang='grc' dir='ltr'><strong>ὲν</strong></span> <span class='ocrx_word' id='word_1_746' title='bbox 3632 4590 3747 4660; x_wconf 71' lang='grc' dir='ltr'>ἰδίῳ</span> <span class='ocrx_word' id='word_1_747' title='bbox 3784 4591 3892 4645; x_wconf 85' lang='grc' dir='ltr'><strong>σώ-</strong></span> 
     </span>
    </p>
   </div>
   <div class='ocr_carea' id='block_1_93' title="bbox 2310 4678 3889 4754">
    <p class='ocr_par' dir='ltr' id='par_1_93' title="bbox 2310 4678 3889 4754">
     <span class='ocr_line' id='line_1_93' title="bbox 2310 4678 3889 4754; baseline 0.005 -25"><span class='ocrx_word' id='word_1_748' title='bbox 2310 4695 2439 4747; x_wconf 80' lang='grc' dir='ltr'>ματι</span> <span class='ocrx_word' id='word_1_749' title='bbox 2463 4678 2540 4748; x_wconf 82' lang='grc' dir='ltr'><strong>τῷ</strong></span> <span class='ocrx_word' id='word_1_750' title='bbox 2561 4681 2625 4731; x_wconf 83' lang='grc' dir='ltr'><strong>ὲκ</strong></span> <span class='ocrx_word' id='word_1_751' title='bbox 2651 4681 2926 4746; x_wconf 84' lang='grc' dir='ltr'>γυναικὸς,</span> <span class='ocrx_word' id='word_1_752' title='bbox 2959 4679 3129 4734; x_wconf 71' lang='grc' dir='ltr'>ἐδίδου</span> <span class='ocrx_word' id='word_1_753' title='bbox 3158 4680 3214 4733; x_wconf 84' lang='grc' dir='ltr'>δὲ</span> <span class='ocrx_word' id='word_1_754' title='bbox 3240 4681 3372 4734; x_wconf 73' lang='grc' dir='ltr'>αὐτὸ</span> <span class='ocrx_word' id='word_1_755' title='bbox 3404 4679 3480 4750; x_wconf 82' lang='grc' dir='ltr'>τῷ</span> <span class='ocrx_word' id='word_1_756' title='bbox 3503 4681 3718 4754; x_wconf 83' lang='grc' dir='ltr'>θανάτῳ</span> <span class='ocrx_word' id='word_1_757' title='bbox 3748 4685 3889 4737; x_wconf 82' lang='grc' dir='ltr'><strong>κατὰ</strong></span> 
     </span>
    </p>
   </div>
   <div class='ocr_carea' id='block_1_94' title="bbox 2309 4767 3887 4841">
    <p class='ocr_par' dir='ltr' id='par_1_94' title="bbox 2309 4767 3887 4841">
     <span class='ocr_line' id='line_1_94' title="bbox 2309 4767 3887 4841; baseline 0.006 -22"><span class='ocrx_word' id='word_1_758' title='bbox 2309 4767 2519 4838; x_wconf 78' lang='grc' dir='ltr'>καιρὸν,</span> <span class='ocrx_word' id='word_1_759' title='bbox 2569 4769 2794 4839; x_wconf 88' lang='grc' dir='ltr'>πάσχων</span> <span class='ocrx_word' id='word_1_760' title='bbox 2840 4771 2936 4841; x_wconf 70' lang='grc' dir='ltr'>μὲν</span> <span class='ocrx_word' id='word_1_761' title='bbox 2963 4770 3126 4824; x_wconf 73' lang='grc' dir='ltr'>ὀὐδὲν</span> <span class='ocrx_word' id='word_1_762' title='bbox 3172 4774 3252 4834; x_wconf 78' lang='grc' dir='ltr'>εἰς</span> <span class='ocrx_word' id='word_1_763' title='bbox 3300 4769 3435 4824; x_wconf 78' lang='grc' dir='ltr'>ἰδίαν</span> <span class='ocrx_word' id='word_1_764' title='bbox 3479 4775 3640 4840; x_wconf 73' lang='grc' dir='ltr'>φύσιν</span> <span class='ocrx_word' id='word_1_765' title='bbox 3689 4774 3887 4839; x_wconf 81' lang='grc' dir='ltr'>αὐτός’</span> 
     </span>
    </p>
   </div>
   <div class='ocr_carea' id='block_1_95' title="bbox 1217 4856 2202 4934">
    <p class='ocr_par' dir='ltr' id='par_1_95' title="bbox 1217 4858 2202 4916">
     <span class='ocr_line' id='line_1_95' title="bbox 1217 4858 2202 4916; baseline 0.004 -4"><span class='ocrx_word' id='word_1_766' title='bbox 1217 4858 1572 4913; x_wconf 87' lang='lat' dir='ltr'><strong>Emmanuele</strong></span> <span class='ocrx_word' id='word_1_767' title='bbox 1640 4866 1847 4912; x_wconf 90' lang='lat' dir='ltr'><strong>statuas</strong></span> <span class='ocrx_word' id='word_1_768' title='bbox 1897 4859 2044 4914; x_wconf 89' lang='lat' dir='ltr'><strong>licet.</strong></span> <span class='ocrx_word' id='word_1_769' title='bbox 2078 4859 2202 4916; x_wconf 90' lang='lat' dir='ltr'><strong>Erat</strong></span> 
     </span>
    </p>
   </div>
   <div class='ocr_carea' id='block_1_96' title="bbox 2307 4856 3894 4934">
    <p class='ocr_par' dir='ltr' id='par_1_96' title="bbox 2310 4856 3894 4934">
     <span class='ocr_line' id='line_1_96' title="bbox 2310 4856 3894 4934; baseline 0.005 -24"><span class='ocrx_word' id='word_1_770' title='bbox 2310 4856 2424 4928; x_wconf 83' lang='grc' dir='ltr'>ζωὴ</span> <span class='ocrx_word' id='word_1_771' title='bbox 2468 4860 2577 4930; x_wconf 87' lang='grc' dir='ltr'><strong>γάρ</strong></span> <span class='ocrx_word' id='word_1_772' title='bbox 2635 4863 2751 4913; x_wconf 73' lang='grc' dir='ltr'>ἐστι</span> <span class='ocrx_word' id='word_1_773' title='bbox 2799 4864 2894 4915; x_wconf 57' lang='grc' dir='ltr'><strong>καὶ⁸</strong></span> <span class='ocrx_word' id='word_1_774' title='bbox 2941 4861 3202 4925; x_wconf 61' lang='grc' dir='ltr'>ζωοπιὸς</span> <span class='ocrx_word' id='word_1_775' title='bbox 3230 4879 3241 4892; x_wconf 83' lang='grc'><em>’</em></span> <span class='ocrx_word' id='word_1_776' title='bbox 3305 4863 3668 4934; x_wconf 80' lang='grc' dir='ltr'>οἰκειούμενος</span> <span class='ocrx_word' id='word_1_777' title='bbox 3721 4865 3777 4917; x_wconf 74' lang='grc' dir='ltr'>δὲ</span> <span class='ocrx_word' id='word_1_778' title='bbox 3825 4864 3894 4918; x_wconf 79' lang='grc' dir='ltr'><strong>τὰ</strong></span> 
     </span>
    </p>
   </div>
   <div class='ocr_carea' id='block_1_97' title="bbox 851 4947 2209 5021">
    <p class='ocr_par' dir='ltr' id='par_1_97' title="bbox 851 4947 2209 5021">
     <span class='ocr_line' id='line_1_97' title="bbox 851 4947 2209 5021; baseline 0.001 -17"><span class='ocrx_word' id='word_1_779' title='bbox 851 4950 1088 5004; x_wconf 74' lang='lat' dir='ltr'><strong>Verbum</strong></span> <span class='ocrx_word' id='word_1_780' title='bbox 1144 4947 1200 5002; x_wconf 87' lang='lat' dir='ltr'><strong>in</strong></span> <span class='ocrx_word' id='word_1_781' title='bbox 1245 4965 1312 5003; x_wconf 93' lang='lat' dir='ltr'><strong>eo</strong></span> <span class='ocrx_word' id='word_1_782' title='bbox 1365 4949 1510 5020; x_wconf 92' lang='lat' dir='ltr'><strong>quod</strong></span> <span class='ocrx_word' id='word_1_783' title='bbox 1542 4966 1609 5004; x_wconf 82' lang='lat' dir='ltr'><strong>ex</strong></span> <span class='ocrx_word' id='word_1_784' title='bbox 1641 4951 1873 5005; x_wconf 88' lang='lat' dir='ltr'><strong>muliere</strong></span> <span class='ocrx_word' id='word_1_785' title='bbox 1897 4958 2209 5021; x_wconf 91' lang='lat' dir='ltr'><strong>susceptum</strong></span> 
     </span>
    </p>
   </div>
   <div class='ocr_carea' id='block_1_98' title="bbox 2316 4951 3894 5024">
    <p class='ocr_par' dir='ltr' id='par_1_98' title="bbox 2316 4951 3894 5024">
     <span class='ocr_line' id='line_1_98' title="bbox 2316 4951 3894 5024; baseline 0.005 -23"><span class='ocrx_word' id='word_1_786' title='bbox 2316 4951 2550 5020; x_wconf 75' lang='grc' dir='ltr'>σαρκικᾶ</span> <span class='ocrx_word' id='word_1_787' title='bbox 2579 4960 2626 5015; x_wconf 83' lang='grc' dir='ltr'><strong>ι’,</strong></span> <span class='ocrx_word' id='word_1_788' title='bbox 2679 4952 2765 5004; x_wconf 78' lang='grc' dir='ltr'><strong>ἵνα</strong></span> <span class='ocrx_word' id='word_1_789' title='bbox 2811 4954 2906 5005; x_wconf 73' lang='grc' dir='ltr'><strong>καὶ</strong></span> <span class='ocrx_word' id='word_1_790' title='bbox 2939 4952 3106 5006; x_wconf 81' lang='grc' dir='ltr'>αὑτοῦ</span> <span class='ocrx_word' id='word_1_791' title='bbox 3160 4952 3388 5024; x_wconf 82' lang='grc' dir='ltr'><strong>λέγηται</strong></span> <span class='ocrx_word' id='word_1_792' title='bbox 3439 4954 3501 5006; x_wconf 83' lang='grc' dir='ltr'><strong>τὸ</strong></span> <span class='ocrx_word' id='word_1_793' title='bbox 3544 4955 3757 5016; x_wconf 82' lang='grc' dir='ltr'>παθεῖν,</span> <span class='ocrx_word' id='word_1_794' title='bbox 3799 4958 3894 5009; x_wconf 70' lang='grc' dir='ltr'><strong>καὶ</strong></span> 
     </span>
    </p>
   </div>
   <div class='ocr_carea' id='block_1_99' title="bbox 627 5036 2202 5117">
    <p class='ocr_par' dir='ltr' id='par_1_99' title="bbox 627 5041 2202 5113">
     <span class='ocr_line' id='line_1_99' title="bbox 627 5041 2202 5113; baseline 0.003 -21"><span class='ocrx_word' id='word_1_795' title='bbox 627 5051 747 5095; x_wconf 74' lang='lat' dir='ltr'><strong>erat</strong></span> <span class='ocrx_word' id='word_1_796' title='bbox 773 5041 841 5104; x_wconf 72' lang='lat'><strong>7°,</strong></span> <span class='ocrx_word' id='word_1_797' title='bbox 877 5051 1136 5111; x_wconf 89' lang='lat' dir='ltr'><strong>tanquam</strong></span> <span class='ocrx_word' id='word_1_798' title='bbox 1200 5041 1258 5094; x_wconf 90' lang='lat' dir='ltr'><strong>in</strong></span> <span class='ocrx_word' id='word_1_799' title='bbox 1310 5041 1529 5110; x_wconf 89' lang='lat' dir='ltr'><strong>proprio</strong></span> <span class='ocrx_word' id='word_1_800' title='bbox 1593 5056 1825 5111; x_wconf 90' lang='lat' dir='ltr'><strong>corpore</strong></span> <span class='ocrx_word' id='word_1_801' title='bbox 1854 5059 1869 5107; x_wconf 92' lang='lat'><strong>;</strong></span> <span class='ocrx_word' id='word_1_802' title='bbox 1897 5041 2003 5097; x_wconf 89' lang='lat' dir='ltr'><strong>hoc</strong></span> <span class='ocrx_word' id='word_1_803' title='bbox 2033 5043 2202 5113; x_wconf 90' lang='lat' dir='ltr'><strong>ipsum</strong></span> 
     </span>
    </p>
   </div>
   <div class='ocr_carea' id='block_1_100' title="bbox 2307 5036 3894 5117">
    <p class='ocr_par' dir='ltr' id='par_1_100' title="bbox 2313 5036 3894 5117">
     <span class='ocr_line' id='line_1_100' title="bbox 2313 5036 3894 5117; baseline 0.004 -24"><span class='ocrx_word' id='word_1_804' title='bbox 2313 5036 2392 5104; x_wconf 78' lang='grc' dir='ltr'>εἷς</span> <span class='ocrx_word' id='word_1_805' title='bbox 2418 5043 2447 5094; x_wconf 85' lang='grc' dir='ltr'>ὁ</span> <span class='ocrx_word' id='word_1_806' title='bbox 2477 5043 2711 5106; x_wconf 84' lang='grc' dir='ltr'>πάντων,</span> <span class='ocrx_word' id='word_1_807' title='bbox 2745 5045 3004 5108; x_wconf 81' lang='grc' dir='ltr'>ἀναστὰς,</span> <span class='ocrx_word' id='word_1_808' title='bbox 3036 5044 3269 5108; x_wconf 84' lang='grc' dir='ltr'>τεθνεὼς</span> <span class='ocrx_word' id='word_1_809' title='bbox 3300 5047 3442 5117; x_wconf 79' lang='grc' dir='ltr'>ὑπὲρ</span> <span class='ocrx_word' id='word_1_810' title='bbox 3491 5047 3730 5109; x_wconf 83' lang='grc' dir='ltr'>πάντων,</span> <span class='ocrx_word' id='word_1_811' title='bbox 3767 5047 3894 5115; x_wconf 83' lang='grc' dir='ltr'>ἁγο-</span> 
     </span>
    </p>
   </div>
   <div class='ocr_carea' id='block_1_101' title="bbox 627 5131 2210 5202">
    <p class='ocr_par' dir='ltr' id='par_1_101' title="bbox 627 5131 2210 5202">
     <span class='ocr_line' id='line_1_101' title="bbox 627 5131 2210 5202; baseline 0.001 -16"><span class='ocrx_word' id='word_1_812' title='bbox 627 5144 814 5187; x_wconf 84' lang='lat' dir='ltr'><strong>autem</strong></span> <span class='ocrx_word' id='word_1_813' title='bbox 855 5147 1056 5202; x_wconf 79' lang='lat' dir='ltr'><strong>corpus</strong></span> <span class='ocrx_word' id='word_1_814' title='bbox 1078 5131 1350 5202; x_wconf 77' lang='lat' dir='ltr'><strong>praeﬁnito</strong></span> <span class='ocrx_word' id='word_1_815' title='bbox 1367 5139 1613 5202; x_wconf 88' lang='lat' dir='ltr'><strong>tempore</strong></span> <span class='ocrx_word' id='word_1_816' title='bbox 1641 5132 1698 5186; x_wconf 90' lang='lat' dir='ltr'><strong>in</strong></span> <span class='ocrx_word' id='word_1_817' title='bbox 1724 5139 1959 5187; x_wconf 89' lang='lat' dir='ltr'><strong>mortem</strong></span> <span class='ocrx_word' id='word_1_818' title='bbox 1991 5141 2210 5189; x_wconf 85' lang='lat' dir='ltr'><strong>contra-</strong></span> 
     </span>
    </p>
   </div>
   <div class='ocr_carea' id='block_1_102' title="bbox 626 5221 2206 5294">
    <p class='ocr_par' dir='ltr' id='par_1_102' title="bbox 626 5221 2206 5294">
     <span class='ocr_line' id='line_1_102' title="bbox 626 5221 2206 5294; baseline 0.003 -18"><span class='ocrx_word' id='word_1_819' title='bbox 626 5223 790 5286; x_wconf 78' lang='lat' dir='ltr'><strong>didit,</strong></span> <span class='ocrx_word' id='word_1_820' title='bbox 823 5221 959 5275; x_wconf 91' lang='lat' dir='ltr'><strong>nihil</strong></span> <span class='ocrx_word' id='word_1_821' title='bbox 985 5223 1203 5276; x_wconf 89' lang='lat' dir='ltr'><strong>interim</strong></span> <span class='ocrx_word' id='word_1_822' title='bbox 1234 5223 1567 5276; x_wconf 86' lang='lat' dir='ltr'><strong>incommodi</strong></span> <span class='ocrx_word' id='word_1_823' title='bbox 1598 5224 1818 5294; x_wconf 82' lang='lat' dir='ltr'><strong>prepria</strong></span> <span class='ocrx_word' id='word_1_824' title='bbox 1847 5234 2042 5279; x_wconf 89' lang='lat' dir='ltr'><strong>natura</strong></span> <span class='ocrx_word' id='word_1_825' title='bbox 2083 5239 2206 5280; x_wconf 80' lang='lat' dir='ltr'><strong>sus-</strong></span> 
     </span>
    </p>
   </div>
   <div class='ocr_carea' id='block_1_103' title="bbox 703 5377 2202 5453">
    <p class='ocr_par' dir='ltr' id='par_1_103' title="bbox 703 5377 2188 5453">
     <span class='ocr_line' id='line_1_103' title="bbox 703 5377 2188 5453; baseline 0.003 -23"><span class='ocrx_word' id='word_1_826' title='bbox 703 5377 823 5453; x_wconf 80' lang='lat' dir='ltr'><strong>°_&quot;_l_l</strong></span> <span class='ocrx_word' id='word_1_827' title='bbox 850 5377 975 5431; x_wconf 88' lang='lat' dir='ltr'><strong>Cor.</strong></span> <span class='ocrx_word' id='word_1_828' title='bbox 1002 5394 1074 5453; x_wconf 65' lang='lat' dir='ltr'><strong>vi,</strong></span> <span class='ocrx_word' id='word_1_829' title='bbox 1102 5379 1208 5453; x_wconf 18' lang='lat' dir='ltr'><strong>165A</strong></span> <span class='ocrx_word' id='word_1_830' title='bbox 1251 5379 1436 5453; x_wconf 81' lang='lat' dir='ltr'><strong>_Levit.</strong></span> <span class='ocrx_word' id='word_1_831' title='bbox 1474 5396 1617 5453; x_wconf 63' lang='lat' dir='ltr'><strong>xxvi,</strong></span> <span class='ocrx_word' id='word_1_832' title='bbox 1648 5379 1733 5434; x_wconf 73' lang='grc'><strong>12.</strong></span> <span class='ocrx_word' id='word_1_833' title='bbox 1806 5381 1854 5412; x_wconf 85' lang='grc'><strong>⁸⁸</strong></span> <span class='ocrx_word' id='word_1_834' title='bbox 1880 5380 2053 5434; x_wconf 76' lang='grc' dir='ltr'><strong>1·(]οι·.</strong></span> <span class='ocrx_word' id='word_1_835' title='bbox 2091 5398 2188 5448; x_wconf 85' lang='lat' dir='ltr'><strong>vn,</strong></span> 
     </span>
    </p>
   </div>
   <div class='ocr_carea' id='block_1_104' title="bbox 2307 5377 3447 5453">
    <p class='ocr_par' dir='ltr' id='par_1_104' title="bbox 2307 5383 3447 5453">
     <span class='ocr_line' id='line_1_104' title="bbox 2307 5383 3447 5453; baseline 0.005 -21"><span class='ocrx_word' id='word_1_836' title='bbox 2307 5424 2308 5432; x_wconf 30' lang='grc' dir='ltr'>χ</span> <span class='ocrx_word' id='word_1_837' title='bbox 2386 5383 2430 5414; x_wconf 88' lang='grc'><strong>⁶⁶</strong></span> <span class='ocrx_word' id='word_1_838' title='bbox 2466 5383 2703 5453; x_wconf 90' lang='lat' dir='ltr'><strong>Philipp.</strong></span> <span class='ocrx_word' id='word_1_839' title='bbox 2741 5400 2796 5447; x_wconf 86' lang='grc' dir='ltr'><strong>ιι,</strong></span> <span class='ocrx_word' id='word_1_840' title='bbox 2823 5386 2874 5438; x_wconf 88' lang='grc'><strong>7.</strong></span> <span class='ocrx_word' id='word_1_841' title='bbox 2951 5385 2995 5415; x_wconf 81' lang='grc'>⁸⁷</span> <span class='ocrx_word' id='word_1_842' title='bbox 3033 5384 3191 5440; x_wconf 80' lang='lat' dir='ltr'><strong>Rom.</strong></span> <span class='ocrx_word' id='word_1_843' title='bbox 3216 5400 3330 5447; x_wconf 80' lang='lat' dir='ltr'><strong>vm,</strong></span> <span class='ocrx_word' id='word_1_844' title='bbox 3362 5386 3447 5439; x_wconf 82' lang='grc'><strong>11.</strong></span> 
     </span>
    </p>
   </div>
   <div class='ocr_carea' id='block_1_105' title="bbox 631 5447 1614 5515">
    <p class='ocr_par' dir='ltr' id='par_1_105' title="bbox 631 5447 1614 5515">
     <span class='ocr_line' id='line_1_105' title="bbox 631 5447 1614 5515; baseline 0.004 -16"><span class='ocrx_word' id='word_1_845' title='bbox 631 5448 675 5478; x_wconf 74' lang='grc' dir='ltr'>θ’</span> <span class='ocrx_word' id='word_1_846' title='bbox 717 5447 887 5501; x_wconf 75' lang='lat' dir='ltr'><strong>Hebr.</strong></span> <span class='ocrx_word' id='word_1_847' title='bbox 921 5462 1012 5513; x_wconf 73' lang='grc' dir='ltr'>χιι,</span> <span class='ocrx_word' id='word_1_848' title='bbox 1041 5450 1094 5501; x_wconf 71' lang='lat'><strong>2.</strong></span> <span class='ocrx_word' id='word_1_849' title='bbox 1169 5451 1214 5480; x_wconf 77' lang='grc'><strong>⁷⁸</strong></span> <span class='ocrx_word' id='word_1_850' title='bbox 1239 5449 1415 5505; x_wconf 87' lang='lat' dir='ltr'><strong>Galat.</strong></span> <span class='ocrx_word' id='word_1_851' title='bbox 1457 5467 1526 5515; x_wconf 82' lang='lat' dir='ltr'><strong>Iv,</strong></span> <span class='ocrx_word' id='word_1_852' title='bbox 1562 5452 1614 5504; x_wconf 73' lang='grc'><strong>4.</strong></span> 
     </span>
    </p>
   </div>
   <div class='ocr_carea' id='block_1_106' title="bbox 2312 5135 3895 5210">
    <p class='ocr_par' dir='ltr' id='par_1_106' title="bbox 2312 5135 3895 5210">
     <span class='ocr_line' id='line_1_106' title="bbox 2312 5135 3895 5210; baseline 0.003 -23"><span class='ocrx_word' id='word_1_853' title='bbox 2312 5135 2458 5206; x_wconf 86' lang='grc' dir='ltr'><strong>ράσῃ</strong></span> <span class='ocrx_word' id='word_1_854' title='bbox 2500 5135 2577 5206; x_wconf 83' lang='grc' dir='ltr'>τῷ</span> <span class='ocrx_word' id='word_1_855' title='bbox 2623 5137 2735 5208; x_wconf 84' lang='grc' dir='ltr'>ἰδίῳ</span> <span class='ocrx_word' id='word_1_856' title='bbox 2783 5139 2978 5208; x_wconf 82' lang='grc' dir='ltr'>αἵματι</span> <span class='ocrx_word' id='word_1_857' title='bbox 3034 5136 3133 5208; x_wconf 83' lang='grc' dir='ltr'><strong>τὴν</strong></span> <span class='ocrx_word' id='word_1_858' title='bbox 3161 5139 3250 5192; x_wconf 88' lang='grc' dir='ltr'>ὑπ’</span> <span class='ocrx_word' id='word_1_859' title='bbox 3299 5138 3548 5210; x_wconf 77' lang='grc' dir='ltr'>οὐρανὸν,</span> <span class='ocrx_word' id='word_1_860' title='bbox 3584 5139 3678 5190; x_wconf 76' lang='grc' dir='ltr'>καὶ</span> <span class='ocrx_word' id='word_1_861' title='bbox 3730 5155 3895 5192; x_wconf 85' lang='grc' dir='ltr'>κατα-</span> 
     </span>
    </p>
   </div>
   <div class='ocr_carea' id='block_1_107' title="bbox 2313 5228 3887 5302">
    <p class='ocr_par' dir='ltr' id='par_1_107' title="bbox 2313 5228 3887 5302">
     <span class='ocr_line' id='line_1_107' title="bbox 2313 5228 3887 5302; baseline 0.004 -23"><span class='ocrx_word' id='word_1_862' title='bbox 2313 5229 2581 5298; x_wconf 80' lang='grc' dir='ltr'>κτήσηται</span> <span class='ocrx_word' id='word_1_863' title='bbox 2612 5228 2689 5299; x_wconf 77' lang='grc' dir='ltr'>τῷ</span> <span class='ocrx_word' id='word_1_864' title='bbox 2709 5229 2827 5300; x_wconf 86' lang='grc' dir='ltr'>Θεῷ</span> <span class='ocrx_word' id='word_1_865' title='bbox 2851 5231 2946 5284; x_wconf 72' lang='grc' dir='ltr'><strong>καὶ</strong></span> <span class='ocrx_word' id='word_1_866' title='bbox 2967 5231 3142 5301; x_wconf 70' lang='lat' dir='ltr'><strong>[Iath</strong></span> <span class='ocrx_word' id='word_1_867' title='bbox 3162 5232 3285 5294; x_wconf 81' lang='grc' dir='ltr'>τοὺς</span> <span class='ocrx_word' id='word_1_868' title='bbox 3312 5231 3416 5284; x_wconf 84' lang='grc' dir='ltr'><strong>ἀνὰ</strong></span> <span class='ocrx_word' id='word_1_869' title='bbox 3439 5232 3618 5284; x_wconf 81' lang='grc' dir='ltr'>πᾶσαν</span> <span class='ocrx_word' id='word_1_870' title='bbox 3647 5230 3744 5301; x_wconf 82' lang='grc' dir='ltr'>τὴν</span> <span class='ocrx_word' id='word_1_871' title='bbox 3765 5231 3887 5302; x_wconf 75' lang='grc' dir='ltr'>γῆν.</span> 
     </span>
    </p>
   </div>
   <div class='ocr_carea' id='block_1_108' title="bbox 3562 5385 3892 5442">
    <p class='ocr_par' dir='ltr' id='par_1_108' title="bbox 3562 5385 3892 5442">
     <span class='ocr_line' id='line_1_108' title="bbox 3562 5385 3892 5442; baseline -0.009 1"><span class='ocrx_word' id='word_1_872' title='bbox 3562 5385 3608 5417; x_wconf 81' lang='grc'><strong>⁸⁸</strong></span> <span class='ocrx_word' id='word_1_873' title='bbox 3632 5386 3771 5442; x_wconf 87' lang='lat' dir='ltr'><strong>Ibid.</strong></span> <span class='ocrx_word' id='word_1_874' title='bbox 3808 5387 3892 5442; x_wconf 80' lang='grc'><strong>15.</strong></span> 
     </span>
    </p>
   </div>
   <div class='ocr_carea' id='block_1_109' title="bbox 1716 5589 2829 5662">
    <p class='ocr_par' dir='ltr' id='par_1_109' title="bbox 1716 5589 2829 5662">
     <span class='ocr_line' id='line_1_109' title="bbox 1716 5589 2829 5662; baseline 0.002 -20"><span class='ocrx_word' id='word_1_875' title='bbox 1716 5589 1894 5644; x_wconf 68' lang='lat' dir='ltr'><strong>Variae</strong></span> <span class='ocrx_word' id='word_1_876' title='bbox 1924 5590 2191 5645; x_wconf 90' lang='lat' dir='ltr'><strong>lectiones</strong></span> <span class='ocrx_word' id='word_1_877' title='bbox 2226 5590 2433 5646; x_wconf 86' lang='lat' dir='ltr'><strong>codicis</strong></span> <span class='ocrx_word' id='word_1_878' title='bbox 2465 5591 2829 5662; x_wconf 88' lang='lat' dir='ltr'><strong>Seguieriani.</strong></span> 
     </span>
    </p>
   </div>
   <div class='ocr_carea' id='block_1_110' title="bbox 700 5725 2202 5814">
    <p class='ocr_par' dir='ltr' id='par_1_110' title="bbox 700 5725 2202 5814">
     <span class='ocr_line' id='line_1_110' title="bbox 700 5725 2202 5814; baseline 0.004 -35"><span class='ocrx_word' id='word_1_879' title='bbox 700 5733 742 5814; x_wconf 53' lang='lat' dir='ltr'><strong>ff</strong></span> <span class='ocrx_word' id='word_1_880' title='bbox 767 5725 972 5814; x_wconf 51' lang='grc' dir='ltr'>δουλομ.</span> <span class='ocrx_word' id='word_1_881' title='bbox 992 5797 1004 5814; x_wconf 51' lang='lat'><strong><em>&#39;</em></strong></span> <span class='ocrx_word' id='word_1_882' title='bbox 1047 5736 1072 5763; x_wconf 74' lang='grc' dir='ltr'><strong>ι’</strong></span> <span class='ocrx_word' id='word_1_883' title='bbox 1099 5727 1444 5814; x_wconf 53' lang='grc' dir='ltr'>ξποσοϐησει.</span> <span class='ocrx_word' id='word_1_884' title='bbox 1477 5728 1664 5814; x_wconf 59' lang='grc' dir='ltr'><strong>ῐξόθεν.</strong></span> <span class='ocrx_word' id='word_1_885' title='bbox 1738 5737 1764 5767; x_wconf 77' lang='grc' dir='ltr'><strong>ο</strong></span> <span class='ocrx_word' id='word_1_886' title='bbox 1787 5730 1935 5785; x_wconf 74' lang='grc' dir='ltr'>Υὶόν.</span> <span class='ocrx_word' id='word_1_887' title='bbox 1973 5731 2116 5784; x_wconf 72' lang='grc' dir='ltr'>Ναόν</span> <span class='ocrx_word' id='word_1_888' title='bbox 2155 5732 2202 5785; x_wconf 91' lang='lat' dir='ltr'><strong>h:</strong></span> 
     </span>
    </p>
   </div>
   <div class='ocr_carea' id='block_1_111' title="bbox 2307 5725 3892 5814">
    <p class='ocr_par' dir='ltr' id='par_1_111' title="bbox 2307 5736 3892 5814">
     <span class='ocr_line' id='line_1_111' title="bbox 2307 5736 3892 5814; baseline 0.008 -29"><span class='ocrx_word' id='word_1_889' title='bbox 2307 5743 2386 5787; x_wconf 80' lang='lat' dir='ltr'><strong>lur</strong></span> <span class='ocrx_word' id='word_1_890' title='bbox 2415 5750 2632 5804; x_wconf 87' lang='lat' dir='ltr'><strong>quoque</strong></span> <span class='ocrx_word' id='word_1_891' title='bbox 2663 5736 2714 5790; x_wconf 87' lang='lat' dir='ltr'><strong>in</strong></span> <span class='ocrx_word' id='word_1_892' title='bbox 2756 5752 2854 5792; x_wconf 90' lang='lat' dir='ltr'><strong>ms.</strong></span> <span class='ocrx_word' id='word_1_893' title='bbox 2913 5737 3289 5808; x_wconf 74' lang='lat' dir='ltr'><strong>Seguieriano.</strong></span> <span class='ocrx_word' id='word_1_894' title='bbox 3361 5752 3386 5791; x_wconf 82' lang='lat' dir='ltr'><strong>P</strong></span> <span class='ocrx_word' id='word_1_895' title='bbox 3409 5743 3548 5796; x_wconf 67' lang='grc' dir='ltr'>οὓτω</span> <span class='ocrx_word' id='word_1_896' title='bbox 3579 5742 3697 5814; x_wconf 72' lang='grc' dir='ltr'><strong>γάρ.</strong></span> <span class='ocrx_word' id='word_1_897' title='bbox 3783 5753 3811 5793; x_wconf 66' lang='grc' dir='ltr'><strong>«ι</strong></span> <span class='ocrx_word' id='word_1_898' title='bbox 3835 5745 3892 5798; x_wconf 72' lang='grc' dir='ltr'><strong>οὗ</strong></span> 
     </span>
    </p>
   </div>
   <div class='ocr_carea' id='block_1_112' title="bbox 634 5796 1566 5873">
    <p class='ocr_par' dir='ltr' id='par_1_112' title="bbox 634 5796 1566 5873">
     <span class='ocr_line' id='line_1_112' title="bbox 634 5796 1566 5873; baseline 0.001 -24"><span class='ocrx_word' id='word_1_899' title='bbox 634 5796 1217 5871; x_wconf 65' lang='grc' dir='ltr'>συγκαταφθεερεσθαι.</span> <span class='ocrx_word' id='word_1_900' title='bbox 1299 5796 1566 5873; x_wconf 58' lang='grc' dir='ltr'><strong>ίσςιρκός.</strong></span> 
     </span>
    </p>
   </div>
  </div>
