4116 6318
214 379 283 435 :7
1687 373 2020 431 EPISTOM
2065 374 2106 427 ι.
3442 367 3506 427 .3;

218 500 323 552 Καὶ
357 497 514 550 τοῦτο
542 497 621 561 ὡς
661 497 863 569 ἀληθὲς
887 498 918 551 ὁ
946 496 1219 568 μακάριος
1257 498 1544 569 προφήτης
1586 495 1792 549 Ἡσαΐω

1920 493 2120 549 tinens.
2176 493 2360 564 Ipsum
2405 507 2643 563 namque
2676 502 2734 548 et
2755 492 2866 546 vita
2887 500 2991 555 est,
3020 500 3076 545 et
3102 500 3297 549 caetera
3323 504 3506 547 omnia

213 589 567 659 ὅιακηρύττει
600 588 783 659 λέγων
816 590 874 643 ἑν
911 588 1214 657 Πνεύματι’
1262 608 1282 641 ι
1322 589 1422 643 Διά
1450 587 1612 642 τοῦτο
1655 587 1792 641 αὐτὸ

1918 586 2207 641 vivificans
2252 594 2356 640 est.
2383 584 2778 639 Verumtamen
2813 598 2936 653 quae
2977 582 3163 638 carnis
3191 591 3319 638 sunt
3340 581 3493 638 velut

214 680 618 751 κληρονομήσει
638 680 889 744 πολλοὺς,
912 679 1136 734 καὶτῶν
1158 679 1395 751 ἰσχυρῶν
1420 682 1599 751 μεριεϊ
1621 678 1792 732 σκῦλα

1915 679 2139 749 propria
2164 679 2221 732 in
2255 694 2313 734 se
2340 676 2697 742 transferens,
2730 684 2787 731 et
2809 684 3042 731 mortem
3070 689 3417 745 perpessum,
3445 688 3499 731 at

212 770 327 825 ἀνθ’
359 763 438 825 ὧν
464 771 741 843 παρεδόθη
767 773 848 835 εἰς
874 770 1105 825 θάνατον
1138 773 1172 843 ἡ
1213 770 1360 842 ψυχὴ
1385 769 1575 833 αὐτοϋ,
1624 770 1721 823 καὶ
1758 770 1792 821 ἐι

1915 777 2214 842 resurgens
2280 770 2429 841 quod
2482 778 2604 825 erat
2643 786 2743 841 pro
2777 769 3035 824 omnibus
3055 762 3487 838 mortuum,pro

209 864 322 924 τοῖς
354 862 580 933 ἀνόμοις
614 862 906 932 ἐλογίσθη,
942 862 1038 915 καὶ
1078 862 1241 926 αὐτὸς
1286 861 1565 932 ἁμαρτίας
1600 859 1792 913 πολλῶι

1912 864 2038 935 prio
2060 864 2327 933 sanguine
2351 864 2653 918 humanum
2677 878 2850 934 genus
2870 862 3139 932 expiasse,
3161 870 3219 917 et
3238 870 3486 932 quotque

208 952 507 1021 ἀνήνεγκε,
542 954 639 1007 καὶ
662 954 750 1006 διὰ
776 952 878 1017 τὰς
907 953 1136 1025 ἀνομίας
1161 953 1346 1008 αὐτῶν
1373 953 1675 1026 παρεδόθη.
1717 973 1735 1005 ι

1910 970 2010 1025 per
2041 962 2316 1009 terrarum
2359 955 2553 1011 orbem
2599 954 2829 1027 degunt,
2879 956 2993 1011 Deo
3016 963 3074 1011 et
3095 954 3243 1010 Patri
3264 953 3488 1024 acquisi-

207 1046 354 1102 visse
380 1046 612 1103 dicitur.
648 1047 807 1103 Unde
846 1062 1003 1103 sacer
1031 1055 1185 1102 vates
1212 1048 1401 1114 Isaias,
1432 1048 1627 1103 divino
1652 1047 1867 1118 Spiritu
1895 1049 2002 1121 18
2028 1048 2266 1113 amatus,
2308 1050 2423 1105 haec
2446 1050 2515 1105 de
2543 1050 2639 1105 illo
2665 1050 2986 1120 pronuntiat
3019 1067 3032 1103 :
3072 1069 3090 1100 ι
3126 1049 3254 1105 Ideo
3289 1050 3477 1120 disper

208 1139 342 1193 tiam
364 1139 422 1194 ei
450 1139 744 1210 plurimos,
778 1146 835 1194 et
885 1137 1113 1195 fortium
1157 1139 1369 1195 dividet
1414 1138 1609 1211 spolia,
1632 1155 1734 1212 pro
1756 1156 1823 1196 eo
1860 1142 2009 1211 quod
2030 1141 2334 1196 tradiditin
2357 1150 2592 1198 mortem
2624 1142 2863 1196 animam
2920 1157 3101 1205 suam,
3139 1150 3344 1197 etcum
3384 1156 3495 1196 sce-

206 1233 400 1290 leratis
458 1233 757 1303 deputatus
812 1242 921 1300 est,
989 1242 1048 1290 et
1070 1236 1188 1305 ipse
1245 1244 1472 1305 peccata
1508 1235 1811 1291 multorum
1850 1236 1977 1291 tulit
2005 1237 2073 1290 ’¹.
2119 1256 2137 1287 ι

277 1322 378 1391 Εἷς
405 1323 502 1380 οὖν
530 1328 561 1379 ὁ
599 1326 819 1381 πάντων
853 1326 1150 1400 ἀξιώτερος
1190 1328 1292 1399 τὴν
1321 1328 1459 1381 ἰδίαν
1491 1328 1635 1401 ὑπὲρ
1673 1328 1783 1382 πάν

1978 1329 2131 1386 Unus
2174 1344 2305 1401 ergo
2363 1344 2558 1384 omnes
2594 1329 2861 1400 dignitate
2905 1338 3171 1400 praestans
3196 1345 3295 1399 pro
3324 1328 3491 1383 omni-

206 1432 317 1471 των
346 1417 571 1471 τέθεικε
596 1417 798 1489 ψυχὴν,
833 1421 928 1472 καὶ
972 1418 1272 1489 συνεχώρει
1305 1418 1405 1490 μὲν
1445 1420 1792 1491 οἰκονομικῶς

1910 1421 2017 1477 bus
2093 1422 2331 1477 animam
2388 1438 2540 1477 suam
2576 1422 2781 1492 posuit,
2810 1431 2868 1478 et
2900 1422 3240 1477 oeconomica
3264 1420 3502 1491 quadam

212 1509 655 1575 καταϐιάζεσθαι
682 1510 856 1582 βραχὺ
884 1510 964 1582 τῷ
995 1510 1211 1581 θανάτῳ
1233 1511 1333 1582 τὴν
1365 1511 1564 1583 σάρκα.
1596 1513 1792 1585 Κατήρ

1913 1500 2125 1567 ratione
2150 1528 2369 1568 carnem
2407 1529 2506 1583 per
2550 1520 2783 1567 mortem
2832 1514 3083 1568 nonnihil
3121 1513 3400 1567 humiliari
3425 1512 3484 1567 si-

208 1620 350 1673 τηκε
380 1613 403 1641 ⁸
434 1604 491 1656 δὲ
520 1603 685 1658 πάλιν
715 1604 879 1657 αὐτὸν
901 1603 977 1667 ὡς
1003 1603 1139 1676 ζωὴ,
1168 1604 1362 1658 παθεῖν
1386 1605 1489 1658 οὐκ
1508 1605 1792 1677 ἀνεχομένη

1914 1601 2101 1658 nebat.
2156 1602 2359 1658 Verum
2406 1602 2712 1658 secundum
2776 1604 3054 1674 propriam
3104 1604 3383 1669 naturam,
3439 1605 3497 1660 in

206 1694 268 1746 τὸ
294 1694 451 1765 παρά
482 1693 647 1762 φύσιν
678 1694 836 1747 ἰδίανο
860 1694 947 1747 ἵνα
978 1695 1076 1749 καὶ
1104 1697 1161 1749 ὲν
1186 1698 1300 1758 τοῖς
1322 1696 1579 1749 ἀπάντων
1612 1696 1792 1768 ἀτονή·

1918 1706 2082 1761 quam
2114 1693 2306 1747 nullus
2333 1692 2511 1758 dolor,
2560 1693 2711 1747 nulla
2735 1694 2883 1749 cadit
2922 1695 3226 1765 perpessio,
3251 1694 3500 1750 eamdem

209 1800 276 1855 σῃ
322 1786 576 1855 σώμασιν
615 1788 647 1856 ἡ
695 1785 894 1857 φθορὰ,
960 1787 1056 1840 καὶ
1105 1786 1165 1839 τὸ
1210 1786 1439 1841 θανάτου
1482 1787 1792 1858 παραλύοιτι

1916 1795 2152 1840 mortem
2195 1785 2439 1839 vicissim
2490 1770 2784 1849 destruxit,
2834 1800 2946 1855 quo
2988 1786 3092 1840 hac
3109 1786 3370 1840 nimirum
3407 1802 3499 1840 ra-

207 1879 429 1947 κράτος.
470 1878 679 1950 Ὠσπερ
706 1882 813 1950 γὰρ
842 1878 1006 1949 ὲντῷ
1041 1878 1214 1950 Ἀδὰμ
1234 1880 1437 1943 πάντες
1461 1879 1792 1951 ἀποθνήσκο-

1916 1875 2062 1929 tione
2085 1875 2367 1945 corruptio
2388 1874 2444 1928 in
2473 1875 2721 1929 omnium
2753 1876 3081 1945 corporibus
3114 1885 3497 1939 enervaretur,

209 1989 330 2040 μιν,
361 1970 510 2024 οὕτω
541 1972 637 2026 καὶ
676 1972 734 2023 ὲν
766 1970 845 2043 τῷ
889 1970 1113 2043 Χριστῷ
1147 1971 1349 2035 πάντες
1392 1970 1792 2042 ζωοποιηθησό-

1911 1969 2217 2038 mortisqne
2259 1968 2552 2037 imperium
2609 1968 3026 2023 dissolveretur.
3088 1969 3302 2024 Etenim
3356 1971 3498 2025 utin

208 2064 352 2135 μεθα
387 2068 433 2119 ⁸.
455 2066 519 2118 Εἰ
546 2065 656 2137 γὰρ
687 2065 763 2136 μὴ
789 2064 1058 2119 πέπονθεν
1080 2065 1437 2137 ἀνθρωπίνως
1462 2064 1603 2135 ὑπὲρ
1626 2064 1792 2135 ἡμῶν,

1908 2062 2081 2116 Adam
2124 2076 2318 2117 omnes
2362 2062 2649 2124 morimur,
2707 2062 2787 2117 sic
2823 2078 2855 2117 e
2897 2064 3175 2117 contrario
3201 2063 3254 2117 in
3277 2064 3499 2119 Christo

205 2156 329 2209 οὐδὲ
358 2158 633 2228 ἐνήργησε
664 2156 862 2220 θεῖκῶς
904 2156 972 2210 τὰ
1003 2158 1082 2221 εἰς
1126 2156 1401 2227 σωτηρίαν
1433 2156 1613 2228 ημῶν.
1644 2157 1807 2224 Λέγε-

204 2266 291 2302 ται
318 2248 434 2322 γὰρ
462 2249 727 2320 πρότερον
756 2248 1046 2303 ἀποθανεῖν
1080 2249 1199 2318 μὲν,
1224 2250 1299 2312 ὼς
1329 2247 1638 2319 ἄνθρωπος,
1670 2249 1805 2300 ἁνα-

204 2341 401 2395 6ιῶναι
422 2342 482 2396 δὲ
519 2341 661 2411 μετά
695 2341 873 2404 τοῦτο,
898 2342 987 2395 διὰ
1020 2324 1082 2395 τὸ
1114 2338 1253 2396 εἶναι
1289 2340 1431 2396 κατά
1458 2341 1621 2409 φύσιν
1650 2340 1801 2405 Θεός.

208 2433 267 2486 ει
302 2434 486 2486 τοίνυν
518 2434 579 2486 οὐ
613 2434 850 2487 πέπονθε
900 2433 975 2505 τῷ
1017 2434 1272 2488 τεθνάναι
1305 2434 1489 2505 σαρκὶ,
1537 2433 1679 2487 κατὰ
1707 2433 1807 2498 τὰς

206 2525 455 2596 Γραῳάς,
484 2525 606 2578 οὐδὲ
646 2524 989 2597 ὲζωοποιήθη
1029 2527 1323 2596 πνεύματι,
1356 2525 1656 2587 τουτέστιν,
1700 2524 1801 2577 οὐκ

204 2616 427 2670 ἀνεϐίω.
472 2618 581 2669 Καὶ
610 2618 657 2669 εί
684 2616 843 2669 τοῦτό
873 2619 1023 2670 ἐστιν
1056 2617 1277 2689 ἀληθὲς,
1322 2615 1527 2687 ματαία
1552 2618 1585 2685 ἡ
1618 2616 1801 2678 πίστις

207 2708 385 2776 ἡμῶν·
417 2707 499 2761 ἔτι
532 2708 697 2778 ἐσμὲν
738 2710 797 2761 ὲν
826 2712 943 2772 ταῖς
978 2710 1277 2781 ἁμαρτίαις
1314 2708 1490 2779 ἡμῶν.
1528 2706 1800 2760 Βεὸαπτί-

210 2799 386 2868 σμεθα
414 2801 527 2871 γάρ
560 2802 640 2863 εὶς
667 2799 757 2853 τὸν
791 2800 1022 2854 θάνατον
1050 2799 1238 2865 αὑτοῦ,
1271 2801 1423 2853 κατὰ
1442 2798 1542 2863 τάς
1570 2796 1663 2851 τοῦ
1699 2815 1801 2867 μα-

206 2891 401 2961 καρίου
436 2890 647 2944 Παύλου
679 2892 883 2961 φωνὰς,
910 2892 1007 2945 καὶ⁵
1026 2890 1123 2962 τὴν
1156 2890 1350 2961 ἄφεσιν
1381 2890 1489 2944 τῶν
1513 2889 1800 2961 ἁμαρτιῶν

210 2984 530 3053 ἐσχήκαμεν
566 2982 655 3036 διά
676 2982 771 3035 τοῦ
802 2983 1037 3054 αἵματος
1068 2981 1259 3037 αὐτοῦ.

1903 2166 2098 2207 omnes
2142 2151 2489 2207 viviucamur
2514 2153 2582 2205 τ’.
2610 2152 2797 2222 Neque
2826 2153 2973 2207 enim
3006 2168 3069 2207 ea
3107 2170 3229 2223 qum
3251 2154 3317 2209 ad
3354 2155 3498 2210 salu-

1905 2252 2016 2299 tem
2065 2254 2312 2301 nostram
2338 2244 2547 2300 faciunt
2591 2246 2901 2321 secundum
2945 2255 3197 2300 naturam
3251 2247 3495 2301 divinam

1903 2334 2252 2404 perfecisset,
2301 2335 2347 2390 si
2419 2336 2725 2390 secundum
2752 2343 3005 2390 naturam
3028 2336 3324 2391 humanam
3346 2352 3495 2393 mor-

1903 2434 2014 2480 tem
2064 2424 2239 2480 nostri
2292 2440 2456 2481 causa
2503 2442 2613 2480 non
2642 2426 3017 2481 sustinuisset.
3043 2426 3304 2483 Traditur
3334 2443 3494 2484 nam-

1904 2530 2011 2585 que
2033 2524 2263 2570 mortem
2284 2515 2710 2592 primoquidem
2738 2516 3034 2586 oppetiisse
3053 2526 3112 2571 ut
3135 2518 3301 2573 homo
3325 2535 3341 2585 ;
3367 2534 3494 2575 mox

1904 2624 2036 2663 vero
2070 2623 2171 2679 per
2220 2607 2275 2662 id
2319 2608 2463 2677 quod
2502 2622 2601 2662 sua
2646 2616 2842 2662 natura
2912 2618 2995 2664 est
3026 2608 3191 2675 Deus,
3242 2610 3296 2665 in
3322 2612 3492 2667 vitam

1899 2700 2082 2755 denuo
2121 2698 2369 2754 rediisse.
2408 2697 2464 2753 Si
2496 2700 2664 2771 igitur
2686 2708 2946 2765 mortem,
2996 2702 3302 2757 secundum
3336 2702 3488 2758 Scri—

1895 2800 2103 2863 pturas,
2124 2803 2353 2861 corpore
2374 2807 2483 2846 non
2506 2792 2748 2862 pertulit,
2769 2808 2948 2863 neque
2970 2794 3165 2865 spiritu
3183 2794 3489 2853 viviﬁcatus

1902 2884 2105 2940 revixit
2159 2899 2402 2954 quoque.
2433 2883 2588 2950 Quod
2640 2884 2685 2939 si
2710 2899 2842 2939 vero
2872 2884 2927 2939 in
2956 2886 3124 2940 vitam
3159 2902 3269 2942 non
3298 2903 3487 2944 resur-

1899 2976 2063 3041 rexit,
2113 2974 2253 3031 ildes
2307 2984 2495 3030 nostra
2547 2991 2687 3029 vana
2711 2983 2815 3041 est,
2839 2984 2894 3030 et
2918 2976 2973 3031 in
3018 2982 3259 3047 peccatis
3285 2979 3485 3034 etiam-

209 3094 342 3134 num
366 3079 571 3150 sepulti
590 3079 908 3150 iacemus".
930 3079 1067 3134 Nam
1083 3080 1237 3150 juxta
1261 3078 1406 3133 beati
1437 3077 1592 3132 Pauli
1631 3074 1960 3137 doctrinam,
2000 3072 2056 3126 in
2106 3079 2340 3126 mortem
2382 3070 2530 3126 illius
2554 3070 2813 3141 baptizati
2854 3086 3066 3139 sumus,
3108 3082 3490 3144 peccatorum-

207 3189 316 3245 que
385 3174 771 3229 remissionem
818 3189 921 3245 per
976 3174 1300 3246 sanguinem
1352 3173 1502 3227 illius
1558 3171 1901 3226 obtinuimus
1939 3167 2036 3219 ".i

291 3266 435 3319 Ἀλλ’
483 3267 646 3336 ειπερ
686 3266 836 3319 ἐστὶν
878 3270 907 3320 ὁ
939 3268 1176 3339 Χριστὸς
1214 3266 1338 3320 οὔτε
1380 3266 1508 3329 Υίδς
1550 3264 1792 3335 meam

1965 3261 2137 3316 Porro
2174 3268 2357 3315 autem
2404 3260 2448 3315 si
2485 3277 2663 3331 neque
2703 3277 2869 3316 verus
2900 3260 2997 3316 Dei
3022 3262 3192 3317 Filius
3220 3270 3305 3317 est
3323 3261 3490 3317 Chri-

203 3358 327 3411 Jbtz
357 3356 467 3428 μὴν
494 3355 654 3426 φύσει
683 3356 838 3421 Θεὸς,
880 3357 1167 3428 ἄνθρωπος
1198 3359 1256 3412 δὲ
1283 3357 1440 3428 ψιλὸς
1482 3357 1603 3411 καθ’
1628 3358 1795 3429 ἡμᾶς.

203 3450 300 3503 καὶ
340 3449 597 3519 θεότητος
635 3447 889 3518 ὄργανον,
939 3447 1263 3519 σεσὼσμεθα
1298 3449 1397 3518 μὲν
1443 3449 1540 3501 οὐκ
1579 3451 1636 3500 ὲν
1680 3447 1799 3519 Θεῷ

203 3539 391 3604 ποθεν,
421 3538 542 3601 ἑνὸς
566 3538 624 3591 δὲ
649 3539 850 3606 μᾶλλον
875 3537 983 3591 τῶν
1012 3539 1134 3592 καθ’
1164 3540 1312 3609 ἡμᾶς
1343 3539 1635 3603 τεθνεῶτος
1659 3539 1799 3611 ὑπὲρ

202 3630 384 3703 ἡμῶν,
422 3631 520 3682 καὶ
557 3630 853 3699 δυνάμεσιν
891 3630 1203 3699 ἀλλοτρίαις
1238 3632 1638 3702 ἐγηγερμένον.
1674 3630 1799 3694 Πῶς

201 3720 294 3778 οὖν
319 3724 403 3777 ἔτι
455 3722 777 3795 κατηργήθη
803 3727 833 3777 ὁ
861 3724 1092 3787 θάνατος
1135 3723 1223 3777 διὰ
1288 3723 1561 3796 Χριστοῦξ
1605 3723 1796 3776 Καίτοι

201 3813 456 3881 λέγοντος
478 3813 661 3866 ἀκούω
682 3812 869 3883 σαφῶς
896 3814 1025 3884 περὶ
1050 3813 1150 3883 τῆς
1174 3814 1311 3878 ἰδίας
1330 3815 1527 3886 ψυχῆς·
1560 3835 1576 3865 ι
1609 3815 1797 3878 Οὐδεὶς

202 3906 347 3975 αἴρει
400 3906 575 3976 αὐτὴν
613 3906 706 3957 ἀπ’
741 3904 898 3976 ἐμοῦ,
942 3905 1054 3959 ἀλλ’
1097 3905 1209 3973 ἐγὼ
1260 3907 1450 3975 τίθημι
1484 3906 1655 3977 αὐτὴν
1699 3908 1794 3960 ἀπ’

200 3996 469 4067 ἐμαυτοῦ.
516 3996 795 4060 Ἐξουσίαν
834 3997 941 4069 γὰρ
970 3996 1080 4067 ἔχω
1103 3996 1276 4051 θεῖναι
1310 3998 1499 4066 αὐτὴν.
1527 3999 1621 4050 καὶ
1648 3995 1794 4061 ἐξου-

202 4091 323 4143 σίαν
371 4090 485 4158 ἔχω
520 4089 681 4141 πάλιν
729 4089 913 4142 λαϐεῖν
951 4089 1142 4160 αὑτήν.
1194 4109 1210 4139 ι
1254 4089 1474 4158 Κατέὅη
1512 4090 1620 4159 γάρ
1674 4088 1792 4159 μεθ’

199 4180 358 4253 ημῶν
391 4182 474 4244 εἰς
506 4179 734 4234 θάνατον
754 4180 842 4233 διὰ
870 4181 968 4250 τῆς
995 4181 1131 4244 [δίας
1160 4181 1358 4252 σαρκὸς
1386 4183 1414 4233 ὁ
1440 4181 1670 4233 θάνατον
1692 4182 1793 4234 οὐκ

198 4274 377 4336 εἰδὼς,
441 4274 529 4325 ἵνα
574 4274 667 4325 καὶ
712 4274 872 4342 ἡμεῖς
911 4272 1202 4345 ἀναδῶμεν
1244 4285 1271 4312 ιι
1324 4274 1421 4326 σὺν
1462 4273 1609 4343 αὐτῷ
1657 4273 1791 4344 πρὸς

200 4361 365 4434 ζωήν.
428 4363 655 4416 Ἀνεϐίω
689 4363 798 4433 γάρ
830 4364 1135 4427 σκυλεύσας
1164 4365 1253 4418 τὸν
1282 4365 1434 4436 ᾅδην,
1465 4368 1564 4435 οὐχ
1596 4366 1670 4428 ὡς
1700 4366 1790 4419 ἄν·

197 4457 420 4529 θρωπος
448 4456 568 4508 καθ’
589 4458 759 4527 ἡμᾶς,
790 4456 902 4510 ἀλλ’
929 4456 1005 4519 ὡς
1032 4456 1165 4520 θεὸς
1186 4458 1242 4509 ἐν
1271 4458 1433 4527 σαρκὶ
1466 4457 1583 4526 μεθ’
1610 4456 1786 4525 ἡμῶν,

201 4547 290 4599 καὶ
331 4546 473 4616 ὑπὲρ
506 4547 656 4614 ἡμᾶς
705 4554 753 4598 τ.
800 4544 1179 4597 Κατεπλούτει
1217 4545 1272 4597 δὲ
1323 4548 1355 4615 ἡ
1396 4545 1556 4614 φύσις
1605 4545 1680 4607 ὡς
1729 4548 1787 4598 ὲν

1903 3364 2040 3418 stus,
2087 3369 2267 3423 neque
2312 3362 2507 3408 natura
2536 3353 2703 3418 Deus,
2751 3354 2847 3408 sed
2876 3370 3032 3424 aeque
3079 3370 3143 3409 ac
3181 3370 3304 3418 nos,
3349 3356 3485 3411 nihil

1902 3445 2049 3500 aliud
2078 3461 2241 3514 quam
2286 3445 2453 3499 homo
2497 3455 2593 3500 aut
2656 3445 2961 3501 divinitatis
3022 3449 3484 3515 instrumentum;

1900 3554 2246 3609 nequaquam
2305 3554 2403 3609 per
2445 3539 2617 3593 Deum
2669 3540 3225 3595 salutem-consecuti
3267 3558 3481 3607 sumus,

1900 3631 1996 3686 sed
2038 3646 2137 3701 per
2169 3646 2295 3686 eum
2326 3631 2421 3701 qui
2465 3633 2641 3685 nostri
2685 3632 2882 3687 similis
2914 3634 3093 3688 nostri
3138 3650 3302 3690 causa
3332 3652 3484 3690 mor-

1899 3730 2049 3787 tuus,
2093 3724 2428 3793 alteriusque
2478 3724 2684 3778 virtute
2722 3732 2778 3779 et
2829 3734 3102 3795 potestate
3123 3728 3487 3784 resuscitatus

1898 3825 2002 3885 est.
2048 3815 2334 3881 Quomodo
2402 3830 2535 3883 ergo
2588 3830 2736 3870 mors
2784 3831 2885 3886 per
2940 3815 3221 3871 Christum
3267 3817 3483 3872 devicta

1898 3904 2101 3959 dicitur
2120 3905 2211 3958 7'?
2242 3904 2407 3975 Atqui
2459 3904 2739 3959 Christum
2791 3906 2858 3960 de
2896 3921 2993 3961 sua
3025 3908 3207 3962 anima
3254 3908 3325 3962 ita
3352 3923 3481 3979 pro-

1898 3998 2245 4051 nuntiantem
2301 3996 2467 4051 audio
2504 4015 2515 4049 :
2567 4016 2585 4047 ε
2618 3996 2790 4051 Nemo
2824 3998 2966 4052 tollit
2991 3998 3139 4053 illam
3174 4014 3204 4053 a
3232 4015 3340 4064 me,
3384 4000 3482 4056 sed

1894 4104 1997 4160 ego
2046 4105 2188 4159 pono
2222 4104 2343 4143 eam
2389 4105 2417 4142 a
2469 4105 2554 4143 me
2592 4106 2605 4142 :
2640 4098 2965 4159 potestatem
3011 4092 3157 4145 enim
3181 4092 3358 4146 habeo
3380 4105 3482 4164 po-

1895 4181 2060 4236 nendi
2100 4196 2243 4245 eam,
2297 4189 2353 4235 et
2377 4190 2705 4251 potestatem
2762 4182 2941 4237 habeo
2974 4199 3192 4238 rursum
3226 4186 3479 4243 sumendi

1895 4274 2130 4328 eam”.i
2157 4270 2262 4338 Qui
2289 4273 2435 4327 enim
2463 4284 2698 4328 mortem
2723 4275 3022 4338 nesciebat,
3056 4276 3144 4330 ille
3177 4278 3479 4334 secundum

1894 4364 2172 4437 propriam
2233 4380 2455 4421 carnem
2509 4367 2564 4420 in
2598 4376 2828 4420 mortem
2856 4367 3477 4425 omnibuseommunem

1893 4475 1951 4514 se
1988 4458 2211 4529 ahjecit,
2250 4474 2358 4527 quo
2390 4468 2446 4513 et
2496 4474 2597 4513 nos
2619 4474 2837 4528 quoque
2878 4475 2985 4536 un‘a
3029 4476 3151 4513 eum
3180 4460 3275 4515 illo
3296 4462 3363 4515 ad
3393 4463 3477 4517 vi-

1893 4561 2001 4606 tam
2028 4567 2457 4621 resurgeremus.
2484 4552 2701 4606 Revixit
2733 4553 2879 4607 enim
2912 4553 3235 4621 despoliatis
3260 4554 3471 4619 inferis,

197 4637 343 4708 αὐτῷ
373 4636 441 4708 δὴ
476 4638 569 4689 καὶ
602 4636 801 4708 πρώτῳ
828 4637 927 4707 τὴν
969 4637 1299 4708 ἀφθαρσίαν,
1326 4640 1418 4690 καὶ
1444 4638 1732 4709 συνετρίϐη
1760 4639 1787 4690 ὁ

1896 4660 2000 4697 non
2027 4652 2086 4697 ut
2127 4652 2329 4697 nostra:
2375 4644 2707 4697 conditionis
2742 4645 2926 4707 homo,
2975 4646 3068 4698 sed
3103 4656 3162 4699 ut
3224 4648 3370 4701 Deus
3416 4649 3474 4707 in

199 4728 451 4791 θάνατος,
482 4729 562 4798 τῷ
582 4729 679 4797 τῆς
712 4729 854 4798 ζωῆς
884 4727 1097 4799 σώματι
1130 4728 1389 4799 πολεμίου
1419 4729 1576 4798 δίκην
1602 4727 1785 4784 d361-

199 4818 323 4871 ὶὼν.
361 4820 578 4889 Ὠσπερ
609 4819 720 4890 γὰρ
759 4819 1044 4890 νενίκηκεν
1079 4823 1135 4873 ὲν
1164 4820 1242 4891 τῷ
1283 4820 1472 4891 Ἀδὰμ,
1506 4821 1649 4874 οὕτω
1689 4824 1783 4874 πέ-

200 4929 417 4964 muist
444 4913 503 4963 ὲν
530 4911 608 4981 τῷ
635 4912 875 4984 Χριστῷ.
900 4914 1008 4966 Καὶ
1032 4913 1165 4983 γοῦν
1181 4913 1521 4966 ἀναϐαίνοντι
1545 4915 1612 4967 δι’
1640 4917 1785 4984 ἡμᾶς

200 5006 291 5057 καὶ
311 5004 453 5074 ὑπὲρ
475 5006 509 5074 ἡ
517 5004 632 5073 μῶν
653 5006 787 5076 προς
805 5006 894 5059 τὸν
911 5007 969 5059 ὲν
993 5006 1245 5077 οὐρανοῖς
1270 5007 1492 5069 Πατέρα
1517 5010 1611 5060 καὶ
1632 5009 1782 5071 Θεὸν,

202 5096 285 5147 ἵνα
319 5099 431 5159 τοῖς
459 5097 552 5149 ἐπὶ
583 5096 687 5166 γῆς
722 5096 950 5167 βάσιμον
983 5099 1239 5170 ἀποψήνῃ
1274 5099 1363 5151 τὸν
1393 5101 1644 5170 οὐρανὸν,
1678 5102 1775 5164 τὰς

202 5186 497 5250 ἐπινικίους
526 5186 668 5256 ᾠδὰς
701 5187 918 5259 ἀνετίθη
949 5188 1121 5256 λέγων
1146 5191 1173 5242 ὁ
1196 5188 1479 5253 θεσπέσιος
1505 5191 1777 5261 Μελῳδὸς·

208 5298 223 5327 ι
266 5277 453 5347 Ἀνέϐη
481 5280 510 5329 ὀ
543 5277 677 5341 Θεὸς
712 5281 771 5331 ὲν
796 5279 1119 5349 ἀλαλαγμῷ,
1156 5280 1357 5349 Κύριος
1380 5282 1436 5332 ἐν
1470 5285 1619 5353 φωνῇ
1653 5282 1781 5337 σάλ-

206 5384 411 5437 πιγγος.
445 5366 669 5422 Ψάλατε
712 5367 792 5439 τῷ
830 5366 949 5437 Θεῷ
979 5367 1158 5439 ἡμῶν,
1194 5368 1422 5438 ψάλατε·
1460 5371 1664 5439 ψάλατε
1704 5370 1779 5441 τῷ

269 5528 311 5559 ’⁸
340 5528 436 5585 lsa.
466 5546 580 5596 Lm,
625 5530 712 5584 li.

791 5524 883 5579 "l
913 5523 1039 5579 Cor.
1074 5540 1161 5592 xv,
1184 5525 1272 5580 22.
1350 5524 1397 5557 ⁷³
1420 5525 1560 5581 Ibid.
1595 5526 1678 5579 l7.
1756 5526 1802 5556 “
1827 5527 1984 5581 Rom.
2016 5546 2087 5593 γι,
2118 5530 2170 5582 '5.

1888 4746 2049 4784 carne
2079 4730 2365 4785 nobiscum
2392 4739 2447 4785 et
2470 4748 2633 4801 supra
2657 4748 2776 4787 nos.
2796 4732 3047 4787 Ohiinuit
3075 4745 3255 4789 autem
3278 4746 3473 4796 natura

1893 4823 1947 4875 in
1978 4824 2097 4891 ipso
2129 4829 2385 4891 tanquam
2418 4823 2470 4876 in
2520 4825 2698 4893 capite
2727 4826 3217 4895 incorruptionem.
3247 4828 3468 4884 Contri-

1886 4924 1939 4969 ta
1982 4925 2066 4969 est
2094 4930 2245 4969 mors
2285 4932 2525 4985 quoque,
2554 4917 2684 4970 dum
2708 4920 2925 4988 corpori
2952 4920 3096 4989 quod
3134 4922 3308 4990 ipsius
3343 4924 3468 4981 vita:

1885 5016 2023 5071 erat,
2088 5006 2360 5060 hostiliter
2413 5008 2655 5063 insultat.
2688 5008 3158 5076 Quemadmodum
3196 5013 3299 5083 19
3319 5015 3467 5071 enim

1885 5094 1975 5148 illa
2003 5111 2101 5165 per
2130 5094 2301 5147 Adam
2340 5096 2490 5159 vicit,
2523 5096 2595 5149 ita
2622 5114 2720 5167 per
2742 5099 3024 5154 Christum
3058 5101 3325 5156 debellata
3343 5119 3467 5159 cor—

1885 5187 2012 5240 ruit.
2045 5185 2413 5251 Quamobrem
2436 5187 2656 5242 divinus
2684 5189 2774 5243 ille
2791 5191 2993 5260 psaltes
3014 5192 3181 5245 David
3209 5193 3277 5247 ad
3296 5194 3466 5252 Deum

1885 5278 2162 5331 caelestem
2203 5277 2420 5331 Patrem
2475 5296 2575 5349 pro
2620 5282 2780 5335 nobis
2798 5291 2852 5336 et
2899 5291 3124 5353 propter
3143 5300 3244 5338 nos
3272 5300 3466 5340 ascen-

1888 5370 2062 5433 denti,
2090 5385 2287 5438 nempe
2325 5387 2435 5439 quo
2458 5374 2617 5427 nobis
2643 5384 2805 5429 terrae
2829 5374 2991 5445 hujus
3015 5377 3302 5446 inquilinis
3320 5378 3464 5435 viam

2246 5529 2293 5559 ’⁵
2316 5529 2334 5583 l
2360 5530 2487 5586 Cor.
2520 5547 2609 5593 xv,
2645 5531 2733 5585 Si.
2812 5533 2858 5563 ⁷⁸
2888 5532 3044 5587 Joan.
3079 5531 3245 5596 x,18.

1251 5663 1425 5718 Varia:
1450 5662 1716 5720 lectiones
1753 5664 1960 5721 codicis
1995 5666 2358 5738 Seguieriani.

261 5812 281 5840 '
308 5807 654 5874 κατηργεττο.

748 5805 762 5838 ⁸
796 5801 1265 5877 ζωοποιησόμιθα.
1345 5815 1369 5843 ιι
1390 5803 1721 5875 ἀναϐιῶμεν.
1758 5806 2159 5877 ἁναδαίνωμεν.

2242 5816 2263 5841 τ
2287 5806 2463 5877 ἡμῶν.
