4146 6322
657 383 725 435 5!!
1777 362 2051 421 CYRILLl
2087 357 2556 415 ALEXANDRINI
2595 354 2914 411 ARCHIEP.
3841 352 3908 407 ω

657 491 723 547 ad
771 488 968 544 coelum
1020 485 1283 549 muniret,
1327 482 1595 554 ejusmodi
1649 480 1964 550 triumphali
2009 492 2232 532 carmen

2343 474 2544 545 βασιλεῖ
2565 471 2744 542 ἡμῶν,
2763 471 2990 540 ψάλατε·
3013 470 3220 539 ψάλατε
3244 468 3497 531 συνετῶς.
3537 465 3917 521 Ἐϐασίλευσεν

655 579 932 635 accinuit:
968 596 986 630 ι
1041 575 1303 632 Ascendit
1355 574 1500 630 Deus
1548 573 1602 627 in
1643 573 1836 644 jubilo,
1865 570 2131 626 Dominus
2173 567 2230 620 in

659 686 790 726 voce
855 669 1020 724 tubae.
1065 667 1286 723 Psallite
1339 666 1451 720 Deo
1483 672 1692 729 nostro,
1732 662 1979 734 psallite;
2015 659 2230 730 psallite

657 760 771 832 regi
793 766 1003 823 nostro,
1030 758 1263 829 psallite,
1298 756 1508 826 psallite
1537 755 1828 826 sapienter.
1861 754 2006 807 Deus
2033 765 2228 822 regna-

659 850 736 904 vit
797 865 962 920 super
1013 863 1201 902 omnes
1225 853 1414 917 gentes
1435 847 1502 898 ⁷⁷.
1538 865 1554 896 ι
1583 845 1688 899 Sed
1729 852 1785 898 et
1809 843 2004 898 beatus
2028 841 2230 895 Paulus

2333 571 2360 620 ὁ
2394 568 2525 630 Θεὸς
2569 567 2661 620 ἐπὶ
2692 567 2761 617 τὰ
2789 564 2936 632 ἔθνη.
2977 583 2995 614 ι
3042 565 3187 633 Ἔφη
3217 561 3273 614 δέ
3324 577 3424 613 που
3458 561 3552 613 καὶ⁸
3584 563 3612 613 ὁ
3645 560 3916 631 μακάριος

2342 658 2552 722 Παῦλος
2579 657 2707 726 περ)¹
2735 653 2922 718 αὐτοῦ,
2948 654 3144 721 λέγων⁶
3177 672 3194 704 ι
3241 653 3298 706 '0
3322 651 3586 716 καταϐὰς,
3616 651 3776 714 αὑτός
3801 651 3918 704 ἔστι

2333 750 2428 801 καὶ
2452 750 2480 801 ὁ
2509 747 2710 810 ἀναϐὰς
2732 745 2988 818 ὑπεράνω
3012 744 3122 798 τῶν
3150 743 3414 816 οὐρανῶν,
3437 744 3526 798 ἵνα
3553 742 3818 816 πληρώσῃ
3850 742 3918 796 τὰ

2335 858 2528 892 παντα.
2573 857 2589 889 1
2659 855 2664 859 ’

658 957 880 1012 quoque
909 940 976 994 de
1011 939 1103 993 illo
1142 938 1229 991 liis
1268 945 1636 991 consentanea
1695 935 1929 990 scribit:
1973 952 1990 984 ‹
2026 932 2150 1000 Qui,
2220 931 2418 1000 inquit,
2454 930 2757 995 descendit,
2807 931 2923 1000 ipse
2982 937 3067 984 est
3107 928 3203 1000 qui
3230 938 3285 982 et
3326 927 3570 984 ascendit
3606 941 3772 998 super
3798 941 3919 980 om-

658 1045 757 1083 nes
777 1029 964 1090 caelos,
997 1034 1056 1080 ut
1079 1025 1402 1094 adimpleret
1433 1024 1615 1079 omnia
1637 1025 1735 1076 ".3

728 1121 864 1175 Cum
915 1120 1079 1190 igitur
1120 1118 1422 1173 secundum
1452 1127 1701 1171 naturam
1728 1132 1892 1171 verus
1925 1117 1997 1172 sit
2029 1131 2145 1179 rex,
2183 1124 2239 1168 et

660 1207 804 1261 Deus
866 1206 998 1260 item
1058 1220 1224 1259 verus
1248 1205 1433 1274 gloriae
1465 1205 1733 1258 Dominus
1778 1203 2074 1258 cruciﬁxus
2103 1220 2239 1274 pra:-

660 1299 874 1353 dicetur
904 1299 972 1362 τ’,
1015 1298 1104 1350 cui
1133 1297 1364 1352 dubium
1405 1311 1525 1351 esse
1560 1307 1740 1366 potest
1773 1298 1908 1366 quin
1936 1312 2090 1351 sacra
2113 1296 2235 1351 Vir-

660 1389 986 1458 go'Deipara
1036 1389 1109 1442 sit
1167 1387 1549 1442 nominanda?
1589 1387 1671 1442 Tu
1708 1387 1872 1458 igitur
1905 1389 2235 1442 Emmanue-

662 1482 768 1535 lem
816 1491 876 1534 ut
919 1495 1090 1534 unum
1129 1479 1316 1542 adora,
1354 1494 1532 1548 neque
1579 1489 1702 1548 post
1742 1478 1938 1533 factam
1976 1480 2233 1534 unionem

663 1570 719 1624 in
755 1570 894 1624 duos
939 1569 1089 1622 illum
1147 1568 1374 1622 disseca.
1415 1566 1567 1620 Tunc
1591 1566 1736 1620 enim
1765 1566 1985 1619 insanus
2016 1564 2237 1619 Judzeus

663 1665 938 1717 incassum
968 1660 1189 1726 ridebit,
1227 1668 1355 1713 tunc
1387 1658 1579 1727 procul
1607 1657 1776 1711 dubio
1820 1657 1987 1712 occisi
2015 1658 2233 1712 Domini

663 1767 790 1808 reus
812 1761 1020 1822 agetur,
1046 1763 1174 1806 tunc
1207 1751 1361 1804 illum
1391 1764 1501 1803 non
1529 1750 1583 1802 in
1623 1749 1898 1820 vulgarem
1922 1749 2232 1818 quempiam

664 1846 940 1902 hominem
973 1845 1132 1900 nobis
1172 1845 1404 1898 similem
1433 1843 1598 1913 impie
1618 1859 1682 1898 ac
1707 1843 1971 1897 scelerate
1996 1842 2233 1897 saeviisse

2410 1113 2532 1166 Ὅτι
2557 1129 2616 1166 τε
2645 1112 2822 1165 τοίνυν
2839 1111 2934 1166 καὶ
2956 1111 3086 1175 Θεός
3114 1111 3260 1165 ἐστιν
3284 1111 3518 1180 ἀληθῶς,
3547 1110 3641 1164 καὶ
3665 1109 3919 1180 βασιλεὺς

2337 1202 2476 1255 κατὰ
2505 1203 2686 1270 φύσιν,
2718 1203 2930 1273 εἴρηται
2949 1201 3004 1254 δὲ
3031 1201 3245 1270 καὶτῆς
3267 1201 3426 1273 δόξης
3454 1204 3656 1272 Κύριος
3678 1204 3705 1255 ὁ
3735 1204 3920 1255 ὲσταυ·

2338 1297 2601 1367 ρωμένος,
2637 1297 2752 1358 πῶς
2785 1295 2850 1348 ἂν
2881 1295 3173 1349 ὲνδοιάσείε
3204 1313 3287 1358 τις
3321 1294 3581 1348 Θεοτὸκον
3614 1297 3790 1349 εἰπεῖν
3818 1295 3918 1366 τὴν

2336 1387 2496 1455 ἁγίαν
2541 1387 2857 1456 Παρθένονς
2903 1386 3286 1459 Προσκύνησον
3329 1387 3403 1450 ὡς
3441 1388 3568 1454 ἕνα,
3623 1386 3695 1459 μὴ
3727 1386 3918 1441 διελὼν

2337 1482 2415 1542 είς
2434 1479 2526 1533 δύο
2557 1479 2695 1549 μετὰ
2713 1480 2812 1550 τὴν
2832 1481 3043 1533 ἕνωσιν.
3078 1479 3211 1533 Τότε
3237 1479 3455 1548 γελάσει
3479 1481 3656 1551 μάτην
3682 1483 3709 1533 ὁ
3734 1478 3918 1550 παρά-

2335 1589 2484 1643 φρων
2548 1572 2826 1638 Ἰουδαῖος,
2867 1573 2988 1626 τότε
3022 1572 3369 1640 κυριοκτόνος
3397 1571 3548 1625 ἔσται
3593 1571 3732 1626 κατὰ
3778 1572 3913 1641 ἀλή-

2336 1663 2484 1717 θειαν
2503 1679 2515 1692 ο
2559 1662 2824 1716 ἁλώσεται
2853 1662 2909 1715 δὲ
2936 1662 3421 1733 πεπλημμεληκὼς
3443 1662 3544 1715 οὐκ
3569 1664 3648 1725 εἰς
3677 1661 3773 1714 ἕνα
3803 1660 3914 1714 τῶν

2335 1755 2454 1807 καθ’
2484 1756 2650 1825 ἡμᾶς,
2675 1754 2789 1808 ἀλλ’
2817 1757 2897 1817 εἰς
2921 1755 3082 1807 αὑτὸν
3109 1753 3199 1806 τὸν
3227 1754 3332 1807 τῶν
3360 1754 3495 1806 ὅλων
3520 1753 3746 1823 Σωτῆρα
3775 1749 3912 1822 Χρι-

2336 1845 2456 1897 στόν
2479 1855 2524 1898 ι.
2552 1847 2662 1899 Καὶ
2695 1845 2759 1916 δὴ
2787 1847 2882 1899 καὶ
2909 1845 3219 1899 ἀκούσεται·
3265 1865 3282 1897 ι
3313 1847 3450 1900 Οὐαὶ
3480 1844 3630 1907 ἔθνος
3657 1845 3917 1915 ἁμαρτω-

662 1939 966 2010 apparebit,
991 1938 1086 1992 sed
1119 1939 1174 1991 in
1203 1937 1588 1991 universorum
1613 1935 1951 1990 Salvatorem
1965 1945 2019 1990 et
2041 1936 2231 1991 Deum.

2343 1936 2452 2000 λὸν,
2501 1936 2628 2000 λαὸς
2662 1936 2874 2007 πλήρης
2907 1937 3208 2009 ἁμαρτιῶν,
3256 1938 3476 2008 σπέρμα
3525 1936 3780 2007 πονηρὸν,
3821 1935 3921 1988 καὶ

663 2030 968 2100 Audietque
1014 2030 1098 2084 vel
1152 2029 1395 2084 invitus:
1437 2047 1455 2078 ‹
1493 2028 1586 2082 ναξ
1609 2027 1756 2098 genti
1786 2028 2101 2098 peccatrici,
2137 2043 2236 2098 po-

662 2122 792 2193 pulo
830 2122 990 2192 pleno
1044 2120 1305 2192 peccatis,
1356 2119 1552 2174 semini
1578 2133 1834 2189 nequam,
1869 2127 1924 2172 et
1955 2118 2082 2173 ﬁliis
2117 2134 2237 2173 sce-

663 2212 842 2277 lestis;
872 2212 1246 2283 dereliquistis
1272 2211 1586 2273 Dominum,
1619 2219 1677 2283 et
1699 2210 2068 2265 exacerbastis
2099 2209 2236 2264 San-

660 2275 1024 2360 ctumvlsrael.
1126 2305 1281 2358 Tunc
1321 2304 1563 2373 gentium
1643 2275 1877 2372 populus
1911 2302 2061 2356 nullo
2087 2317 2239 2370 pror-

664 2411 759 2452 sus
807 2399 930 2468 jure
971 2395 1406 2452 Christianorum
1430 2394 1593 2450 tidem
1633 2394 1969 2448 subsannare
2005 2392 2226 2462 poterit.

664 2485 935 2554 Agnoscet
970 2485 1118 2538 enim
1170 2499 1269 2539 nos
1318 2500 1428 2538 non
1459 2483 1610 2538 nudo
1654 2483 1817 2537 alicui
1853 2482 2061 2536 homini
2098 2482 2237 2535 divi-

665 2591 798 2629 num
829 2575 1036 2630 cultum
1069 2573 1307 2637 deferre,
1335 2575 1501 2638 absit,
1528 2574 1622 2629 sed
1651 2574 1729 2628 illi
1756 2574 1843 2628 cui
1868 2581 2062 2627 natura
2095 2573 2240 2626 Deus

663 2672 785 2732 est;
813 2680 991 2736 neque
1016 2665 1163 2721 enim
1200 2665 1384 2736 gloria:
1450 2665 1862 2736 majestatisque
1888 2664 2035 2719 illius
2066 2663 2240 2734 ignari

665 2772 895 2825 sumus;
925 2773 1051 2813 nam
1108 2759 1212 2813 etsi
1267 2757 1492 2827 perinde
1527 2773 1592 2812 ac
1611 2773 1713 2812 nos
1744 2757 1921 2811 factus
1942 2765 2045 2818 est,
2069 2755 2123 2809 id
2157 2767 2238 2810 ta-

664 2863 791 2902 men
819 2850 966 2919 quod
993 2859 1131 2916 erat,
1159 2849 1415 2903 nimirum
1461 2848 1605 2902 Deus
1643 2863 1862 2916 semper
1901 2848 2117 2900 mansit.
2139 2847 2240 2901 Per

2344 2029 2446 2080 υἱοὶ
2484 2029 2710 2098 ἄνομοι·
2743 2029 3128 2094 ἐγκατελίπετε
3178 2028 3269 2080 τὸν
3304 2027 3527 2097 Κύριον,
3565 2028 3659 2079 καὶ
3699 2041 3922 2094 παρωρ-

2346 2121 2536 2186 γίσατε
2559 2120 2652 2173 τὸν
2681 2121 2870 2189 ”Αγιον
2897 2119 2991 2172 τοῦ
3025 2120 3259 2191 Ἰσραήλ.
3289 2138 3306 2168 ι
3342 2118 3609 2188 Ἐλλήνων
3638 2117 3695 2170 δὲ
3728 2116 3922 2178 παῖδες

2345 2212 2464 2264 κατ’
2507 2211 2693 2264 οὐδένα
2722 2211 2922 2282 τρόπον
2954 2211 3052 2282 τὴν
3088 2212 3200 2264 τῶν
3247 2209 3588 2284 Χριστιανῶν
3631 2207 3924 2278 διαμωμή-

2349 2321 2528 2357 σονται
2579 2303 2779 2360 πίστιν.
2839 2303 3288 2375 Λελατρεύκαμεν
3340 2303 3444 2375 γὰρ
3503 2303 3602 2354 οὐκ
3650 2299 3926 2370 ἀνθρώπῳ

2338 2393 2503 2466 ψιλῷ·
2539 2395 2614 2466 μὴ
2653 2396 2890 2464 γένοιτο·
2942 2395 3061 2466 Θεῷ
3094 2396 3149 2448 δὲ
3194 2395 3394 2464 μᾶλλον
3429 2394 3505 2464 τῷ
3546 2393 3685 2447 κατὰ
3735 2391 3923 2460 φύσιν,

2336 2487 2433 2540 οὐκ
2465 2487 2780 2556 ἀγνοοῦντες
2811 2488 2973 2541 αὑτοῦ
3000 2487 3098 2557 τὴν
3130 2487 3312 2552 δόξαν,
3350 2486 3451 2539 κᾶν
3485 2488 3534 2538 εί
3574 2487 3764 2554 γέγονε
3796 2483 3924 2537 καθ’

2338 2581 2502 2647 ἡμᾶς,
2541 2578 2863 2650 μεμενηκὼς
2895 2581 3031 2649 ὅπερ
3068 2574 3157 2648 ἧν,
3193 2579 3437 2632 τουτέστι
3466 2578 3617 2641 Θεὸς.
3650 2577 3727 2629 Δι’
3757 2575 3924 2630 αὑτοῦ

2336 2687 2394 2723 τε
2435 2671 2529 2723 καὶ
2579 2673 2673 2724 σὺν
2713 2670 2860 2742 αὐτῷ
2905 2671 2983 2742 τῷ
3017 2670 3137 2741 Θεῷ
3183 2671 3277 2724 καὶ
3319 2672 3497 2739 Πατρὶ
3531 2669 3616 2737 εἴη
3663 2668 3789 2732 δόξα
3824 2668 3925 2721 σὺν

2340 2762 2480 2832 ἁγίῳ
2522 2762 2618 2814 καὶ
2652 2761 2900 2832 ζωοποιῷ
2929 2761 3233 2826 Πνεύματι,
3274 2764 3353 2825 εἰς
3397 2763 3523 2823 τοὺς
3566 2761 3771 2823 αἰῶνας
3813 2758 3926 2810 τῶν

2341 2849 2570 2904 αἰώνων.
2607 2852 2794 2921 Ἀμήν.

666 2942 848 3013 ipsum
877 2954 930 2998 et
973 2958 1096 2998 cum
1145 2943 1283 3012 ipso,
1347 2943 1458 2996 Deo
1511 2949 1567 2995 et
1631 2941 1779 2994 Patri
1826 2941 1897 2998 sit
1945 2940 2116 3010 gloria
2174 2955 2298 2993 cum
2361 2953 2548 2995 sancto
2589 2953 2643 2995 et
2691 2945 2908 2999 viviﬁco
2960 2944 3166 3014 Spiritu
3238 2945 3291 2998 in
3338 2944 3536 3000 saecula
3597 2942 3924 2997 saeculorum

664 3033 858 3089 Amen.

2090 3267 2422 3323 EPISTOLA
2464 3269 2526 3321 Il.

1958 3417 2165 3456 CYRILLI
2198 3419 2264 3457 AD
2303 3420 2620 3458 Νεετοῖιιυκ.

670 3541 906 3623 Heresis
952 3540 1284 3623 Nestoriame
1335 3556 1545 3623 rumore
1571 3540 2068 3623 in000cidentemhet
2093 3544 2183 3623 ad
2199 3561 2392 3623 _aures
2418 3544 2680 3623 Caiestini
2711 3546 2736 3600 1
2776 3550 3044 3623 pontificis
3069 3551 3287 3623 matrimi
3313 3559 3618 3623 perpagato,
3655 3553 3698 3606 is
3724 3552 3925 3623 Cyrillo

746 3612 1089 3694 "mndavemf
1106 3620 1188 3694 με,
1210 3612 1284 3694 ναξ
1317 3612 1608 3694 υετίεαιεητ,
1630 3611 1936 3694 ίζτίίηίνετεεο
1965 3611 2009 3664 Ρ
2011 3613 2262 3694 οηξίβείξη
2277 3617 2542 3694 mandatis
2577 3611 3256 3694 ηιοΙι-εηίςεζεὶιεμϐῃτίίίαε,
3282 3611 3343 3673 ea
3371 3611 3920 3694 Haterio-signiﬁcat,

743 3697 962 3750 eumque
994 3678 1146 3762 palde
1173 3682 1370 3733 iratum
1399 3681 1458 3732 ob
1480 3695 1505 3731 e
1545 3678 1757 3761 istolam
1789 3681 1856 3733 ad
1884 3678 2161 3736 monachos
2192 3683 2409 3755 χερειρεί
2438 3687 2620 3741 datam
2647 3678 2824 3757 (epist.
2855 3688 2911 3755 Ι)
2937 3678 3144 3742 ὺίαιῖάίε
3171 3697 3220 3742 et
3244 3678 3454 3744 'amici:
3499 3693 3664 3746 verbis
3680 3678 3927 3763 'pthédré

743 3751 934 3814 studet,
962 3749 1120 3803 simul
1143 3757 1317 3803 tamen
1341 3765 1434 3817 pro
1461 3698 1621 3817 algam
1647 3750 1930 3805 admonens
1953 3762 2008 3805 ut
2031 3762 2240 3817 prapter
2262 3771 2441 3817 pacem
2467 3757 2714 3813 Ecclesiae
2735 3758 2940 3812 beatam
2970 3757 3232 3817 Virginem
3259 3759 3544 3817 Deinaram
3567 3763 3920 3817 conﬁteretur.

741 3749 1120 3832 studet,‘simul
1143 3757 1317 3803 tamen
1341 3765 1434 3832 pro
1451 3749 1621 3832 .oﬂicio
1647 3750 1930 3832 admonens
1953 3762 2008 3805 ut
2031 3762 2240 3822 prapter
2262 3749 2441 3822 pacem
2467 3749 2714 3813 Ecclesia;
2735 3749 2940 3812 beatam
2970 3757 3232 3828 Virginem
3259 3759 3544 3832 Deiparam
3567 3749 3920 3830 conﬁieretitr,

745 3837 910 3892 neque
932 3829 1039 3873 tam
1061 3835 1219 3889 grave
1239 3817 1552 3871 scandalum
1581 3820 1750 3873 daret.

742 3933 1170 4004 Religiosissimo
1221 3932 1427 4002 Deique
1474 3934 1848 3987 amantissimo
1892 3936 2148 4006 episcopo
2197 3941 2322 4000 etC

671 4026 1050 4081 comministro
1081 4025 1353 4089 Nestorio,
1379 4025 1616 4095 Cyrillus
1641 4026 2002 4096 episcopusin
2020 4027 2248 4082 Domino

673 4117 926 4170 salutem.

741 4205 1104 4259 Advenerunt
1125 4203 1513 4258 Alexandriam
1540 4204 1646 4258 viri
1669 4205 1878 4274 aliquot
1899 4207 2249 4261 veneratione

673 4310 737 4349 ac
773 4295 878 4349 ﬁde
928 4295 1098 4365 digni,
1141 4295 1234 4365 qui
1281 4295 1543 4364 pietatem
1590 4303 1736 4350 tuam
1777 4296 2013 4366 graviter
2045 4307 2247 4352 stoma-

674 4385 850 4449 chari,
874 4386 1196 4455 nullumque
1245 4385 1353 4440 mei
1397 4385 1627 4440 laedendi
1675 4401 1837 4442 causa
1870 4389 2105 4458 lapidem
2138 4405 2248 4444 non

675 4490 917 4540 movere,
964 4476 1097 4530 mihi
1142 4477 1549 4531 renuntiarunt.
1591 4476 1848 4547 Cupienti
1890 4489 2073 4534 autem
2113 4481 2249 4534 mihi

677 4563 788 4632 20
813 4578 1138 4633 cognoscere
1165 4564 1437 4617 undenam
1461 4565 1635 4634 pietas
1665 4578 1756 4621 tua
1788 4567 1842 4621 in
1868 4568 2009 4623 hanc
2032 4572 2251 4640 :egritu-

678 4654 863 4708 dinem
898 4655 1199 4717 incidisset,
1235 4655 1635 4712 Alexandrinos
1670 4659 1931 4728 quosdam
1961 4662 2248 4730 epistolam

680 4745 828 4800 illam
871 4761 1034 4815 quam
1062 4745 1128 4798 ad
1148 4755 1364 4800 sanctos
1405 4748 1697 4802 monachos
1717 4750 1971 4804 miseram
2012 4751 2248 4807 circum-

679 4839 844 4903 terre,
873 4853 1104 4906 eamque
1137 4853 1250 4892 rem
1286 4837 1395 4891 odii
1434 4845 1489 4891 et
1518 4839 1840 4896 offensionis
1867 4857 2085 4897 causam
2130 4860 2249 4901 esse

681 4927 1100 5000 responderunt.
1141 4927 1253 4998 Ego
1288 4945 1420 4983 vero
1453 4931 1686 4986 miratus
1725 4948 1847 4987 sum
1896 4937 2155 5005 majorem
2193 4939 2249 4992 in

681 5020 927 5082 modum,
974 5017 1234 5087 pietatem
1286 5027 1432 5072 tuam
1483 5020 1618 5076 illud
1663 5024 1846 5092 potius
1878 5041 1989 5078 non
2013 5041 2247 5096 perpen-

679 5111 854 5175 disse,
882 5124 1180 5178 secumque
1211 5119 1516 5177 reputasse,
1543 5127 1636 5168 eas
1675 5114 1730 5168 in
1757 5114 1865 5170 ﬁde
1919 5117 2109 5172 turbas
2141 5134 2248 5172 non

681 5209 906 5269 promer
933 5201 1073 5254 hanc
1101 5215 1264 5269 quam
1302 5200 1495 5271 scripsi
1520 5205 1827 5274 epistolam,
1863 5207 1959 5262 sed
1984 5208 2165 5278 potius
2183 5226 2250 5266 ex

2423 3942 2466 3992 Τ
2469 3941 2512 4012 ᾦ
2535 3942 2911 4011 εὐλαδεστάτῳ
2940 3945 3032 3997 καὶ
3060 3944 3458 4016 θεοφιλεστάτῳ
3491 3949 3774 4021 ἑπισκὸπῳ
3800 3953 3924 4006 συλο

2351 4032 2650 4103 λειτουργῷ
2684 4035 2983 4106 Νεστορίῳ,
3015 4036 3281 4107 Κύριλλος
3316 4038 3619 4104 ἐπίσκοπος
3649 4042 3707 4095 ὲν
3732 4044 3924 4116 Κυρίῳ

2349 4125 2581 4195 χαίρειν.

2425 4217 2649 4288 ’Λνδρες
2685 4217 2977 4287 αἰδέσιμοι,
3028 4219 3120 4272 καὶ
3159 4219 3394 4283 πίστεως
3435 4221 3576 4286 ἄξιοι
3615 4225 3925 4295 παραγεγό-

2352 4321 2504 4359 νασιν
2542 4310 2600 4359 ὲν
2657 4307 3037 4379 Ἀλεξανδρείᾳ
3062 4323 3075 4339 '
3111 4303 3229 4361 εἶτα
3261 4309 3558 4378 μετέδοσαν
3591 4311 3792 4368 ὡσανεὶ
3824 4318 3925 4370 καὶ

2351 4395 2449 4465 τῆς
2480 4396 2576 4467 σῆς
2603 4396 2912 4461 θεοσεσείας
2934 4397 3347 4467 ἀγανακτούσης
3375 4401 3598 4470 σφόδρα,
3624 4405 3718 4456 καὶ
3747 4407 3925 4461 πάντα

2353 4485 2533 4538 κάλων
2563 4487 2818 4555 κινούσης
2850 4491 2929 4552 εἰς
2950 4490 3011 4542 τὸ
3037 4489 3228 4545 λυπεῖν
3258 4493 3378 4562 ἐμέ.
3414 4494 3727 4568 Βουλομένῳ
3750 4499 3806 4551 δέ
3832 4518 3922 4568 μοι

2351 4575 2450 4645 τῆς
2484 4576 2583 4646 σῆς
2629 4576 2937 4643 Θεοσεὸείας
2981 4581 3080 4650 τὴν
3132 4583 3309 4655 λύπην
3352 4585 3671 4656 ἅναμαθείν,
3716 4590 3925 4658 ἔφασαν

2351 4670 2433 4720 ὅτι
2468 4667 2566 4737 τὴν
2595 4670 2733 4741 πρὸς
2775 4671 3048 4740 μοναστὰς
3085 4675 3274 4742 ἁγίους
3310 4678 3608 4748 γενομένην
3635 4681 3925 4750 ἐπιστολὴν

2355 4759 2712 4829 περιφέρουσι
2744 4777 2888 4824 τινες
2927 4762 3036 4815 τῶν
3081 4765 3188 4818 ἀπὸ
3216 4767 3315 4835 τῆς
3360 4766 3780 4838 Ἀλεξανδρείας,
3831 4774 3926 4825 καὶ

2352 4851 2385 4919 ὴ
2411 4849 2504 4902 τοῦ
2547 4852 2739 4920 μίσους
2767 4853 2989 4924 ἀφορμὴ
3023 4856 3116 4908 καὶ
3149 4857 3247 4924 τῆς
3272 4857 3464 4928 ἀηδίας
3492 4866 3520 4905 Υ
3551 4859 3687 4930 αὕτη
3709 4862 3921 4928 γέγονε.

2353 4941 2690 5011 Τεθαύμακα
2710 4944 2910 5007 τοίνυν,
2940 4946 2989 4998 εί
3018 4946 3093 5017 μὴ
3119 4948 3297 5001 ἐκεῖνο
3336 4949 3535 5019 μᾶλλον
3572 4953 3604 5020 ἡ
3639 4953 3704 5021 σὴ
3740 4952 3923 5015 Οεοσὲτ

2353 5031 2474 5085 6εια
2511 5032 2630 5085 καθ’
2673 5034 2874 5105 ἑαυτὴν
2911 5036 3219 5103 ἐλογίσατο·
3257 5039 3316 5091 οὐ
3352 5041 3457 5111 γὰρ
3491 5044 3757 5112 πρότερον
3787 5043 3925 5114 ἐμῆς
4008 5033 4009 5036 ¹

2351 5126 2653 5197 γραφείσης
2676 5129 2982 5198 ἐπιστολῆς,
3011 5131 3038 5180 ὀ
3056 5132 3146 5181 ἐπὶ
3167 5133 3231 5202 τῇ
3254 5133 3432 5184 πίστει
3459 5133 3650 5201 γέγονε
3674 5133 3924 5206 θόρυϐος,

2352 5213 2466 5265 ἀλλ’
2494 5214 2850 5286 ἢείρημένων
2888 5218 3051 5270 τινῶν
3088 5221 3239 5291 παρὰ
3268 5223 3364 5291 τῆς
3393 5226 3492 5292 σῆς
3523 5222 3854 5289 Θεοσεόείας,
3887 5226 3921 5295 ἢ

680 5291 1010 5360 quibusdam
1057 5291 1275 5360 pietatis
1316 5301 1442 5358 tuae,
1486 5295 1600 5350 sive
1635 5298 1864 5353 alterius
1903 5301 2241 5357 sermonibus

2356 5305 2448 5356 καὶ
2478 5307 2573 5375 μή.
2619 5308 2765 5376 Πλὴν
2789 5308 3050 5378 χαρτίων,
3085 5290 3248 5380 ἡγουν
3289 5290 3602 5382 ὲξηγήσεων
3629 5290 3922 5385 πιριφιροιί

681 5385 945 5438 excitatas
1009 5381 1195 5437 fuisse.
1223 5383 1480 5449 Quinimo
1506 5407 1629 5444 cum
1649 5391 1853 5446 chartae
1870 5392 2138 5460 quaedam,
2167 5396 2241 5448 vel

2358 5396 2557 5466 μένων,
2601 5400 2887 5470 κάμνομεν
2928 5403 3107 5472 ἡμεῖς,
3146 5381 3480 5474 ἐπανορθοῦν
3512 5381 3756 5468 Θέλοντος
3797 5381 3924 5467 τοὺς

755 5542 798 5570 ς--ι
829 5542 967 5596 ρεοι.
994 5560 1131 5608 χαι,
1163 5547 1214 5610 δ⁷
1252 5548 1299 5599 7_
1377 5548 1423 5577 τι
1456 5546 1654 5614 Ephes.
1681 5560 1752 5609 ιν,
1783 5546 1866 5600 10.
1945 5549 1988 5581 τ’
2015 5549 2033 5602 l
2062 5549 2187 5604 Cor.
2223 5566 2236 5603 l

2349 5595 2359 5604 .
2438 5552 2484 5584 ⁸ο
2517 5555 2618 5609 lsa.
2663 5572 2700 5618 l,
2737 5557 2789 5608 Ii.

1747 5661 1918 5715 Variae
1942 5662 2204 5718 lectiones
2237 5666 2440 5720 codicis
2471 5666 2827 5736 Seguieriazii.

759 5776 787 5809 ³
810 5764 897 5819 τὸν
929 5767 1152 5839 Σωτῆρα
1179 5769 1326 5822 Θεόν.
1405 5779 1427 5816 .“
1459 5770 1688 5833 ἁδικὶας.
