4116 6318
230 369 283 424 tl
1685 363 2011 422 Ειηεοτοιι
2064 366 2126 419 ll.
3452 373 3517 429 υ

225 489 725 561 διεστραμμένους.
773 490 973 559 Ἐγγῦς
1020 488 1130 559 γὰρ
1158 487 1417 558 γεγόνασί
1448 504 1596 551 τινες
1618 484 1716 541 τοῦ
1752 487 1818 558 μὴ

1932 482 2315 539 commentarii
2358 484 2856 552 circumferantur,
2907 487 3171 560 insignem
3208 489 3517 549 molestiam

225 568 518 651 ἀνέχεσθαι
542 581 733 635 λοιπὸν
755 580 1065 652 ὁμολογεῖν,
1083 580 1166 633 ὅτι
1192 578 1325 644 Θεός
1343 581 1492 634 ἐστιν
1513 581 1541 633 ὁ
1562 577 1823 651 Χριστός·

223 673 455 745 δργανον
488 672 549 728 δὲ
581 674 790 746 μᾶλλον
820 674 917 730 καὶ
948 674 1235 745 ἐργαλεῖον
1272 671 1548 744 θεότητος,
1596 672 1693 725 καὶ
1734 670 1827 726 ἄν-

226 770 449 839 θρωπος
498 766 787 840 θεοφόρος.
842 768 958 822 Καὶ
999 768 1053 821 τί
1103 767 1214 839 γὰρ
1261 766 1383 837 οὐχὶ
1408 765 1521 819 τῶν
1566 762 1824 819 τοιούτων

224 858 523 927 ἑπέκεινας
549 855 660 915 Ἦν
687 855 783 915 οὖν
816 860 927 932 ἄρα
958 859 1022 915 τὸ
1054 860 1409 933 χαλεπαίνειν
1434 856 1614 930 ἡμῶν,
1637 858 1722 928 ἐφ’
1744 853 1826 921 οἷς

222 952 448 1022 εἴρηκεν
493 952 529 1023 ἢ
578 955 681 1008 οὐκ
713 953 941 1025 εἴρηκεν
984 954 1017 1027 ή
1059 952 1127 1026 σὴ
1178 951 1493 1023 θεοσέϐεια·
1552 951 1665 1016 τοῖς
1715 950 1824 1024 γὰρ

220 1046 689 1119 περιφερομένας
732 1045 979 1118 χαρτίοις
1023 1046 1086 1101 ού
1120 1045 1332 1117 σφόδρα
1388 1045 1649 1099 πιστεύω.
1699 1044 1824 1107 Πῶς

216 1131 310 1191 οὖν
343 1136 429 1193 ενι
450 1147 476 1177 ⁸
502 1139 803 1210 σιωπῆσαι,
830 1140 1069 1203 πίστεως
1092 1138 1487 1210 ἀδικουμένης,
1513 1139 1607 1191 καὶ
1636 1134 1825 1190 τοσού-

214 1245 327 1284 των
359 1230 853 1303 διεστραμμένωνς
905 1235 975 1287 Ἢ
1002 1232 1065 1286 οὐ
1096 1230 1568 1304 παραστησόμεθα
1595 1230 1676 1301 τῷ
1723 1232 1821 1302 βήο

216 1339 355 1395 ματι
385 1322 486 1377 τοῦ
520 1323 798 1396 Χριστοῦς
829 1323 933 1379 οὒκ
968 1323 1427 1395 ἀπολογησόμεθα
1447 1323 1507 1377 δὲ
1537 1323 1640 1393 τῆς
1660 1325 1823 1378 ἀκαί-

216 1433 314 1487 ρου
349 1420 575 1487 σιωπῆς
607 1418 793 1483 ἕνεκα,
823 1418 1002 1472 καίτοι
1037 1435 1101 1486 γε
1129 1416 1456 1488 τεταγμένοι
1500 1418 1629 1488 παρ’
1654 1416 1821 1471 αὐτοῦ

222 1508 357 1581 πρδς
388 1509 455 1563 τὸ
488 1509 674 1578 λέγειν
702 1510 738 1565 ἃ
763 1511 883 1577 δεῖ;
918 1511 985 1564 Τί
1017 1510 1074 1565 δὲ
1113 1513 1325 1582 ποιήσω
1346 1509 1476 1577 νῦνς
1508 1512 1600 1564 Δεῖ
1616 1511 1725 1582 γάρ
1752 1528 1821 1581 με

212 1600 623 1672 βουλεύσασθαι
674 1608 813 1675 μετὰ
852 1605 957 1675 τῆς
985 1605 1084 1675 σῆς
1140 1603 1474 1669 θεοσεϐείας,
1522 1603 1820 1677 μηνύοντος

209 1694 303 1749 τοῦ
358 1695 771 1751 εὖλαϐεστάτου
816 1696 915 1750 καὶ
967 1696 1390 1767 θεοφιλεστάτου
1442 1698 1545 1769 τῆς
1600 1695 1821 1766 Ῥώμης

208 1789 528 1844 ἐπισκόπου
566 1803 594 1833 ι
626 1790 980 1857 Κελεστίνου,
1010 1790 1108 1846 καὶ
1134 1790 1246 1847 τῶν
1270 1793 1368 1845 σὺν
1392 1790 1544 1862 αὐτῷ
1579 1790 1820 1861 θεοφιλε-

1931 574 2283 647 perferimus,
2310 577 2676 647 quorumdam
2707 579 2813 633 hac
2833 578 2902 635 de
2933 594 3096 635 causa
3132 597 3516 652 perversorum

1929 670 2305 725 emendationi
2338 669 2644 726 studentes.
2668 670 2747 726 Eo
2778 686 2847 725 na
2858 686 3016 743 mque
3031 672 3237 729 malum
3257 676 3361 733 hoc
3376 694 3516 749 pau-

1930 763 2083 817 latim
2107 762 2380 834 serpendo
2400 764 2673 833 pervenit.
2700 763 2850 820 ut‘Ch
2863 763 3056 820 ristum
3074 768 3325 825 nonnulli
3342 771 3515 827 Deum

1928 856 2192 926 appellari
2229 871 2372 928 aegre
2415 857 2715 927 patiantur,
2749 857 2845 914 sed
2878 858 3065 929 potius
3091 860 3398 920 divinitatis
3420 880 3514 920 or—

1928 962 2128 1019 ganum
2151 957 2207 1002 et
2236 947 2686 1014 instrumentum,
2725 948 3117 1021 hominemque
3144 951 3438 1019 dciferum,
3458 965 3516 1013 et

1927 1039 2035 1094 alia
2067 1039 2154 1095 his
2187 1040 2479 1110 ineptiora.
2518 1040 2778 1096 Nostrum
2809 1042 3039 1112 proinde
3073 1051 3160 1099 est
3192 1058 3256 1100 ea
3285 1046 3515 1104 moleste

1927 1132 2073 1188 ferre
2103 1149 2227 1204 qua:
2258 1133 2436 1204 pietas
2471 1143 2565 1189 tua
2591 1134 2749 1199 dixit,
2780 1145 2877 1190 aut
2905 1136 3071 1191 etiam
3102 1151 3213 1192 non
3241 1138 3402 1206 dixit,
3434 1139 3512 1197 si-

1927 1226 2150 1297 quidem
2184 1227 2403 1283 schedis
2428 1243 2550 1298 qua:
2582 1243 2644 1281 ea
2678 1226 2747 1282 ile
2772 1243 2832 1283 re
2856 1227 3131 1294 feruntur,
3157 1247 3349 1301 parum
3384 1232 3512 1290 fidei

1928 1318 2127 1374 habeo.
2162 1318 2302 1374 Cum
2334 1318 2502 1391 igitur
2530 1319 2666 1374 ﬁdes
2690 1330 2796 1374 tam
2816 1320 3103 1391 insigniter
3124 1323 3377 1390 laedatur,
3403 1335 3511 1381 tot-

1927 1425 2035 1480 que
2077 1411 2281 1482 passim
2324 1411 2436 1466 sint
2476 1410 2685 1475 inlecti,
2728 1411 3067 1481 quitandem
3107 1422 3286 1471 tacere
3321 1415 3413 1473 hic
3443 1418 3514 1472 li-

1926 1503 2086 1557 cuit?
2140 1502 2337 1558 Annon
2399 1514 2526 1559 ante
2572 1503 2816 1560 tribunal
2862 1503 3070 1561 Christi
3121 1506 3385 1564 sistemur
3423 1511 3515 1563 “2

1924 1597 2009 1652 An
2037 1596 2411 1667 intempestivi
2447 1597 2654 1652 silentii
2691 1598 2961 1654 rationem
2988 1599 3262 1656 reddituri
3282 1617 3394 1658 non
3416 1619 3512 1659 su-

1924 1704 2070 1753 mus,
2112 1704 2252 1759 quos
2285 1688 2377 1744 ille
2425 1689 2491 1742 ad
2544 1690 2649 1745 hec
2703 1691 2992 1746 constituit
3034 1700 3095 1747 ut
3131 1709 3255 1764 qua:
3295 1705 3517 1766 oportet

1925 1780 2334 1852 pracdicclnus?
2379 1780 2591 1850 Ecquid
2639 1797 2805 1846 nunc,
2851 1782 3105 1850 obsecro,
3153 1785 3370 1841 consilii
3419 1801 3514 1842 ca-

207 1881 430 1936 στάτων
450 1883 799 1947 ἐπισκόπων,
827 1884 959 1955 περὶ
988 1882 1097 1936 τῶν
1128 1882 1565 1955 ἀπενεχθέντων,
1592 1884 1693 1936 οὐκ
1712 1877 1813 1936 οἶδ’

1921 1873 2115 1944 piam?
2142 1874 2389 1943 Namque
2410 1889 2441 1927 a
2471 1883 2560 1928 tua
2592 1873 2795 1943 pietate
2819 1875 3112 1932 consilium
3138 1887 3330 1949 petere
3358 1894 3514 1935 com—

202 1976 379 2043 ὂπως,
419 1979 543 2031 ἐκεῖ
578 1976 847 2050 χαρτίων,
904 1976 1136 2049 πότερόν
1180 1994 1314 2032 ποτε
1351 1978 1453 2047 τῆς
1500 1974 1602 2046 σῆς
1632 1975 1816 2048 θεδοσεο

201 2064 383 2131 θείας,
408 2066 444 2140 ἢ
469 2067 571 2139 μή.
598 2067 879 2140 Γρὰφονσι
902 2067 1014 2140 γὰρ
1033 2067 1110 2132 ὡς
1136 2067 1281 2122 πάνυ
1307 2064 1811 2128 σκανδαλισθέντες.

202 2160 334 2227 Πῶς
368 2159 433 2215 δι
465 2163 603 2226 τοὺς
630 2162 742 2215 ἀπὸ
772 2160 877 2232 τῆς
907 2161 1180 2233 ἀνατολῆς
1213 2163 1280 2216 ἐκ
1308 2160 1501 2215 πασῶν
1528 2159 1638 2212 τῶν
1690 2159 1817 2213 Ἐκ-

203 2252 457 2325 ιιλησιιῖιν
488 2255 831 2325 ἐρχομένους
853 2253 1296 2327 θεραπεύσομεν,
1322 2252 1548 2307 καὶτῶν
1577 2250 1816 2324 χαρτίων

202 2346 777 2415 καταγογγύςονταςς
820 2347 894 2401 Ἦ
916 2346 1057 2419 τάχα
1085 2363 1190 2402 που
1221 2345 1434 2417 νομίζει
1464 2345 1499 2417 ἡ
1528 2343 1594 2416 σὴ
1632 2343 1816 2399 θεοσέ-

205 2441 331 2497 hic
356 2443 445 2498 ὅτι
469 2441 672 2515 μικρὸς
697 2445 823 2508 ταῖς
874 2442 1230 2515 Ἐκκλησίαις
1252 2441 1464 2514 ἁνεφύη
1500 2441 1729 2523 θόρυϐος
1750 2442 1815 2493 ἐκ

204 2531 317 2586 τῶν
355 2532 630 2588 τοιούτων
660 2532 928 2604 ὀμιλιῶνς
970 2535 1181 2599 Πάντες
1210 2533 1379 2605 ἐσμὲν
1409 2535 1466 2587 ἐν
1512 2531 1690 2602 ἀγῶσι
1719 2533 1817 2587 καὶ

207 2622 421 2689 πόνοις,
467 2625 600 2690 τοὺς
636 2624 805 2698 ἕτερα
836 2627 1077 2696 φρονεῖν,
1110 2627 1213 2680 οὐκ
1256 2621 1354 2680 οἷδ’
1394 2626 1562 2688 ὅπως,
1614 2625 1819 2678 ἀναπε-

208 2716 550 2790 πεισμένους
596 2716 957 2788 μεθιστάντες
985 2719 1067 2781 είς
1112 2716 1425 2789 τὸνὰληθές.
1461 2717 1593 2770 Ὅτε
1639 2716 1816 2770 τοίνυν

208 2808 306 2883 τὴν
337 2810 598 2880 ἀνάγκην
625 2808 803 2865 ἅπασι
823 2809 922 2865 τοῦ
947 2810 1245 2881 γογγύζειν
1279 2809 1659 2878 ὑπενεγκοῦσα
1682 2812 1717 2883 ἡ
1748 2810 1817 2881 σὴ

210 2901 499 2959 θεοσέϐειά
543 2904 685 2970 ἐστι,
711 2901 833 2968 πῶς
871 2904 1118 2959 αίτιᾶται
1155 2902 1418 2972 δικαίως
1450 2904 1519 2957 Τί
1557 2903 1586 2943 δ
1627 2902 1683 2957 δέ
1715 2920 1817 2977 μου

210 2997 306 3051 καὶ
332 2996 521 3069 μάτην
551 2997 834 3069 καταϐοᾷς
872 2997 984 3051 Καὶ
1015 2996 1142 3068 οὐχὶ
1171 2996 1376 3068 μᾶλλον
1402 2995 1697 3069 ἐπανορθοῖ
1726 2996 1818 3051 τὸν

210 3088 415 3161 εαυτῆς
444 3087 639 3158 λόγον,
699 3088 790 3141 ἴνα
836 3085 1024 3159 παύσῃ
1068 3085 1370 3141 σκάνδαλον
1404 3087 1815 3156 οίκουμενικόνι

208 3178 274 3234 Et
304 3180 423 3253 γὰρ
456 3180 559 3235 καὶ⁸
583 3176 879 3251 παρερῤύη
921 3177 1099 3247 λόγος,
1150 3177 1228 3243 ὡς
1257 3177 1353 3232 ἐπὶ
1409 3176 1538 3232 λαοῦ
1582 3177 1814 3249 τρέχων,

209 3273 330 3329 ἀλλ’
357 3271 795 3345 ἐπανορθούσθω
832 3273 954 3336 ταῖς
978 3269 1329 3343 ἐπισκέψεσι,
1357 3270 1452 3325 καὶ
1477 3268 1622 3338 λέξιν
1655 3272 1816 3343 χαρί-

211 3365 417 3422 σασθαι
459 3366 577 3429 τοῖς
608 3362 1126 3434 σκανδαλιζομένοις
1166 3362 1525 3427 καταξίωσον,
1553 3360 1819 3417 Θεοτόκον

532 3455 634 3529 τὴν
679 3456 844 3526 ἁγίαν
878 3454 1161 3528 Παρθένον
1244 3455 1335 3510 ἵνα
1374 3454 1819 3528 θεραπεύσαντες

206 3550 341 3612 τοὺς
393 3547 849 3621 λελυπημένους,
897 3546 996 3602 καὶ
1044 3545 1212 3619 ὀρθὴν
1265 3546 1421 3618 παρά
1467 3547 1603 3601 πᾶσι
1660 3546 1820 3615 δόξαν

210 3642 461 3715 ιχοντες,
489 3644 551 3696 ἐν
584 3642 778 3715 εἰρήνῃ
818 3640 916 3695 καὶ
952 3638 1233 3712 όμοψυχίᾳ
1258 3639 1370 3693 τῶν
1389 3638 1538 3695 λαῶν
1563 3639 1662 3706 τὰς
1692 3656 1820 3694 συν-

210 3732 365 3801 άξεις
392 3731 761 3803 ἐπιτελῶμεν.
805 3731 928 3784 Ὀτι
961 3729 1019 3784 δὲ
1048 3730 1193 3804 ὑπὲρ
1222 3729 1322 3803 τῆς
1359 3730 1441 3795 είς
1466 3729 1703 3803 Χριστὸν
1725 3727 1817 3783 πί-

211 3842 387 3890 στεως
414 3824 602 3879 πάντα
630 3823 843 3894 ἐτοιμοι
862 3820 1057 3876 παθεῖν
1083 3823 1273 3894 ἐσμεν,
1304 3820 1400 3877 καὶ
1424 3820 1819 3894 δεσμωτηρίων

211 3919 292 3983 τις
322 3919 532 3991 πεῖραν
558 3914 757 3977 ἐλθεῖν,
789 3915 888 3969 καὶ
911 3912 1078 3968 αὐτοῦ
1118 3912 1216 3968 τοῦ
1242 3912 1499 3977 θανάτου,
1534 3911 1611 3984 μὴ
1642 3913 1815 3983 ἀμφι-

209 4008 465 4064 ϐαλλέτω
499 4010 538 4079 ἡ
561 4007 628 4079 σὴ
664 4005 967 4062 θεοσέϐεια.
1010 4003 1127 4059 Ἐπ’
1162 4005 1423 4075 ἀληθείας
1445 4003 1503 4058 δὲ
1534 4003 1684 4073 λέγω
1712 4006 1815 4069 ὅτι,

210 4102 308 4158 καὶ
337 4101 633 4174 περιόντος
662 4098 744 4154 ἔτι
784 4098 881 4153 τοῦ
912 4099 1011 4169 τῆς
1044 4096 1324 4170 μακαρίας
1366 4097 1590 4169 μνήμης
1641 4096 1817 4150 Ἀττι-

210 4193 336 4262 κοῦ,
382 4189 734 4247 συντέθειται
781 4208 875 4262 μοι
922 4190 1131 4262 βιϐλίον
1176 4189 1306 4262 περὶ
1349 4190 1451 4260 τῆς
1512 4187 1674 4258 ἁγίας
1721 4187 1818 4242 καὶ

208 4287 509 4361 δμοουσίου
528 4283 786 4356 Τριάδος,
812 4284 871 4337 ἐν
898 4276 945 4351 ᾧ
973 4283 1069 4337 καὶ
1091 4281 1249 4351 λόγος
1271 4279 1401 4352 περὶ
1425 4280 1525 4348 τῆς
1547 4280 1816 4347 ἐνανθρω·

212 4380 442 4451 πήσεως
466 4374 566 4431 τοῦ
598 4372 959 4442 Μονογενοῦς,
980 4366 1063 4436 οἷς
1095 4368 1191 4425 νῦν
1221 4369 1479 4441 γέγραφα
1507 4367 1744 4438 συνῳδὸς
1764 4377 1811 4429 ε,

213 4474 306 4527 καὶ
335 4471 747 4541 ὑπανέγνωμεν
772 4464 923 4537 αὐτῷ
949 4464 975 4505 δ
1012 4465 1108 4520 καὶ
1130 4463 1476 4526 ἐπισκόποις,
1500 4461 1597 4516 καὶ
1624 4460 1814 4530 κληρι-

1882 2016 1886 2021 .
1919 1965 2120 2037 pellor,
2162 1966 2467 2022 Celestino
2505 1966 2920 2038 religiosissimo
2959 1969 3217 2026 Romana:
3254 1971 3516 2029 Ecclesiae

1917 2058 2201 2130 episc0po,
2228 2058 2555 2128 exterisque
2576 2057 2840 2129 piissimis
2858 2061 3136 2132 episcopis
3152 2064 3248 2133 qui
3282 2063 3386 2135 ipsi
3411 2066 3514 2121 ad—

1917 2150 2096 2214 fuere,
2134 2150 2576 2222 inquirentibus,
2613 2151 2949 2209 chartulazne
2984 2154 3091 2209 illa-3
3125 2164 3182 2211 et
3231 2150 3513 2229 exegeses',

1914 2255 2043 2314 quae
2066 2242 2199 2299 illnc
2223 2243 2293 2299 ad
2323 2259 2381 2299 se
2409 2246 2599 2301 nescio
2633 2246 2913 2316 quomodo
2933 2248 3157 2318 perlatae
3186 2259 3338 2314 sunt,
3366 2265 3398 2305 a
3424 2261 3514 2308 tua

1919 2337 2125 2407 pietate
2160 2348 2230 2392 an
2250 2352 2384 2393 vero
2412 2338 2483 2393 ab
2512 2339 2622 2394 alio
2662 2341 2921 2411 quopiam
2938 2342 3198 2412 profecta:
3212 2345 3341 2401 sint.
3363 2343 3514 2403 Scri-

1920 2426 2061 2482 bunt
2085 2427 2256 2493 enim,
2277 2436 2341 2482 ut
2370 2428 2465 2499 qui
2489 2428 2813 2501 gravissime
2843 2430 2956 2486 sint
2980 2430 3198 2488 oﬂ‘ensi.
3226 2433 3517 2502 Quomodo

1918 2534 2052 2574 vero
2088 2535 2186 2576 eos
2231 2521 2326 2591 qui
2369 2520 2440 2576 ab
2479 2520 2741 2578 omnibus
2775 2524 2946 2579 totius
2968 2523 3214 2581 Orientis
3253 2526 3520 2585 Ecclesi’s

1918 2611 2156 2667 subinde
2200 2613 2311 2667 huc
2350 2613 2648 2678 ventitant,
2676 2624 2733 2669 et
2758 2622 2953 2671 contra
2985 2617 3102 2673 hate
3132 2617 3357 2674 schedia
3390 2635 3518 2691 gra-

1920 2704 2145 2761 vissime
2193 2713 2564 2771 murmurant,
2599 2707 2918 2764 sedabimus
2940 2709 2964 2761 ?
2989 2711 3073 2763 An
3115 2711 3341 2782 exiguas
3375 2711 3518 2768 forte

1922 2795 2113 2851 turbas
2137 2812 2207 2851 ex
2236 2797 2575 2869 ejuscemodi
2597 2799 2844 2855 homiliis
2877 2799 2934 2854 in
2964 2800 3214 2856 ecclesiis
3246 2802 3517 2857 excitatas

1920 2898 2014 2944 tua
2052 2890 2227 2959 pietas
2253 2890 2570 2947 existimat?
2598 2891 2806 2948 Omnes
2833 2893 2995 2948 enixe
3030 2892 3316 2959 sudamus,
3349 2904 3516 2964 atque

1919 2991 1983 3036 ut
2003 2984 2100 3038 e‘os
2121 2983 2216 3053 qui
2234 2983 2424 3039 nescio
2445 2999 2555 3054 quo
2576 2994 2738 3054 pacto
2765 2996 3026 3055 perverse
3049 3000 3242 3056 sapere
3264 2988 3517 3057 persuasi
3608 2974 3613 2979 ’

1921 3080 2073 3140 sunt,
2107 3074 2176 3129 ad
2207 3084 2419 3131 rectum
2449 3076 2704 3131 "veritatis
2730 3076 3004 3132 tramitem
3035 3076 3384 3143 reducamus,
3409 3078 3520 3134 im-

1922 3165 2126 3237 pendio
2150 3166 2518 3224 elaboramus.
2541 3166 2679 3224 Cum
2698 3183 2831 3239 ergo
2864 3168 3041 3239 pietas
3073 3179 3165 3224 tua
3190 3170 3333 3226 hanc
3365 3185 3518 3226 mur-

1923 3258 2180 3314 murandi
2198 3260 2585 3316 necessitatem
2604 3261 2873 3326 attulerit,
2898 3275 3031 3332 quo,
3051 3274 3258 3331 quaso,
3272 3262 3400 3334 jure
3428 3278 3517 3320 me

1922 3350 2181 3407 incusat?
2209 3350 2322 3407 Cur
2364 3352 2507 3407 odiis
2549 3352 2604 3407 in
2649 3368 2736 3408 me
2766 3352 2998 3425 ﬂagrat?
3036 3352 3148 3409 Cur
3188 3363 3398 3410 temere
3428 3370 3516 3411 me

1921 3445 2182 3499 allatrat?
2217 3444 2330 3500 Cur
2371 3445 2557 3516 potius
2593 3445 2883 3502 emendata
2934 3447 3185 3502 oratione
3225 3462 3322 3510 sua
3363 3448 3518 3505 orbis

1922 3536 2282 3592 offensionem
2307 3553 2417 3592 non
2439 3537 2632 3593 sanat?
2654 3537 2790 3593 Nam
2806 3538 2908 3594 etsi
2930 3538 3287 3609 praeterﬂuit
3307 3554 3513 3606 sermo,

1921 3636 2114 3699 utpote
2141 3629 2197 3683 in
2228 3630 2433 3700 populo
2463 3639 2718 3693 currens,
2748 3633 3103 3701 tameweria
3123 3632 3515 3689 retractatione

1920 3721 2269 3777 emendetur.
2304 3722 2383 3778 Ne
2425 3720 2694 3792 graveris,
2737 3723 2987 3787 obsecro,
3018 3723 3086 3780 iis
3119 3724 3213 3795 qui
3255 3725 3359 3795 21
3402 3739 3514 3783 non

1920 3812 2118 3868 leviter
2151 3812 2349 3868 oll‘cnsi
2392 3823 2542 3877 sunt,
2581 3828 2745 3868 unam
2782 3813 2925 3868 hanc
2971 3812 3285 3871 Theotocos
3322 3830 3513 3871 vocem

1919 3902 2131 3973 largiri,
2177 3917 2502 3974 sacramque
2543 3902 2824 3971 Virginem
2868 3905 3163 3977 Deiparam
3201 3909 3511 3979 appellare;

1920 4009 2033 4065 quo
2071 3994 2181 4050 illis
2216 3995 2311 4067 qui
2347 4012 2457 4050 non
2497 3997 2674 4051 levem
2707 3997 2837 4052 hinc
2868 3998 3188 4053 maestitiam
3221 4008 3509 4070 ceperunt.

1920 4086 2228 4152 medentes,
2260 4095 2318 4141 et
2356 4096 2559 4143 nostra:
2582 4100 2804 4159 quoque
2838 4086 2998 4144 famae
3024 4098 3081 4144 et
3118 4090 3511 4146 existimationi

1919 4179 2297 4241 consulentes.
2332 4179 2386 4234 in
2412 4180 2742 4250 populorum
2768 4196 2902 4252 pace
2930 4182 3351 4254 animorumque
3374 4198 3507 4239 con-

1919 4269 2174 4325 sensione
2195 4269 2599 4327 ecclesiasticos
2624 4283 2933 4329 conventus
2957 4272 3319 4329 celebremus.
3346 4270 3512 4330 Certo

1919 4368 2102 4418 autem
2135 4361 2314 4432 pietas
2341 4372 2432 4418 tua
2463 4378 2790 4433 persuasum
2827 4365 3045 4429 habeat,
3082 4379 3182 4421 nos
3205 4374 3261 4421 et
3291 4366 3510 4423 vincula

1917 4463 1973 4508 et
2007 4468 2259 4509 carceres
2283 4463 2340 4510 et
2381 4467 2579 4510 caetera
2623 4456 2805 4511 omnia
2839 4457 3109 4528 ejusmodi
3141 4459 3510 4524 incommoda,

211 4566 351 4628 κοῖς,
384 4563 485 4618 καὶ
517 4563 635 4624 τοῖς
663 4555 1068 4629 φιλακροάμοσι
1092 4554 1205 4608 τῶν
1232 4552 1379 4608 λαῶν
1400 4568 1412 4583 ο
1444 4551 1741 4647 ἐκδέδωκαῄ
1758 4548 1814 4601 δέ

1921 4545 2053 4617 quin
2081 4556 2136 4601 et
2165 4547 2342 4617 ipsum
2366 4564 2586 4619 quoque
2609 4550 2733 4603 vitae
2758 4548 3056 4605 discrimen
3088 4562 3316 4621 propter
3343 4551 3507 4608 Chri-

209 4656 350 4720 τὲως
374 4652 583 4709 οὐδενί.
614 4651 778 4715 Εἰκὸς
801 4644 919 4714 οὖν,
959 4647 1271 4711 ἐκδοθέντος
1302 4644 1398 4701 τοῦ
1430 4645 1613 4714 λόγου,
1648 4642 1813 4700 πάλιν

1921 4640 1988 4695 sti
2036 4640 2199 4696 [idem
2236 4640 2390 4695 adire
2433 4652 2657 4711 paratos
2699 4656 2842 4697 esse;
2882 4641 3090 4698 Credas
3123 4642 3312 4709 velim,
3338 4644 3511 4700 beata:

212 4746 577 4821 ίτκαλεῖσθαί
604 4762 695 4814 μεν
727 4745 810 4798 δτι
841 4742 938 4797 καὶ
966 4740 1075 4814 πρὸ
1093 4740 1197 4813 τῆς
1230 4737 1566 4812 χειροτονίας
1584 4737 1686 4809 τῆς
1714 4736 1812 4806 σῆς

1921 4734 2203 4790 memoria:
2226 4734 2407 4789 Attico
2434 4735 2737 4789 etiamnum
2759 4736 3077 4805 superstite,
3100 4736 3407 4807 quemdam
3423 4753 3509 4792 me

213 4837 532 4902 θεοσεϐείας
566 4835 904 4891 συντέθειται
930 4846 955 4874 ο
988 4834 1051 4888 τδ
1088 4832 1342 4903 λογίδιον.

1921 4826 1991 4882 de
2013 4841 2163 4882 sacra
2202 4836 2259 4881 et
2285 4826 2741 4882 consubstantiali
2768 4826 3038 4884 Trinitate
3070 4828 3315 4885 libellum
3354 4846 3509 4885 coma

214 4938 489 5009 posuisse,
536 4936 593 4989 in
638 4949 750 5005 quo
791 4945 849 4990 et
888 4931 957 4988 de
998 4930 1277 5004 Unigeniti
1314 4944 1533 5001 quoque
1558 4925 1939 4983 incarnatione
1969 4923 2232 4979 nonnulla
2286 4923 2356 4978 iis
2411 4938 2535 4993 quae
2596 4938 2742 4980 nunc
2779 4926 3103 4997 conscripsi,
3162 4926 3507 4984 concinentia

211 5032 424 5091 attexui
458 5049 474 5096 ;
516 5046 681 5103 quem
720 5039 777 5085 et
814 5027 1111 5101 episcopis,
1155 5034 1212 5081 et
1253 5024 1493 5089 clericis,
1520 5030 1579 5079 et
1631 5016 2064 5078 studiosioribus
2097 5033 2319 5088 quoque
2363 5016 2724 5088 popularibus
2785 5018 2927 5088 legi;
2992 5018 3127 5074 nulli
3164 5028 3348 5077 tamen
3407 5020 3507 5076 ad-

211 5130 323 5187 huc
344 5131 498 5186 illius
526 5128 742 5201 copiam
767 5126 897 5183 feci.
928 5123 1218 5182 Probabile
1248 5121 1306 5177 lit
1332 5136 1483 5193 ergo,
1519 5119 1671 5177 edito
1691 5119 1803 5190 jam
1844 5117 1951 5171 hoc
1975 5114 2453 5181 commentariolo,
2478 5130 2588 5203 non
2611 5114 2902 5171 defuturos
2954 5116 3047 5187 qui
3105 5129 3191 5171 me
3223 5129 3508 5180 accusent.

210 5242 339 5282 cum
390 5236 576 5281 tamen
618 5222 891 5293 eiusmodi
929 5220 1331 5278 oratiunculam
1403 5217 1846 5273 concinnaverim
1887 5213 2210 5284 priusquam
2244 5209 2863 5282 Constantinopolitanae
2933 5212 3188 5269 Ecclesia:
3220 5211 3500 5284 pontifica-

212 5334 307 5379 tus
328 5321 523 5393 pietati
561 5329 669 5377 ωε
699 5317 1077 5377 mandaretur.

286 5508 336 5541 "
378 5508 423 5564 ll
453 5507 582 5563 Cor.
618 5524 671 5565 v.
715 5505 795 5562 ιο.

1298 5619 1471 5675 Varia!
1491 5618 1757 5685 lectiones
1788 5620 1999 5675 codicis
2032 5616 2397 5690 Seguieriani.

292 5797 314 5827 '
513 5800 537 5826 ⁸
583 5788 880 5857 Ῥωμαίων
922 5786 1249 5856 Ἐκκλησέας
1295 5788 1619 5843 ἐπ·ςκόπον.
1718 5773 1745 5825 l‘
1778 5785 1895 5848 πῶς
1919 5783 1972 5836 δέ
2012 5785 2181 5855 μισεῖ,
2245 5785 2336 5837 καί
2400 5784 2474 5841 τίι
2566 5800 2589 5823 “
2660 5779 2887 5852 συνῳδάδ
2967 5779 2993 5819 d
3029 5778 3186 5833 αὐτά·
3267 5775 3504 5833 "ut"

217 5861 371 5915 (ιικι

463 5956 743 6019 Ριιτιιοι..
791 5955 911 6016 Gn.
964 5955 1260 6018 LXXVII.

3192 5938 3229 6006 2
