4116 6318
627 315 698 370 t3
1636 313 1695 371 s.
1734 312 2011 373 cmeu
2049 306 2520 369 ALEXANDRINI
2562 307 2886 369 ARCIllEP.
3246 366 3251 371 .
3826 295 3910 357 ﬂ

2038 568 2375 625 EPISTOLA
2410 568 2499 623 Ill.

1922 700 2167 741 NES‘I‘OIH
2207 702 2276 741 Δί)
2302 700 2580 741 εῑιιιιιωι.

624 808 877 876 Queritur
914 809 978 862 de
1011 809 1270 880 superiori
1292 806 1480 887 gyrilli
1505 804 1728 887 epistola
1746 806 1899 887 quasi
1921 804 2228 887 immodeste
2245 806 2467 887 scripta,
2491 805 2676 887 cuique
2696 801 3046 887 nihiijdcirco
3062 798 3494 887 respondendum
3528 805 3771 869 putaret;

1295 875 1412 948 fecit
1442 875 1729 948 presbyteri
1755 875 2042 945 Lamponis
2064 876 2322 929 instantia
2358 885 2417 928 ut
2440 875 2606 929 animi
2625 875 2938 928 sententiam
2962 879 3213 926 mutaret.

693 997 1122 1069 Religiosissimo
1173 1010 1227 1051 et
1274 994 1620 1051 sanctissimo
1663 995 2043 1051 comministro
2096 993 2202 1066 Cy-
2230 998 2280 1056 Α

2276 1044 2280 1054 ,
2378 994 2471 1066 Τῷ
2501 993 2900 1064 θεοφιλεστάτῳ
2925 992 3021 1046 καὶ
3052 989 3345 1061 ἁγιωτάτῳ
3370 1006 3470 1061 μου
3492 982 3901 1057 συλλειτουργῷ

619 1091 763 1157 rillo,
788 1090 1076 1146 Nestorius
1113 1090 1167 1144 in
1201 1089 1434 1144 Domino
1457 1088 1711 1144 salutem.

2307 1087 2585 1159 Κυρίλλῳ,
2620 1085 2915 1158 Νεστόριος
2941 1087 2999 1138 ὲν
3022 1083 3213 1154 Κυρίῳ
3238 1084 3470 1156 χαίρειν.

689 1182 839 1239 Nihil
878 1196 1011 1238 sane
1052 1180 1367 1237 Christiana
1402 1180 1679 1252 probitate
1705 1181 2007 1252 potentius.
2040 1182 2116 1236 Ea
2143 1191 2203 1235 ut

2380 1178 2548 1231 Οὐδὲν
2586 1176 2890 1240 ἐπιεικείας
2937 1174 3333 1247 Χριστιανικῆς
3376 1172 3702 1245 βιαιότερον.
3752 1165 3902 1223 ’Υπδ

619 1274 676 1330 in
726 1273 1021 1345 prasentia
1060 1288 1160 1343 per
1208 1271 1544 1342 Lamponem
1576 1272 1959 1345 presbyterum
1986 1273 2202 1343 religio—

2306 1269 2514 1342 ταύτης
2541 1266 2636 1325 οὖν
2683 1269 2779 1325 νῦν
2816 1269 2907 1324 διὰ
2934 1270 3027 1323 τοῦ
3071 1267 3474 1323 εὐλαϐεστάτου
3515 1264 3898 1336 πρεσϐυτέρου

616 1369 900 1425 sissimum
928 1367 1318 1431 scriberemus,
1340 1383 1443 1422 nos
1466 1367 1733 1437 compulit
1757 1385 1771 1432 ;
1794 1382 1919 1421 cum
1940 1366 2085 1421 enim
2109 1366 2201 1421 ille

2308 1363 2653 1432 Λάμπωνος,
2708 1362 2843 1433 πρὸς
2893 1363 2955 1415 τὸ
3013 1360 3187 1435 παρὸν
3229 1357 3569 1430 βεϐιάσμεθα
3617 1358 3894 1429 γράμμα,

616 1460 687 1517 de
742 1470 837 1516 tua
880 1462 1085 1532 pietate
1124 1460 1296 1514 multa
1336 1458 1588 1522 referret,
1631 1459 1912 1527 multaque
1954 1458 2198 1513 vicissim

2307 1455 2475 1511 πολλὰ
2544 1456 2643 1527 μὲν
2689 1456 2937 1520 εἰπόντος
2982 1458 3113 1527 ἡμῖν
3143 1454 3275 1527 περὶ
3321 1454 3420 1523 τῆς
3454 1453 3554 1523 σῆς
3582 1450 3896 1513 εὐλαϐείας,

614 1536 856 1618 audiret,
899 1562 1177 1623 postremo
1218 1550 1448 1620 urgendi
1490 1549 1655 1604 finem
1684 1549 1896 1604 nullum
1919 1548 2069 1614 fecit,
2097 1549 2198 1604 do-

2308 1546 2477 1600 πολλά
2501 1546 2557 1599 δὲ
2579 1546 2674 1599 κα)⁵
2695 1546 3031 1609 ἀκούσαντος
3054 1562 3066 1575 ·
3098 1548 3160 1599 τὸ
3192 1545 3501 1599 τελευταῖον
3520 1544 3620 1597 οὑκ
3650 1542 3898 1604 ἐνδόντος

613 1658 721 1699 nec
758 1643 922 1699 hasce
954 1659 985 1698 a
1028 1643 1189 1698 nobis
1233 1643 1449 1697 litteras
1482 1641 1832 1713 impetravit:
1861 1652 2199 1713 quapropter

2305 1642 2457 1710 ἡμῖν,
2497 1640 2602 1703 ἓως
2629 1640 2691 1693 τὸ
2728 1641 2859 1711 παρ’
2902 1640 3061 1711 ἡμῶν
3100 1632 3468 1712 εἰσεπράξατο
3498 1638 3755 1709 γράμμα,
3791 1635 3898 1690 καῖ⁵

612 1734 858 1789 hominis
897 1733 1302 1804 importunitati
1345 1748 1541 1795 manus
1588 1733 1862 1788 dedimus.
1931 1733 2090 1798 Nam,
2136 1743 2198 1788 ut

2303 1735 2371 1802 τῇ
2401 1731 2495 1784 τοῦ
2530 1731 2723 1803 ἀνδρὸς
2749 1733 3088 1803 νενικήμεθα
3120 1732 3232 1803 βία.
3280 1731 3449 1785 Φόϐον
3494 1731 3604 1800 γὰρ
3636 1725 3897 1800 ὁμολογῶ

610 1826 758 1897 quod
788 1840 878 1881 res
906 1834 993 1881 est
1040 1827 1277 1898 ingenue
1323 1826 1527 1891 fatear,
1557 1842 1669 1881 non
1712 1826 2047 1882 mediocrem
2096 1841 2195 1880 cn-

2305 1824 2605 1894 κεκτῆσθαι
2646 1825 2837 1887 πολὺν,
2886 1826 3017 1896 περὶ
3052 1826 3234 1879 πᾶσαν
3275 1824 3477 1888 παντὸς
3513 1821 3703 1894 ἀνδρὸς
3752 1821 3896 1892 Χρι-

605 1919 919 1991 juscunque
955 1916 1252 1973 Christiani
1295 1917 1401 1970 viri
1429 1917 1678 1987 probitas
1707 1917 1919 1989 (utpote
1961 1918 2016 1971 in
2039 1920 2197 1989 cujus

2306 1900 2588 1989 στιανικὴν
2612 1918 2935 1981 ἐπιείκειαν,
2960 1916 3036 1980 ὡς
3062 1916 3442 1988 ἐγκαθήμενον
3463 1916 3601 1987 αὐτῇ
3637 1913 3729 1967 τὸν
3755 1910 3896 1966 Osi»

608 2018 833 2080 pectore
852 2010 997 2065 Deus
1014 2008 1309 2086 inhabitet)
1329 2010 1581 2063 timorem
1600 2008 1733 2062 mihi
1755 2008 1953 2064 afferre
1973 2010 2191 2065 assolet.

2302 2010 2669 2081 κεκτημένην.
2703 2010 2784 2064 Τὰ
2819 2011 2917 2083 μὲν
2954 2006 3048 2065 οὖν
3083 2011 3217 2082 παρ’
3251 2009 3431 2081 ήμῶν,
3464 2007 3642 2062 καίτοι
3676 2004 3897 2059 πολλῶν

607 2101 849 2157 Proinde
883 2100 1032 2171 quod
1057 2099 1125 2154 ad
1148 2115 1249 2154 nos
1271 2099 1419 2169 ipsos
1441 2101 1657 2164 attinet,
1692 2100 1797 2154 etsi
1827 2116 1939 2154 non
1966 2116 2138 2169 pauca
2164 2117 2193 2155 a

2303 2102 2451 2172 παρά
2485 2102 2583 2172 τῆς
2618 2104 2716 2173 σῆς
2739 2101 3048 2166 θεοσεϐείας
3073 2104 3133 2156 οὺ
3162 2104 3303 2157 κατά
3328 2100 3631 2171 ἀδελφικὴν
3660 2096 3894 2167 ἀγάπην

607 2194 813 2264 pietate
856 2200 949 2246 tua
970 2192 1251 2262 designata
1281 2192 1391 2246 sint
1426 2190 1683 2246 fraternae
1710 2191 1964 2245 charitati
1997 2208 2192 2261 parum

2304 2194 2406 2263 (δεῖ
2436 2193 2544 2265 γὰρ
2576 2195 2751 2246 εἰπεῖν
2802 2194 3202 2266 εὐφημότερον)
3232 2194 3559 2264 γεγονότων,
3588 2194 3646 2246 ὲν
3678 2205 3897 2262 μακρο-

606 2286 969 2356 congruentia
994 2285 1232 2355 (oportet
1254 2285 1402 2338 enim
1419 2283 1665 2338 modeste
1683 2283 1879 2354 loqui),
1896 2285 2192 2341 scribimus

2301 2283 2475 2354 θυμία
2495 2300 2555 2336 τε
2587 2286 2682 2337 καὶ
2706 2284 2894 2356 ἀγάπῃ
2917 2285 3265 2355 γραμμάτων
3297 2283 3661 2355 προσρητικῇ.
3712 2276 3895 2342 Δείξει

605 2379 922 2450 aequitatem
965 2377 1134 2431 animi
1173 2385 1563 2431 conservantes
1603 2385 1660 2430 et
1698 2376 2042 2432 salutationis
2074 2376 2194 2431 ot'ﬁ-
2228 2412 2230 2418 ι

2269 2398 2271 2409 ν
2299 2374 2356 2427 δὲ
2382 2377 2416 2445 ἢ
2454 2376 2618 2445 πεῖρα
2644 2376 2889 2438 ποταπὸς
2914 2377 3045 2446 ἡμῖν
3068 2378 3097 2427 ὁ
3128 2376 3229 2445 τῆς
3250 2376 3401 2447 παρὰ
3430 2373 3524 2427 τοῦ
3554 2369 3894 2426 εὐλαϐεστά-

607 2471 755 2527 cium
784 2485 881 2540 per
898 2469 1113 2523 litteras
1140 2482 1262 2522 cum
1294 2467 1557 2522 charitate
1582 2467 1891 2537 implentes.
1917 2466 2192 2535 Quantum

2299 2485 2393 2521 του
2432 2467 2808 2539 πρεσϐυτέρου
2837 2470 3147 2541 Λάμπωνος
3171 2469 3289 2539 βίας
3320 2467 3549 2538 καρπός.
3580 2467 3768 2519 Πᾶσαν
3788 2463 3896 2533 τὴν

606 2576 741 2617 vero
783 2559 1079 2629 Lamponis
1122 2557 1521 2628 religiosissimi
1557 2558 1864 2629 presbyteri
1896 2557 2194 2613 vehemens

2303 2560 2400 2614 σὺν
2436 2561 2519 2614 σοὶ
2551 2560 2892 2632 ἀδελφότητα
2920 2561 3033 2630 ἐγώ
3073 2580 3135 2616 τε
3171 2563 3267 2615 καὶ
3311 2563 3360 2615 οἱ
3413 2562 3510 2614 σὺν
3547 2559 3671 2630 ἐμοὶ
3714 2574 3893 2628 προσ-

607 2654 878 2725 impulsus
900 2652 992 2706 ille
1026 2649 1268 2709 fructum
1304 2650 1463 2705 nobis
1492 2638 1755 2704 allaturus
1783 2651 1874 2714 sit,
1900 2648 2189 2719 experien-
2298 2652 2657 2725 αγορεύομεν.

605 2746 681 2800 tia
715 2745 832 2815 ipsa
869 2741 1289 2798 demonstrabit.
1362 2741 1708 2806 Universum,
1741 2756 1864 2811 qua:
1932 2750 2114 2796 tecum
2148 2748 2254 2808 est,
2294 2742 2695 2801 fraternitatem
2736 2755 2860 2818 ego,
2898 2749 3105 2820 quique
3151 2763 3367 2805 mecum
3405 2756 3552 2809 sunt,
3589 2744 3894 2799 salutatam

605 2838 879 2908 cupimus.

2192 2961 2262 2970 ...ι-.-

1961 3044 2066 3114 22
2106 3045 2441 3102 EPISTOLA
2480 3048 2566 3102 IV.

1934 3174 2139 3212 CYRILIJ
2171 3176 2235 3213 AD
2258 3176 2578 3216 Νεετοιιιυιι.

606 3278 845 3349 Injurias
877 3276 972 3330 sibi
1019 3276 1212 3363 illatas!
1241 3277 1477 3363 repellit;
1491 3275 1750 3363 simulque
1786 3276 2013 3348 explicat
2039 3295 2140 3348 quo
2162 3294 2318 3363 sensu
2332 3280 2773 3363 jugagynodulm
2808 3284 3081 3363 Merena":
3109 3291 3421 3363 sanctosque
3444 3279 3634 3335 Patres
3657 3279 3887 3335 Verbum

1040 3363 1162 3399 caro
1185 3346 1404 3415 factum,
1431 3346 1569 3402 Deus
1594 3356 1769 3410 natus,
1807 3346 2013 3418 passus,
2045 3346 2306 3414 inor-tuus,
2332 3346 2383 3405 et
2402 3351 2465 3405 B.
2496 3346 2650 3422 Virgo
2680 3351 2854 3406 Maria
2879 3350 3117 3423 Βάραθρα
3148 3346 3379 3407 dicatur.

677 3461 1114 3543 Religiosiss‘yno
1154 3460 1362 3532 Deique
1387 3461 1768 3517 amantissimo
1811 3462 2187 3517 comministro
2214 3472 2257 3527 ς.

2361 3463 2453 3535 Τῷ
2485 3464 2870 3535 εὐλαϐεστάτῳ
2923 3466 3019 3518 καὶ
3049 3462 3453 3535 θεοφιλεστάτῳ
3484 3460 3890 3535 συλλειτουργῷ

602 3554 884 3619 Nestorio,
915 3551 1158 3629 Cyrillus
1178 3551 1235 3605 in
1268 3552 1497 3606 Domino
1520 3551 1770 3606 salutem.

2289 3556 2594 3629 Νεστορίῳ,
2624 3555 2893 3627 Κύριλλος
2920 3557 2977 3609 ἐν
3005 3552 3197 3628 Κυρίῳ
3219 3556 3450 3629 χαίρειν.

678 3646 928 3717 Intelligo
964 3643 1230 3715 quosdam
1270 3659 1406 3699 mea
1435 3643 1579 3714 apud
1616 3654 1763 3698 tuam
1788 3645 2047 3714 pietatem
2074 3646 2189 3699 exi-

2359 3648 2823 3719 Καταφλυαροῦσι
2859 3648 2979 3719 μὲν,
3013 3648 3089 3710 ὡς
3132 3647 3317 3701 ἀκούω
3356 3646 3402 3712 ί,
3427 3647 3576 3710 τινὲς
3605 3646 3708 3716 τῆς
3739 3645 3885 3718 ἐμῆς

606 3737 910 3794 stimationi
958 3736 1094 3790 falso
1136 3736 1449 3800 detrahere,
1500 3736 1780 3805 multaque
1809 3745 2013 3791 temere
2045 3737 2186 3790 ciru-

2293 3739 2615 3812 ὑποληψεως
2638 3740 2729 3792 ἐπὶ
2754 3740 2852 3811 τῆς
2878 3740 2977 3809 σῆς
3003 3738 3317 3804 θεοσεϐείας
3335 3756 3349 3770 ’
3370 3740 3465 3792 καὶ
3488 3738 3647 3793 τοῦτο
3672 3737 3886 3809 ωχνῶς

605 3832 709 3887 tire
740 3849 755 3898 ;
793 3830 959 3900 idque
1006 3828 1224 3892 crebro,
1258 3844 1319 3883 ac
1344 3837 1462 3881 tum
1498 3830 1734 3884 maxime
1768 3829 1988 3898 quando
2014 3830 2187 3901 magi-

2287 3832 2387 3898 τὰς
2412 3834 2520 3887 τῶν
2539 3834 2597 3886 ὲν
2613 3832 2760 3886 τέλει
2786 3831 3038 3895 συνόδους
3056 3829 3592 3904 καιροφυλακοῦντες
3609 3831 3845 3903 μάλιστα
3862 3845 3879 3863 ’

603 3931 810 3979 stratus
854 3930 1129 3992 coguntur
1170 3937 1184 3986 ;
1236 3920 1467 3975 fortasse
1514 3921 1678 3976 etiam
1714 3922 2035 3976 nonnullam
2086 3922 2188 3976 hac

2290 3928 2386 3980 καὶ
2414 3927 2556 3997 τάχα
2603 3942 2706 3978 που
2741 3925 2838 3977 καὶ
2864 3925 3091 3995 τέρπειν
3126 3922 3367 3996 οἰόμενοι
3414 3923 3515 3995 τὴν
3552 3923 3653 3995 σὴν
3684 3923 3880 3995 ἀκοὴν,

601 4015 816 4070 ratione
845 4012 1269 4068 oblectationem
1294 4012 1523 4066 auribus
1563 4014 1673 4068 tuis
1723 4013 1921 4068 afferre
1965 4029 2023 4069 se
2070 4015 2189 4084 opi-

2288 4018 2384 4071 καὶ
2420 4016 2754 4085 ἀϐουλήτους
2784 4014 3062 4083 πέμπουσι
3093 4013 3297 4084 φωνὰς,
3320 4013 3640 4085 ἠδικημένοι
3667 4014 3765 4085 μὲν
3788 4014 3882 4067 οὐ·

601 4114 818 4171 nantes,
853 4106 1107 4161 homines
1133 4104 1282 4158 nulla
1312 4119 1552 4173 unquam
1586 4104 1784 4174 injuria
1810 4121 1840 4159 a
1862 4121 1948 4160 me
1981 4106 2183 4174 affecti,

2287 4110 2398 4173 δὲν,
2441 4108 2794 4177 ἐλεγχθέντες
2840 4106 2898 4159 δὲ
2940 4106 3223 4160 καὶτοῦτο
3270 4106 3561 4177 χρησίμως
3594 4108 3654 4147 ε·
3684 4108 3713 4159 ὁ
3754 4105 3882 4176 μὲν,

600 4200 700 4257 sed
743 4198 1040 4255 salubriter
1078 4206 1295 4253 tantum
1334 4196 1611 4251 convicti:
1655 4197 1745 4251 hic
1785 4199 2010 4267 quidem
2037 4201 2183 4270 quod

2287 4198 2369 4250 ὅτι
2399 4196 2637 4264 τυφλοὺς
2695 4195 2869 4265 ἠδίκει
2897 4197 2925 4236 ιι
2957 4196 3051 4249 καὶ
3085 4196 3361 4268 πένητας’
3406 4197 3433 4247 ὁ
3474 4196 3551 4262 δὲ,
3589 4195 3665 4260 ὡς
3706 4197 3882 4269 μητρὶ

604 4307 777 4347 ctecos
820 4304 1130 4361 egenosque
1176 4304 1275 4359 per
1318 4286 1574 4358 injuriam
1620 4293 1996 4358 Oppresserit;
2046 4293 2187 4347 alius

2288 4285 2442 4356 ξίφος
2482 4288 2872 4350 ὲπανατείναςο
2924 4288 2951 4339 ὁ
2998 4287 3077 4354 δὲ,
3132 4287 3440 4360 θεραπαίνῃ
3487 4287 3879 4359 συγκεκλοφὼς

529 4403 537 4408 ·
601 4382 748 4453 quod
770 4381 980 4437 ferrum
998 4381 1053 4434 in
1070 4389 1299 4434 matrem
1317 4378 1625 4443 strinxerit;
1650 4380 1792 4433 alius
1807 4382 1952 4449 quod
1975 4380 2154 4437 ancill:

2286 4378 2508 4448 χρυσίον
2551 4378 2863 4450 ἀλλότριον
2910 4379 3006 4433 καὶ
3055 4379 3315 4449 τοιαύτην
3352 4377 3605 4450 ἐσχηκὼς
3650 4379 3737 4434 ἀεὶ
3774 4381 3879 4454 τὴν

604 4465 863 4544 praesidio
907 4488 1102 4526 aurum
1153 4470 1395 4525 alienum
1439 4469 1753 4534 abstulerit,
1811 4478 1868 4525 et
1915 4473 2183 4543 ejusmodi

2287 4470 2583 4542 ὑπόληψιν,
2612 4473 2677 4541 ἣν
2720 4472 2820 4524 οὐκ
2847 4471 2914 4525 ἂν
2945 4472 3162 4536 εὔξαιτο
3195 4489 3282 4536 τις
3321 4472 3595 4544 συμϐῆναί
3631 4490 3741 4526 τισι
3780 4472 3881 4527 καὶ

602 4563 976 4635 improbitatis
1013 4561 1325 4632 suspicione
1360 4576 1574 4632 semper
1612 4561 1964 4626 laboraverit,
1995 4563 2182 4633 cujus-

2285 4563 2395 4616 τῶν
2419 4563 2540 4617 λίαν
2565 4562 2658 4634 ὲχθ
2670 4564 2797 4636 ρῶν.
2818 4565 2964 4634 Πλὴν
2994 4565 3052 4618 οὐ
3071 4566 3241 4628 πολὺς
3260 4562 3371 4617 τῶν
3396 4564 3651 4619 τοιούτων
3669 4568 3697 4620 ὁ
3716 4565 3878 4634 λόγος

599 4656 750 4712 modi
782 4673 850 4711 ne
886 4655 1285 4710 infensissimos
1308 4653 1529 4724 quidem
1557 4653 2008 4708 hosteslaborare
2024 4666 2181 4723 opta—

2289 4656 2432 4725 ἐμοὶ,
2471 4654 2561 4708 ἵνα
2590 4658 2727 4725 μήτε
2769 4654 2867 4708 ὑπὲ
2878 4673 2908 4726 ρ
2940 4656 3031 4707 τὸν
3068 4656 3347 4727 Δεσπότην
3389 4656 3484 4708 καὶ
3527 4655 3876 4722 διδάσκαλον,

598 4746 742 4802 verit
784 4744 1081 4815 quispiam.
1112 4743 1315 4799 Verum
1350 4743 1504 4807 istos,
1544 4752 1600 4796 et
1638 4743 1684 4797 si
1723 4744 1816 4813 qui
1853 4746 1971 4813 ejus
1994 4745 2183 4800 farinae

2292 4748 2431 4818 μήτε
2468 4745 2573 4817 μὴν
2634 4746 2775 4818 ὑπὲρ
2819 4750 2945 4811 τοὺς
2995 4750 3240 4818 πατέρας
3280 4748 3338 4801 τὸ
3384 4747 3483 4818 τῆς
3521 4748 3749 4820 ἐνούσης
3781 4765 3874 4818 μοι

600 4849 731 4898 sunt
767 4840 882 4905 alii,
923 4855 1034 4894 non
1061 4839 1293 4893 multum
1320 4852 1525 4902 moror,
1560 4852 1631 4892 ne
1667 4853 1830 4908 supra
1862 4839 2182 4909 magistrum
2217 4836 2225 4891 1

2254 4836 2631 4907 ιβραχύτητος
2680 4838 2979 4909 ὲκτείνοιμι
3026 4839 3041 4877 ί
3085 4838 3303 4910 μέτρον.
3336 4839 3413 4891 Οὐ
3456 4840 3566 4911 γὰρ
3601 4839 3879 4910 ἐνδέχεται

599 4942 657 4988 et
697 4931 1013 4995 Dominum,
1063 4928 1147 4983 vel
1186 4930 1349 4982 etiam
1390 4942 1556 4999 supra
1586 4927 1825 4999 majores
1855 4936 2069 4983 nostros
2096 4937 2180 4984 te-

2288 4929 2386 4991 τάς
2419 4927 2528 4982 τῶν
2563 4930 2782 4997 φαύλων
2816 4929 3097 4999 διαδράναι
3125 4930 3471 5000 σκαιότητας,
3509 4931 3584 4995 ὡς
3608 4931 3675 4985 ἂν
3702 4931 3904 4985 ἓλοιτά

605 5025 834 5080 unitatis
882 5038 1016 5078 mea:
1068 5036 1382 5075 mensuram
1436 5019 1733 5075 extendere
1782 5019 1991 5074 videar.
2039 5020 2182 5074 Ρὶίιεῑ

2292 5037 2373 5081 τις
2413 5017 2675 5070 διαϐιοῦν.
2743 5019 2883 5069 Ἀλλ’
2926 5022 3122 5073 ἐκείνοι
3172 5020 3269 5090 μὲν
3312 5021 3454 5091 ἀρᾶς
3504 5022 3600 5074 καὶ
3648 5021 3879 5093 πικρίας

599 5113 747 5169 enim
774 5112 867 5166 vix
894 5118 1094 5181 potest,
1120 5125 1503 5180 quamcunque
1522 5109 1742 5163 demum
1766 5110 1892 5163 vitae
1916 5113 2181 5163 rationm.

2318 5113 2489 5161 ναστὸν
2518 5109 2732 5179 ἔχοντες
2764 5112 2820 5164 τὸ
2854 5113 3051 5181 στόμα,
3074 5111 3154 5183 τῷ
3187 5113 3405 5168 πάντων
3437 5113 3876 5183 ἀπολογήσονται

599 5203 830 5267 inieris,
882 5210 942 5255 ut
992 5218 1287 5272 pravorum
1338 5201 1845 5270 maledicorumque
1895 5196 2178 5255 hominum

2294 5204 2469 5273 κριτῇ.
2500 5202 2854 5273 Τετράψομαι
2882 5203 2937 5257 δὲ
2960 5203 3122 5259 πάλιν
3152 5204 3262 5272 ἐγὼ
3284 5206 3421 5277 πρὸς
3440 5206 3502 5260 τὺ
3527 5206 3608 5259 ὅτι
3638 5205 3877 5277 μάλιστα

600 5296 794 5347 dentes
812 5290 1034 5346 evadas.
1060 5290 1167 5346 Sed
1188 5291 1267 5346 illi
1293 5292 1515 5362 quidem
1539 5291 1937 5346 maledicentia:
1956 5302 2011 5347 et
2030 5308 2182 5347 acer-

2288 5302 2495 5364 upsmw
2530 5293 2787 5364 ἐμαυτῷ·
2820 5295 2911 5347 καὶ
2948 5296 3246 5367 ὑπομνήσω
3270 5297 3367 5351 καὶ
3399 5298 3515 5361 νῦν,
3554 5298 3624 5359 ὡς
3646 5295 3876 5368 ἀδελφὸν

603 5383 790 5439 bitatis
831 5398 894 5437 os
931 5382 1155 5452 plenum
1190 5383 1456 5438 habentes
1480 5384 1549 5445 ⁸’,
1589 5399 1774 5437 coram
1807 5383 2052 5437 omnium
2091 5384 2167 5453 ju~

2290 5390 2343 5438 ἐν
2384 5390 2517 5445 ἕλᾳ-4η.
2618 5387 2664 5446 l,
2707 5387 2807 5449 τῆς
2834 5388 3185 5454 ῑιδασκαλίας
3211 5388 3304 5442 τὸν
3330 5388 3515 5459 λόγον,
3560 5393 3653 5445 κε’.
3686 5386 3746 5443 τὸ
3779 5386 3878 5445 ἐπὶ

668 5524 711 5552 ⁸¹
749 5522 892 5578 Psal.
920 5536 1034 5583 xm,
1056 5520 1110 5574 5.

1664 5640 1832 5694 "la‘rite
1855 5642 2124 5695 lectiones
2149 5642 2358 5695 codicis
2389 5639 2755 5713 Segu'xenam.

668 5756 689 5798 ί
724 5756 1002 5829 μανθάνω.
1084 5757 1107 5795 ⁸
1140 5756 1410 5828 χρηστῶς.
1501 5757 1527 5796 δ
1559 5761 1701 5821 tcta:
1733 5777 1813 5811 ιι.
1900 5762 1910 5798 ί
1951 5762 2261 5815 inductio.
2343 5759 2356 5811 i
2402 5760 2539 5833 Θεῷ.
