4146 6322
242 346 301 400 ir.
1664 298 2008 397 ειῖιετοιλι
2042 336 2133 395 ιγ.
3482 333 3579 391 ιτ

241 469 306 536 τῇ
339 462 523 517 gius;
554 462 818 535 φρόνημα
850 460 992 533 μετὰ
1027 461 1213 529 πάσης
1244 460 1547 531 ἀσφαλείας
1579 460 1850 516 ποιεῖσθαι

1963 459 2079 514 dice
2102 471 2325 514 causam
2348 455 2552 511 dicturi
2578 462 2727 511 sunt.
2760 455 2876 534 Ego
2909 468 3042 509 vero
3073 452 3141 509 ad
3172 451 3228 509 id
3256 450 3441 510 denuo
3461 469 3555 512 rc-

246 556 381 631 πρὸς
404 555 537 621 τοὺς
565 555 730 620 λαούς
751 572 765 586 ο
808 558 1009 609 ἐννοεῖν
1041 570 1122 616 τε.
1153 556 1235 608 ότι
1270 554 1330 609 τὸ
1362 554 1717 610 σκανδαλίσαι
1747 557 1841 609 καὶ

1963 566 2156 617 ret-sus,
2169 550 2317 622 quod
2334 566 2421 605 me
2436 548 2785 621 potissimum
2802 548 3001 603 decere
3015 546 3292 611 existimo,
3311 555 3366 602 te
3382 545 3553 603 veluti

250 649 413 721 μόνον
439 647 542 702 ἕνα
565 649 678 705 τῶν
710 649 923 721 μικρῶν
945 647 1058 701 τῶν
1084 648 1457 701 πιστευόντων
1475 647 1556 710 είς
1580 647 1839 717 Χριστὸν,

1946 647 2175 703 fratrem
2205 646 2265 703 in
2290 645 2525 700 Domino
2550 644 2859 699 etiamnum
2878 641 3185 698 admonere
3213 657 3327 697 non
3353 656 3551 714 grava-

245 741 527 814 ἀφόρητον
547 740 667 812 ἔχει
687 742 788 813 τὴν
811 740 1226 811 ἀγανάκτησιν·
1261 740 1310 793 εί
1336 739 1393 792 δὲ
1422 738 1488 809 δὴ
1518 737 1733 809 πληθὺς
1760 737 1846 808 εἰη

1963 741 2080 805 bor,
2103 748 2166 795 ut
2193 738 2460 793 doctrinae
2480 752 2797 793 sermonem
2821 736 3066 806 ﬁdeique
3092 734 3401 792 doctrinam
3425 749 3553 791 cum

246 834 488 907 τοσαύτη
511 835 621 889 τῶν
644 834 849 905 λελυπη
858 834 1063 904 μένων,
1079 834 1198 895 πῶς
1213 831 1548 903 ούχάπάσης
1567 828 1851 901 εὐτεχνίας

248 928 311 983 ιν
335 930 501 1002 χρεία
545 928 993 999 καθεστήκαμεν,
1026 926 1165 998 πρός
1200 941 1263 978 τε
1306 925 1367 978 τὸ
1410 924 1523 977 δεῖν
1564 923 1855 996 ἐμφρόνως

249 1020 535 1092 περιελεῖν
576 1020 649 1073 τὰ
694 1018 993 1081 σκάνδαλα,
1037 1018 1134 1071 καὶ
1184 1018 1276 1070 τὶν
1318 1018 1451 1085 ὑγιᾶ
1480 1014 1583 1085 τῆς
1613 1015 1855 1078 πίστεως

246 1109 595 1185 κατευρῦναι
632 1109 791 1181 λόγον
816 1112 931 1174 τοῖς
960 1107 1189 1181 ζητοῦσι
1217 1106 1280 1161 τὸ
1307 1107 1545 1178 ἀληθές;
1579 1106 1776 1159 Ἔσται
1796 1104 1856 1158 δὲ

247 1203 415 1258 τοῦτο
452 1202 727 1275 καὶμάλα
756 1201 960 1274 ὀρθῶς,
986 1203 1035 1255 εί
1076 1202 1192 1265 τοῖς
1220 1200 1331 1253 τῶν
1373 1198 1549 1267 ἁγίων
1590 1198 1856 1265 Πατέρων

252 1295 757 1366 περιτυγχάνοντες
798 1293 1019 1361 λόγοις,
1090 1294 1221 1363 περὶ
1272 1290 1473 1345 πολλοῦ
1535 1306 1599 1343 τε
1655 1289 1857 1351 αὐτοὺς

253 1387 533 1441 ποιεῖσθαι
577 1386 977 1457 σπουδάζομεν,
1023 1386 1119 1438 καὶ
1164 1383 1563 1455 δοκιμάζοντες
1601 1379 1854 1445 ἑαυτοὺς,

253 1479 307 1531 ιι
328 1479 500 1549 ἑσμὲν
536 1479 594 1531 ὲν
631 1481 699 1551 τῇ
746 1479 952 1542 πίστει,
993 1476 1137 1533 κατά
1178 1477 1239 1529 τὸ
1268 1473 1679 1547 γεγραμμένον,
1734 1474 1855 1535 ταῖς

251 1570 484 1624 iusin
505 1568 697 1642 όρθαῖς
722 1570 820 1624 καὶ
842 1569 1239 1639 ἀνεπιλήπτους
1266 1566 1289 1604 λ
1319 1568 1501 1632 δόξαις
1522 1567 1622 1630 τὰς
1645 1568 1703 1621 ὲν
1725 1566 1856 1637 ἡμῖν

253 1662 469 1727 ἱννοίας
496 1659 556 1717 εῦ
584 1664 731 1734 μάλα
770 1662 1224 1735 συμπλάττομεν.

1958 831 2110 887 omni
2150 832 2408 886 cautione
2452 831 2659 901 populo
2700 845 2998 900 proponas,
3040 828 3361 902 cogitesque
3385 826 3555 891 serio.

1962 921 2009 976 si
2036 922 2399 977 vehementer
2427 922 2506 977 illi
2541 922 2717 977 Deum
2744 921 2965 977 irritant
3000 921 3098 992 qui
3141 936 3174 976 e
3225 920 3559 992 pusillorum

1958 1030 2196 1070 numero
2226 1015 2314 1069 vel
2354 1030 2529 1069 unum
2571 1022 2787 1069 tantum
2828 1013 2886 1069 in
2922 1013 3205 1069 Christum
3238 1011 3557 1069 credentem

1960 1105 2463 1162 scandalizaverint
2513 1105 2594 1171 ⁸⁸,
2647 1113 2854 1175 quanta
2903 1103 3191 1177 diligentia
3234 1110 3562 1175 quantaque

1957 1199 2288 1256 dexteritate
2336 1197 2638 1272 opusg'sit,
2691 1198 2739 1252 si
2790 1204 2906 1252 tota
2944 1197 3217 1267 quaepiam
3255 1194 3562 1253 multitudo

1958 1293 2182 1365 gravius
2204 1292 2414 1347 oﬁ‘ensa
2433 1293 2528 1357 sit,
2556 1297 2635 1357 ut,
2664 1290 2939 1346 scandulis
2965 1288 3272 1360 prudenter
3290 1287 3559 1360 pracisis,

1963 1398 2159 1438 sanum
2193 1382 2322 1438 ﬁdei
2356 1397 2578 1437 sensum
2614 1396 3036 1451 sermonemque
3062 1380 3314 1437 veritatis
3345 1379 3562 1437 studio-

1963 1477 2041 1530 sis
2060 1475 2375 1531 ati‘eramus.
2403 1474 2485 1529 Ad
2518 1475 2625 1530 hoc
2652 1482 2835 1529 autem
2864 1474 3239 1544 praestandum
3260 1473 3563 1544 plurimum

1964 1567 2283 1632 contulerit,
2305 1567 2351 1621 si
2378 1577 2701 1624 sanctorum
2726 1567 2951 1622 Patrum
2983 1566 3191 1636 scripta
3219 1566 3560 1629 evolventes,

1966 1676 2131 1731 quam
2164 1660 2390 1717 maximi
2430 1659 2521 1714 illa
2563 1659 2744 1715 facere
2774 1658 3133 1727 Studeamus;
3167 1674 3379 1730 nosque
3410 1659 3563 1730 ipsos

253 1755 579 1825 probantes,
622 1772 755 1811 num
794 1757 971 1812 simus
1012 1756 1071 1811 in
1104 1754 1235 1820 fide,
1276 1764 1341 1810 ut
1374 1756 1643 1828 scripturn
1668 1761 1754 1810 est
1783 1751 1850 1820 “,
1890 1752 1955 1807 ad
2016 1751 2847 1823 rectasirrcorehensibiiesque
2902 1765 3097 1807 eorum
3123 1749 3430 1809 sententias
3458 1762 3561 1808 no-

251 1856 399 1902 stras
432 1848 797 1919 cogitationes
818 1856 945 1918 apte
972 1846 1405 1904 eonformemus.

332 1939 480 2009 Ἔφη
505 1941 688 1995 τοίνυν
713 1943 746 2011 ὴ
771 1942 902 2012 ἀγία
928 1942 1026 1995 καὶ
1055 1943 1268 2015 μεγάλη
1301 1942 1542 2009 σύνοδος,
1571 1942 1737 1997 αὐτὸν
1760 1944 1854 1997 τὸν

2032 1944 2204 2001 Sacra
2244 1944 2435 2015 itaque
2472 1952 2530 1999 et
2564 1959 2763 2015 magna
2790 1943 2883 1998 illa
2909 1943 3153 2016 synodus
3176 1943 3349 2000 tradit
3380 1945 3565 2017 ipsum

251 2033 321 2086 tat
348 2030 491 2085 Θεοῦ
527 2032 742 2105 Πατρδς
775 2034 917 2087 κατά
947 2034 1110 2104 φύσιν
1150 2035 1490 2106 γεννηθέντα
1528 2036 1657 2089 Υἰὸν
1695 2054 1855 2107 μονο-

250 2128 412 2196 γενῆ.
444 2125 537 2178 τὸν
578 2128 643 2180 ἐκ
670 2125 809 2179 Θεοῦ
852 2125 1110 2196 ἀληθινοῦ
1154 2126 1289 2180 Θεὸν
1332 2126 1607 2199 ἀληθινὸν,
1636 2128 1697 2181 τὸ
1740 2128 1857 2197 φῶς

252 2216 316 2270 τὸ
346 2218 414 2270 ὲκ
444 2217 542 2270 τοῦ
584 2218 791 2287 φωτὸς,
822 2219 913 2271 τὸν
956 2213 1125 2273 διἰοὗ
1154 2218 1225 2273 τὰ
1269 2219 1452 2273 πάντα
1486 2221 1786 2291 πεποίηκεν
1828 2222 1856 2272 ό

253 2308 470 2381 Πατὴρ,
488 2309 801 2375 κατελθεῖν,
828 2310 1177 2381 σαρκωθῆναί
1202 2328 1263 2364 τε
1286 2312 1380 2364 καὶ
1407 2312 1854 2383 ὲνανθρωπῆσαι,

252 2400 475 2463 παθεῖν,
507 2402 811 2472 ἀναστῆναι
839 2404 905 2473 τῇ
940 2403 1101 2477 τρίτῃ
1137 2404 1342 2476 ἡμέρᾳ,
1378 2406 1474 2457 καί¹
1502 2404 1747 2459 ἀνελθεῖν
1776 2407 1857 2468 είς

254 2494 545 2576 οὐρανούς.
581 2495 806 2559 Τούτοις
846 2496 903 2549 δὲ
945 2496 1038 2550 καὶ
1064 2499 1213 2568 ἡμᾶς
1245 2498 1476 2552 ἕπεσθαι
1503 2499 1585 2552 δεῖ
1612 2499 1709 2552 καὶ
1746 2500 1858 2562 τοῖς

254 2586 441 2657 λόγοις
470 2589 565 2641 καὶ
596 2592 711 2651 τοῖς
747 2588 1034 2659 δόγμασιν,
1072 2589 1390 2655 ἐννοοῦντας
1410 2630 1425 2655 ,
1456 2590 1510 2644 τί
1545 2592 1607 2645 τὸ
1638 2608 1858 2664 σαρκω·

257 2676 457 2749 θῆναι,
492 2678 587 2731 καὶ
627 2678 1049 2751 ὲνανθρωπῆσαι
1083 2680 1236 2751 δηλοῖ
1270 2680 1365 2735 τὸν
1393 2684 1457 2735 ὲκ
1488 2681 1626 2736 Θεοῦ
1661 2682 1855 2752 Λόγον.

255 2771 337 2827 06
367 2770 481 2843 γάρ
508 2789 693 2841 φαμεν
721 2773 803 2825 ὅτι
833 2773 865 2844 ἡ
895 2772 992 2825 τοῦ
1019 2773 1196 2843 Λόγου
1231 2772 1395 2843 φύοις
1423 2776 1860 2845 μεταποιηθεῖσα

257 2864 458 2934 γέγονε
510 2864 665 2936 σάρξ
702 2864 815 2917 ἀλλ’
854 2864 976 2918 οὐδὲ
1006 2866 1088 2919 ὅτι
1134 2868 1218 2929 είς
1245 2866 1367 2919 ὅλον
1407 2866 1695 2940 ἄνθρωπον
1732 2884 1861 2938 μετ-

256 2955 487 3029 εϐλήθη,
516 2956 609 3010 τὸν
630 2959 694 3011 ὲκ
720 2956 898 3029 ψυχῆς
927 2959 1023 3011 καὶ
1041 2956 1317 3029 σώματος·
1347 2961 1527 3013 ἐκεῖνο
1542 2959 1599 3013 δὲ
1634 2960 1857 3031 μᾶλλον,

257 3050 344 3106 ὅτι
363 3050 549 3122 σάρκα
575 3050 980 3122 ἑμψυχωμένην
1004 3052 1151 3124 ψυχῇ
1182 3052 1376 3125 λογικῇ
1405 3053 1613 3118 ὲνώσας
1638 3053 1669 3106 ό
1687 3054 1861 3123 Λόγος

256 3144 443 3213 ἑαυτῷ
463 3143 590 3198 καθ’
614 3144 933 3207 ὑπόστασιν,
969 3145 1266 3216 ἀφράστως
1286 3162 1348 3198 τε
1370 3145 1464 3199 καὶ
1485 3146 1861 3216 ἀπερινοήτως

180 3270 183 3271 ν
256 3233 487 3304 γέγονεν
512 3234 819 3305 ἄνθρωπος,
844 3237 940 3288 καὶ
959 3236 1375 3307 κεχρημάτικεν
1394 3235 1522 3298 Tib;
1544 3235 1857 3306 ἀνθρώπου,

1962 2036 2313 2107 unigenitum
2334 2036 2431 2090 Dei
2457 2036 2658 2091 Filium
2687 2038 3017 2094 naturaliter
3045 2040 3152 2110 23
3175 2055 3245 2096 ex
3264 2040 3380 2097 Deo
3399 2041 3567 2098 Patre

1959 2138 2174 2193 natum,
2209 2130 2380 2183 Deum
2406 2144 2604 2185 verum
2632 2130 2701 2185 de
2723 2130 2836 2186 Deo
2855 2147 3010 2195 vero,
3036 2132 3225 2188 lumen
3244 2132 3564 2198 delumlne,

1960 2236 2061 2292 per
2089 2235 2257 2289 quem
2287 2221 2455 2275 Pater
2477 2222 2664 2276 omnia
2690 2221 2958 2287 condidit,
2990 2222 3365 2289 descendisse,
3384 2224 3568 2281 incar-

1960 2319 2173 2373 natum,
2197 2320 2255 2365 et
2274 2311 2555 2366 hominem
2579 2313 2807 2375 factum,
2830 2328 3054 2382 passum
3073 2328 3217 2379 esse,
3242 2314 3405 2371 tertia
3423 2330 3569 2386 quo-

1960 2419 2069 2473 que
2121 2404 2212 2458 die
2246 2405 2639 2468 rcsurrexisse,
2681 2412 2739 2459 et
2774 2406 2843 2459 ad
2882 2406 3054 2461 cmlos
3099 2408 3435 2467 ascendisse.
3468 2407 3569 2465 llis

1962 2496 2152 2551 verbis
2170 2496 2367 2565 hisque
2383 2496 2733 2566 dogmatibus
2750 2513 2851 2555 nos
2868 2513 3091 2568 quoque
3116 2500 3375 2558 insistere
3395 2517 3568 2574 opor-

1966 2594 2063 2652 tet,
2093 2586 2501 2662 seduloanimo
2533 2596 2960 2658 pertractantes,
2979 2591 3309 2660 ecquidnam
3349 2595 3441 2660 sit,
3467 2594 3567 2650 Dei

1962 2679 2207 2735 Verbum
2250 2679 2601 2736 incarnatum
2642 2695 2708 2734 ac
2737 2680 3023 2736 hominem
3043 2682 3249 2738 factum
3282 2700 3425 2741 esse.
3461 2685 3570 2744 Nc-

1962 2788 2073 2843 que
2111 2773 2260 2828 enim
2301 2772 2539 2829 dicimus
2574 2773 2743 2829 Verbi
2778 2782 3035 2830 naturam
3065 2791 3168 2847 per
3189 2776 3275 2831 sui
3300 2775 3568 2835 mutatio-

1962 2880 2091 2921 nem
2152 2880 2375 2921 carnem
2427 2880 2552 2920 esse
2602 2864 2850 2933 factam;
2890 2866 2987 2922 sed
3037 2882 3220 2938 neque
3274 2869 3331 2924 in
3388 2877 3568 2927 totum

1963 2958 2247 3014 hominem
2273 2958 2719 3014 transformalam
2738 2975 2806 3014 ex
2822 2960 3013 3017 .anima
3027 2968 3084 3015 et
3103 2976 3338 3031 corpore
3365 2967 3571 3017 consti-

1962 3060 2143 3108 tutum
2173 3071 2187 3119 ;
2218 3053 2726 3109 asserimusautem
2756 3053 3021 3118 Verbum,
3053 3054 3207 3108 unita
3234 3054 3341 3110 sibi
3364 3069 3568 3111 secun-

1964 3145 2095 3200 dum
2138 3145 2479 3217 hypostasim
2512 3161 2680 3201 carne
2703 3146 2946 3205 animata
2973 3146 3227 3202 rationali
3246 3148 3453 3213 anima,
3479 3148 3567 3204 in—

1963 3236 2281 3308 explicabili
2333 3238 3001 3310 incomprehensibilique
3058 3238 3224 3294 modo
3283 3240 3565 3299 hominem

250 3325 323 3380 οὐ
357 3325 505 3379 κατά
535 3324 753 3393 θέλησιν
794 3326 985 3395 μόνην,
1020 3328 1054 3399 ἦ
1084 3328 1355 3380 εὐδοκίαν⁸
1391 3326 1508 3380 ἀλλ’
1534 3326 1657 3380 οὐδὲ
1693 3325 1770 3391 ὡς
1802 3328 1860 3381 ὲν

1965 3306 2192 3395 factum,
2217 3339 2275 3385 et
2297 3306 2541 3385 hominis
2565 3330 2765 3385 Filium
2797 3306 3097 3393 exstitisse.
3126 3348 3237 3389 non
3261 3348 3362 3401 per
3393 3332 3566 3392 solam

253 3415 572 3489 προσλήψει
602 3415 898 3488 προσώπου
932 3417 1115 3488 μόνου·
1150 3418 1245 3471 καὶ
1273 3417 1357 3471 ὅτι
1380 3416 1632 3488 διάφοροι
1671 3417 1772 3487 μὲν
1801 3419 1860 3470 αἱ

258 3508 402 3581 πρὶς
439 3507 671 3578 ἑνότητα
710 3506 809 3574 τὴν
840 3507 1105 3579 ἀληθινὴν
1136 3507 1490 3577 συναχθεῖσαι
1525 3508 1740 3576 φύσεις
1779 3502 1862 3572 εἷς

255 3598 319 3652 δὲ
354 3598 417 3663 ἐξ
443 3599 774 3670 ἀμφοτέρων
800 3599 1034 3669 Χριστὸς
1072 3598 1168 3651 καὶ
1206 3598 1356 3661 Υἱός
1392 3599 1490 3669 οὐχ
1518 3599 1594 3661 ὼς
1624 3598 1724 3671 τῆς
1752 3597 1863 3651 τῶν

257 3690 481 3763 φύσεων
526 3692 791 3762 διαφορᾶς
826 3693 1181 3765 ἀνῃρημένης
1214 3692 1300 3745 διά
1334 3691 1433 3764 τὴν
1468 3692 1691 3746 ἕνωσινο
1727 3693 1863 3746 ἀπο-

256 3782 575 3837 τελεσασῶν
612 3783 671 3837 δὲ
707 3782 908 3854 μᾶλλον
949 3786 1082 3854 ἡμῖν
1124 3784 1215 3837 τὸν
1256 3784 1354 3836 ἕνα
1401 3782 1607 3855 Κύριον
1655 3783 1865 3854 Ἰησοῦν

259 3877 502 3945 Χριστὸν
527 3876 623 3930 καὶ
656 3875 803 3941 Υἱὸν,
828 3876 1083 3947 θεότητός
1107 3894 1166 3930 τε
1188 3877 1283 3930 καὶ
1305 3875 1750 3949 ἀνθρωπότητυς,
1776 3875 1863 3929 διὰ

257 3972 365 4043 τῆς
398 3972 685 4044 ἀφράστου
719 3972 815 4025 καὶ
847 3973 1166 4045 ἀπορρήτου
1211 3971 1352 4043 πρὸς
1381 3970 1611 4039 ἑνότητα
1642 3969 1865 4040 συνδροο

264 4065 397 4136 μῆς.
430 4062 590 4117 Οῦτω
626 4081 684 4116 τε
719 4063 969 4133 λέγεται,
1003 4063 1181 4117 καίτοι
1227 4064 1333 4133 πρὸ
1360 4061 1573 4116 αἰώνων
1602 4061 1743 4132 ἔχων
1766 4060 1864 4132 τὴν

262 4154 526 4228 ὕπαρξιν,
559 4156 653 4210 καὶ
685 4156 971 4228 γεννηθεὶς
1007 4158 1073 4210 ὲκ
1112 4157 1362 4227 Πατρὸς,
1396 4154 1725 4227 γεννηθῆναι
1770 4155 1865 4207 καὶ

258 4249 412 4303 κατά
440 4249 621 4320 σάρκα
648 4250 713 4302 ὲκ
740 4242 1021 4317 γυναικὸς,
1054 4249 1154 4319 οὐχ
1175 4249 1250 4313 ὡς
1272 4247 1373 4325 τῆς
1401 4248 1552 4309 θείας
1576 4244 1749 4301 αὑτοῦ
1774 4245 1865 4314 φύ-

254 4358 411 4405 -σεως
444 4341 623 4413 ἀρχὴν
656 4342 749 4396 τοῦ
784 4336 927 4395 εῖναι
969 4340 1244 4412 λαϐούσης
1282 4340 1298 4379 ι
1333 4343 1391 4394 ἐν
1437 4343 1504 4413 τῇ
1546 4340 1682 4413 ἁγία
1715 4339 1867 4410 Hap-

264 4435 429 4510 θένιιγ
455 4436 582 4491 οὔτε
617 4437 724 4509 μὴν
746 4437 1033 4510 δεηθείσης
1069 4430 1387 4505 ἀναγκαίως
1418 4437 1484 4490 δι’
1516 4435 1715 4507 ἑαυτὴν
1740 4434 1865 4488 δευ-

264 4532 438 4603 τέρας
483 4531 824 4601 γεννήσεως.
869 4529 1009 4600 μετά
1050 4530 1150 4602 τὴν
1186 4534 1250 4583 ἐκ
1284 4528 1521 4601 Πατρός.
1565 4529 1720 4582 Ἔστι
1758 4528 1867 4598 γὰρ

266 4610 479 4679 εἰκαῖόν
509 4640 571 4677 τε
599 4622 734 4695 όμοῦ
766 4625 860 4677 καὶ
884 4623 1097 4695 ἀμαθὲς
1120 4623 1214 4678 τὸν
1242 4625 1557 4695 ὑπάρχοντα
1593 4623 1701 4695 πρὸ
1730 4640 1866 4677 παν-

264 4717 362 4780 τὸς
390 4714 623 4782 αἰῶνος,
650 4716 745 4770 καὶ
772 4716 1042 4771 συναῖδιον
1068 4716 1149 4787 τῷ
1192 4717 1371 4789 Πατρὶ
1393 4756 1409 4781 ,
1436 4714 1646 4769 δεῖσθαι
1680 4715 1863 4784 λέγειν

268 4808 450 4880 ἀρχῆς
482 4809 582 4879 τῆς
604 4811 682 4874 είς
704 4810 766 4863 τὺ
790 4804 927 4865 εἶναι
949 4810 1230 4882 δευτέρας.
1275 4808 1498 4881 Ἐπειδὴ
1518 4808 1576 4862 δὲ
1601 4809 1667 4862 δι’
1691 4810 1861 4880 ἡμᾶς,

265 4900 366 4953 καὶ
399 4899 491 4953 διὰ
518 4901 618 4973 τὴν
647 4902 921 4974 ἡμετέραν
957 4903 1236 4974 σωτηρίαν
1269 4901 1478 4967 ένώσας
1510 4902 1695 4975 ἑαυτῷ
1740 4903 1863 4957 καθ’

268 4991 573 5047 ὑπόστασιν
620 4988 681 5047 τὸ
730 4993 1096 5068 ἀνθρώπινον,
1141 4995 1416 5067 προῆλθεν
1464 4998 1530 5065 ἐκ
1574 4997 1862 5066 γυναικὸς,

268 5083 447 5159 ταύτῃ
465 5101 550 5139 τοι
570 5084 786 5155 λέγεται
806 5086 1134 5159 γεννηθῆναι
1159 5087 1458 5158 σαρκικῶς.
1482 5090 1556 5143 Οὐ
1583 5089 1692 5160 γὰρ
1721 5090 1867 5160 πρῶ-

267 5192 364 5230 τον
394 5176 683 5247 ἄνθρωπος
715 5180 981 5252 ἐγεννήθη
1009 5181 1187 5244 κοινὸς
1217 5184 1281 5236 ὲκ
1309 5182 1409 5253 τῆς
1448 5182 1611 5251 ἁγίας
1651 5182 1868 5256 Παρθέ-

268 5285 364 5323 νου
386 5282 400 5301 ⁸
446 5265 546 5323 εἷθ’
592 5270 735 5326 οὕτω
775 5275 1255 5345 καταπεφοίτηκεν
1294 5275 1382 5327 ἐπ’
1417 5275 1582 5328 αὑτὸν
1616 5278 1645 5329 ό
1674 5276 1867 5343 Λόγος·

268 5360 390 5413 ωλ⁹
434 5362 495 5429 ἐξ
537 5363 711 5433 αὐτῆς
754 5367 973 5439 μήτρας
1019 5368 1280 5432 ὲνωθεὶς,
1312 5368 1605 5437 ὑπομεῖναι
1651 5368 1871 5438 λέγεται

269 5453 529 5524 γέννησιν
560 5459 851 5531 σαρκικὴν,
891 5460 967 5526 ὡς
998 5460 1099 5531 τῆς
1140 5461 1275 5525 ἰδίας
1308 5461 1513 5533 σαρκὸς
1542 5461 1644 5532 τὴν
1675 5462 1872 5533 γέννη-

342 5593 408 5643 ι⁶³
436 5592 627 5652 Matth.
664 5606 818 5665 tvm,
847 5600 898 5654 6.
970 5599 1020 5629 ⁸⁸
1051 5601 1095 5657 ll
1118 5601 1248 5658 Cor.
1277 5619 1392 5668 xm,
1438 5603 1491 5658 5.

1965 3422 2306 3477 voluntatem
2356 3433 2453 3478 aut
2500 3424 2931 3494 beneplacitum,
2970 3423 3088 3481 sive
3124 3440 3225 3489 per
3244 3432 3417 3481 solam
3440 3442 3570 3497 per.

1967 3529 2117 3569 senae
2160 3515 2616 3585 assumptionem.
2666 3517 2735 3571 Et
2779 3515 3031 3587 quamvis
3071 3524 3287 3574 natura:
3317 3518 3431 3574 sint
3477 3518 3569 3575 di-

1966 3619 2161 3669 versae,
2203 3619 2331 3659 vera
2381 3614 2566 3660 tamen
2612 3606 2816 3663 unione
2850 3614 3151 3681 coeuntes,
3195 3624 3369 3664 unum
3404 3608 3570 3672 nobis

1967 3695 2246 3752 Christum
2275 3704 2333 3751 et
2363 3697 2565 3753 Filium
2596 3698 2945 3766 effecerunt;
2993 3715 3106 3757 non
3146 3699 3295 3771 quod
3336 3710 3566 3760 natur»

1969 3806 2090 3844 rum
2117 3790 2431 3847 diﬂ‘erentia
2459 3800 2687 3862 propter
2722 3791 2982 3847 unionem
3010 3791 3224 3847 sublata
3250 3792 3341 3857 sit,
3374 3808 3565 3853 verum

1969 3883 2118 3954 quod
2142 3884 2405 3939 divinitas
2431 3892 2488 3940 et
2507 3885 2826 3943 humanitas
2851 3894 3063 3944 secreta
3098 3884 3336 3956 quadam
3368 3885 3567 3945 ineﬂ’a-

1968 3975 2178 4046 bilique
2216 3977 2606 4049 conjunmione
2648 3976 2702 4031 in
2748 3991 2857 4033 una
2903 3992 3139 4047 persona
3191 3993 3365 4036 unum
3406 3977 3569 4040 nobis

1968 4068 2155 4123 Iesum
2186 4067 2471 4125 Christum
2511 4076 2570 4123 et
2608 4069 2811 4124 Filium
2851 4069 3265 4125 constituerint.
3297 4069 3381 4130 Ad
3415 4070 3568 4127 hunc

1972 4164 2219 4229 modum,
2256 4164 2351 4234 qui
2386 4173 2513 4220 ante
2542 4178 2707 4217 omne
2729 4163 2989 4218 saeculum
3022 4162 3257 4230 exsistit,
3287 4170 3343 4217 et
3369 4179 3438 4223 ex
3460 4163 3567 4218 Pa.

1973 4268 2053 4312 tre
2078 4258 2300 4327 genitus
2318 4256 2443 4321 fuit,
2478 4255 2786 4311 secundum
2815 4271 3035 4309 carnem
3061 4270 3128 4309 ex
3149 4255 3385 4313 muliere
3403 4264 3570 4315 natus

1970 4347 2212 4402 dicitur:
2244 4362 2354 4401 non
2398 4345 2545 4415 quod
2584 4345 2771 4400 divina
2818 4345 2967 4399 illius
3002 4354 3199 4402 natura
3233 4345 3569 4403 exsistentitn

1971 4456 2084 4495 sure
2120 4440 2337 4495 initium
2377 4440 2433 4493 in
2470 4455 2628 4494 sacra
2666 4439 2891 4509 Virgine
2925 4439 3244 4509 sumpserit,
3279 4448 3374 4493 aut
3417 4440 3565 4510 quod

1971 4542 2095 4604 post
2147 4534 2380 4603 primam
2424 4548 2493 4588 ex
2524 4533 2707 4596 Patre,
2740 4534 2910 4586 altera
2935 4540 3163 4602 propter
3200 4532 3437 4602 seipsam
3469 4548 3568 4603 ge-

1898 4654 1944 4713 D
1972 4624 2258 4679 iteratione
2303 4624 2616 4679 necessario
2659 4621 2996 4691 indiguerit:
3033 4620 3262 4676 stultum
3297 4630 3383 4677 est
3417 4622 3566 4676 enim

1969 4720 2244 4790 planeque
2298 4718 2546 4787 ineptum
2597 4731 2848 4770 asserere
2899 4730 3027 4769 eum
3068 4714 3163 4784 qui
3219 4722 3347 4769 ante
3378 4713 3567 4769 omnia

1967 4812 2164 4867 saecula
2206 4810 2355 4865 Patri
2380 4818 2690 4866 coaeternus
2724 4807 2962 4871 exsistit,
2998 4806 3170 4862 altera
3206 4805 3412 4872 denuo,
3455 4820 3569 4877 quo

1963 4906 2229 4961 exsistere
2263 4911 2462 4975 queat,
2496 4902 2850 4975 generatione
2886 4900 3193 4972 indiguisse
3227 4917 3239 4953 :
3281 4899 3379 4955 sed
3417 4899 3566 4971 quod

1966 5010 2190 5070 propter
2234 5013 2357 5061 nos,
2400 5004 2458 5052 et
2494 5006 2722 5069 propter
2763 5003 3010 5051 nostram
3051 4994 3284 5049 salutem
3324 4993 3567 5048 humana

1970 5100 2165 5145 natura
2194 5088 2501 5147 secundum
2541 5086 2880 5159 hypostasim
2904 5085 3010 5140 sibi
3036 5084 3212 5149 unita,
3238 5100 3304 5139 ex
3333 5083 3567 5139 muliere

1969 5194 2130 5239 natus
2175 5191 2294 5238 est:
2332 5183 2465 5237 hinc
2499 5190 2585 5236 est
2629 5180 2779 5250 quod
2821 5178 3125 5234 secundum
3150 5192 3373 5231 carnem
3400 5186 3567 5231 natus

1968 5275 2319 5347 praedicatur.
2382 5274 2503 5329 Non
2557 5272 2704 5326 enim
2763 5270 2942 5341 primo
2990 5268 3234 5339 vulgaris
3289 5268 3565 5338 quispiam

1970 5369 2136 5423 homo
2176 5384 2245 5423 ex
2285 5367 2511 5438 Virgine
2561 5374 2718 5421 ortus
2765 5374 2872 5429 est,
2910 5363 2968 5417 in
3007 5378 3171 5433 quem
3200 5362 3297 5417 Dei
3322 5362 3564 5419 Verbum

1970 5461 2171 5517 deinde
2207 5476 2329 5518 sese
2352 5460 2673 5525 demiserit;
2719 5460 2812 5514 sed
2840 5459 2896 5514 in
2923 5459 3045 5529 ipso
3070 5466 3231 5513 utero
3254 5455 3407 5511 carni
3436 5453 3562 5519 uni-

1345 5717 1514 5771 Variae
1540 5716 1807 5774 lectiones
1839 5715 2047 5775 codicis
2079 5715 2449 5789 δοκεύει-ἰπὶ.

350 5809 376 5849 ³
405 5810 845 5876 ἀνεπιπλήκτοις.
932 5811 948 5851 ι
982 5810 1275 5877 λανούσης.
