4146 6322
613 377 680 438 67
1649 371 1703 425 S.
1744 363 2022 425 CVRlLLl
2061 365 2532 422 ALEXANDRINI
2563 365 2884 422 ARCHIEP.
3823 357 3895 417 ὃὸ

612 500 731 550 tum
767 487 1071 546 secundum
1112 501 1333 542 carnem
1377 486 1724 558 progenitum
1763 484 1988 548 dicitur,
2010 490 2249 554 utpote}

2258 493 2276 548 ι
2305 500 2390 539 σιν
2428 483 2818 552 οἰκειούμενος.
2853 480 3011 534 Οὕτω
3040 478 3222 551 φαμεν
3247 478 3408 532 αὑτὸν
3442 477 3536 533 καὶ
3561 477 3776 540 παθεῖν,
3801 478 3895 530 καὶ

614 598 728 640 suae
768 579 952 638 carnis
997 578 1408 651 generationem
1450 577 1556 633 sibi
1600 586 1660 634 ut
1704 575 1983 648 propriam
2017 573 2197 630 vindi-

2303 576 2624 649 ἀναστῆναι,
2648 575 2749 646 οὐχ
2774 573 2851 638 ὡς
2879 573 2974 628 τοῦ
3003 570 3140 626 Θεοῦ
3161 571 3335 640 Λόγου
3364 569 3632 635 παθόντος
3652 572 3733 635 είς
3758 570 3895 624 ίδίαν

614 687 763 730 cans.
801 670 883 726 Ad
913 668 1169 725 eumdem
1204 668 1428 725 modum
1462 667 1600 724 illud
1636 681 1859 739 passum
1889 674 1947 721 et
1967 665 2202 721 resusci-

2303 668 2487 738 φύσιν,
2513 667 2548 740 ἢ
2587 666 2825 738 πληγὰς,
2855 665 2888 737 ἢ
2915 665 3226 738 διατρήσεις
3256 662 3422 735 ἥλων,
3449 663 3616 735 ἧγουν
3643 663 3712 719 τά
3736 663 3899 736 ῑτερα

615 773 793 820 totum
835 762 1093 827 dicimus,
1138 776 1247 816 non
1284 759 1432 830 quod
1474 759 1574 816 Dei
1603 757 1846 816 Verbum
1871 768 1968 813 aut
1990 757 2198 828 plagas,

2301 759 2412 813 τῶν
2448 758 2800 831 τραυμάτων·
2834 755 3048 821 ἀπαθὲς
3081 755 3192 826 γὰρ
3223 755 3286 809 τὸ
3299 754 3478 820 Θεῖον,
3511 756 3595 810 ὃτι
3624 755 3722 810 καὶ
3751 753 3899 811 ἀσώ-

616 866 714 914 aut
751 856 1032 912 clavorum
1070 853 1490 924 perforationes,
1528 860 1625 908 aut
1649 852 1755 906 alia
1791 849 1845 906 id
1872 865 2047 922 genus
2078 849 2202 903 vul-

2308 869 2498 924 ματον·
2535 852 2723 923 ἐπειδὴ
2765 850 2822 904 δὲ
2849 849 2910 904 τὸ
2939 850 3166 919 γεγονὸς
3197 847 3363 902 αὑτοῦ
3420 847 3550 901 ἴδιον
3599 846 3762 918 σῶμα
3806 847 3901 901 πέ-

617 967 750 1006 nera
782 951 840 1004 in
876 949 1153 1020 propriam
1177 955 1430 1001 naturam
1461 945 1736 1016 acceperit
1765 963 1778 1000 :
1817 960 1944 1000 nam
1967 953 2030 999 ut
2059 942 2186 997 divi-

2305 945 2469 999 πονοε
2490 943 2685 1010 ταῦτα,
2713 944 2878 998 πάλιν
2902 941 3067 1006 αὐτὸς
3086 940 3308 1010 λέγεται
3338 938 3531 993 παθεῖν
3551 937 3695 1010 ὑπὲρ
3720 937 3900 1009 ἡμῶν.

615 1057 751 1099 num
773 1055 977 1096 numen
1009 1038 1255 1108 corporis
1274 1051 1470 1108 expers
1490 1045 1595 1102 est,
1641 1037 1717 1092 ita
1745 1036 1961 1108 perpeti
1985 1050 2204 1107 quoque

2305 1034 2417 1093 Ἦν
2437 1038 2548 1111 γὰρ
2575 1039 2605 1091 ὁ
2634 1037 2851 1108 ἀπαθὴς
2875 1039 2933 1091 ὲν
2959 1035 3039 1107 τῷ
3067 1034 3334 1104 πάσχοντι
3358 1030 3593 1104 σώματι.
3626 1029 3786 1084 Κατά
3812 1030 3904 1084 τὸν

616 1132 760 1190 nihil
781 1138 964 1203 potest
993 1146 1006 1195 ;
1040 1125 1150 1200 24
1174 1126 1268 1182 sed
1299 1129 1428 1198 quia
1461 1141 1665 1197 corpus
1693 1126 1842 1198 quod
1865 1126 1969 1182 sibi
1991 1125 2202 1182 ascive-

2307 1129 2423 1184 εσον
2453 1129 2512 1183 δὲ
2540 1128 2762 1201 τρόπον.
2798 1127 2894 1182 καὶ
2935 1127 3028 1181 ἐπὶ
3057 1125 3153 1180 τοῦ
3193 1123 3450 1179 τεθνάναι
3481 1121 3730 1194 νοοῦμεν·
3769 1121 3905 1176 ἀθά-

618 1235 722 1290 rat,
775 1224 891 1279 hzec
929 1220 1033 1277 fuit
1072 1229 1384 1292 expertum,
1425 1235 1548 1275 eam
1579 1219 1654 1286 ob
1676 1234 1790 1274 rem
1814 1218 1996 1290 ipsum
2026 1215 2205 1272 nostri

2307 1239 2467 1286 νατος
2497 1222 2606 1295 γάρ
2651 1220 2794 1276 κατὰ
2826 1219 3009 1290 φύσιν,
3053 1218 3152 1272 καὶ
3184 1216 3487 1291 ἄφθαρτος,
3529 1216 3624 1270 καὶ
3658 1213 3773 1286 ζωὴ
3809 1216 3905 1269 atat

618 1332 784 1374 causa
839 1315 932 1370 illa
981 1327 1304 1386 perpessum
1353 1310 1640 1367 asseritur.
1694 1311 2000 1383 lmpatibile
2056 1310 2206 1365 enim

2308 1314 2570 1380 ζωοποιός
2595 1315 2744 1367 ἐστιν
2771 1316 2800 1367 ό
2819 1311 2916 1367 τοῦ
2944 1312 3080 1366 Θεοῦ
3110 1318 3149 1341 ⁸
3174 1311 3366 1380 Λόγος.
3409 1308 3631 1380 Ἐπειδὴ
3661 1308 3718 1363 δὲ
3743 1306 3905 1362 πάλιν

619 1409 862 1466 Verbum
899 1408 956 1462 in
993 1421 1226 1477 corpore
1266 1403 1482 1476 patibili
1529 1404 1845 1459 exsistebat.
1886 1403 2033 1458 ldem
2057 1411 2111 1458 et
2137 1402 2207 1457 de

2308 1407 2368 1461 τὸ
2396 1407 2526 1460 ἴδιον
2559 1404 2724 1459 αὐτοῦ
2752 1405 2912 1476 σῶμα
2944 1405 3127 1476 χάριτι
3156 1401 3317 1466 Θεοῦ,
3349 1402 3496 1456 καθά
3525 1418 3691 1473 φησιν
3711 1401 3740 1454 ό
3767 1398 3908 1454 Παῦ-

617 1502 867 1576 ejusdem
929 1515 1152 1572 quoque
1214 1507 1392 1554 morte
1438 1499 1744 1563 sentimus,
1787 1497 2061 1568 siquidem
2109 1496 2207 1552 Dei

2308 1500 2419 1564 λος,
2454 1499 2596 1569 ὑπὲρ
2630 1479 2834 1562 παντὸς
2863 1497 3130 1567 ἐγεύσατο
3161 1495 3429 1560 Θανάτου,
3460 1494 3680 1564 λέγεται
3709 1494 3907 1548 παθεῖν

620 1597 884 1661 Verbum,
923 1601 1117 1666 suapte
1146 1601 1341 1648 natura
1374 1592 1686 1647 immortale
1717 1601 1774 1647 et
1796 1607 1826 1647 a
1849 1592 2208 1662 corruptione

2309 1593 2471 1656 αὐτὸς
2513 1592 2603 1646 τὸν
2635 1591 2776 1662 ὑπὲρ
2818 1590 2980 1662 ἡμῶν
3028 1590 3281 1646 θάνατον·
3326 1591 3427 1661 οὐχ
3471 1589 3548 1654 ὡς
3582 1591 3663 1653 είς
3707 1590 3908 1661 πεῖραν

618 1687 882 1752 αὲθηυω,
906 1693 962 1741 et
981 1685 1092 1741 vita
1114 1698 1335 1738 rursum
1354 1689 1410 1736 et
1433 1680 1717 1736 viviﬁcans
1735 1689 1838 1736 est.
1857 1680 2060 1736 Verum
2077 1680 2205 1750 quia

2310 1682 2480 1737 ἐλθὼν
2508 1682 2602 1739 τοῦ
2643 1683 2896 1748 θανάτου,
2928 1685 2990 1738 τό
3037 1701 3102 1754 γε
3135 1679 3273 1758 ἧκον
3303 1685 3384 1747 είς
3412 1681 3511 1754 τὴν
3541 1680 3710 1737 αὑτοῦ
3744 1680 3911 1752 φύσιν

619 1795 784 1837 suum
823 1777 996 1848 ipsius
1029 1789 1229 1846 corpus
1267 1771 1508 1845 gratuito
1550 1772 1648 1828 Dei
1691 1787 1921 1828 munere
1944 1781 2204 1836 mortem,

2312 1776 2664 1849 (ἀποπληξία
2695 1777 2807 1848 γὰρ
2845 1777 3005 1831 τοῦτο
3032 1777 3215 1846 λέγειν
3243 1777 3277 1848 ἦ
3318 1776 3599 1848 φρονεῖν),
3647 1775 3767 1831 ἀλλ’
3801 1775 3907 1842 ὅτι,

619 1879 914 1930 attestante
952 1869 1125 1925 Paulo
1146 1868 1216 1933 ",
1248 1866 1496 1923 omnium
1516 1881 1682 1922 causa
1706 1864 2037 1937 degustavit,
2065 1863 2127 1920 ﬁt
2145 1874 2208 1920 ut
2237 1856 2256 1912 Ι

2274 1863 2564 1942 ῖκαθάπερ
2606 1869 2745 1942 ἔφην
2782 1869 3020 1942 ἀρτίως,
3054 1872 3091 1942 ἡ
3137 1869 3278 1942 σὰρξ
3307 1869 3472 1924 αὑτοῦ
3510 1870 3776 1940 ἐγεύσατο
3815 1867 3911 1923 θα-

621 1970 802 2041 ipsum
829 1973 1064 2020 mortem
1089 1970 1317 2034 propter
1338 1976 1441 2017 nos
1469 1974 1792 2032 perpessum
1814 1958 2031 2015 dicatur
2054 1973 2068 2012 :
2095 1972 2207 2014 non

2308 1962 2496 2020 νάτου.
2513 1960 2674 2018 Οῦτω
2698 1963 2792 2017 καὶ
2817 1962 3201 2036 ἐγηγερμένης
3225 1962 3391 2017 αὐτοῦ
3420 1965 3521 2034 τῆς
3548 1964 3772 2034 σαρκὸς,
3803 1961 3911 2016 πά-

620 2058 768 2132 quod
800 2057 1002 2128 ipsum,
1037 2054 1186 2126 quod
1209 2053 1434 2124 quidem
1459 2050 1528 2107 ad
1550 2050 2107 2122 propriam'naturam
2128 2054 2210 2102 at-

2309 2058 2395 2114 λιν
2422 2059 2458 2130 ἡ
2497 2058 2798 2124 ἀνάστασις
2826 2057 2992 2113 αὐτοῦ
3031 2058 3268 2128 λέγεται·
3305 2059 3406 2129 οὐχ
3438 2057 3516 2124 ὡς
3538 2059 3800 2124 πεσόντος
3831 2056 3913 2120 είς

622 2152 779 2218 tinet,
837 2157 1070 2205 mortem
1107 2144 1391 2217 exceperit
1417 2142 1652 2216 (insania
1683 2157 1922 2212 namque
1950 2155 2101 2196 mera
2125 2154 2212 2195 es-

2311 2149 2541 2223 φθοράν·
2573 2149 2650 2223 μὴ
2677 2151 2909 2219 γένοιτο·
2939 2149 3056 2204 ἀλλ’
3085 2151 3167 2203 ὅτι
3195 2149 3257 2203 τὸ
3281 2148 3446 2204 αὐτοῦ
3482 2149 3646 2204 πάλιν
3668 2151 3913 2222 ἐγήγερ-

620 2251 727 2310 set,
779 2241 928 2298 istud
970 2240 1058 2295 vel
1098 2238 1304 2302 dicere,
1351 2235 1440 2292 vel
1483 2231 1769 2306 cogitare),
1803 2230 1899 2288 sed
1927 2231 2057 2301 quia
2077 2245 2210 2286 caro

2309 2260 2402 2298 ται
2441 2243 2624 2314 σῶμα.
2665 2241 2825 2297 οὕτω
2874 2240 3112 2314 Χριστὸν
3143 2241 3242 2295 ἶνα
3280 2241 3375 2296 καὶ
3404 2239 3613 2315 Κύριον
3638 2240 3912 2313 ὁμολογή-

621 2337 772 2394 illius
817 2343 1075 2398 mortem,
1130 2340 1191 2387 ut
1233 2329 1398 2386 modo
1433 2328 1671 2393 aiebam,
1718 2323 2048 2398 degustavit.
2083 2321 2208 2414 Pari

2313 2351 2500 2405 σομεν·
2529 2334 2628 2406 οὐχ
2648 2333 2726 2399 ὡς
2743 2333 3030 2407 άνθρωπον
3055 2333 3603 2406 συμπροσκυνοῦντες
3623 2331 3703 2404 τῷ
3724 2332 3909 2404 Λόγῳ.

624 2426 811 2493 modo,
843 2425 974 2496 quia
998 2437 1126 2479 caro
1144 2421 1294 2476 illius
1311 2418 1641 2485 resurrexit,
1667 2426 1726 2474 et
1747 2418 1852 2490 ipsi
1873 2415 2210 2473 resurrectio

2313 2423 2402 2480 ἵνα
2452 2423 2528 2497 μὴ
2572 2424 2746 2496 τομῆς
2791 2424 3062 2494 φαντασία
3122 2425 3623 2497 παρεισκρίνηται,
3672 2423 3763 2478 διὰ
3812 2422 3912 2479 ταῦ

625 2519 896 2576 tribuitur
929 2536 942 2572 :
980 2532 1090 2572 non
1117 2514 1267 2587 quod
1303 2515 1484 2585 ipsum
1520 2511 1787 2568 ceciderit
1822 2510 1879 2566 in
1903 2497 2214 2580 corruptio—

2312 2515 2494 2586 λέγειν
2515 2517 2576 2571 τδ
2595 2557 2611 2582 ,
2641 2518 2784 2572 σύν·
2820 2517 2939 2572 ἀλλ’
2976 2517 3055 2582 ὡς
3095 2517 3192 2571 ἕνα
3221 2517 3318 2572 καὶ
3345 2517 3438 2571 τὸν
3470 2516 3634 2574 αὑτὸν
3669 2531 3915 2588 προσκυ-

622 2627 772 2678 nem,
798 2610 942 2667 absit
969 2611 983 2664 !
1020 2607 1118 2664 sed
1140 2608 1272 2678 quia
1295 2621 1488 2662 rursus
1509 2620 1711 2676 corpus
1741 2604 1890 2660 illius
1908 2602 2214 2659 exsuscita-

2312 2605 2555 2674 νοῦντες,
2584 2607 2669 2662 δτι
2699 2607 2775 2680 μὴ
2800 2607 3080 2682 ἀλλότριον
3108 2607 3205 2662 τοῦ
3231 2608 3408 2678 Λόγου
3435 2608 3496 2663 τὸ
3530 2609 3692 2682 σῶμα
3717 2608 3915 2678 αὐτοῦ,

624 2716 739 2763 tum
753 2712 856 2762 est.
875 2703 955 2758 lta
972 2715 1146 2758 unum
1167 2697 1828 2755 ChristumetDominum
1857 2694 2212 2766 conﬁtemur;

2319 2699 2439 2771 μεθ’
2469 2693 2531 2755 οῦ
2561 2700 2658 2753 καὶ
2689 2699 2842 2772 αὐτῷ
2871 2699 3183 2772 συνεδρεύει
3211 2700 3292 2772 τῷ
3334 2702 3530 2774 Πατρί·
3565 2703 3667 2774 οὐχ
3704 2702 3782 2768 ὼς
3819 2701 3916 2758 δύο

623 2816 736 2858 non
773 2796 924 2870 quod
959 2795 1244 2851 hominem
1278 2807 1387 2847 una
1422 2805 1550 2847 cum
1596 2787 1777 2846 Verbo
1802 2787 2120 2853 adoremus,
2145 2803 2217 2842 ne

2317 2793 2483 2848 πάλιν
2507 2793 2939 2866 συνεδρευόντων
2966 2792 3121 2858 υίῶν,
3152 2792 3269 2846 ἀλλ’
3304 2793 3382 2856 ὡς
3417 2795 3539 2859 ἐνὸς
3565 2793 3688 2849 καθ’
3715 2795 3916 2850 ῑνωσιν

624 2892 762 2952 illud
801 2907 922 2947 cum
970 2887 1153 2954 Verbo,
1195 2886 1436 2957 aliquam
1460 2883 1751 2940 divisionis
1771 2882 2222 2954 imaginationem

2323 2884 2462 2957 μετά
2496 2885 2596 2958 τῆς
2638 2885 2778 2950 ιδίας
2810 2885 3034 2958 σαρκός.
3079 2885 3209 2940 Ἐὰν
3237 2885 3294 2940 δὲ
3333 2886 3434 2958 τὴν
3460 2886 3584 2942 καθ’
3617 2888 3918 2943 ὑπόστασιν

623 2985 796 3045 menti
839 2982 1104 3057 obiiciat;
1145 2980 1244 3037 sed
1287 2993 1460 3036 unum
1496 2977 1866 3048 eumdemque
1901 2975 2216 3042 adoramus,

2319 2977 2514 3032 ενωσιν
2548 2976 2581 3048 ἢ
2616 2976 2694 3042 ὡς
2726 2977 3022 3047 ἀνέφικτον
3059 2976 3092 3048 ἢ
3123 2975 3200 3042 ὡς
3227 2976 3441 3048 ἀκαλλῆ
3471 2978 3924 3052 παραιτούμεθα,

623 3076 1069 3152 quandoquidem
1093 3087 1297 3144 corpus
1310 3085 1471 3127 suum
1484 3086 1596 3126 non
1610 3076 1695 3126 est
1713 3069 1953 3125 alienum
1969 3083 2001 3122 a
2016 3067 2218 3132 Verbo,

2321 3070 2671 3141 ἐμπίπτομεν
2715 3071 2797 3134 εἰς
2830 3070 2892 3124 τὸ
2934 3069 3032 3124 δύο
3055 3070 3238 3140 λέγειν
3287 3071 3457 3135 υἱούς.
3516 3072 3759 3143 Ἀνάγκη
3806 3073 3921 3146 γὰρ

626 3188 750 3231 cum
776 3186 887 3242 quo
909 3168 1056 3268 Patri
1079 3165 1289 3267 assidet
1317 3182 1330 3218 :
1357 3179 1468 3219 non
1487 3161 1637 3233 quod
1664 3161 1775 3218 duo
1799 3160 1898 3216 lilii
1939 3160 2087 3259 Patri
2125 3175 2218 3214 as-
2243 3209 2263 3267 ί

2323 3164 2474 3216 πᾶσα
2507 3161 2762 3234 διορίσαι,
2792 3162 2886 3216 καὶ
2918 3165 3096 3218 εἰπεῖν
3127 3162 3220 3217 τὸν
3243 3163 3362 3235 μιν,
3388 3163 3680 3236 ἄνθρωπον
3707 3165 3923 3232 ίδικῶς,

626 3263 843 3321 sideant
875 3278 888 3315 :
936 3257 1142 3315 assidet
1182 3255 1333 3311 enim
1376 3267 1521 3308 unus
1553 3259 1784 3318 tantum,
1827 3265 1926 3321 per
1951 3248 2210 3304 unionem
2243 3248 2263 3267 ‘

2284 3248 2288 3266 ’
2317 3256 2383 3326 τῇ
2410 3253 2503 3307 τοῦ
2527 3254 2661 3308 Υίοῦ
2691 3255 2885 3328 κλήσει
2912 3257 3299 3328 τετιμημένον·
3328 3256 3514 3322 ίδικῶς
3534 3257 3592 3312 δὲ
3613 3258 3804 3325 πάλιν,
3825 3259 3921 3316 τὸν

627 3371 756 3414 eum
781 3351 1005 3426 propria
1029 3363 1213 3406 carne.
1245 3346 1402 3414 Quod
1426 3345 1473 3402 si
1496 3345 1760 3401 unionem
1782 3342 2087 3399 secundum
2111 3341 2217 3414 hy-

2316 3348 2380 3400 ὲκ
2409 3345 2546 3401 Θεοῦ
2576 3347 2770 3417 Λόγον,
2799 3348 3048 3420 υίότητος
3076 3348 3250 3421 ὄνομά
3282 3367 3342 3404 τε
3372 3351 3466 3404 καὶ
3503 3352 3693 3423 χρῆμα
3723 3351 3922 3425 ἔχοντα

627 3447 894 3523 postasim
917 3454 1176 3515 tanquam
1201 3437 1820 3511 incornprehens‘ibilem
1843 3435 2217 3492 indecentem-

2317 3437 2587 3506 φυσικῶς.
2629 3439 2705 3494 ού
2727 3437 3034 3512 διαιρετέον
3067 3441 3359 3514 τοιγαροῦν
3390 3443 3472 3507 είς
3494 3445 3645 3508 υἱοὺς
3672 3443 3789 3509 δύο,
3826 3445 3921 3499 τὸν

627 3558 738 3615 que
781 3535 1278 3612 repudiaverimus,
1316 3549 1384 3590 eo
1425 3530 1768 3603 prolabimur
1808 3536 1869 3584 ut
1903 3528 2044 3584 duos
2074 3527 2220 3583 ﬁlios

2318 3529 2413 3584 ινα
2447 3530 2653 3604 Κύριον
2695 3528 2906 3605 Ἰησοῦν
2935 3534 3190 3606 Χριστόν.
3228 3534 3494 3606 Ὠφέλησε
3521 3540 3646 3591 κατ’
3675 3536 3870 3592 ούδένα
3893 3549 3921 3576 ο

629 3648 754 3691 esse
794 3632 1068 3687 dicamus.
1099 3627 1336 3683 Necesse
1369 3633 1454 3680 est
1489 3622 1639 3679 enim
1669 3620 2011 3693 distinguere
2041 3629 2099 3676 et
2123 3635 2220 3676 vo-

2319 3625 2521 3696 τρόπον
2547 3624 2644 3679 τὸν
2688 3624 2851 3698 ὀρθὸν
2895 3626 2998 3698 τῆς
3042 3629 3281 3693 πίστεως
3329 3628 3488 3699 λόγον
3531 3631 3614 3694 είς
3649 3630 3712 3685 τὸ
3746 3629 3923 3698 οὕτως

630 3740 780 3791 care,
824 3724 1060 3779 alterum
1100 3718 1327 3791 quidem
1362 3732 1463 3788 per
1499 3731 1557 3772 se
1578 3715 1858 3770 hominem
1883 3713 2007 3770 Filii
2030 3713 2220 3785 appel-

2320 3715 2485 3787 ἔχειν,
2525 3716 2628 3772 κᾶν
2661 3720 2712 3772 εἰ
2745 3717 3057 3790 προσώπων
3079 3719 3277 3774 ἕνωσιν
3314 3721 3709 3794 επιφημίζουσί
3748 3740 3918 3788 τινες,

630 3818 835 3875 latione
858 3816 1280 3873 cohonestatum
1305 3828 1320 3878 ;
1347 3811 1585 3865 alterum
1606 3823 1741 3863 vero
1763 3822 1862 3878 per
1889 3822 1947 3862 se
1973 3821 2038 3861 ac
2067 3821 2220 3862 seor-

2321 3809 2398 3862 Ού
2421 3808 2530 3882 γάρ
2555 3810 2776 3882 εἴρηκεν
2800 3812 2834 3883 ἡ
2859 3811 3052 3884 Γραφὴ
3071 3814 3154 3868 ὅτι
3179 3815 3207 3868 ό
3229 3814 3402 3883 Λόγος
3426 3815 3718 3887 ἀνθρώπου
3746 3818 3921 3890 πρόσο

631 3924 754 3965 sum
795 3906 894 3962 Dei
939 3904 1206 3969 Verbum,
1255 3900 1402 3972 quod
1447 3908 1503 3955 et
1537 3914 1740 3955 nomen
1768 3907 1823 3953 et
1847 3913 1964 3954 rem
1996 3913 2218 3968 quoque

2320 3917 2470 3956 ωπον
2498 3901 2708 3974 ἥνωσεν
2739 3903 2950 3975 ἑαυτῷ,
3001 3905 3118 3960 ἀλλ’
3166 3906 3250 3959 ὅτι
3297 3905 3490 3975 γέγονε
3545 3906 3703 3976 σάρξ.
3743 3906 3818 3962 Τὸ
3858 3908 3917 3963 ϐδ

635 3999 915 4058 llliationis
942 3997 1267 4053 naturaliter
1304 3993 1572 4049 obtineat.
1613 3991 1774 4048 Nulla
1796 3990 1982 4062 itaque
2005 3989 2220 4046 ratione

2325 3991 2504 4064 σάρκα
2535 3992 2791 4069 γενέσθαι
2817 3993 2911 4048 τὸν
2944 3994 3138 4064 Λόγον,
3163 3997 3316 4051 οὐδὲν
3349 3997 3538 4072 ἕτερόν
3563 4000 3731 4067 ἑστιν,
3759 4001 3808 4054 ει
3841 3999 3919 4072 μὴ

633 4109 806 4152 unum
843 4091 1138 4148 Dominum
1170 4096 1419 4143 nostrum
1459 4085 1645 4141 Jesum
1677 4084 1962 4140 Christum
1997 4083 2055 4138 in
2080 4082 2221 4139 duos

2322 4085 2404 4139 ὅτι
2435 4085 2838 4159 παραπλησίως
2866 4087 3000 4159 ἡμῖν
3029 4088 3293 4161 μετέσχεν
3316 4090 3548 4163 αἵματος
3575 4091 3668 4146 καὶ
3689 4092 3916 4163 σαρκός.

634 4185 779 4241 ﬁlios
820 4183 1082 4239 divellere
1120 4178 1202 4235 fas
1237 4189 1340 4236 est.
1381 4179 1551 4234 Porro
1591 4185 1778 4233 autem
1818 4185 1879 4231 ut
1913 4175 2126 4247 integra
2148 4174 2222 4229 sit

2328 4178 2491 4232 Ἰδιον
2525 4178 2585 4232 δὲ
2626 4178 2789 4249 σῶμα
2830 4179 2893 4233 τὸ
2931 4179 3092 4252 ἡμῶν
3130 4181 3462 4253 ἐποιήσατο,
3501 4184 3598 4238 καὶ
3645 4181 3924 4257 προῆλθεν

635 4280 753 4336 haec
772 4285 921 4336 recta
946 4276 1074 4332 lidci
1101 4276 1260 4340 ratio,
1284 4273 1424 4328 nihil
1447 4273 1554 4328 erit
1572 4272 1695 4327 usui
1712 4287 2071 4342 personarum
2087 4270 2222 4326 unio

2325 4267 2611 4339 ἄνθρωπος
2666 4271 2732 4324 ἐκ
2775 4269 3064 4339 γυναικὸς,
3101 4271 3202 4326 ούκ
3250 4271 3647 4345 ἀποϐεϐληκὼς
3679 4273 3740 4327 τὸ
3774 4268 3918 4328 εἶναι.

637 4388 803 4446 quam
848 4371 1070 4442 quidam
1111 4377 1344 4441 ponunt.
1391 4367 1511 4422 Non
1563 4366 1713 4421 enim
1749 4364 2050 4434 Scriptura
2088 4362 2224 4419 dicit

2324 4361 2477 4427 Θεὸς,
2514 4363 2611 4417 καὶ
2641 4363 2704 4417 τὸ
2734 4363 2798 4417 ὲκ
2822 4361 2959 4418 Θεοῦ
2994 4363 3358 4438 γεγεννῆσθαι
3386 4365 3623 4437 Πατρός·
3659 4364 3797 4422 ἀ).λά
3824 4369 3922 4421 καὶ

638 4465 880 4524 Verbum
907 4461 1146 4519 hominis
1173 4474 1470 4532 personam
1501 4457 1606 4514 sibi
1629 4457 1955 4522 associasse,
1989 4455 2085 4513 sed
2106 4471 2224 4512 car-

2328 4452 2385 4506 ὲν
2434 4453 2739 4526 προσλήψει
2792 4455 2996 4526 σαρκὸς
3052 4454 3382 4528 μεμενηκὼς
3418 4457 3556 4528 ὅπερ
3602 4451 3691 4527 ἦν.
3747 4454 3923 4510 Τοῦτο

633 4571 764 4614 nem
790 4557 996 4612 factum
1025 4570 1166 4609 esse.
1193 4552 1351 4621 Quod
1387 4559 1571 4607 autem
1603 4550 1845 4606 Verbum
1868 4565 1996 4604 caro
2013 4549 2220 4605 factum
2252 4565 2270 4622 ι

2280 4568 2298 4618 ι
2327 4547 2623 4620 πρεσϐεύει
2663 4545 2942 4619 πανταχοῦ
2973 4547 3075 4618 τῆς
3111 4545 3376 4619 ἀκριϐοῦς
3411 4546 3648 4611 πίστεως
3679 4547 3707 4601 ό
3737 4547 3917 4617 λόγος·

634 4648 961 4720 perhibetur
991 4646 1061 4711 ⁸⁸,
1097 4645 1152 4701 id
1172 4644 1323 4700 aliud
1355 4644 1491 4700 nihil
1517 4651 1603 4699 est
1626 4658 1791 4714 quam
1813 4642 1962 4712 quod
1989 4642 2222 4713 perinde

2324 4638 2500 4705 οὕτως
2523 4640 2829 4711 εὑρήσομεν
2848 4640 2976 4705 τοὺς
2997 4639 3186 4708 ἁγίους
3207 4639 3620 4713 πεφροντικότας
3645 4640 3919 4711 Πατέρας·

634 4755 699 4798 ac
712 4755 815 4796 nos
835 4739 988 4796 carni
1005 4749 1060 4794 et
1082 4739 1334 4810 sanguini
1355 4735 1782 4794 communicavit
1803 4735 1870 4790 ⁸⁷.
1897 4734 2071 4791 Suum
2091 4751 2230 4808 ergo

2324 4731 2468 4788 οὕτω
2501 4731 2873 4805 τεθαρσήκασι
2897 4730 3161 4787 Θεοτόκον
3184 4733 3362 4786 εἰπεῖν
3388 4731 3486 4802 τὴν
3513 4732 3675 4801 ἁγίαν
3708 4732 3921 4804 Παρθέ-

633 4832 764 4890 fecit
795 4840 1045 4888 nostrum
1086 4846 1308 4902 corpus,
1346 4829 1658 4901 prodiitque
1685 4829 1852 4884 homo
1877 4845 1946 4884 ex
1966 4828 2222 4894 muliere,

2325 4842 2436 4882 νον·
2468 4826 2568 4897 οὐχ
2589 4825 2665 4890 ὼς
2691 4829 2789 4898 τῆς
2807 4824 2910 4880 τοῦ
2932 4824 3110 4894 Λόγου
3136 4823 3373 4896 φύσεως,
3399 4827 3515 4898 ἦτοι
3536 4825 3637 4897 τῆς
3665 4825 3919 4898 θεότητος

633 4924 836 4980 deitate
863 4923 1106 4988 interim,
1131 4929 1227 4977 aut
1248 4936 1317 4976 ex
1339 4921 1501 4976 Patre
1522 4920 1810 4975 nativitate
1834 4935 1944 4975 non
1969 4919 2218 4990 abiecta;

2325 4920 2492 4976 αὑτοῦ
2537 4921 2639 4994 τὴν
2671 4921 2848 4994 ἀρχὴν
2891 4921 2988 4975 τοῦ
3027 4916 3166 4975 εῖναι
3206 4919 3478 4992 λαϐούσης
3511 4921 3579 4975 ὲκ
3607 4919 3709 4991 τῆς
3754 4919 3918 4990 ἀγίας

635 5014 835 5071 mansit
864 5015 1010 5071 enim
1041 5015 1095 5070 in
1114 5015 1228 5085 ipsa
1245 5027 1465 5084 quoque
1487 5013 1670 5069 carnis
1682 5013 2056 5084 assumptione
2074 5013 2222 5084 quod

2325 5013 2607 5087 Παρθένου
2627 5029 2640 5042 ·
2674 5013 2788 5068 ἀλλ’
2823 5013 2902 5078 ὡς
2940 5013 3298 5084 γεννηθέντος
3347 5012 3405 5080 ἐξ
3439 5013 3609 5084 αὐτῆς
3633 5010 3730 5068 τοῦ
3759 5012 3917 5084 ἁγίου

633 5114 773 5161 erat.
809 5105 926 5161 Hoc
961 5104 1068 5176 25
1097 5103 1391 5161 exactioris
1414 5103 1541 5159 ﬁdei
1564 5103 1814 5160 doctrina
1847 5104 2052 5176 ubique
2078 5120 2221 5175 prae-

2319 5108 2601 5180 σὼματος,
2641 5107 2988 5180 ψυχωθέντος
3019 5124 3080 5161 τε
3109 5105 3367 5176 λογικῶς,
3417 5100 3463 5177 ᾧ
3497 5109 3593 5161 καὶ
3631 5105 3752 5161 καθ’
3783 5106 3917 5161 61:6-

634 5193 817 5254 dlcat:
847 5195 952 5253 hoc
981 5205 1202 5252 sanctos
1226 5196 1420 5252 Patres
1451 5197 1689 5252 sensisse
1725 5197 2066 5268 reperiemus
2097 5214 2110 5250 :
2146 5197 2219 5252 ita

2322 5217 2514 5255 στασιν
2545 5200 2767 5266 ἑνωθεὶς
2801 5203 2829 5255 ό
2867 5199 3041 5270 Λόγος
3066 5238 3082 5265 ,
3118 5197 3476 5272 γεγεννῆσθαι
3503 5198 3722 5268 λέγεται
3771 5198 3913 5253 κατὰ

634 5305 745 5346 non
778 5288 1103 5346 dubitarunt
1135 5304 1346 5345 sacram
1381 5287 1662 5359 Virginem
1706 5288 1997 5359 Deiparam
2030 5290 2220 5360 appel-

2324 5292 2523 5364 σάρκα.
2553 5291 2739 5346 Ταῦτα
2774 5293 2868 5347 καὶ
2902 5289 2999 5346 νῦν
3028 5290 3104 5356 ὠς
3134 5291 3194 5359 ἐξ
3223 5290 3447 5362 ἀγάπης
3474 5290 3576 5361 τῆς
3606 5291 3665 5343 ὲν
3690 5289 3918 5364 Χριστῷ

634 5383 749 5438 lare
773 5401 788 5451 ;
826 5398 938 5438 non
961 5382 1106 5450 quod
1147 5381 1310 5438 Verbi
1341 5389 1562 5446 natura,
1591 5379 1831 5450 ipsiusve
1852 5377 2116 5437 divinitas
2137 5395 2226 5437 or-

2323 5386 2540 5457 γράφω,
2566 5385 2902 5457 παρακαλῶν
2922 5385 2998 5450 ὡς
3018 5384 3266 5456 ἀδελφὸν,
3295 5386 3390 5439 καὶ
3409 5383 3917 5457 διαμαρτυρόμενος

635 5487 725 5531 tus
746 5476 833 5532 sui
860 5474 1195 5547 principium
1217 5491 1286 5531 ex
1315 5484 1503 5531 sancta
1525 5473 1748 5544 Virgine
1783 5476 2102 5545 sumpserit,
2127 5475 2226 5531 sed

2326 5477 2557 5531 tvdmtov
2602 5477 2698 5532 τοῦ
2733 5477 2872 5532 Θεοῦ
2917 5479 3012 5533 καὶ
3053 5479 3166 5533 τῶν
3205 5479 3479 5535 ἐκλεκτῶν
3520 5478 3770 5549 ἀγγέλων
3819 5477 3918 5534 αὑ-

701 5619 747 5653 ⁸³
788 5620 956 5675 Hebr.
991 5637 1046 5687 ιι,
1080 5620 1134 5676 9.
1201 5617 1247 5650 ⁸⁸
1277 5619 1433 5674 Joan.
1481 5635 1519 5682 ι,
1565 5618 1648 5671 14.
1725 5616 1770 5649 ⁸⁷
1801 5618 1968 5673 Hebr.
1997 5636 2056 5686 ιι,
2107 5621 2192 5675 ll.

1695 5729 1872 5785 Variae
1900 5730 2165 5790 lectiones
2197 5732 2406 5789 codicis
2441 5731 2783 5804 Seguieriani

699 5859 742 5890 ⁸³
774 5856 841 5906 ἐγ.
862 5850 1019 5906 Θεοῦ.
1094 5860 1122 5888 ³
1151 5851 1330 5921 ὀνήσει
1369 5849 1423 5903 δὲ
1459 5851 1574 5904 κατ’
1607 5849 1813 5906 οὐδένα.
