4116 6318
572 330 637 395 οι
1608 337 1666 391 s.
1707 338 1984 395 CYHILLI
2022 339 2494 399 unaunam
2533 312 2853 401 iacuisse.
3782 334 3862 401 ss

573 463 903 522 compones,
947 449 1474 508 consubstantialem
1501 450 1848 510 divinitatem
1874 456 2146 528 patibilem

2264 460 2576 531 πρόσφατον
2623 456 2891 531 γεννητὴν
2929 456 3028 532 τὴν
3062 454 3145 530 τῷ
3177 455 3353 528 [largi
3387 452 3685 512 συνατδιοψ
3722 454 3854 515 οὐδὲ

571 556 696 600 esse
724 559 738 593 :
766 550 863 597 aut
885 558 1008 613 qua
1034 541 1184 598 Patri
1207 556 1386 598 coaeva
1415 550 1522 607 est,
1552 560 1749 602 recens
1774 558 1957 603 natam
1985 565 2107 606 esse
2141 568 2154 604 :

573 643 671 692 aut
714 650 839 707 quae
878 635 1144 707 templum
1167 634 1409 690 solutum
1437 639 1817 699 cxsuscitavit.
1852 642 2149 698 exsuscita-

571 724 685 784 tam
709 743 850 784 esse.
878 727 1035 797 Quod
1059 728 1104 783 si
1130 727 1197 783 ad
1220 727 1517 784 fraternam
1539 730 1869 787 medicinam
1892 750 2058 791 aures
2077 744 2159 790 at-

572 817 790 893 tuleris,
819 830 1135 877 sanctorum
1160 822 1385 878 Patrum
1410 825 1597 881 verbis
1618 827 1674 881 in
1692 828 1934 884 medium
1952 829 2153 895 allatis,

569 928 640 969 ea
688 915 980 980 calumnia,
1030 930 1152 986 qua:
1198 923 1254 971 et
1303 918 1560 975 Patribus
1608 930 1666 975 et
1705 921 1911 978 divinis
1934 939 2157 994 quoque

571 1007 877 1080 Scripturis
904 1009 1192 1065 evidenter
1222 1009 1569 1076 adversatur,
1606 1020 1658 1068 te
1686 1014 1955 1069 liberabo.
1988 1015 2160 1070 Aiunt

568 1116 701 1174 ergo
728 1119 742 1154 :
776 1099 1068 1157 Credimus
1092 1101 1149 1156 in
1178 1103 1472 1157 Dominum
1502 1115 1757 1160 nostrum
1778 1106 1967 1161 Jesum
1990 1106 2156 1161 Chri-

569 1202 717 1251 stum
739 1191 939 1249 Filium
963 1191 1083 1265 ejus
1106 1193 1476 1266 unigenitum.
1502 1192 1748 1252 Observa
1770 1198 1861 1254 hic
1878 1200 2159 1270 quomodo

568 1286 886 1355 Dominum,
900 1286 1112 1352 Iesum,
1130 1285 1435 1354 Christum,
1458 1288 1837 1360 Unigenitum,
1854 1299 1910 1347 et
1932 1291 2155 1357 Filium,

567 1378 795 1435 nomina
840 1377 1032 1450 utique
1068 1394 1192 1450 quae
1224 1380 1480 1436 humana:
1516 1380 1823 1453 divinaeque
1852 1393 2065 1439 natura:
2089 1400 2157 1437 ex

564 1483 725 1539 equo
772 1470 1137 1534 conveniunt,
1179 1471 1409 1541 perinde
1439 1489 1504 1527 ac
1526 1473 1881 1529 fundamenta
1904 1475 2156 1545 quaedam

564 1560 1009 1629 substernentes,
1047 1563 1465 1629 incarnationis,
1490 1567 1689 1621 mortis
1711 1576 1768 1622 et
1794 1568 2157 1626 resurrectio-

562 1650 655 1707 nis
701 1651 1055 1716 traditionem
1109 1655 1256 1711 illico
1280 1656 2152 1730 subjungantsuperstruantque,

562 1756 765 1814 nempe
830 1757 940 1815 quo
1000 1745 1388 1801 communibus
1432 1748 1765 1818 quibusdam
1832 1752 2155 1808 nominibus

2264 555 2577 609 ἀναστᾶσαν
2618 552 2717 625 τὴν
2768 552 2860 607 τὸν
2914 549 3208 623 λελυμίνον
3265 549 3396 603 ναὸν
3441 550 3853 623 ἀναστήσασαν.

2262 646 2382 700 Κάν
2414 658 2504 717 μοι
2523 644 2621 710 τὰς
2643 644 2813 708 ἀκοὰς
2839 645 2919 708 είς
2946 642 3239 715 ἀδελφικὴν
3268 639 3510 712 ἰατρείαν
3534 640 3855 712 παράσχῃς.

2260 736 2433 802 αὑτάς
2470 755 2553 792 σοι
2585 738 2683 801 τὰς
2709 735 2820 791 τῶν
2850 736 3022 805 ἁγίων
3052 735 3279 790 ἐκείνων
3319 743 3347 784 Ρ
3378 732 3562 802 φωνὰς
3610 730 3859 805 παραθέμ-

2264 846 2442 898 μενος,
2470 829 2569 899 τῆς
2598 828 2718 883 κατ’
2743 825 2970 881 ἐκείνων
2999 824 3299 889 ἀπαλλάξω
3328 821 3723 892 συκοφαντίας,
3752 822 3856 877 καὶ

2256 923 2358 990 τῆς
2380 920 2521 973 κατά
2542 920 2650 973 τῶν
2670 918 2832 973 θείων
2858 915 3111 989 Γραφῶν,
3138 910 3209 969 δι’
3231 914 3479 969 ἑκείνων.
3512 912 3857 985 Πιστεύομεν

2257 1011 2439 1065 τοίνυν
2472 1015 2553 1075 εἰς
2604 1013 2694 1065 τὸν
2735 1010 2941 1081 Κύριον
2986 1008 3143 1079 ἡμῶν
3195 1006 3407 1079 Ἰησοῦν
3452 1004 3712 1080 Χριστὸν.
3756 1004 3857 1060 τὸν

2261 1101 2390 1155 Υίδν
2429 1102 2595 1156 αὑτοῦ
2636 1102 2726 1155 τὸν
2762 1100 3046 1171 μονογενῆ.
3079 1098 3367 1171 Σκὸπησον
3396 1098 3579 1162 ὅπως,
3612 1096 3694 1159 τὸ,
3734 1090 3857 1151 Κύα-

2261 1212 2399 1267 ριος,
2467 1194 2709 1265 Ἰησοῦς,
2750 1193 3021 1266 Χριστὸς,
3060 1193 3157 1247 καὶ
3200 1191 3550 1264 Μονογενὴς,
3598 1189 3693 1245 καὶ
3721 1186 3857 1256 Υιις

2260 1287 2525 1359 πρότερον
2560 1286 2749 1351 θέντες
2767 1330 2781 1352 ,
2817 1288 2885 1341 τά
2912 1286 3069 1341 κοινά
3092 1286 3195 1357 τῆς
3220 1285 3474 1357 θεότητος
3503 1284 3596 1338 καὶ
3621 1282 3721 1353 τῆς
3746 1282 3852 1340 ἀνσ-

2261 1379 2609 1451 θρωπότητος
2630 1420 2643 1445 ,
2677 1378 2755 1444 ὡς
2798 1379 3115 1450 θεμελίους,
3151 1378 3423 1447 ὀνόματα,
3458 1376 3581 1430 τότε
3620 1372 3719 1447 τὴν
3749 1371 3852 1447 τῇς

2260 1473 2748 1543 ἐνανθρωπησεως,
2771 1474 2865 1527 καὶ
2888 1472 2983 1527 τοῦ
3015 1472 3240 1536 πάθους,
3261 1468 3476 1541 καὶτῆς
3500 1466 3847 1531 ἀναστάσεως

2252 1560 2672 1634 ὶποικοδομοῦσι
2726 1564 3047 1637 παράδοσιν,
3097 1565 3185 1619 ἵνα
3240 1563 3351 1617 τῶν
3405 1561 3686 1633 ὀνομάτων
3736 1556 3853 1616 τῶν

2260 1655 2476 1728 φύσεων
2502 1657 2777 1729 ἑκατέρων
2792 1666 2821 1707 ιι
2855 1655 3052 1710 κοινῶν
3069 1673 3233 1710 τινων
3255 1652 3605 1727 σημαντικῶν
3626 1665 3853 1725 προκει-⁹

2262 1752 2460 1823 μένων,
2492 1752 2628 1823 μήτε
2666 1750 2735 1805 τά
2762 1751 2861 1821 τῆς
2891 1749 3266 1820 υίότητοςκαὶ
3304 1747 3625 1820 κυριότητος
3650 1744 3852 1818 τέμνη-

564 1840 859 1905 utramque
877 1842 1132 1891 naturam
1157 1835 1598 1907 signiﬁcantibus
1618 1842 1938 1913 propositis,
1973 1860 2146 1915 neque

2255 1860 2382 1907 ται,
2418 1844 2556 1913 μήτε
2591 1840 2661 1895 τά
2688 1840 2795 1894 τῶν
2828 1840 3045 1908 φύσεων
3074 1841 3132 1893 ἐν
3167 1837 3247 1910 τῷ
3275 1837 3376 1908 τῆς
3408 1835 3657 1905 υἱότητος
3687 1848 3853 1903 μονα-

560 1940 631 1982 ea
668 1940 792 1996 quae
828 1924 1112 1983 filiationis
1131 1928 1605 1987 et‘dominationis
1622 1941 1772 1999 sunt,
1808 1934 2146 2003 scindantur,

2255 1934 2390 2006 δικῷ
2436 1933 2753 2005 συγχύσεως
2801 1930 3098 2003 ἀφανισμῷ
3142 1928 3448 2002 κινδυνεύῃ.
3490 1926 3696 1980 Τούτου
3739 1921 3855 1996 γὰρ

560 2034 742 2091 neque
768 2034 834 2076 ea
859 2036 1083 2077 rursum
1103 2036 1225 2093 quae
1244 2029 1574 2094 naturarum
1595 2032 1743 2091 sunt,
1772 2035 2000 2097 propter
2017 2028 2146 2083 ﬁlia.

2257 2026 2421 2091 αὑτὸς
2454 2036 2475 2065 ι·
2507 2025 2804 2095 παιδευτὴς
2831 2027 2860 2079 ὁ
2890 2023 3106 2088 Παῦλος
3132 2021 3449 2092 γεγένηται,
3476 2018 3538 2083 ὃς
3564 2016 3664 2090 τῆς
3696 2018 3853 2071 ἐναν-

560 2108 732 2165 tionis
775 2110 1216 2182 singularitatem
1250 2112 1307 2168 in
1336 2115 1681 2171 confusionis
1715 2118 2025 2187 periculum
2053 2120 2146 2175 ad-

2256 2118 2595 2190 θρωπήσεως
2634 2118 2734 2187 τῆς
2774 2117 2927 2183 θείας
2965 2116 3065 2187 τὴν
3098 2116 3324 2187 μνήμην
3360 2110 3681 2181 ποιούμενος
3704 2151 3721 2177 ,
3753 2111 3854 2164 καὶ

560 2200 863 2259 ducantur.
875 2201 994 2271 Qua
1006 2202 1230 2275 quidem
1254 2205 1311 2260 in
1331 2221 1390 2261 re
1402 2206 1557 2262 Pauli
1578 2209 1962 2266 auctoritatem
1976 2213 2151 2267 secuti

559 2302 693 2350 sunt
743 2313 757 2349 :
804 2295 897 2352 hic
946 2296 1098 2352 enim
1136 2297 1336 2353 divina:
1383 2298 1783 2358 incarnationis
1819 2302 1968 2359 facta
1999 2320 2154 2359 men—

562 2386 742 2453 tione,
764 2403 938 2459 eaque
966 2404 1093 2444 mox
1116 2388 1516 2460 subjuncturus
1534 2407 1657 2464 quae
1674 2394 1951 2463 passionis
1966 2402 2148 2463 erant,

558 2478 803 2551 primum
833 2478 970 2535 illud
1002 2495 1227 2546 nomen,
1255 2480 1533 2547 Christus,
1561 2492 1624 2538 ut
1654 2486 1819 2554 paulo
1843 2497 1971 2542 ante
1997 2487 2151 2543 dice-

559 2569 710 2637 bam,
762 2569 986 2643 utrique
1026 2579 1247 2627 natura;
1287 2588 1580 2629 commune
1607 2577 1796 2646 ponit;
1829 2593 1895 2632 ac
1916 2593 2043 2633 mox
2076 2579 2145 2633 ita

557 2678 873 2720 sermonem
902 2663 1135 2736 profert,
1158 2673 1219 2720 ut
1240 2673 1453 2722 natura:
1478 2667 1700 2738 utrique
1727 2670 1798 2723 sit
1817 2683 2148 2741 congruens.

556 2754 773 2826 Ecquid
819 2770 952 2827 ergo
998 2754 1173 2812 dicit?
1222 2775 1241 2807 ι
1264 2754 1398 2823 Hoc,
1426 2755 1625 2827 inquit,
1654 2758 1854 2813 sentite
1886 2759 1943 2814 in
1968 2760 2148 2825 vobis,

556 2845 707 2918 quod
738 2856 797 2903 et
827 2846 883 2903 in
905 2845 1127 2905 Christo
1149 2849 1280 2905 Iesu
1310 2867 1324 2904 :
1352 2850 1472 2922 qui,
1500 2866 1629 2906 cum
1652 2850 1707 2906 in
1729 2850 1905 2907 forma
1934 2853 2033 2908 Dei
2060 2869 2150 2909 es-

554 2946 661 3004 set,
679 2955 792 2995 non
810 2940 1058 3011 rapinam
1077 2941 1380 2998 arbitratus
1399 2950 1626 2999 estesse
1645 2958 1704 2999 se
1719 2944 1988 3015 aequalem
2001 2946 2148 3013 Deo;

554 3029 657 3086 sed
690 3030 941 3103 (singula
965 3032 1115 3087 enim
1156 3034 1415 3104 persequi
1460 3048 1571 3090 non
1595 3033 1827 3106 attinet)
1862 3034 2044 3092 factus
2064 3047 2151 3094 est

554 3119 1015 3193 obediensusque
1028 3122 1096 3178 ad
1110 3132 1344 3178 mortem
1354 3164 1369 3190 ,
1387 3134 1624 3181 mortem
1638 3125 1824 3180 autem
1843 3126 2028 3183 crucis
2040 3128 2140 3181 ⁸³.»

2257 2210 2469 2280 μέλλων
2501 2209 2570 2263 τὰ
2610 2208 2704 2262 τοῦ
2744 2208 2952 2272 πάθους
2984 2208 3235 2275 ἐπάγειν,
3282 2204 3552 2277 πρότερον
3586 2202 3702 2267 θεὶς
3745 2201 3848 2267 τὸ,

2253 2302 2511 2372 Χριστὸς,
2540 2300 2602 2353 τὸ
2624 2299 2802 2354 κοινὸν
2823 2299 2933 2352 τῶν
2948 2298 3062 2364 δύο,
3086 2298 3162 2362 ὡς
3193 2295 3375 2369 μικρῷ
3400 2296 3667 2367 πρότερον
3686 2292 3847 2363 ἔφην,

2252 2394 2362 2447 τῶν
2397 2394 2612 2463 φύσεων
2647 2394 2852 2462 δνομα,
2890 2391 3159 2463 προσάγει
3188 2390 3282 2443 τὸν
3312 2389 3469 2459 λόγον
3505 2384 3851 2458 ἀμφοτέραις

2252 2483 2518 2559 πρεπὼδη
2548 2486 2670 2549 ταῖς
2700 2483 2915 2553 φύσεσι.
2947 2482 3013 2537 Τί
3044 2483 3154 2554 γάρ
3178 2499 3346 2552 φησι;
3384 2501 3402 2533 ι
3438 2479 3611 2534 Τοῦτο
3640 2476 3850 2550 φρονεὶν

2254 2579 2366 2632 σθω
2392 2580 2449 2633 ἐν
2481 2579 2632 2649 ὑμῖν,
2662 2577 2692 2631 ὃ
2726 2579 2821 2631 καὶ
2850 2578 2907 2630 ὲν
2940 2575 3165 2648 Χριστῷ
3210 2573 3385 2645 Ἰησοῦ
3407 2615 3421 2639 ,
3470 2573 3531 2636 ὃς
3563 2574 3622 2626 ὲν
3663 2573 3849 2645 μορφῇ

2251 2668 2387 2723 Θεοῦ
2432 2670 2716 2740 ὑπάρχων,
2753 2670 2851 2739 οὑχ
2880 2666 3176 2739 ἁρπαγμὸν
3202 2667 3451 2739 ἡγήσατο
3490 2665 3551 2718 τὸ
3578 2658 3721 2717 εἶναι
3755 2661 3851 2717 ίσα

2251 2761 2372 2832 Θεῷ
2398 2778 2411 2792 ⁸
2453 2761 2568 2815 ἀλλ’
2595 2759 2727 2833 (ἵνα
2754 2760 2829 2831 μὴ
2869 2759 2940 2813 τὰ
2980 2758 3104 2813 καθ’
3133 2758 3366 2812 ἕκαστον
3395 2754 3572 2826 λέγω)
3601 2755 3851 2826 ὑπήκοος

2252 2854 2471 2923 ἐγένετο
2502 2852 2666 2925 μέχρι
2692 2852 2946 2914 θανάτου,
2971 2850 3202 2905 θανάτου
3230 2849 3285 2903 δὲ
3319 2847 3577 2920 σταυροῦ.
3625 2845 3850 2918 Ἐπειδὴ

2250 2947 2359 3018 γάρ
2390 2945 2582 3019 ἔμελλε
2611 2945 2707 2999 τοῦ
2738 2945 2974 3000 θανάτου
3005 2942 3339 3015 μεμνῆσθαι,
3370 2941 3461 2996 ἵνα
3493 2940 3569 3012 μὴ
3597 2939 3690 2993 τὸν
3712 2937 3851 2993 Θεὸν

2247 3036 2421 3105 Λόγον
2442 3034 2695 3088 ἐντεῦθέν
2720 3052 2804 3100 τις
2823 3032 3065 3103 παθητὸν
3093 3031 3363 3105 ὑπολάϐῃ,
3393 3031 3575 3102 τίθησι
3604 3028 3687 3095 τὸ,
3714 3029 3851 3099 Χρι-

2252 3126 2399 3190 στὸς,
2431 3124 2505 3189 ὡς
2531 3123 2631 3197 τῆς
2669 3122 2916 3189 ἀπαθοῦς
2948 3124 3043 3177 καὶ
3085 3121 3338 3195 παθητῆς
3363 3120 3554 3184 οὐσίας
3590 3121 3649 3172 ὲν
3684 3135 3849 3189 μονα·

552 3212 699 3281 Quia
718 3212 868 3269 enim
890 3214 1087 3271 mortis
1105 3214 1352 3272 facturus
1373 3224 1497 3273 erat
1516 3217 1878 3285 mentionem,
1926 3235 1997 3275 ne
2020 3220 2146 3290 quis

2251 3216 2386 3288 δικῷ
2422 3215 2701 3288 προσώπῳ
2742 3214 3120 3288 προσηγορίαν
3157 3214 3532 3285 σημαντικήν·
3563 3212 3713 3275 ὅπως
3751 3209 3848 3263 καὶ

554 3305 689 3364 hinc
714 3306 889 3362 Deum
916 3306 1160 3363 Verbum
1179 3308 1407 3379 patibile
1432 3324 1555 3365 esse
1572 3309 1877 3383 colligeret,
1910 3311 2145 3383 subjun-

550 3400 632 3471 git
652 3416 856 3456 nomen
882 3401 1009 3465 hoc,
1061 3399 1334 3467 Christus,
1378 3401 1526 3474 quod
1551 3411 1843 3475 utramque
1866 3412 2144 3470 naturam,

552 3492 861 3565 patibilem,
886 3494 1135 3564 inquam,
1151 3503 1210 3549 et
1228 3493 1614 3566 impatibilem,
1646 3495 1702 3551 in
1726 3495 1890 3551 unica
1910 3512 2147 3568 persona

551 3582 783 3640 denotat
814 3603 826 3637 :
858 3600 970 3655 quo
998 3584 1144 3640 idem
1163 3586 1426 3641 nimirum
1444 3586 1699 3644 Christus
1716 3588 1962 3659 patibilis
1978 3589 2143 3644 simul

548 3688 609 3738 et
654 3678 981 3750 impatibilis
1021 3678 1160 3734 citra
1197 3679 1338 3735 Jidei
1372 3679 1674 3735 discrimen
1703 3680 1920 3751 concipi
1951 3692 2136 3751 queat,

550 3772 690 3830 illud
740 3772 965 3844 quidem
1023 3771 1331 3829 secundum
1374 3772 1673 3827 humanam
1713 3781 1990 3839 naturam,
2035 3774 2140 3830 hoc

547 3884 685 3925 vero
738 3867 1043 3924 secundum
1087 3865 1352 3938 divinam.
1400 3866 1574 3922 Porro
1598 3875 1783 3923 autem
1814 3882 1939 3922 cum
1965 3868 2136 3923 multa

548 3958 655 4016 hac
693 3957 763 4014 de
802 3973 863 4013 re
889 3957 1164 4013 disserere
1183 3957 1414 4020 valeam,
1444 3965 1500 4010 et
1522 3956 1760 4012 maxime
1782 3956 1931 4028 quod
1960 3957 2134 4013 sancti

2250 3309 2469 3380 ἀπαθὴς
2492 3310 2521 3361 ὁ
2544 3308 2799 3381 Χριστὸς,
2835 3310 2929 3363 καὶ
2963 3307 3209 3380 παθητὸς
3234 3306 3533 3370 ἀκινδύνως
3561 3305 3778 3362 καλοῖτο
3799 3313 3847 3372 ’.

2250 3402 2469 3471 ἀπαθὴς
2511 3400 2610 3472 μὲν
2645 3400 2897 3471 θεότητι,
2948 3400 3193 3473 παθητὸς
3235 3400 3293 3454 δὲ
3335 3403 3421 3473 τῇ-
3453 3399 3553 3454 τοῦ
3593 3400 3847 3473 σώματος

2252 3498 2434 3567 φύσει.
2484 3498 2665 3551 Πολλά
2709 3497 2889 3566 λέγειν
2951 3497 3082 3569 περὶ
3130 3495 3322 3551 τούτου
3366 3495 3695 3566 δυνάμενος,
3751 3499 3847 3552 καὶ

2251 3591 2519 3663 πρότερον
2549 3608 2613 3660 γε
2651 3591 2735 3657 τὸ,
2766 3590 2902 3663 μηδὲ
2931 3591 3240 3661 γεννήσεως
3262 3590 3356 3643 ἐπὶ
3385 3590 3481 3661 τῆς
3507 3589 3846 3660 οἰκονομίας,

2247 3681 2362 3736 ἀλλ’
2393 3681 2863 3753 ὲνανθρωπήσεως
2889 3682 3015 3745 τοῦς
3045 3682 3239 3750 ἀγίους
3263 3679 3504 3745 ἐκείνους
3538 3680 3841 3753 μνημονεῦ-

2247 3794 2337 3830 σαι
2393 3774 2670 3846 Πατέρας,
2720 3773 2818 3846 τὴν
2862 3774 2964 3845 τῆς
3008 3772 3377 3845 βραχυλογίας
3420 3773 3479 3827 ἐν
3534 3773 3846 3846 προοιμίοις

2246 3867 2275 3919 ὑ
2290 3865 2543 3937 πόσχεσιν
2568 3864 2895 3936 χαλινοῦσαν
2924 3865 3013 3918 τδν
3033 3864 3193 3933 λόγον
3214 3862 3567 3933 αἰσθάνομαι,
3591 3863 3686 3917 καὶ
3707 3861 3847 3935 πρὸς

2243 3959 2305 4011 τὸ
2335 3956 2589 4030 δεύτερον
2618 3958 2719 4027 τῆς
2746 3958 2847 4027 σῆς
2872 3959 3096 4029 ἀγάπης
3127 3956 3387 4011 κινοῦσαν
3415 3955 3734 4024 κεφάλαιον.

548 4057 629 4113 illi
652 4057 846 4112 Patres
864 4053 932 4111 de
956 4052 1163 4111 Christi
1189 4054 1495 4108 (nconomia
1553 4052 1722 4109 verba
1786 4052 2072 4120 facientes,
2094 4071 2206 4110 non
2242 4056 2652 4127 generationis,
2719 4054 2827 4126 27
2877 4054 2971 4110 sed
3022 4053 3419 4109 incarnationis
3462 4052 3848 4119 meminerint,

549 4156 723 4228 ipsam
757 4152 1027 4211 orationis
1062 4152 1414 4217 brevitatem,
1449 4167 1612 4221 quam
1661 4151 1845 4206 statim
1912 4152 1969 4206 in
2002 4153 2230 4209 exordio
2273 4152 2659 4224 promiseram,
2731 4152 3002 4207 sermonis
3039 4167 3266 4207 cursum
3329 4150 3615 4217 cohibere,
3654 4160 3712 4207 et
3772 4150 3845 4206 ad

544 4250 782 4306 alterum
812 4251 1125 4310 dilectionis
1152 4265 1258 4313 tua:
1281 4264 1445 4327 caput
1478 4256 1737 4311 festinare
1762 4257 1961 4312 sentio.

616 4342 677 4397 In
698 4357 766 4397 eo
787 4354 977 4400 autem
1005 4357 1057 4402 te
1082 4346 1269 4412 laudo,
1305 4346 1456 4419 quod
1476 4346 1891 4401 distinctionem
1910 4354 2041 4401 natu
2052 4362 2139 4400 ra-

550 4450 698 4505 rum,
730 4439 1032 4509 secundum
1057 4439 1364 4495 divinitatis
1380 4449 1437 4493 et
1466 4438 1829 4493 humanitatis
1846 4439 2136 4501 rationem,

550 4531 857 4601 harumque
893 4532 947 4587 in
974 4548 1082 4587 una
1110 4533 1376 4588 duntaxat
1412 4547 1649 4602 persona
1694 4530 2137 4601 conjunctionem

551 4622 821 4693 praedicas
855 4642 867 4675 :
904 4624 1161 4694 quodque
1191 4624 1360 4677 Deum
1410 4621 1653 4677 Verbum
1695 4620 1870 4676 altero
1902 4636 1971 4675 ex
2012 4636 2138 4675 mu-

552 4716 691 4771 liere
720 4722 845 4769 ortu
872 4715 1098 4772 minime
1124 4714 1427 4785 indiguisse
1451 4712 1723 4779 alllrmas;
1756 4721 1812 4767 et
1835 4712 1983 4784 quod
2001 4712 2140 4767 divi-

550 4808 781 4862 nitatem
814 4808 926 4879 pati
956 4823 1066 4862 non
1096 4810 1363 4878 potuisse,
1396 4807 1602 4861 diserte
1629 4805 1955 4876 pronuntias
1982 4822 1995 4858 :
2023 4806 2141 4861 haec

550 4899 697 4955 enim
744 4901 930 4954 omnia
962 4916 1154 4955 revera
1186 4908 1241 4954 et
1267 4899 1594 4962 orthodoxa,
1620 4906 1677 4952 et
1704 4896 1859 4952 vanis
1890 4898 2138 4953 omnium

551 4995 937 5050 haereticorum
986 4994 1132 5050 circa
1188 4994 1402 5049 Domini
1452 5002 1678 5047 naturas
1724 4992 2139 5063 opinationihus

546 5103 713 5158 quam
754 5090 987 5143 maxime
1021 5087 1248 5142 adversa
1274 5095 1421 5142 sunt.
1460 5088 1528 5141 At
1556 5101 1689 5140 vero
1713 5094 1898 5140 utrum
1924 5086 2135 5155 reliqua

549 5180 821 5235 occultam
844 5181 1081 5250 aliquam
1104 5189 1157 5234 et
1180 5177 1794 5250 iucmnprehensibilem
1810 5177 2134 5247 sapientiam

552 5271 851 5343 legentium
903 5273 1135 5327 auribus
1182 5272 1440 5334 inferant,
1475 5271 1526 5325 id
1562 5280 1670 5323 tua!
1703 5270 1940 5325 solertia:
1972 5270 2139 5325 fuerit

550 5364 875 5433 dijudicare.
907 5364 1038 5418 Mihi
1068 5382 1197 5418 sane
1227 5382 1351 5420 cum
1374 5363 1833 5418 antecedentilms
1866 5363 2004 5416 adeo
2029 5381 2135 5415 non

549 5459 829 5513 coluerere
881 5458 1161 5519 videntur.
1208 5470 1258 5513 ut
1295 5478 1357 5513 ea
1384 5458 1611 5513 omnino
1642 5475 1859 5527 quoque
1886 5468 2139 5509 evertere

618 5619 685 5673 ⁸³.
724 5621 957 5692 Philipp.
995 5640 1051 5687 ιι,
1076 5624 1192 5674 .‘i-S.

2339 4345 2425 4398 'Ev
2461 4337 2505 4411 ᾧ
2541 4346 2636 4399 καὶ
2694 4343 2793 4413 τὴν
2848 4340 2958 4395 τῶν
3004 4342 3225 4412 φύσεων
3276 4341 3514 4414 ἐπῄνουν
3571 4339 3847 4413 διαίρεσιν

2252 4438 2396 4492 κατά
2428 4437 2517 4491 τὸν
2546 4438 2645 4508 τῆς
2674 4422 3096 4507 ἀνθρωπότητος
3119 4435 3213 4489 καὶ
3242 4434 3498 4506 θεότητος
3533 4432 3715 4503 λόγον,
3744 4435 3844 4491 καὶ

2249 4530 2351 4600 τὴν
2391 4529 2596 4583 τούτων
2648 4529 2727 4593 είς
2785 4527 2901 4591 ἐνὸς
2935 4527 3231 4599 προσώπου
3266 4526 3596 4595 συνάφειαν·
3627 4528 3723 4582 καὶ
3754 4528 3838 4593 τὸ,

2248 4620 2340 4673 τὸν
2388 4619 2521 4673 Θεὸν
2559 4620 2732 4689 Λόγον
2762 4618 3026 4689 δευτέρας
3075 4620 3140 4671 ἐκ
3188 4617 3450 4686 γυναικὸς
3487 4617 3562 4689 μὴ
3605 4619 3843 4689 φάσκειν

2243 4712 2537 4783 δεδεῆσθαι
2587 4713 2923 4783 γεννήσεως’
2980 4710 3075 4765 καὶ
3129 4710 3193 4764 τὸ
3242 4708 3458 4774 πάθους.
3487 4712 3845 4767 ἀνεπίδεκτον

2244 4806 2528 4876 ὁμολογεῖν
2566 4804 2663 4879 τὴν
2699 4804 2959 4876 θεότηταιο
2997 4802 3258 4876 ὀρθόδοξα
3294 4801 3425 4873 γάρ,
3464 4805 3540 4869 ὡς
3597 4804 3842 4876 ἀληθῶς,

2241 4900 2310 4954 τά
2345 4898 2593 4958 τοιαῦτα.
2623 4900 2718 4953 καὶ
2752 4901 2873 4961 ταῖς
2915 4898 3025 4953 τῶν
3064 4897 3333 4967 αἱρέσεων
3363 4898 3554 4952 πασῶν
3588 4897 3717 4968 περὶ
3740 4897 3843 4960 τὰς

2245 4994 2310 5045 Δε
2323 4991 2582 5055 σποτικάς
2605 4992 2796 5062 φύσεις
2830 4992 3049 5045 ἐναντία
3076 4992 3441 5058 κακοδοξίαις.
3482 4992 3565 5046 Td
3598 4992 3654 5045 δὲ
3675 4991 3843 5045 λοιπά

2244 5089 2292 5140 εἰ
2326 5086 2425 5156 μέν
2458 5103 2581 5139 τινα
2608 5085 2802 5152 σοφίαν
2847 5083 3242 5157 κεκρυμμένην
3290 5086 3530 5156 ἐπήγετο
3577 5086 3698 5149 ταῖς
3731 5084 3844 5137 τῶν

2246 5178 2737 5245 ἀναγινωσκόντων
2777 5177 2969 5239 ἀκοαῖς
2991 5175 3398 5247 ἀκατάληπτον,
3424 5177 3525 5249 τῆς
3560 5177 3659 5246 σῆς
3690 5177 3844 5231 ἐστιν

2241 5269 2531 5341 ἀκριϐείας
2577 5269 2799 5322 εἰδέναι.
2844 5268 3003 5337 Ἐμοὶ
3034 5269 3163 5335 γοῦν
3198 5270 3267 5323 τὰ
3302 5270 3495 5341 πρῶτα
3529 5270 3841 5343 καταστρέ-

2239 5380 2359 5431 φειν
2392 5362 2586 5415 ἐδόκει.
2634 5362 2738 5414 Τὸν
2778 5362 2888 5430 γάρ
2918 5362 2976 5414 ἐν
3015 5364 3127 5423 τοῖς
3174 5362 3410 5433 πρώτοις
3450 5362 3640 5433 άπαθῆ
3665 5377 3841 5434 κηρυ-

2240 5455 2459 5525 χθέντα,
2498 5454 2592 5506 καὶ
2619 5454 2878 5524 δευτέρας
2912 5454 3220 5526 γεννήσεως
3256 5454 3502 5525 ἄδεκτον,
3530 5455 3693 5510 πάλιν
3726 5474 3840 5511 παι-

1637 5716 1811 5772 \'ari:r.-.
1842 5717 2106 5772 lectiones
2132 5716 2338 5770 ceditis
2369 5716 2730 5787 Si-gttit‘riaui.

612 5833 923 5905 [Πιιςρων
1022 5846 1044 5885 1
1099 5852 1189 5907 της
1252 5838 1454 5906 ςλύσειωέ
1511 5835 1792 5905 fuitin;
1877 5846 1891 5873 τ
1942 5835 2135 5897 ῖιζιιτηιῖς.

1258 5896 1265 5906 ⁸
1326 5904 1335 5918 ν

2223 5845 2235 5863 ⁸
2286 5850 2475 5888 ⁴ιἹ⁴).’.’”Ι.
