4116 6318
260 353 334 409 ἷῦ
1686 342 1881 399 El’lST

1984 345 2021 398 Δ
2062 343 2125 396 κ’.
3497 325 3569 384 Μ

259 465 427 532 θητδν
495 464 591 520 καὶ
631 465 971 528 νεόκτιστον,
1012 464 1111 518 οὐκ
1144 458 1242 517 οἵδ’
1271 463 1441 528 ὅπως,
1491 460 1734 532 εἰσῆγεν,
1787 460 1864 523 ὡς

1984 459 2298 515 :xistimem.
2363 453 2584 512 Etenim
2627 469 2792 526 quem
2833 462 2995 508 antea
3049 463 3227 518 neque
3255 446 3564 519 patibilem.

260 558 374 612 τῶν
411 556 556 612 κατὰ
607 558 772 626 φύσιν
816 555 896 626 τῷ
934 553 1053 626 Θεῷ
1096 555 1254 626 Λόγῳ
1289 553 1622 626 προσόντων,
1658 553 1724 622 τῇ
1765 548 1858 604 τοῦ

262 650 394 705 ναοῦ
442 650 714 721 συναφείᾳ
755 648 1190 720 διεφθαρμένων,
1225 647 1258 717 ἢ
1294 646 1492 718 μικροῦ
1549 662 1695 708 τινος
1751 647 1860 706 τοῖς

263 738 580 810 ἀνθρώποις
613 741 974 812 νομιζομένου
1019 739 1080 793 τὸ
1123 739 1216 793 τδν
1267 739 1656 809 ἀναμάρτητον
1710 738 1861 799 ναὸν,

263 830 364 883 καὶ
389 831 493 902 τῆς
520 832 670 895 θείας
699 831 1009 902 ἀχώριστον
1059 830 1296 901 φύσεως,
1339 831 1440 900 τὴν
1493 829 1636 900 ὑπὲρ
1679 829 1862 898 ἀμαρ-

262 921 457 975 τωλῶν
479 924 733 996 γέννησίν
748 941 809 976 τε
829 924 924 977 καὶ
944 923 1203 993 τελευτὴν
1226 923 1537 992 ὑπομεῖναι,
1558 922 1592 992 ἢ
1619 919 1872 973 πιστεύε-

265 1013 392 1066 σθαι
415 1015 519 1084 τῆς
547 1016 890 1087 Δεσποτικῆς
919 1017 1022 1070 οὐκ
1055 1014 1422 1085 ὀφειλομένης
1447 1018 1464 1051 ί
1495 1013 1702 1085 φωνῆς,
1731 1011 1872 1084 πρὸς

278 1105 575 1171 Ἰουδαίους
606 1106 850 1180 βοιὶισηςο
889 1129 908 1160 ι
935 1108 1149 1163 Λύσατε
1174 1107 1264 1163 τὸν
1300 1108 1428 1162 ναὸν
1453 1107 1669 1170 τοῦτον,
1697 1107 1790 1160 καὶ
1811 1107 1871 1158 ἐν

261 1199 449 1268 τρισὶν
483 1200 722 1274 ἡμέραις
751 1201 932 1274 ὲγερῶ
978 1202 1161 1256 αὐτόν.
1192 1220 1212 1255 ι
1250 1201 1348 1268 Οὐ,
1384 1201 1602 1257 Λύσατε
1637 1218 1740 1272 μου
1771 1199 1872 1270 τὴν

1972 567 2152 623 neque
2179 548 2438 606 secundae
2463 545 2842 620 generationis
2866 556 3121 614 capacem
3147 538 3567 611 pmdicaveras,

1972 646 2120 699 hunc
2147 644 2329 714 ipsum
2355 657 2578 696 rursum
2601 638 2914 710 patibilem,
2939 648 3226 706 nuperque
3249 631 3438 686 nescio
3456 645 3569 702 quo

1971 738 2138 793 modo
2183 737 2519 808 productum
2568 747 2857 788 asseveras
2904 748 2915 783 :
2960 727 3118 800 quasi
3161 742 3294 781 vero
3337 739 3462 795 qua:
3513 723 3567 778 in

1971 831 2216 886 Verbum
2253 829 2583 884 naturaliter
2610 825 2972 886 conveniunt,
3021 837 3084 877 ea
3118 818 3307 889 templi
3334 817 3568 888 conjun-

1967 923 2152 978 ctione
2208 921 2416 976 abolita
2446 920 2558 974 sint
2612 936 2624 971 :
2681 926 2778 971 aut
2801 915 2956 986 parvi
2989 911 3136 983 apud
3167 910 3424 965 homines
3448 905 3568 962 fieri

1969 1013 2171 1069 debeat
2201 1013 2468 1082 templum
2501 1010 2636 1066 illud
2668 1009 2821 1064 nullo
2850 1021 3092 1076 unquam
3127 1011 3356 1075 peccato
3376 1008 3570 1058 conta-

1967 1106 2261 1169 minatum,
2315 1115 2372 1159 et
2398 1120 2428 1158 a
2468 1103 2655 1162 divina
2702 1109 2902 1156 natura
2937 1095 3330 1168 inseparabile,
3368 1107 3571 1164 pecca-

1972 1204 2159 1252 torum
2186 1206 2506 1252 nostrorum
2539 1210 2704 1250 causa
2731 1202 2787 1248 Ci.
2807 1200 2999 1246 natum
3023 1199 3078 1245 ει
3103 1195 3383 1246 mortuum
3407 1199 3531 1241 esse
3555 1202 3569 1238 ε

264 1289 526 1362 θιὸτητα,
559 1295 654 1347 καὶ
693 1296 750 1348 ὲν
777 1297 960 1367 τρισὶν
1011 1294 1249 1366 ἡμέραις
1281 1294 1660 1368 ἐγερθήσεται.
1698 1293 1871 1347 Πάλιν

1984 1299 2072 1345 aut
2092 1290 2333 1360 denique
2359 1289 2594 1343 Domino
2614 1287 2834 1342 .ludzeos
2855 1283 3130 1355 ejusmodi
3153 1281 3406 1337 oratione
3424 1293 3573 1334 com—

265 1382 542 1440 πλατῦναι
593 1385 873 1445 κᾶνταῦθα
918 1387 1264 1457 βουλόμενος,
1298 1387 1495 1463 τῇὶτῆς
1533 1384 1870 1454 ἐπαγγελίας

1984 1384 2204 1454 pellanti
2235 1404 2248 1436 :
2290 1404 2306 1434 ε
2332 1382 2540 1438 Solvite
2567 1381 2832 1452 templum
2862 1379 2988 1442 hoc,
3016 1385 3074 1431 et
3097 1377 3152 1430 in
3174 1376 3355 1431 tribus
3374 1371 3575 1428 diebus

262 1475 677 1549 ἀναστέλλομαι
728 1480 940 1552 μνήμῃ.
985 1479 1211 1551 Ῥητέον
1253 1474 1351 1534 οὖν
1381 1481 1553 1548 ὅμως,
1587 1477 1859 1549 βραχυλο-

1984 1475 2230 1531 excitabo
2256 1473 2518 1538 illud’°;i
2554 1471 2717 1527 [idem
2742 1470 2950 1525 habere
2979 1485 3093 1524 non
3115 1473 3396 1538 oporteat.
3429 1463 3575 1520 Ecce

263 1567 368 1639 τίει
396 1571 768 1641 χρησάμενον.

1984 1584 2087 1622 ιιοιι
2137 1566 2295 1630 dicit,
2341 1565 2548 1620 Solvite
2597 1563 2944 1618 divinitatem
2985 1575 3188 1623 meam,
3220 1568 3276 1613 et
3308 1557 3365 1612 in
3393 1555 3575 1610 tribus

264 1657 473 1716 diebus
509 1661 878 1730 excitabitur;
951 1664 1070 1728 sed,
1116 1684 1134 1716 ι
1158 1664 1369 1720 Solvite
1419 1664 1684 1735 templum
1756 1663 1877 1716 hoc.
1911 1680 1928 1708 ι
1976 1659 2220 1712 Rursum
2243 1672 2543 1712 excurrere
2568 1653 2821 1714 nonnihil
2851 1652 2943 1706 hic
2970 1651 3222 1720 cupiens,
3257 1643 3576 1718 sponsionis

266 1763 410 1808 mea:
438 1754 708 1810 memoria
741 1754 1032 1826 impedior.
1084 1755 1391 1812 Dicendum
1431 1765 1518 1812 est
1549 1750 1916 1809 nihilominus
1955 1748 2162 1818 aliquid
2186 1790 2199 1815 ,
2238 1758 2300 1804 ut
2339 1757 2520 1803 tamen
2559 1763 2588 1802 a
2625 1745 2927 1801 constituta
2966 1742 3103 1797 mihi
3149 1740 3424 1797 brevitate
3460 1750 3577 1793 non

267 1844 559 1901 recedam.

340 1939 632 2012 Πανταχοῦ
679 1942 778 2012 τῆς
829 1941 981 2007 θείας
1025 1944 1276 2016 Γραφῆς,
1310 1942 1476 2013 ἡνίκα
1524 1941 1590 1997 ἂν
1655 1941 1876 2013 μνήμην

2051 1939 2379 2010 Ubicunque
2432 1937 2600 2007 igitur
2637 1934 2840 1990 divinae
2875 1932 3176 2002 Scriptura:
3208 1925 3579 1999 dispensatio-

265 2031 374 2102 τῆς
409 2034 755 2104 Δεσποτικῆς
804 2037 1123 2106 οἰκονομίας
1167 2037 1414 2106 ποιῆται,
1455 2035 1710 2104 γέννησις
1743 2034 1875 2104 ἡμῖν

268 2124 369 2180 καὶ
398 2124 576 2188 πάθος
599 2127 663 2181 οὺ
694 2127 791 2198 τῆς
825 2128 1102 2199 θεότητος,
1136 2127 1274 2183 ἀλλὰ
1317 2129 1417 2198 τῆς
1455 2126 1879 2198 ἀνθρωπότητος

266 2216 366 2272 τοῦ
395 2218 1060 2291 Χριστοῦπαραδίδαται·
1091 2221 1168 2286 ὡς
1206 2219 1493 2275 καλεῖσθαι
1539 2216 1680 2273 κατὰ
1727 2219 1880 2289 ἀκρι-

268 2307 542 2380 ⁸ἱεεοιτὲραν
561 2312 939 2385 προσηγορίαν
959 2312 1057 2385 τὴν
1084 2312 1248 2382 ἁγίαν
1273 2312 1552 2385 Παρθένον
1584 2310 1879 2384 Χριστοτό-

270 2419 390 2466 κον,
420 2403 483 2457 οὐ
515 2404 800 2459 Θεοτόκον.
824 2407 1027 2460 ’Δκουε
1055 2405 1233 2461 ταῦτά
1262 2402 1329 2476 γὶ
1369 2405 1481 2459 τῶν
1522 2402 1878 2472 Εὐαγγελίων

272 2492 530 2562 βοώντων
550 2511 564 2525 ·
603 2514 622 2548 ι
643 2495 859 2561 Βίϐλος,
891 2497 1049 2567 φησι,
1088 2497 1362 2568 γενέσεως
1406 2494 1583 2566 Ἰησοῦ
1613 2493 1876 2566 Χριστοῦ,

269 2585 392 2642 υἱοῦ
427 2587 615 2653 Δασὶδ,
653 2589 775 2644 υίοῦ
821 2589 1093 2660 Ἀϐραάμ.
1117 2609 1136 2641 ι
1170 2589 1344 2661 Δῆλον
1375 2588 1454 2651 δὲ,
1481 2589 1566 2642 ὅτι
1593 2588 1689 2641 τοῦ
1714 2588 1880 2642 Δαϐὶδ

272 2675 393 2740 talk
420 2676 453 2729 6
477 2675 610 2741 Θεὸς
644 2677 820 2747 Λόγος
847 2678 948 2731 οὑκ
969 2673 1057 2749 ἦν.
1099 2677 1270 2748 Δέχου
1302 2678 1399 2732 καὶ
1424 2677 1613 2748 ἄλλην,
1638 2680 1686 2732 εί
1709 2677 1874 2742 δοκεῖ,

276 2769 633 2843 μαρτυρίανο
676 2789 695 2822 ι
731 2769 934 2825 Ἰακὼὸ
969 2772 1026 2826 δὲ
1063 2771 1326 2842 ἐγέννησε
1370 2772 1464 2825 τὸν
1502 2771 1727 2842 Ἰωσὴφ,
1787 2771 1878 2824 τὸν

272 2861 446 2934 ἄνδρα
477 2862 716 2934 Μαρίας,
748 2863 808 2928 ιε
845 2856 913 2935 ἧς
941 2862 1207 2936 ἐγεννήθη
1248 2863 1480 2935 Ἰησοῦς,
1513 2866 1543 2918 ὁ
1586 2863 1880 2935 λεγόμενος

271 2956 539 3028 Χριστός.
566 2975 586 3010 ι
626 2956 832 3011 Σκόπει
867 2955 1032 3010 πάλιν
1071 2955 1267 3029 ἑτέραν
1322 2958 1456 3028 ἡμῖν
1505 2956 1881 3029 διαμαρτυρο-

275 3048 452 3126 etv-qv
476 3050 692 3122 φωνήνο
735 3048 884 3102 «Τοῦ
930 3049 989 3102 δὲ
1036 3047 1214 3120 Ἰησοῦ
1255 3047 1494 3122 Χριστοῦ
1543 3049 1578 3120 ἡ
1623 3048 1882 3119 γέννησις

271 3139 455 3204 οὕτως
505 3136 596 3213 ἦν.
653 3140 1106 3212 Μνηστευθείσης
1158 3141 1270 3212 γὰρ
1309 3143 1404 3211 τῆς
1461 3140 1671 3212 μητρὸς
1710 3139 1878 3194 αὐτοῦ

272 3232 501 3305 Μαρίας
546 3226 627 3303 τῷ
667 3234 891 3304 Ἰωσὴφ,
946 3233 1147 3305 εὑρέθη
1198 3235 1258 3286 ὲν
1313 3233 1517 3303 γαστρὶ
1569 3230 1772 3301 ἔχουσα
1816 3234 1880 3286 ὲκ

654 3292 888 3395 ἁγίουΐί
915 3292 1147 3396 κτὲσμαὶ
1179 3325 1236 3378 δὲ
1278 3292 1374 3378 τοῦ
1421 3292 1765 3394 ήνεύματος,
1797 3324 1881 3388 τίς
1909 3292 1951 3349 c

275 3418 350 3472 ἂν
396 3415 663 3472 ὕπολάϐει
701 3417 802 3489 τὴν
841 3417 937 3472 τοῦ
973 3415 1317 3487 Μονογενοῦς
1373 3415 1642 3487 θεότητα;
1696 3415 1770 3470 Τί-
1799 3415 1884 3471 δεῖ

273 3510 464 3580 λέγειν
501 3508 586 3577 τὸ,
651 3505 798 3564 (Ἦν
848 3511 881 3581 ἡ
942 3511 1128 3582 μήτηρ
1181 3507 1279 3562 τοῦ
1314 3508 1492 3580 Ἰησοῦ
1539 3510 1684 3577 ἑκεῖς
1714 3528 1732 3562 ι
1769 3510 1883 3566 Καὶ

276 3600 446 3655 πάλιν
471 3600 554 3666 τὸ,
589 3619 608 3652 σ
631 3601 737 3655 Σὺν
762 3600 954 3672 Μαρία
978 3602 1047 3672 τῇ
1075 3599 1244 3672 μητρὶ
1262 3598 1358 3654 τοῦ
1389 3599 1588 3671 Ἰησοῦ.
1613 3618 1633 3651 ι
1669 3599 1778 3654 Καὶ
1798 3602 1878 3654 τό·

281 3711 303 3743 ι
326 3693 403 3746 Τὸ
441 3696 502 3746 ὲν
534 3693 672 3765 αὐτῇ
709 3693 970 3763 γεννηθὲν
1005 3695 1071 3747 ὲκ
1095 3692 1415 3763 Πνεῦματός
1465 3695 1616 3747 ἐστιν
1648 3694 1830 3762 ἁγίου.
1861 3714 1878 3745 ι

276 3787 394 3842 Καὶ
419 3785 514 3839 τό·
545 3804 565 3837 ι
595 3784 741 3839 Λαϐὲ
767 3786 832 3839 τὸ
879 3785 1114 3852 παιδίον,
1166 3786 1264 3839 καὶ
1301 3784 1402 3858 τὴν
1445 3788 1658 3858 μητέρα
1692 3787 1882 3851 αὑτοῦ,

277 3880 378 3933 καὶ
407 3877 581 3948 φεῦγε
619 3879 702 3943 είς
749 3877 1049 3946 Αἴγυπτον.
1085 3899 1100 3929 ι
1133 3879 1244 3934 Καὶ
1272 3880 1336 3934 τό
1357 3896 1370 3908 ·
1411 3899 1430 3932 ι
1451 3879 1590 3950 Περὶ
1618 3879 1714 3934 τοῦ
1749 3881 1884 3935 Υίοῦ

277 3971 451 4027 αὐτοῦ
478 3972 578 4031 τοῦ
603 3973 904 4044 γενομένου
931 3976 997 4028 ὲκ
1024 3974 1345 4046 σπέρματος
1387 3975 1552 4030 nam
1589 3975 1726 4030 κατὰ
1755 3975 1888 4047 σάρ-

280 4077 379 4113 κα.
404 4078 423 4111 ι
462 4059 580 4113 Καὶ
608 4061 670 4114 τὸ
721 4062 853 4132 περὶ
886 4060 984 4114 τοῦ
1033 4061 1243 4127 πάθους
1284 4060 1462 4132 αὖθις,
1499 4067 1581 4119 ὅτι
1606 4084 1626 4117 ι
1662 4067 1722 4119 '0
1754 4065 1888 4128 Θεὺς

279 4151 376 4204 τὺν
403 4151 534 4206 Υίὸν
585 4152 751 4207 αὐτοῦ
796 4153 1170 4207 ἀπέστειλενιι
1207 4159 1266 4210 ὲν
1313 4156 1625 4228 ὁμοιώματι
1684 4158 1889 4228 σαρκὸς

280 4242 706 4314 ἁμαρτίας,καὶ
748 4243 880 4316 περὶ
922 4245 1199 4317 ἁμαρτίας
1243 4248 1532 4318 κατέκρινε
1571 4249 1672 4319 τὴν
1705 4250 1890 4319 ἁμαρ-

291 4334 407 4387 τίαν
439 4336 498 4388 ὲν
530 4338 600 4407 τῇ
629 4337 812 4406 σαρκί.
847 4357 867 4388 ι
907 4337 1017 4392 Καὶ
1066 4340 1258 4394 πάλιν·
1299 4364 1314 4392 α
1341 4339 1576 4412 Χριστὸς
1613 4343 1886 4396 ἀπέθανεν

283 4427 432 4500 ὑπὲρ
467 4427 580 4482 τῶν
611 4430 900 4502 ἁμαρτιῶν
925 4432 1103 4504 ημῶνο
1144 4452 1162 4484 ι
1201 4433 1316 4500 καὶ,
1363 4455 1379 4485 ι
1404 4436 1645 4507 Χριστοῦ
1684 4438 1886 4492 παθόν-

292 4539 380 4586 τος
408 4523 598 4595 σαρκί·
639 4543 656 4575 ι
696 4524 815 4586 καὶ,
863 4545 881 4576 ι
906 4525 1067 4580 Τοῦτ’
1095 4526 1240 4580 ἐστιν
1269 4529 1403 4599 (οὐχ
1451 4533 1483 4600 η
1534 4530 1729 4601 θεότης
1759 4548 1885 4600 μου,

283 4614 460 4686 ἀλλὰ)
495 4615 558 4668 τὸ
605 4615 765 4686 σῶμα
790 4619 850 4671 τὸ
880 4619 1020 4691 ὑπὲρ
1055 4620 1210 4690 ὑμῶν
1251 4621 1533 4692 κλώμενον
1569 4623 1651 4687 είς
1688 4625 1884 4692 ἄφεσιν

285 4707 599 4781 ἁμαρτιῶν.
621 4727 638 4760 ι
673 4710 781 4764 Καὶ
812 4714 1022 4782 μυρίων
1053 4712 1229 4767 ἄλλων
1263 4715 1454 4785 φωνῶν
1477 4715 1882 4787 διαμαρτυροῦ-

289 4799 472 4870 μένων
503 4800 617 4854 τῶν
640 4801 944 4873 ἀνθρώπων
971 4805 1032 4858 τὸ
1062 4806 1239 4873 γένος,
1280 4808 1355 4878 μὴ
1387 4807 1488 4879 τὴν
1518 4807 1614 4862 τοῦ
1645 4809 1775 4863 Υίοῦ
1803 4827 1889 4862 νο·

290 4891 474 4963 μίζειν
539 4891 769 4963 θεότητα
831 4897 1168 4966 πρόσφατον,
1223 4899 1256 4970 ἢ
1311 4901 1521 4965 πάθους
1569 4901 1885 4973 σωματικοῦ

286 4985 572 5054 δεκτικὴν,
607 4986 742 5042 ἀλλὰ
782 4988 881 5061 τὴν
911 4992 1267 5062 συνημμένην
1290 4995 1358 5064 τῇ
1391 4993 1552 5063 φύσει
1575 4995 1672 5064 τῆς
1700 4995 1890 5063 056m-

285 5091 384 5139 τος
435 5076 638 5148 σάρκα.
675 5076 839 5131 Ὅθεν
877 5083 973 5134 καὶ
1010 5082 1223 5152 Κύριον
1280 5082 1374 5135 τοῦ
1439 5083 1603 5136 Δαϐὶδ
1652 5083 1896 5137 ἑαυτὸνό

289 5170 532 5241 Χριστὸς
582 5171 674 5225 καὶ
712 5174 826 5226 υἱὸν
873 5174 1166 5246 ὀνομάξειο
1235 5177 1341 5229 «Τί
1393 5176 1504 5249 γᾲρ
1561 5178 1692 5247 ὑμῖν
1746 5177 1896 5228 δοκεῖ

290 5262 425 5332 περὶ
455 5261 551 5315 τοῦ
585 5263 848 5334 Χριστοῦ,
882 5263 1080 5336 φησίν;
1120 5264 1279 5329 Τίνος
1314 5267 1462 5320 ἐστὶν
1514 5266 1662 5330 υίόςς
1697 5265 1898 5333 Λέγου-

293 5371 384 5408 σιν
437 5355 622 5427 αὐτῷ·
683 5356 792 5410 Τοῦ
839 5357 1026 5413 Δαῦίδ.
1077 5358 1382 5429 Ἀπεκρίθη
1424 5361 1453 5413 ὁ
1521 5358 1748 5431 Ἰησοῦς,
1799 5359 1896 5413 καὶ

368 5493 414 5524 ’⁸
438 5493 596 5548 Joau.
631 5510 690 5552 ιι.
719 5495 808 5552 i9.
888 5497 932 5526 “
967 5496 1156 5552 Matth.
1186 5514 1222 5562 ι,
1252 5499 1303 5551 i.
1349 5500 1422 5547 γε’
1454 5499 1587 5552 ibid.
1622 5500 1699 5552 16.
1776 5498 1823 5530 ⁸⁸
1855 5497 1881 5551 il

391 5564 577 5620 .‘Jattli.
613 5581 671 5627 ιι,
715 5567 804 5621 15.
878 5564 924 5598 ⁸⁸
969 5567 1124 5622 Rom.
1177 5587 1210 5627 ι,
1245 5569 1296 5624 ὖ.
1379 5571 1421 5601 ⁹ί¹
1455 5571 1612 5625 Itoni.
1643 5586 1756 5627 vui.
1786 5569 1838 5624 5.

1984 5542 1989 5552 .
2027 5501 2111 5554 i8.
2194 5501 2240 5533 9‘
2265 5501 2424 5555 .loan.
2462 5517 2517 5561 ιι,
2557 5499 2605 5551 ’1.

1984 5572 2147 5627 ζϋοι.
2180 5589 2263 5627 λγ.
2291 5571 2343 5624 5.
2427 5574 2444 5599 ¹
2491 5572 2506 5623 1
2540 5572 2605 5626 l‘c

2063 5587 2147 5625 0r.
2180 5589 2263 5635 xv,
2291 5592 2343 5624 ο.

291 5565 342 5596 ’⁷
391 5564 577 5620 .‘Jattli.
613 5581 671 5631 ιι,
715 5567 804 5621 15.
878 5564 924 5598 ⁸⁸
969 5567 1124 5622 Rom.
1177 5569 1296 5634 1,3.
1379 5571 1421 5601 ⁹ί¹
1455 5571 1612 5625 Itoni.
1643 5586 1756 5634 vui,
1786 5569 1838 5624 5.

1979 2033 2068 2089 nis
2087 2031 2389 2086 Dominicze
2413 2029 2754 2084 mentionem
2774 2026 3006 2091 faciunt,
3031 2033 3190 2080 ortus
3213 2023 3330 2094 ipse
3354 2030 3581 2077 etmore

1980 2141 2089 2179 non
2120 2124 2343 2188 divinae,
2371 2121 2468 2178 sed
2493 2122 2750 2176 humanae
2771 2118 2982 2175 Christi
3004 2126 3217 2173 natura:
3237 2129 3456 2185 semper
3472 2110 3578 2167 tri-

1981 2218 2207 2284 buitur;
2263 2224 2624 2288 quapropter,
2675 2213 2720 2270 si
2737 2229 2866 2271 .rem
2902 2211 3225 2284 diligentius
3251 2206 3576 2265 considere-

1981 2325 2145 2374 mus,
2211 2325 2371 2365 sacra
2425 2308 2590 2380 Virgo
2642 2323 2755 2362 non
2785 2306 3044 2376 Deipara,
3094 2303 3193 2359 sed
3234 2299 3577 2370 Christipara

1980 2400 2316 2473 appellanda
2361 2399 2491 2455 erit.
2557 2399 2703 2454 Audi
2753 2397 3034 2469 quomodo
3081 2395 3387 2467 Evangelia
3429 2390 3577 2449 istud

1979 2495 2326 2566 proclament
2364 2512 2376 2546 :
2431 2511 2449 2544 ι
2477 2491 2664 2553 Liber,
2714 2490 2998 2562 inquiunt,
3039 2486 3420 2560 generationis
3447 2484 3579 2542 Iesu

1979 2585 2188 2642 Christi
2222 2586 2320 2640 lilii
2354 2585 2549 2649 David,
2589 2583 2691 2640 ﬁlii
2724 2582 3005 2640 Abraham
3027 2581 3127 2634 οι.»
3166 2579 3336 2650 Atqui
3360 2577 3578 2648 perspi—

1981 2693 2148 2733 cuum
2163 2686 2251 2734 est
2271 2679 2446 2732 Deum
2463 2676 2714 2735 Verbum
2727 2690 2838 2730 non
2853 2673 3133 2751 exstitisse
3145 2669 3370 2727 Davidis
3381 2668 3576 2724 filium.

1982 2768 2209 2840 Accipe,
2239 2769 2285 2825 si
2314 2770 2514 2841 placet,
2545 2768 2698 2827 aliud
2728 2768 2836 2822 hoc
2865 2764 3245 2822 testimonium
3283 2781 3296 2817 :
3325 2781 3361 2820 ,ι
3385 2759 3578 2824 Iacob.

1983 2862 2080 2928 ait,
2133 2863 2327 2934 genuit
2369 2862 2575 2933 Ioseph
2619 2862 2799 2916 virum
2837 2859 3055 2921 Mariae,
3086 2857 3155 2913 de
3177 2871 3287 2928 qua
3315 2863 3480 2912 natus
3497 2859 3586 2909 est

1981 2956 2163 3021 Jesus,
2206 2957 2304 3028 qui
2332 2962 2563 3035 vocatur
2607 2954 2864 3012 Christus
2880 2952 2978 3007 “.p
3026 2948 3315 3022 Perpende
3354 2960 3582 3002 rursum

1983 3048 2146 3103 aliam
2198 3045 2482 3118 Evangelii
2523 3061 2714 3101 vocem
2747 3085 2762 3110 ,
2831 3042 3127 3124 veritatem
3175 3040 3320 3097 hanc
3375 3037 3584 3095 diserto

1985 3137 2406 3194 conﬁrmantem
2460 3156 2471 3189 :
2526 3137 2639 3212 28
2701 3156 2719 3188 ‹
2751 3134 2984 3203 Christi,
3041 3131 3242 3203 inquit,
3301 3127 3586 3202 generatio

1989 3230 2071 3285 sic
2122 3238 2261 3284 erat.
2329 3228 2470 3284 Cum
2516 3236 2666 3284 esset
2703 3229 3036 3298 desponsata
3063 3234 3242 3282 mater
3264 3227 3386 3296 ejus
3413 3223 3585 3280 Maria

1987 3322 2189 3393 Josepb
2219 3362 2233 3386 ,
2281 3321 2507 3376 inventa
2547 3330 2634 3375 est
2687 3321 2900 3375 habens
2949 3319 3003 3374 in
3053 3328 3216 3373 utero
3261 3317 3330 3372 de
3371 3315 3584 3387 Spiritu

1985 3422 2179 3471 sancto
2195 3415 2266 3468 ".
2292 3432 2311 3466 ι
2353 3413 2489 3480 Quis
2517 3422 2705 3468 autem
2752 3412 3033 3483 Unigeniti
3073 3410 3420 3466 divinitatem
3456 3409 3586 3481 Spi-

1985 3506 2127 3562 ritus
2157 3505 2333 3562 sancti
2372 3513 2703 3561 creaturam.
2722 3519 2846 3560 esse
2881 3503 3106 3559 credat?
3137 3502 3292 3558 Adde
3326 3501 3414 3557 bis
3448 3501 3586 3558 illud

1986 3616 2207 3671 quoque
2241 3618 2252 3654 :
2289 3620 2306 3650 ι
2330 3600 2464 3654 Erat
2510 3608 2688 3654 mater
2731 3598 2862 3654 Jesu
2911 3597 2990 3654 ibi
3015 3597 3100 3664 “i;
3129 3616 3146 3648 ι
3207 3604 3283 3652 et.
3309 3609 3530 3651 rursum
3568 3613 3582 3648 :

1995 3711 2012 3742 ι
2049 3692 2186 3748 Cum
2219 3691 2388 3748 Maria
2416 3700 2594 3748 matre
2623 3691 2750 3748 Jesu
2765 3691 2836 3757 ³⁸,
2863 3709 2880 3743 ι
2911 3699 3057 3757 etc.;
3092 3698 3151 3746 et
3177 3688 3314 3744 illud
3341 3705 3354 3742 :
3387 3707 3404 3740 ‹
3427 3686 3586 3756 Quod

1989 3784 2044 3839 in
2065 3800 2131 3839 ea
2156 3795 2348 3841 natum
2370 3793 2476 3851 est,
2513 3786 2582 3840 de
2604 3785 2814 3856 Spiritu
2842 3791 3037 3840 sancto
3061 3793 3147 3840 est
3176 3783 3223 3815 °°
3246 3800 3261 3848 ;
3287 3802 3306 3834 ›
3337 3790 3394 3837 et
3414 3779 3584 3836 illud:

1996 3898 2014 3929 ι
2042 3879 2242 3948 Accipe
2269 3894 2528 3949 puerum,
2565 3886 2623 3933 et
2647 3887 2880 3933 matrem
2913 3878 3056 3949 ejus,
3096 3885 3154 3933 et
3182 3875 3308 3948 iuge
3339 3876 3393 3930 in
3419 3873 3586 3948 Egy-

1989 3980 2142 4041 ptum
2162 3971 2245 4034 ’7;
2275 3991 2292 4021 ι
2333 3978 2390 4024 et
2417 3969 2552 4024 illud
2585 3986 2599 4022 :
2637 3988 2654 4020 ι
2682 3969 2757 4025 De
2783 3969 2926 4025 Filio
2951 3985 3075 4035 suo,
3100 3970 3194 4041 qui
3220 3970 3400 4024 factus
3431 3973 3518 4023 est
3532 3963 3588 4022 ei

1987 4078 2057 4117 ex
2105 4060 2318 4117 semine
2367 4061 2540 4115 David
2588 4059 2895 4116 secundum
2940 4056 3267 4127 carnem”;
3307 4079 3326 4111 ι
3365 4066 3421 4113 et
3450 4056 3587 4112 illud

1988 4169 2215 4209 rursum
2246 4153 2314 4208 de
2337 4153 2588 4224 ejusdem
2617 4152 2876 4223 passione
2921 4171 2935 4207 :
2985 4171 3002 4203 ι
3027 4152 3175 4207 Deus
3197 4150 3399 4206 Filium
3425 4165 3588 4206 suum

1989 4245 2217 4300 mittens
2261 4244 2317 4300 in
2350 4244 2774 4298 similitudinem
2816 4243 2998 4299 carnis
3019 4242 3255 4314 peccati,
3293 4250 3350 4296 et
3373 4241 3441 4296 de
3464 4256 3593 4312 pec-

1989 4346 2113 4393 cato
2148 4336 2541 4392 condemnavit
2585 4345 2878 4406 peccatum
2916 4335 2970 4390 in
3002 4335 3232 4389 carne”
3259 4351 3272 4401 ;
3301 4353 3318 4386 ι
3363 4341 3417 4388 et
3454 4333 3594 4388 illud

1991 4430 2190 4485 iterum
2242 4448 2253 4482 :
2312 4449 2327 4479 ί
2355 4429 2615 4484 Christus
2663 4436 2918 4484 mortuus
2942 4434 3028 4482 est
3070 4441 3174 4496 pro
3198 4424 3451 4497 peccatis
3471 4439 3546 4479 no
3564 4453 3591 4464 -

1989 4524 2157 4581 stris‘
2183 4542 2196 4590 ;
2224 4544 2242 4574 ι
2307 4531 2366 4578 et
2399 4538 2621 4576 rursum
2661 4539 2674 4577 :
2712 4540 2728 4571 ι
2753 4519 2978 4576 Christo
3009 4519 3066 4572 in
3094 4532 3264 4573 carne
3293 4516 3530 4587 passo’;
3568 4533 3585 4565 ι

1992 4617 2234 4687 denique
2271 4635 2281 4669 :
2323 4635 2339 4664 ι
2363 4616 2480 4670 Hoc
2507 4623 2592 4670 est
2626 4614 2758 4685 (non
2780 4628 2905 4668 mea
2932 4610 3216 4674 divinitas,
3243 4609 3360 4679 sed)
3389 4622 3595 4681 corpus

1995 4727 2204 4774 meum,
2262 4709 2411 4780 quod
2453 4723 2555 4779 pro
2611 4707 2769 4761 vobis
2802 4706 3073 4776 frangitur
3113 4705 3170 4758 in
3210 4702 3593 4759 remissionem

1997 4813 2354 4875 peccatorum
2375 4802 2414 4854 ⁸.
2443 4822 2460 4852 ›
2499 4800 2641 4855 Sunt
2668 4800 2786 4857 aliae
2812 4800 3118 4853 innumerae
3141 4795 3448 4860 sententiae,
3471 4782 3596 4865 qua:

1996 4895 2346 4950 divinitatem
2400 4910 2582 4963 neque
2616 4907 2795 4963 nuper
2822 4899 3031 4954 natam,
3085 4905 3266 4959 neque
3310 4902 3596 4958 corporea:

1995 4987 2370 5059 perpessionis
2403 5001 2662 5056 capacem
2695 4999 2840 5050 esse,
2872 4983 3189 5038 mortalium
3215 4980 3404 5052 generi
3428 4986 3595 5034 testa-

1998 5091 2114 5136 tum
2159 5082 2369 5136 faciunt
2451 5081 2546 5135 sed
2575 5081 2754 5151 ipsam
2782 5093 3030 5142 carnem,
3068 5091 3192 5148 qua:
3223 5074 3427 5129 divinae
3456 5089 3593 5128 con-

1991 5176 2184 5245 juncta
2233 5185 2320 5229 est
2371 5182 2602 5228 naturae.
2638 5172 2821 5239 Quare
2852 5180 2909 5226 et
2938 5169 3055 5240 ipse
3084 5183 3305 5238 quoque
3339 5166 3597 5221 Christus

1996 5267 2222 5322 Davidis
2248 5266 2536 5322 dominum
2570 5275 2625 5320 et
2657 5264 2831 5319 ﬁlium
2859 5279 2917 5318 se
2943 5263 3194 5315 nominat
3229 5279 3240 5313 :
3282 5278 3299 5309 ι
3321 5257 3488 5325 Quid.
3515 5258 3596 5312 inv

1995 5362 2137 5432 quit,
2197 5360 2356 5416 vobis
2407 5360 2628 5415 videtur
2679 5358 2745 5411 de
2775 5350 3044 5412 Christo?
3092 5352 3264 5424 Cujus
3295 5350 3442 5405 ﬁlius
3473 5349 3597 5404 est?

2691 5499 2736 5528 95
2761 5498 2883 5552 Act.
2917 5513 2952 5559 ι,
2986 5495 3071 5548 M.
3150 5492 3196 5524 ⁸⁸
3220 5491 3410 5546 Matth.
3439 5505 3475 5552 ι,
3501 5485 3594 5543 20.

2427 5574 2444 5599 ¹
2491 5572 2506 5623 ι
2540 5572 2683 5626 l‘ctr.
2723 5586 2794 5633 tv,
2834 5567 2879 5623 ι.
2953 5567 2970 5599 ³
3003 5565 3137 5621 Luc.
3181 5579 3308 5628 xxii,
3349 5561 3432 5618 ιιι.

1383 5733 1551 5791 Varia:
1581 5736 1844 5792 lectione:
1878 5733 2080 5791 codicis
2111 5732 2472 5798 δι’ςιίιιιυιιιιιιι.

375 5826 392 5856 ⁸
448 5823 788 5897 ἐξελούσης.
877 5837 898 5864 α
953 5823 1190 5894 nigris;
