4146 6322
211 348 278 405 57
1594 344 1951 402 EPlSTOL.’E
1997 346 2084 400 \‘l-
2100 345 2207 399 Vll.
3442 343 3520 404 58

613 460 698 516 τὰ
744 459 853 531 γὰρ
884 460 980 530 τῆς
1015 458 1343 532 Ἐκκλησίας
1393 460 1515 515 καθ’
1565 462 1808 531 ἑκάστην
1840 470 1858 524 Α

1934 460 2008 515 ιίο
2028 468 2178 524 sunt,
2218 458 2473 514 delusum
2521 466 2573 514 te
2615 458 2776 517 scias.
2832 458 2966 514 Nam
3003 476 3092 516 res
3121 457 3517 517 ecclesiasticae

216 552 540 633 προκόπτει,
573 555 670 608 καὶ
695 552 766 608 τὰ
802 553 911 607 τῶν
941 551 1087 607 λαῶν
1110 552 1167 606 ὲν
1195 552 1437 607 ἐπιδόσει
1456 552 1694 625 τοσαύτῃ
1720 553 1809 608 διὰ

216 648 314 723 τὴν
342 645 439 702 τοῦ
488 646 665 702 θεοῦ·
696 647 877 719 χάριν,
907 646 983 711 ὠς
1012 646 1082 701 τὰ
1106 646 1202 701 τοῦ
1242 648 1546 721 προφήτου,
1579 646 1808 717 βλέπον·

215 741 404 807 «κατὰ
432 741 638 813 πλήθη.
670 740 798 813 βοᾷν
818 757 831 770 ·
864 761 881 793 ι
902 741 1284 815 [πλησθήσεται
1310 744 1343 812 ἡ
1378 743 1449 813 γῆ
1481 741 1574 795 τοῦ
1604 741 1809 810 γνῶναι

212 832 309 890 ὼν
324 833 593 905 Κύριονδ.
613 833 687 897 ὡς
716 831 863 905 ὕδωρ
894 833 1027 889 πολὺ
1054 832 1441 903 κατακαλύψαι
1460 833 1755 896 (θαλάσσας.
1785 853 1804 887 ι

213 924 303 983 τά
328 943 387 979 τε
428 926 541 980 τῶν
569 924 835 997 βασιλέων
876 928 933 980 ὲν
984 925 1396 997 ὑπερϐαλλούσῃ
1432 928 1596 997 χαρᾷ.
1625 942 1813 994 πεφω-

211 1018 495 1082 τισμένων
515 1029 538 1058 ε
574 1016 669 1071 τοῦ
715 1017 1004 1088 δόγματος.
1038 1018 1149 1071 Καὶ
1195 1018 1280 1072 ἴνα
1313 1018 1548 1071 συνελὼν
1580 1018 1814 1073 ἐπιστεί-

212 1106 317 1169 λω,
366 1094 583 1178 ἐκείνην
627 1108 720 1160 ἐπὶ
754 1111 874 1173 ταῖς
919 1106 1208 1179 Θεομάχοι;
1255 1109 1495 1173 ἀπάσαις
1544 1108 1810 1176 αἱρέσεσι,

217 1201 318 1256 καὶ
345 1205 414 1272 τῇ
444 1201 544 1271 τῆς
583 1200 911 1271 Ἐκκλησίας
935 1201 1236 1275 ὀρθοδοξέᾳ,
1289 1201 1412 1256 καθ’
1443 1203 1681 1275 ἑκάστην
1726 1202 1816 1256 εὖ·

218 1308 305 1363 ροι
336 1310 421 1354 τις
448 1292 517 1346 ἂν
548 1295 675 1365 παρ’
712 1295 844 1365 ἡμῖν
869 1294 966 1364 τὴν
1018 1294 1203 1365 φωνὴν
1242 1294 1632 1366 πληρουμένην
1651 1310 1663 1323 ·
1697 1314 1715 1346 ι
1756 1295 1815 1349 ’0

219 1376 374 1448 οἶκος
414 1384 603 1440 Σαοὺλ
657 1384 969 1457 ἐπορεύετο,
1025 1386 1120 1439 καὶ
1171 1386 1409 1456 ὴσοένει.
1468 1387 1636 1441 Καὶό
1666 1383 1816 1449 οἶκος

217 1475 390 1531 Δαδὶδ
442 1478 756 1548 ἐπορεύετο.
813 1478 907 1533 καὶ
954 1478 1378 1549 ἐκραταιοῦτο.»
1437 1479 1623 1532 Ταῦτα
1687 1478 1814 1550 παρ’

218 1568 386 1638 ἡμῶν
415 1570 493 1639 ὠς
536 1569 783 1638 ἀδελφῶν
827 1571 964 1642 πρὸς
1018 1570 1241 1641 λδελφὸν
1264 1570 1291 1611 ἀ
1326 1570 1811 1642 συμϐουλεύματα.

219 1658 285 1713 Ei
319 1659 379 1713 δέ
407 1677 493 1722 τις
519 1660 669 1717 δοκεῖ
693 1660 1036 1729 φιλονεικεῖν,
1075 1662 1406 1735 κεκράξεται
1440 1663 1537 1716 καὶ
1558 1663 1629 1717 δι’
1654 1661 1816 1734 ήμῶν

220 1750 363 1821 πρὸς
421 1750 515 1805 τὸν
575 1752 816 1806 τοιοῦτον
872 1756 900 1808 ὁ
960 1754 1201 1818 Παῦλοςο
1261 1773 1280 1806 ι
1316 1754 1506 1825 Ἡμεῖς
1556 1752 1815 1826 τοιαύτην

1914 550 2168 624 quotidie
2210 561 2470 607 crescunt
2489 562 2545 607 et
2568 561 2876 623 augentur;
2910 560 2965 606 et
2994 552 3309 625 aggregatio
3333 566 3515 623 popu-

1916 644 2096 699 lorum
2145 658 2243 698 eos
2274 643 2508 698 sortitur
2550 642 2645 697 Dei
2675 642 2947 699 beneﬁcio
2984 657 3297 709 successus,
3335 639 3514 711 utqui

1915 734 2331 791 multitudinem
2370 736 2680 798 intuentur,
2707 752 2817 790 non
2847 735 3062 806 possint
3088 751 3213 792 cum
3245 733 3517 805 propheta

1916 846 2025 886 non
2065 830 2378 886 exclamare
2421 847 2434 883 :
2472 850 2487 879 ι
2515 830 2746 901 Replcta
2771 839 2855 885 est
2884 839 3031 884 terra
3063 829 3381 900 cognitione
3405 827 3516 882 Do-

1916 922 2075 987 mini,
2095 923 2239 979 sicut
2258 939 2397 993 aqua
2423 925 2593 978 multa
2612 923 2861 994 cooperit
2878 921 3095 977 maria“.
3111 942 3128 972 ι
3150 922 3519 992 imperatores

1915 1032 2158 1086 quoque,
2196 1024 2422 1086 propter
2444 1015 2717 1087 dogmatis
2741 1014 3187 1076 illustrationem,
3215 1012 3269 1067 in
3302 1025 3518 1066 summa

1916 1109 2105 1165 laetitia
2122 1108 2501 1179 vitam‘agunt.
2519 1107 2608 1171 Et,
2632 1107 2880 1161 utverbo
2903 1105 3254 1166 concludam,
3274 1103 3424 1157 illam
3448 1101 3520 1156 de

1918 1203 2135 1267 cunctis
2146 1201 2451 1256 hmresibus
2464 1201 2635 1255 Deum
2654 1197 3129 1271 impugnantibus,
3144 1204 3405 1265 rectaque
3419 1193 3523 1249 Ec-

1918 1294 2100 1351 clesiae
2117 1294 2393 1358 doctrina,
2416 1310 2606 1349 vocem
2626 1293 2770 1364 apud
2786 1307 2888 1347 nos
2903 1290 3153 1362 quotidie
3174 1289 3239 1343 ad
3258 1287 3419 1343 eii‘ect.
3438 1300 3519 1341 .tm

1919 1388 2120 1445 deduci
2150 1388 2460 1459 comperias
2489 1406 2501 1441 :
2539 1407 2556 1438 ι
2580 1388 2788 1441 Domus
2809 1385 2937 1440 Saul
2969 1382 3331 1455 procedebat,
3357 1388 3413 1435 et
3439 1378 3524 1433 in-

1920 1482 2285 1538 flrmabatur:
2323 1491 2381 1537 et
2402 1480 2600 1536 domus
2630 1478 2801 1535 David
2835 1476 3196 1549 procedebat,
3232 1483 3288 1530 et
3316 1484 3524 1529 contir-

1918 1574 2226 1630 mabatur'.
2241 1593 2257 1624 ι
2284 1571 2413 1627 Haec
2430 1570 2674 1626 fraterno
2687 1570 2888 1624 affectu
2908 1566 3065 1622 fratri
3084 1582 3114 1622 a
3136 1565 3298 1621 nobis
3317 1563 3522 1619 dantur

1920 1666 2170 1723 consilia.
2192 1666 2248 1721 Si
2262 1666 2390 1736 quis
2409 1673 2595 1719 autem
2617 1662 2991 1718 volueritesse
3011 1658 3417 1717 contentiosus,
3433 1653 3525 1709 hic

1923 1761 2145 1816 beatum
2163 1759 2397 1815 Paulum
2424 1772 2523 1828 per
2544 1771 2646 1811 nos
2664 1755 2997 1810 clamantem
3017 1750 3293 1821 intelliget
3320 1766 3333 1801 :
3369 1765 3387 1796 ‹
3413 1743 3527 1800 Nos

222 1844 516 1916 συνήθειαν
548 1847 648 1899 οὐκ
670 1847 888 1918 ἔχομεν,
918 1847 1039 1901 οὐδὲ
1067 1848 1125 1905 αἱ
1160 1845 1479 1917 Ἐκκλησίαι
1504 1844 1598 1899 τοῦ
1622 1844 1812 1900 Θεοῦ.»
1850 1832 1858 1887 Ῑ

1934 1854 2089 1910 talem
2115 1850 2580 1908 consuetudinem
2608 1864 2719 1903 non
2746 1847 3038 1910 habemus,
3061 1858 3245 1914 neque
3262 1838 3528 1897 Ecclesia:

221 1937 413 1992 Πᾶσαν
443 1938 544 2009 τὴν
577 1938 675 1992 σὺν
710 1940 793 1993 σοὶ
841 1938 1199 2011 ἀδελφότητα,
1236 1936 1349 2009 ἐγώ
1397 1954 1458 1991 τε
1509 1938 1607 1992 καὶ
1638 1939 1687 1991 οἱ
1717 1936 1815 1990 σὺν

222 2031 369 2102 ἐμοὶ,
431 2030 663 2086 πλεῖπα
725 2032 1230 2105 προσαγορεύομεν.
1294 2032 1659 2104 Ἐῥρωμένος,
1722 2031 1815 2083 καὶ

224 2123 671 2196 ὑπεριυχόμενος
699 2125 856 2197 ἡμῶν
881 2125 1208 2198 διατελοίης,
1262 2124 1440 2179 πάντα
1488 2142 1576 2195 μοι
1619 2122 1817 2193 τιμιώ-

221 2229 354 2269 τατε
392 2217 488 2270 καὶ
526 2216 935 2285 θεοφιλέστατε.

288 2357 311 2388 ⁸
348 2355 451 2413 lsa.
482 2372 560 2421 ιι,
596 2357 648 2413 9.
722 2356 745 2388 "
774 2355 821 2413 II
853 2356 988 2429 Reg.
1021 2372 1101 2421 ιιι,
1132 2357 1182 2410 1.
1262 2356 1329 2412 ⁸1
1368 2356 1498 2412 Cor.
1521 2372 1596 2420 ιι,
1635 2355 1721 2411 16.

1922 1945 2078 2001 Dei”.
2093 1966 2110 1997 ι
2143 1944 2471 2002 Universum
2492 1958 2613 2013 qua:
2637 1949 2818 1995 tecum
2839 1947 2923 1994 est
2949 1937 3181 1992 fratrum
3200 1933 3527 1989 societatem

1923 2053 2046 2109 ego,
2100 2037 2309 2107 quique
2337 2050 2556 2091 mecum
2586 2040 2735 2098 sunt,
2781 2030 3083 2101 plurimum
3121 2028 3335 2083 salvere
3361 2020 3527 2094 jube-

1926 2145 2073 2184 mus.
2134 2110 2368 2199 Semper
2410 2124 2705 2181 incolumis
2755 2138 2857 2195 pro
2888 2121 3052 2177 nobis
3088 2120 3200 2175 Deo
3225 2114 3526 2187 supplices,

1926 2216 2435 2275 observandissime
2463 2224 2521 2272 et
2545 2214 2815 2288 piissime.

1328 2474 1507 2531 Variae
1533 2473 1805 2530 lectiones
1838 2472 2050 2539 codicis
2076 2472 2449 2545 Seguieriam.

300 2604 327 2634 ι
363 2587 627 2663 Χριστοῦ.
697 2589 725 2630 1³
752 2588 906 2644 Θεόν.
977 2601 1000 2629 θ
1034 2591 1476 2662 πεφωτισμένου.
1555 2588 1584 2629 δ
1616 2590 1901 2661 ἀδελφούς.

1714 2826 2099 2888 MONITUM.

297 2949 589 3026 Eusebius
605 2950 920 3026 Renaudot,
944 2952 1039 3026 qui
1061 2962 1357 3024 sequentes
1375 2952 1565 3026 Cyrilli
1585 2953 1651 3009 ad
1667 2952 1985 3010 Nestorium
2008 2950 2273 3026 epistolas
2300 2950 2476 3026 edidit
2498 2950 2555 3005 in
2575 2948 2816 3026 Historia
2846 2945 3281 3026 patriarcharum
3298 2942 3506 3026 Αζςπαη

228 3021 507 3096 ἀνὶιιοιιιιιιι
534 3022 737 3096 (Paris.
772 3013 931 3096 1715,
959 3013 1059 3093 λθ),
1092 3013 1278 3096 monet
1297 3013 1584 3094 episiolam
1610 3034 1902 3096 utramque
1930 3013 2148 3096 exstare
2175 3022 2231 3096 in
2265 3022 2554 3080 codicibus
2579 3013 3043 3076 Arabicis’earum
3064 3017 3187 3072 loco
3209 3013 3540 3088 quantinece

228 3100 285 3156 et
310 3092 506 3151 Latine
532 3092 797 3166 leguntur
828 3095 885 3151 in
909 3092 1153 3167 antiquis
1176 3092 1463 3153 codicibus
1492 3097 1758 3153 Actorum
1784 3092 1975 3170 synodi
2006 3093 2317 3166 Ephesinae.

1565 3327 1925 3385 EPISTOLIE
1963 3326 2178 3384 Vl-VII.

1524 3462 1732 3503 CYRILLI
1767 3462 1833 3501 AD
1865 3460 2188 3501 Νεετοιιιωι.

1057 3565 1235 3622 Monet
1252 3572 1313 3621 ut
1344 3582 1465 3639 qua:
1494 3566 1655 3638 impie
1676 3567 1975 3639 protulerat
2005 3570 2306 3620 retractare
2332 3578 2440 3617 non
2470 3562 2703 3632 diﬂ'erat.

302 3682 488 3742 Fratri
525 3688 586 3737 et
618 3678 1021 3736 comministro.
1071 3679 1193 3736 Non
1225 3680 1438 3737 credidi
1472 3697 1667 3737 verum
1711 3696 1832 3737 esse
1860 3690 1902 3746 ο
1938 3680 2202 3735 adversus
2242 3694 2409 3749 quem
2442 3691 2737 3747 exsurgere
2767 3682 2863 3729 aut
2891 3689 3019 3727 eum
3064 3674 3389 3745 impugnare
3435 3690 3548 3731 non

236 3777 387 3850 quod
416 3775 486 3832 de
520 3782 574 3831 te
608 3772 820 3829 dictum
852 3782 940 3830 est
963 3781 1158 3841 antea;
1188 3790 1370 3845 neque
1397 3775 1687 3846 epistolam
1718 3791 1841 3847 quae

238 3872 310 3928 ad
356 3886 444 3929 me
487 3879 587 3926 tuo
622 3869 847 3924 nomine
890 3869 1099 3939 perlata
1137 3879 1241 3933 est,
1286 3885 1317 3923 a
1343 3878 1395 3925 te
1425 3871 1688 3941 scriptam
1720 3886 1842 3925 esse

237 3963 580 4027 existimavi,
618 3977 745 4017 cum
776 3961 833 4016 in
855 3977 920 4017 ea
948 3961 1251 4018 sententias
1276 3962 1601 4019 falsissimas
1620 3971 1675 4019 et
1696 3962 1843 4019 blas-

240 4057 482 4132 phemiae
512 4058 706 4128 plenas
743 4056 947 4111 sanctis
971 4054 1268 4110 attributas
1298 4056 1622 4127 repererim.
1652 4057 1847 4112 Moneo

243 4154 417 4224 igitur
447 4160 511 4207 ut
540 4167 570 4207 a
590 4151 866 4207 similibus
892 4151 1246 4222 blasphemiis
1286 4150 1847 4222 contentionibusque

243 4246 517 4313 desistas;
561 4261 743 4316 neque
766 4246 914 4301 enim
938 4246 1087 4300 vires
1113 4245 1216 4301 tibi
1250 4244 1384 4300 tales
1413 4255 1543 4300 sunt
1577 4252 1639 4300 ut
1668 4245 1847 4315 possis

244 4354 497 4413 pugnare
518 4338 786 4394 adversus
823 4340 996 4395 Deum
1022 4340 1116 4410 qui
1141 4354 1273 4394 vere
1306 4339 1604 4394 crucifixus
1637 4347 1722 4395 est
1746 4356 1845 4410 pro

246 4432 413 4489 nobis
431 4442 487 4488 et
515 4444 768 4489 mortuus
795 4442 881 4489 est
903 4434 959 4488 in
985 4449 1240 4504 corpore,
1258 4433 1503 4504 vivitque
1532 4450 1633 4504 per
1648 4446 1845 4505 poten-

248 4526 384 4582 tiam
423 4526 732 4582 divinitatis
757 4543 871 4583 suae
900 4546 915 4581 :
953 4527 1069 4598 ipse
1100 4537 1187 4583 est
1217 4527 1312 4597 qui
1353 4528 1510 4582 sedet
1548 4528 1615 4581 ad
1651 4528 1846 4582 dexte-

246 4634 370 4675 ram
401 4620 646 4686 Patris’,
673 4626 730 4676 c't
752 4636 879 4676 eum
918 4620 1149 4676 adorant
1190 4621 1393 4693 angeli,
1427 4622 1772 4692 principatus
1794 4630 1850 4677 et

250 4721 559 4786 potestates
593 4715 662 4781 ’°;
694 4715 919 4786 ipseque
955 4724 1039 4771 est
1080 4717 1198 4771 Rex
1244 4725 1505 4781 aeternus,
1548 4715 1636 4770 cui
1664 4716 1849 4771 omnia

253 4805 407 4862 dedit
439 4808 603 4863 Pater
633 4809 673 4840 “
706 4809 761 4864 in
792 4825 1019 4865 manus:
1052 4810 1167 4880 ipse
1206 4823 1292 4865 est
1330 4818 1545 4865 creator
1576 4810 1847 4875 omnium,

1936 3775 2109 3831 vales.
2136 3774 2329 3849 Neque
2362 3787 2504 3842 opus
2522 3780 2606 3826 est
2636 3778 2696 3824 ut
2731 3769 2831 3823 tibi
2856 3769 2913 3823 in
2939 3769 3262 3823 memoriam
3294 3784 3549 3824 revocem

1941 3887 2064 3944 qua":
2098 3869 2311 3936 Iudaeis
2343 3868 2463 3939 ejus
2492 3864 2749 3920 hostibus
2794 3861 3142 3925 acciderunt,
3185 3876 3310 3915 cum
3351 3877 3416 3916 ea
3448 3860 3554 3917 tibi

1942 3969 2077 4026 satis
2101 3974 2390 4038 perspecta
2411 3965 2542 4027 sint,
2558 3972 2654 4017 aut
2674 3976 2797 4031 qum
2818 3957 3116 4021 haereticis,
3139 3956 3351 4012 Simoni
3375 3958 3552 4029 Mago,

1944 4063 2164 4119 Juliano
2204 4057 2525 4129 imperatori
2555 4065 2611 4110 et
2649 4055 2799 4108 Ario.
2855 4052 2997 4107 Ecce
3026 4049 3129 4105 Job
3150 4051 3335 4121 justus
3367 4048 3505 4104 dicit
3538 4067 3552 4102 :

1958 4177 1975 4208 ι
2002 4155 2197 4211 Videte
2225 4153 2437 4223 plagam
2461 4165 2638 4204 meam
2661 4164 2676 4212 ;
2705 4147 2894 4201 timete
2915 4154 2972 4199 et
2992 4143 3212 4198 laudate
3238 4142 3411 4196 Deum
3436 4140 3499 4194 ¹².
3531 4158 3549 4191 ι

1948 4251 2062 4322 Ego
2088 4258 2273 4304 autem
2296 4244 2566 4301 denuntio
2596 4242 2698 4298 tibi
2724 4239 2873 4311 quod
2902 4238 3151 4294 Ecclesna
3177 4251 3408 4307 passura
3445 4250 3555 4288 non

1950 4347 2021 4401 sit
2047 4353 2198 4399 tuam
2229 4341 2498 4396 adversus
2525 4338 2699 4391 Deum
2734 4352 2893 4389 suum
2926 4331 3362 4402 impudentiam;
3394 4336 3559 4395 atque

1954 4442 2047 4495 illa
2090 4440 2205 4511 ipsa
2248 4434 2493 4492 Ecclesia
2540 4440 2626 4487 est
2666 4432 2933 4486 adversus
2966 4442 3131 4498 quam
3181 4434 3353 4495 portae
3399 4420 3558 4476 inferi

1956 4534 2253 4605 praevalere
2280 4547 2390 4585 non
2427 4533 2691 4599 poterunt
2717 4525 2780 4579 ¹³.
2809 4524 2928 4594 Ipse
2950 4537 3171 4592 quoque
3198 4519 3307 4573 scis
3328 4525 3560 4586 quantas

1955 4625 2046 4679 illa
2088 4622 2419 4677 tentationes
2468 4633 2724 4688 perpessa
2766 4616 2859 4679 sit,
2907 4615 2983 4668 ita
3030 4620 3213 4666 tamen
3268 4619 3329 4663 ut
3377 4606 3562 4661 nullus

1956 4716 2307 4789 przevaluerit
2354 4714 2622 4769 adversus
2659 4727 2802 4775 eam,
2842 4705 3245 4778 quia'fundata
3284 4710 3369 4756 est
3398 4715 3562 4769 supra

1956 4822 2169 4880 petram
2196 4808 2342 4863 ﬁdei.
2376 4806 2512 4863 Vide
2543 4820 2675 4876 ergo
2694 4818 2814 4873 qua:
2844 4802 3093 4857 facturus
3118 4799 3215 4862 sis,
3237 4804 3294 4852 et
3314 4795 3457 4849 valc.

333 5040 416 5097 Ad
453 5041 592 5095 hanc
623 5039 903 5110 epistolam
922 5037 1197 5094 Nestorius
1231 5039 1500 5109 respondit
1530 5048 1871 5110 arroganter,
1904 5047 1952 5093 ct
1976 5038 2173 5093 similes
2215 5036 2477 5109 prioribus
2519 5034 2875 5106 blasphemias
2915 5030 3101 5085 litteris
3128 5028 3236 5081 suis
3262 5023 3563 5095 complexur-

260 5122 360 5169 est.
396 5110 533 5169 Illas
559 5109 678 5167 cum
709 5109 1275 5183 Cyrillus'accepisset,
1312 5112 1580 5182 rescripsit
1613 5109 1808 5165 acriter
1831 5113 1887 5165 in
1921 5114 2029 5167 lucc
2055 5111 2249 5165 verba:

342 5229 457 5285 Nisi
490 5242 645 5283 esses
687 5226 1001 5298 episcopus,
1038 5242 1201 5283 nemo
1234 5235 1433 5298 praeter
1461 5202 1764 5282 familiares
1806 5233 1863 5282 et
1896 5232 1938 5286 ι)
1965 5241 2062 5297 per
2086 5226 2347 5280 thronum
2376 5222 2500 5302 Filii
2526 5221 2647 5285 Dei,
2675 5216 3060 5288 unusquisque
3093 5224 3148 5269 te
3184 5209 3337 5265 novit
3358 5208 3430 5263 ob
3456 5209 3560 5263 Ee-

264 5322 610 5394 propinquos
631 5330 754 5376 tuos
776 5330 831 5376 te
859 5324 1123 5377 novisset.
1145 5322 1265 5377 Jam
1287 5336 1419 5376 vero
1438 5320 1567 5391 quia
1587 5320 1746 5377 sedes
1773 5336 1869 5375 su-

341 5464 363 5497 ’
396 5461 545 5518 Psal.
577 5477 684 5527 cxx,
724 5462 780 5529 I;
814 5461 983 5518 Hebr.
1010 5479 1048 5528 ι,
1090 5461 1179 5517 15.
1257 5462 1300 5493 ¹⁰
1336 5461 1477 5516 Psal.
1506 5478 1650 5525 κατι,
1684 5462 1749 5526 8;
1783 5459 1952 5517 llehr.
1990 5476 2025 5512 ι.
2061 5459 2113 5513 6.

270 5551 380 5599 ιη,
420 5533 507 5589 18.

272 5654 369 5720 qui
400 5649 528 5716 ηε,
558 5665 684 5720 cum
727 5649 963 5720 necdum
999 5648 1279 5720 ferverent
1316 5648 1569 5703 autumni
1610 5654 1865 5719 tempore

274 5718 505 5783 dissidia
552 5719 871 5777 Nestorium
925 5719 1072 5776 inter
1109 5729 1166 5775 et
1210 5718 1669 5792 Cyrillumgaut
1713 5735 1859 5792 anno

279 5794 611 5869 posteriore,
656 5808 783 5849 cum
804 5792 1023 5869 mentio
1064 5791 1158 5869 ﬂat
1187 5790 1421 5869 concilii
1438 5791 1494 5846 in
1524 5790 1863 5869 litteris_Ne-

277 5861 468 5934 storii,
516 5867 757 5938 ipsaeque
804 5864 1003 5921 littera:
1050 5880 1080 5921 ιι
1117 5861 1324 5937 Cyrillo
1387 5864 1618 5920 Romam
1686 5862 1865 5917 misse

1976 5320 2159 5376 clcsim
2174 5319 2263 5375 cui
2280 5333 2453 5389 praees
2474 5312 2989 5387 dignitatem.Nunc
3007 5323 3143 5363 vero
3157 5303 3454 5360 Dominum
3474 5317 3552 5373 ag-

2197 5460 2237 5491 “
2272 5459 2291 5514 1
2323 5458 2450 5514 Cor.
2487 5474 2578 5521 xv,
2602 5457 2694 5511 ‘26.
2797 5458 2836 5485 "
2868 5452 2971 5508 Job
3012 5468 3087 5515 γι,
3122 5451 3213 5503 9.1.
3298 5446 3340 5480 ⁸³
3369 5446 3538 5502 Matth

1963 5648 2096 5711 sint,
2128 5662 2238 5701 una
2265 5659 2390 5718 cum
2439 5642 2555 5698 suis
2596 5641 2665 5718 ad
2700 5638 3019 5718 Nestorium
3050 5635 3294 5718 scriptis,
3331 5631 3569 5718 (Eyrillow‘

1968 5702 2095 5788 quc,
2123 5716 2373 5788 pontifex
2428 5712 2775 5783 responderit
2825 5710 2914 5764 die
2973 5702 3269 5764 undecimo
3335 5702 3573 5774 Augusti

1972 5807 2098 5845 ann.
2138 5788 2259 5843 450.
2294 5786 2464 5841 Ganx.

1973 5807 2098 5844 nam.
2138 5807 2259 5843 ’IOU.
2294 5807 2464 5841 “ARN-
