4146 6322
212 361 276 420 s;
1648 349 1988 409 EPISTOLA
2026 350 2115 407 IX.
2789 358 2793 362 ’
3270 412 3275 417 δ
3458 345 3531 402 6‘2

214 482 273 534 iv
301 471 335 555 ᾗ
359 475 727 552 ὁμολογοῦσιν
780 472 921 532 εἶναι
970 474 1235 531 Θεοτόκον
1266 470 1368 545 τὴν
1396 469 1560 540 ἁγίαν
1600 466 1811 540 Παρθέ-
1838 512 1849 536 λ

1952 482 2090 523 anca
2122 466 2475 523 diversorum
2509 465 2614 539 31
2646 467 2871 522 Patrum
2903 462 3188 518 volumina
3228 458 3530 523 misissem,

213 590 300 627 νον
324 571 559 643 Μαρίαν.

1910 562 1967 619 in
1990 563 2198 635 quibus
2220 578 2333 618 non
2356 561 2551 629 semel,
2577 561 2675 618 sed
2696 559 3149 632 frequentissime
3168 556 3531 614 vocemhanc

213 660 438 739 positam
471 662 760 731 invenias,
791 680 900 733 qua
938 679 1152 721 sacram
1193 661 1489 735 Virginem
1520 659 1813 731 Deiparam
1837 672 1959 714 esse
1987 658 2364 715 coniitentur..

1500 937 1841 996 EPISTOLA
1875 937 1949 994 ix
1991 936 2086 1010 (οι.
2122 936 2255 1008 vn).

1264 1112 1472 1154 σκιιιι
1500 1113 1569 1152 Αἰ)
1598 1114 1850 1162 ΩΠΕΜΒΛΙ
1880 1112 2130 1155 πεετοιιιι
2158 1111 2485 1155 ετυοιοεωι.

218 1260 451 1320 Nauem
483 1262 655 1319 edant
696 1279 919 1327 causam
960 1263 1065 1320 nisi
1104 1263 1298 1319 ardens
1342 1274 1497 1320 rectm
1536 1264 1664 1335 ﬁdei
1700 1266 1936 1391 auditam
1974 1268 2350 1356 gravissimam
2390 1266 2489 1323 sibi
2535 1265 3201 1336 necessitatcm'imponere
3233 1260 3540 1317 Nestorium

1690 1353 1855 1391 auare
1892 1354 2057 1391 zeum.
2892 1380 2899 1385 .

1690 1353 2057 1409 aggrediendi.

292 1513 423 1576 οῖδα
453 1517 554 1591 μὲν
584 1518 690 1591 τῆς
734 1517 835 1595 σῆς
868 1517 1089 1589 ἀγάπης
1128 1516 1191 1572 τὸ
1235 1518 1547 1591 εἱλικρινὲς,
1592 1518 1686 1575 καὶ
1722 1520 1824 1577 οὐκ

2000 1523 2139 1581 Novi
2170 1521 2486 1579 dilectionis
2517 1526 2626 1576 tua;
2654 1517 3053 1579 sinceritatem,
3084 1528 3265 1585 neque
3294 1511 3545 1569 studium

224 1612 473 1685 ἤγνόηκα
495 1610 598 1682 τὴν
626 1611 893 1683 σπουδήν.
914 1610 1029 1666 Καὶ
1057 1612 1107 1664 εί
1140 1611 1241 1683 μὲν
1267 1611 1677 1684 [γραφοναιτρός
1704 1628 1829 1665 τινα

1953 1633 2149 1690 gnoro.
2180 1616 2251 1673 Et
2287 1616 2351 1672 si.
2374 1614 2601 1686 quidem
2644 1611 2713 1668 ad
2751 1609 2997 1680 aliquem
3030 1621 3252 1663 morum
3290 1618 3544 1660 meorum

224 1707 317 1762 τὸν
344 1704 481 1778 ιμδν
515 1705 619 1759 οὐκ
651 1704 834 1759 είδότα
868 1703 1095 1777 τρόπον,
1126 1704 1346 1769 πολλοῖς
1386 1703 1455 1758 ἀν
1499 1705 1831 1777 ἐχρησάμην

225 1796 428 1867 λόγοις,
444 1795 757 1851 ἀναπείθων
770 1798 852 1851 ὅτι
870 1796 1077 1869 σφόδρα
1096 1797 1146 1849 εί
1155 1796 1215 1869 μί
1230 1813 1315 1860 τις
1334 1796 1633 1869 εἰρηνικὸς,
1653 1797 1748 1849 καὶ
1767 1796 1829 1849 οὐ

225 1888 467 1964 δύσερις,
494 1887 625 1945 οὔτε
671 1887 973 1960 φιλόμαχος
993 1906 1007 1919 ·
1058 1888 1174 1944 ἀλλ’
1198 1888 1495 1961 εὐχόμενος
1524 1889 1619 1943 καὶ
1655 1888 1833 1958 φιλεῖν

227 1981 506 2048 ἅπαντας,
549 1982 647 2037 καὶ
692 1980 967 2053 φιλεῖσθαι
1016 1981 1170 2053 παρά
1216 1981 1457 2037 πάντων.
1511 1980 1734 2053 Ἐπειδὴ
1776 1981 1835 2037 δὲ

227 2074 370 2147 πρὸς
406 2073 592 2129 ιίδότα
616 2075 839 2146 γράφω,
867 2074 1312 2149 βραχυλογήσας,
1343 2076 1523 2129 ἐκεῖνο
1554 2073 1795 2129 διδάσκω
1816 2091 1830 2105 ο

227 2167 311 2223 δτι
349 2168 403 2222 εί
442 2166 791 2238 πραγμάτων
831 2161 921 2239 ἦν,
951 2166 986 2239 ἢ
1019 2168 1323 2240 χρημάτων
1369 2167 1665 2240 ἀφαίρεσιν
1699 2166 1835 2221 ὑπο-

230 2260 440 2332 μεῖναι,
480 2258 577 2314 καὶ
607 2257 820 2314 παῦσαι
863 2258 1044 2328 λύπην
1089 2259 1329 2331 ἀδελφῷ,
1379 2259 1731 2332 δποιησάμην
1768 2258 1837 2316 ἀν

229 2348 428 2421 ἡδέως,
479 2349 623 2422 ὑπὲρ
661 2349 758 2404 τοῦ
794 2349 869 2422 μὴ
903 2350 1084 2405 δοκεῖν
1105 2369 1158 2406 τι
1196 2353 1297 2423 τῆς
1326 2352 1549 2426 ἀγάπης
1583 2352 1837 2425 ἡγεῖσθαι

232 2443 666 2515 προτιμότερον.
709 2442 933 2515 Ἐπειδὴ
957 2442 1017 2497 δὲ
1036 2446 1079 2509 ,ό
1112 2444 1214 2517 τῆς
1248 2445 1491 2510 πίστεως
1520 2445 1677 2514 λόγος
1698 2445 1836 2509 ἐστὶ,

229 2535 327 2591 aut
369 2534 880 2606 ἐσκανδαλίσθησαν
923 2536 1020 2589 καὶ
1064 2538 1120 2590 αί
1172 2536 1318 2591 κατά
1353 2538 1558 2602 πᾶσαν,
1590 2537 1668 2600 ὡς
1709 2536 1842 2601 ἔπος

231 2628 432 2691 simtu,
458 2625 560 2698 τὴν
588 2626 881 2698 Ῥωμαίων
898 2624 1074 2699 ἀρχὴν
1113 2626 1443 2699 Ἐκκλησίαν
1475 2628 1560 2697 (ού
1585 2628 1696 2701 γὰρ
1724 2628 1841 2682 ἔστι

230 2736 318 2783 τις
353 2719 471 2773 τῶν
511 2719 573 2784 ἐξ
620 2718 1023 2789 οίασδηποτοῦν
1064 2718 1276 2783 πόλεως
1306 2720 1341 2792 ἢ
1380 2718 1569 2793 χώρας
1613 2720 1844 2791 ἐρχομέ-

232 2830 364 2878 νων,
382 2811 479 2865 καὶ
509 2810 587 2883 μὴ
616 2810 817 2881 λέγων,
842 2811 870 2864 ὃ
890 2827 945 2863 τι
971 2808 1148 2864 ταῦτά
1175 2812 1294 2864 ἐστι
1318 2809 1388 2864 τά
1420 2810 1801 2885 θρυλλούμενα
1825 2830 1838 2876 ;

233 2902 335 2961 mi.
370 2902 507 2958 ποία
550 2902 714 2974 καινὴ
761 2902 999 2975 μάθησις
1042 2905 1164 2968 ταῖς
1201 2903 1556 2974 Ἐκκλησίαις
1586 2904 1847 2978 ἐπιφέρε-

231 3012 324 3052 ται
342 2992 405 3066 ς),
434 2995 576 3067 πρὸς
602 2994 778 3049 ταῦτα
805 2993 859 3049 τί
885 2995 1165 3067 δράσομεν
1196 2996 1251 3049 οἱ
1283 2998 1711 3067 πεπιστευμένοι
1740 3012 1846 3049 πα-

237 3088 311 3162 ρὰ
343 3087 485 3141 Θεοῦ
510 3087 603 3141 τὸν
618 3086 713 3141 τοῦ
742 3087 1045 3161 μυστηρίου
1063 3087 1227 3158 λόγον
1244 3130 1261 3156 ,
1288 3088 1429 3160 πρὸς
1448 3087 1546 3153 οὓς
1569 3088 1628 3141 ὲν
1662 3088 1846 3162 ἡμέρᾳ

235 3178 483 3251 κρίσεως
528 3177 849 3232 δικάσονται
900 3178 954 3231 ot
1024 3178 1553 3250 μυσταγωγούμενοι
1590 3178 1843 3245 πάντως;

233 3269 429 3344 ἐροῦσι
460 3271 568 3343 γάρ
601 3269 746 3324 οὕτω
776 3269 1020 3343 τηρῆσαι
1054 3271 1157 3342 τὴν
1188 3270 1398 3335 πίστιν,
1441 3270 1520 3335 ὡς
1557 3288 1845 3343 μεμυστα-

233 3366 531 3437 τώγηνται
566 3364 699 3436 παρ’
741 3362 921 3434 ὴμῶν.
972 3362 1085 3417 Καὶ
1116 3364 1166 3416 εί
1200 3364 1302 3434 μὲν
1332 3361 1516 3434 ὀρθῶς
1548 3364 1714 3418 τοῦτο
1750 3381 1847 3418 πει

234 3456 566 3529 πράχαμεν,
605 3452 1006 3525 ἀποληψόμεθα
1045 3453 1141 3507 καὶ¹
1188 3453 1405 3525 μισθὸν,
1438 3454 1742 3527 τευξόμεθα
1791 3454 1848 3508 δὲ

235 3550 339 3607 καὶ
371 3548 645 3603 ἐπαίνων·
678 3546 729 3601 εί
755 3546 809 3601 δὲ
838 3546 1046 3618 ἑτέρως
1077 3546 1173 3600 καὶ
1191 3546 1665 3619 διεστραμμένως,
1699 3550 1848 3602 ποῖαι

236 3642 445 3715 φλόγες
471 3643 604 3714 ἡμῖν
631 3640 962 3714 ἀρκέσουσιν
980 3656 995 3706 ;
1014 3639 1394 3713 ’Δκουσόμεθα
1418 3640 1550 3714 γάρ,
1575 3642 1661 3696 ὅτι
1689 3662 1708 3694 ι
1737 3641 1850 3715 Τὴν

238 3735 350 3807 γῆν
387 3751 493 3807 μου
529 3733 844 3799 ἀπώλεσας,
884 3732 982 3788 καὶ
1018 3732 1110 3786 τὸν
1138 3732 1271 3788 λαόν
1304 3752 1406 3805 μου
1439 3734 1792 3800 ἀπέκτεινας,
1826 3755 1845 3786 ›

236 3828 390 3885 atati
416 3828 482 3883 τὸ
507 3826 919 3900 γεγραμμένον.
946 3827 1057 3881 Καὶ
1076 3826 1310 3891 ἕκαστος
1345 3827 1445 3900 μὲν
1466 3826 1576 3881 τῶν
1610 3828 1671 3882 ἐν
1699 3828 1852 3895 τάξει

237 3922 456 3979 λαῖκῶν
483 3920 589 3992 τῆς
627 3919 826 3975 ἑαυτοῦ
862 3919 1011 3993 ζωῆς
1068 3920 1853 3993 ύπεραπολογήσεταιοθὴμεῖς

236 4016 300 4073 δὶ
332 4016 385 4071 oi
431 4016 556 4077 ταῖς
595 4014 698 4085 τῆς
743 4012 1046 4085 ἱερωσύνης
1076 4012 1448 4084 λειτουργίαις
1479 4014 1855 4088 πεφορτισμέ-

238 4129 356 4180 vet,
392 4112 497 4183 οὐχ
521 4109 666 4183 ὑπὲρ
700 4110 881 4181 μόνων
907 4108 1143 4173 ἑαυτῶν,
1178 4107 1295 4163 ἀλλ’
1322 4108 1465 4183 ὑπὲρ
1501 4110 1726 4164 πάντων
1746 4109 1855 4164 τῶν

240 4204 624 4262 πιστευόντων
649 4203 732 4268 είς
760 4203 997 4276 Χριστὸν
1026 4203 1507 4275 ἀπολογησόμεθα.
1559 4204 1715 4274 Ἐμοὶ
1743 4203 1854 4258 τοία

1935 1711 2189 1784 ignarum
2236 1708 2565 1772 scriberem,
2595 1704 2872 1787 .pluribus
2913 1716 3047 1758 sane
3090 1698 3279 1755 verbis
3317 1712 3550 1768 persua-

1935 1802 2070 1857 dere
2114 1815 2368 1865 conarer,
2418 1813 2507 1855 me
2555 1796 2708 1869 pacis
2749 1793 2977 1866 quidem
3028 1788 3467 1863 perstudiosum.
3513 1802 3546 1843 a

1936 1894 2131 1950 litibus
2152 1908 2287 1948 vero
2316 1906 2382 1946 ac
2403 1889 2537 1945 rixis
2565 1888 2811 1943 alienum
2845 1899 2970 1942 esse
3003 1896 3268 1953 prorsus;
3302 1877 3547 1950 denique

1939 1987 2105 2042 talem
2147 1984 2245 2056 qui
2291 1998 2486 2039 omnes
2528 1996 2746 2044 amare,
2791 1986 2852 2033 et
2894 1976 2965 2032 ab
2999 1973 3262 2030 omnibus
3299 1970 3548 2027 vicissim

1938 2077 2114 2135 amari
2142 2085 2449 2148 pcroptem.
2489 2072 2597 2129 Sed
2629 2072 2761 2142 quia
2798 2068 2869 2125 ad
2897 2082 3026 2124 eum
3066 2064 3275 2128 scribo,
3304 2062 3396 2120 cui
3432 2067 3553 2119 stu-

1940 2170 2028 2227 dia
2070 2184 2193 2225 mea
2237 2176 2525 2239 comperta
2573 2173 2723 2231 sunt,
2766 2162 3014 2219 breviter
3066 2173 3238 2214 unum
3285 2155 3551 2221 monebo.

1940 2277 2163 2334 nempe,
2196 2262 2242 2317 si
2293 2275 2482 2316 rerum
2532 2266 2629 2314 aut
2680 2255 3044 2329 pecuniarum
3090 2253 3310 2325 jactura
3359 2247 3556 2307 fratris

1940 2354 2344 2428 aegritudinem
2370 2367 2569 2409 sanare
2597 2350 2813 2410 liceret,
2842 2362 2928 2403 me
2961 2361 3081 2401 eam
3102 2345 3377 2415 jaeturam
3414 2340 3553 2397 sub-

1942 2448 2154 2503 iturum
2185 2461 2309 2503 esse
2333 2441 2870 2516 promptissimeme
2906 2436 3041 2508 quid
3079 2434 3354 2491 cbarilate
3395 2431 3558 2503 prius

1942 2540 2152 2598 habere
2194 2538 2438 2594 viderer.
2480 2534 2551 2591 At
2590 2533 2719 2605 quia
2762 2529 2892 2608 ﬁdei
2927 2526 3213 2600 negotium
3248 2525 3454 2595 agitur,
3495 2530 3559 2579 et

1944 2631 2311 2689 oﬂ'ensionem
2361 2643 2539 2701 passae
2588 2633 2740 2687 sunt,
2780 2632 2842 2679 ut
2892 2621 3065 2678 semel
3118 2619 3323 2680 dicam.
3360 2630 3559 2672 omnes

1945 2731 2221 2796 quotquot
2258 2737 2358 2794 per
2406 2720 2722 2776 Romanum
2749 2713 3051 2787 imperium
3096 2718 3228 2768 sunt
3264 2707 3554 2775 Ecclesia,

1948 2819 2138 2893 (nemo
2163 2817 2315 2873 enim
2344 2824 2451 2879 est,
2480 2829 2547 2869 ex
2571 2823 2905 2883 quacunque
2940 2805 3167 2862 delirum
3206 2804 3432 2861 civitate
3460 2810 3560 2859 aut

1950 2912 2177 2985 regione
2207 2907 2517 2971 advenerit,
2544 2904 2641 2976 qui
2674 2918 2788 2959 non
2812 2908 3023 2972 quaerat
3049 2918 3062 2953 :
3086 2897 3396 2968 Eequinam
3428 2901 3560 2951 sunt

1949 3004 2008 3061 hi
2038 3002 2327 3060 rumores?
2351 3014 2544 3071 ecquae
2572 3012 2714 3053 nova
2740 2995 2860 3051 hac
2885 2992 3143 3049 doctrina
3172 2990 3439 3059 Ecclesiis
3470 2990 3563 3047 in-

1948 3094 2229 3170 geritur?)
2276 3092 2427 3164 quod
2456 3107 2572 3147 nos.
2586 3088 2901 3146 remedium
2939 3086 3094 3141 hisce
3132 3084 3294 3140 malis
3329 3084 3566 3141 adbibe-

1949 3187 2155 3252 bimus,
2188 3184 2395 3255 quibus
2438 3181 2758 3237 divinorum
2802 3176 3196 3252 mysteriorum
3235 3174 3490 3231 doctrina
3526 3189 3563 3233 ι

1949 3280 2064 3335 Deo
2095 3274 2419 3333 concredita
2459 3272 2579 3328 est?
2613 3286 2755 3343 quos
2793 3269 2833 3324 ii
2868 3267 2964 3340 qui
3000 3283 3031 3323 a
3072 3266 3236 3323 nobis
3269 3265 3568 3323 initiantur

1950 3383 2007 3428 et
2045 3369 2400 3432 erudiuntur,
2432 3367 2558 3439 jure
2600 3379 2864 3422 accusare
2913 3368 3200 3433 poterunt,
3238 3376 3304 3416 ac
3350 3359 3564 3425 dicere.

1951 3480 2075 3521 eam
2114 3479 2173 3520 se
2204 3460 2371 3517 (idem
2401 3458 2649 3515 tenuisse
2676 3471 2843 3527 quam
2870 3471 2901 3511 a
2928 3454 3097 3510 nobis
3112 3453 3295 3509 edocti
3320 3451 3565 3507 fuerant.

1951 3557 2134 3626 Quare
2178 3554 2227 3610 si
2268 3553 2417 3608 bona
2460 3551 2569 3607 tide
2613 3563 2819 3604 munus
2858 3547 2915 3603 id
2949 3545 3313 3609 obiverimus,
3340 3543 3565 3615 dignam

1954 3646 2268 3704 mercedem
2312 3642 2523 3700 laudati
2569 3656 2932 3712 assequemur
2968 3656 2983 3693 :
3017 3655 3106 3694 sin
3146 3646 3333 3693 autem
3379 3636 3564 3699 aliter,

1954 3743 2062 3798 hoc
2086 3749 2173 3797 est
2204 3752 2488 3811 perverse,
2512 3751 2636 3807 quae
2666 3733 2829 3790 nobis
2856 3730 3091 3787 ﬂamma:
3126 3732 3197 3786 ad
3229 3727 3567 3800 supplicium

1955 3845 2041 3892 sat
2077 3850 2202 3890 esse
2233 3830 2538 3905 poterunt?
2557 3828 2867 3884 Audiemus
2896 3830 3046 3881 enim
3075 3822 3213 3880 illud
3243 3841 3256 3877 :
3291 3841 3310 3874 ι
3335 3821 3569 3877 Terram

1958 3944 2138 3987 meam
2185 3924 2503 4000 perdidisti,
2544 3935 2601 3981 et
2648 3923 2919 3995 populum
2970 3936 3157 3977 meum
3206 3916 3493 3982 occidisti,
3542 3934 3562 3968 ι

1958 4026 2103 4081 sicut
2142 4022 2413 4094 scriptum
2443 4026 2530 4075 est
2555 4018 2619 4072 ¹⁶.
2664 4016 2810 4072 Sane
2840 4031 2871 4071 e
2906 4013 3067 4071 laicis
3103 4012 3342 4086 quilibet
3374 4009 3443 4066 de
3471 4026 3572 4067 sua

1958 4117 2229 4173 duntaxat
2275 4115 2391 4169 vita
2431 4111 2705 4167 rationem
2749 4108 3075 4164 redditurus
3114 4114 3231 4172 est;
3269 4120 3375 4161 nos
3412 4118 3570 4169 vero,

1960 4223 2199 4281 quorum
2230 4204 2481 4261 humeris
2504 4202 2801 4260 sacerdotii
2830 4217 2972 4257 onus
2997 4198 3291 4265 incumbit,
3323 4213 3437 4253 non
3466 4209 3572 4268 pro

243 4316 347 4354 νυν
368 4296 549 4361 οὐδείς
586 4296 707 4349 ἐστι
730 4295 913 4364 λόγος,
946 4296 1010 4348 οὐ
1043 4295 1244 4365 λύπης,
1265 4296 1363 4366 οὐχ
1403 4294 1635 4365 ὕϐρεως,
1657 4296 1719 4349 ού
1748 4296 1849 4350 λοι-

1963 4300 2125 4357 nobis
2168 4307 2382 4355 tantum
2428 4296 2705 4351 rationem
2753 4292 3030 4349 reddituri
3078 4306 3294 4355 sumus,
3333 4287 3433 4345 sed
3469 4303 3577 4359 pro

242 4390 439 4461 δορίας
481 4388 583 4458 τῆς
621 4386 769 4441 οὕτω
813 4387 1040 4458 πολλῆς,
1087 4383 1156 4460 ἧς
1205 4388 1536 4460 πεποίηνται
1565 4392 1686 4442 κατ’
1719 4388 1849 4460 ἐμοῦ

1959 4393 2219 4450 omnibus
2241 4389 2448 4446 Christi
2480 4386 2759 4444 ﬁdelibus.
2799 4387 2883 4442 Me
2914 4386 3083 4459 igitur
3106 4384 3257 4440 nulla
3283 4396 3467 4453 neque
3491 4380 3577 4436 in-

241 4484 362 4538 τῶν
393 4481 796 4553 ἀνυπολήπτων
828 4480 994 4545 τινές.
1048 4481 1190 4534 Ἀλλ’
1212 4480 1446 4553 οἰχέσθω
1469 4480 1849 4537 ταῦταπάντα

1953 4484 2122 4557 juria,
2159 4497 2341 4553 neque
2387 4479 2745 4543 contumelia,
2787 4494 2972 4548 neque
3013 4475 3268 4532 convicia
3309 4479 3574 4539 movent;

247 4567 393 4641 προς
407 4567 604 4640 λήθην.
632 4568 860 4623 Δικάσει
884 4569 943 4623 δὲ
975 4569 1071 4622 καὶ¹
1103 4572 1220 4633 τοῖς
1246 4570 1675 4643 πεφλυαρηκόσι
1704 4572 1849 4636 Θεός.

1960 4576 2181 4634 etiamsi
2223 4574 2635 4646 quamplurima
2684 4587 2783 4643 per
2842 4558 3114 4642 quosdam
3172 4564 3580 4638 petulantiores

246 4662 436 4719 Μόνον
461 4661 725 4727 σωζέσθω
752 4663 822 4715 τὰ
850 4663 951 4733 τῆς
983 4663 1243 4729 πίστεως,
1274 4663 1368 4717 καὶ
1398 4664 1553 4733 φίλος
1596 4666 1736 4737 εἰμὶ,
1766 4665 1849 4719 καῖ

1960 4667 2111 4724 illata
2141 4665 2278 4721 mihi
2312 4665 2445 4720 sint.
2477 4662 2586 4719 Sed
2617 4662 2736 4718 haec
2759 4660 2945 4715 omnia
2971 4657 3253 4714 oblivione
3276 4662 3578 4711 conteran-

247 4753 567 4826 ἀγαπητὸς,
609 4755 709 4808 xui.
756 4755 933 4810 οὐδενὶ
980 4756 1334 4828 παραχωρῶν
1391 4758 1529 4829 πρὸς
1571 4759 1630 4811 τὸ
1660 4760 1849 4831 χρῆναι

1967 4771 2080 4815 tur.
2122 4761 2270 4815 Deus
2320 4758 2469 4813 enim
2517 4754 2832 4811 istiusmodi
2884 4759 3186 4825 nugatores
3224 4748 3582 4821 iudicaturus

254 4846 531 4919 μειζόνως
557 4844 733 4913 φιλεῖν
765 4845 858 4899 τὸν
884 4846 1308 4915 θεοφιλέστατον
1328 4849 1631 4902 ἐπίσκοπον
1658 4849 1863 4903 Νεστό-

256 4955 396 5010 ριον,
429 4937 512 5001 ὃν,
553 4937 631 5000 ὡς
665 4939 760 4992 ἐπὶ
804 4938 901 4991 τοῦ
936 4937 1075 4992 Θεοῦ
1123 4941 1411 5011 (mutaui.
1456 4941 1766 5011 εὐδοκιμεῖν
1808 4943 1866 4995 ὲν

252 5027 486 5102 Χριστῷ
515 5028 805 5100 βούλομαι,
841 5030 935 5115 ita}
966 5030 1059 5084 τὸν
1085 5032 1177 5085 ἐπὶ
1202 5035 1318 5094 τοῖς
1360 5033 1463 5104 ἤδη
1499 5034 1869 5106 παρελθοῦσιν

256 5120 530 5191 ἀφανίσαι
594 5120 819 5191 μῶμον·
863 5122 959 5175 καὶ
1000 5121 1172 5186 δεῖξαι
1218 5125 1611 5193 συκοφαντίαν,
1660 5125 1755 5179 καὶ
1808 5127 1868 5179 οὐ

258 5213 484 5274 πάντως
546 5212 830 5285 ἀλήθειαν,
890 5213 959 5269 τὰ
1003 5215 1158 5284 παρά
1211 5233 1371 5268 τινων
1434 5217 1528 5269 ἐπὶ
1578 5219 1644 5288 τῇ
1686 5218 1868 5270 πίστει

257 5307 735 5380 θρυλλούμενα.Εἰ
757 5307 814 5360 δὲ
842 5310 1305 5381 προστετάγμεθα
1330 5309 1481 5382 παρὰ
1508 5310 1749 5382 Χριστοῦ
1775 5312 1868 5364 καὶ

258 5404 389 5466 τοὺς
430 5398 730 5473 μισοῦντας
758 5401 999 5472 ἀγαπᾷν,
1034 5400 1151 5467 πῶς
1202 5404 1263 5456 οὒ
1312 5402 1513 5473 μᾶλλον
1570 5403 1868 5456 ἀκόλουθον

262 5493 520 5563 ἀδελφοῖς
550 5510 612 5546 τε
646 5493 743 5546 καὶ
782 5491 1100 5564 συνιερεῦσι
1142 5492 1306 5547 τοῦτο
1348 5498 1556 5559 ποιεῖν;
1596 5495 1721 5548 Ὅτι
1760 5495 1870 5567 γὰρ

262 5588 316 5640 εί
370 5585 712 5658 παραλύοιτο
768 5585 924 5657 παρά
978 5603 1142 5640 τινων
1190 5587 1223 5657 ἡ
1276 5587 1483 5653 πίστις,
1514 5587 1614 5651 τὰς
1664 5588 1873 5642 ἑαυτῶν

262 5678 446 5750 ψυχᾶς
480 5681 546 5734 οὐ
586 5678 970 5751 προδώσομεν,
997 5678 1100 5732 κᾶν
1131 5681 1180 5733 εἰ
1218 5681 1511 5752 προκέοιτο
1552 5683 1745 5737 παθεῖν
1781 5687 1873 5740 καὶ

342 5844 557 5903 sum,“
622 5843 838 5911 ωηο,
922 5841 1260 5908 ιιλιειιιὶω,
1329 5842 1405 5897 Η.

1967 4864 2071 4910 est.
2106 4854 2345 4908 Tantum
2388 4850 2524 4906 lidcs
2563 4851 2776 4921 integra
2800 4848 2909 4919 32
2934 4856 2990 4902 et
3018 4846 3169 4902 salva
3201 4844 3294 4909 sit,
3317 4857 3420 4915 ego
3444 4855 3582 4897 vero

1970 4958 2028 5004 et
2056 4962 2181 5002 amo
2207 4954 2265 5003 et
2294 4945 2499 5016 diligo;
2537 4959 2721 5014 neque
2761 4941 2858 4997 ulli
2902 4939 3207 4996 concedam
3252 4945 3315 4992 ut
3352 4934 3581 5007 religio-

1974 5040 2257 5095 sissimum
2299 5037 2621 5109 episcopum
2660 5033 2985 5119 Nestoriuml
3054 5030 3347 5086 ardentius
3408 5034 3578 5092 amet,

1978 5149 2144 5202 quam
2184 5148 2286 5202 ego
2321 5149 2333 5183 :
2366 5145 2529 5199 quem
2568 5128 2768 5192 etiam,
2792 5127 2986 5181 ‘Deum
3033 5124 3236 5180 testor!
3273 5122 3327 5175 in
3357 5119 3583 5176 Christo

1976 5234 2211 5295 peropto
2235 5222 2381 5293 apud
2411 5237 2605 5277 omnes
2644 5220 2787 5275 bene
2822 5218 3039 5281 audire,
3076 5224 3376 5285 notamque
3411 5212 3485 5269 ob
3514 5229 3582 5269 ea

1974 5334 2098 5386 qua:
2136 5316 2351 5387 pridem
2392 5313 2636 5379 admisit,
2671 5320 3011 5367 contractam
3050 5310 3275 5373 eluere;
3307 5323 3371 5362 ac
3400 5306 3579 5377 palam

1968 5409 2147 5464 facere
2186 5408 2521 5462 calumniam
2559 5422 2681 5461 esse
2714 5419 2947 5468 meram,
2973 5417 3085 5457 non
3112 5400 3426 5464 veritatem,
3458 5412 3583 5470 quae

1969 5501 2037 5555 ile
2055 5516 2154 5555 sua
2179 5498 2285 5552 [ide
2311 5517 2339 5552 ιι
2369 5497 2647 5552 nonnullis
2671 5495 2953 5567 invulgata
2972 5502 3125 5550 sunt.
3146 5494 3283 5549 Nam
3306 5494 3351 5547 si
3372 5487 3581 5547 Christi

1972 5594 2231 5649 mandato
2285 5592 2351 5646 ad
2408 5591 2757 5648 inimicorum
2808 5589 3161 5645 dilectionem
3214 5600 3480 5657 urgemur
3512 5583 3580 5646 "’,

1976 5682 2255 5756 quomodo
2287 5692 2719 5741 consentaneum
2758 5697 2863 5738 non
2894 5688 2976 5736 est
3009 5688 3069 5735 ut
3109 5679 3317 5735 amicos
3354 5686 3404 5733 et
3443 5692 3581 5730 eou-
