4146 6322
602 361 677 416 (ὦ
1605 358 1659 414 S.
1702 355 1977 414 εῑιιιιω
2018 355 2178 411 ALE!

2279 354 2492 411 iDRlNl
2521 355 2842 417 ARCHIEP.
3819 355 3890 422 ω

606 474 923 533 sacerdotes
980 477 1131 531 omni
1181 476 1578 532 benevolentiae
1631 475 1818 531 studio
1866 475 2178 545 complecta‘

2302 473 2466 528 αὐτὸν
2495 472 2586 528 τδν
2614 473 2867 541 θάνατον,
2906 479 3006 533 οὐκ
3032 477 3179 533 εστιν
3209 476 3536 551 ἀμφίϐολον.
3566 474 3630 529 Ei
3658 472 3770 545 γάρ
3797 472 3891 530 δεε-

605 568 764 623 mur?
803 567 962 636 Quod
990 570 1037 625 si
1069 570 1387 624 exoriantur
1416 568 1511 638 qui
1554 567 1716 624 fidem
1755 566 2011 623 demoliri
2047 576 2178 622 sata-

2303 565 2497 638 δίαμεν
2522 567 2665 640 ὑπὲρ
2680 568 2782 640 τῆς
2808 568 2968 643 δόξης
2994 570 3085 626 τοῦ
3107 570 3245 625 Θεοῦ
3276 571 3377 643 τὴν
3408 567 3666 642 ἀλήθειαν
3688 567 3889 633 εἰπεῖν,

605 668 755 731 sant,
782 670 1000 717 nostras
1039 662 1281 731 ipsorum
1315 660 1526 715 animas
1560 676 1672 716 non
1700 659 2039 731 prodituros,
2068 658 2171 712 licc

2305 659 2393 714 ἵνα
2422 661 2499 733 μὴ
2533 664 2926 733 περιπέσωμεν
2954 664 3191 735 ἀηδίαις,
3225 664 3367 736 ποίῳ
3400 663 3588 718 λοιπὸν
3610 658 3891 735 προσώπῳ

606 753 725 823 ipsa
766 768 986 824 tutoque
1029 766 1180 806 mors
1226 752 1393 822 capiti
1442 759 1634 806 nostro
1680 750 2018 822 impendeat,
2058 747 2174 802 null

2295 750 2366 805 τὰ
2394 753 2503 806 τῶν
2549 753 2718 823 ἁγίων
2753 755 3049 828 μαρτύρων
3094 754 3349 828 ἐγκώμια
3379 752 3719 827 ποιησόμεθα
3748 748 3891 822 πρὸς

606 844 770 901 debet
802 859 921 899 esse
953 844 1205 899 dubium.
1242 844 1378 899 Nam
1421 846 1465 899 si
1513 861 1613 933 pro
1656 846 1830 916 gloria
1864 844 1961 899 Dei
1995 843 2178 897 verita

2296 846 2425 910 τοὺς
2464 847 2648 913 λαοὺς,
2682 848 2778 909 οὓς
2820 849 3173 922 ἐπαινοῦμεν,
3202 851 3397 922 ὅτιπερ
3439 848 3788 919 τετηρήκασι
3825 841 3891 898 τδ

607 946 715 991 tem
745 938 1046 1008 praedicare
1084 939 1588 1003 formidaverimus,
1618 955 1689 994 ne
1722 939 1984 993 videlicet
2011 936 2068 990 in
2093 933 2178 988 ali-

2297 938 2587 1010 είρημένον
2608 958 2620 970 ·
2658 941 2830 1007 «Ἕως
2862 940 3097 997 θανάτου
3145 941 3414 1013 ἀγώνισαι
3448 937 3717 1011 ὑπὲρητῆς
3749 934 3889 1005 ἀλη-

602 1045 768 1099 quam
814 1032 1121 1087 molestiam
1171 1026 1507 1097 incidamus,
1562 1048 1701 1104 qua,
1749 1045 1967 1102 quaeso,
2016 1028 2196 1083 fronte
2299 1028 2485 1097 θείας;
2516 1049 2535 1083 ι

601 1132 917 1180 sanctorum
948 1135 1251 1198 martyrum
1317 1125 1617 1185 certamina
1648 1132 1706 1181 et
1732 1124 2047 1195 triumphos
2083 1121 2227 1194 apud
2266 1125 2533 1195 populum
2562 1125 2820 1182 laudibus
2847 1126 3182 1183 evehemus?
3242 1126 3446 1198 quippe
3474 1136 3615 1195 quos
3645 1134 3759 1176 uno
3783 1118 3892 1201 hoe

600 1218 824 1274 nomine
868 1220 1143 1291 praecipue
1187 1222 1571 1286 decantamus,
1614 1218 1763 1290 quod
1811 1218 2189 1290 praestiterunt
2263 1216 2371 1273 hoc
2413 1220 2563 1290 quod
2604 1220 2814 1279 dictum
2852 1232 2984 1279 est:
3057 1240 3076 1274 ι
3108 1219 3295 1292 Usque
3341 1218 3411 1275 ad
3460 1223 3697 1287 mortem
3724 1219 3890 1303 certa

601 1326 701 1381 pro
728 1312 958 1368 veritate
985 1313 1047 1367 ’³.
1089 1334 1106 1366 ›

2204 1474 2274 1486 ..-

1860 1583 2201 1642 EPISTOLA
2238 1583 2288 1641 Χ
2329 1582 2425 1657 (ot.
2457 1580 2623 1657 VIII).

1338 1759 1549 1800 οτιιιιιι
1588 1761 1652 1799 AD
1677 1758 1933 1801 cumcos
1964 1761 2093 1804 suos
2120 1756 2609 1802 consrmrmorou
2651 1755 3019 1797 consum-ros
3046 1740 3125 1814 (l)

591 1901 836 1963 Testatur
876 1920 928 1959 se
960 1905 1104 1977 pacis
1144 1914 1438 1977 amantem,
1464 1901 1956 1977 salva_tamen_ﬁde
1986 1901 2269 1969 catholica,
2297 1900 2599 1977 calumnias
2635 1903 2692 1957 in
2726 1916 2781 1956 se
2805 1899 3046 1977 jactatas
3079 1900 3236 1971 facile
3268 1900 3474 1957 diluere
3502 1916 3673 1975 posse,
3699 1916 3889 1977 eosque

976 1975 1193 2031 instruit
1238 1992 1343 2048 qua
1376 1970 1584 2038 ratione
1609 1971 1839 2029 Nestorii
1873 1990 2142 2045 sequaces,
2179 1977 2326 2047 pacis
2362 1972 2595 2028 studium
2635 1982 2759 2027 tunc
2798 1970 3135 2037 simulantes,
3168 1981 3487 2028 tractarent.

655 2140 1088 2206 Commentario,
1130 2156 1298 2211 quem
1343 2138 1593 2203 misistis,
1628 2141 1898 2211 perlecto,
1940 2138 2178 2209 comperi

2371 2134 2641 2205 Ἀνέγνων
2691 2132 2755 2187 τδ
2810 2131 3222 2205 ὑπομνηστικδν
3269 2132 3332 2187 τδ
3379 2132 3686 2190 ἀποσταλέν
3749 2139 3890 2208 παρ’

582 2231 934 2288 Anastasium
975 2231 1390 2304 presbyterum,
1439 2246 1696 2287 sermone
1741 2232 2029 2287 vobiscum
2080 2231 2178 2285 ha~

2289 2228 2466 2299 ὑμῶν,
2503 2227 2571 2281 δι’
2602 2219 2663 2281 οὗ
2702 2224 3030 2297 ἐμάνθανον,
3066 2226 3150 2279 ὅτι
3188 2225 3544 2292 Ἀναστάσιος
3576 2228 3607 2283 ὁ
3634 2227 3887 2297 πρεσϐύ-

584 2323 722 2390 hito,
752 2325 904 2395 pacis
938 2332 996 2379 et
1030 2324 1287 2380 amicitiae
1325 2323 1569 2379 studium
1604 2324 1916 2389 simulasse,
1943 2339 2008 2379 ac
2037 2324 2178 2378 inter

2286 2339 2442 2393 τερος
2469 2318 2749 2390 συντυχὼν
2765 2320 2894 2390 ὑμῖν
2926 2323 3309 2391 προσεποιεῖτο
3334 2317 3519 2389 ζητεῖν
3543 2320 3639 2375 καὶ
3670 2321 3878 2391 φιλίαν,

582 2406 783 2471 caetera
810 2416 1013 2471 dixisse
1042 2434 1054 2470 :
1085 2416 1200 2471 Hoc
1228 2420 1408 2487 ipsum
1428 2415 1575 2487 quod
1602 2416 1649 2481 is
1676 2417 1898 2488 (nempe
1921 2415 2178 2488 Cyrillus)

582 2512 650 2567 ad
680 2512 980 2567 solitariam
1013 2513 1180 2567 vitam
1222 2522 1445 2585 agentes
1482 2513 1722 2583 scripsit,
1747 2520 1803 2568 et
1833 2529 1935 2569 nos
1959 2527 2184 2584 quoque

580 2605 872 2661 sentimus.
919 2606 1040 2661 Mox
1076 2616 1260 2662 tamen
1305 2607 1373 2662 ad
1417 2607 1706 2677 pr0prium
1746 2623 1907 2663 suum
1950 2622 2180 2679 scopum

580 2707 1008 2768 respectantem,
1040 2699 1158 2753 haec
1184 2699 1251 2754 de
1278 2715 1365 2754 me
1394 2699 1707 2755 subdidisse
1735 2719 1747 2755 :
1770 2700 1905 2755 Nam
1931 2700 2022 2755 ille
2045 2714 2182 2770 quo-

577 2804 689 2859 que
736 2805 946 2844 sacram
990 2789 1259 2860 synodum
1299 2790 1451 2844 vocis
1491 2790 1693 2861 hujus,
1730 2791 2011 2861 Deiparaa,
2053 2789 2179 2845 n'il-

578 2878 690 2935 lam
725 2896 959 2952 usquam
996 2881 1335 2937 mentionem
1372 2882 1569 2938 t‘ecisse
1601 2884 1868 2955 agnoscit.
1900 2884 2016 2956 Ego
2046 2900 2180 2940 vero

576 2973 649 3033 ad
681 2973 830 3028 hunc
864 2972 1091 3027 modum
1127 2974 1322 3038 scripsi
1358 2993 1370 3027 :
1398 2974 1660 3042 Quamvis
1694 2978 1936 3047 synodus
1970 2977 2181 3052 voculae

578 3065 767 3137 hujus,
800 3066 1077 3137 Deiparaa,
1117 3082 1228 3121 non
1274 3068 1621 3135 meminerit;
1670 3086 1783 3124 non
1829 3069 1955 3126 ideo
1996 3077 2181 3127 tamen

577 3157 759 3213 cilicio
798 3167 949 3213 recte
988 3158 1177 3215 functa
1221 3173 1329 3214 non
1364 3159 1502 3227 fuit;
1541 3176 1640 3231 per
1674 3161 1728 3216 id
1768 3162 1916 3217 enim
1960 3171 2181 3234 tempus

576 3251 718 3307 nihil
738 3252 1009 3323 ejusmodi
1036 3253 1091 3307 in
1114 3253 1552 3309 controversiam
1575 3253 1974 3309 adducebatur.
1994 3255 2177 3323 Quare

576 3360 699 3413 qua'
743 3354 860 3400 tum
900 3344 1155 3417 ambigua
1189 3360 1302 3399 non
1336 3344 1704 3408 habebantur,
1734 3361 1799 3400 ea
1835 3346 1891 3400 in
1930 3345 2175 3402 medium

575 3429 827 3501 proferre
853 3431 1067 3486 nullum
1094 3448 1277 3503 operae
1312 3433 1553 3503 pretium
1589 3444 1728 3489 crat.
1758 3435 2085 3506 Quanquam
2126 3437 2173 3493 si

577 3523 983 3581 sententiarum
1014 3523 1126 3578 vim
1161 3525 1475 3595 expendere
1513 3526 1701 3591 libeat,
1745 3542 1957 3581 sacram
1990 3528 2173 3600 Virgi-

578 3631 705 3671 nem
734 3615 1023 3685 Deiparam
1051 3632 1170 3671 esse
1194 3632 1546 3688 nequaquam
1569 3618 1939 3673 dissimulavit
1964 3638 1976 3673 :
2004 3636 2151 3691 quan

578 3706 651 3761 do
679 3706 902 3776 quidem
933 3706 1089 3760 illum
1116 3708 1318 3778 ipsum,
1348 3710 1441 3778 qui
1465 3724 1532 3762 ex
1558 3709 1670 3764 Deo
1698 3710 1857 3765 Patre
1884 3718 2045 3766 natus
2068 3719 2173 3777 est,

576 3814 678 3870 per
696 3815 858 3869 quem
884 3799 1028 3854 facta
1054 3808 1183 3855 sunt
1203 3801 1406 3867 omnia,
1446 3801 1791 3857 incarnatum
1815 3812 1870 3859 et
1895 3803 2174 3859 hominem

575 3890 811 3958 factum,
862 3901 1097 3947 mortem
1142 3893 1273 3948 item
1323 3910 1679 3965 perpessum,
1730 3904 1786 3951 et
1830 3911 1897 3949 ex
1942 3896 2178 3952 mortuis

577 3984 962 4038 rcsuscitatum
992 3984 1060 4039 ad
1092 3986 1262 4040 caelos
1291 3985 1627 4051 ascendisse,
1652 3986 1905 4041 vivorum
1935 3987 2178 4059 denique

576 4089 640 4127 ac
674 4085 1023 4132 mortuorum
1047 4078 1290 4147 judicem
1321 4078 1451 4133 olim
1485 4088 1780 4133 venturum
1807 4095 1927 4134 esse
1957 4082 2173 4143 asserit,

576 4165 695 4222 Non
732 4167 882 4238 quod
922 4170 1175 4225 naturale
1220 4172 1319 4226 Dei
1361 4172 1603 4227 Verbum
1646 4173 1950 4227 secundum
1984 4188 2041 4229 se
2083 4181 2179 4228 aut

580 4270 857 4316 mortuum
895 4270 991 4317 aut
1032 4263 1231 4318 lancea.
1265 4264 1320 4318 in
1364 4264 1535 4319 latere
1578 4264 1804 4319 omnino
1850 4281 2175 4335 percussum

2286 2414 2381 2467 καὶ
2416 2414 2665 2483 εἰρήνην,
2699 2411 2794 2465 καὶ
2826 2411 3038 2482 ἔλεγεν,
3077 2412 3160 2469 ὅτι
3193 2412 3283 2477 Ὠς
3324 2411 3533 2484 ἔγραψε
3564 2414 3680 2477 τοῖς
3719 2414 3886 2485 μονάς

2284 2505 2491 2573 ξουσιν,
2521 2503 2665 2559 οὕτω
2690 2502 3018 2576 φρονοῦμεν.
3046 2499 3183 2557 Εἶτα
3200 2503 3337 2574 πρὸς
3364 2504 3497 2559 ἴδιον
3527 2505 3730 2559 σκοπὸν
3762 2505 3884 2577 βλι-

2283 2615 2421 2665 πων,
2472 2598 2627 2668 ἔλεγε
2664 2597 2793 2667 περὶ
2831 2595 2993 2667 ἐμοῦ,
3045 2596 3129 2649 ὅτι
3161 2596 3273 2650 Καὶ
3322 2596 3488 2661 αὐτὸς
3543 2597 3733 2669 εἴρηκε
3781 2596 3885 2669 τὴν

2285 2692 2446 2760 ἁγίαν
2471 2690 2689 2745 σύνοδον
2716 2692 2790 2761 μὴ
2832 2687 3147 2761 μεμνῆσθαι
3170 2689 3273 2760 τῆς
3305 2689 3528 2759 λέξεως,
3561 2690 3662 2760 τῆς
3684 2689 3886 2746 95016-

2284 2802 2380 2838 κου
2410 2784 2573 2855 φημί.
2620 2782 2763 2853 Ἐγὼ
2786 2784 2842 2837 δὲ
2876 2785 3157 2857 γέγραφα.
3189 2783 3274 2837 ὃτι
3300 2782 3361 2836 Et
3384 2784 3481 2838 καὶ
3513 2782 3590 2857 μὴ
3624 2785 3875 2858 ἐμνήσθη

2284 2880 2317 2950 ἡ
2364 2878 2581 2941 σύνοδος
2621 2878 2722 2950 τῆς
2764 2877 2986 2943 λεςεως,
3020 2875 3206 2940 καλῶς
3251 2876 3549 2948 ἐποίησενο
3592 2876 3717 2932 οὗτε
3762 2878 3877 2956 γὰρ

2282 2970 2508 3041 ἐκινήθη
2554 2969 2795 3025 τοιοῦτόν
2829 2972 2879 3024 τι
2912 2971 3035 3024 κατ’
3068 2970 3247 3023 ἐκεῖνο
3278 2967 3499 3039 καιροῦ.
3532 2968 3626 3024 Διδ
3651 2969 3777 3025 οὔτε
3802 2966 3881 3046 ἦν

2283 3064 2496 3135 ἀνάγκη
2531 3063 2602 3117 τὰ
2647 3063 2722 3135 μὴ
2760 3061 3075 3133 ζητούμενα
3118 3061 3312 3134 φέρειν
3347 3063 3427 3126 εἰς
3460 3062 3649 3133 μέσον.
3682 3064 3748 3118 Ei
3782 3063 3879 3120 καὶ

2280 3157 2349 3213 τά
2381 3156 2617 3228 μάλιστα
2655 3158 2721 3227 τῇ
2769 3155 3002 3227 δυνάμει
3035 3153 3146 3209 τῶν
3192 3153 3434 3223 ἐννοιῶν,
3470 3149 3583 3209 οἶδε
3615 3154 3879 3217 Θεοτόκον

2277 3246 2380 3319 τὴν
2408 3247 2572 3315 ἀγίαν
2598 3247 2817 3319 Μαρίαν
2837 3247 2862 3286 ε
2878 3269 2889 3276 ·
2930 3244 3094 3300 αὐτὸν
3122 3244 3231 3314 γάρ
3252 3243 3403 3313 λέγει
3422 3244 3515 3299 τδν
3548 3246 3879 3318 γεννηθέντα

2279 3340 2344 3392 ἐκ
2371 3337 2465 3391 τοῦ
2505 3337 2738 3407 Πατρὺς,
2770 3336 2863 3389 τὸν
2883 3335 2951 3389 δι’
2983 3330 3045 3390 οὗ
3079 3336 3149 3389 τά
3189 3335 3371 3391 πάντα
3407 3336 3628 3405 ἐγένετο
3660 3353 3879 3410 σαρκω-

2280 3430 2460 3502 Θῆναι,
2504 3429 2946 3502 ἐνανθρωπῆσαι,
2970 3428 3187 3485 παθεῖν.
3216 3427 3521 3501 ἀναστῆναι
3546 3431 3611 3484 ἐκ
3638 3429 3874 3503 νεκρῶν,

2277 3524 2521 3581 ἀνελθεῖν
2558 3525 2637 3587 είς
2674 3522 2961 3592 οὐρανοὺς,
2992 3520 3143 3594 ἥξειν
3179 3520 3238 3578 δὲ
3282 3521 3380 3576 καὶ
3428 3519 3625 3593 κριτὴν
3655 3520 3876 3588 ζώντων

2277 3618 2372 3672 καὶ
2411 3614 2643 3687 νεκρῶν.
2700 3615 2812 3669 Καὶ
2844 3615 2941 3685 οὐχ
2986 3616 3068 3669 ὅτι
3116 3613 3336 3677 πάντως
3380 3612 3545 3677 αὐτὸς
3570 3614 3599 3667 ὁ
3646 3629 3711 3667 εκ
3736 3611 3873 3668 θεοῦ

2275 3705 2422 3762 κατὰ
2446 3706 2609 3775 φύσιν
2637 3702 2920 3775 γεννηθεὶς
2940 3702 3138 3772 Λόγος,
3168 3700 3465 3764 ἀπέθανεν,
3500 3700 3532 3773 ἢ
3565 3698 3766 3770 ἐνύχθη
3801 3699 3871 3775 τῇ

2273 3800 2447 3874 λόγχῃ
2484 3800 2564 3861 είς
2612 3798 2712 3869 τὴν
2765 3795 3031 3867 πλευράν.
3069 3795 3240 3849 Ποίαν
3286 3792 3398 3866 γὰρ
3431 3792 3568 3863 ἔχει,
3600 3791 3724 3845 είπέ
3757 3806 3871 3864 μοι,

2281 3892 2519 3963 πλευρὰν
2543 3891 2605 3943 τὸ
2633 3889 2957 3960 ἀσώματονς
2988 3890 3058 3942 Ἢ
3086 3887 3204 3951 πῶς
3259 3888 3327 3942 ἂν
3351 3886 3619 3941 ἀπέθανεν
3648 3886 3681 3957 ἠ
3717 3883 3829 3957 ζωή
3853 3896 3872 3952 ;

2289 3983 2428 4039 Ἀλλ’
2461 3985 2542 4037 ὅτι
2576 3982 2799 4047 ἐνωθεὶς
2839 3985 2906 4054 τῇ
2957 3982 3144 4053 σαρκὶ,
3179 3978 3300 4034 εἴτε.
3324 3977 3647 4050 πασχούσης
3669 3976 3871 4049 αὐτῆς.

2274 4078 2349 4143 ὡς
2382 4079 2478 4131 τοῦ
2534 4076 2667 4130 ίδίου
2701 4076 3003 4147 πάσχοντος
3029 4072 3305 4145 σώματος,
3332 4070 3495 4136 αὐτὸς
3527 4069 3668 4141 πρὸς
3707 4068 3871 4125 αὑτὸν

2274 4172 2572 4228 οἰκειοῦται
2613 4171 2676 4224 τὸ
2713 4169 2906 4234 πάθος.
2940 4168 3299 4241 Σοφιζόμενοι
3332 4165 3536 4231 τοίνυν,
3576 4164 3674 4219 καὶ
3723 4165 3871 4220 ἀπα-

2274 4268 2481 4331 τῶντες
2510 4266 2756 4329 ἑαυτοὺς,
2792 4264 2967 4318 ταῦτα
2997 4263 3271 4332 λέγουσιν.

575 4351 665 4406 sit.
704 4352 839 4407 Nam
879 4354 1060 4424 quale,
1104 4354 1194 4410 dic
1242 4356 1400 4417 mihi.
1451 4356 1594 4412 latus
1664 4355 1870 4411 habere
1907 4356 1963 4412 id
1999 4367 2201 4428 potest,
2243 4358 2391 4429 quod
2468 4356 2716 4429 corporis
2761 4371 2962 4427 expers
3004 4355 3126 4410 est?
3163 4362 3260 4410 aut
3302 4353 3409 4425 33
3447 4351 3724 4423 quomodo
3756 4352 3847 4411 vita

576 4443 694 4512 ipsa
732 4452 949 4500 mortua
977 4446 1098 4501 est?
1138 4446 1208 4502 At
1246 4448 1371 4518 quia
1401 4449 1643 4504 Verbum
1686 4450 1838 4505 carni
1904 4468 1962 4506 se
2031 4451 2231 4516 univit,
2267 4452 2471 4508 factum
2493 4460 2682 4516 estut,
2709 4466 2876 4507 carne
2896 4449 3161 4522 patiente,
3190 4457 3453 4520 tanquam
3479 4446 3709 4518 proprio
3743 4460 3869 4503 eor-

478 4530 487 4538 ’
576 4552 710 4609 pure
750 4538 1055 4593 cruciatum
1102 4540 1397 4607 subeunte,
1431 4543 1611 4613 ipsum
1667 4531 1908 4598 Verbum
1946 4546 2197 4616 corporis
2233 4547 2647 4617 perpessionem
2687 4554 2767 4602 uti
2806 4546 3087 4618 propriam
3130 4547 3189 4601 in
3239 4561 3299 4602 se
3372 4544 3713 4601 transferret.
3746 4544 3836 4600 Fel

574 4629 699 4685 lunt
755 4632 984 4702 proinde
1024 4650 1088 4689 ac
1142 4635 1428 4707 decipiunt
1485 4638 1831 4708 semetipsos,
1871 4638 1965 4709 qui
2027 4638 2145 4694 hmc
2184 4639 2398 4697 dicunt.

646 4723 819 4779 Porro
869 4736 1055 4781 autem
1104 4728 1253 4798 quod
1305 4729 1665 4799 imposturam
1713 4730 1934 4796 faciant,
1986 4731 2167 4787 virus—
2200 4738 2245 4791 D

573 4831 682 4885 que
722 4815 777 4870 in
823 4826 1048 4887 pectore
1102 4835 1205 4873 suo
1258 4819 1607 4875 reconditum
1653 4830 1864 4892 gerant,
1906 4822 1992 4877 vel
2040 4822 2172 4878 hinc

573 4907 835 4978 colligere
870 4907 1020 4975 licet,
1058 4908 1204 4979 quod
1242 4909 1311 4965 ad
1342 4910 1589 4980 Bupham
1626 4911 1950 4984 Martyrium
1988 4912 2174 4969 diaco-

575 5016 731 5065 num,
767 5000 861 5071 qui
892 5002 1395 5059 ecclesiasticorum
1438 5005 2172 5075 negotiorumadministra-

578 5093 715 5163 tioni
744 5094 1035 5166 pmfectus
1064 5104 1169 5162 est,
1214 5096 1352 5154 duas
1390 5098 1673 5153 chartulas
1712 5100 2005 5164 miserunt,
2034 5100 2171 5155 alte-

578 5202 696 5257 ram
731 5204 762 5241 a
790 5188 1008 5253 Photio.
1044 5201 1140 5245 aut
1182 5190 1289 5245 alio
1328 5192 1447 5261 ejus
1486 5190 1676 5249 farinae
1704 5194 1950 5259 homine,
1982 5205 2173 5248 contra

651 5345 697 5380 “'
736 5346 907 5403 Eccli.
942 5364 1014 5411 IV,
1040 5348 1129 5403 55.

2351 4733 2474 4786 Ὅτι
2522 4731 2580 4785 δὲ
2624 4730 2935 4802 ψεύδονται,
2976 4733 3072 4788 καὶ
3116 4732 3208 4787 τὸν
3245 4732 3378 4786 ῐόιον
3421 4730 3638 4804 ἔχουσιν
3679 4733 3758 4787 ίδν
3787 4734 3871 4803 είς

2272 4826 2372 4897 τὴν
2400 4824 2627 4892 καρδίαν
2647 4822 2678 4864 ιι
2697 4866 2713 4890 ,
2744 4824 2860 4879 ἔστι
2889 4825 2953 4898 δὴ
2985 4828 3078 4881 καὶ
3100 4826 3189 4880 διὰ
3219 4825 3407 4879 τούτου
3439 4824 3568 4879 ίδεῖν
3588 4842 3601 4854 ·
3623 4825 3868 4881 ἀπεστά·

2266 4903 2451 4987 ,λησαν
2498 4915 2607 4987 γὰρ
2670 4914 2750 4986 τῷ
2808 4912 3015 4989 Βουφᾷ’
3044 4913 3347 4986 Μαρτυρίῳ
3383 4912 3463 4985 τῷ
3500 4911 3754 4983 διακόνῳ,
3788 4909 3867 4983 τῷ

2276 5010 2615 5082 φροντίζοντι
2670 5008 2779 5063 τῶν
2815 5006 3292 5079 ἐκκλησιαπικῶν
3348 5004 3715 5079 πραγμάτων,
3774 5002 3867 5059 δύο

2276 5102 2513 5174 χαρτία·
2544 5102 2603 5155 ἓν
2656 5101 2755 5172 μὲν
2796 5100 3097 5173 συνταχθὲν
3152 5098 3306 5172 παρὰ
3358 5099 3593 5165 Melon,
3653 5096 3688 5167 ἢ
3732 5097 3865 5168 παρ’

2280 5196 2469 5267 ἐτέρου
2501 5194 2667 5261 τινὸς,
2700 5194 2844 5251 κατὰ
2882 5194 2979 5250 τοῦ
3013 5194 3181 5266 τόμου
3225 5192 3321 5248 τοῦ
3355 5191 3496 5265 πρὸς
3532 5191 3660 5257 τοὺς
3702 5187 3860 5262 μονάν

1653 5449 1829 5505 ναι-ξω
1864 5450 2129 5506 lectiones
2151 5451 2358 5507 codicis
2392 5450 2759 5524 Seguieriani.

664 5562 689 5601 ⁸
719 5557 1021 5631 Παρθένον.
1100 5557 1128 5596 δ
1157 5560 1214 5613 ἐν
1240 5563 1307 5633 τῇ
1335 5562 1555 5634 καρδίᾳ.

662 5719 747 5802 (1)-
798 5720 1092 5802 Perperam
1145 5721 1203 5777 in
1251 5719 1905 5802 edito.leg_ebat_u-r,_Ad
1968 5719 2178 5775 clericos

2286 5720 2699 5802 στασιαζοντας.
2756 5723 2885 5802 Vide
2926 5730 3088 5782 notas
3125 5723 3376 5784 Gameril
3421 5725 3491 5784 ad
3529 5725 3715 5802 hujus
3742 5724 3865 5802 epl—

580 5789 1224 5863 tTnnstantinbpolitanos,
1269 5793 1464 5849 mutuis
1508 5789 1738 5863 diuidiis
1789 5792 1928 5863 inter
1958 5808 2014 5846 se
2054 5809 2181 5863 con-

588 5865 876 5925 ﬂictantrs,
898 5862 1038 5929 ηρδς
1067 5865 1192 5931 τοὺς
1222 5862 1849 5928 Κωνβταντινοιιπόλεως
1883 5862 2181 5935 κληρωτοὺς

2284 5794 2437 5919 aliis?
2466 5794 2979 5919 ἰὲιξξξρι-ειιῑίοιιεω
3005 5804 3249 5855 veterem
3273 5812 3439 5871 quam
3461 5794 3864 5874 subiungunt!!-

2304 5881 2429 5921 ’,ΜΓ
2478 5881 2635 5919 ΙνἸτῐῖ.
