4146 6322
301 353 368 407 εις
1728 348 1878 403 EPIS

1978 347 2067 400 LA
2110 347 2178 401 Χ.
3520 354 3591 409 63

300 472 516 534 ζον-τας·
563 469 624 521 ιν
666 467 725 522 δὲ
775 468 852 530 ὡς
904 469 962 520 ιν
1009 467 1248 537 σχήματι
1281 467 1561 539 τετράδος,
1595 467 1878 522 ἀλλόκοτοι

1990 469 2450 525 commentarium
2507 483 2672 538 quem
2732 469 2801 522 ad
2857 470 3158 525 monachos
3217 471 3591 542 scripseram.

298 561 418 633 Ιχον
460 561 562 632 τὴν
621 559 964 631 ἐπιγραφήν.
1006 559 1160 628 Ἔχει
1203 559 1260 612 δὲ
1312 558 1519 623 οὕτως·
1550 560 1695 631 Πρὸς
1738 560 1889 622 τοὺς,

297 651 382 707 διὰ
419 652 522 724 τὴν
577 652 900 720 συνάφειαν,
937 649 1091 722 ἢτὴν
1123 649 1354 722 θεότητα
1407 649 1501 705 τοῦ
1551 651 1888 720 Μονογενοῦς

300 742 667 815 σμικροῦντας
690 744 735 806 ί,
763 743 795 812 ἢ
831 740 1204 805 ἀποθεοῦντας
1243 742 1343 813 τὴν
1368 743 1792 814 άνθρωπότητα.
1817 743 1890 796 Τὸ

297 835 351 890 δὶ
379 836 671 907 προοίμιον
703 837 786 898 εἰς
811 833 910 896 τὰς
941 833 1094 906 παρὰ
1121 833 1231 886 τῶν
1269 835 1565 906 αἱρετικῶν
1598 833 1887 905 λοιδορίας,

297 927 372 992 ῶς
401 928 497 980 ἐπὶ
524 926 778 999 σκληρῶν
805 925 1103 996 γενομένας
1127 926 1566 980 ὲπαποτείνεται.
1589 929 1699 981 Καὶ
1728 929 1888 999 δῆθεν

296 1021 553 1090 πειρᾶται
601 1018 873 1072 δεικνύειν
909 1018 991 1072 ὅτι
1031 1027 1093 1072 το
1134 1018 1297 1090 σῶμά
1347 1020 1464 1072 ἐστι
1501 1021 1563 1072 τὸ
1595 1021 1886 1086 πεπονθὸς,

297 1113 388 1165 καὶ
403 1111 513 1182 οὐχ
531 1112 561 1164 ὁ
587 1110 721 1174 Θεὸς
750 1108 924 1180 Λόγος
941 1127 954 1139 ·
989 1109 1066 1174 ῶς
1097 1129 1258 1164 τινων
1285 1110 1556 1180 λεγόντων
1578 1113 1662 1165 ὅτι
1689 1116 1716 1166 ό
1745 1114 1887 1167 ἀπα-

296 1203 390 1278 θὴς
408 1204 505 1259 τοῦ
535 1202 672 1259 Θεοῦ
698 1204 869 1273 Λόγος
897 1203 1140 1275 παθητός
1167 1205 1334 1258 ἐστιν.
1383 1204 1527 1258 Ἀλλ’
1546 1206 1723 1270 οὐδεὶς
1743 1207 1886 1262 οὕτω

296 1297 566 1369 μαίνεται.
617 1297 703 1360 Ὠς
744 1295 800 1350 δὲ
849 1295 1114 1361 πολλάκις
1145 1296 1395 1368 εἴπομεν,
1431 1298 1465 1366 ἠ
1505 1299 1636 1367 ἁγία
1669 1299 1886 1364 σύνοδος

290 1389 455 1444 αΰτδν
486 1389 593 1460 ἔφη
631 1387 825 1442 παθεῖν
868 1388 963 1443 τὸν
1009 1389 1203 1456 Λόγον,
1243 1389 1340 1444 τὸν
1395 1390 1464 1443 δι’
1494 1384 1554 1443 οῦ
1599 1390 1668 1443 τὰ
1708 1391 1884 1444 πάντα

291 1480 541 1550 ιγένετο·
577 1480 772 1535 παθεῖν
805 1481 861 1535 δὲ
887 1481 1070 1554 σαρκὶ,
1100 1481 1244 1536 κατὰ
1281 1482 1380 1546 τὰς
1401 1484 1646 1555 Γραφάς.
1673 1485 1883 1538 Παθόν-

289 1581 382 1637 τος
421 1575 534 1647 γὰρ
561 1573 656 1628 τοῦ
690 1574 942 1646 σώματος
985 1573 1172 1640 αὑτοῦ,
1202 1575 1363 1640 αὐτὸς
1399 1576 1617 1646 λέγεται
1652 1579 1877 1634 παθεῖν·

289 1669 370 1723 ὃτι
402 1671 494 1723 καὶ
519 1671 553 1741 ἡ
591 1669 682 1723 τοῦ
715 1668 1009 1741 ἀνθρώπου
1046 1668 1220 1740 ψυχὴ,
1254 1669 1436 1723 καίτοι
1472 1673 1757 1741 πάσχουσα
1783 1688 1884 1741 μη-

286 1759 376 1816 δὲν
410 1764 493 1825 είς
530 1761 669 1816 ἰδίαν
691 1761 875 1831 φύσιν,
909 1761 1143 1833 πάσχειν
1170 1761 1414 1832 λέγεται,
1447 1763 1542 1816 τοῦ
1577 1764 1749 1834 αὐτῆς
1772 1781 1880 1816 πα-

286 1853 475 1920 θόντος
510 1853 788 1926 σώματος.
839 1854 980 1908 Ἀλλ’
1015 1855 1203 1927 ἐπειδὴ
1253 1854 1455 1919 σκοπὸς
1509 1855 1737 1918 ἐκείνοις
1790 1855 1884 1907 δύο

285 1940 466 2013 λέγειν
492 1944 786 2016 Χριστοῦς,
813 1945 907 1998 καὶ
938 1945 1034 1998 δύο
1061 1946 1230 2009 υἱοὺς,
1261 1945 1356 1999 καὶ
1395 1944 1488 1998 τὸν
1517 1946 1636 2016 μὲν,
1672 1944 1885 2016 ἄνθρω-

284 2052 388 2092 ¹πον
433 2036 641 2101 ιδικῶς,
694 2037 785 2090 τὸν
833 2037 911 2105 δὲ,
961 2037 1096 2092 Θεὸν
1140 2037 1356 2100 ἱδικῶς·
1387 2032 1507 2091 εἶτα
1559 2038 1736 2109 μόνων
1777 2038 1884 2092 τῶν

284 2127 601 2200 προσώπων
631 2127 878 2184 ποιοῦσιν
907 2129 1007 2200 τὴν
1025 2129 1244 2194 ἕνωσιν,
1268 2128 1356 2182 διὰ
1379 2128 1541 2183 τοῦτο
1574 2129 1881 2183 ποικίλλον-

280 2238 396 2287 ται,
438 2222 536 2276 καὶ
580 2222 885 2294 προφάσεις
919 2224 1245 2278 πλάττονται
1287 2224 1345 2275 ὲν
1384 2224 1710 2295 ἁμαρτίαις,
1739 2223 1882 2277 καθὰ

281 2312 618 2384 γέγραπται.
643 2313 1009 2387 Συντυχόντες
1032 2314 1214 2367 τοίνυν
1235 2313 1442 2379 αὐτοῖς,
1466 2316 1649 2368 ἐκεῖνα
1666 2315 1877 2385 λέγετε,

280 2404 366 2460 δτι
423 2405 643 2460 Ποιεϊτε
689 2406 788 2477 μὲν
842 2405 1052 2472 κακῶς,
1082 2406 1465 2471 εἰσϐάλλοντές
1517 2425 1670 2472 τινας
1717 2426 1883 2462 καταο

280 2497 545 2571 φλυαρεῖν
565 2499 660 2552 τοῦ
686 2501 988 2555 ἐπισκόπου
1016 2494 1199 2572 ὑμῶνὶ
1218 2541 1232 2564 ,
1263 2502 1358 2555 καὶ
1394 2501 1617 2566 τούτους
1644 2501 1867 2555 θάλπον-

280 2607 372 2655 τες
401 2592 500 2645 καὶ
536 2592 984 2664 συγκροτοῦντες,
1021 2595 1116 2647 καὶ
1145 2594 1354 2664 ὄργανα
1383 2594 1483 2664 τῆς
1517 2593 1723 2648 ἑαυτῶν
1777 2612 1878 2664 9.0-

279 2683 518 2756 χθηρίας
558 2684 896 2756 ποιούμενοι.
933 2685 1079 2757 Πλὴν
1110 2688 1210 2758 οὐχ
1234 2687 1372 2759 αῦτη
1404 2690 1502 2758 τῆς
1531 2687 1708 2758 λύπης
1732 2689 1879 2741 ἐστὶν

277 2777 312 2847 ἡ
348 2777 629 2847 πρόφασις
649 2791 662 2805 ·
693 2777 808 2831 ἀλλ’
838 2778 960 2831 οὐδὲ
987 2780 1125 2843 ὅλως
1177 2780 1372 2850 ἐχθρός
1411 2783 1558 2835 ἐστιν
1596 2784 1624 2834 ὁ
1652 2782 1878 2835 ἐπίσκο-

278 2883 383 2932 πος
410 2868 609 2939 ὐμῶνι
641 2868 739 2923 τοῦ
765 2869 1021 2925 ἐνταῦθα.
1045 2873 1224 2925 Λυπεῑ
1247 2872 1303 2926 δὲ
1341 2874 1556 2937 πάντας
1590 2876 1714 2938 τοὺς
1737 2876 1880 2928 κατὰ

275 2959 381 3034 τὴν
409 2960 678 3034 ἀνατολὴν
705 2963 800 3016 καὶ
829 2961 982 3017 δύσιν
1030 2965 1387 3030 ἐπισκόπους,
1423 2967 1485 3020 τὸ
1516 2967 1592 3038 μὴ
1626 2967 1877 3037 γίνεσθαι

275 3054 459 3128 ὀρθῶς
487 3055 584 3110 τὸν
613 3057 744 3129 περὶ
770 3057 1008 3129 Χριστοῦ
1032 3057 1214 3129 λόγον,
1241 3059 1378 3113 ἀλλὰ
1397 3061 1872 3134 διεστραμμένως.

291 3149 483 3221 ’Δρκεί
535 3149 594 3203 δὲ
644 3150 784 3221 πρὸς
822 3150 1100 3216 ἀπόδειξιν
1159 3153 1257 3206 καὶ
1308 3151 1528 3224 ἔλεγχον
1576 3154 1778 3222 αὐτῶν,
1811 3154 1873 3208 τὸ
1903 3177 1944 3236 c

279 3240 422 3312 μηδὲ
445 3240 668 3295 πώποτε
701 3242 760 3295 ὲν
790 3245 909 3307 ταῖς
955 3242 1312 3316 Ἐκκλησίαις
1341 3245 1516 3300 ταῦτα
1547 3247 1701 3317 παρά
1729 3263 1876 3312 τινος

276 3332 558 3405 εἰρῆσθαι,
594 3327 708 3389 οἷον
753 3335 818 3407 δὴ
850 3335 911 3390 τδ
954 3336 1209 3412 κείμενον
1231 3339 1289 3390 ὲν
1323 3339 1442 3401 ταῖς
1474 3339 1644 3392 αὐτοῦ
1675 3339 1874 3411 ἐξηγή-

276 3440 454 3480 σεσιν.
489 3426 644 3498 Ἔχει
663 3427 723 3482 δὲ
749 3425 926 3492 οὕτως
965 3428 1281 3502 Νεστόριοςο
1321 3450 1340 3483 ι
1358 3431 1433 3485 Οὐ
1459 3433 1580 3495 ταῖς
1605 3437 1874 3504 κραυγαῖς

273 3517 456 3590 κρίνω
491 3517 591 3588 τὴν
616 3520 697 3584 είς
735 3519 838 3590 ips
894 3520 1304 3594 φιλοστοργίαν,
1351 3521 1488 3576 ἀλλὰ
1535 3521 1612 3594 τῷ
1649 3524 1874 3595 περὶτὰ

271 3609 531 3683 δόγματα
562 3610 735 3675 πόθω,
779 3613 876 3666 καὶ
897 3612 977 3684 τῷ
1013 3615 1326 3687 μεμνῆσθαι
1355 3615 1454 3685 τῆς
1481 3615 1576 3670 τοῦ
1598 3618 1872 3673 Δεσπότου

273 3702 374 3758 καὶ
407 3701 665 3774 θεότητος
726 3703 843 3775 ἅμα
900 3706 994 3761 καὶ
1047 3707 1491 3779 ἀνθρωπότητος.
1522 3729 1542 3762 ›
1577 3710 1689 3764 Καὶ
1752 3711 1873 3781 μετ’

271 3791 436 3862 ὀλίγα
454 3809 467 3823 ·
512 3811 531 3846 ι
555 3794 664 3847 Καὶ
691 3795 944 3868 προσέχω
972 3799 1086 3860 τοῖς
1122 3796 1453 3872 ήμετέροιςι
1490 3800 1686 3872 δήμοις
1714 3802 1874 3856 εὐλά-

271 3883 432 3938 ϐειαν
469 3886 569 3958 μὲν
602 3887 804 3960 πολλὴν
832 3891 1215 3960 κεκτημένοις,
1263 3892 1357 3945 καὶ
1397 3892 1743 3966 θερμοτάτην
1779 3895 1871 3947 εύ-

273 3976 523 4041 σέσειαν,
559 3979 654 4032 ἐπὶ
701 3979 758 4034 δὲ
807 3982 906 4052 τῆς
936 3982 1065 4054 περὶ
1099 3982 1159 4036 τὸ
1211 3983 1390 4054 δόγμα
1439 3983 1793 4053 θεογνωσίας,
1819 3987 1876 4038 ἀ-

271 4069 465 4138 γνοίας
508 4070 989 4143 πεπληρωμένοις.
1024 4074 1196 4128 Τοῦτο
1222 4074 1280 4127 δὲ
1327 4077 1427 4130 οὐκ
1469 4077 1720 4149 ἔγκλημα
1766 4078 1872 4132 τῶν

271 4159 452 4215 λαῶν’
483 4160 623 4217 ἀλλὰ
656 4163 773 4229 πῶς
803 4163 870 4220 ἂν
913 4167 1210 4239 εὐπρεπῶς
1237 4170 1450 4241 εἴποιμι
1489 4171 1553 4224 τὸ
1608 4173 1684 4245 μὴ
1726 4173 1872 4244 ἔχειν

271 4255 403 4317 τοὺς
438 4254 801 4322 διδασκάλους
834 4260 1050 4332 καιρὸν,
1082 4262 1261 4316 καίιτι
1303 4262 1414 4316 τῶν
1459 4265 1872 4338 ἀκριϐεστέρων

274 4346 409 4418 ὑμῖν
428 4355 471 4384 ει
494 4348 840 4421 παραθέσθαι
866 4353 1154 4422 δογμάτων
1178 4372 1192 4420 ;
1223 4374 1239 4406 ι
1271 4355 1398 4420 Πῶς
1414 4357 1554 4428 γάρ;
1582 4357 1682 4411 οὐκ
1713 4358 1872 4429 ἐσχό-

273 4438 450 4491 λασαν
478 4442 529 4492 οἱ
561 4441 669 4510 πρὸ
705 4442 908 4508 αὐτοῦς
951 4439 1104 4516 Ἀρά
1143 4463 1207 4514 γε
1254 4447 1665 4521 εὐστομῶτερός
1723 4450 1871 4504 ἐστιν

1995 563 2385 631 compositam;
2416 562 2644 617 alteram
2678 561 2852 616 forma
2879 563 3267 633 quaternionis
3290 580 3414 619 cum
3448 583 3590 621 nova

1992 656 2155 725 plane
2182 663 2236 709 et
2261 654 2500 710 absurda
2530 655 2892 725 inscriptione
2923 657 2989 711 ad
3020 657 3167 712 hunc
3193 658 3414 712 modum
3441 677 3453 712 :
3484 661 3592 715 Ad-

1990 763 2186 802 versus
2217 764 2313 802 eos
2335 748 2452 816 qui,
2476 758 2701 820 propter
2729 749 3012 813 unionem,
3035 760 3131 805 aut
3158 751 3436 822 Unigeniti
3469 751 3589 806 dei-

1993 844 2161 892 tatem
2213 837 2580 902 imminuunt,
2622 849 2718 893 aut
2756 839 3157 896 humanitatem
3200 841 3477 896 deiﬁcant.
3521 843 3592 898 At

1989 942 2121 983 vero
2185 931 2516 1000 prooemium
2575 931 2963 986 haereticorum
3018 934 3264 988 convicia
3330 943 3588 1003 tanquam

1989 1020 2330 1089 petulantius
2364 1020 2505 1075 facta
2536 1021 2858 1076 insectatur.
2889 1023 3100 1079 Deinde
3136 1032 3369 1079 conatur
3399 1033 3586 1078 osten-

1989 1109 2122 1165 dere
2154 1125 2356 1182 corpus
2395 1112 2500 1168 hoc
2537 1113 2716 1182 ipsum
2749 1129 2869 1168 esse
2901 1115 3047 1184 quod
3087 1131 3307 1185 passum
3340 1125 3444 1180 est,
3478 1131 3588 1170 non

1987 1211 2172 1256 autem
2204 1202 2298 1256 Dei
2333 1202 2574 1258 Verbum
2615 1221 2626 1256 :
2658 1203 2812 1273 quasi
2848 1219 2981 1259 vero
3019 1205 3129 1259 sint
3157 1206 3251 1274 qui
3282 1205 3588 1276 impatibile

1986 1287 2086 1346 Dei
2127 1292 2369 1347 Verbum
2421 1294 2532 1363 pati
2581 1309 2742 1364 posse
2785 1310 3028 1366 unquam
3071 1296 3331 1351 dixerint.
3381 1297 3587 1352 Verum

1986 1400 2150 1440 nemo
2196 1401 2262 1440 eo
2313 1385 2540 1440 insaniae
2581 1389 2874 1457 prolapsus
2920 1397 3026 1443 est.
3071 1389 3298 1453 Verum,
3344 1398 3404 1444 ut
3445 1405 3588 1461 saepe

1981 1478 2095 1548 jam
2135 1479 2472 1541 monuimus,
2503 1494 2657 1533 sacra
2696 1481 2939 1551 synodus
2982 1482 3160 1551 ipsum
3196 1482 3292 1536 Dei
3320 1483 3586 1544 Verbum.

1942 1583 2086 1639 -per
2130 1569 2278 1639 quod
2325 1571 2511 1625 omnia
2563 1572 2784 1626 condita
2833 1581 2996 1639 sunt,
3042 1590 3266 1644 passum
3316 1575 3585 1638 aiﬁrmat;

1985 1676 2207 1732 passum
2257 1672 2442 1717 autem
2495 1679 2683 1724 carne.
2721 1666 3029 1721 secundum
3072 1666 3412 1738 Scripturas.
3447 1667 3586 1723 Cor-

1988 1768 2120 1823 pore
2171 1769 2409 1824 namque
2464 1755 2614 1809 illius
2659 1758 2923 1826 patiente,
2956 1760 3136 1828 ipsum
3177 1761 3286 1830 pati
3332 1760 3583 1816 dicitur:

1988 1845 2455 1915 quemadmodum
2515 1856 2572 1901 et
2630 1848 2873 1902 hominis
2929 1852 3174 1921 cujusvis
3217 1853 3432 1917 anima,
3481 1855 3585 1908 etsi

1986 1935 2156 1998 nulla,
2192 1934 2340 2005 quod
2385 1935 2611 2006 quidem
2637 1938 2703 1992 ad
2734 1938 3012 2008 propriam
3060 1950 3316 1997 naturam
3364 1944 3584 2006 attinet,

1985 2028 2237 2100 passione
2266 2029 2484 2094 affecta,
2512 2037 2692 2086 tamen
2727 2046 2958 2102 corpore
2990 2034 3136 2103 quod
3174 2034 3454 2101 informat,
3486 2052 3591 2108 pa-‘

1984 2123 2177 2188 tiente,
2205 2123 2317 2193 pati
2353 2124 2642 2178 asseritur.
2672 2122 2778 2178 Sed
2806 2125 2936 2194 quia
2963 2141 3164 2196 scapus
3193 2129 3301 2184 illis
3330 2130 3588 2200 prteﬁxus

1983 2225 2096 2280 est,
2138 2215 2278 2270 duos
2316 2214 2586 2279 cbristos,
2631 2214 2976 2286 totidemque
3024 2215 3166 2272 ﬁlios
3209 2220 3584 2284 constituere;

1982 2307 2216 2363 alterum
2244 2306 2468 2378 quidem
2505 2323 2606 2379 per
2636 2324 2694 2362 se
2729 2308 3033 2373 hominem,
3059 2310 3294 2365 alterum
3322 2327 3457 2368 vero
3487 2327 3588 2384 per

1982 2413 2040 2454 se
2071 2399 2266 2463 Deum,
2293 2400 2578 2470 solamque
2602 2414 2965 2470 personarum
2989 2402 3214 2458 interse
3235 2404 3585 2474 conjunctio-

1980 2506 2107 2546 nem
2153 2490 2470 2558 admittere;
2521 2492 2655 2548 hinc
2690 2502 2776 2548 est
2813 2492 2963 2563 quod
3004 2495 3266 2550 versutiis
3306 2505 3492 2567 agant,
3527 2510 3586 2552 et

1980 2582 2368 2638 excusationes
2396 2582 2452 2637 in
2479 2586 2745 2654 peccatis,
2775 2593 2836 2640 ut
2864 2586 3132 2656 scriptum
3156 2596 3243 2642 est
3265 2591 3328 2654 ",
3355 2588 3581 2660 ﬁngant.

1985 2674 2220 2730 Proinde
2259 2676 2305 2730 si
2345 2676 2568 2746 quando
2606 2678 2663 2731 in
2713 2677 2839 2733 illos
2879 2678 3210 2744 incideritis,
3246 2680 3320 2736 ita
3359 2680 3529 2738 dicite
3568 2703 3581 2737 :

1981 2769 2278 2838 Perperam
2320 2769 2503 2840 agitis,
2539 2769 2673 2824 dum
2713 2770 3034 2834 nonnullos,
3081 2778 3143 2824 ut
3187 2771 3450 2842 episcopo
3487 2787 3588 2829 ve-

1980 2872 2098 2919 stro
2124 2862 2522 2932 obloquantur.
2549 2863 2888 2927 subornatis,
2907 2863 3141 2934 illosque
3163 2864 3382 2927 fovetis,
3407 2876 3463 2923 et
3490 2882 3588 2937 pa-

1979 2954 2274 3009 trocinium
2307 2954 2527 3009 illorum
2553 2955 2857 3025 suscipitis,
2885 2971 2950 3010 ac
2984 2964 3182 3011 vestra:
3214 2957 3585 3027 improbitatis

1980 3047 2351 3102 instrumenta
2385 3045 2507 3101 illos
2541 3046 2741 3102 facitis.
2771 3048 2974 3102 Verum
3016 3063 3126 3102 non
3153 3056 3238 3103 est
3277 3049 3393 3104 haec
3421 3049 3583 3121 tcgri-

1981 3139 2192 3194 tudinis
2212 3153 2377 3194 causa
2409 3156 2421 3192 :
2454 3138 2566 3193 imo
2590 3139 2888 3210 episcopus
2910 3147 3095 3196 vester
3117 3140 3255 3194 nihil
3281 3140 3583 3212 quidquam

1977 3232 2226 3287 offensus
2257 3238 2342 3286 est
2365 3231 2443 3285 illi
2470 3231 2565 3301 qui
2602 3231 2728 3287 istic
2755 3233 2886 3303 agit.
2930 3231 3037 3287 Sed
3075 3233 3260 3288 turbat
3292 3233 3583 3289 universos

1977 3339 2102 3380 cum
2114 3322 2376 3389 Orientis,
2397 3330 2510 3378 tum
2528 3323 2844 3380 Occidentis
2863 3340 3082 3395 quoque
3100 3326 3411 3396 episcopos,
3432 3325 3582 3397 quod

1975 3417 2228 3472 doctrina
2285 3416 2354 3472 de
2405 3415 2628 3473 Christo
2681 3432 3032 3487 nequaquam
3076 3418 3314 3482 sincera,
3352 3418 3463 3491 34
3485 3419 3580 3475 sed

1974 3526 2234 3582 perversa
2259 3509 2530 3566 tradatur.
2553 3509 2636 3565 Ad
2658 3510 2816 3581 cujus
2842 3509 3372 3573 demonstrationem
3398 3512 3580 3584 publi-

1974 3619 2206 3676 camque
2257 3605 2707 3676 redargutionem
2759 3621 2930 3660 unum
2983 3606 3088 3662 hoc
3130 3616 3215 3662 sat
3263 3618 3376 3673 est,
3427 3609 3579 3680 quod

1972 3695 2246 3768 ejusmodi
2282 3697 2338 3752 in
2375 3697 2488 3753 illis
2528 3697 2856 3769 exegesibus
2892 3698 3166 3769 legantur,
3199 3701 3512 3772 cujusmodi
3548 3718 3578 3757 a

1973 3789 2198 3844 nemine
2240 3805 2484 3860 unquam
2533 3789 2588 3845 in
2631 3790 2901 3846 Ecclesiis
2948 3791 3094 3846 dicta
3137 3794 3576 3863 comperiantur.

1976 3880 2067 3938 Sic
2103 3891 2288 3938 autem
2321 3882 2544 3938 habent.
2569 3883 2877 3938 Nestorius.
2917 3904 2936 3934 ι
2967 3884 3162 3955 Populi
3189 3902 3317 3958 erga
3344 3903 3432 3943 me
3457 3896 3577 3943 stu-

1973 3975 2134 4031 dium
2190 3991 2302 4031 non
2350 3975 2499 4047 vulgi
2561 3976 3074 4040 acclamationibus,
3110 3978 3208 4033 sed
3256 3979 3577 4050 dogmatum

1975 4068 2254 4124 desiderio
2290 4069 2513 4133 metior,
2543 4084 2608 4123 ac
2654 4069 2822 4123 etiam
2865 4069 2913 4124 si
2955 4070 3179 4126 deitatis
3214 4071 3378 4126 simul
3411 4081 3577 4143 atque

1975 4158 2336 4214 humanitatis
2353 4159 2570 4213 Domini
2589 4159 2703 4213 sint
2727 4175 3022 4216 memores.
3057 4181 3074 4213 ›
3107 4162 3174 4216 Et
3191 4163 3381 4232 paucis
3405 4163 3577 4219 inter-

1969 4251 2133 4322 jcctis
2180 4269 2192 4304 :
2238 4271 2256 4302 ‹
2293 4250 2695 4306 Animadverte
2739 4252 2957 4321 plebem
3014 4263 3260 4308 nostram
3309 4255 3576 4325 prteclaro

1974 4343 2259 4414 religionis
2281 4350 2338 4398 et
2362 4342 2586 4413 pietatis
2622 4343 2809 4398 studio
2838 4343 3091 4410 fervere;
3125 4347 3220 4400 sed
3254 4361 3450 4416 magna
3487 4349 3574 4401 in-

1975 4433 2136 4489 terim
2173 4433 2376 4488 divinm
2409 4432 2622 4488 notitiae
2655 4433 2997 4503 ignoratione
3039 4435 3215 4490 teneri
3245 4436 3426 4490 video.
3464 4437 3573 4492 Ne-

287 4529 578 4598 ’ῐωάννους
612 4535 758 4599 Ἴσος
794 4535 850 4589 δὲ
879 4535 972 4590 τοῦ
1010 4540 1282 4611 μακαρίου
1325 4541 1596 4605 Ἀττικοῦ,
1625 4543 1718 4596 καὶ
1744 4558 1871 4597 συν-

1978 4545 2084 4601 que
2118 4538 2299 4583 tamen
2329 4528 2382 4582 id
2412 4529 2512 4600 ipsi
2546 4531 2752 4599 populo
2781 4529 2915 4582 vitio
2939 4529 3268 4583 vertendum
3291 4530 3571 4591 existimo.

274 4622 581 4693 ιτώτερος;
619 4624 719 4688 Τίς
767 4627 800 4696 ἡ
846 4627 1020 4700 ὀφρῦς
1068 4629 1240 4703 αὖτη;
1271 4632 1490 4686 Μᾶλλον
1521 4635 1598 4699 δὲ,
1623 4635 1740 4698 πῶς
1770 4637 1868 4707 οὐχ

273 4715 634 4789 ὡμολόγησεν
667 4720 935 4791 ἐναργῶς.
969 4724 1052 4778 ὅτι
1083 4725 1246 4797 ξένην
1279 4727 1374 4780 καὶ
1426 4729 1670 4801 ἀσυνήθη
1724 4731 1871 4783 διδα-

276 4809 508 4864 σκαλίαν
531 4811 820 4881 εἰσήγαγε,
860 4816 955 4868 καὶ
989 4819 1102 4881 τοῖς
1132 4817 1240 4887 πρὸ
1278 4819 1445 4874 αὐτοῦ
1484 4821 1560 4892 μὴ
1595 4823 1874 4893 ἐγνωσμέι

277 4918 397 4973 νην,
416 4901 509 4956 διὰ
541 4903 640 4972 τὴν
673 4905 927 4969 ἀτοπίαν,
959 4908 1096 4978 μήτε
1123 4909 1182 4962 ὲν
1209 4910 1454 4982 συλλόγῳ
1480 4914 1710 4979 πιστῶν,
1734 4916 1870 4986 μήτε

276 4995 335 5048 ιν
371 4993 560 5062 ἁγίαις
611 4995 999 5069 Ἐκκλησίαις;
1072 5001 1228 5072 Ἐμοὶ
1277 5001 1458 5056 τοίνυν
1518 5005 1655 5077 πρὸς
1705 5009 1870 5061 αὐτὸν

277 5085 406 5160 περὶ
436 5089 782 5158 πραγμάτων
800 5089 938 5154 τέως
961 5091 1116 5162 λόγος
1137 5093 1258 5148 οὐδὲ
1280 5090 1378 5160 εἷς.
1405 5097 1619 5152 Γένοιτο
1645 5099 1701 5152 δὲ
1735 5102 1869 5171 μᾶλ-

277 5177 366 5230 λον
398 5179 737 5250 μετανοῆσαι
792 5181 976 5249 αὑτὸν,
1017 5185 1113 5239 καὶ
1162 5185 1263 5259 τὴν
1307 5187 1475 5259 ὀρθὴν
1529 5191 1867 5262 ὁμολογῆσαί

281 5270 462 5326 πίστιν
485 5290 500 5304 ο
531 5271 628 5328 καὶ
670 5274 812 5347 ὑπὲρ
845 5268 921 5330 ὧν
953 5278 1034 5342 εἰς
1087 5279 1188 5350 ἐμὲ
1235 5282 1537 5352 πεποίηκεν
1583 5285 1865 5356 ἐρεθίζων,

279 5361 373 5414 καὶ
405 5363 724 5434 ἑπαλείφων
754 5367 876 5420 κατ’
909 5369 1046 5438 ἐμοῦ
1074 5373 1200 5434 τοὺς
1229 5370 1480 5442 ἐχθροὺς,
1531 5375 1870 5447 ἀπολογήσε-

276 5464 364 5506 ται
394 5451 476 5525 τῷ
694 5457 862 5511 Οὐδὲν
901 5457 956 5511 δὲ
1007 5458 1340 5530 θαυμαστὸν,
1387 5463 1433 5514 εί
1481 5463 1668 5527 κακῶς
1717 5466 1868 5536 ἡμᾶς

349 5598 390 5629 ⁸⁵
419 5596 564 5652 Psal.
595 5613 716 5664 cu,
748 5599 803 5655 4.

1978 4624 2096 4688 sed,
2125 4633 2186 4677 ut
2210 4622 2456 4678 modeste
2481 4622 2698 4692 loquar,
2723 4623 2851 4693 quia
2876 4622 3199 4678 doctoribus
3223 4639 3334 4678 non
3357 4632 3573 4678 tantum

1971 4716 2218 4785 suppetit
2240 4715 2340 4770 otii
2375 4724 2436 4769 ut
2458 4715 2742 4785 quidpiam
2784 4717 3100 4770 accuratius
3129 4716 3196 4771 de
3223 4716 3573 4786 dogmatibus

1969 4808 2130 4862 vobis
2148 4814 2478 4877 proponant.
2511 4827 2527 4857 ι
2560 4806 2717 4872 Quod
2746 4806 2851 4860 hoc
2875 4807 3272 4876 supercilium?
3291 4807 3571 4876 Numquid

1970 4896 2065 4966 qui
2098 4896 2253 4950 illum
2279 4905 2722 4963 antecesserunt,
2751 4896 3021 4952 doctrinae
3049 4897 3177 4953 ﬁdei
3207 4913 3432 4968 operam
3458 4913 3569 4953 non

1969 5007 2277 5063 dederunt?
2302 5007 2585 5076 Numquid
2622 5007 2974 5078 eloquentior
3007 5018 3092 5064 est
3121 5009 3366 5065 Joanne?
3393 5011 3567 5065 Num-

1969 5101 2102 5171 quid
2141 5101 2369 5170 aqualis
2406 5100 2493 5155 vel
2529 5101 2835 5171 sapientior
2866 5113 2953 5158 est
2992 5103 3154 5159 beato
3190 5105 3410 5158 Attico?
3453 5105 3568 5158 lino

1968 5209 2100 5247 vero
2161 5207 2262 5247 cur
2301 5191 2538 5262 ingenue
2578 5209 2692 5248 non
2735 5196 2986 5265 agnoscit
3020 5197 3327 5251 doctrinam
3371 5213 3430 5252 se
3478 5199 3565 5252 in-

1968 5285 2181 5340 vexisse
2236 5283 2618 5355 peregrinam,
2669 5286 2944 5357 planeque
2993 5289 3350 5355 inusitatam,
3404 5289 3569 5346 talem

1967 5377 2207 5449 denique
2243 5392 2366 5446 qua:
2406 5392 2505 5432 sua
2545 5377 2888 5436 absurditate
2929 5382 3237 5453 majoribus
3268 5384 3475 5438 nostris
3509 5385 3569 5437 in

1968 5468 2135 5522 nullis
2181 5483 2422 5536 unquam
2464 5467 2729 5523 Ecclesiis
2773 5481 2868 5525 aut
2910 5471 3153 5528 ﬁdelium
3197 5475 3436 5535 ctetibus
3465 5490 3564 5531 co—

1361 5710 1532 5765 Variae
1556 5710 1820 5766 lectiones
1841 5710 2046 5767 codicis
2066 5712 2428 5783 Seguieriam.

351 5831 369 5866 ι
408 5825 758 5892 νςκοοῦντας.
870 5827 880 5878 i
923 5827 1100 5899 ἡμῶν.
1185 5829 1208 5865 ι
1247 5828 1422 5898 ἡμῶν.

1512 5828 1526 5867 1
1573 5829 1880 5902 ὑμετέοοις.

1746 5885 1755 5901 Ι

1957 5842 1992 5870 1³
2024 5834 2177 5904 ἡμῖν.
