4116 6318
610 371 678 429 67
740 368 743 371 ’
1638 368 1694 424 s.
1734 363 2009 423 CYRILLI
2049 360 2524 419 ALEXANDRINI
2558 359 2881 419 AltCH‘iEP.
3204 426 3208 433 g
3818 339 3901 394 ιιά

606 486 760 559 gnita
792 485 931 542 fuit?
964 485 1095 542 Mihi
1125 485 1320 557 itaque
1348 501 1474 541 cum
1497 499 1565 540 eo
1590 484 1729 539 nihil
1760 481 1965 554 negotii
2000 479 2184 536 cstJd

2299 478 2551 549 λέγουσιν
2568 480 2624 532 αί
2644 478 2868 551 κοπρίαι
2881 477 2986 550 τῆς
3003 478 3221 543 πόλεως
3254 480 3582 553 Χαιρήμων,
3608 482 3896 556 Οὺῐκτωρ,

606 580 794 652 potius
812 579 1051 645 eveniat,
1072 588 1134 635 ut
1152 578 1220 634 ad
1246 594 1435 633 sanam
1462 586 1702 633 mentem
1728 574 1936 639 redeat,
1962 581 2198 628 rectam-

607 686 717 742 que
746 670 919 728 ﬁdem
956 680 1242 743 agnoscat;
1274 671 1343 726 de
1383 670 1471 725 his
1498 685 1632 725 vero
1665 684 1788 739 quae
1827 657 2007 722 in'me
2040 681 2195 721 com-

606 764 779 830 misit,
816 765 1104 830 irritando,
1128 770 1185 818 et
1213 763 1400 839 hostes
1427 762 1716 817 adversum
1740 775 1829 815 me
1858 757 2193 830 instigando,

607 857 753 929 apud
776 858 950 913 Deum
986 871 1208 912 causam
1243 834 1412 911 dicet.
1450 854 1599 909 Nihil
1640 862 1826 909 autem
1855 852 2191 921 mirumest,

605 952 653 1006 si
684 951 921 1007 civitatis
955 951 1137 1014 faeces,
1167 948 1750 1015 Chaeremon,Victor,
1778 946 2114 1016 Soplironas,
2139 954 2195 1000 et

606 1042 899 1098 facinorosi
959 1041 1205 1097 Flaviani
1251 1041 1519 1112 puerulus
1574 1042 1690 1096 suis
1740 1056 1842 1094 nos
1887 1038 2196 1093 maledictis

604 1133 945 1189 inscctentur
980 1149 1239 1204 :semper
1277 1134 1426 1188 enim
1466 1149 1591 1188 cum
1633 1133 1687 1186 in
1732 1132 1964 1202 seipsos,
1992 1139 2107 1185 tum
2137 1130 2193 1185 in

604 1236 833 1281 caeteros
871 1242 1091 1297 quoque
1135 1241 1328 1281 omnes
1365 1226 1603 1296 improbi
1634 1227 1985 1282 exstiterunt.
2037 1224 2196 1280 Norit

602 1328 785 1374 autem
814 1319 911 1389 qui
941 1318 1107 1374 hosce
1139 1319 1433 1375 adversum
1476 1334 1577 1375 nos
1602 1320 1854 1386 armavit,
1886 1335 1989 1375 nos
2015 1334 2195 1389 neque

602 1410 820 1482 longam
843 1412 1344 1483 peregrinationem
1370 1412 1687 1477 formidare,
1708 1428 1887 1483 neque
1912 1411 2195 1481 publicum

596 1501 890 1574 judicium,
937 1503 984 1557 si
1026 1519 1133 1574 qua
1183 1505 1567 1575 Opportunitas
1611 1504 1819 1565 tulerit,
1863 1502 2192 1557 detrectare.

598 1589 713 1649 Usu
752 1607 991 1662 namque
1026 1592 1305 1647 interdum
1342 1593 1532 1646 venire
1567 1594 1725 1656 solet,
1762 1602 1821 1646 ut
1856 1592 1943 1647 vel
1966 1592 2194 1662 exigua-

600 1700 726 1740 rum
762 1686 1038 1756 planeque
1081 1685 1285 1740 levium
1334 1701 1518 1740 rerum
1565 1685 1853 1740 occasione
1895 1685 2195 1741 Salvatoris

601 1777 777 1833 nostri
820 1774 1167 1847 providentia
1210 1777 1506 1832 concilium
1555 1788 1734 1847 cogat,
1778 1794 1890 1848 quo
1931 1778 2191 1834 nimirum

2297 573 2614 645 Σωφρονᾶς,
2644 574 2741 627 καὶ
2763 572 2826 626 τὸ
2855 571 2950 627 τοῦ
2973 572 3218 647 φυρατοῦ
3244 573 3548 629 Φλαδιανοῦ
3577 576 3899 648 παιδαρύλ-

2295 664 2444 719 λιον·
2475 666 2563 719 ἀεὶ
2596 665 2706 735 γὰρ
2740 665 2999 734 γεγόνασι
3036 666 3129 719 καὶ
3169 666 3299 737 περὶ
3327 665 3581 731 ἑαυτοὺς,
3616 668 3713 722 καὶ
3754 669 3901 739 περὶ

2295 758 2508 822 πάντας
2554 757 2736 813 κακοί.
2770 758 2935 811 Ἰστω
2964 756 3021 811 δὲ
3049 760 3077 812 ὁ
3108 757 3376 813 είσσαλὼν
3404 761 3627 826 αὐτοὺς,
3650 760 3733 814 ὅτι
3759 759 3899 815 οὔτε

2294 849 2606 923 ἀποδημίαν
2661 849 2996 921 φοϐούμεθα,
3039 850 3163 905 οὕτε
3213 851 3511 920 ἀπολογίαν
3586 853 3687 924 τὴν
3746 853 3898 926 πρὸς

2297 943 2565 1008 ἐκείνους,
2596 946 2693 997 καὶ
2744 945 2792 997 εί
2837 943 3050 1012 γένοιτο
3103 942 3296 997 τούτου
3346 944 3560 1015 καιρός.
3586 945 3897 1014 Συμδαίνιι

2294 1036 2405 1106 γὰρ
2460 1037 2543 1090 ὅτι
2569 1039 2603 1108 η
2634 1035 2730 1091 τοῦ
2762 1037 3015 1108 Σωτῆρος
3062 1035 3369 1107 οἰκονομία,
3410 1035 3501 1090 διά
3554 1036 3769 1108 μικρῶν
3792 1036 3900 1091 καὶ

2295 1128 2695 1183 εὐτελεστάτων
2727 1129 3089 1199 πραγμάτων,
3128 1126 3351 1196 συνάγει
3387 1127 3625 1191 σύνοδον,
3656 1128 3741 1182 ἵνα
3788 1145 3901 1182 κα-

2295 1218 2497 1291 θαρίσῃ
2549 1220 2648 1291 τὴν
2695 1218 2889 1273 ἐαυτοῦ
2929 1218 3281 1290 Ἐκκλησίαν,
3318 1220 3550 1274 ἄσπιλον
3581 1220 3677 1274 καὶ
3708 1220 3893 1290 ἀσύγ-

2294 1329 2458 1382 χυτον
2491 1311 2729 1382 ἔχουσαν
2764 1313 2909 1384 τὴνιι
2937 1312 3134 1383 εὐγενῆ
3164 1312 3371 1365 πίστιν.
3405 1312 3497 1383 Μὴ
3533 1312 3897 1383 προσδοκάτω

2292 1403 2351 1456 δὲ
2384 1402 2412 1453 ὁ
2438 1402 2691 1467 δείλαιος,
2721 1405 2804 1457 ὅτι
2846 1406 2895 1458 εί
2946 1405 3038 1457 καὶ
3088 1403 3307 1467 πλείους
3337 1405 3432 1457 καὶ
3474 1404 3744 1473 ἀξιόλογοι
3773 1399 3895 1459 εἷεν

2296 1497 2343 1547 οἱ
2370 1494 2456 1547 διὰ
2489 1494 2591 1563 τῆς
2626 1494 2793 1548 αὑτοῦ
2825 1496 3063 1565 σπουδῆς
3094 1498 3424 1568 κατηγορεῖν
3474 1498 3506 1565 ἡ
3518 1495 3634 1565 μῶν
3657 1496 3893 1566 μέλλον-

2296 1605 2405 1651 τες,
2424 1588 2683 1658 δικαστὴς
2708 1588 2890 1643 ἔσεται
2919 1588 3029 1642 τῶν
3054 1589 3178 1643 καθ’
3206 1590 3377 1659 ἡμᾶς,
3403 1594 3507 1642 κάν
3536 1588 3696 1643 τοῦτο
3713 1606 3895 1661 προσ-

2296 1679 2434 1751 αχοῇ
2468 1677 2528 1744 ἐξ
2565 1680 2927 1751 Ἀμφιτίωνος
2946 1688 2991 1734 ο.
3028 1681 3492 1755 Παραιτησόμεθα
3540 1681 3650 1753 γὰρ
3702 1684 3891 1736 ἐκεῖσε

2297 1772 2576 1836 ἐλθόντες’
2613 1774 2729 1847 καὶ,
2772 1774 2871 1827 σὺν
2911 1773 3032 1844 Θεῷ
3082 1776 3271 1844 φάναι,
3300 1779 3421 1840 ταῖς
3466 1774 3632 1830 αὐτοῦ
3676 1774 3893 1847 δυσφη-

598 1868 900 1925 Ecclesiam
931 1885 1109 1934 suam,
1136 1885 1257 1939 quae
1283 1869 1548 1924 illibatam
1574 1884 1793 1940 semper
1822 1870 2184 1925 inconfusam-

2302 1866 2455 1937 μίαις
2511 1865 2934 1937 ἀπολογήσεται.
2974 1866 3137 1920 Ὅθεν
3186 1867 3463 1940 φεύγομεν
3507 1869 3606 1939 τὴν
3656 1868 3893 1940 εἰρήνην

598 1976 708 2031 que
744 1976 810 2016 ac
834 1961 1106 2016 illustrem
1142 1961 1308 2016 ﬁdem
1352 1961 1503 2025 colit,
1536 1976 1567 2015 a
1610 1960 1869 2016 sordibus
1910 1969 2187 2037 repurget.

2297 1956 2570 2029 οὐδαμῶς,
2600 1956 2739 2011 ἀλλά
2776 1957 2978 2029 μᾶλλον
3023 1959 3369 2031 ἀρπάζομεν,
3391 1960 3486 2013 ἐὰν
3509 1957 3819 2031 ὁμολογηθῇ
3850 1959 3893 2031 ἠ

598 2051 706 2123 35
743 2051 935 2123 Neque
988 2064 1170 2107 tamen
1221 2052 1392 2107 miser
1442 2052 1560 2117 ille,
1611 2052 1742 2107 licet
1782 2052 2097 2123 complures
2137 2064 2184 2109 cl

2292 2052 2474 2115 πίστις
2503 2050 2660 2123 ὀρθὴ,
2685 2053 2778 2105 καὶ
2809 2052 3128 2105 παύσωνται
3150 2053 3245 2105 τοῦ
3268 2052 3450 2122 λέγειν
3467 2052 3715 2117 τοιαῦτα,
3740 2052 3892 2124 ἅπερ

597 2159 792 2215 graves
812 2144 919 2198 viri
950 2145 1069 2216 ejus
1103 2160 1270 2214 opera
1298 2159 1397 2198 nos
1426 2146 1738 2199 accusaturi
1766 2153 1972 2210 essent,
2005 2160 2184 2199 rerum

2292 2142 2692 2209 ξενοεποῦντες,
2744 2142 3134 2199 ἐπικαλοῦνται
3171 2144 3424 2199 θάνατον.
3464 2145 3747 2218 Τοσαύτην
3776 2143 3895 2217 γὰρ

595 2246 912 2292 nostrarum
948 2236 1193 2308 judicem
1240 2236 1359 2292 fore
1407 2252 1463 2292 se
1515 2246 1729 2307 speret,
1774 2237 2028 2307 quamvis
2066 2237 2184 2307 jure

2289 2234 2624 2307 διαστροφὴν
2669 2234 2783 2305 ἔχει
2818 2235 2877 2288 τὸ
2915 2236 3223 2290 ἀποσταλὲν
3274 2238 3556 2310 τετράδιον
3587 2238 3696 2292 τῶν
3718 2235 3892 2293 αὑτοῦ

595 2330 1063 2402 Amphictyonum
1092 2331 1198 2385 hoc
1223 2330 1333 2385 sibi
1354 2330 1675 2385 demandari
1699 2329 1892 2384 faciat:
1918 2344 2019 2384 nos
2036 2331 2184 2384 enim

2287 2327 2631 2399 δυσφημιῶν,
2657 2330 2733 2393 ὡς
2761 2328 3088 2399 μολύνεσθαι
3117 2330 3212 2383 καὶ
3239 2329 3332 2383 τὸν
3366 2330 3837 2398 ἀναγινώσκοντα.

590 2430 744 2485 istuc
772 2426 1074 2492 venientes,
1114 2425 1184 2480 ab
1230 2425 1351 2495 ejus
1370 2425 1579 2494 judicio
1619 2423 2075 2494 provocabimus;
2109 2434 2184 2487 et,
2227 2423 2269 2478 si
2300 2423 2415 2477 Deo
2448 2422 2739 2493 placuerit,
2774 2426 2891 2493 ipse
2915 2421 2985 2476 de
3006 2422 3122 2477 suis
3148 2421 3507 2492 blasphemiis
3563 2423 3623 2479 in
3674 2424 3893 2496 judicio

595 2518 932 2588 respondere
959 2528 1205 2588 cogetur.
1234 2517 1354 2572 Non
1386 2518 1553 2589 igitur
1576 2534 1769 2589 pacem
1829 2518 2220 2579 detrectamus,
2262 2518 2357 2572 sed
2394 2517 2581 2589 potius
2621 2532 2743 2571 eam
2783 2525 3087 2586 captamus,
3152 2517 3317 2571 modo
3352 2524 3535 2572 tamen
3568 2528 3733 2574 rectae
3758 2518 3892 2577 ﬁdei

592 2608 790 2664 edatur
823 2608 1119 2673 confessio,
1153 2608 1481 2677 desinatque
1524 2609 1653 2662 talia
1717 2609 1773 2664 in
1815 2609 2057 2664 medium
2091 2608 2363 2679 proferre,
2431 2625 2554 2680 quae
2611 2607 2785 2662 veluti
2849 2607 3137 2679 peregrina
3187 2606 3465 2663 letiferum
3507 2608 3613 2665 hoc
3678 2612 3893 2667 malum

593 2702 756 2758 nobis
814 2702 1109 2757 asciscunt.
1164 2701 1299 2755 Nam
1356 2700 1708 2782 blasphemus
1765 2718 1827 2757 ac
1885 2701 2186 2757 maledicus
2225 2702 2376 2757 illius
2442 2702 2755 2772 quaternio,
2793 2702 2888 2772 qui
2926 2700 3129 2756 missus
3155 2707 3260 2767 est,
3302 2709 3517 2757 tantum
3580 2702 3891 2761 insecun-

594 2796 733 2852 tinet
769 2792 1167 2864 perversitatis,
1207 2801 1265 2847 ut
1308 2792 1486 2863 ipsum
1526 2809 1748 2863 quoque
1788 2794 2054 2848 lectorem
2092 2794 2183 2847 lue
2224 2792 2453 2849 inficiat.

663 2886 933 2955 Quoniam
964 2902 1095 2942 vero
1133 2886 1425 2941 cavillatur
1451 2902 1662 2941 sacram
1702 2886 1971 2958 synodum
1994 2901 2186 2940 vocem

593 2980 912 3038 inusitatam
966 2979 1405 3049 deprompsisse,
1450 2979 1580 3033 dum
1634 2994 1847 3033 sacram
1905 2978 2185 3049 Virginem

592 3072 913 3129 Theotocon
945 3071 1280 3137 nominavit;
1317 3071 1689 3141 interrogetur
1717 3078 1773 3124 et
1800 3070 1917 3141 ipse
1940 3069 2185 3124 vicissim

591 3182 720 3223 cum
758 3168 893 3231 suis,
929 3166 1155 3220 ubinam
1200 3164 1612 3229 Christotocon,
1662 3171 1760 3218 aut
1808 3163 2183 3219 Tlieodochon

595 3275 828 3331 usquam
864 3259 1135 3329 scriptum
1176 3259 1572 3328 compererint.
1608 3257 1757 3312 inter
1796 3258 1901 3311 alia
1940 3271 2180 3326 namque

592 3359 651 3406 et
690 3351 796 3406 hoc
824 3365 1045 3421 quoque
1074 3350 1143 3404 ad
1177 3350 1409 3404 verbum
1448 3349 1729 3404 interserit
1757 3367 1769 3401 :
1812 3370 1827 3399 ι
1857 3351 1934 3403 De
1956 3350 2181 3419 Virgine

593 3441 927 3499 Theodoeha
975 3457 1086 3495 non
1136 3441 1501 3511 disputemus,
1542 3460 1561 3492 ι
1623 3440 1781 3510 quasi
1829 3440 1931 3510 ipsi
1973 3440 2181 3511 aliquid

592 3549 720 3590 cum
758 3535 872 3590 Deo
905 3548 1196 3588 commune
1236 3532 1424 3596 fuerit,
1462 3546 1690 3602 prorsus
1729 3530 1865 3600 quid
1900 3531 2049 3586 dicat
2087 3540 2184 3586 aut

593 3628 742 3699 quod
779 3624 1013 3682 aﬂirmet
1050 3640 1162 3679 non
1203 3624 1533 3695 intelligens.
1578 3624 1635 3679 Si
1675 3624 1825 3679 enim
1856 3624 2027 3679 Deum
2070 3640 2182 3678 non

592 3718 839 3791 peperit,
880 3732 1060 3786 neque
1106 3716 1386 3771 Christum
1434 3715 1604 3769 Deum
1653 3716 1709 3768 in
1760 3724 1916 3769 utero
1966 3715 2178 3793 habuit,

592 3826 704 3882 quo
743 3818 904 3882 pacto
940 3808 1305 3864 Theodocbos
1330 3810 1453 3862 est?
1478 3807 1624 3874 Quin
1660 3817 1716 3862 et
1748 3809 1926 3877 ipsum
1960 3824 2180 3877 quoque

594 3903 810 3959 Patrem
833 3901 1038 3957 alicubi
1064 3901 1384 3956 Theotocon
1418 3900 1674 3971 appellat.
1711 3899 1815 3955 Ubi
1848 3908 2032 3954 autem
2058 3915 2179 3954 om-

590 4009 693 4052 nes
722 3995 885 4049 hasce
916 4008 1081 4047 voces
1105 3993 1317 4063 legerit,
1348 3994 1561 4064 ignoro.
1594 3991 1841 4062 Reliqua:
1869 4006 2036 4063 porro
2061 4007 2180 4045 ma—

592 4087 752 4153 culze,
780 4103 903 4157 qua:
936 4102 1043 4141 non
1076 4102 1264 4156 paucae
1288 4102 1520 4140 numero
1547 4101 1613 4139 e.\
1638 4086 1788 4140 illius
1813 4084 2180 4139 enarrationi-

591 4179 697 4236 bus
738 4180 1093 4251 colliguntur,
1134 4180 1241 4234 nisi
1282 4180 1659 4249 resipiscentia
1681 4179 1863 4248 aliqua
1884 4193 2179 4233 consecuta

586 4272 791 4338 fuerit,
844 4273 899 4327 in
940 4288 1099 4327 suum
1145 4280 1363 4341 tempus
1413 4271 1861 4325 asservabuntur.
1906 4270 2178 4324 Libellum

587 4365 899 4435 supplicem
940 4379 972 4418 a
1005 4364 1164 4418 vobis
1201 4364 1265 4417 ad
1309 4379 1395 4417 me
1443 4363 1693 4428 missum,
1727 4362 1822 4431 qui
1861 4362 2179 4433 imperatori

584 4454 964 4526 porrigendus
995 4462 1099 4517 est,
1136 4470 1247 4508 non
1286 4462 1468 4509 tamen
1510 4454 1629 4509 sine
1665 4462 1851 4509 nostra
1886 4455 2176 4521 sententia,

594 4547 783 4615 accepi
807 4556 862 4601 et
888 4547 1015 4617 legi.
1047 4548 1252 4603 Verum
1278 4547 1423 4616 quod
1460 4548 1669 4617 prolixe
1701 4547 1756 4601 in
1794 4563 1921 4601 eum
1955 4549 2181 4604 inveha-

2368 2884 2587 2957 Ἐπειδὴ
2624 2885 2682 2939 δέ
2720 2886 2959 2939 αἰτιᾶται
3006 2885 3082 2948 ὡς
3121 2886 3263 2952 λέξιν
3297 2884 3541 2958 ἀσυνήθη
3589 2889 3813 2961 εἴρηκεν
3849 2890 3888 2961 ἡ

2286 2960 2477 3049 Γραφὴ
2520 2983 2568 3043 Ρ,
2591 2980 2761 3050 ἤγουν
2788 2980 2821 3050 ἡ
2846 2978 2978 3047 ἁγία
3006 2976 3241 3040 σύνοδος,
3275 2977 3539 3033 Θεοτόκον
3562 2960 3891 3052 ὀνομάσασα

2281 3070 2380 3142 τὴν
2406 3072 2567 3138 ἁγίαν
2607 3071 2915 3142 Παρθένον,
2949 3070 3352 3142 ἐρωτάσθωσαν
3385 3071 3564 3138 αὐτοὶ,
3605 3073 3709 3128 ποῦ
3740 3075 3886 3147 Χρι-

2287 3164 2599 3235 στοτόκον,ἢ
2618 3164 2877 3237 Θεοδόχον
2905 3159 3064 3236 εὗρον
3081 3167 3470 3237 γεγραμμένον
3491 3184 3505 3233 ;
3539 3168 3683 3239 Πρὸς
3707 3166 3889 3241 τούτῳ

2285 3258 2505 3310 κάκεῖνο
2532 3256 2791 3327 ἐνέθηκεν
2821 3258 3015 3321 αὑταῖς
3045 3257 3255 3321 λέξεσιν
3283 3256 3447 3312 οὕτω·
3485 3277 3503 3311 ι
3547 3258 3659 3332 Τὴν
3692 3259 3888 3315 Θεοδό-

2285 3366 2380 3418 χον
2410 3348 2490 3418 τῷ
2515 3347 2635 3418 Θεῷ
2668 3349 2744 3420 μὴ
2776 3348 3217 3420 συνθεολογῶμεν
3256 3350 3574 3422 Παρθένον·
3608 3371 3627 3405 ι
3668 3353 3770 3407 οὐκ
3806 3354 3887 3407 σί-

2283 3437 2387 3501 δὼς
2413 3438 2441 3491 ὃ
2479 3438 2649 3506 λέγει.
2700 3439 2765 3493 Εί
2794 3440 2905 3509 γάρ
2944 3439 3018 3510 μὴ
3060 3439 3249 3492 τέτοκε
3266 3438 3422 3503 Θεὸν,
3462 3440 3599 3512 μηδέ
3632 3440 3791 3513 ἔσχεν
3821 3444 3884 3497 ἐν

2283 3533 2349 3601 τῇ
2411 3529 2590 3600 κοιλίᾳ.
2650 3529 2782 3584 Θεὸν
2835 3530 2967 3584 ὄντα
3000 3530 3258 3603 Χριστόν·
3300 3531 3418 3596 πῶς
3471 3532 3553 3586 ἐτι
3618 3532 3882 3605 Θεοδόχος

2283 3622 2435 3689 ἐστί;
2466 3623 2577 3677 Καὶ
2605 3622 2767 3677 αὐτὸν
2796 3623 2854 3677 δέ
2884 3622 2976 3676 τὸν
3006 3624 3230 3693 Πατέρα
3264 3618 3385 3677 εἷπε
3434 3624 3723 3679 Θεοτόκον.
3765 3625 3882 3680 Ποῦ

2283 3714 2463 3766 τοίνυν
2500 3716 2711 3783 ἀνέγνω
2743 3716 2844 3779 τάς
2872 3715 3049 3781 λέξεις
3075 3717 3281 3779 ταῦτας
3302 3755 3316 3778 ,
3360 3717 3561 3785 ἀγνοῶ.
3600 3718 3748 3789 Πλὴν
3778 3720 3883 3773 ἐπ-

2283 3807 2395 3877 ειδὴ
2426 3808 2521 3860 καὶ
2549 3808 2683 3861 ἄλλα
2710 3807 2881 3863 πολλά
2910 3808 3266 3881 ἐπισύρονται
3306 3810 3635 3882 ἐγκλήματα
3673 3813 3739 3866 ἐκ
3767 3811 3884 3869 τῶν

2283 3898 2597 3970 ἐξηγήσεων
2625 3900 2815 3965 αὑτοῦ,
2850 3902 3291 3973 φυλαχθήσονται
3323 3903 3430 3968 ἕως
3469 3903 3687 3976 καιροῦ,
3719 3908 3767 3958 εί
3800 3908 3880 3979 μή

2282 4009 2366 4055 τις
2392 3992 2620 4064 γένηται
2646 3996 3014 4065 μετάγνωσις.
3053 3996 3126 4050 Τὸ
3142 3997 3200 4051 δέ
3228 4014 3292 4066 γε
3313 3998 3598 4069 σχεδάριον
3622 4001 3722 4072 τῆς
3750 4000 3880 4074 δεή-

2285 4102 2421 4151 σεως
2448 4087 2509 4139 τὸ
2542 4090 2674 4157 παρ’
2718 4088 2872 4158 ὑμῶν
2905 4090 3235 4156 ἀποπαλέν,
3276 4090 3352 4156 ὡς
3380 4092 3597 4160 ὀφεῖλον
3625 4093 3881 4163 ἐπιδοθῆ-

2284 4196 2371 4231 ναι
2401 4179 2500 4248 μὲν
2534 4178 2761 4248 βασιλεῖ,
2790 4182 2891 4234 οὐκ
2919 4183 3045 4235 ἄνευ
3083 4183 3139 4235 δὲ
3182 4183 3407 4255 γνώμης
3440 4184 3595 4255 ὑμῶν
3622 4196 3675 4247 (ι,
3699 4185 3879 4244 λαϐὼν

2285 4270 2552 4338 ἀνέγνων.
2600 4272 2820 4344 Ἐπειδὴ
2850 4273 2908 4326 δὲ
2950 4274 3150 4345 πολλὴν
3192 4271 3306 4346 εἶχε
3358 4276 3706 4348 καταδρομὴν
3734 4278 3881 4333 κατά

2281 4359 2376 4414 τοῦ
2426 4364 2626 4429 ἐκεῖσε,
2685 4364 3015 4434 ἢάδελφοῦ,
3082 4368 3115 4437 ἢ
3174 4368 3291 4433 πῶς
3351 4368 3418 4423 ἂν
3475 4369 3708 4443 εἴποιμι,
3738 4372 3878 4439 τέως

2282 4455 2537 4525 ἐπέσχον,
2566 4455 2652 4508 ἵνα
2698 4457 2771 4527 μὴ
2801 4458 3089 4528 ἐπέρχοιτο
3128 4463 3260 4531 ἡμῖν
3304 4460 3479 4529 λέγων
3503 4479 3518 4493 ·
3548 4442 3879 4537 Κατηγορή-

2285 4548 2412 4599 σατέ
2461 4565 2561 4617 μου
2601 4550 2692 4601 ἐπὶ
2728 4550 2821 4602 τοῦ
2862 4550 3159 4620 βασιλέως,
3196 4554 3271 4617 ὡς
3304 4554 3603 4626 αἱρετικοῦ.
3636 4556 3879 4629 ’Υπηγο-

593 4646 687 4691 tur
711 4637 807 4707 qui
844 4637 967 4693 istic
998 4639 1127 4709 agit,
1168 4640 1283 4693 sive
1315 4640 1524 4705 fratris,
1555 4641 1671 4695 sive
1708 4640 1816 4694 alio
1850 4656 2179 4711 quocunque

2286 4638 2563 4708 ρεύσαμεν
2592 4640 2649 4693 δέ
2680 4643 2905 4711 ἑτέρως,
2940 4644 3080 4713 μετά
3098 4644 3193 4698 τοῦ
3228 4647 3322 4699 καί⁵
3362 4648 3746 4718 παραιτεῖσθαι
3772 4648 3877 4721 τὴν

592 4731 816 4784 nomine
856 4743 1167 4796 censeatur,
1220 4732 1486 4787 hactenus
1532 4734 1832 4803 suppressi,
1869 4750 1938 4789 ne
1981 4735 2178 4790 adver—

590 4835 713 4876 sum
752 4836 855 4875 nos
893 4821 1203 4892 insurgens,
1232 4840 1289 4879 sc
1324 4839 1424 4895 per
1463 4841 1565 4879 nos
1593 4824 1868 4895 haereseos
1891 4827 2036 4897 apud
2071 4829 2177 4882 im-

591 4920 902 4984 peratorem
948 4914 1192 4971 delatum
1242 4917 1549 4972 cavilletur.
1591 4918 1781 4988 Itaque
1826 4920 1949 4974 aliis
1994 4922 2179 4976 verbis

592 5004 745 5059 illum
788 5006 1139 5072 dictavimus,
1178 5024 1304 5062 eum
1345 5025 1565 5079 quoque
1606 5011 1766 5065 nobis
1795 5012 2035 5080 judicein
2077 5015 2175 5067 dc-

592 5104 922 5165 trectantes,
960 5116 1223 5170 expresso
1262 5099 1675 5155 inimicitiarum
1723 5103 1911 5167 modo;
1947 5114 2002 5157 ct
2038 5119 2177 5173 prae-

590 5198 801 5243 sentem
841 5189 1307 5255 controversiam,
1351 5192 1395 5245 si
1439 5194 1665 5248 omnino
1713 5194 2010 5263 importuni
2055 5212 2175 5250 esse

590 5281 967 5349 perrexerint,
1019 5281 1085 5335 ad
1141 5281 1291 5336 aliud
1336 5281 1518 5336 forum
1567 5283 1850 5338 transferri
1897 5296 2172 5355 rogantes.

588 5370 725 5427 Cum
765 5372 952 5442 itaque
980 5374 1226 5428 libellum
1262 5375 1630 5445 perlegeritis,
1660 5377 1704 5430 si
1734 5392 1841 5446 qua
1875 5377 2176 5433 necessitas

589 5464 939 5533 poposcerit,
991 5467 1226 5532 tradite;
1292 5477 1349 5521 et
1394 5468 1440 5522 si
1484 5484 1612 5523 eum
1654 5469 1709 5524 in
1756 5470 1906 5525 hisce
1958 5471 2176 5526 insidiis

587 5571 1057 5627 perseverantem,
1090 5568 1146 5615 et
1176 5560 1315 5619 nihil
1344 5577 1451 5616 non
1485 5562 1775 5620 adversum
1808 5580 1909 5620 nos
1936 5564 2172 5620 molien-

2282 4732 2449 4785 αὐτοῦ
2494 4734 2709 4802 κρίσιν,
2754 4737 3001 4800 εἰπόντες
3046 4738 3141 4791 καὶ
3177 4739 3277 4808 τῆς
3302 4738 3503 4810 ἔχθρας
3527 4743 3619 4796 τὸν
3650 4742 3872 4814 τρόπον,

2280 4825 2376 4878 καὶ
2407 4826 2506 4895 τὴν
2543 4826 2699 4898 δίκην
2734 4831 3103 4899 μετασπάσαι,
3140 4834 3189 4886 εί
3230 4833 3538 4889 ἐνίστανται
3570 4834 3709 4898 ὅλως
3730 4836 3863 4890 ἐκεῖ·

2280 4935 2392 4981 νοι,
2455 4920 2535 4981 εἰς
2588 4921 2808 4991 ἐτέρους
2859 4923 3148 4996 ἄρχοντας.
3204 4926 3557 4994 ’Λναγνόντες
3608 4927 3874 4983 τοίνυντὸ

2282 5010 2597 5082 σχεδάριον,
2634 5014 2844 5067 ἐπίδοτε
2874 5056 2889 5079 ,
2939 5018 2986 5069 εἰ
3031 5017 3280 5070 καλέσειε
3322 5019 3516 5089 χρεία·
3550 5020 3655 5074 κᾶν
3685 5020 3868 5084 ἴδοιτε,

2280 5104 2361 5155 ὅτι
2380 5102 2748 5159 ἐπιϐουλεύων
2772 5110 3122 5177 ἐμμένει,καὶ
3143 5109 3359 5181 ἀληθῶς
3376 5113 3552 5165 πάντα
3580 5116 3720 5166 κινεῖ
3742 5115 3872 5185 τρό-

2285 5212 2405 5257 πον,
2458 5194 2549 5247 τὸν
2592 5198 2710 5251 καθ’
2738 5199 2897 5270 ήμῶν
2945 5202 3158 5271 ὁρῶντα
3185 5244 3199 5267 ,
3248 5203 3555 5268 σπουδαίως
3598 5204 3868 5276 γράψατε.

2281 5287 2387 5341 Καὶ
2425 5288 2811 5361 ἐπιλεξάμενος
2853 5292 3055 5365 ἄνδρας
3111 5294 3360 5358 εὐλαϐεῖς
3407 5297 3502 5349 καὶ
3548 5297 3869 5367 φρονίμους,

2276 5382 2611 5447 ἐπισκόπους
2656 5402 2717 5437 τε
2754 5387 2851 5439 καὶ
2905 5386 3257 5456 μονάζοντας,
3289 5388 3639 5453 ἐξαποστελῶ
3667 5391 3871 5463 πρώτῳ

2277 5474 2477 5546 καιρῷ.
2511 5476 2585 5529 Οὐ
2616 5477 2725 5547 γὰρ
2761 5479 2837 5549 μὴ
2870 5478 3029 5533 δώσω
3055 5478 3244 5543 ὕπνον,
3278 5480 3423 5534 κατά
3458 5480 3519 5534 τὸ
3548 5486 3870 5555 γεγραμμέ-

2276 5585 2389 5633 νον,
2422 5571 2534 5633 τοῐς
2586 5570 2892 5643 ὀφθαλμοῖς
2937 5591 3041 5645 μου
3113 5574 3209 5628 καὶ
3261 5574 3375 5638 τοῖς
3416 5573 3706 5649 βλεφάροις
3762 5592 3869 5648 μου

1642 5721 1816 5777 Varia:
1840 5722 2105 5780 lectiones
2132 5724 2339 5781 codicis
2373 5725 2736 5800 Seguieriani.

658 5858 688 5886 ί·
720 5850 827 5905 καί.
909 5863 933 5884 ν
958 5852 1042 5907 iv.
1084 5853 1493 5924 ‘Apxgtxniwo;
1579 5868 1604 5906 ιι
1636 5858 1821 5933 εἴρηκε
1851 5861 1917 5930 τῇ
1949 5862 2153 5933 γραξῇ.

2231 5871 2257 5912 «ι
2297 5862 2477 5935 ἡμῶν.
