4116 6318
619 342 680 399 7l
1625 351 1661 403 S
1709 349 1986 405 CYRILLI
2027 349 2507 407 ALEXANDRINI
2550 353 2872 410 ARClllEP.
3847 359 3917 413 τι

617 465 745 537 quia
775 463 850 538 (l)
884 467 1056 522 invidi
1099 470 1298 533 nostri,
1352 471 1736 526 conveniendo
1785 488 1902 536 vos,
1939 471 2219 542 ﬁngebant
2247 481 2293 534 Α
2395 474 2447 527 3.
2481 475 2601 530 Non
2649 475 2797 546 quod
2845 475 3164 530 omnimodo
3203 475 3468 538 Verbum,
3526 475 3676 548 quod
3709 491 3916 532 secun-

615 573 675 617 sc
697 573 888 629 pacem
915 569 1082 630 atque
1107 561 1409 616 amicitiam
1423 571 1772 632 quzerere,et
1796 563 1982 617 dicere
1997 560 2210 635 [Baluz.
2321 566 2452 621 dum
2487 576 2741 622 naturam
2781 566 2850 622 de
2884 567 2996 622 Deo
3032 567 3277 637 genitum
3323 577 3426 632 est,
3466 575 3746 623 mortuum
3788 582 3918 624 esse

616 651 743 705 add.
785 651 963 723 quia,]
1013 651 1158 706 sicut
1193 651 1269 724 (2)
1319 655 1518 724 scripsi
1555 654 1622 708 ad
1657 654 1979 718 monachos,
2043 653 2124 709 sic
2156 668 2215 710 se
2319 657 2660 713 credendum
2707 659 2805 724 sit,
2863 667 2960 713 aut
3009 659 3198 714 lancea
3244 660 3300 714 in
3352 660 3526 715 latere
3559 659 3917 716 vulneratum

617 743 781 799 tidem
828 753 1062 800 tenere:
1095 743 1298 800 deinde
1331 746 1400 800 ad
1431 747 1717 817 proprium
1760 760 1986 800 sensum
2035 761 2215 816 respt-
2323 751 2492 820 (quod
2543 752 2694 806 enim
2741 752 2911 807 habet
2955 752 3102 807 latus
3151 763 3348 807 natura
3396 753 3763 823 incorporea?
3811 761 3918 808 aut

613 834 847 899 cientes,
887 835 1076 890 dicere
1109 837 1334 891 eosdem
1375 839 1504 908 quia
1540 847 1596 892 et
1634 839 1752 908 ipse
1786 836 2023 892 dixerim
2085 854 2214 893 san-
2320 859 2432 914 quo
2461 856 2622 914 pacto
2646 854 2864 899 mortua
2887 847 3116 901 estvita
3146 845 3384 900 vitarum
3404 844 3448 917 ?)
3498 845 3575 917 (4)
3624 845 3722 902 sed
3769 861 3916 918 quo-

614 940 767 985 ctum
809 930 1106 986 concilium
1137 948 1248 985 non
1295 934 1614 988 meminisse
1644 933 1795 987 illius
1820 932 2116 988 locutionis
2138 932 2214 1007 (5)
2319 937 2469 991 niam
2506 938 2722 992 unitum
2759 941 2911 993 carni
2935 939 3042 994 hoc
3072 939 3316 994 Verbum
3349 950 3453 1001 est,
3490 937 3616 993 ideo
3647 954 3711 994 ea
3741 954 3914 995 carne

613 1039 738 1095 qua:
771 1033 857 1079 est
891 1024 1173 1089 Θεοτὸκος.
2320 1027 2586 1098 patiente,
2627 1040 2888 1100 tanquam
2928 1028 3144 1102 [Baluz.
3179 1029 3502 1100 patientiam
3533 1027 3724 1102 quam]
3775 1045 3913 1101 pro-

677 1116 739 1170 .2.
771 1117 883 1188 Ego
921 1125 1108 1172 autem
1159 1118 1376 1188 scripsi,
1421 1118 1570 1188 quod
1617 1117 1836 1173 etiamsi
1887 1133 1997 1172 non
2030 1116 2217 1187 posuit
2321 1121 2443 1191 prio
2495 1124 2614 1193 ejus
2671 1122 2932 1177 videlicet
2983 1138 3234 1193 corpore,
3303 1123 3359 1177 in
3406 1137 3465 1176 se
3498 1121 3641 1177 hanc
3690 1130 3916 1179 revocat

614 1210 914 1264 concilium
944 1211 1201 1265 voculam
1227 1212 1389 1277 hanc,
1425 1211 1823 1267 convenienter
1864 1219 2050 1266 tamen
2084 1211 2216 1265 fecit
2322 1213 2558 1285 [Βαιιιιπ.
2590 1215 2715 1270 add.
2746 1213 2910 1287 inire]
2935 1215 3268 1285 passionem.

615 1300 832 1375 [Baluz.
879 1319 983 1356 om.
1018 1303 1418 1359 convenienter
1447 1311 1630 1359 tamen
1655 1301 1810 1376 fecit]
1841 1321 1854 1357 :
1882 1303 2022 1357 nihil
2066 1303 2215 1358 enim
2390 1309 2442 1362 4.
2481 1308 2820 1379 Argutantur
2865 1309 3055 1379 igitur,
3085 1318 3142 1362 et
3188 1307 3400 1378 seipsos
3438 1305 3734 1370 seducunt,
3779 1318 3913 1360 cum

613 1404 968 1450 eorumtunc
994 1394 1172 1449 fuerat
1196 1405 1426 1458 motum,
1451 1411 1556 1450 nec
1585 1395 1639 1449 in
1671 1395 1916 1449 medium
1948 1394 2052 1448 fuit
2078 1410 2218 1464 opus
2319 1401 2511 1456 dicunt
2555 1417 2746 1472 pacem
2805 1417 2864 1456 se
2907 1401 3071 1466 velle,
3102 1409 3161 1456 et
3209 1401 3466 1456 sensibus
3517 1400 3865 1455 mentiuntur
3895 1415 3909 1451 :

614 1481 804 1537 aﬂ‘erri
865 1484 1015 1553 quod
1072 1485 1167 1539 illo
1212 1485 1267 1538 in
1304 1494 1553 1555 tempore
1589 1487 1816 1540 mimme
1841 1485 2211 1556 quaerebatur.
2320 1495 2526 1550 habere
2555 1497 2705 1550 enim
2750 1511 2846 1550 eos
2874 1494 3162 1565 proprium
3210 1495 3366 1548 virus
3405 1492 3462 1547 in
3500 1492 3690 1557 corde,
3733 1508 3800 1547 ex
3839 1505 3915 1545 eo

616 1574 1035 1640 Verumtamen,
1087 1578 1336 1647 polentia
1379 1588 1435 1632 et
1473 1579 1526 1632 vi
1568 1577 1924 1641 intellectus,
1973 1577 2216 1631 arbitror
2317 1586 2478 1642 facile
2522 1594 2608 1642 est
2643 1587 2971 1658 intelligere.
3024 1586 3289 1642 Miserum
3337 1587 3468 1642 huic
3517 1586 3770 1649 diacono,
3809 1583 3912 1655 qui

613 1666 950 1724 Genitricem
1006 1671 1123 1733 Dei.
1175 1670 1230 1726 id
1284 1671 1677 1735 θεῑ,Θεοτόκον
1717 1670 1788 1726 ab
1833 1671 1929 1725 illo
1977 1669 2210 1742 [Βαιίιιιι
2318 1681 3015 1737 rerumecclesiasticarum
3037 1696 3226 1735 curam
3247 1681 3408 1751 gerit,
3432 1681 3570 1734 duas
3590 1679 3910 1735 chartulas:

617 1760 748 1834 iliis]
773 1772 1019 1818 sanctam
1059 1764 1337 1836 Virginem
1369 1765 1611 1832 dictam;
1643 1766 1820 1835 ipsum
1845 1764 1994 1818 enim
2034 1764 2210 1819 dicit:
2242 1841 2271 1844 _
2319 1789 2487 1828 unam
2547 1773 2772 1844 quidem
2833 1773 3198 1843 compositam
3252 1789 3282 1826 a
3331 1772 3406 1844 (5)
3448 1773 3645 1827 Photio
3689 1770 3909 1843 [Βαικι.

623 1874 638 1903 ⁸
669 1853 774 1922 Ουί
817 1863 981 1912 nali-‘5
1025 1867 1111 1911 εει
1157 1857 1227 1913 de
1273 1859 1386 1913 D60
1419 1858 1610 1922 Ρθιτθν
1660 1873 1759 1928 Per
1808 1873 1973 1927 αυεω
2024 1855 2210 1911 omnia
2242 1841 2283 1895 Β
2314 1841 2600 1940 Photinoj,
2649 1873 2746 1920 aut
2794 1865 2862 1920 ab
2912 1841 3021 1920 alio
3056 1841 3348 1935 quolibet,
3385 1841 3654 1920 adversus
3695 1841 3910 1918 librum

615 1951 756 2006 facta
785 1959 935 2017 sunt,
977 1953 1351 2019 incarnatum,
1384 1954 1669 2010 hominem
1702 1953 1932 2017 factum,
1965 1969 2210 2023 passum,
2314 1974 2498 2014 meum
2533 1973 2698 2028 quem
2746 1957 2814 2012 ad
2850 1956 3151 2012 monachos
3187 1956 3370 2023 edidi;
3407 1954 3484 2028 (6)
3512 1963 3569 2012 et
3595 1956 3757 2011 aliam
3786 1954 3910 2011 vel-

613 2044 920 2099 surrexisse
965 2061 996 2099 a
1027 2045 1281 2110 mortuis,
1340 2047 1397 2100 in
1431 2047 1635 2102 caelum
1689 2045 2026 2111 ascendisse,
2058 2047 2212 2117 judi-
2313 2051 2392 2105 uti
2429 2051 2483 2105 in
2518 2050 2759 2121 speciem
2799 2047 3225 2120 quaternionis,
3278 2047 3760 2103 inconvenientem
3803 2045 3909 2100 ha-

613 2150 734 2191 cem
775 2150 998 2206 quoque
1030 2153 1154 2194 esse
1185 2146 1504 2194 venturum.
1540 2161 1558 2189 ›
2314 2139 2540 2195 bentem
2571 2140 2738 2194 ctiam
2768 2139 3011 2201 titulum,
3052 2137 3158 2191 hoc
3185 2137 3386 2192 modo:
3420 2136 3681 2192 Adversus
3705 2153 3791 2192 eos
3813 2135 3910 2210 qui

612 2321 702 2370 tor
729 2318 1022 2389 epistolam
1050 2325 1186 2372 tunc
1223 2331 1365 2388 pene
1404 2330 1530 2372 cum
1561 2318 1901 2372 scriberetur
1940 2316 2215 2386 interpre-
2323 2315 2560 2389 storiunt
2604 2315 2825 2370 litteris.
2874 2314 3013 2389 Cum
3061 2316 3208 2389 enim
3244 2330 3515 2389 exegeses
3557 2314 3818 2389 Nestorii,
3847 2325 3910 2371 et

615 2386 784 2470 tates}
1055 2459 1066 2470 .
1119 2459 1150 2470 Α.
1226 2386 1246 2470 ξ
1480 2456 1501 2470 ﬁ
1565 2459 1597 2470 η
1666 2459 1676 2470 ι
1730 2467 1737 2470 Α
1880 2457 1913 2470 ,Α
2052 2457 2128 2470 η
2159 2457 2171 2467 .
2314 2386 2623 2470 praesertim
2663 2401 2846 2470 sermo
2876 2388 3113 2470 primui
3113 2387 3182 2442 de
3203 2386 3634 2470 virgineo‘partu
3660 2387 3910 2470 venisset

686 2458 929 2527 Tempus
960 2459 1278 2529 scriptionis
1294 2475 1362 2513 ex
1388 2473 1456 2513 eo
1476 2456 1634 2512 facile
1663 2457 2009 2529 intelligitur.
2048 2457 2136 2529 Fit
2159 2457 2212 2510 in
2313 2455 2370 2529 in
2405 2472 2600 2529 manus
2631 2455 3030 2529 monachorum
3047 2455 3638 2529 Egypti,'mentesque
3657 2458 3908 2512 nonnul-

613 2528 734 2600 ipsa
780 2525 1008 2590 mentio,
1054 2525 1110 2584 et
1148 2530 1445 2600 sparsanin
1481 2531 1616 2583 urbe
1647 2525 2112 2600 Cyr-illiepistola:
2142 2529 2212 2582 ad
2312 2527 2494 2600 [orum
2541 2527 2614 2583 ita
2659 2528 3036 2600 pervenisset,
3067 2525 3416 2600 ut'aitdaeter
3437 2525 3772 2600 afﬁrmarent
3798 2541 3910 2600 nee

611 2596 917 2671 monachos
957 2596 1198 2671 Egypti,
1251 2596 1825 2671 indequeexaeerbati
1852 2598 2129 2671 Nestor-ii;
2157 2607 2212 2671 et
2311 2598 2592 2671 Virginem
2633 2596 2755 2671 esse
2793 2599 3101 2668 Deiparam,
3138 2614 3243 2653 nec
3272 2597 3554 2671 Christum
3583 2598 3777 2671 Deum,
3804 2596 3907 2655 sed

612 2670 994 2741 responsionis
1026 2667 1286 2726 a'Photio
1321 2667 1711 2741 ad'epistolam
1734 2670 1896 2724 editae
1927 2669 2205 2741 ;_etlibel-
2310 2667 2640 2741 Dei'tantum
2654 2667 3118 2741 instrumentum,
3144 2676 3240 2722 aut
3277 2668 3556 2723 hominem
3593 2667 3901 2739 Θεοφόρονς

609 2738 786 2796 lorum
821 2742 890 2796 ab
910 2741 1302 2796 Alexandrinis
1332 2740 1827 2795 calumniatoribus
1860 2741 1920 2810 in
1938 2738 2204 2809 Cyrillum
2313 2739 2444 2794 huic
2469 2739 2612 2794 malo
2639 2738 2880 2810 Cyrillus
2911 2748 2972 2793 ut
2993 2747 3330 2806 occurreret,
3359 2753 3670 2795 sermonem
3691 2742 3761 2794 de
3777 2738 3905 2794 'vir-

609 2811 867 2867 Nestorio
899 2822 1323 2883 porrectorum;
1357 2820 1416 2883 et
1437 2812 1615 2883 habiti
1645 2827 1674 2866 a
1709 2809 1964 2883 Nestotjo
1990 2824 2205 2883 sermo-
2311 2811 2474 2883 gineo
2513 2809 2785 2883 partuita
2811 2810 3034 2883 refellit,
3063 2818 3124 2864 ut
3161 2810 3499 2883 ostenderet,
3521 2811 3758 2883 primum
3798 2825 3905 2883 au-

606 2883 714 2946 nis,
741 2880 916 2952 cujus’
937 2883 1156 2937 initium
1184 2893 1306 2937 est:
1339 2881 1848 2948 Contumelias,ctc.
1884 2880 2014 2952 Eam
2039 2881 2204 2951 igitur
2312 2881 2568 2952 etoritate
2614 2881 2896 2936 Athanasii
2935 2881 3280 2952 rationeque,
3324 2880 3602 2952 Virginem
3642 2881 3750 2936 dici
3805 2880 3907 2937 de-

605 2951 828 3022 oportet
876 2963 1001 3023 post
1040 2955 1145 3009 ista
1190 2954 1450 3023 scriptam
1494 2953 1686 3016 fuisse,
1730 2961 1895 3022 atque
1928 2951 2065 3023 adeo
2093 2967 2203 3006 non
2311 2951 2445 3023 bere
2477 2952 2784 3023 Deiparam,
2813 2952 3086 3023 siquidem
3111 2951 3392 3023 Christum
3419 2951 3590 3006 Deum
3622 2951 3901 3022 genuerit;

605 3021 734 3079 ante
775 3021 1022 3079 mensem
1078 3021 1442 3079 Februarium
1492 3039 1621 3077 ann.
1672 3021 1954 3093 430.com
1985 3021 2102 3091 ipsa
2138 3038 2204 3076 eo
2312 3022 2512 3076 deinde
2543 3022 2826 3077 Christum
2855 3021 2979 3078 esse
3017 3021 3188 3093 Deum
3224 3021 3544 3086 conficeret,
3583 3021 3784 3093 partim
3825 3037 3903 3079 ex

602 3107 783 3164 usque
834 3095 1104 3166 perducta
1152 3096 1301 3160 sint;
1340 3096 1451 3148 imo
1482 3110 1606 3148 cum
1640 3092 1786 3148 idem
1817 3102 2203 3173 argumentum
2232 3131 2273 3186 Ε
2311 3093 2562 3174 symbolo
2600 3093 2840 3160 Niemno,
2884 3093 3083 3220 partim
3121 3092 3420 3164 Scriptura:
3451 3092 3803 3162 testimoniis,
3843 3102 3905 3150 et

603 3166 886 3220 contineat
920 3175 1084 3220 atoue
1117 3167 1359 3220 secunda
1409 3164 1598 3220 Cvrilli
1635 3164 1704 3218 ad
1736 3163 2049 3218 Nestorium
2078 3164 2199 3220 θεοί·
2311 3167 2404 3220 Illo
2448 3165 2795 3220 notissimum
2835 3183 2846 3219 :
2915 3165 3113 3219 ’erbum
3155 3181 3281 3218 caro
3315 3163 3513 3220 factum
3546 3171 3622 3219 est
3646 3163 3827 3220 (Joan.
3859 3183 3899 3220 ι.

603 3162 886 3220 contineat
920 3175 1084 3234 atque
1117 3167 1359 3220 secunda
1409 3164 1598 3236 Cyrilli
1635 3164 1704 3218 ad
1722 3162 2049 3236 Nestorium
2078 3164 2199 3235 epi-
2232 3162 2273 3186 υ
2311 3162 2404 3220 illo
2447 3165 2795 3235 potissimum
2835 3183 2846 3219 :
2884 3162 3113 3236 Verbum
3155 3162 3281 3218 caro
3313 3163 3513 3234 factum
3546 3171 3622 3219 est
3646 3163 3827 3234 (Joan.
3859 3183 3899 3231 I,

601 3236 766 3306 stola,
811 3252 915 3291 nec
945 3237 1118 3306 ipsius
1151 3246 1330 3292 tamen
1369 3234 1531 3290 faciat
1565 3234 1922 3296 mentionem,
1956 3249 2082 3288 eum
2119 3234 2198 3289 t'a-
2310 3236 2398 3303 14)
2429 3234 2457 3297 ;“
2479 3243 2594 3288 tum
2621 3235 3066 3290 cavillationibus
3097 3235 3482 3306 haereticorum
3513 3237 3898 3306 responderet,

601 3305 786 3360 ciendi
824 3305 1130 3362 necessitas
1168 3307 1332 3370 foret,
1373 3308 1417 3361 si
1453 3306 1618 3361 modo
1660 3306 1867 3360 veritas
1894 3315 2195 3375 pateretur,
2308 3307 2647 3376 modumque
2683 3317 2986 3376 exponeret
3016 3305 3236 3360 unionis
3259 3306 3502 3361 Verbum
3530 3305 3674 3361 inter
3696 3322 3761 3362 ac
3789 3307 3903 3363 hu-

603 3378 855 3448 oportuit
902 3377 1173 3448 profecto,
1219 3379 1304 3431 vel
1345 3386 1474 3432 ante
1511 3377 1686 3448 ipsam
1728 3377 1919 3440 scribi,
1961 3376 2047 3448 vel
2070 3393 2197 3448 cum
2307 3393 2526 3431 manam
2558 3386 2813 3439 naturam
2847 3395 2862 3444 ;
2895 3378 3113 3432 tandem
3156 3377 3348 3448 multis
3382 3377 3782 3448 quaestionibus
3820 3378 3900 3434 ita

603 3446 722 3516 ipsa
755 3446 1018 3503 secunda.
1058 3448 1223 3518 Atqui
1254 3449 1486 3518 epistola
1509 3446 1823 3518 Nestorium
1854 3447 2070 3500 monuit
2089 3447 2195 3518 Cy-
2306 3448 2674 3511 satisfaceret,
2702 3457 2763 3502 ut
2789 3449 3080 3517 peritiores
3117 3447 3342 3518 quidem
3377 3447 3769 3505 monachorum
3793 3449 3898 3505 ad-

604 3518 762 3589 rillus
786 3520 891 3573 sub
918 3517 1305 3573 initium’anni
1332 3519 1456 3582 450,
1490 3533 1679 3573 mense
1705 3517 1928 3589 Mechir,
1963 3531 2062 3589 seu
2094 3517 2195 3572 Fe-
2305 3534 2501 3573 versus
2530 3518 2914 3573 haereticorum
2945 3518 3187 3588 argutias
3227 3517 3546 3589 instrueret,
3585 3518 3897 3589 simplicio-

601 3587 867 3660 bruario;
904 3589 980 3660 ad
1025 3593 1130 3645 hoc
1167 3590 1334 3660 igitur
1369 3597 1591 3659 tempus
1619 3587 1767 3657 quod
1796 3597 1923 3642 ante
1956 3587 2196 3642 diximus
2305 3604 2396 3644 res
2428 3590 2648 3656 juberet
2673 3589 2743 3642 ab
2770 3587 3130 3660 inquisitione
3163 3589 3454 3660 subtiliore
3478 3587 3792 3660 abstinere,
3814 3590 3893 3647 lo.

599 3659 862 3730 pertinet.
882 3658 1059 3730 Cum.
1195 3658 1206 3660 ἡ
1390 3729 1393 3730 ν
1753 3727 1761 3730 Α
1975 3728 1983 3730 _
2376 3661 2451 3730 (3)
2478 3661 2606 3715 Post
2642 3658 2874 3714 verbum
2927 3659 3204 3714 locutionis
3246 3659 3503 3714 Baluzius
3542 3659 3731 3714 addit:
3759 3659 3896 3718 Dico

701 3728 752 3800 l)
779 3730 844 3801 in
867 3729 1055 3785 Graeco
1078 3739 1228 3785 textu
1253 3745 1358 3801 pro
1383 3729 1585 3801 invidis
1615 3727 1936 3801 nominatur
1959 3728 2192 3801 Anasta-
2304 3727 2481 3784 autem
2516 3746 2789 3800 puerperae
2825 3730 2940 3801 Dei,
2967 3731 3020 3784 id
3049 3739 3144 3792 est,
3177 3738 3285 3784 etc.
3317 3730 3465 3784 Eorr.

597 3797 742 3863 sius,
774 3800 1026 3869 impurus
1048 3801 1138 3854 ille
1188 3797 1496 3870 presbyter,
1533 3799 1771 3853 Nestorii
1804 3799 2097 3871 syneellus,
2138 3810 2195 3871 et
2377 3802 2450 3866 (4)
2481 3797 2735 3855 Baluzius
2777 3800 3043 3865 ediderat,
3092 3802 3183 3855 sed
3228 3801 3480 3871 quoniam
3503 3801 3711 3856 unitum
3738 3807 3892 3861 carui

596 3871 960 3944 consiliorum
977 3869 1272 3944 particeps,
1306 3869 1640 3944 haeresisque
1672 3870 1990 3944 spargendae
2013 3869 2192 3924 admi-
2301 3873 2396 3944 hoc
2437 3871 2661 3944 Verbum
2699 3881 2794 3944 est,
2833 3872 2948 3926 ideo
2975 3887 3037 3926 ea
3059 3887 3219 3944 carne
3241 3869 3556 3944 patientiam
3577 3887 3738 3944 quam
3759 3890 3890 3944 pro-

596 3939 792 4014 nister,
822 3941 916 4011 qui
948 3939 1075 3995 cum
1107 3939 1400 4014 Antiochia
1422 3943 1736 4014 venientem
1759 3941 2073 4014 Nestorium
2095 3956 2190 4014 co-
2301 3943 2417 4014 prio
2446 3943 2557 4014 ejus
2577 3941 2814 4014 videlicet
2841 3959 3058 4013 corpore
3077 3943 3131 3995 in
3150 3957 3207 4014 se
3223 3939 3376 4014 [rape
3385 3939 3597 4014 revoeat‘
3609 3943 3744 4014 inire
3759 3939 3890 4014 pas-

596 4010 1019 4083 mitatusesset,
1046 4013 1276 4082 primus,
1305 4012 1350 4066 si
1375 4028 1481 4080 qua
1508 4011 1645 4065 ﬁdes
1667 4011 1940 4083 historicis
1965 4010 2187 4083 Graecis,
2298 4010 2517 4066 sionem.
2547 4013 2698 4068 Hanc
2723 4010 3015 4068 lectionem
3039 4012 3261 4083 repetiit
3282 4011 3604 4083 Callandius
3627 4013 3682 4066 in
3709 4010 3885 4082 textu;

594 4068 767 4136 a'usus
810 4092 893 4137 est
919 4068 1140 4153 publice
1171 4083 1227 4136 in
1257 4068 1490 4137 ecclesia
1527 4096 1726 4153 negare
1761 4081 1982 4153 beatam
2009 4068 2189 4153 VirgiQ
2301 4084 2358 4153 in
2391 4084 2538 4138 notis
2569 4099 2703 4139 vero
2734 4083 2806 4137 ita
2837 4084 3082 4137 correxit
3103 4068 3132 4153 ἐν
3164 4101 3182 4132 ι
3221 4082 3399 4153 l_.ocus
3423 4082 3719 4138 mendosus
3762 4068 3886 4153 Gr:

594 4096 767 4136 ausus
810 4094 893 4137 est
915 4094 1140 4206 Bubhce
1171 4099 1227 4136 tn
1257 4094 1490 4137 cectesna
1527 4096 1726 4151 negare
1761 4094 1975 4134 neatam
2015 4094 2189 4152 Vll‘gl-

592 4165 721 4234 nem
759 4168 882 4234 esse
959 4154 1231 4234 eiparam,
1263 4154 1378 4234 sive
1413 4154 1467 4207 id
1502 4153 1558 4234 in
1587 4151 1884 4234 collatione
1906 4151 2185 4234 effuderit,

2301 4099 2358 4137 tn
2391 4094 2538 4138 llOllS
2569 4099 2703 4139 vero
2734 4094 2806 4137 Ita
2837 4094 3082 4137 correxn
3115 4101 3126 4135 :
3164 4101 3182 4132 ι
3221 4094 3399 4136 Locus
3423 4094 3719 4138 mendosus
3762 4094 3883 4153 61⁵..

2298 4152 2411 4234 ei?
2443 4154 2768 4234 5}t_e\_lw03‘t;
2796 4156 2852 4204 ὲν
2881 4157 2946 4224 τῇ
2983 4152 3169 4234 σαρκὶ,
3200 4149 3320 4205 εἶτα
3344 4153 3659 4234 πᾳςξχούσηις
3685 4154 3883 4234 uotis,

591 4231 727 4276 testu
765 4222 1159 4293 disputationis
1185 4224 1466 4293 abreptus,
1497 4231 1558 4277 ut
1587 4223 1764 4276 innuit
1791 4222 2044 4277 Socrates
2066 4223 2183 4292 (lih.

2296 4224 2371 4286 ὡς
2397 4223 2489 4276 τοῦ
2531 4224 2662 4278 ἰδίου
2698 4222 3001 4293 πάσχοντος
3030 4222 3305 4293 σίώματίος,
3342 4222 3506 4287 αὐτὸς
3541 4223 3677 4292 πρὸς
3716 4222 3883 4282 αὑέδὺ

593 4307 686 4356 vn,
709 4309 756 4347 c.
777 4292 889 4364 57),
921 4293 1036 4365 sive
1062 4292 1376 4363 scriptama
1402 4294 1653 4365 Nestorio
1670 4293 1950 4365 homiliam
1973 4294 2183 4363 legerit.

2295 4294 2594 4347 οἰκειοῦται
2625 4295 2686 4348 τὸ
2714 4292 2906 4355 πάθος.
2935 4293 3002 4348 At
3036 4293 3162 4363 quia
3189 4292 3413 4346 Verbum
3438 4295 3588 4347 carni
3614 4310 3669 4347 se
3689 4297 3881 4365 univit,

593 4365 739 4432 quod
769 4362 934 4418 tradit
955 4362 1320 4434 Theophanes
1345 4366 1422 4489 (in
1447 4362 1764 4433 Chronolog.
1790 4364 1860 4416 ad
1883 4380 2011 4416 (mn.
2036 4362 2160 4422 ηδ)
2297 4365 2494 4434 factum
2527 4373 2601 4419 est
2635 4375 2692 4418 ut
2729 4367 2843 4435 ipsa
2886 4362 3054 4418 carne
3093 4366 3321 4435 patiente
3363 4372 3619 4434 tanquam
3663 4362 3883 4437 prapr'io

665 4433 784 4488 Dixi
809 4450 964 4489 vero.
986 4435 1158 4489 siaua
1191 4435 1326 4489 tides
1373 4435 1634 4489 iistoricis
1659 4433 1862 4488 Gneeis
1888 4451 1899 4485 :
1929 4449 2053 4487 nam
2078 4434 2182 4489 Cv-
2294 4451 2512 4489 corpore
2553 4438 2850 4489 cruciatum
2884 4436 3154 4489 subeunte.
3197 4435 3368 4489 ipsam
3411 4451 3614 4489 auoaue
3648 4440 3883 4489 corporis

665 4433 784 4505 Dixi
809 4450 964 4497 vero,
986 4435 1032 4489 si
1050 4433 1158 4504 qua
1191 4435 1326 4489 tides
1355 4433 1634 4489 historicis
1659 4433 1862 4505 Gneeis
1888 4451 1899 4485 :
1929 4449 2053 4487 nam
2078 4434 2182 4505 Cy-
2221 4495 2254 4505 _
2294 4451 2512 4505 corpore
2553 4433 2850 4490 cruciatum
2884 4433 3154 4498 subeunte,
3197 4435 3368 4505 ipsam
3411 4433 3614 4504 quoque
3648 4433 3884 4505 corporis

665 4453 784 4488 mxl
809 4453 964 4497 vero,
986 4453 1032 4489 sn
1050 4453 1158 4504 qua
1191 4453 1326 4489 nues
1356 4453 1634 4489 lllStOl'lClS
1659 4453 1862 4488 ιιι-τροις
1888 4453 1899 4485 :
1929 4453 2053 4487 nam
2078 4453 2182 4505 υς-
2294 4453 2512 4505 corpore
2553 4453 2850 4490 cruciatum
2884 4453 3154 4498 subeunte,
3197 4453 3368 4505 ipsam
3411 4453 3614 4504 quoque
3648 4453 3708 4490 co
3809 4454 3856 4492 η

591 4501 760 4576 rillus
788 4506 907 4558 vult
939 4521 967 4558 a
1011 4505 1300 4567 Dorotheo.
1319 4504 1728 4576 Martianopolis
1753 4504 2014 4572 episcopo
2043 4505 2186 4560 hanc
2221 4495 2262 4548 υ
2291 4508 2675 4576 perpessionem
2693 4505 2849 4560 veluti
2875 4507 3149 4576 propriam
3177 4506 3231 4558 in
3254 4520 3309 4558 se
3332 4453 3858 4574 transferrem'gzrr

591 4572 1457 4651 blasphemiampronuntiatam,
1498 4572 1751 4651 Nestorio
1769 4585 2058 4651 praesente,
2082 4592 2185 4630 nec
2291 4572 2301 4576 ⁷
2364 4572 2440 4651 (5)
2464 4576 2658 4651 socius
2686 4572 3035 4651 l‘tiit_ille,_u_t
3054 4575 3321 4651 diximus,
3357 4572 3884 4651 AnaStasiipreshy-

590 4643 960 4714 improbante.
994 4643 1086 4700 Lis
1124 4655 1404 4715 utcunque
1433 4645 1690 4715 componi
1721 4652 1922 4713 potest,
1951 4645 1996 4699 si
2032 4646 2180 4700 Ana-
2290 4643 2429 4711 teri,
2454 4648 2683 4716 quicum
2724 4646 3288 4716 Philadelphiensium
3323 4643 3744 4715 corruptoribus
3780 4643 3879 4703 li'té-

589 4715 792 4771 stasius
825 4716 1041 4771 dicatur
1072 4732 1299 4786 negasse
1341 4717 1553 4786 primus
1593 4717 1866 4784 Virginem
1908 4731 2028 4770 esse
2055 4717 2182 4770 Dei-
2291 4726 2439 4772 teras
2465 4715 2638 4781 dedit,
2699 4733 2937 4787 quarum
2978 4715 3195 4770 mentio
3227 4716 3289 4769 ﬁt
3335 4716 3388 4769 in
3439 4731 3602 4770 causa
3635 4717 3875 4775 Charisii

587 4799 779 4868 param
807 4803 820 4852 ;
849 4789 1065 4868 primus
1092 4787 1382 4868 anathema
1407 4787 1718 4842 Dorotheus
1741 4787 2184 4855 pronuntiaverit
2288 4787 2346 4854 (tt
2374 4796 2516 4868 part.
2555 4805 2698 4841 conc.
2721 4787 2886 4868 _E_p_h.,
2914 4796 3037 4868 act;
3052 4787 3338 4868 6)_.__Quam
3369 4788 3750 4868 vero_scripsit
3781 4805 3875 4868 re:

589 4856 644 4912 in
677 4872 776 4927 eos
807 4859 902 4926 qui
947 4857 999 4911 id
1030 4856 1360 4911 assereren't.
1694 4925 1708 4927 _
1883 4925 1888 4927 _
2284 4856 2637 4926 sponsionem
2670 4858 2737 4911 ad
2763 4856 2966 4912 librum
2997 4856 3184 4927 Cyrilli
3217 4857 3284 4910 ad
3307 4857 3628 4927 monachos,
3643 4856 3740 4921 ea,
3762 4861 3871 4916 nisi

657 4925 983 4999 Anastasius
1017 4943 1184 4996 porro
1231 4928 1321 4981 ille
1358 4934 1447 4999 est
1474 4941 1638 4999 quem
1678 4925 1966 4999 Charisius
1992 4928 2181 4983 retulit
2281 4925 2462 4999 fallor,
2502 4930 2667 4999 periit
2697 4929 2988 4999 absumpta
3005 4925 3260 4999 ﬂammis
3293 4926 3496 4999 quibus
3516 4927 3874 4985 Nestorianos

585 4996 806 5071 dedisse
832 5014 936 5052 una
968 4999 1326 5071 cum_Photio
1354 4997 1541 5071 itidem
1565 4998 1799 5071 Nestorii
1827 4997 2173 5071 administro,
2281 4998 2455 5054 libros
2486 4996 2746 5071 eomburi
2788 4996 2952 5071 jussit
2991 4998 3339 5071 Theodosius
3362 4997 3561 5071 edicto
3607 4999 3685 5069 (nt
3720 5009 3867 5071 part.

585 5070 801 5141 litteras
835 5069 1337 5124 commendatorias
1355 5069 1641 5141 Jacobotet
1661 5069 1899 5141 Antonio
1919 5069 1986 5123 ad
2023 5069 2174 5124 Phil-
2281 5086 2427 5125 conc.
2476 5070 2698 5141 Ephes.,
2723 5067 2913 5139 c.18),
2943 5069 3090 5141 quod
3114 5070 3320 5141 lectum
3344 5067 3564 5141 dieitnri
3582 5067 3871 5126 monachis

583 5139 992 5209 adelphienses,
1028 5151 1090 5193 ut
1129 5155 1226 5193 eos
1255 5143 1323 5194 ab
1346 5137 2174 5204 haeresiQuartadeeimanorum
2280 5141 2368 5194 die
2403 5137 2537 5196 xxni
2566 5137 2913 5201 Pharmuthi,
2951 5137 3252 5194 indictione
3285 5147 3322 5201 t,
3359 5154 3502 5193 anno
3540 5139 3866 5197 Diocletiani

583 5219 914 5292 revocarent
949 5211 1176 5292 (tipart.
1225 5227 1370 5264 conc.
1392 5209 1697 5292 _Epli.,_act_.
1731 5209 1817 5292 6).;
1849 5226 1957 5292 non
1991 5219 2166 5292 tamen
2279 5211 2404 5292 itit,
2554 5223 2844 5292 ἐἰει-ειηηο
2895 5210 3192 5292 Theodosii
3247 5211 3336 5290 tl,
3376 5209 3740 5292 Valentiniani
3769 5209 3863 5271 24.

582 5279 651 5334 nd
702 5279 864 5335 fidem
913 5279 1264 5344 catholicam,
1312 5281 1408 5335 sed
1450 5279 1520 5336 ad
1558 5279 1798 5335 Nestorii
1842 5289 2048 5351 partes,
2092 5281 2174 5336 in-
2274 5279 2481 5337 Christi
2507 5280 2630 5345 M8,
2654 5281 2874 5337 Zenone
2899 5291 2954 5337 et
2987 5279 3382 5335 Posthumiano
3419 5295 3586 5344 coss.,
3619 5280 3709 5336 die
3733 5297 3866 5336 xvm

582 5357 744 5406 cauta
790 5352 1195 5423 subscriptione
1237 5351 1468 5422 symboli
1515 5367 1546 5405 a
1584 5350 1889 5423 Theodoro
1922 5350 2174 5422 Mopsue—
2273 5352 2523 5422 Aprilis:
2561 5368 2875 5422 quanquam
2897 5351 3202 5423 antecegsit
3232 5352 3465 5423 alterum
3504 5351 3747 5423 edictum
3766 5365 3864 5423 ea-

582 5430 742 5492 steno
773 5421 1023 5485 conficti,
1050 5422 1118 5476 de
1149 5421 1480 5492 quo’postea
1507 5422 1696 5492 nobisf
1709 5423 1819 5476 erit
1855 5421 2056 5476 sermo.
2093 5423 2165 5478 lo.
2273 5421 2398 5478 dem
2429 5423 2497 5478 de
2527 5421 2608 5487 re,
2637 5423 2783 5492 quod
2804 5423 2859 5477 in
2881 5421 3082 5492 Codice
3103 5421 3485 5492 Theodosiano
3517 5421 3704 5492 datum
3724 5422 3866 5492 scri-

654 5490 730 5561 (2)
763 5492 1006 5564 Epistola
1025 5490 1214 5563 Cyril‘li
1239 5490 1306 5546 ad
1329 5493 1627 5546 monachos
1646 5491 1862 5563 Egypti
1884 5492 2066 5564 (epist.
2091 5495 2164 5563 l),
2273 5493 2425 5548 bitur
2467 5490 2942 5564 Constantinopoli
2979 5508 3035 5546 ιιι
3061 5492 3245 5546 Nonas
3268 5491 3522 5564 Augusti,
3551 5491 3864 5564 Theodosio

579 5576 703 5631 qua:
740 5561 850 5634 tota
891 5563 1004 5618 fere
1046 5561 1100 5618 in
1135 5564 1387 5633 dogmate
1414 5561 2034 5632 explicando‘v'ersatur,
2056 5561 2169 5633 pri-
2270 5580 2358 5634 xv,
2385 5573 2441 5618 et
2461 5565 2555 5634 qui
2578 5564 2745 5618 fuerit
2775 5561 3082 5626 nuntiatus,
3108 5577 3272 5625 coss.,
3300 5561 3492 5624 id’est,
3529 5577 3675 5617 anno
3695 5561 3860 5618 Chri-

581 5646 704 5687 mus
737 5633 841 5687 fuit
869 5635 1041 5688 sancti
1073 5635 1323 5702 praesulis
1344 5634 1610 5688 adversus
1629 5634 1944 5688 Nestorium
1969 5635 2126 5688 labor
2151 5652 2163 5686 :
2269 5633 2338 5690 sti
2370 5633 2494 5689 455.
2523 5633 2690 5689 GAax.

577 5717 742 5772 quem
771 5720 882 5773 qua
903 5707 1193 5776 occasione
1229 5706 1556 5776 susceperit,
1597 5704 1765 5776 tradit
1796 5704 1912 5774 ipse
1947 5719 2071 5759 eum
2110 5706 2164 5758 in
2274 5775 2279 5776 ί
2341 5705 2417 5776 (6)
2448 5704 2647 5760 Charta
2680 5705 2767 5759 illa
2788 5705 2840 5759 in
2869 5704 3109 5774 speciem
3137 5703 3519 5772 qu‘aternionis
3544 5702 3860 5776 cuititultus

579 5785 732 5846 parte
784 5775 1024 5829 secunda
1069 5775 1232 5843 hujus
1273 5775 1540 5846 cpistoltc,
1591 5775 1820 5844 aliisque
1863 5777 2065 5846 passim
2092 5776 2161 5846 in
2268 5774 2568 5846 inscriptus
2586 5776 3028 5846 eratzAdversus
3055 5791 3141 5828 eos
3171 5777 3259 5846 qui
3288 5774 3857 5846 prapter_coniunc_tio—

580 5843 732 5906 ποεῖς.
773 5851 891 5899 tum
925 5846 1159 5900 maxime
1203 5846 1256 5899 in
1295 5845 1572 5902 prioribus
1614 5843 1923 5899 tnonitoriis
1961 5844 2028 5899 ad
2059 5845 2163 5900 Ne-
2269 5863 2406 5911 nem,
2445 5843 2530 5900 uel
2555 5846 2885 5902 divinitatem
2913 5845 3036 5901 Filii
3063 5843 3404 5910 morti/ibant.
3435 5844 3519 5898 vel
3545 5844 3861 5901 humanita-
