4116 6318
823 321 890 380 75
976 337 980 341 ’
1849 317 1904 374 S.
1944 316 2219 376 CYRILLI
2255 316 2728 376 ALEXANDRINI
2773 318 3094 375 ARCiiiEP.

816 449 1058 510 quantur
1074 440 1122 513 (1
1134 435 1499 510 )sterquilinia
1516 431 2090 490 civitatisChteremon
2102 442 2177 498 ,ct
2193 434 2399 500 Victor,
2433 443 2477 498 Α

815 540 869 585 et
894 529 1231 602 Sophronias,
1254 541 1311 588 et
1331 527 1638 585 decoctoris
1663 525 1874 598 [Belum
1905 527 2030 581 add.
2054 527 2130 600 ct]
2155 528 2395 583 Flaviani

817 625 1181 696 mancipium;
1206 637 1421 694 semper
1437 621 1584 676 enim
1603 629 1659 676 et
1679 621 1825 676 circa
1845 635 1903 676 se
1927 620 2150 675 fuerunt
2193 629 2249 676 et
2267 636 2396 692 erga

815 713 954 768 alios
983 730 1239 785 nequam.
1281 711 1504 768 Noverit
1535 718 1720 765 autem
1763 710 1858 780 qui
1888 725 1985 765 eos
2014 709 2214 776 irritat,
2247 711 2392 782 quod

813 820 916 860 nos
948 822 1228 876 nunquam
1255 803 1670 861 formidavimus
1699 801 2197 874 peregrinationem
2224 804 2395 858 susci-

812 911 944 965 pere
976 895 1186 969 [Baluz.
1221 914 1326 951 om.
1356 895 1681 968 suscipere],
1717 895 1813 950 sed
1847 909 1948 950 nec
1982 894 2201 950 illorum
2225 911 2391 952 accu-

811 987 1115 1043 sationibus
1138 987 1490 1059 respondere,
1524 987 1570 1042 si
1601 996 1818 1058 tempus
1850 987 1956 1042 hoc
1983 988 2182 1058 exigat.
2207 987 2393 1044 Potest

810 1080 957 1136 enim
999 1082 1252 1146 evenire,
1301 1079 1598 1136 Salvatoris
1634 1079 1815 1134 nostri
1849 1061 2269 1149 dispensatione
2308 1079 2390 1136 fa-

809 1172 1008 1238 ciente,
1040 1172 1110 1227 ob
1141 1172 1289 1228 leves
1319 1171 1458 1227 forte
1484 1172 1652 1226 etiam
1680 1182 1736 1227 et
1762 1171 2055 1228 vilissimas
2085 1187 2297 1239 causas,
2323 1173 2391 1228 ad

807 1263 1139 1334 purgandam
1171 1264 1474 1319 Ecclesiam
1531 1262 1711 1335 juberi
1745 1263 2040 1319 concilium
2077 1264 2388 1320 oonvocari.

879 1356 964 1410 15.
993 1355 1112 1411 Νοη
1140 1356 1306 1428 igitur
1331 1363 1516 1427 speret
1539 1354 1709 1410 miser
1730 1354 1822 1410 ille
1857 1353 2191 1428 [Balua.om.
2223 1355 2391 1412 miser

804 1449 939 1524 ille],
971 1451 1188 1506 etiamsi
1215 1450 1396 1506 adhuc
1431 1464 1531 1505 nos
1562 1449 1753 1520 plures
1781 1457 1839 1504 et
1862 1447 1970 1505 fide
1992 1449 2268 1521 digniores
2295 1464 2388 1505 ac-

803 1551 1019 1608 cusent,
1051 1559 1110 1598 se
1143 1550 1397 1598 nostrum
1423 1527 1661 1615 iudicem
1699 1539 1844 1607 fore;
1867 1541 2022 1612 quia,
2055 1540 2271 1596 etiamsi
2295 1542 2387 1613 ju-

803 1633 999 1689 beatur
1028 1633 1096 1688 ad
1130 1633 1284 1688 illum
1316 1648 1417 1689 nos
1443 1632 1631 1688 venire
1661 1630 1886 1696 debere,
1921 1630 2282 1687 refutabimus
2309 1630 2386 1703 (2)

801 1727 1135 1782 audientiam
1182 1725 1391 1799 [Baluz.
1420 1728 1544 1782 add.
1574 1727 1661 1783 vel
1688 1724 1982 1798 judicium]
2011 1726 2152 1797 ejus,
2194 1733 2252 1780 et
2286 1726 2385 1781 Dei

2580 434 2666 490 15.
2692 432 2834 501 Quia
2863 450 2994 491 vero
3029 445 3286 492 causatur
3337 438 3652 496 locutionem
3681 440 3916 500 inconsueu

2499 525 2753 597 ﬂagitari,
2786 527 2882 582 Dei
2913 527 3234 599 genitricem
3261 529 3473 603 [Balnea
3505 533 3818 606 puerperam],
3847 536 3916 590 id.

2497 617 2786 682 Θεοτόκον,
2816 619 3096 691 Virginem
3135 630 3410 688 sanctam,
3440 638 3598 694 quam
3624 640 3709 681 nec
3731 624 3916 698 Scriptul

2498 724 2676 779 neque
2709 719 2892 764 sancta
2929 709 3172 782 synodus
3203 711 3462 782 protulit;
3494 711 3568 784 (4)
3595 713 3717 771 dicat
3738 716 3868 772 nobis
3892 717 3916 788 ἰ]

2497 798 2882 871 interrogatus,
2917 800 3009 854 ubi
3043 800 3366 871 genitricem
3389 801 3607 869 Christi,
3629 803 3676 858 id
3696 813 3782 870 est,
3801 807 3916 878 Χρισ

2494 891 2654 944 τόκον
2680 890 2964 962 Scriptura
2987 890 3278 962 loquatut‘?
3301 893 3385 948 An
3416 894 3584 949 ullum
3601 894 3858 965 episcopale
3879 911 3916 950 Ct

2493 981 2683 1038 cilium
2713 995 2816 1048 est,
2847 985 2993 1056 quod
3024 984 3299 1056 Θεοδόχον,
3329 985 3387 1040 id
3427 995 3532 1052 est,
3554 987 3897 1057 .susceptricem

2493 1089 2748 1144 capacem
2775 1076 2994 1156 deitatis
3015 1076 3271 1143 formam,
3296 1078 3650 1135 nominaverit
3670 1079 3904 1136 Christum

2566 1169 2652 1224 16.
2686 1169 2761 1243 (5)
2789 1170 2851 1226 ιιι
2875 1164 2969 1225 illo
2995 1170 3144 1226 enim
3167 1171 3550 1241 quaternione,
3577 1186 3718 1242 quem
3738 1171 3832 1228 huc
3851 1173 3915 1228 mi

2491 1276 2702 1332 nosque
2733 1263 3091 1319 vehementer
3123 1261 3386 1330 offendit,
3420 1263 3496 1319 ita
3521 1273 3631 1331 est,
3666 1263 3750 1336 τὴν
3783 1264 3916 1320 Θεοδό

2489 1353 2568 1425 τῷ
2587 1352 2706 1426 Θεῷ
2725 1354 2883 1426 Λόγῳ
2903 1343 3345 1426 συνθεολογῶιῖιν
3373 1356 3605 1428 μορφήν,
3630 1356 3786 1425 idest,
3804 1372 3915 1413 suso

2490 1443 2682 1498 tricem
2724 1444 2823 1500 Dei
2888 1445 3120 1502 formam
3159 1463 3270 1502 una
3311 1462 3375 1502 ac
3406 1447 3557 1519 pari,
3587 1464 3681 1520 qua
3706 1449 3856 1505 Deum
3882 1449 3916 1505 ν

2490 1535 2642 1602 bum,
2673 1535 2896 1592 deitatis
2925 1539 3529 1605 ratione,veneremur.
3562 1538 3814 1605 Similiter,
3843 1539 3901 1595 de

2489 1643 2708 1700 quoque
2741 1629 3044 1685 venerabili
3091 1645 3313 1702 semper
3341 1631 3564 1704 Virgine
3591 1631 3658 1687 ita
3686 1633 3882 1706 posuit;
3911 1635 3916 1654 '

2487 1720 2744 1793 Oeobbxov
2794 1707 3070 1794 Παρθένον
3101 1723 3179 1794 τῷ
3225 1723 3346 1794 Θεῷ
3393 1724 3468 1796 μὴ
3497 1723 3916 1795 συνθεθλογῶμιεν1

801 1816 987 1874 favore
1022 1797 1449 1874 dilucidabimus
1488 1834 1579 1874 res
1617 1797 1809 1891 magis,
1852 1797 2124 1889 quatenus
2163 1817 2232 1873 de
2251 1813 2385 1872 'suis
2415 1797 2458 1854 Β
2486 1821 2591 1880 est,
2619 1814 3013 1886 susceptricem
3045 1814 3270 1871 deitatis
3289 1815 3567 1888 Virginem
3595 1832 3708 1874 cum
3733 1816 3834 1873 Deo
3852 1817 3915 1874 ad

800 1908 1155 1980 blaSphemiis
1184 1907 1383 1964 debeat
1407 1907 1741 1965 satisfacere.

871 2001 958 2055 14.
994 2000 1185 2071 Neque
1228 2001 1394 2072 igitur
1431 2015 1619 2071 pacem
1659 1999 1982 2071 refugimus,
2007 1999 2103 2055 sed
2131 2007 2188 2055 et
2225 1995 2383 2070 cupi-

801 2107 942 2155 mus,
969 2089 1016 2146 si
1052 2090 1186 2146 tides
1215 2099 1365 2146 recta
1387 2089 1558 2146 fuerit
1581 2090 1903 2146 annuntiata
1926 2098 2092 2161 atque
2115 2091 2381 2161 professa,

797 2183 882 2238 vel
905 2181 952 2238 si
981 2182 1108 2238 talia
1131 2191 1311 2238 cesset
1335 2182 1554 2238 tandem
1577 2181 1872 2252 aliquando
1891 2181 2214 2252 praedicare.
2243 2182 2384 2237 Tan-

800 2281 908 2326 tam
930 2273 1078 2328 enim
1097 2272 1512 2343 perversitatem
1537 2271 1627 2326 ille
1644 2273 1764 2343 ejus
1779 2272 2069 2343 quaternio
2088 2273 2162 2344 (5)
2187 2273 2374 2340 habet,

798 2374 855 2420 η’
883 2365 1081 2421 merito
1106 2366 1175 2420 de
1215 2365 1300 2420 his
1326 2366 1419 2436 qui
1459 2365 1800 2436 scripserunt
1827 2365 2044 2423 dicatur
2066 2367 2192 2437 quia
2221 2367 2375 2439 prin-

796 2460 855 2512 ‹·ῑ.
872 2468 1033 2513 ~atum
1064 2458 1118 2512 in
1145 2457 1502 2530 blasphemiis
1526 2466 1730 2513 tenent.

795 2641 992 2715 detulit
1018 2642 1205 2715 ;_ttiidc
1249 2642 1353 2698 fuit
1393 2643 1692 2700 necessitas
1720 2643 1972 2715 imposita
2001 2653 2191 2699 sancto
2231 2661 2372 2715 prae-

794 2713 900 2767 suli
927 2713 1234 2769 scribendae
1260 2715 1327 2768 ad
1355 2715 1722 2770 Theodosium
1759 2713 2114 2769 defensionis.
2145 2713 2376 2771 Nestorii

791 2783 1598 2866 dgqmatunrpropugnatores,
1663 2785 1843 2854 inquit
1903 2785 1980 2866 (in
2040 2786 2369 2866 part.‘Cenc.

791 2852 985 2925 Ephes.
1013 2869 1063 2907 c.
1096 2852 1203 2920 i3),
1233 2852 1441 2910 inuidia:
1465 2856 1670 2925 odiique
1692 2852 1875 2910 arcum
1896 2852 1950 2909 in
1978 2852 2056 2909 me
2082 2859 2370 2924 tendentes,

791 2923 1193 2995 impotentisque
1215 2927 1437 2980 insaniat
1469 2923 1593 2981 sua:-
1615 2943 1773 2980 ausus
1802 2926 1962 2980 variis
1991 2926 2155 2980 modis
2183 2923 2369 2982 advel?

788 3010 906 3047 sum
951 3011 1032 3049 me
1062 2997 1454 3068 concinnantes,
1486 2999 1623 3050 uiros
1668 2997 1943 3068 quosdam,
1983 3013 2205 3067 quorum
2245 2999 2369 3068 deus

2485 1907 2615 1962 vina
2643 1923 2754 1962 non
2787 1908 3120 1963 attollamus.

2559 2000 2646 2054 17.
2679 1999 2866 2056 Nescit
2895 2015 3026 2055 vero
3059 1999 3191 2071 quid
3223 2000 3500 2072 loquatur.
3536 2000 3592 2057 Si
3617 2003 3750 2058 enim
3771 2003 3916 2074 Virgo

2486 2097 2625 2161 vult,
2667 2112 2779 2151 non
2826 2097 3043 2167 peperit
3082 2097 3276 2163 Deum,
3309 2113 3412 2153 nec
3449 2104 3534 2154 est
3573 2097 3832 2163 Θεοτόκος,
3864 2114 3916 2154 ηε

2485 2189 2766 2260 suscipere
2799 2189 2976 2260 potuit
3008 2189 3182 2244 Deum
3225 2189 3280 2244 in
3320 2199 3500 2254 utero,
3529 2190 3620 2261 qui
3649 2199 3730 2245 est
3763 2189 3912 2246 Chris

2483 2281 2759 2352 quomodo
2785 2281 2978 2336 saltem
2999 2282 3256 2353 Θεοδόχος
3278 2292 3384 2348 est,
3415 2282 3490 2354 (6)
3519 2292 3578 2338 ut
3600 2283 3696 2354 ipsi
3723 2283 3904 2338 iterum

2484 2375 2616 2429 cet?
2842 2427 2844 2429 .

2562 2464 2645 2520 18.
2670 2466 2746 2537 (7)
2764 2465 2906 2534 Quid
2935 2468 2990 2524 in
3007 2467 3171 2524 dictis
3187 2468 3304 2525 suis
3319 2469 3535 2526 Patrem
3551 2467 3799 2524 Θεοτόκον
3815 2469 3916 2526 dici

2483 2651 2887 2779 ciliorumgag.
2915 2654 3071 2735 1154.
3103 2654 3414 2711 Alexander
3439 2655 3725 2738 episcopus
3749 2656 3916 2738 Hiera]

2483 2731 2644 2778 tanus
2679 2742 2747 2779 ur
2813 2724 3046 2779 vnodtco
3071 2725 3339 2779 adversus
3367 2726 3686 2779 traamdtam
3712 2726 3898 2779 lrenan

2483 2731 2644 2796 [anus
2679 2725 2747 2796 in-
2773 2724 3046 2796 Synodico
3071 2725 3339 2781 adversus
3367 2724 3686 2796 tragmdiain
3712 2726 3898 2782 lrenaei

2480 2791 2535 2856 6,
2565 2809 2687 2919 pag.
2714 2791 2836 2850 694'.
2867 2795 3097 2876 Exstant
3114 2809 3290 2919 porro
3311 2796 3418 2851 alia
3446 2791 3704 2867 excerpta
3734 2797 3916 2878 Nestor

2480 2865 2636 2919 conci
2663 2865 2716 2919 io
2736 2865 3091 2919 LateranenSI
3167 2867 3332 2919 artini
3354 2882 3508 2919 naua:
3522 2876 3578 2919 et
3601 2868 3655 2919 in
3674 2867 3823 2919 Actis
3841 2884 3916 2919 cm

2478 2865 2716 2990 conlcililg
2736 2865 3091 2922 Lateranensi
3114 2865 3332 2921 Martini
3354 2882 3508 2937 papa:
3522 2876 3578 2923 et
3601 2865 3655 2922 in
3674 2867 3823 2922 Actis
3841 2884 3916 2923 con

2478 2947 2572 2988 sex
2602 2951 2638 2988 ι.
2714 2952 2862 2990 Αιυῑ.

2477 2942 2638 2988 sexti.
2669 2942 2862 2991 Bawz.

2550 3003 2627 3075 (5)
2673 3005 2792 3076 lpse
2832 3014 2918 3062 est
2954 3015 3183 3075 quartus
3221 3022 3402 3063 sermo
3444 3015 3732 3064 adversum
3769 3008 3916 3064 Procl

790 3074 968 3157 ξερτιιεῡ·
1003 3074 1098 3157 est,
1135 3075 1186 3157 et
1222 3065 1483 3157 plp'r‘ilaqin
1515 3063 1818 3157 confus‘ipne
1845 3063 2044 3157 eorum;
2077 3069 2210 3120 sicut
2246 3067 2370 3157 bea:
2399 3063 2440 3120 C
2475 3063 2641 3157 quem
2668 3063 3257 3157 specielqua'terpionis
3277 3078 3521 3157 oblatum
3547 3063 3781 3157 diacono
3800 3094 3903 3157 suo

792 3143 875 3188 tus
903 3135 1101 3189 Paulus
1128 3135 1250 3190 dicit
1280 3137 1538 3208 (Philipp.
1570 3135 1648 3200 ui,
1685 3136 1795 3206 19),
1827 3137 2060 3190 mercede
2088 3149 2368 3208 pararunt,

792 3212 841 3278 et
870 3217 1199 3278 accusatores
1225 3208 1578 3272 adornarunt,
1605 3225 1665 3261 ac
1703 3217 1758 3260 ut
1796 3216 1965 3261 vestro
2003 3209 2222 3278 imperio
2259 3227 2371 3263 mo-

793 3275 956 3348 lestia?
965 3277 1091 3341 sint,
1111 3287 1158 3331 et
1175 3278 1381 3348 quidem
1395 3278 1713 3348 frequenter,
1727 3286 2064 3341 curaverunt,
2079 3275 2184 3334 etc.
2199 3277 2369 3337 (ΞΛΜ.

869 3347 945 3420 (1)
965 3348 1171 3420 Eorum
1188 3347 1432 3402 nefanda
1457 3347 1687 3404 crimina
1716 3350 1887 3420 paulo
1904 3359 2030 3403 ante
2054 3365 2124 3403 ex
2144 3351 2371 3420 epistola

789 3415 977 3487 Cyrilli
1006 3418 1074 3472 ad
1113 3418 1424 3473 Nestorium
1466 3420 1637 3474 relata
1672 3415 1818 3474 sunt.
1850 3419 1976 3473 Fuit
2014 3415 2193 3474 tamen
2221 3436 2250 3474 a
2277 3437 2370 3475 ca-

790 3486 1185 3542 lumniatorum
1226 3504 1457 3544 numero
1500 3490 1822 3545 eximendus
1866 3491 1952 3543 vir
1994 3491 2372 3548 sanctissimus

797 3557 997 3632 Victor,
1032 3560 1190 3632 cujus
1230 3560 1533 3630 apologiam
1566 3560 1910 3632 postmodum
1945 3561 2165 3632 scripsit
2192 3561 2370 3632 Cyril-

788 3627 877 3681 lns
899 3627 1016 3698 ipse
1038 3627 1109 3683 ad
1131 3627 1513 3699 imperatorem
1541 3627 1616 3700 (in
1641 3637 1780 3700 part.
1808 3630 1965 3685 Conc.
1996 3627 2155 3700 Eph,
2181 3627 2365 3756 ολδ).

788 3697 1056 3756 Expertus
1083 3707 1158 3753 est
1182 3717 1403 3756 mecum.
1432 3701 1630 3756 inquit.
1654 3699 1937 3756 infrenant:
1969 3700 2162 3756 (inqua:
2191 3701 2308 3756 ἰαί-ιι
2336 3721 2365 3756 α

788 3697 1061 3771 Expertus
1083 3707 1158 3753 est
1182 3697 1403 3760 mecum,
1432 3697 1937 3771 inquitfinfrenalte
1969 3697 2162 3771 lingua:
2181 3697 2368 3771 jacula

789 3770 951 3841 etiam
987 3769 1201 3825 dilectus
1233 3769 1723 3825 solituriusi’ictor.
1760 3769 2078 3841 Sparserant
2129 3769 2264 3825 enim
2307 3775 2370 3827 de

789 3838 884 3892 illo
908 3841 1260 3914 quidam,qui
1285 3843 1492 3914 mentiri
1518 3838 1916 3906 consueverunt,
1943 3842 2079 3912 quod
2105 3842 2145 3895 is
2169 3860 2370 3914 quoque

790 3919 982 3982 contra
1004 3928 1082 3964 me
1113 3913 1340 3967 absurda
1382 3914 1624 3982 (maniam
1666 3920 1892 3982 nugatus
1929 3922 2081 3976 esset,
2120 3922 2178 3965 ut
2212 3913 2366 3968 etiam

789 3997 908 4054 cum
938 3980 1199 4054 Ephesum
1225 3983 1292 4036 ad
1316 3980 1402 4036 me
1423 3980 1660 4045 venisset,
1691 3980 1933 4036 nonnulli
1959 3998 2020 4037 ex
2041 3993 2224 4037 sancta
2248 4002 2369 4054 syn-

789 4053 888 4103 odo
916 4053 1223 4123 plurimum
1274 4055 1446 4123 ipsum
1515 4064 1824 4107 accusarent
1865 4070 1882 4107 :
1919 4056 2023 4108 imo
2071 4070 2192 4108 vero
2247 4059 2368 4109 uni-

787 4122 943 4184 versi,
977 4121 1135 4176 relati
1161 4121 1321 4178 unum
1344 4140 1407 4178 ea:
1437 4125 1715 4194 impiorum
1753 4141 1968 4178 numero
2000 4127 2191 4195 perosi,
2217 4125 2369 4180 illum

790 4195 1184 4266 aversatistmt,
1222 4196 1661 4266 perstiteruntque
1697 4196 2018 4265 parricidam
2050 4207 2095 4248 et
2133 4197 2366 4266 fratrici-

789 4262 1166 4348 dampliisqne
1189 4262 1445 4348 ejusmodi
1469 4262 1763 4348 nominibus
1795 4265 2084 4348 appellare.
2111 4262 2244 4348 Cum
2271 4286 2368 4321 au-

791 4340 892 4385 tem
919 4332 1006 4385 ille.
1035 4332 1192 4387 senex
1212 4332 1311 4389 hoc
1337 4335 1695 4397 intellexisset,
1724 4332 1901 4389 multis
1929 4338 2212 4390 admodum
2237 4355 2364 4392 san-

2477 3142 2558 3198 bit
2585 3142 2824 3220 Cvr-illus
2849 3142 3025 3216 (num.
3059 3149 3092 3220 '5
3125 3147 3289 3220 hujus
3319 3149 3529 3220 epist.),
3555 3150 3761 3220 quique
3799 3150 3853 3204 in
3877 3149 3916 3204 G

2475 3215 2835 3290 veredicitur
2850 3215 3127 3287 quaternio
3153 3215 3597 3290 blasphemiarum
3627 3215 3916 3277 Nestorii.(

2551 3286 2644 3362 (4)Δ
2666 3286 2868 3362 Mirum
2890 3297 3177 3362 quantum
3194 3286 3312 3344 huic
3339 3299 3401 3362 et
3417 3291 3523 3362 alia
3547 3305 3673 3362 qua;
3699 3307 3915 3362 sequun

2475 3354 2678 3430 Cinneis
2692 3354 3045 3430 discrepant;
3085 3358 3178 3414 sed
3216 3361 3406 3430 procul
3437 3354 3609 3416 dubio
3639 3354 3830 3418 Gratia
3865 3362 3916 3416 vi

2473 3426 2610 3501 lum,
2629 3429 2820 3501 saltem
2843 3426 3022 3494 initio,
3043 3426 3251 3485 faciunt
3272 3431 3614 3501 probabilem
3638 3447 3888 3488 sensum.
3910 3444 3916 3480 ι

2474 3496 2747 3574 interpres
2769 3500 3079 3574 Romanus,
3095 3501 3198 3574 etsi
3221 3496 3381 3574 valde
3406 3511 3728 3574 conaretur,
3753 3518 3869 3559 non
3893 3520 3916 3574 ι

2472 3569 2608 3643 satis
2641 3569 2772 3624 huic
2799 3569 2934 3624 vitio
2957 3571 3189 3626 mederi.
3221 3571 3403 3643 Longe
3438 3572 3674 3628 clariora
3701 3583 3836 3629 sunt
3857 3569 3916 3629 et

2472 3638 2599 3709 quis
2626 3643 3046 3695 consonantiora
3074 3656 3196 3710 qum
3222 3638 3492 3697 Mercator
3517 3643 3710 3698 habet.
3750 3644 3832 3700 in.

2547 3709 2624 3780 (5)
2658 3710 2915 3783 intelligit
2957 3709 3195 3783 Nestorii
3233 3727 3545 3768 sermonem
3581 3714 3834 3783 primum
3878 3714 3911 3769 d

2472 3781 2811 3856 carnatione,
2846 3797 2941 3835 seu
2970 3781 3037 3856 de
3064 3782 3519 3856 virgineopartu,
3547 3781 3604 3856 in
3636 3801 3753 3856 quo
3779 3797 3915 3840 cont,

2472 3791 2811 3844 carnatlone,
2846 3797 2941 3835 seu
2970 3791 3037 3836 de
3064 3791 3311 3854 virgineo
3410 3792 3519 3849 rtu,
3547 3791 3604 3838 in
3636 3801 3753 3856 quo
3779 3797 3915 3840 cont,

2472 3860 2564 3926 tur
2590 3850 2707 3905 haec
2736 3851 3044 3926 ipsa‘verba
3069 3852 3244 3922 (num.
3272 3791 3403 3924 ηῗῗ
3420 3853 3536 3926 ῘΙξὴν
3555 3854 3828 3923 Θεοδόχωι
3856 3857 3916 3926 τᾷ

2469 3921 2629 4006 {ib-vti)
2662 3921 3098 3992 συνθεολογῶμεν
3131 3921 3367 4006 μορφήν,
3417 3924 3471 4006 ig
3491 3921 3910 4006 'est,_.su_scept

2470 3991 2568 4066 Dei
2599 3992 2828 4066 formam
2862 4007 2972 4047 una
3004 3991 3070 4048 ac
3103 3991 3260 4063 pari,
3289 3991 3397 4066 qua
3426 3995 3602 4051 Deum
3633 3991 3916 4060 Verbum,

2471 4063 2599 4116 tatis
2631 4063 2841 4118 ratione
2872 4079 3220 4120 veneremur.

2540 4134 2660 4207 Non
2688 4133 3045 4207 mediocriter
3067 4136 3170 4207 ista
3192 4137 3387 4207 juvant
3413 4138 3784 4203 sententiam,
3825 4140 3916 4194 1104

2472 4203 2761 4268 solentem,
2813 4205 3054 4260 auctoris
3094 4203 3498 4270 Prtédestinati,
3533 4209 3693 4264 hunc
3743 4211 3803 4264 in
3859 4228 3916 4265 ιη

2473 4275 2746 4348 narrantis
2784 4275 3080 4348 rcsordium
3110 4279 3235 4348 nati
3272 4278 3537 4348 Cyrillum
3587 4279 3748 4334 inter
3785 4291 3846 4336 ct
3893 4284 3916 4336 1‘

2473 4346 2616 4421 rium
2646 4346 2875 4421 _dis_s_idii
2906 4346 3122 4421 (haeresi
3165 4348 3253 4421 89)
3284 4346 3742 4421 :jOctogesimam
3796 4362 3850 4405 et
3895 4371 3915 4405 r

789 4405 882 4492 ι’·τὶδ
918 4405 1163 4492 episcopis
1199 4407 1371 4475 ipsum
1405 4407 1891 4468 circumstantibus,
1928 4407 2147 4461 sublatis
2183 4409 2233 4460 in
2263 4425 2364 4483 cae-
2400 4407 2442 4462 D
2471 4417 2711 4492 haeresim
2737 4405 3008 4492 Nestorins
3046 4405 3584 4492 Consla'ntinopoiites
3627 4423 3916 4492 episcopus

792 4423 882 4456 rus
918 4423 1163 4528 (7)1800an
1199 4423 1371 4475 ipsum
1405 4423 1891 4468 circumstantibus,
1928 4423 2147 4461 ,ςιιυιαιιε
2183 4425 2233 4460 m
2263 4425 2364 4483 ζιε-

792 4476 900 4546 lum
925 4477 1074 4546 mani
1111 4492 1189 4537 us,
1225 4486 1415 4545 prwtcr
1449 4494 1644 4531 morem
1672 4493 1827 4530 suum
1858 4494 1950 4546 per
1973 4489 2368 4533 sacrosanctum

788 4543 1069 4629 baptismq,
1097 4555 1144 4598 et
1187 4543 1486 4629 veneranda
1513 4547 1713 4628 'Cltristi
1748 4543 2016 4629 mysteria,
2047 4549 2367 4629 nullius/io—

788 4629 920 4690 rum
945 4615 1328 4690 scelerumsibi
1355 4619 1614 4671 conscium
1650 4634 1758 4671 esse
1782 4615 2017 4690 iuravit;
2055 4636 2116 4673 ac
2147 4619 2369 4690 denique

785 4688 1103 4759 offensorum
1127 4688 1329 4742 animos
1358 4704 1496 4758 (egre
1518 4704 1609 4758 ego
1637 4699 1685 4743 et
1712 4689 1820 4759 ipse
1845 4689 2004 4744 simul
2031 4691 2127 4745 hac
2165 4688 2368 4746 ratiune

786 4759 1004 4826 placare
1029 4759 1308 4826 potuimus.

857 4824 1013 4881 Circa
1030 4824 1142 4881 ‘hos
1170 4828 1419 4882 homines
1441 4845 1546 4883 non
1575 4830 1708 4884 satis
1731 4829 1833 4883 sibi
1856 4840 2071 4885 constat
2095 4830 2363 4887 Christiav

787 4910 892 4949 nus
918 4897 1102 4971 Lupus
1122 4899 1256 4966 {eos
1283 4899 1426 4952 enim
1463 4899 1589 4956 facit
1619 4900 1780 4971 modo
1807 4900 2364 4971 Constantinopolita-

785 4981 889 5044 nos
917 4968 1289 5044 presbyteros,
1314 4985 1436 5023 cum
1456 4970 1666 5044 _P_hotio
1691 4971 1937 5044 adjungit
1964 4968 2227 5044 adversus
2258 4973 2363 5044 Cy-

785 5035 1009 5112 rillum;
1039 5035 1646 5112 niodorAlexandrinos,
1680 5035 1802 5096 cuin
1831 5035 2043 5111 objecta
2075 5042 2208 5112 ipsis
2236 5035 2364 5100 vei'e

785 5122 815 5185 ξι
846 5104 1300 5185 (ςμίιιολρτὶιηὶηίὶ
1354 5111 1589 5185 credidit
1627 5112 1774 5182 ipsos
1799 5104 1980 5185 potius
2019 5104 2220 5185 Cyrillo
2261 5116 2362 5168 ob-

780 5177 996 5246 jecisse.
1027 5178 1156 5246 Qua:
1179 5195 1342 5250 porro
1367 5181 1532 5234 fuerit
1552 5177 1714 5236 causa
1736 5177 2079 5239 credulitatis
2105 5193 2209 5237 tam
2232 5187 2363 5239 alie-

785 5263 869 5324 nae
895 5263 925 5302 a
951 5264 1103 5312 vero,
1129 5251 1231 5324 etsi
1273 5253 1579 5324 communis
1620 5253 1770 5324 Lupo
1806 5269 1934 5324 cum
1975 5254 2098 5310 aliis
2129 5255 2363 5324 quibus-

784 5317 932 5379 dam.
952 5333 1059 5372 non
1081 5322 1254 5390 potui,
1280 5323 1381 5376 etsi
1407 5322 1499 5376 ditt
1525 5317 1897 5391 cogitaverim,
1918 5317 2165 5379 divinare
2197 5345 2208 5378 :
2233 5338 2361 5382 sunt

783 5391 930 5467 enim
970 5398 1158 5467 aperta
1179 5392 1248 5467 _in
1279 5393 1614 5448 contrarium
1645 5392 1830 5463 Cyrilli
1871 5395 2038 5450 verba
2089 5396 2281 5467 (Epist.
2327 5397 2363 5448 2

787 5461 856 5512 ad
880 5458 1136 5528 Nestor)
1179 5461 1252 5516 lo.

858 5530 937 5600 (:2)
967 5529 1344 5600 Refutabimns.
1377 5533 1429 5586 id
1462 5541 1544 5588 est
1577 5534 1969 5590 recusabimus.
2009 5536 2098 5590 Sic
2132 5537 2186 5590 in
2225 5553 2326 5592 con

784 5599 873 5653 cil.
905 5599 1363 5676 Chalcedonensi,
1398 5620 1495 5676 pro
1529 5618 1594 5676 eo
1623 5605 1766 5676 quod
1804 5616 1959 5676 vetus
1984 5607 2256 5676 interpres
2280 5609 2360 5661 lo—

781 5684 958 5747 quens
1001 5669 1264 5747 de_ca_usa
1307 5669 1548 5747 flaviani
1588 5669 1827 5747 episcopi
1857 5669 2358 5747 Constantinopoli-

785 5739 892 5813 t_an_i
941 5742 1122 5810 posuit
1148 5743 1367 5813 Appello
1413 5762 1443 5797 a
1488 5752 1554 5807 te,
1588 5739 1847 5801 Rusticus
1890 5747 2152 5805 diaconus
2192 5739 2359 5805 v'ertit

780 5809 968 5878 nemo
993 5819 1059 5877 te,
1085 5813 1161 5869 uti
1188 5809 1506 5869 annotatum
1530 5822 1612 5873 est
1636 5814 1689 5869 in
1715 5830 1852 5872 nova
1878 5819 2198 5876 collectione
2216 5819 2356 5876 Con-

2477 4493 2565 4538 tur
2591 4488 2894 4541 incurrisse.
2927 4487 3253 4563 Consuetudo
3283 4498 3357 4543 est
3393 4487 3626 4563 namque
3661 4487 3735 4545 ἰιι
3773 4487 3916 4548 unm

2472 4564 2672 4610 clatum
2700 4575 2851 4630 suum
2884 4559 3152 4630 episcopus
3176 4559 3571 4616 Alexandrinus
3614 4565 3813 4618 mittat
3848 4581 3916 4618 aa

2469 4627 2890 4702 stantinopolim,
2925 4630 3013 4702 qui
3051 4627 3294 4702 recitetur
3333 4632 3386 4702 in
3430 4631 3664 4697 Pascha,
3705 4644 3760 4688 et
3798 4646 3916 4689 ινα(

2468 4715 2624 4772 suum
2665 4699 3222 4772 Constantingpolites,
3269 4699 3366 4772 qui
3401 4702 3768 4760 Alexandria:
3821 4723 3916 4759 rec

2467 4767 2532 4843 in
2575 4777 2806 4843 tractatu
2838 4785 2931 4821 suo
2959 4767 3490 4843 Constantinopolites
3516 4774 3824 4830 Nestorius
3863 4794 3916 4830 sc

2467 4838 2699 4915 Mariam
2731 4857 2833 4892 non
2861 4856 2972 4915 esse
3004 4841 3284 4915 Θεοτόκον,
3305 4838 3402 4897 sed
3449 4842 3876 4915 Xpto'cordxov,
3907 4865 3916 4900 1

2469 4925 2576 4962 non
2613 4909 2778 4980 Deum
2798 4912 3074 4980 peperisse,
3100 4914 3191 4965 sed
3213 4909 3575 4970 hominem-Si
3603 4917 3768 4970 enim
3795 4918 3916 4972 dixi

2468 4979 2796 5102 quia'lDeum
2839 4979 3039 5050 genuit,
3076 4983 3298 5053 facimus
3351 4993 3576 5039 matrem
3629 4987 3916 5052 deorum,

2468 5059 2612 5102 aenti
2637 5067 2710 5102 es.

2465 5051 2710 5119 gentiles.

2535 5118 2775 5175 Observa
2801 5121 2942 5177 hanc
2963 5138 3175 5187 vocem,
3203 5124 3256 5178 in
3288 5123 3509 5189 Pascha,
3535 5141 3660 5180 non
3693 5127 3783 5182 ita
3814 5143 3916 5182 acc

2464 5188 2712 5264 dar_n_ut7
2729 5200 3013 5264 tractatus
3035 5194 3369 5264 intelligatur
3411 5188 3591 5251 lectus
3633 5198 3740 5252 die
3787 5199 3916 5252 Pas:

2463 5260 2558 5314 sed
2604 5261 2656 5316 in
2692 5263 2926 5325 Pascha,
2967 5263 3019 5317 id
3052 5273 3164 5330 est,
3211 5260 3278 5319 5a
3321 5266 3528 5321 Pascha
3575 5267 3916 5323 indicendi

2463 5332 2627 5385 natali
2658 5332 2882 5388 Christi.
2914 5335 2988 5388 lo.

2537 5401 2609 5479 (6)
2644 5402 2702 5458 in
2749 5404 2857 5479 alio
2901 5405 3160 5479 nimirum
3203 5421 3454 5462 sermone
3488 5424 3670 5476 quam
3722 5410 3916 5479 cujus

2463 5468 2625 5550 fiebat
2661 5475 2895 5550 mentio.
2929 5475 2978 5529 is
3010 5488 3190 5550 autem
3231 5488 3317 5550 est
3355 5468 3587 5550 quartus
3624 5468 3916 5535 advcrsu

2460 5542 2626 5608 clum,
2644 5545 2714 5615 in
2737 5561 2848 5615 quo
2873 5554 3002 5599 sunt
3027 5545 3142 5601 haec
3164 5548 3329 5603 verba
3355 5542 3386 5602 ε’
3403 5548 3544 5604 Unus
3575 5558 3669 5603 est
3704 5552 3906 5615 enim,

2458 5614 2920 5686 secuit-dumipsos
2956 5616 3148 5681 dicam,
3190 5616 3350 5673 Pater
3386 5619 3519 5674 Deus
3549 5614 3901 5683 Baocéxog,

2459 5685 2664 5822 gestit?
2700 5685 2818 5747 Dei,
2857 5687 2947 5756 qui
2993 5689 3086 5742 hoc
3127 5704 3316 5742 nomen
3344 5692 3668 5761 impositum
3717 5692 3912 5745 habet

2560 5794 2571 5806 .
2635 5772 2689 5809 υ.

2560 5794 2571 5806 .
2613 5772 2689 5809 ID.

2535 5823 2610 5895 (7)
2645 5825 2768 5881 llaec
2796 5827 2995 5884 iterum
3023 5844 3054 5884 a
3088 5828 3292 5887 Graicis
3321 5832 3479 5905 longe
3507 5831 3856 5899 diﬂ'erunt,
3899 5847 3916 5888 ε
