4146 6322
618 358 689 421 83
1640 367 1697 426 S.
1736 369 2009 429 CYRILLI
2048 366 2516 425 ALEXANDRINI
2554 369 2875 427 ARClllEi’.
3805 368 3882 431 δι
3927 451 3935 459 ‘

618 484 849 552 habens,
875 484 984 543 nisi
1006 486 1153 557 quod
1177 485 1337 542 abiis
1364 502 1485 555 qua:
1525 487 1696 544 sentit
1725 490 2024 555 abhorreo,
2048 503 2195 545 eam-

2301 507 2400 563 μαι
2438 489 2509 545 τά
2536 490 2626 545 ἶσα
2668 494 2889 563 φρονεῖν
2951 491 3124 563 αὐτῷ,
3177 491 3314 545 ἀλλὰ
3356 489 3450 545 καὶ
3502 490 3879 562 ἐπηνώρθωσα

619 592 729 648 que
768 594 933 649 quam
951 595 981 634 a
1007 578 1260 634 Patribus
1282 579 1617 648 accepimus,
1643 593 1699 638 et
1721 597 1788 637 ex
1815 583 2017 639 divinis
2047 582 2195 639 Scri-

616 670 797 740 pturis
815 670 1124 733 didicimus,
1148 669 1308 725 ﬁdem
1326 673 1757 743 amplectendam
1773 691 1893 731 esse
1917 676 2060 731 serio
2075 691 2199 747 per-

620 762 877 823 suadens,
897 762 1173 817 multosad
1187 778 1371 819 sanam
1387 774 1627 821 mentem
1640 767 1976 823 reduxerim.
1991 769 2195 823 Verum

618 854 776 909 tlocci
817 854 1023 908 faciens
1054 870 1175 923 quae
1204 855 1496 911 adversum
1548 874 1636 913 me
1684 859 2033 916 machinatus
2072 870 2192 925 est,

620 942 842 1012 Deoque
865 943 959 1013 qui
985 944 1169 998 omnia
1196 945 1347 999 novit
1368 952 1424 1001 et
1447 947 1593 1001 valet
1616 951 1970 1007 committens
1990 952 2192 1017 omnia,

619 1034 845 1088 alteram
865 1051 1057 1091 rursus
1077 1035 1151 1107 (l)
1180 1039 1489 1107 epistolam,
1509 1057 1631 1111 qua:
1653 1052 1816 1098 rectae
1837 1044 1963 1100 ﬁdei
1982 1046 2197 1117 exposi-

622 1124 825 1180 tionem
878 1127 1030 1182 brevi
1078 1130 1408 1200 compendio
1449 1134 1932 1204 complecteretur,
1980 1139 2047 1193 ad
2078 1154 2195 1195 me-

620 1223 889 1269 moratum
930 1219 1077 1283 misi,
1114 1219 1341 1277 hortans
1370 1222 1533 1278 simul
1556 1233 1612 1279 et
1637 1226 1925 1283 obtestans
1952 1246 2020 1285 ne
2045 1230 2195 1286 aliud

619 1309 851 1365 sentiret
878 1326 943 1366 ac
970 1313 1307 1382 loqueretur.
1363 1316 1469 1371 Sed
1513 1334 1616 1373 nec
1640 1302 1875 1376 rursum
1899 1323 2195 1394 quidquam

618 1402 847 1470 profeci.
902 1405 973 1459 lis
1014 1406 1160 1459 enim
1207 1423 1327 1476 quae
1350 1407 1419 1461 ab
1446 1408 1607 1463 initio
1650 1421 1994 1468 commentus
2018 1414 2199 1470 fuerat

619 1492 731 1548 huc
753 1510 926 1564 usque
948 1496 1307 1565 pertinaciter
1326 1498 1590 1565 adhaeret,
1618 1516 1722 1555 nec
1745 1502 1908 1557 linem
1937 1520 2197 1574 perversa

617 1584 857 1639 docendi
885 1586 1032 1642 facit.

689 1675 742 1731 5.
798 1677 940 1731 Sciat
971 1686 1027 1733 et
1067 1678 1170 1735 hoc
1206 1681 1377 1750 pietas
1405 1691 1496 1738 tua
1525 1682 1623 1755 (2),
1658 1684 1715 1741 in
1740 1686 1932 1743 Omnes
1953 1686 2197 1746 Orientis

618 1768 906 1837 episcopos
947 1770 1245 1826 convenire
1273 1789 1394 1841 quae
1420 1774 1703 1842 dicuntur,
1752 1779 1964 1835 scilicet
1985 1781 2192 1839 oﬂ'eudi

2300 582 2549 650 πολλοὺς,
2592 583 2660 655 ἦν
2709 583 3094 653 παρελάϐομεν
3138 584 3203 637 ἐκ
3256 584 3517 655 Πατέρων
3550 584 3754 652 πίστιν,
3782 586 3879 639 καὶ

2297 677 2334 731 ἃ
2364 676 2643 747 ἐμάθομεν
2676 678 2739 729 ὲκ
2774 675 2873 744 τῆς
2914 674 3067 739 θείας
3096 675 3339 746 Γραφῆς,
3387 677 3570 731 ἐκεῖνα
3596 676 3661 749 δὴ
3707 693 3881 732 κατα-

2296 769 2500 823 πείθων
2542 768 2741 831 αὐτοὺς
2778 766 2985 821 οἴεσθαι
3017 769 3201 825 δεκτά.
3228 771 3418 840 Ὅμως
3451 770 3544 823 καὶ
3572 770 3633 823 ού
3658 768 3877 841 φροντί-

2298 878 2399 925 σας
2428 861 2538 915 τῶν
2563 861 2694 930 παρ’
2724 860 2889 913 αὑτοῦ
2920 862 3229 932 γενομένων
3256 862 3375 916 κατ’
3399 861 3559 932 ἐμοῦ,
3594 860 3728 915 ἀλλά
3759 859 3880 930 Θεῷ

2295 954 2419 1019 δοὺς
2466 952 2544 1025 τῷ
2582 952 2760 1006 πάντα
2813 952 2977 1006 εἰδότι
3016 954 3111 1006 καὶ
3173 954 3430 1023 ἰσχύοντι,
3477 953 3640 1008 πάλιν
3681 952 3881 1023 ἑτέραν

2298 1045 2587 1116 ἐπιστολὴν
2625 1044 2882 1115 γέγραφα
2918 1041 2997 1113 τῷ
3047 1042 3493 1114 μνημονευθὼτι,
3520 1042 3619 1113 τὴν
3662 1040 3881 1096 ἔκθεσιν

2296 1138 2372 1201 ὡς
2399 1140 2455 1192 ἐν
2490 1137 2738 1209 συντόμῳ
2764 1138 2864 1207 τῆς
2889 1135 3059 1207 ὀρθῆς
3085 1135 3323 1199 πίστεως
3350 1136 3602 1205 ἔχουσαν,
3627 1151 3882 1205 παρακα-

2296 1229 2403 1282 λῶν
2437 1247 2495 1283 τε
2533 1229 2651 1298 ἅμα
2685 1230 2782 1282 καὶ
2812 1225 3351 1299 διαμαρτυρούμενος
3373 1224 3517 1280 οὕτω
3538 1228 3632 1280 καὶ
3661 1226 3880 1297 φρονεῖν

2297 1322 2393 1375 καὶ
2424 1320 2627 1374 λαλεῖν.
2666 1320 2807 1374 Ἀλλ’
2838 1319 3023 1391 ὥνησα
3052 1320 3214 1373 πάλιν
3239 1318 3413 1373 οὐδέν.
3450 1320 3672 1389 Ἔχεται
3703 1318 3760 1372 δὲ
3783 1317 3882 1373 καὶ

2298 1417 2379 1478 εἰς
2410 1414 2571 1485 δεῦρο
2603 1413 2714 1466 τῶν
2745 1415 2841 1467 ἀπ’
2875 1412 3075 1487 ἀρχῆς,
3109 1416 3204 1467 καὶ
3234 1413 3295 1467 οὐ
3335 1411 3571 1468 παύεται
3608 1410 3784 1466 λαλῶν
3812 1409 3882 1465 τά

2297 1503 2729 1575 διεστραμμένα.

2369 1684 2690 1737 Γινωσκετω
2737 1682 2795 1737 δὲ
2836 1684 2930 1737 καὶ
2968 1684 3126 1739 τοῦτο
3160 1687 3193 1758 ἡ
3227 1684 3295 1757 σὴ
3331 1683 3635 1749 θεοσέϐεια,
3665 1683 3747 1738 ὅτι
3787 1682 3883 1738 καὶ

2298 1773 2471 1828 ἅπασι
2518 1775 2632 1837 τοῖς
2657 1772 2798 1826 κατὰ
2836 1774 2935 1844 τὴν
2973 1774 3264 1845 Ἀνατολὴν
3313 1775 3633 1837 ἐπισκόποις
3666 1772 3884 1843 συνᾴδει
3966 1842 3969 1845 _

617 1875 809 1915 omnes
829 1868 885 1915 et
908 1861 1116 1926 dolere,
1151 1865 1386 1921 maxime
1407 1882 1541 1922 vero
1559 1871 2048 1929 reverendissimos
2080 1875 2193 1931 Ma-

2300 1869 2364 1922 τόι
2391 1869 2681 1941 λεγόμενα·
2709 1868 2804 1922 καὶ
2840 1867 3256 1938 δυσχεραίνουσι
3288 1864 3488 1928 πάντες
3519 1864 3613 1916 καὶ
3653 1860 3881 1915 λυποῦνο

618 1950 862 2007 cedonite
894 1954 1201 2025 episcopos.
1230 1956 1299 2011 Et
1325 1973 1449 2012 cum
1480 1958 1586 2013 hoc
1608 1971 1953 2031 compertum
1974 1964 2193 2033 habeat,

616 2057 676 2096 se
696 2042 953 2098 omnibus
970 2044 1359 2115 sapientiorem
1379 2064 1498 2104 esse
1514 2049 1611 2122 (3),
1631 2067 1689 2105 se
1707 2054 1881 2108 solum
1902 2055 2198 2126 Scriptura:

616 2134 883 2191 divinitus
951 2138 1230 2208 inspirata:
1284 2155 1511 2211 scopum
1564 2144 1830 2215 attigisse,
1883 2158 1935 2203 et
1990 2149 2196 2205 Christi

617 2226 941 2297 mysterium
986 2230 1306 2300 cognovisse
1343 2233 1665 2290 arbitratur.
1723 2236 1887 2308 Atqui
1919 2243 2197 2309 quomodo

618 2332 730 2373 non
750 2319 992 2388 oportuit
1014 2335 1141 2374 eum
1164 2320 1296 2376 illud
1322 2323 1504 2393 potius
1525 2342 1627 2396 pro
1643 2336 1795 2383 certo
1817 2330 2042 2397 habere,
2070 2349 2195 2388 cum

618 2424 811 2464 omnes
827 2425 923 2479 per
935 2418 1108 2466 totum
1132 2413 1322 2468 orbem
1348 2416 1634 2474 constituti
1648 2421 2195 2496 orthodoxiepiscopi

618 2514 683 2555 ac
734 2500 857 2556 laici
894 2501 1175 2559 Christum
1220 2504 1415 2569 Deum,
1461 2523 1526 2563 ac
1572 2510 1849 2581 Virginem
1896 2530 2019 2584 qua:
2041 2516 2197 2572 illum

619 2592 811 2664 genuit
843 2595 1132 2665 Deiparam
1163 2598 1553 2665 conﬁteantur,
1586 2619 1643 2658 se
1665 2604 1842 2659 solum
1867 2608 1959 2676 qui
1988 2608 2092 2665 hoc
2117 2608 2200 2665 iu-

619 2683 857 2748 ﬁciatur,
874 2689 1101 2744 errare?
1132 2688 1331 2744 Verum
1355 2691 1496 2745 fastu
1522 2701 1741 2751 tumens
1762 2713 1826 2752 ac
1846 2698 1991 2755 sedis
2007 2709 2201 2770 poten-

617 2777 716 2839 tia,
748 2787 807 2831 ut
836 2778 1092 2835 omnibus
1114 2780 1340 2837 insidias
1366 2791 1561 2848 struat,
1590 2786 1847 2851 abutens.
1868 2790 2196 2848 eﬂ'ecturum

618 2881 679 2922 se
711 2867 1013 2925 arbitratur
1053 2880 1115 2925 ut
1137 2881 1194 2927 et
1216 2888 1318 2930 nos
1363 2882 1421 2929 et
1446 2876 1645 2946 reliqui
1667 2892 1861 2935 omnes
1886 2896 2000 2938 sum
2026 2882 2200 2953 ipsius

618 2960 903 3016 sententia:
928 2963 1361 3021 subscribamus.

689 3048 805 3121 39
835 3051 887 3105 6.
919 3052 1129 3123 Ecquid
1158 3054 1325 3125 igitur
1347 3055 1615 3117 faciemus
1635 3103 1650 3126 ,
1683 3035 1810 3118 cum
1837 3080 2017 3135 neque
2042 3066 2197 3124 illum

2296 1982 2408 2030 ται,
2465 1963 2561 2017 mi.
2600 1963 2834 2034 μάλιστα
2870 1963 2919 2014 οἰ
2967 1959 3108 2013 κατὰ
3156 1958 3255 2027 τὴν
3285 1956 3625 2011 Μακεδονίαν
3668 1953 3887 2009 εὐλαϐέ-

2301 2075 2485 2111 στατοι
2510 2056 2820 2109 ἐπίσκοποι.
2846 2054 2956 2108 Καὶ
2985 2052 3143 2107 τοῦτο
3167 2049 3343 2116 εἰδὼς,
3370 2051 3540 2105 οῐεται
3568 2049 3650 2103 ὅτι
3667 2049 3885 2104 πάντων

2299 2150 2419 2203 ἐστὶ
2451 2148 2784 2219 σοφώτερος,
2821 2147 2917 2200 καὶ
2946 2146 3109 2216 μόνος
3136 2138 3245 2197 οἶδε
3292 2142 3384 2197 τὸν
3408 2141 3609 2196 σκοπὸν
3636 2140 3741 2211 τῆς
3767 2138 3888 2193 θεο-

2299 2241 2570 2295 πνεύστου
2597 2241 2846 2313 Γραφῆς,
2903 2239 2998 2292 καὶ
3034 2237 3096 2291 τὸ
3133 2236 3228 2290 τοῦ
3272 2232 3511 2308 Χριστοῦ
3558 2231 3883 2305 μυστήριον.

2298 2335 2489 2389 Καίτοι
2520 2334 2637 2398 πῶς
2667 2334 2768 2387 οὐκ
2818 2332 2923 2385 ἔδει
2966 2328 3432 2401 πληροφορεῖσθαι
3466 2326 3666 2399 μᾶλλον
3698 2325 3883 2389 αὐτὸν,

2297 2429 2379 2483 ὅτι
2407 2428 2627 2482 πάντων
2669 2428 2779 2479 τῶν
2805 2425 2948 2479 κατὰ
2982 2427 3164 2479 πᾶσαν
3194 2422 3295 2493 τὴν
3324 2416 3649 2493 οἰκουμένην
3678 2417 3889 2492 ὀρθοδό-

2299 2523 2405 2590 ξων
2438 2520 2756 2575 ἐπισκόπων
2802 2517 2897 2573 καὶ
2953 2516 3161 2571 λαῖκῶν
3207 2514 3615 2586 ὁμολογούντων
3666 2512 3747 2566 ὅτι
3793 2510 3888 2567 καὶ

2299 2612 2432 2676 Θεὸς
2461 2608 2530 2682 ἦν
2570 2613 2600 2665 6
2641 2609 2899 2683 Χριστὸς,
2942 2607 3037 2663 καὶ
3072 2606 3334 2670 Θεοτόκος
3376 2606 3410 2676 ἡ
3448 2603 3685 2659 τεκοῦσα
3720 2601 3887 2658 αὐτὸν

2300 2704 2599 2775 Παρθένος,
2632 2703 2898 2757 πλανᾶται
2930 2701 3096 2772 μόνος
3127 2699 3291 2763 αὐτὸς
3322 2698 3481 2752 τοῦτο
3519 2696 3886 2768 ἀρνούμενοςς

2312 2798 2455 2850 Ἀλλ’
2470 2795 2759 2867 ὀφρύεται,
2779 2795 2874 2848 καὶ
2893 2792 3067 2847 οῐεται
3096 2793 3200 2856 ὅτι,
3232 2793 3300 2862 τῇ
3325 2788 3613 2858 δυναστείᾳ⁸
3638 2785 3732 2841 τοῦ
3763 2784 3889 2860 θρό-

2300 2909 2392 2945 νου
2449 2893 2617 2944 πᾶσιν
2656 2884 3048 2950 ἐπιϐουλεύων,
3104 2885 3201 2939 καὶ
3235 2884 3382 2955 ἡμᾶς
3429 2881 3463 2952 ἢ
3496 2881 3590 2934 καὶ
3626 2879 3753 2944 τοὺς
3790 2877 3887 2934 άλ-

2300 2977 2425 3040 λους
2452 2977 2698 3041 ἅπαντας
2733 2974 3018 3029 ἀναπείσει
3051 2974 3120 3027 τὰ
3161 2972 3302 3028 αὐτὰ
3333 2972 3549 3042 φρονεῖν
3574 2968 3743 3040 αὐτῷ.

2372 3071 2438 3123 Τί
2491 3068 2671 3122 τοίνυν
2702 3066 3011 3137 δράσομεν,
3072 3062 3200 3116 οὒτε
3257 3062 3645 3122 ἀναπείθοντες
3701 3060 3886 3121 αὐτὸν,

619 3147 683 3193 ut
702 3141 1007 3211 resipiscat,
1031 3160 1212 3215 neque
1228 3148 1572 3219 utejusmodi
1594 3154 1957 3213 concionibus
1968 3157 2195 3215 absistat

2300 3161 2428 3217 οὔτε
2477 3160 2686 3213 παῦσαι
2722 3158 3014 3228 δυνάμενοι
3053 3156 3162 3208 τῶν
3216 3153 3474 3209 τοιούτων
3519 3153 3769 3225 ὁμιλιῶν,
3794 3153 3891 3207 καὶ

617 3228 877 3319 inducere
890 3249 1183 3303 queamus;
1205 3239 1548 3311 populusque
1558 3242 2198 3319 Constantinopolitanus

615 3318 790 3389 magis
834 3338 898 3375 ac
946 3323 1117 3395 magis
1151 3324 1207 3381 in
1243 3327 1363 3384 dies
1389 3340 1795 3403 corrumpatur,
1830 3318 2045 3394 tametsi
2079 3339 2197 3397 haec

615 3406 839 3480 indigne
856 3411 1015 3476 ferat,
1037 3415 1179 3469 etab
1194 3405 1518 3476 orthodoxis
1538 3422 1863 3482 doctoribus
1876 3430 2195 3497 praesidium

614 3504 937 3570 exspectet?
974 3505 1156 3562 "Nobis
1202 3524 1332 3565 sane
1380 3512 1449 3568 de
1481 3514 1647 3570 rebus
1667 3517 1989 3588 vulgaribus
2016 3538 2200 3581 sermo

616 3607 727 3646 non
768 3602 854 3649 est
875 3635 890 3659 ,
946 3596 1043 3652 sed
1080 3614 1259 3669 neque
1286 3603 1516 3670 periculi
1545 3622 1741 3676 expers
1770 3608 1915 3666 foret
1946 3621 2196 3670 nostrum

615 3682 918 3739 silentium.
948 3686 1005 3742 Si
1025 3689 1173 3744 enim
1190 3691 1445 3750 Christus
1459 3699 1727 3753 conviciis
1747 3703 2043 3772 appetitur,
2062 3723 2199 3777 quo—

613 3776 780 3832 modo
817 3794 917 3834 nos
949 3779 1269 3849 silebimus,
1306 3787 1541 3845 maxime
1565 3806 1690 3846 cum
1718 3793 1924 3850 Paulus
1947 3776 2152 3856 scribat
2183 3821 2196 3855 :

621 3887 649 3925 ι
669 3868 727 3924 Si
742 3871 890 3926 enim
914 3874 1103 3930 volens
1122 3876 1227 3931 hoc
1245 3894 1368 3949 ago,
1388 3885 1700 3940 mercedem
1719 3886 1929 3955 habeo;
1953 3891 1999 3947 si
2014 3902 2196 3949 autem

614 3960 841 4025 invitus,
872 3963 1211 4035 dispensatio
1235 3970 1370 4024 mihi
1397 3973 1609 4029 credita
1627 3984 1712 4031 est
1733 3978 1833 4031 ἠδ
1869 3981 1981 4037 Nos
2006 3982 2195 4054 igitur,

614 4051 819 4120 quibus
848 4054 1001 4109 verbi
1042 4055 1386 4127 dispensatio
1433 4062 1669 4135 ﬁdeique
1691 4069 1943 4126 custodia
1987 4051 2199 4131 credita

615 4149 725 4205 est,
760 4143 895 4214 quid
938 4144 995 4200 in
1040 4147 1129 4203 die
1156 4149 1353 4220 judieii
1413 4153 1616 4212 dicturi
1652 4174 1866 4227 sumus,
1916 4163 1964 4218 si
2012 4175 2204 4222 contra

615 4233 807 4290 isthme
826 4236 1260 4297 obticuerimus?
1478 4252 1483 4260 ‘

681 4327 733 4379 7.
771 4326 854 4384 ‘Ab
887 4328 1040 4386 illius
1072 4340 1253 4390 tamen
1282 4339 1672 4397 communione
1713 4344 1894 4413 palam
1926 4355 1983 4401 et
2010 4360 2201 4419 aperte

2298 3250 2569 3322 ὁσημέραι
2608 3246 3073 3318 κατεφθαρμένων
3113 3246 3222 3299 τῶν
3268 3248 3325 3299 ὲν
3371 3245 3888 3301 Κωνσταντινουπό-

2298 3346 2402 3411 λει,
2449 3344 2545 3397 καὶ
2599 3339 3059 3412 δυσχεραινόντων
3098 3338 3233 3410 μὲν,
3285 3337 3659 3409 ἐκδεχομένων
3695 3336 3753 3391 δὲ
3790 3337 3890 3410 τὴν

2300 3434 2452 3506 παρὰ
2480 3431 2588 3487 τῶν
2620 3430 2919 3503 ὀρθοδόξων
2944 3429 3281 3485 διδασκάλων
3310 3429 3659 3502 ὲπικουρίανς
3687 3429 3799 3484 Καὶ
3824 3429 3887 3484 οὐ

2299 3528 2430 3598 περί⁵
2462 3525 2572 3579 τῶν
2604 3523 2877 3594 τυχόντων
2914 3523 2943 3574 6
2982 3522 3138 3590 λόγος
3167 3523 3318 3593 ἡμῖν,
3362 3522 3477 3577 ἀλλ’
3514 3523 3647 3577 οὐδὲ
3669 3521 3888 3577 ἀκίνδυ-

2299 3620 2437 3688 νοςὴ
2468 3617 2670 3686 σιωπή.
2692 3616 2755 3669 Εἰ
2774 3614 2882 3684 γὰρ
2911 3614 3281 3685 δυσφημεῖται
3305 3615 3560 3685 Χριστὸς,
3579 3614 3696 3679 πῶς
3723 3615 3887 3688 ἡμεῖς

2301 3711 2697 3780 σιωπήσωμεν,
2755 3704 2934 3759 καίτοι
2982 3704 3076 3758 τοῦ
3135 3704 3350 3758 Παύλου
3390 3707 3713 3776 γράφοντοςο
3761 3722 3782 3758 ι
3821 3705 3888 3761 Εἰ

2300 3803 2409 3873 γάρ
2441 3801 2584 3855 ἑκὼν
2616 3800 2777 3853 τοῦτο
2810 3799 3075 3869 πράσσω,
3130 3796 3322 3867 μισθὸν
3351 3796 3480 3867 ἔχω·
3515 3799 3565 3850 εἰ
3608 3797 3664 3851 δὲ
3712 3796 3886 3861 ἄκων.

2298 3892 2611 3962 οἰκονομίαν
2645 3889 3049 3960 πεπίστευμαις
3087 3907 3104 3939 ι
3136 3889 3199 3941 Ul
3239 3887 3417 3971 τοίνυν
3442 3889 3886 3963 ἐμπεπιστευμέ-

2300 4001 2381 4041 νοι
2413 3985 2508 4040 τοῦ
2541 3984 2705 4053 λόγου
2736 3982 2837 4054 τὴν
2863 3983 3199 4053 οἰκονομίαν,
3242 3983 3345 4038 καὶ
3382 3983 3483 4051 τῆς
3520 3984 3757 4050 πίστεως
3788 3985 3888 4058 τὴν

2300 4079 2626 4148 ἀσφάλειαν,
2659 4076 2714 4129 τί
2739 4074 2976 4148 ἐροῦμεν
3020 4077 3078 4129 ὲν
3124 4074 3309 4147 ἡμέρᾳ
3338 4076 3592 4147 κρίσεως,
3628 4076 3758 4130 ὅταν
3795 4077 3888 4131 ἰπὶ

2299 4172 2507 4236 τυύτοις
2543 4171 2895 4242 σιγήσωμεν;

2375 4353 2453 4407 υύ
2483 4350 2755 4422 πρότερον
2791 4353 2849 4403 δὲ
2888 4349 2989 4419 τῆς
3016 4348 3153 4419 πρὸς
3180 4348 3342 4401 αὐτὸν
3382 4347 3668 4412 κοινωνίας
3699 4348 3887 4403 ἐκϐάλ-

610 4420 981 4491 nosmetipsos
996 4439 1107 4479 non
1141 4426 1296 4496 prius
1314 4429 1651 4499 divellimus,
1686 4449 1853 4505 quam
1873 4438 1991 4494 haec
2008 4441 2195 4510 pietati

2303 4446 2472 4516 λομεν
2509 4420 2736 4505 ἑαυτοὺς
2769 4440 2908 4512 μετὰ
2956 4441 3295 4511 παρρησίας,
3331 4440 3460 4511 πρὶν
3508 4440 3575 4494 ἂν
3606 4440 3785 4498 ταῦτα
3819 4444 3886 4516 τῇ

613 4518 721 4565 tua:
758 4510 1201 4573 indicaverimus.
1237 4521 1489 4594 Digneris
1521 4524 1691 4597 igitur
1723 4529 1886 4586 nobis
1916 4531 2195 4590 declarare

2305 4510 2688 4609 dij-050656qu
2733 4510 3251 4603 ἀνακοινωσώμεθα.
3298 4510 3390 4585 Διδ
3436 4532 3500 4604 δὴ
3547 4510 3888 4601 καταξίωσον

612 4601 871 4696 quidtibi
890 4606 1159 4676 videatur,
1180 4620 1237 4667 et
1258 4622 1440 4670 utrum
1460 4617 1757 4689 aliquando
1776 4638 1903 4679 cum
1928 4624 2023 4681 illo
2046 4642 2195 4681 com-

2299 4601 2551 4683 «Suom
2584 4625 2645 4679 τὸ
2677 4622 2891 4687 δοκοῦν,
2926 4623 3020 4676 καὶ
3055 4622 3287 4696 πότερόν
3316 4640 3447 4676 ποτε
3472 4623 3577 4696 χρὴ
3607 4626 3888 4680 κοινωνεῖν

610 4694 896 4751 municare
924 4710 1194 4769 oporteat,
1229 4720 1299 4760 an
1332 4705 1508 4764 libere
1536 4711 1885 4781 denuntiare,
1915 4718 2192 4774 nemiuem

610 4803 738 4843 cum
785 4804 855 4845 eo
899 4791 995 4862 qui
1026 4794 1177 4871 talia
1218 4800 1387 4855 sentit
1433 4817 1499 4857 ac
1537 4802 1700 4860 docet
1762 4810 2192 4867 communicare.

678 4925 769 4979 ³⁵1
807 4925 933 4982 Cor.
966 4944 1040 4993 rx,
1077 4928 1163 4982 l7.

672 5063 1005 5143 (l)§pist_.ola
1015 5068 1277 5143 nemped.
1300 5067 1594 5143 Antiquam
1616 5072 1765 5126 illius
1786 5072 2193 5143 .nterpretatio-

610 5148 737 5213 netu
758 5134 946 5213 Steph.
968 5134 1220 5213 Baluzius
1237 5134 1499 5213 nou._coll.
1521 5159 1666 5196 conc.
1693 5158 1813 5213 pag.
1830 5134 2189 5209 404'exhihet,

614 5160 737 5188 "cur
759 5160 946 5204 otcpu.
969 5160 1220 5192 Dﬂlttllus
1237 5160 1353 5193 nov.
1378 5160 1499 5195 σου.
1521 5160 1666 5196 conc.
1693 5160 1759 5213 pa
1804 5186 1813 5196 .
1830 5160 2189 5209 auaexnluet,

610 5202 1015 5284 sed_aliam__ab
1048 5223 1114 5262 ea
1160 5224 1326 5278 quam
1358 5210 1653 5268 Liberatus
1680 5229 1728 5267 c.
1764 5160 2021 5284 ﬁprimis
2048 5214 2194 5270 illius

608 5273 798 5328 verbis
827 5275 1050 5331 indicat.

682 5344 759 5425 (ᾖ)
796 5346 842 5399 Α
882 5344 1069 5425 Graaea
1113 5349 1295 5425 littera
1328 5352 1538 5425 recedit
1565 5353 1782 5425 vulgata
1812 5354 2195 5425 interpretatio

607 5411 665 5467 in
694 5411 861 5495 hunc
902 5418 1161 5495 moduni:
1195 5411 1720 5495 Scr'atgnihilomiuds
1761 5434 1808 5477 et
1847 5411 2195 5495 hoc'quoque

606 5486 863 5565 sanctitas
899 5485 1063 5565 (apud
1101 5488 1272 5561 Cyri].
1314 5492 1500 5565 pietas)
1535 5503 1650 5565 tua,
1682 5510 1864 5565 nempe
1894 5485 2190 5565 commenta

606 5551 750 5634 illius
769 5551 1063 5634 Qrientirles
1087 5551 1197 5634 non
1212 5551 1454 5634 probare.
1476 5551 1567 5618 sed
1588 5551 1778 5634 oﬁ'rndi
1796 5551 1879 5619 eos
1905 5583 1966 5618 ac
1988 5564 2184 5619 dolere.

678 5624 755 5701 (ᾇ)
796 5625 943 5701 Iden]
973 5628 1036 5701 in
1060 5646 1127 5685 eo
1147 5624 1342 5701 vitium
1367 5624 1749 5689 Soerates"lib.
1788 5651 1880 5701 vn,
1906 5651 1956 5689 c.
1983 5634 2073 5699 52,
2102 5652 2188 5690 re-

605 5696 900 5776 prehendit
930 5698 1015 5776 hi_s
1054 5699 1287 5776 verbis:
1312 5702 1660 5776 ,Arrogantia
1704 5696 2069 5760 enim'elatus
2123 5707 2185 5759 ob

2301 4720 2473 4791 αὐτῷ,
2504 4719 2537 4788 ἢ
2561 4716 2747 4771 λοιπον
2766 4715 3022 4769 ἀπειπεῖν
3041 4713 3181 4784 μετὰ
3208 4713 3541 4785 παρρησίας,
3566 4714 3888 4771 ὃτιτοιαῦτα

2303 4810 2595 4885 φρονοῦντι
2621 4809 2718 4862 καὶ
2749 4806 3061 4861 διδάσκοντι
3084 4806 3261 4869 οὐδεὶς
3284 4809 3553 4863 κοινωνεῖ.
3580 4808 3685 4861 Τὸν
3714 4807 3772 4862 δὲ
3794 4809 3887 4863 ἐπὶ

2297 5077 2436 5151 quis_
2454 5078 2691 5151 omnibus
2719 5079 3351 5151 prmtarcAexistimabat.
3378 5080 3535 5135 Hunc
3560 5081 3887 5151 arrogantiae

2298 5148 2551 5220 morbum
2590 5149 2842 5203 redolent
2876 5148 3045 5220 verba
3069 5149 3218 5205 illius
3242 5151 3297 5205 in
3325 5151 3611 5220 superiore
3631 5148 3886 5207 ad'moni.

2300 5218 2448 5292 tione
2468 5220 2882 5292 relata,quihus
2909 5218 3265 5276 Caelestinum
3299 5218 3692 5292 sim’pliciorem
3719 5230 3886 5292 atque

2298 5287 2641 5344 hebetiorem
2701 5288 2982 5358 praedicat,
3019 5307 3182 5360 quam
3231 5302 3293 5346 ut
3324 5287 3749 5361 ad‘dOgmatum
3773 5287 3885 5348 vim

2298 5374 2363 5431 ac
2414 5376 2635 5414 sensum
2692 5369 2997 5431 penetrare,
3036 5362 3233 5417 valeat.
3271 5362 3450 5431 Ipsius
3489 5378 3622 5417 vero
3644 5363 3883 5420 Nestorii

2298 5429 2663 5510 ignorantiam
2698 5430 2953 5510 Socrates
2988 5430 3125 5487 ibid.
3156 5450 3222 5487 ex
3255 5429 3322 5487 eo
3352 5433 3570 5502 probat,
3600 5434 3747 5503 quod
3770 5434 3884 5489 Ma-

2296 5501 2435 5553 riam
2467 5501 2916 5574 pei‘genitrieem‘
2948 5517 3268 5574 nuncupare
3298 5501 3576 5574 re’nueret,
3608 5501 3773 5572 quam
3794 5521 3881 5559 ve-

2295 5568 2771 5655 tergsScripturis
2806 5570 2955 5655 nixi,‘
2982 5568 3438 5655 nominatimque
3471 5568 3754 5655 Origenes
3778 5582 3816 5628 t.
3862 5575 3880 5631 l

2292 5639 2346 5715 i_n
2377 5639 2675 5715 Epistulam
2705 5643 2857 5715 Pauli
2886 5640 2959 5715 ad
2983 5642 3277 5715 Romanos,
3313 5639 3369 5699 et
3398 5639 3675 5715 Eusebius
3698 5644 3794 5703 lib.
3825 5662 3880 5701 ιιι

2292 5709 2379 5785 ρο,
2407 5709 2515 5785 3'2in
2559 5712 2937 5777 Constantini,
2998 5714 3103 5771 hoc
3161 5716 3385 5771 nomine
3436 5710 3711 5785 appellare
3772 5733 3883 5775 non

605 5764 811 5846 dicendi
844 5767 1174 5846 facultatem,
1204 5764 1538 5846 librosytiu'm
1573 5784 1805 5829 veterum
1836 5777 2184 5846 interpretum
2287 5764 2631 5841 dubitabant.

606 5832 1020 5911 haudquaquam
1064 5832 1236 5913 tegere
1276 5832 1616 5915 digitabatur,
1652 5845 1747 5901 sed
1769 5863 1823 5901 se
1852 5832 2025 5920 ipsuin
2055 5832 2179 5901 reli-
