4146 6322
599 357 664 417 91
1188 372 1196 381 ‘
1591 356 1647 412 S.
1693 352 1970 412 CYRlLLl
2005 351 2477 428 ALEXANDBINI
2515 353 2834 413 ARCIIIEP.
3057 365 3105 406 ο
3397 423 3421 428 _
3784 348 3857 408 92

599 477 658 527 et
688 467 791 541 ipsi
827 483 1044 541 semper
1067 469 1381 525 defensores
1408 468 1700 524 orthodoxi
1729 468 1997 539 dogmatis
2019 468 2189 536 exsti-l

2349 424 2354 428 .
3397 424 3421 443 ,4

2292 485 2404 533 ταις
2445 470 2783 540 ὑπομνήσεσι
2837 467 3109 538 βεϐαιοῦν.
3147 466 3354 537 ’Ὠσπερ
3394 465 3577 519 ἐκεῖνα
3605 464 3737 535 ἡμῖν
3762 479 3856 516 πι-

600 569 809 626 terunt,
853 563 1102 632 exempla
1125 564 1234 633 jam
1260 561 1478 618 viceris.
1508 562 1647 617 Vere
1675 562 1773 615 tibi
1802 561 2174 631 evangelicum

599 661 780 722 potest
804 655 1175 708 testimonium
1205 653 1518 717 convenire,
1539 669 1648 722 quo
1669 653 1906 707 dicitur:
1941 673 1956 703 ι
1989 653 2178 707 Pastor

601 743 780 799 bonus
803 745 958 814 ponit
985 745 1218 798 animam
1246 759 1398 796 suam
1437 758 1538 812 pro
1562 743 1757 796 ovibus
1778 744 1892 797 suis
1913 745 1976 796 ³⁸.
2010 765 2027 794 ι
2069 743 2176 798 Sed

601 829 662 890 ut
693 845 750 890 tu
782 837 959 890 bonus
981 845 1191 906 pastor,
1228 836 1302 889 ita
1339 834 1430 888 ille
1456 851 1556 889 nec
1578 844 1834 902 tanquam
1869 820 2042 890 malus
2077 851 2175 905 po—

601 934 709 981 test
736 928 1108 982 mercenarius
1138 925 1405 990 accusari,
1434 926 1527 996 qui
1558 942 1667 998 non
1706 925 1830 980 ideo
1869 927 2016 996 quod
2045 943 2177 982 oves

602 1017 876 1087 relinquat
903 1017 1172 1087 arguitur,
1211 1017 1306 1073 sed
1336 1016 1485 1088 quod
1518 1033 1611 1072 eas
1645 1018 1760 1088 ipse
1784 1017 1991 1072 laniare
2019 1019 2173 1074 inve-

601 1108 787 1162 niatur
823 1108 918 1178 (l).

2285 562 2412 632 κρὰ,
2445 563 2586 614 οὓτω
2613 561 2784 614 ταῦτά
2827 563 2982 614 ἐστιν·
3007 559 3168 631 ήδέα·
3199 557 3390 628 ὥσπερ
3420 559 3604 612 ἐκεῖνα
3637 553 3852 625 ἰλυώδη,

2285 653 2430 705 οὓτω
2456 653 2628 706 ταῦτα
2655 652 2894 722 καθαρά.
2931 653 3040 705 Καὶ
3075 650 3335 722 χαίρομεν
3358 649 3628 719 τοσαύτην
3656 649 3856 701 ἐνεῖναι

2285 745 2521 814 ὁρῶντες
2543 749 2608 816 τῇ
2644 748 2708 816 σῇ
2748 742 3002 814 εὐλαϐείᾳ
3030 744 3385 813 ἐγρήγορσιν,
3416 741 3490 803 ὼς
3510 741 3610 811 ήδη
3635 758 3695 793 σε
3721 758 3860 794 νενι-

2287 837 2518 907 κηκέναι
2551 839 2619 892 τὰ
2653 838 3027 908 ὑποδείγματα
3072 835 3179 889 τῶν
3218 853 3311 888 σου
3359 835 3856 904 προηγησαμένων,

2285 931 2598 1002 γενομένων
2651 932 2738 984 ἀεὶ
2785 929 2881 983 καὶ
2931 927 3110 981 αὐτῶν
3153 927 3384 980 ἐκδίκων
3430 914 3531 980 τοῦ
3575 925 3857 997 ὀρθοδόξου

2283 1019 2574 1091 δόγματος.
2606 1020 2849 1091 Ἀληθῶς
2879 1038 2935 1073 τε
2963 1018 3060 1096 ἐπὶ
3084 1017 3176 1071 σοῦ
3208 1018 3438 1088 ἁρμόσει
3465 1019 3497 1088 ἡ
3529 1015 3858 1087 εύαγγελικὴ

2290 1113 2569 1182 μαρτυρία
2613 1115 2646 1183 ἡ
2689 1113 2956 1180 λέγουσα·
3016 1128 3036 1160 ‹
3089 1109 3147 1162 Ὀ
3197 1108 3400 1180 ποιμὴν
3439 1111 3467 1161 6
3510 1109 3711 1177 ἀγαθὸς
3759 1107 3858 1178 τὴν

600 1197 780 1268 ψυχὴν
808 1197 972 1250 αὑτοῦ
1014 1198 1228 1268 τίθησιν
1259 1199 1399 1272 ὑπὲρ
1436 1199 1546 1254 τῶν
1597 1199 1743 1253 ἰδίων
1796 1200 2106 1271 προϐάτων.
2151 1221 2169 1253 ι
2225 1201 2366 1256 Ἀλλ’
2410 1202 2600 1274 ὥσπερ
2635 1205 2698 1257 σὺ
2765 1202 2968 1274 ποιμὴν
3003 1201 3229 1269 ἀγαθὸς,
3270 1199 3444 1264 οῦτως
3485 1202 3690 1263 ἐκεῖνος
3737 1199 3860 1253 οὐδὲ

601 1290 678 1355 ὡς
715 1291 882 1355 κακὸς
925 1292 1194 1362 μισθωτὸς
1234 1295 1655 1366 κατηγορεῖσθαι
1694 1297 1875 1363 ἄξιος·
1912 1298 1971 1360 ὃς
2007 1297 2067 1349 ού
2099 1296 2186 1350 διὰ
2223 1296 2382 1351 τοῦτο
2401 1299 2769 1364 διαϐάλλεται,
2797 1299 2872 1362 ὼς
2901 1298 2971 1351 τὰ
3014 1297 3206 1351 ἑαυτοῦ
3234 1296 3550 1351 καταλιπὼν
3585 1295 3856 1368 πρόϐατα,

602 1384 715 1439 ἀλλ’
739 1387 821 1440 ὅτι
849 1387 1054 1458 ηὑρέθη
1084 1388 1246 1451 αὐτὸς
1273 1388 1689 1459 διασπαράττων
1723 1391 1880 1446 αὑτά.
1910 1401 1911 1404 “

675 1476 727 1530 2.
751 1477 1092 1533 Adderemus
1113 1479 1343 1549 aliquid,
1369 1480 1538 1535 frater
1558 1483 1902 1549 cbarissime,
1928 1482 1973 1536 si
1996 1499 2106 1538 non
2129 1491 2181 1537 te

601 1566 794 1622 eadem
817 1569 1018 1624 sentire
1042 1585 1163 1638 qua:
1185 1571 1454 1626 sentimus
1481 1575 1663 1628 omnia
1683 1574 2018 1640 videremus,
2045 1585 2101 1630 et
2125 1577 2184 1630 in

603 1657 721 1729 ipsa
741 1661 1042 1716 assertione
1066 1660 1190 1716 ﬁdei
1216 1661 1559 1718 defensorem
1579 1664 1936 1720 fortissimum
1953 1668 2183 1736 probas-

602 1766 810 1806 semus.
850 1753 1060 1823 Ingesta
1086 1769 1217 1808 vero
1247 1754 1408 1809 nobis
1430 1764 1560 1809 sunt
1587 1766 1783 1811 cuncta
1809 1773 1906 1827 per
1932 1759 2185 1815 ordinem

602 1856 634 1896 a
666 1840 779 1897 ﬁlio
801 1852 989 1898 nostro
1018 1843 1313 1898 Posidonio
1347 1843 1599 1910 diacono,
1621 1841 1961 1916 quaecunque
1991 1848 2059 1902 de
2081 1849 2184 1904 hac

2352 1476 2680 1548 Προσθεῖναι
2708 1475 2764 1529 δέ
2791 1493 2914 1529 τινα
2947 1476 3041 1528 καὶ
3065 1476 3224 1546 ἡμεῖς
3250 1473 3572 1544 ἐμέλλομεν,
3610 1473 3859 1542 ἀγαπητὲ

2280 1571 2496 1640 ἀδελφὲ,
2527 1572 2576 1622 εἰ
2602 1569 2678 1640 μὴ
2705 1567 2972 1639 ἑωρῶμέν
2998 1586 3059 1620 σε
3082 1567 3152 1621 τὰ
3182 1568 3320 1646 αύτά
3340 1567 3639 1638 φρονοῦντα
3658 1566 3857 1627 πάντα,

2281 1662 2422 1734 άπερ
2459 1660 2785 1730 φρονοῦμεν,
2825 1660 2920 1712 καὶ
2949 1661 3006 1712 ὲν
3037 1662 3102 1730 τῇ
3157 1658 3449 1730 βεϐαιώσει
3481 1661 3578 1730 τῆς
3627 1659 3861 1721 πίστεως

2283 1751 2680 1823 ὲδοκιμάζομέν
2710 1768 2769 1804 σε
2797 1751 3013 1804 ἔκδικον
3041 1751 3416 1822 ἰσχυρότατον.
3468 1749 3730 1820 Ἀπεδόθη
3752 1748 3864 1819 γάρ

2284 1849 2418 1916 ἡμῖν
2451 1845 2630 1899 πάντα
2656 1845 2797 1898 κατὰ
2820 1844 2973 1907 τάξιν
3010 1844 3097 1898 διὰ
3127 1844 3221 1897 τοῦ
3252 1845 3371 1898 υἱοῦ
3403 1843 3562 1914 ήμῶν
3594 1841 3864 1896 Ποσειδω-

603 1947 665 1987 re
694 1940 784 1988 tua
807 1934 1069 1988 sanctitas
1091 1934 1330 2004 scripsit.
1361 1933 1564 1992 Omnes
1585 1937 1888 1992 tendiculas
1913 1938 2181 2008 praedica-

2292 1936 2400 1988 νίου
2426 1935 2520 1989 τοῦ
2551 1935 2822 1998 διακόνου,
2853 1935 2953 1988 ὅσα
2982 1935 3112 2006 περὶ
3133 1933 3322 1988 τούτου
3359 1933 3454 1986 τοῦ
3484 1932 3864 2004 πράγματοςή

602 2021 770 2077 tionis
803 2022 1014 2078 callidae
1038 2024 1317 2089 detexisti,
1355 2033 1410 2080 et
1436 2025 1600 2080 ﬁdem
1633 2027 1834 2092 taliter,
1861 2044 1929 2083 ne
1963 2027 2182 2084 Christo

602 2113 716 2169 Deo
754 2125 946 2170 nostro
982 2115 1324 2171 credentium
1349 2133 1443 2173 cor
1468 2118 1525 2172 in
1549 2119 1776 2174 alteram
1802 2129 2010 2190 partem
2039 2123 2184 2178 trahi

601 2206 798 2273 valeat,
824 2209 1219 2264 communiisti.
1248 2210 1473 2281 Magnus
1507 2210 1632 2266 ﬁdei
1653 2221 1854 2268 nostrae
1874 2213 2188 2284 triumphus

602 2308 708 2365 est,
756 2310 813 2356 et
865 2302 1167 2357 asseruisse
1207 2314 1392 2359 nostra
1425 2313 1536 2358 tam
1574 2305 1816 2369 fortiter,
1861 2317 1916 2360 et
1955 2307 2187 2363 adversa

603 2397 916 2445 sanctarum
957 2391 1366 2461 Scripturarum
1410 2395 1739 2450 testimoniis
1777 2398 1858 2452 sic
1895 2397 2182 2454 devicisse.

603 2481 747 2549 Quid
785 2493 907 2555 agat
924 2483 1077 2554 jam?
1102 2483 1219 2550 Quo
1248 2501 1306 2540 se
1336 2486 1426 2540 ille
1457 2488 1830 2553 circumferat,
1853 2490 1947 2559 qui
1976 2499 2187 2546 amator

604 2574 788 2646 impiae
818 2578 1097 2643 novitatis,
1122 2579 1252 2632 dum
1283 2596 1383 2634 suo
1407 2582 1580 2634 voluit
1607 2582 1790 2652 potius
1820 2583 2038 2654 ingenio
2067 2601 2189 2640 ser-

601 2667 720 2723 vire
760 2684 923 2738 quam
964 2670 1203 2734 Christo,
1247 2671 1350 2725 sibi
1398 2672 1667 2727 creditam
1713 2674 1929 2742 plebem
1974 2691 2190 2730 veneno

602 2761 780 2814 voluit
817 2777 929 2817 sua:
970 2762 1375 2832 praedicationis
1424 2762 1687 2827 inﬁcere;
1730 2781 1854 2818 cum
1898 2773 1954 2821 et
2001 2768 2183 2838 legere

604 2852 858 2909 debuerit
885 2864 940 2909 et
971 2863 1180 2919 tenere,
1205 2871 1400 2925 pravas
1428 2857 1781 2926 quaestiones,
1830 2867 1887 2912 et
1920 2874 2042 2928 qua:
2074 2875 2185 2914 non

602 2946 896 3017 proﬁciant
932 2947 997 3001 ad
1039 2948 1300 3012 salutem,
1342 2948 1438 3003 sed
1471 2948 1538 3001 ad
1579 2949 1945 3018 perditionem
1981 2951 2188 3005 anima-

605 3053 728 3091 rum
787 3038 1052 3102 nitantur,
1084 3039 1334 3093 vitandas
1359 3039 1543 3108 potius
1581 3054 1744 3108 quam
1771 3040 2077 3108 sequendas
2097 3042 2141 3072 "
2165 3041 2188 3093 ?

2289 2029 2356 2100 σὴ
2389 2029 2616 2097 ἀγιότης
2644 2026 2988 2097 γεγράφηκε.
3023 2027 3209 2080 Πάντα
3248 2026 3317 2079 τὰ
3346 2025 3538 2078 δίκτυα
3560 2023 3660 2094 τῆς
3687 2021 3867 2085 δολίας

2289 2120 2654 2191 προσομιλίας
2683 2119 3029 2190 έγύμνωσας,
3065 2121 3162 2173 καὶ
3206 2117 3352 2171 οὕτω
3383 2117 3483 2188 τὴν
3514 2116 3697 2170 πίστιν
3722 2112 3869 2185 ὠχύ-

2293 2231 2496 2285 ρωσας,
2520 2213 2596 2276 ὡς
2624 2212 2698 2283 μὴ
2726 2212 2984 2266 δύνασθαι
3017 2211 3114 2283 τὴν
3145 2211 3374 2283 καρδίαν
3403 2209 3511 2262 τῶν
3543 2207 3620 2279 τῷ
3648 2204 3870 2279 Χριστῷ

2289 2306 2370 2376 τῷ
2398 2306 2518 2378 Θεῷ
2567 2305 2724 2376 ήμῶν
2774 2305 3144 2358 πιστευόντων
3191 2307 3271 2366 είς
3304 2302 3492 2374 ἓτερον
3540 2301 3870 2372 ἑλκυσθῆναι

2291 2399 2477 2470 μέρος.
2520 2399 2714 2465 Μέγας
2747 2391 2902 2460 οὗτός
2949 2398 3068 2449 ἐστι
3098 2397 3196 2466 τῆς
3237 2395 3514 2465 ἡμετέρας
3571 2393 3806 2455 πίστεως
3843 2393 3872 2446 6

2287 2488 2578 2560 θρίαμϐος,
2616 2489 2676 2542 τὸ
2707 2488 2990 2554 ἀποδεῖξαι
3028 2487 3096 2540 τά
3132 2487 3380 2557 ἡμέτερα
3413 2486 3586 2554 οὕτως
3613 2485 3872 2557 ἰσχυρῶς,

2287 2582 2383 2637 καὶ
2406 2581 2550 2636 οὕτω
2577 2579 2926 2653 νενικηκέναι
2956 2579 3026 2633 τά
3060 2579 3278 2633 ὲναντία
3308 2578 3398 2632 διά
3432 2579 3532 2648 τῆς
3571 2577 3681 2630 τῶν
3707 2577 3871 2630 θείων

2288 2673 2525 2746 Γραφῶν
2563 2672 2889 2744 μαρτυρίας.
2926 2671 2993 2724 Τί
3019 2670 3206 2724 λοιπον
3235 2668 3627 2741 διαπράξεταις
3665 2668 3736 2722 Ἢ
3767 2666 3871 2722 ποῦ

2292 2765 2484 2819 ἑαυτὸν
2525 2767 2733 2827 ἐκεῖνος
2769 2763 3157 2834 περιστρέψεις
3199 2763 3259 2825 ὃς
3310 2764 3606 2832 γενόμενος
3637 2758 3874 2831 ἐραστὴς

2293 2856 2528 2920 ἀσεϐοῦς
2556 2857 2633 2927 (5)
2681 2855 3072 2928 νεωτερισμοῦ,
3123 2856 3198 2917 ὡς
3233 2855 3483 2909 ἐϐούλετο
3516 2854 3720 2925 μᾶλλον
3755 2854 3876 2917 ταῖς

2296 2947 2493 3002 ἑαυτοῦ
2548 2950 2781 3013 ἐννοίαις
2827 2949 3101 3004 δουλεύειν
3153 2947 3354 3018 ἑαυτῷ,
3416 2949 3449 3019 ἢ
3501 2947 3578 3018 τῷ
3629 2944 3874 3018 Χριστῷ,

2294 3041 2387 3094 τὸν
2421 3043 2495 3105 (4)
2527 3041 2964 3113 ὲμπιστευθέντα
2994 3041 3172 3112 ἐαυτῷ
3205 3041 3374 3111 δῆμον
3404 3039 3605 3111 βλάψαι
3639 3037 3874 3110 ⁴Ιγθέλησα

604 3132 684 3202 τῷ
712 3131 812 3202 τῆς
846 3133 982 3196 ιδίας
1021 3133 1382 3206 προσομιλίας
1411 3133 1754 3204 δηλητηρίῳ,
1782 3134 1899 3188 δέον
1941 3136 2036 3188 καὶ
2073 3136 2382 3205 ἀναγνῶναι
2422 3138 2585 3191 τοῦτο
2629 3139 2725 3191 καὶ
2769 3139 3041 3208 κατέχειν,
3089 3138 3170 3191 ὅτι
3209 3137 3278 3190 τὰ
3321 3137 3526 3208 μάταια
3562 3136 3877 3207 ζητήματα,

606 3230 701 3282 καὶ
729 3229 802 3298 μὴ
838 3229 1218 3298 προκόπτοντα
1251 3232 1329 3292 εἰς
1364 3229 1596 3297 ὑγίειαν,
1625 3231 1762 3284 ἀλλὰ
1787 3232 2066 3302 χωροῦντα
2101 3235 2181 3298 είς
2218 3234 2407 3305 ψυχῶν
2459 3235 2760 3301 ἀπώλειαν,
2794 3236 3021 3304 φεύγειν
3062 3235 3284 3305 μᾶλλον,
3317 3234 3350 3305 ἢ
3379 3234 3659 3304 ἐπιζητεῖν
3686 3232 3788 3287 δεῖ.

674 3319 779 3392 ﬁl
821 3319 872 3373 5.
905 3319 1013 3375 Sed
1051 3321 1117 3375 ad
1144 3321 1445 3392 praecipitia
1471 3321 1842 3388 festinantem,
1875 3325 1986 3378 imo
2001 3327 2112 3395 jam
2137 3325 2192 3380 in
2223 3337 2266 3393 C

609 3411 898 3483 pmcipiti,
937 3412 1082 3467 unde
1118 3421 1356 3478 corruat,
1397 3413 1848 3480 constitutum,si
1893 3420 2190 3485 possimus,

610 3519 872 3560 revocare
893 3504 1179 3568 debemus,
1209 3521 1278 3559 ne
1305 3507 1518 3560 ruinam
1547 3509 1686 3577 ejus,
1712 3508 1757 3562 si
1787 3525 1895 3563 non
1921 3510 2192 3565 succurri-

613 3612 754 3661 mus,
780 3611 1091 3667 urgeamus.
1111 3596 1366 3652 Christus
1389 3597 1533 3652 Deus
1552 3608 1758 3663 noster,
1789 3600 1876 3654 cui
1905 3617 2015 3655 sure
2041 3618 2192 3671 quae-

613 3689 719 3744 stio
757 3688 1059 3744 nativitatis
1101 3689 1356 3752 infertur,
1396 3705 1494 3759 pro
1528 3706 1636 3743 una
1676 3706 1776 3745 ove
1814 3692 2064 3746 laborare
2095 3709 2195 3748 nos

613 3778 870 3842 docuit”,
899 3779 1090 3834 volens
1114 3793 1234 3833 eam
1259 3779 1375 3833 suis
1398 3795 1618 3849 quoque
1645 3780 1893 3835 humeris
1920 3783 2189 3848 revocari,

613 3888 683 3927 ne
708 3873 891 3942 rapaci
914 3873 1044 3941 lupo
1081 3881 1296 3940 pateret
1325 3872 1380 3925 in
1403 3871 1665 3941 praedam.
1693 3872 1761 3927 Et
1778 3871 1872 3942 qui
1903 3888 2002 3942 pro
2033 3873 2199 3928 unius

613 3963 734 4018 ovis
765 3977 987 4017 currere
1032 3961 1208 4016 salute
1253 3978 1354 4016 nos
1393 3961 1614 4027 docuit,
1665 3963 1904 4033 qualiter
1935 3979 2038 4017 nos
2080 3964 2198 4018 vult

613 4071 714 4127 pro
756 4056 1000 4124 ipsarum
1045 4053 1230 4107 ovium
1270 4054 1521 4108 laborare
1548 4061 1788 4123 pastore,
1828 4053 1922 4124 qui
1948 4053 2109 4110 oﬁicii
2143 4063 2199 4110 et

612 4145 854 4200 nominis
900 4145 1020 4215 ejus
1068 4143 1276 4198 oblitus
1314 4145 1370 4197 in
1418 4145 1774 4214 rapacitatem
1819 4144 1935 4216 lupi
1984 4159 2041 4201 se
2080 4145 2198 4217 ipse

612 4236 905 4300 convertit,
946 4251 1163 4307 gregem
1202 4236 1429 4302 cupiens
1467 4235 1697 4304 perdere
1731 4235 1839 4307 42
1882 4237 2045 4306 quem
2097 4237 2195 4292 de-

612 4326 808 4381 buerat
851 4327 1128 4381 custodire
1162 4326 1184 4380 ?
1222 4326 1396 4392 Quem
1435 4341 1534 4380 nos
1563 4342 1592 4380 a
1621 4327 1790 4395 septis
1819 4343 2084 4398 agnorum
2106 4345 2197 4384 re-

614 4432 834 4472 movere
859 4417 1143 4481 debemus,
1169 4417 1214 4472 si
1243 4433 1352 4471 non
1374 4417 1447 4470 ita
1472 4424 1533 4470 ut
1560 4417 1815 4472 volumus
1836 4419 2192 4490 corrigamus.

613 4507 697 4563 Sit
737 4523 863 4577 spes
897 4509 1071 4562 venia:
1115 4507 1414 4578 corrigenti
1447 4525 1461 4573 ;
1501 4508 1776 4563 malumus
1815 4509 1963 4564 enim
2005 4520 2065 4565 ut
2104 4527 2195 4568 re-

613 4607 861 4654 vertatur
891 4608 948 4654 et
980 4599 1145 4662 vivat,
1185 4601 1228 4654 si
1268 4601 1437 4654 vitam
1476 4599 1582 4654 sibi
1621 4602 2040 4656 commissorum
2079 4604 2195 4674 ipse

2382 3327 2520 3379 Ἀλλ’
2569 3328 2720 3392 ὅμως
2773 3330 2856 3391 είς
2913 3327 3195 3399 κρημνοὺς
3241 3326 3442 3389 αὐτοὺς
3497 3325 3876 3396 ἐπειγόμενον,

2299 3419 2500 3488 μᾶλλον
2537 3418 2594 3472 δὲ
2633 3418 2736 3489 ήδη
2763 3420 2820 3471 ὲν
2857 3418 3008 3489 αύτῷ
3036 3418 3115 3490 τῷ
3157 3417 3410 3490 κρημνῷ,
3454 3416 3576 3470 ὅθεν
3602 3418 3874 3478 πεσεῖται,

2293 3511 2572 3579 διάγοντα,
2602 3509 2656 3563 εί
2686 3527 2750 3580 γε
2795 3511 3096 3582 δυνάμεθα,
3140 3509 3528 3564 ἀνακαλεῖσθαι
3565 3508 3874 3580 ὀφείλομεν,

2298 3602 2372 3673 μὴ
2400 3602 2500 3674 τὴν
2522 3602 2729 3655 πτῶσιν
2750 3603 2915 3657 αὑτοῦ
2939 3601 3019 3673 τῷ
3043 3603 3269 3675 βοηθεῖν·
3291 3602 3366 3674 (5)
3405 3600 3874 3672 προσωθήσωμεν.

2304 3696 2364 3748 '0
2398 3697 2632 3766 Χριστὸς
2669 3697 2697 3748 6
2721 3697 2850 3760 Θεὸς
2876 3696 3055 3768 ἡμῶν,
3099 3690 3143 3764 ᾧ
3171 3696 3435 3764 ἐπάγεται
3479 3693 3708 3765 ζήτησις
3749 3688 3878 3762 περὶ

2295 3789 2395 3860 τῆς
2436 3789 2575 3852 ίδίας
2622 3790 2953 3861 γεννήσεως,
2989 3789 3229 3856 ἐδίδαξεν
3276 3789 3424 3859 ἡμᾶς
3463 3785 3694 3855 κάμνειν
3737 3781 3878 3852 ὑπὲρ

2299 3880 2578 3951 προϐάτου
2607 3881 2745 3944 ἐνὸς,
2781 3881 2950 3934 θέλων
2977 3883 3071 3935 καὶ
3105 3881 3192 3934 διὰ
3223 3881 3331 3933 τῶν
3373 3880 3516 3933 ἰδίων
3546 3876 3710 3948 ὤμων
3749 3876 3880 3929 ἀνα-

2298 3969 2604 4034 καλεῖσθαι,
2639 3970 2714 4034 ῶς
2746 3971 2822 4042 μὴ
2860 3971 3126 4042 ὲκκέηται
3169 3970 3248 4041 τῷ
3289 3969 3440 4040 λύκῳ
3469 3971 3548 4032 είς
3595 3966 3876 4039 ἁρπαγήν.

2298 4057 2432 4114 Εἶτα
2462 4062 2490 4114 6
2519 4060 2739 4126 διδάξας
2775 4064 2925 4132 ἡμᾶς
2964 4061 3109 4116 οὕτω
3149 4063 3379 4133 δραμεῖν
3425 4061 3565 4132 ὑπὲρ
3607 4058 3879 4127 σωτηρίας

2299 4149 2571 4222 προϐάτου
2590 4151 2729 4216 ἑνὸς,
2758 4153 2874 4216 πῶς
2902 4155 3008 4225 ἄρα
3039 4156 3187 4224 ἡμᾶς
3210 4135 3436 4224 κάμνειν
3459 4151 3708 4223 βούλεται
3738 4149 3879 4221 ὑπὲρ

2297 4242 2465 4296 αὑτοῦ
2496 4243 2593 4296 τοῦ
2617 4242 2729 4297 τῶν
2753 4244 3041 4315 προϐάτων
3069 4245 3360 4314 ποιμένος;
3389 4243 3447 4306 ὃς
3473 4241 3575 4310 τῆς
3606 4254 3879 4311 προσηγο-

2300 4336 2422 4408 ρίας
2451 4336 2657 4408 ταύτης
2690 4336 2784 4390 καὶ
2819 4335 2914 4390 τοῦ
2964 4337 3406 4407 ἐπαγγέλματος·
3431 4331 3875 4402 ἐπιλελησμένος,

2295 4427 2456 4490 αὐτὸς
2483 4429 2675 4484 ἑαυτὸν
2700 4431 2781 4493 είς
2806 4431 3063 4501 ἁρπαγὴν
3088 4429 3254 4482 λύκου
3277 4427 3353 4498 (6)
3379 4421 3732 4498 μετήλλαξεν,
3759 4424 3879 4476 ἐπι-

2297 4517 2486 4590 θυμῶν
2516 4520 2780 4574 ἀπολέσαι
2808 4521 2905 4592 τὴν
2932 4521 3156 4591 ἀγέλην,
3179 4520 3245 4591 ἥν
3271 4519 3434 4582 αὐτὸς
3459 4515 3655 4586 ὤφειλε
3679 4531 3877 4584 συντη-

2298 4610 2482 4682 ρῆσαι.
2521 4613 2724 4666 Τοῦτον
2750 4608 2842 4666 οὖν
2873 4615 3034 4684 ἡμεῖς
3072 4612 3180 4665 ἀπὸ
3213 4612 3311 4682 τῆς
3352 4607 3742 4680 περικλείσεως
3767 4605 3879 4658 τῶν

611 4707 722 4746 non
747 4691 957 4762 perdat.
987 4691 1069 4748 Sit
1091 4703 1278 4762 aperta
1302 4693 1575 4748 sententia
1605 4692 1679 4766 (‘2)
1713 4694 2034 4764 perduranti
2058 4713 2071 4762 ;
2097 4698 2189 4753 ah-

2302 4704 2491 4774 άμνῶν
2522 4704 2854 4774 ἀποκινῆσαι
2889 4705 3194 4777 ὀφείλομεν,
3234 4703 3328 4758 ὲάν
3371 4703 3448 4774 μὴ
3478 4701 3661 4767 αὑτὸν,
3693 4697 3770 4762 ὡς
3792 4695 3881 4751 θέ-

683 4810 726 4840 “
751 4809 907 4864 Joan.
939 4826 992 4873 χ,
1020 4809 1106 4862 Η.
1187 4811 1232 4842 ²⁹
1257 4812 1361 4866 Tit.
1402 4828 1477 4876 tu,
1497 4812 1550 4867 9.
1624 4813 1668 4844 ”
1701 4813 1833 4869 Luc.
1865 4831 1956 4880 xv,
1993 4816 2046 4871 5.

684 4899 1001 4978 (l).Ba.l‘uz.,
1033 4900 1528 4978 laniet._invenitur.
1554 4901 1778 4960 Graecus
1799 4914 1978 4978 textus
2002 4907 2192 4978 exigit:

612 4968 702 5026 Ita'
721 4968 812 5023 ille
840 4969 1025 5041 dignus
1045 4979 1119 5025 est
1142 4975 1231 5041 qui
1255 4984 1548 5037 accusetur,
1583 4991 1684 5028 non
1707 4985 1763 5029 ut
1795 4976 1970 5030 malus
1996 4968 2193 5032 mefre-

615 5042 820 5102 narius,
858 5042 1048 5116 quippe
1085 5045 1173 5116 qui
1211 5061 1313 5116 non
1348 5045 1628 5116 ideoiquod
1654 5062 1768 5099 oves
1791 5047 2081 5116 reliquerit,
2105 5066 2196 5101 ar—

615 5059 820 5102 nanus,
858 5059 1048 5110 quippe
1075 5059 1173 5164 (qui
1211 5061 1313 5096 non
1348 5059 1462 5096 ideo
1491 5059 1627 5114 quoa
1654 5062 1768 5099 oves
1791 5059 1952 5116 rettqu

613 5119 828 5182 guatnr,
853 5111 942 5162 sed
971 5129 1071 5182 quo
1130 5129 1216 5165 eas
1245 5115 1354 5182 ipse
1375 5113 1580 5168 laniare
1608 5118 1845 5170 inventus
1865 5117 1952 5172 sit.

686 5180 854 5252 (2)][1
892 5180 1145 5252 vulgatis,
1182 5185 1248 5236 sit
1267 5180 1418 5238 'certa
1453 5189 1729 5241 sententia.
1761 5188 1983 5243 Graecus
2013 5198 2193 5243 textus

613 5251 854 5328 postulat
871 5252 938 5303 sit
959 5251 1144 5328 aperta
1169 5257 1459 5328 sententia,
1486 5255 1590 5328 hoc
1611 5257 1899 5326 est,palam
1927 5269 1982 5312 et
2003 5269 2192 5328 aperte

613 5321 758 5376 dicta
783 5324 1053 5396 sententia
1084 5323 1391 5389 damnetur,
1419 5326 1463 5379 si
1493 5324 1548 5377 in
1572 5321 1762 5381 errore
1787 5321 2060 5396 persistat'.
2093 5328 2190 5383 Hic

615 5392 908 5469 respondet
939 5390 1270 5469 C(elestinus
1305 5410 1367 5469 ac
1409 5396 1569 5464 plane
1589 5390 1853 5469 satisfacit
1878 5398 2064 5469 Cyrilli
2099 5415 2192 5468 pe-

618 5461 817 5535 titioni.
859 5462 910 5516 Is
954 5465 1114 5535 enim;
1143 5466 1373 5533 epistola
1413 5461 1710 5535 Superiori,
1758 5485 1813 5521 n.
1849 5469 1899 5531 7,
1924 5461 2188 5523 'nondum

615 5531 840 5607 quidem
885 5548 1023 5607 seua
1070 5531 1305 5607 Nestorii
1346 5531 1729 5607 communione
1765 5547 1948 5607 aperte
1981 5540 2190 5594 disces-

617 5601 751 5679 sisse
798 5601 1149 5679 signiﬁcarat,
1191 5605 1286 5658 sed
1325 5605 1464 5679 quid
1501 5606 1761 5679 deinceps
1787 5601 1889 5663 sibi
1918 5609 2188 5679 agendum

617 5669 780 5793 forget;
817 5669 1172 5728 Coalestinum
1215 5684 1275 5728 ut
1308 5669 1505 5730 docere
1547 5669 1866 5750 dignaretur
1903 5669 2060 5736 enixe
2102 5696 2192 5735 ro-

618 5755 682 5793 tza
725 5758 752 5793 a
787 5783 798 5793 .

618 5750 798 5810 gabat.

691 5809 850 5884 (3)1n
870 5829 1000 5871 mss.
1039 5814 1191 5871 deest
1216 5814 1462 5880 ἀσεϐοῦς.

2376 4911 2450 4982 (4)
2482 4912 2628 4967 Edit.
2659 4911 2923 4966 δουλεύων
2953 4910 3106 4982 ὤφθη
3139 4908 3375 4979 έαυτῷῆ
3407 4907 3483 4979 τῷ
3508 4908 3730 4980 Χριστῷ
3783 4906 3870 4977 ἑξ-

2303 4981 2637 5044 ακολουθῶν,
2671 4984 2763 5035 καὶ
2785 4984 2896 5037 τόν.
2930 4981 3375 5050 Castigantur_ex
3399 4995 3528 5034 mss.

2373 5053 2448 5123 (5)
2501 5053 2560 5107 ln
2606 5053 2772 5122 regiis
2811 5048 3225 5123 exemplaribus
3263 5048 3464 5123 Graecis
3499 5058 3620 5118 post
3643 5049 3875 5123 verbum

2302 5119 2515 5192 βοηθεῖν
2542 5119 2763 5177 additur
2819 5124 2849 5191 ἢ
2889 5119 2986 5192 μή,
3010 5121 3154 5175 haud
3196 5119 3360 5192 dubie
3399 5136 3466 5174 ex
3500 5128 3629 5173 nota
3670 5121 3876 5190 margi-

2299 5191 2429 5256 nali,
2466 5210 2573 5262 qua
2605 5193 2730 5262 quis
2763 5191 3105 5261 antiquarius
3137 5191 3461 5260 particulam
3490 5191 3570 5262 μή
3593 5199 3718 5262 ante
3749 5206 3876 5262 ver-

2299 5263 2431 5316 bum
2469 5260 2787 5332 praadictum
2819 5260 3122 5317 desiderari
3145 5270 3449 5315 monuerat.
3482 5261 3617 5315 Nam
3650 5260 3793 5332 istud
3816 5261 3872 5332 ᾗ,

2298 5333 2404 5387 hoc
2445 5331 2529 5388 est
2559 5335 2664 5396 vel,
2704 5333 2998 5403 respondet.
3021 5339 3205 5385 nostro
3229 5333 3382 5400 forte,
3406 5346 3577 5403 eaque
3609 5331 3877 5402 particula

2294 5414 2489 5458 notare
2528 5407 2704 5459 solent
2743 5402 2955 5472 antiqui
2990 5403 3274 5472 lqctiones,
3310 5419 3446 5471 quas
3481 5402 3715 5470 vulgatis
3742 5417 3879 5472 prae-

2294 5419 2489 5458 notare
2528 5419 2704 5459 sonent
2743 5419 2955 5472 antiqui
2990 5419 3274 5526 ιὲἶιιιοηεε,
3310 5419 3446 5471 quas
3481 5419 3715 5470 vulgatis
3742 5419 3873 5470 prae-

2294 5473 2548 5528 ferendas
2593 5485 2819 5530 censent
2851 5489 2918 5527 ac
2953 5489 3002 5525 m
3063 5473 3224 5526 iores.
3263 5472 3497 5543 Censuit
3525 5473 3690 5543 igitur
3729 5471 3873 5543 anti-

2294 5546 2525 5613 quarius
2545 5545 2943 5625 noster_Gra;ce
2960 5543 3251 5625 legendum
3276 5542 3353 5611 τῷ
3379 5543 3451 5613 μὴ
3478 5542 3710 5625 βοηθεῖν,
3731 5542 3874 5610 ejus-

2292 5630 2399 5738 gue
2429 5629 2716 5670 censuram
2738 5615 2900 5670 lectio
2925 5615 3135 5678 Latina,
3163 5615 3207 5666 si
3228 5630 3328 5667 non
3343 5616 3721 5677 succurrimus,
3737 5625 3875 5667 con--

2335 5696 2493 5738 rmat.
2871 5709 2883 5721 -

2335 5696 2493 5739 rmat.
2871 5709 2883 5721 ‘

2365 5753 2440 5826 (6)
2476 5756 2552 5811 lla
2575 5772 2704 5811 mss.
2724 5755 2792 5811 At
2823 5756 2980 5822 cdit.,
3011 5757 3090 5820 εἰς
3117 5755 3340 5826 ἅρπαγα
3361 5753 3541 5811 λύκον.
