4146 6322
578 329 645 387 99
1611 324 1671 382 S.
1706 323 1984 381 CYRILLI
2023 321 2495 381 ALEXANDRINI
2530 324 2850 381 ARCHIEP.
3738 328 3843 389 {oo

578 442 871 513 colligere,
914 454 1125 510 eosque
1173 447 1234 494 ut
1282 436 1564 503 mendacia
1613 437 1671 492 in
1711 435 1910 507 vulgus
1956 435 2025 492 de
2075 450 2163 493 me

2271 433 2404 490 Θεὸν
2427 434 2586 498 ὄντας
2606 436 2706 508 ἤδη
2737 431 2987 508 Πατέρας
3017 436 3223 507 ἁγίους,
3247 437 3426 510 ψῆφον
3444 438 3599 495 ὁσίαν
3627 438 3845 511 ἐξενέγ-

579 543 858 605 spargant,
892 532 1199 587 subornare
1237 548 1346 586 non
1376 531 1598 586 desinit.
1641 531 1711 585 Et
1748 529 1892 585 forte
1928 545 2037 584 non
2071 529 2158 583 in-

2268 544 2482 591 καντες.
2528 528 2605 581 Δι’
2644 524 2714 600 ἧς
2749 524 2818 600 ἦν
2858 529 3009 593 εἰκὸς
3040 529 3437 602 θεραπεύεσθαι
3473 533 3565 587 καὶ
3604 533 3729 597 τοὺς
3752 534 3842 598 είς

575 624 719 695 juria
766 624 819 679 id
870 625 1033 680 nobis
1078 621 1410 679 incommodi
1454 621 1669 675 accidit.
1716 619 1852 673 Nam
1891 618 1937 674 si
1977 619 2156 673 zelum

2268 619 2451 673 πίστιν
2491 620 2851 690 ἠδικημένους
2891 620 3002 674 τῶν
3038 621 3202 677 λαῶν.
3237 623 3512 695 Πρόσειπε
3558 625 3655 697 τὴν
3688 625 3843 696 παρὰ

581 714 677 768 Dei
710 714 1116 778 habuissemus,
1147 711 1436 780 “sedulique
1467 711 1685 764 Patrum
1724 707 1944 778 pietatis
1971 708 2153 763 imita-

2268 714 2349 767 σοὶ
2379 714 2747 786 amomu-
2777 715 2897 788 σὲή
2940 717 3039 771 σὺν
3075 717 3200 788 ἐμοὶ
3245 719 3305 771 ὲν
3340 718 3843 791 Κυρίῳ-προσαγο-

582 816 729 861 tores
782 806 1122 889 fuissemus,
1160 805 1363 876 justam
1413 801 1736 873 jamdudum
1801 811 2154 871 sanctamque
2259 805 2428 876 ρεὺει.

581 897 1055 953 condemnationis
1100 877 1428 951 sententiam
1466 894 1521 948 in
1563 910 1661 949 eos
1699 894 2067 959 tulissemus,~
2100 894 2194 963 qui
2239 863 2431 953 dontra
2471 863 2750 954 Christum
2791 892 3037 971 obloqui,
3099 907 3158 954 et
3193 908 3300 956 tam
3337 917 3435 957 nos
3470 901 3620 973 ipsos
3651 902 3747 973 qui
3781 900 3843 958 in

581 989 724 1043 vivis
763 988 944 1043 adhuc
978 987 1247 1058 degimus,
1289 1001 1455 1056 imam
1488 995 1706 1040 sanctos
1767 985 1957 1040 Patres
1987 987 2080 1057 qui
2138 987 2251 1058 jam
2287 988 2417 1043 olim
2452 989 2524 1044 ad
2564 991 2737 1046 Deum
2781 991 3244 1063 commigrarunt,
3284 993 3629 1049 anathemate
3670 993 3841 1051 ferire

579 1084 700 1139 ausi
737 1091 885 1138 sunt.
923 1082 1039 1150 Qua
1082 1081 1301 1151 quidem
1338 1081 1611 1136 sententia
1636 1089 1691 1135 et
1726 1080 1795 1136 iis
1859 1096 2100 1151 quoque,
2134 1088 2195 1135 ut
2266 1083 2554 1152 probabile
2594 1085 2674 1153 ﬁt,
2714 1096 3028 1156 poteramus
3063 1086 3294 1153 mederi,
3318 1088 3413 1158 qui
3438 1104 3503 1143 ex
3524 1087 3683 1158 plebe
3710 1087 3840 1143 ﬁdei

581 1176 895 1234 scandalum
924 1174 1068 1246 passi
1098 1174 1334 1255 fuerant.
1367 1172 1553 1227 Saluta
1601 1188 1723 1228 quae
1760 1180 1941 1227 tecum
1986 1180 2069 1227 est
2107 1171 2507 1231 fraternitatem
2536 1194 2550 1231 :
2578 1185 2631 1233 te
2652 1219 2667 1245 ,
2701 1194 2823 1250 quae
2855 1195 3069 1235 mecum
3106 1188 3211 1247 est,
3255 1180 3315 1235 in
3340 1182 3574 1239 Domino
3612 1180 3837 1237 salutat.

1810 1420 2143 1477 EPISTOLA
2184 1421 2278 1476 XV
2318 1421 2410 1493 (ol.
2450 1419 2612 1480 XIII).

1672 1569 1843 1609 ACACII
1870 1571 2078 1611 BERCEE
2116 1573 2353 1614 EPISCOPI
2395 1574 2462 1612 AD
2496 1573 2772 1614 εῑιιιιιωι.

651 1671 937 1742 Benignius
961 1668 1027 1722 de
1052 1666 1283 1722 Nestorii
1315 1668 1531 1738 ejusque
1578 1669 1841 1721 sociorum
1890 1684 2069 1723 errore
2106 1670 2495 1744 judicandum,
2548 1687 2652 1744 nec
2687 1671 2935 1744 ’σενα-ξω
2993 1687 3112 1726 cum
3136 1670 3211 1727 eis
3258 1672 3553 1744 agendum;
3598 1671 3839 1727 wntdcm

1483 1754 1686 1809 quoque
1716 1755 1827 1792 esse
1851 1756 2063 1794 sensum
2090 1740 2314 1796 Joannis
2348 1742 2659 1796 Antiocheni
2700 1740 2987 1812 signiﬁcat.

655 1880 892 1936 Domino
922 1893 1048 1934 meo
1073 1893 1172 1947 per
1207 1877 1395 1931 omnia
1427 1874 1791 1939 sanctissime,
1829 1877 2051 1947 Deoque
2076 1878 2161 1933 di-

2334 1878 2425 1950 Τῷ
2444 1879 2682 1954 δεσπότῃ
2728 1897 2831 1951 μου
2860 1878 2937 1950 τῷ
2979 1877 3158 1934 πάντα
3201 1880 3488 1950 ἁγιωτάτῳ
3533 1882 3627 1935 καὶ
3658 1882 3841 1953 θεοφι-

578 1976 880 2032 lectissimo
910 1974 1170 2045 episcopo
1189 1972 1415 2044 Cyrillo,
1442 1970 1673 2026 Aeacius
1724 1972 1778 2025 in
1811 1973 2041 2029 Domino
2075 1989 2159 2029 sa—
2186 2024 2189 2025 ν

581 2069 776 2124 lutcm.
2100 2078 2107 2085 ‘

654 2181 884 2237 Pietatis
904 2189 1013 2235 ture
1043 2180 1257 2234 litteras
1276 2193 1455 2249 nuper
1498 2178 1565 2231 ad
1611 2191 1712 2230 nos
1742 2177 2000 2246 perlatas,
2028 2189 2158 2244 pro-

580 2287 701 2351 pter
732 2291 983 2331 rumores
1017 2285 1074 2330 et
1105 2272 1367 2327 turbasin
1395 2272 1531 2326 urbe
1554 2268 2159 2339 Constantinopolitana

581 2370 872 2429 excitatas,
924 2365 1176 2421 infaustis
1221 2363 1477 2436 lacrymis
1549 2351 1912 2431 lamentisque
1970 2360 2160 2430 plenas

580 2462 711 2533 legi,
744 2460 800 2514 in
832 2459 1032 2531 quibus
1068 2458 1249 2512 elucet
1280 2454 1607 2512 Christianae
1635 2454 1760 2507 fidei
1792 2450 2156 2523 profunditas,

584 2554 715 2609 dum
737 2554 842 2607 hoc
868 2552 1035 2607 etiam
1072 2550 1216 2604 inter
1246 2550 1349 2603 alia
1382 2548 1692 2611 continent,
1725 2544 1997 2615 principio
2018 2558 2160 2613 quo-

582 2662 690 2717 que
720 2647 837 2699 haec
865 2644 921 2697 in
964 2640 1210 2697 medium
1259 2639 1459 2694 afferre
1510 2653 1979 2707 supervacaneum
2022 2636 2161 2691 fuis-

581 2733 838 2801 se.Quam
854 2733 1000 2787 enim
1020 2731 1312 2786 utilitatem
1332 2728 1560 2800 insignis
1572 2727 1984 2797 ille_disputator
1998 2726 2163 2794 Apol-

581 2825 775 2881 linaris
810 2824 1153 2879 Laodiccnus
1179 2822 1235 2876 in
1267 2821 1565 2876 Ecclesiam
1594 2820 1796 2886 attulit,
1827 2820 1959 2874 dum
1989 2819 2162 2874 veluti

583 2935 728 2974 unus
743 2934 773 2973 e
791 2917 1137 2989 principibus
1157 2916 1226 2971 de
1250 2925 1398 2971 recta
1423 2914 1527 2970 fide
1552 2913 1815 2971 adversus
1832 2913 1959 2967 ﬁdei
1976 2913 2163 2967 hostes

583 3011 861 3083 depugnat
877 3010 898 3062 ?
912 3009 995 3063 An
1014 3024 1147 3073 non,
1161 3008 1293 3063 dum
1321 3022 1433 3062 suae
1451 3005 1735 3077 sapientiae
1755 3005 1988 3060 nimium
2007 3002 2159 3069 ﬁdit,

584 3103 825 3173 dumque
847 3117 914 3155 ex
943 3101 1110 3155 inviis
1133 3101 1407 3169 planeque
1438 3097 1966 3167 impermeabilibus,
2001 3110 2165 3165 quos-

585 3196 712 3250 dam
740 3203 952 3249 meatus
977 3203 1033 3248 et
1065 3191 1223 3262 quasi
1274 3190 1391 3244 vias
1426 3190 1483 3243 in
1518 3188 2006 3243 incontaminatam
2035 3186 2165 3242 sim-
2190 3228 2234 3287 ϐ

586 3289 896 3359 plicemque
929 3283 1135 3340 Christi
1164 3283 1326 3337 fidem
1358 3281 1708 3337 introducere
1737 3278 1956 3345 nititur,
1988 3277 2043 3333 id
2066 3292 2162 3332 co-

586 3387 718 3433 natu
746 3393 845 3432 suo
885 3383 1215 3432 consecutus
1240 3382 1344 3436 est,
1402 3381 1462 3427 ut
1508 3371 1576 3425 ab
1599 3369 1853 3424 universa
1895 3366 2164 3424 catholica

586 3470 832 3527 Ecclesia
846 3470 993 3523 inter
1009 3466 1389 3523 schismaticos
1403 3462 1736 3518 haberetur?
1755 3462 1839 3517 An
1856 3477 1965 3516 non
1984 3477 2013 3515 a
2029 3476 2166 3532 quo-

588 3564 713 3641 dam
725 3561 969 3635 ἀνθ-64
980 3559 1094 3632 (sic)
1110 3565 1359 3613 veterum
1372 3557 1756 3627 episcoporum
1774 3555 1987 3626 integro
1999 3569 2165 3609 sensu

587 3664 645 3710 et
674 3654 915 3725 perfecta
939 3651 1139 3707 mentis
1168 3650 1530 3721 intelligentia
1547 3648 1756 3705 dictum
1779 3657 1883 3713 est,
1910 3648 2041 3703 dum
2066 3648 2165 3702 be»

589 3766 659 3804 ne
695 3748 940 3811 aﬁ’ectos,
964 3761 1033 3801 ne
1054 3744 1331 3800 curiosius
1360 3759 1483 3813 quae
1501 3744 1802 3797 humanum
1830 3746 2048 3810 captum
2070 3754 2165 3794 ex-

592 3840 797 3896 cedunt
828 3838 1284 3910 pervestigarent,
1308 3835 1609 3906 reprimere
1639 3833 1834 3889 vellet:
1859 3830 2166 3898 Quomodo,

592 3933 789 4002 inquit,
829 3932 991 3986 Pater
1013 3928 1367 4000 Unigenitum
1408 3926 1681 3998 genuerit,
1730 3922 1949 3980 silentio
1990 3922 2167 3977 hono—

592 4032 746 4078 retur
775 4022 877 4095 (5)?
902 4022 969 4075 Et
1010 4020 1066 4073 in
1082 4018 1355 4073 sermonis
1383 4031 1678 4088 progressu
1709 4013 1898 4069 addit:
1929 4012 2169 4085 Hujusce

595 4114 676 4170 rei
726 4112 1074 4183 investigatio
1103 4125 1295 4165 omnes
1327 4107 1723 4180 propemodum
1772 4106 2025 4162 caelestes
2057 4105 2171 4159 vir-

562 4216 761 4283 .tutes,
815 4205 1020 4260 nedum
1094 4204 1351 4259 homines
1406 4202 1761 4258 hominumve
1810 4199 2171 4271 cogitationes

594 4298 832 4355 excedit.
858 4295 1146 4363 Quomodo
1187 4311 1319 4365 ergo
1369 4293 1682 4349 necessaria
1725 4290 2170 4360 conveniensque

592 4407 706 4445 non
748 4399 832 4443 est
890 4389 981 4443 illa
1027 4403 1309 4443 sacrarum
1364 4386 1775 4456 Scripturarum
1830 4383 2166 4441 admonitio:

603 4502 621 4533 ι
640 4481 851 4536 Altiora
884 4488 937 4534 te
963 4496 1031 4534 ne
1049 4480 1361 4549 quaesieris,
1386 4487 1444 4534 et
1475 4478 1709 4533 fortiora
1746 4486 1801 4533 te
1827 4491 1895 4532 ne
1910 4492 2168 4547 perscru-

2262 1973 2505 2043 λεστάτῳ
2572 1973 2863 2043 ὲπισκόπῳ
2914 1972 3172 2045 Κυρίλλῳ
3237 1975 3490 2040 Ἀκάκιος
3541 1977 3600 2029 ὲν
3647 1976 3841 2050 Κυρίῳ

2263 2066 2493 2138 χαίρειν.

2346 2178 2629 2251 Ἐνέτυχον
2657 2179 2948 2250 γράμμασι
2988 2178 3087 2249 τῆς
3138 2179 3237 2250 σῆς
3272 2175 3609 2242 θεοσεϐείας,
3648 2177 3712 2232 ὲκ
3744 2178 3843 2233 τοῦ

2264 2271 2534 2339 σύνεγγυς
2566 2272 2702 2343 ἡμῖν
2735 2270 3079 2325 άποδοθεῖσιν
3111 2271 3428 2335 ἀπευκτοις,
3455 2268 3711 2342 δακρύων
3743 2273 3845 2326 καὶ

2263 2363 2478 2435 θρήνων
2510 2366 2751 2434 μεστοῖς,
2781 2361 2889 2416 τῶν
2908 2362 3049 2416 κατὰ
3080 2362 3649 2417 Κωνσταντινοὺπολιν
3679 2362 3848 2435 θρυλ-

2262 2456 2537 2526 λουμένων
2576 2456 2763 2509 ἕνεκεν
2783 2472 2796 2486 ·
2833 2459 2891 2511 ὲν
2920 2449 3004 2519 οἷς
3028 2454 3123 2509 καὶ
3153 2458 3351 2527 κρατεῖ
3387 2455 3449 2509 τὸ
3489 2454 3649 2528 βάθος
3682 2464 3709 2493 ν
3739 2454 3848 2524 τῆς

2262 2549 2404 2604 κατὰ
2451 2549 2686 2621 Χριστὸν
2736 2547 3011 2613 πίστεως,
3053 2547 3189 2602 καθὸ
3237 2548 3318 2601 δεῖ
3368 2527 3706 2620 μετέχουσιν.
3766 2527 3847 2614 ὼς

2263 2645 2517 2716 περιττὸν
2544 2640 2614 2715 ἦν
2631 2643 2812 2711 τοῦτο,
2845 2644 2940 2698 καὶ
2964 2642 3062 2714 τὴν
3082 2641 3257 2714 ἀρχὴν
3279 2644 3360 2707 είς
3392 2642 3557 2713 μέσον
3586 2640 3845 2714 ἀχθῆναι.

2263 2738 2328 2791 Τί
2364 2736 2473 2810 γὰρ
2506 2736 2718 2808 ὤνησεν
2758 2736 3138 2809 ’Δπολινάριος
3166 2736 3205 2788 ὁ
3226 2734 3545 2800 Λαοδικεὺς,
3573 2728 3655 2799 εἷς
3681 2732 3757 2788 ὢν
3784 2734 3849 2787 ιν

2263 2830 2377 2893 τοῖς
2405 2827 2715 2900 ἔμπροσθεν
2757 2828 2787 2880 ὀ
2821 2827 2999 2899 μέγας
3031 2826 3370 2897 ἀγωνιστὴς,
3399 2826 3428 2878 ὁ
3456 2825 3600 2897 ὑπὲρ
3621 2825 3720 2896 τῆς
3751 2824 3848 2895 ὀρ-

2270 2919 2373 2992 θῆς
2405 2920 2640 2985 πίστεως
2670 2920 2950 2992 κραταιῶς
3002 2919 3138 2991 πρὸς
3165 2919 3293 2983 τοὺς
3334 2918 3564 2991 ἐχθροὺς
3599 2916 3850 2989 μαχεσά-

2270 3029 2467 3093 μιινοςς
2514 3012 2811 3085 Θαρσήσας
2849 3010 3045 3065 ἑαυτοῦ
3074 3013 3140 3081 τῇ
3186 3010 3387 3083 σοφίᾳ,
3430 3011 3526 3065 καὶ
3571 3009 3845 3081 ἐθελήσας

2266 3108 2698 3175 παρεισαγαγεῖν
2733 3103 2793 3170 ἐξ
2820 3104 3041 3175 ἀπόρων
3072 3103 3273 3175 πόρους
3312 3102 3465 3168 τινὰς
3506 3104 3573 3174 τῇ
3627 3100 3853 3174 καθαρᾷ.

2266 3196 2362 3251 καὶ
2386 3196 2559 3267 ἀδόλῳ
2592 3195 2688 3250 τοῦ
2715 3195 2955 3267 Χριστοῦ
2992 3195 3196 3260 πίστει,
3228 3195 3289 3248 οὑ
3334 3194 3749 3266 παρεσκεύασεν
3783 3195 3847 3249 tv

2267 3289 2379 3352 τοῖς
2418 3291 2800 3360 σχισματικοῖς
2833 3288 3028 3342 ἑαυτὸν
3064 3286 3213 3358 παρά
3240 3288 3306 3358 τῇ
3343 3286 3572 3341 καθόλου
3614 3286 3851 3359 Ἐκκλη-
3924 3288 3927 3289 ⁷

2268 3379 2360 3449 σίᾳ
2387 3377 2733 3450 λογισθῆναι;
2762 3378 2875 3431 Οὑκ
2906 3378 3122 3450 εἴρηταί
3142 3395 3247 3431 τινι
3277 3378 3385 3433 τῶν
3410 3378 3517 3451 πρὸ
3541 3381 3573 3449 ἡ
3584 3378 3700 3450 μῶν
3727 3376 3847 3433 ἑπι-

2269 3471 2508 3535 σκόπων,
2543 3471 2855 3524 ἀναστεῖλαι
2887 3480 2914 3506 ι
2946 3469 3271 3541 βουλομένῳ,
3298 3471 3367 3525 τὰ
3397 3472 3538 3543 ὑπὲρ
3560 3472 3851 3544 ἄνθρωπον

2272 3560 2348 3632 μὴ
2383 3559 2841 3632 περιεργάζεσθαι
2872 3561 3001 3624 τοὺς
3040 3557 3099 3613 εὖ
3131 3559 3531 3631 διακειμένους,
3560 3562 3855 3635 έρρωμὲνῃ

2269 3655 2337 3725 τῇ
2377 3652 2589 3723 διανοίᾳ
2637 3653 2732 3705 καὶ
2775 3652 2980 3705 ὲντελεῖ
3007 3652 3221 3705 συνέσει
3266 3652 3470 3725 ταύτην
3499 3653 3724 3727 ρήξαντι
3750 3654 3855 3727 τὴν

2272 3745 2485 3816 φωνήν·
2514 3744 2639 3808 Πῶς
2661 3747 2688 3799 ὁ
2714 3744 2905 3816 Πατὴρ
2932 3744 3025 3799 τόν
3051 3746 3329 3818 Μονογενῆ
3360 3746 3640 3817 ἐγέννησε,
3670 3750 3853 3820 σιωπῇ

2269 3838 2521 3909 τιμάσθω
2548 3855 2562 3903 ;
2609 3838 2719 3891 Καὶ
2746 3839 3027 3910 προϊόντος
3055 3836 3151 3891 τοῦ
3182 3838 3341 3907 λόγου
3359 3880 3374 3902 ,
3420 3838 3858 3911 ἀπηριθμήσατο

2270 3932 2344 3994 ὡς
2395 3930 2749 3985 Διαλανθάνει
2780 3930 2874 4000 ἥδε
2916 3931 2949 4001 ἠ
2992 3930 3187 4001 ἔρευνα
3235 3932 3379 3986 κατὰ
3425 3931 3623 4004 μικρὸν
3671 3932 3860 3997 πάσας

2270 4023 2407 4093 ὁμοῦ
2448 4023 2546 4088 τὰς
2591 4023 2713 4076 κατ’
2762 4023 3001 4095 οὐρανὸν,
3021 4023 3303 4094 δυνάμεις,
3371 4025 3601 4094 μήτοιγε
3638 4023 3855 4093 ἀνθρὼ-

2272 4132 2428 4179 πους,
2474 4115 2569 4167 καὶ
2596 4114 2803 4173 ἔννοιαν
2837 4114 3159 4185 ἀνθρώπων.
3206 4114 3331 4178 Πῶς
3362 4114 3419 4169 δὲ
3443 4116 3545 4169 οὐκ
3576 4115 3857 4184 ἀναγκαία.

2271 4209 2366 4263 καὶ
2404 4207 2749 4280 πρέπουσαὴ
2785 4208 3109 4278 παραίνεσις
3134 4208 3243 4260 τῶν
3272 4207 3433 4261 θείων
3466 4208 3721 4280 Γραφῶν.
3756 4209 3858 4265 ικ-

2273 4301 2603 4355 διδάσκουσα
2628 4315 2643 4330 ·
2677 4317 2695 4350 ι
2731 4298 3018 4372 Βαθύτερά
3048 4318 3142 4354 σου
3177 4302 3252 4372 μὴ
3293 4302 3468 4371 ζήτει.
3503 4303 3599 4357 καὶ
3633 4303 3859 4375 ἰσχυρό-

2272 4393 2409 4464 τερά
2451 4409 2544 4445 σου
2591 4391 2665 4463 μὴ
2697 4391 2918 4457 ἐξέταζε
2949 4402 2999 4448 γ.
3054 4394 3120 4445 ’Δ
3174 4394 3487 4463 προσετάγη
3523 4411 3605 4447 σοι
3632 4435 3645 4458 ,
3680 4394 3863 4449 ταῦτα

2273 4483 2504 4539 διανοοῦ.
2544 4484 2619 4537 Uti
2676 4485 2784 4555 γὰρ
2827 4485 2988 4556 χρεία
3039 4502 3122 4538 σοι
3168 4485 3279 4539 τῶν
3318 4485 3666 4556 κρυπτῶν;,»
3705 4488 3769 4539 Οἱ
3796 4486 3861 4541 δὲ

599 4583 745 4629 tatus
792 4572 984 4628 fueris.
1028 4572 1159 4638 Quae
1209 4572 1306 4626 tibi
1358 4579 1628 4641 prmeepta
1670 4577 1818 4635 sunt,
1861 4584 1926 4624 ea
1972 4567 2168 4639 cogita.

2279 4575 2807 4647 ὑπεραπολογεῖσθαι
2843 4576 3132 4647 ζητοῦντες
3153 4576 3263 4631 τῶν
3282 4576 3457 4631 ταῦτα
3481 4578 3732 4649 ἐννοῆσαι
3753 4581 3857 4633 καὶ⁵

598 4665 717 4719 Non
742 4664 889 4717 enim
917 4662 1017 4716 tibi
1045 4661 1418 4717 necessarium
1444 4675 1507 4715 ea
1533 4676 1656 4730 qua:
1682 4658 2006 4714 abscondita
2045 4666 2168 4713 sunt

2281 4671 2493 4740 φράσαι
2540 4668 3031 4739 ἐπιχειρησάντων,
3083 4668 3387 4741 παρόμοιόν
3418 4686 3470 4721 τι
3504 4669 3720 4738 λέγουσι
3752 4688 3863 4725 πε-

596 4757 786 4812 videre
815 4756 993 4811 oculis
1041 4756 1152 4810 tuis
1181 4756 1299 4808 "‘2:
1334 4754 1461 4809 Illos
1502 4761 1685 4809 autem
1732 4751 1828 4822 qui
1866 4750 2168 4821 inquirunt,

2276 4761 2557 4821 πονοέναι,
2585 4754 2658 4813 ὧν
2688 4760 2986 4831 ὑπέμεινεν
3014 4763 3043 4815 δ
3079 4761 3348 4834 μακάριος
3380 4761 3643 4826 Παυλῖνος
3676 4765 3706 4817 ὁ
3736 4763 3866 4817 ἐπί-

599 4863 706 4918 qua
738 4849 952 4902 ratione
985 4862 1084 4902 eos
1103 4856 1368 4901 excusent
1394 4846 1486 4916 qui
1511 4846 1628 4900 haec
1667 4842 2003 4916 cognoscere
2037 4842 2168 4899 eﬁ‘a—

2280 4870 2507 4919 σκοπος,
2550 4852 2607 4915 ὃς
2653 4856 2951 4924 παρῃτεῖτο
2992 4855 3144 4926 τρεῖς
3188 4854 3516 4919 ὑποστάσεις
3546 4855 3725 4923 λέγειν
3759 4857 3867 4928 ρη-

602 4940 717 4995 rive
771 4941 1048 5004 laborant,
1100 4939 1375 5011 ejusmodi
1417 4940 1549 5009 quid
1583 4955 1774 5010 passos
1825 4938 2000 5004 aiunt,
2055 4953 2168 5009 quae

2276 4946 2385 5009 τῶς
2408 4985 2423 5008 ,
2454 4945 2680 5016 δυνάμει
2712 4948 2804 5000 καί
2836 4944 3051 5016 ἀληθῶς
3079 4945 3248 4999 ταῦτα
3276 4956 3297 4984 ι
3333 4948 3573 5019 φρονῶν,
3598 4948 3774 5003 ταῦτα
3804 4951 3862 4987 ι’

601 5033 763 5087 beato
795 5033 1025 5088 Paulino
1049 5034 1312 5104 episcopo
1345 5034 1611 5089 accidisse
1662 5033 1901 5109 traditur
1954 5032 2054 5104 (2).
2079 5033 2168 5087 Hic

2282 5035 2503 5107 μετιών.
2567 5038 2931 5109 Ἢκολούθησε
2968 5039 3045 5093 ’δὲ
3091 5042 3205 5103 τοῖς
3261 5039 3498 5104 δυτικοῖς
3552 5040 3869 5109 θεοφιλέσιν

601 5126 748 5180 enim
772 5126 874 5179 etsi
901 5133 1012 5180 tres
1044 5124 1368 5197 hypostases
1409 5126 1587 5196 palam
1647 5125 1833 5180 dicere
1875 5136 2174 5191 recusaret,

602 5232 665 5272 re
704 5227 884 5272 tamen
929 5228 987 5273 et
1020 5208 1225 5273 virtute
1246 5219 1316 5273 ab
1360 5212 1581 5274 illorum
1637 5218 1906 5273 sententia
1971 5226 2028 5271 et
2074 5216 2177 5271 ﬁde

602 5312 825 5385 quihoc
863 5309 1288 5380 proﬁtebantur,
1316 5324 1428 5367 non
1490 5309 1803 5366 recedebat.
1847 5308 2176 5365 Sectabatur

674 5446 711 5479 ³³
734 5446 903 5503 Eccli.
938 5462 1014 5512 In,
1035 5446 1124 5502 22.

2284 5128 2599 5192 ἐπισκόποις
2624 5168 2638 5192 ,
2686 5130 2764 5200 τῷ
2796 5130 3126 5184 ὲστενῶσθαι
3163 5131 3260 5202 τὴν
3308 5131 3621 5204 Ῥωμαϊκὴν
3650 5132 3867 5203 φωνὴν,

2284 5220 2377 5271 καὶ
2411 5218 2774 5289 μὴδύνασθαι
2820 5220 2957 5289 πρὸς
2995 5219 3094 5290 τὴν
3127 5221 3404 5292 ἡμετέραν
3449 5219 3561 5274 τῶν
3606 5217 3871 5290 Γραῖκῶν

2286 5308 2509 5379 φράσιν,
2539 5312 2691 5380 τρεῖς
2727 5310 3052 5375 ὑποστάσεις
3074 5310 3273 5379 λέγειν.

1697 5538 1872 5594 Variae
1894 5523 2157 5594 lectiones
2186 5538 2395 5593 codicis
2425 5537 2785 5608 Seguieriani.

671 5666 701 5696 ν
734 5657 923 5721 πάθος.
1004 5667 1029 5695 ι
1053 5658 1393 5728 ἀναγγεῖλαι.
1472 5668 1499 5707 ἲ
1535 5655 1924 5729 περιεργάζου.
2006 5666 2027 5693 ²
2062 5657 2129 5711 τὰ
2160 5654 2318 5710 αὑτά.
2400 5660 2446 5692 ιθ
2474 5657 2543 5709 τὶι
2571 5657 2730 5710 αὐτά.

673 5766 750 5833 (ι)
777 5767 938 5823 Basil.
968 5768 1023 5824 in
1045 5780 1187 5827 orat.
1212 5769 1287 5825 De
1310 5772 1583 5826 nativitate
1605 5769 1819 5826 Christi.

2358 5768 2432 5841 (ξ’.)
2468 5769 2603 5825 Vide
2632 5769 2854 5825 Ilicron.
2887 5771 3047 5842 epist.
3083 5772 3149 5828 57
3175 5782 3234 5828 et
3258 5771 3329 5828 58
3378 5772 3445 5830 ad
3471 5772 3796 5838 Damasum.
