4146 6322
263 330 359 388 101

1667 336 2007 397 EPISTOLA
2046 330 2163 389 XV.

3438 325 3547 384 ωε

263 453 355 510 hic
410 460 599 509 autem
651 451 934 523 piissimos
977 450 1293 508 Occidentis
1350 453 1664 523 episcopos,
1728 461 2022 521 propterea
2048 445 2196 519 quod
2236 446 2498 501 Romana:
2544 443 3084 515 lingum'angustia,
3145 442 3309 500 sicuti
3356 453 3549 503 nostra

265 546 450 600 Graeca
474 542 719 614 phrasis,
749 552 863 599 tres
893 541 1217 613 bypostases
1239 540 1426 597 dicere
1446 541 1735 597 commode
1776 557 1887 597 non
1925 540 2085 596 ferat.
3094 602 3105 614 .

332 638 484 707 Πλὴν
509 638 597 691 ὅτι
624 636 731 709 χρὴ
774 636 985 699 πάντας
1011 637 1161 707 ἡμᾶς
1197 639 1323 702 τοὺς
1351 636 1844 714 δυναμένους-συν-

2024 631 2517 689 Verumenimvero
2568 639 2790 701 oportet
2834 646 2936 685 nos
3014 646 3228 697 omnes,
3286 632 3382 702 qui
3426 633 3549 691 ,Ερ-

264 731 446 800 αλγεῖν
497 730 597 783 καὶ
660 729 1006 801 συμπάσχειν
1057 730 1123 801 τῇ
1185 728 1482 799 Ἐκκλησία
1524 726 1619 780 τοῦ
1669 725 1849 792 Θεοῦ,

258 815 394 896 ’περὶ
417 821 619 876 πολλοῦ
645 822 891 891 ποιῆσαι,
915 821 1269 875 καταστεῖλαι
1294 820 1394 893 τὴν
1424 819 1852 890 ἐξαγγελθεῖσαν

264 918 486 989 φωνην·
537 916 688 978 ὅπως
743 912 817 985 μὴ
874 913 1145 985 πρόφασις
1196 912 1324 983 δοθῇ
1382 915 1497 977 τοῖς
1549 911 1852 982 διασχίζειν

263 1007 360 1060 καὶ
405 1004 718 1075 διατέμνειν
770 1002 871 1073 τὴν
942 1002 1273 1074 Ἐκκλησίαν
1316 1000 1412 1057 τοῦ
1450 1002 1586 1057 Θεοῦ
1618 1002 1852 1073 ἑτοίμως

262 1096 469 1167 ἔχουσι.
503 1095 596 1149 Διὸ
635 1093 743 1167 χρὴ
791 1097 891 1167 τὴν
926 1093 1025 1165 σὴν
1058 1094 1248 1165 ἐντελῆ
1296 1094 1390 1147 καὶ
1422 1088 1850 1165 ἀπηρτισμένην

262 1189 507 1255 σύνεσιν,
534 1190 584 1243 εί
627 1188 720 1244 καί
753 1205 836 1242 τοι
868 1188 1110 1241 τοιοῦτον
1140 1186 1239 1259 τὴν
1286 1188 1465 1259 ἀρχὴν
1496 1185 1757 1256 ἐλέγχθη,
1789 1184 1851 1238 τὸ

261 1282 453 1336 λυπεῖν
505 1291 531 1322 ι
579 1282 676 1335 καὶ
720 1280 1102 1352 διαταράττειν
1173 1265 1402 1342 πολλοὺς
1446 1278 1555 1331 τῶν
1602 1276 1851 1331 εὐλαϐὦν

262 1373 361 1428 καὶ
404 1370 775 1443 φιλοχρίστων
815 1370 1149 1441 δυνάμενον,
1185 1370 1538 1424 καταστεῖλαι
1591 1368 1655 1423 τὸ
1696 1386 1852 1440 κινη-

264 1466 387 1520 θέψ
436 1464 489 1518 εί
518 1463 612 1518 καὶ
655 1462 724 1517 τά
769 1461 1038 1534 μάλιστα,
1071 1462 1145 1526 ὼς
1199 1460 1414 1531 φθάσας
1451 1460 1609 1531 ἔφην,
1663 1458 1851 1513 πολλοὶ

259 1556 373 1611 τῶν
425 1555 537 1610 ἀπὸ
594 1552 1227 1617 Κωνσταντινουπόλεως
1282 1552 1700 1624 ἀφικνουμένων
1760 1554 1846 1618 είς

277 1649 612 1718 Ἀντιόχειαν
644 1646 741 1700 καὶ
784 1644 923 1717 πρὸς
972 1646 1122 1716 ἡμᾶς
1146 1685 1162 1709 ,
1203 1643 1363 1699 τοῦτο
1414 1645 1514 1716 μὲν
1546 1646 1867 1717 κληρικῶν,·

260 1742 420 1798 τοῦτο
439 1740 500 1795 δὲ
521 1739 745 1805 λαῖκῶν,
765 1740 1087 1809 συνηγορεῖν
1106 1736 1322 1792 δοκοῦσι
1342 1737 1420 1808 τῷ
1438 1737 1659 1809 ῥηθέντι
1678 1738 1847 1810 ῥητῷ,

258 1836 361 1891 οὐκ
386 1833 651 1897 ἐναντίως
668 1829 1002 1904 ἔχοντικατὰ
1034 1829 1274 1884 διάνοιαν
1385 1831 1719 1903 ἀποστολικῇ
1757 1832 1849 1885 πί-

260 1945 377 1983 στει
405 1967 419 1991 ,
452 1927 682 1999 προσέτι
714 1924 773 1979 δὲ
806 1926 899 1978 καὶ
925 1927 993 1997 τῇ
1020 1924 1129 1978 τῶν
1158 1923 1330 1993 ἁγίων
1360 1922 1626 1994 Πατέρων
1649 1923 1759 1977 τῶν
1793 1925 1851 1977 ἐν

1953 723 2136 779 clesia:
2170 723 2267 777 Dei
2292 722 2468 776 vicem
2491 720 2705 785 dolere,
2739 721 3035 791 eidemque
3081 721 3320 791 compati
3344 738 3545 793 possu-

1921 830 2096 873 .mus.
2133 815 2349 869 nullum
2408 829 2517 868 non
2567 823 2825 867 conatum
2885 827 2949 867 ac
2997 812 3241 867 studium
3280 813 3547 873 adbibere

1951 921 2063 975 quo
2087 920 2283 961 vocem
2328 905 2472 960 male
2516 904 2762 974 elapsam
2814 904 3206 973 reprimamus,
3257 920 3328 959 ne
3378 919 3545 975 quam

1951 998 2083 1053 hinc
2107 998 2459 1053 occasionem
2485 1004 2834 1068 aucupentur
2864 996 2941 1051 illi
2974 996 3073 1066 qui
3118 996 3217 1050 Dei
3238 996 3547 1053 Ecclesiam

1951 1090 2215 1145 divellere
2246 1089 2676 1159 discindereque
2701 1088 2880 1159 parati
2903 1097 3050 1143 sunt.
3097 1087 3467 1155 Quamobrem
3497 1089 3547 1147 si

1951 1183 2083 1253 quid
2108 1182 2217 1238 tale
2244 1183 2405 1238 initio
2434 1182 2667 1246 eiﬂuxit,
2724 1181 2873 1252 quod
2927 1183 3135 1236 multos
3175 1182 3375 1237 merito
3411 1182 3546 1238 reli-

1952 1275 2144 1345 giosos
2169 1276 2401 1347 piosque
2442 1275 2701 1331 homines
2732 1275 2935 1346 aﬁligat
2957 1285 3015 1330 et
3050 1275 3368 1336 conturbet.
3392 1283 3547 1331 tuam

1953 1366 2335 1437 integritatem
2383 1367 2757 1437 omnibusque
2799 1368 3054 1422 numeris
3083 1366 3393 1423 absolutam
3412 1383 3549 1439 pru-

1952 1458 2198 1514 dentiam
2259 1475 2611 1530 summopere
2640 1460 2742 1515 niti
2794 1460 2974 1523 decet,
3026 1468 3087 1516 ut
3135 1470 3349 1517 motum
3394 1462 3549 1518 hunc

1952 1551 2219 1605 continuo
2258 1551 2455 1616 sedet,
2497 1567 2837 1621 quanquam,
2880 1561 2942 1607 ut
2969 1554 3083 1624 jam
3137 1553 3271 1617 dixi,
3319 1554 3547 1624 plurimi

1953 1651 2072 1698 tum
2097 1644 2249 1699 clero
2276 1644 2524 1715 ascripti,
2552 1652 2668 1699 tum
2696 1645 2879 1715 plebei
2906 1660 3222 1716 quoque,ex
3237 1646 3375 1702 urbe
3397 1646 3547 1702 Con-

1953 1736 2448 1806 stantinopolitana
2467 1738 2819 1793 Antiochiam
2868 1747 2926 1795 et
2954 1739 3022 1794 ad
3076 1754 3178 1794 nos
3228 1756 3406 1810 usque
3450 1756 3548 1797 ve-

1952 1829 2196 1897 nientes,
2228 1829 2529 1887 defendere
2552 1831 2817 1887 videntur
2836 1834 2982 1903 quod
3007 1833 3219 1889 dictum
3248 1842 3352 1889 esL
3376 1834 3550 1891 Aiunt

1953 1922 2103 1977 enim
2138 1922 2195 1977 in
2216 1938 2381 1979 sensu
2408 1923 2545 1978 nihil
2582 1924 2871 1989 continere
2898 1926 3046 1995 quod
3106 1927 3191 1980 vel
3231 1926 3549 1996 apostolicae

255 2019 466 2091 Νικαίᾳ
496 1990 861 2071 συνελθόντων
878 1990 1003 2088 περὶ
1024 2015 1120 2069 τοῦ
1156 1990 1467 2085 ὁμοουσίου,
1491 1990 1844 2086 θἐσπισθείσῃ

1954 2014 2223 2070 doctrina:
2281 2016 2627 2083 adversetur,
2660 2018 2748 2073 vel
2797 1990 2932 2072 ﬁdei
2957 2034 2988 2073 a
3034 2020 3242 2073 sanctis
3265 1990 3551 2075 -Patribus

254 2113 351 2166 καὶ
373 2111 683 2183 διαδοθείσῃ
703 2112 782 2175 είς
806 2111 987 2165 πᾶσαν
1006 2108 1105 2180 τὴν
1130 2107 1361 2162 καθόλου
1396 2107 1744 2177 Ἐκκλησίαν.
1777 2108 1851 2161 Τὸ

256 2204 440 2259 τοίνυν
468 2202 690 2257 συνετὸν
719 2202 813 2257 καὶ
837 2200 1255 2273 συμπαθητικδν
1274 2201 1373 2254 καὶ
1389 2202 1604 2266 ἐντελὲς
1627 2202 1726 2274 τῆς
1750 2202 1851 2273 σῆς

257 2295 565 2367 ἱερωσύνης
590 2335 603 2359 ,
644 2291 838 2365 καιροῦ
880 2292 1176 2355 καλοῦντος
1203 2331 1219 2353 ,
1270 2293 1646 2357 ἐπιδείξασθαι
1711 2311 1850 2347 κατ-

255 2386 494 2452 αξίωσον
520 2402 533 2415 ·
570 2383 964 2454 μεσιτευούσης
995 2400 1091 2437 σου
1122 2383 1225 2454 τῆς
1265 2384 1599 2455 ἁγιωσύνης,
1648 2384 1727 2455 τῷ
1758 2386 1851 2453 ρη.

255 2478 403 2533 θέντι
435 2476 589 2551 ῥητῷ
619 2462 757 2548 πρὸς
776 2477 906 2540 τοὺς
927 2474 1273 2540 ἀκούσαντας
1302 2479 1397 2530 καὶ
1423 2476 1841 2549 διαρραγέντάςο

254 2569 397 2624 ὥστε
447 2586 543 2623 σου
592 2567 691 2640 τὴν
744 2569 1055 2639 ἁγιωσύνην
1089 2570 1276 2623 ἐκεῖνα
1322 2570 1592 2641 φρονῆσαί
1639 2587 1697 2622 τε
1748 2570 1844 2623 καὶ

252 2662 601 2726 ἐπιτελέσαι,
658 2660 696 2715 θ.
745 2660 1074 2731 δυνήσεται,
1141 2661 1549 2732 χειμαζομένης
1600 2663 1694 2714 ἐπὶ
1746 2662 1842 2715 τοῦ

256 2754 533 2824 παρόντος
582 2752 683 2823 τῆς
712 2752 946 2807 καθόλου
983 2752 1315 2824 Ἐκκλησίας
1338 2794 1353 2819 ,
1382 2752 1462 2805 ἐτι
1498 2752 1702 2823 μᾶλλον
1744 2755 1839 2808 καὶ

259 2847 465 2919 μᾶλλον
492 2847 574 2911 είς
595 2844 728 2915 ῦψος
750 2842 1195 2916 άναπεμφθῆναι,
1224 2847 1528 2916 Δεσποτικῇ
1552 2863 1659 2899 τινι
1692 2849 1845 2919 φωνῇ

254 2938 565 3011 χρώμενον,
619 2938 712 2991 καὶ.
754 2936 1098 3008 ἐπιτιμῶντα
1134 2938 1203 3007 τῇ
1235 2939 1400 3009 νοητῇ
1432 2936 1673 3009 θαλάττῃ
1696 2979 1712 3000 ,
1751 2938 1846 2989 ἐπὶ

253 3030 349 3085 τοῦ
372 3030 644 3098 παρόντος
670 3028 903 3101 δοκούσῃ
930 3028 1410 3101 διαταράττεσθαι,
1441 3031 1535 3085 καὶ
1568 3031 1845 3098 ἐπάγοντα

254 3124 337 3190 τὸ,
376 3142 397 3176 ι
428 3121 641 3181 Σιώπα.
679 3121 986 3193 πεφίμωσο.
1027 3140 1047 3173 ι

1955 2106 2012 2161 ἰη
2057 2108 2261 2172 Nicata,
2305 2110 2372 2163 ad
2423 2109 2759 2165 homousion
2812 2111 3267 2165 constituendum
3311 2127 3543 2183 congre-

1950 2197 2111 2267 gatis,
2152 2198 2393 2253 deﬁnitae
2438 2210 2495 2254 et
2554 2200 2825 2255 universae
2875 2200 3139 2255 Ecclesiae
3178 2200 3399 2256 traditae
3446 2215 3543 2256 re-

1952 2299 2178 2362 pugnet.
2243 2291 2382 2347 Cum
2434 2308 2683 2363 prassens
2769 2292 2956 2362 itaque
3033 2301 3259 2363 tempus
3306 2293 3375 2349 ad
3439 2293 3548 2351 hoc

1952 2392 2233 2454 provocet,
2282 2384 2571 2449 elabores,
2629 2400 2846 2455 quaeso,
2917 2394 3190 2455 quantum
3250 2385 3548 2457 prudentia

1951 2485 2008 2531 et
2033 2476 2415 2546 compassione
2459 2476 2648 2530 valeas
2674 2518 2688 2541 ,
2717 2476 3041 2531 ostendere:
3106 2492 3286 2547 neque
3353 2492 3548 2549 grave-

1951 2568 2027 2623 ris
2064 2569 2309 2638 elapsum
2364 2567 2595 2622 verbum
2636 2568 2691 2621 in
2732 2583 2928 2623 eorum
2972 2569 3209 2639 gratiam
3249 2569 3346 2639 qui
3398 2569 3544 2623 hau-

1950 2670 2165 2726 serunt,
2190 2670 2247 2715 et
2268 2660 2340 2716 ob
2371 2660 2425 2715 id
2443 2659 2647 2715 divulsi
2665 2668 2817 2719 sunt,
2836 2675 2937 2729 per
2956 2670 3105 2715 tuam
3135 2661 3244 2733 65
3271 2662 3544 2718 sanctita-

1950 2761 2100 2818 tem,
2170 2755 2363 2823 tuique
2413 2751 2712 2808 sacerdotii
2769 2754 3199 2823 auctoritatem,
3258 2752 3329 2808 ad
3414 2769 3546 2809 eum

1947 2846 2173 2901 modum
2198 2845 2570 2915 comprimere
2591 2884 2607 2911 ,
2638 2852 2700 2898 ut
2722 2859 2787 2899 ea
2806 2859 2956 2899 nunc
2982 2845 3262 2915 praecipue
3282 2844 3544 2901 meditari

1950 2938 2248 3008 molirique
2300 2936 2548 2991 videaris
2601 2951 2725 3007 quae
2773 2937 3005 3006 poteris,
3061 2936 3307 2992 Ecclesia
3354 2937 3546 2992 catho-

1946 3030 2053 3086 lica
2076 3031 2321 3101 graviter
2340 3030 2448 3084 hoc
2491 3038 2743 3099 tempore
2765 3029 2968 3099 agitata
3008 3037 3066 3086 et
3125 3029 3391 3085 ﬂuctibus
3440 3046 3543 3101 pe-

1947 3140 2017 3179 ne
2065 3139 2243 3178 mersa
2280 3124 2449 3195 magis
2493 3122 2778 3194 magisque
2831 3123 3364 3187 intumescentibus;
3404 3138 3542 3178 voce

255 3217 493 3291 proinde
536 3216 825 3273 Dominica
853 3226 1039 3282 utens,
1079 3215 1439 3287 spiritaleque
1500 3231 1673 3277 mare,
1725 3216 1875 3287 quod
1913 3219 2079 3273 modo
2133 3218 2417 3273 turbatum
2462 3216 2741 3281 cernitur,
2782 3216 3098 3288 increpans,
3149 3214 3284 3271 illud
3341 3214 3543 3286 depro-

257 3328 402 3369 mas:
442 3330 461 3363 ‹
487 3310 652 3375 Tace,
677 3309 998 3365 obmutesce
1020 3311 1087 3364 ³⁸.
1111 3330 1130 3362 ι

338 3403 604 3474 Ἔποίησα
632 3402 689 3456 δὲ
728 3402 1144 3472 ἀναγνωσθῆναι
1174 3405 1273 3474 τὴν
1306 3402 1594 3474 ἐπιστολὴν
1618 3402 1720 3472 τῆς
1745 3402 1844 3473 σῆς

2017 3403 2246 3458 Pietatis
2301 3412 2407 3457 tua:
2466 3401 2754 3473 epistolam
2798 3400 3149 3455 sanctissimo
3198 3398 3397 3455 Joanni
3430 3399 3539 3455 Ec-

254 3494 591 3559 θεοσεὸείας,
621 3493 700 3565 τῷ
727 3494 1018 3564 ἁγιωτάτῳ
1055 3496 1339 3567 tam):ng
1389 3496 1611 3567 Ἰωάννῃ
1636 3494 1714 3565 τῷ
1742 3496 1839 3566 τῆς

266 3586 625 3658 ’Δντιοχείας,
662 3585 757 3639 καὶ
789 3585 1137 3649 κατακούσας
1175 3587 1316 3658 μετά
1342 3586 1544 3658 πολλῆς
1583 3586 1680 3655 τῆς
1713 3603 1841 3639 συν-

253 3678 568 3750 αισθήσεως
604 3679 699 3732 καὶ
726 3678 1097 3749 συμπαθείας,
1144 3679 1216 3733 τά
1258 3680 1398 3733 αὐτὰ
1427 3683 1559 3751 ἡμῖν
1590 3678 1840 3751 βούλεται

252 3772 634 3844 πρεσευτικὴν
671 3772 898 3839 άγουσιύ
927 3770 1166 3842 ἠλικίαν,
1197 3772 1392 3825 νεωστὶ
1421 3774 1501 3835 εἰς
1534 3770 1841 3841 ἐπισκοπὴν

252 3862 532 3935 ἐληλυθώς
558 3879 571 3891 ’
606 3862 666 3926 ὂς
693 3864 758 3934 τῇ
794 3861 888 3915 τοῦ
910 3861 1044 3915 Θεοῦ
1082 3863 1266 3934 χάριτι
1289 3864 1526 3933 ἀκμάζει
1553 3866 1609 3916 ἐν
1636 3866 1746 3927 τοῖς
1769 3866 1837 3933 τῇ

253 3957 533 4025 ἐπισκοπῇ
560 3956 842 4025 προσεῖναι
859 3954 1165 4022 ὀφείλουσιν
1184 3954 1550 4018 ἐπάθλοις,ὠς
1581 3953 1723 4024 μέγα
1752 3954 1839 4006 ἐπ’

254 4044 405 4116 αύτῷ
458 4046 698 4115 φρονεῖν,
752 4044 849 4097 καὶ
918 4043 1280 4115 σεμνύνεσθαι
1327 4045 1539 4107 πάντας
1568 4046 1694 4108 τοὺς
1738 4043 1841 4113 τῆς

271 4138 552 4207 Ανατολῆς
571 4135 1007 4200 ἐπισκόπους,πα
1016 4136 1267 4206 ρακαλῶν
1283 4154 1376 4190 σου
1393 4126 1490 4207 τὴν
1504 4137 1837 4202 θεοσέϐειαν,

251 4229 329 4292 ὡς
366 4225 896 4297 παραλαμϐάνεται,
944 4226 1087 4279 ὥστε
1141 4244 1233 4280 σου
1280 4226 1379 4298 τὴν
1427 4229 1723 4298 άγιοσύνην
1768 4233 1836 4302 τῇ

253 4319 548 4391 πρεπούσῃ
571 4318 599 4357 b
628 4318 764 4388 αὐτῇ
798 4317 1011 4371 συνέσει
1044 4319 1421 4390 χρησαμένην,
1457 4321 1840 4392 μεταχειρίσα-

254 4413 382 4467 σθαι
408 4411 471 4463 τὸ
504 4410 815 4480 ἐπισυμόάν
843 4411 945 4463 οὐκ
978 4410 1203 4465 ἀνεκτὸν
1232 4413 1405 4482 ῥῆμα,
1443 4412 1519 4475 ὡς
1539 4412 1607 4464 δι’
1632 4406 1706 4465 ὧν
1744 4414 1839 4468 λα-

251 4505 385 4567 λεῖς,
417 4503 489 4555 δι’
538 4495 613 4555 ὧν
644 4503 906 4573 πράττεις
930 4544 944 4569 ,
981 4502 1043 4555 τὸ
1084 4504 1462 4567 άποστολικὸν,
1499 4503 1693 4574 καιροῦ
1734 4524 1837 4559 κα-

254 4594 502 4657 λοῦντος,
544 4591 790 4664 ἐπιδείξῃ
816 4591 877 4644 τὸ
924 4591 1168 4660 φάσκονσ
1208 4612 1226 4643 ‹
1290 4593 1419 4647 Ἐὰν
1461 4594 1600 4649 θέλω
1630 4599 1838 4669 χρήσα-

256 4683 383 4737 σθαι
416 4684 485 4752 τῇ
522 4680 742 4752 ἐξουσίᾳ
768 4720 783 4743 ,
888 4680 1089 4734 ἔδωκεν
1121 4683 1254 4752 ἡμῖν
1284 4681 1312 4733 ὁ
1350 4681 1484 4747 Θεὸς
1516 4686 1597 4748 είς
1630 4686 1837 4740 οἰκοδο-

1951 3495 2133 3551 clesia:
2154 3495 2513 3550 Antioclienae
2543 3494 2807 3564 episcopo
2834 3491 2939 3563 legi
2958 3491 3185 3557 curavi;
3216 3506 3382 3562 quam
3436 3490 3531 3548 ille

1949 3604 2170 3659 quoque
2190 3603 2403 3643 summa
2447 3586 2783 3661 attentione,
2802 3599 2906 3639 nec
2942 3599 3113 3654 parvo
3133 3583 3341 3638 doloris
3369 3598 3539 3640 sensu

1948 3680 2181 3735 audivit.
2213 3680 2350 3734 Nam
2377 3679 2508 3733 licet
2535 3693 2731 3733 recens
2759 3676 3057 3731 admodum
3078 3675 3145 3730 ad
3160 3675 3539 3746 episcopatum

1948 3773 2185 3838 venerit,
2225 3772 2417 3827 eadem
2440 3780 2624 3825 tamen
2646 3771 2767 3825 vult
2791 3779 2848 3824 et
2873 3769 3042 3825 sentit
3070 3784 3193 3839 quae
3221 3784 3324 3824 nos
3345 3784 3536 3836 senes;

1948 3863 2227 3933 quietiam
2245 3862 2339 3916 Dei
2364 3861 2538 3932 gratia
2559 3862 2829 3923 munitus,
2854 3859 2909 3913 in
2934 3858 3260 3913 muneribus
3283 3859 3540 3913 certami-

1948 3956 2224 4024 nibusque
2248 3954 2510 4024 episcopo
2534 3952 2716 4025 dignis
2737 3952 2876 4007 adeo
2910 3967 2967 4006 se
3000 3950 3147 4021 gerit
3178 3952 3419 4021 egregie,
3475 3959 3539 4005 ut

1948 4063 2070 4103 sese
2106 4047 2174 4102 de
2196 4047 2517 4117 illojactent
2545 4044 2945 4117 magniﬁcoque
2974 4040 3271 4113 loquantur
3295 4041 3539 4098 Orientis

1947 4141 2193 4210 cpisc0pi
2212 4155 2423 4194 omnes.
2458 4138 2561 4193 Hic
2589 4148 2741 4193 tuam
2786 4152 3031 4207 quoque,
3084 4145 3145 4189 ut
3186 4134 3386 4200 fertur,
3414 4133 3537 4205 pie-

1948 4239 2115 4286 tatem
2142 4232 2343 4286 obnixe
2377 4238 2610 4302 rogatut
2652 4230 2916 4285 sanctitas
2970 4238 3085 4292 tua,
3120 4243 3185 4282 ea
3211 4241 3321 4297 qua
3365 4226 3538 4296 pollet

1950 4322 2248 4392 prudentia
2279 4337 2397 4385 usa,
2440 4322 2674 4376 verbum
2717 4319 2855 4374 illud
2884 4318 3030 4389 quod
3062 4316 3267 4373 excidit
3306 4325 3364 4371 et
3393 4316 3534 4371 tole-

1950 4414 2060 4468 rari
2089 4430 2201 4469 non
2242 4413 2428 4477 debet,
2462 4413 2529 4467 ad
2558 4428 2685 4467 eum
2720 4412 2947 4465 modum
2969 4419 3185 4473 tractet,
3220 4417 3280 4462 ut
3301 4417 3409 4463 tam
3436 4424 3536 4478 per

1947 4515 2013 4553 ea
2043 4516 2165 4569 qua:
2192 4501 2409 4555 dictura
2443 4510 2549 4564 est,
2573 4516 2735 4570 quam
2759 4516 2858 4571 per
2877 4514 2941 4553 ea
2968 4512 3187 4552 rursum
3223 4512 3345 4567 quae
3363 4497 3537 4553 factu-

1947 4606 2008 4645 ra
2062 4600 2167 4651 est,
2195 4592 2487 4647 occasione
2523 4591 2590 4645 ad
2645 4592 2751 4647 hoc
2809 4608 2957 4647 nunc
3001 4598 3355 4661 provocante,
3398 4588 3534 4645 illud

1950 4683 2315 4754 apostolicum
2337 4685 2579 4739 eluceat:
2631 4703 2649 4735 ι
2672 4684 2728 4739 Si
2760 4700 2847 4747 ea,
2896 4683 3095 4753 inquit,
3132 4689 3406 4752 potestate
3431 4696 3521 4738 vo-

257 4775 385 4845 μὴν,
419 4776 519 4827 καὶ
548 4772 649 4826 οὐκ
679 4772 761 4835 εἰς
795 4771 1118 4843 καθαίρεσιν
1138 4812 1152 4835 ,
1192 4772 1292 4826 οὐκ
1320 4774 1774 4847 αἰσχυνθήσομαι,
1813 4798 1831 4831 ι

1948 4774 2105 4829 luero
2132 4774 2211 4828 uti
2259 4791 2425 4845 quam
2467 4773 2622 4828 dedit
2652 4774 2813 4827 nobis
2834 4774 2977 4827 Deus
2995 4772 3049 4825 in
3088 4769 3530 4835 aediﬁcationem,

252 4867 359 4921 Τὸν
397 4866 457 4919 δὲ
489 4864 867 4919 ποθεινότατον
894 4864 985 4917 τὸν
1008 4863 1076 4917 τὰ
1106 4865 1411 4937 γράμματα
1448 4869 1603 4940 ἡμῶν
1633 4871 1837 4939 ἐπαγό-

256 4976 441 5032 μενον,
466 4957 656 5009 πιστὸν
699 4957 831 5010 ὄντα
882 4956 979 5009 καὶ
1037 4956 1365 5027 Χρὶστιανον
1413 4961 1477 5012 ἐκ
1531 4962 1836 5031 προγόνων,

252 5049 595 5115 καταξὶωσον
627 5052 694 5120 τῇ
719 5047 916 5121 ἐνούσῃ
947 5048 1039 5101 καὶ
1067 5049 1450 5120 ἐνυπαρχούσῃ
1487 5068 1569 5103 σοι
1610 5054 1840 5122 φιλαγα-

253 5144 346 5215 θία
368 5186 383 5209 ,
416 5141 823 5213 προστήσεσθαι
856 5152 878 5177 π
902 5157 917 5171 σ
967 5144 1061 5193 καὶ
1092 5142 1151 5195 ἐν
1194 5135 1275 5203 οἷς
1309 5141 1374 5194 ἂν
1403 5141 1621 5213 δεηθείη
1646 5184 1657 5202 ,
1708 5161 1842 5215 προ-

252 5238 404 5299 νοίας
443 5235 606 5288 αὑτὸν
633 5233 863 5298 ἀξιῶσαι
892 5236 990 5302 τῆς
1021 5233 1105 5285 σοὶ
1142 5234 1480 5304 πρεπούσης.
1521 5236 1710 5287 Πᾶσαν
1740 5235 1838 5306 τὴν

254 5328 356 5381 σὺν
384 5330 469 5381 σο¹ι
507 5327 882 5397 ἀδελφότητα,
910 5323 1022 5395 ἐγὼ
1065 5342 1124 5379 τε
1161 5325 1251 5378 καὶ
1291 5326 1341 5378 οἱ
1392 5327 1489 5379 σὺν
1516 5328 1638 5397 ἐμοὶ
1668 5344 1840 5399 προσ-

252 5417 613 5489 ιγορεύομεν.

325 5575 555 5632 “Marc.
591 5593 665 5643 tv,
691 5574 781 5629 59.
855 5574 901 5606 ³³
939 5574 983 5629 ll
1010 5574 1139 5631 Cor.
1181 5592 1235 5641 ς,
1263 5576 1313 5630 8.

1946 4875 2134 4923 etnon
2163 4869 2218 4922 in
2248 4868 2706 4932 destructionem,
2730 4884 2840 4921 non
2874 4866 3196 4920 erubescam
3220 4864 3285 4917 ³³.
3313 4884 3331 4915 ι
3355 4862 3531 4919 ϐαδιε-

1944 4975 2063 5012 rum
2083 4959 2613 5013 desideratissimum
2667 4959 2817 5013 hunc
2859 4966 3111 5012 nostrum
3159 4955 3530 5018 tabellarium,

1944 5051 2039 5120 qui
2062 5053 2173 5122 jam
2202 5050 2326 5105 inde
2352 5068 2380 5105 a
2408 5050 2717 5121 majoribus
2735 5050 2850 5105 suis
2881 5048 3062 5103 ﬁdelis
3094 5056 3145 5101 et
3180 5045 3531 5106 Christianus

1942 5152 2045 5207 est,
2078 5159 2180 5213 pro
2223 5160 2286 5198 ea
2336 5160 2457 5214 qua:
2499 5146 2659 5214 plane
2701 5144 2801 5197 tibi
2852 5143 3015 5197 insita
3039 5150 3122 5196 est
3163 5140 3527 5211 benignitate,

1947 5236 2232 5305 suscipere
2261 5236 2538 5306 digneris;
2591 5246 2647 5291 et
2680 5237 2725 5290 si
2760 5252 2867 5306 qua
2895 5235 2947 5288 in
2989 5250 3049 5289 re
3094 5249 3320 5303 operam
3376 5240 3527 5286 tuam

1943 5327 2299 5391 desiderabit,
2331 5339 2444 5391 tua,
2466 5344 2671 5398 quzeso,
2722 5325 3070 5397 providentia
3101 5324 3179 5379 illi
3217 5340 3327 5379 non
3358 5323 3527 5378 desis.

1947 5418 2143 5474 Totam
2171 5436 2294 5489 quae
2322 5429 2501 5475 tecum
2533 5419 3058 5484 estl‘raternitatem,
3081 5426 3137 5473 et
3162 5430 3284 5489 ego,
3319 5423 3377 5470 et
3431 5418 3529 5487 qui

1942 5526 2163 5566 mecum
2184 5521 2333 5577 sunt,
2355 5512 2656 5583 plurimum
2683 5512 3005 5568 salutamus.

1356 5669 1530 5725 Variae
1554 5672 1819 5729 lectiones
1843 5673 2049 5733 codicis
2085 5675 2449 5748 Seguicriani.

320 5797 347 5829 ι
380 5784 615 5842 λυποῦν.
705 5784 732 5823 ιι
760 5781 1061 5855 προσιούσῃ.
1137 5795 1157 5821 ε
1194 5782 1281 5837 ἵσ.
1308 5783 1649 5855 προσίεσθαι.
