4146 6322
696 378 796 435 10⁸1

1684 368 1740 423 5.
1781 367 2053 423 CYRILLI
2093 368 2557 425 ALEXANDBIM
2607 372 2917 427 ARCHIEP.

689 494 968 565 quomodo
996 487 1266 545 sermonis
1289 487 1492 543 Christi
1530 502 1803 542 memores
1827 502 1948 541 esse
1971 501 2079 541 non
2114 496 2235 550 pote

2340 536 2343 547 _
2372 486 2453 540 ὅτι
2483 482 2645 559 ἦλθον
2680 489 2863 559 βαλεῖν
2898 491 2990 543 ἐπὶ
3034 492 3129 562 τὴν
3161 491 3264 561 γῆν
3290 493 3536 564 εἰρήνην,
3574 494 3711 548 ἁλλὰ
3741 497 3948 568 μάχαι-

692 581 901 638 rimus?
928 598 956 632 π(
985 580 1108 637 Non
1144 580 1367 651 putetis,
1397 578 1596 648 inquit,
1620 580 1766 648 quod
1798 592 1985 649 pacem
2019 576 2264 632 venerim

694 671 911 726 mittere
932 686 1100 741 super
1120 677 1344 733 terram,
1372 667 1467 723 sed
1493 666 1751 739 gladium.
1780 667 1913 722 Veni
1939 666 2263 745 enimjdivi-

689 762 822 819 dere
845 762 1123 818 hominem
1149 767 1337 817 contra
1359 766 1570 829 patrem
1598 774 1779 823 suum,
1804 766 1858 812 ct
1880 756 2046 812 ﬁliam
2072 765 2264 813 contra

687 862 922 911 matrem
947 853 1113 909 suam'
1129 852 1224 905 ³⁷.»
1244 850 1403 906 Certe
1429 849 1474 904 si
1505 850 1639 905 ﬁdes
1659 850 1914 913 violatur,
1937 848 2118 903 omnis
2142 864 2262 903 om-

686 946 820 1002 nino
865 960 995 1015 erga
1037 948 1294 1013 parentes
1338 940 1645 995 reverentia
1686 949 1946 1010 tanquam
1988 939 2170 995 inanis
2206 950 2264 995 et

685 1036 993 1108 periculosa
1015 1032 1219 1098 valeat;
1252 1032 1483 1087 facessat
1508 1031 1595 1086 lex
1620 1030 1711 1086 illa
1732 1031 1938 1086 amoris
1968 1046 2095 1103 erga
2122 1031 2261 1095 libe-

686 1144 776 1185 ros
816 1136 873 1183 et
914 1127 1115 1183 fratres
1150 1143 1163 1178 :
1200 1125 1329 1195 quia
1369 1124 1509 1179 mori
1557 1124 1748 1194 utique
1792 1124 1965 1179 satius
2028 1134 2113 1179 est
2157 1124 2262 1194 piis

682 1232 847 1290 quam
890 1217 1095 1282 vivere,
1133 1235 1152 1265 ‹
1187 1222 1249 1268 ut
1285 1214 1591 1278 meliorem,
1631 1233 1648 1265 ι
1695 1213 1839 1268 sicut
1865 1214 2130 1284 scriptum
2155 1223 2257 1277 est,

691 1329 709 1363 ι
741 1308 1023 1365 inveniant
1051 1306 1512 1362 resurrectionem
1539 1305 1602 1358 ³⁸.
1635 1324 1654 1356 ›

751 1401 891 1457 Ecce
915 1400 1083 1471 igitur
1105 1416 1211 1454 una
1231 1414 1357 1453 eum
1378 1408 1567 1453 sancta
1588 1399 1817 1470 synodo,
1842 1414 1962 1469 quae
1988 1398 2041 1453 in
2066 1414 2257 1469 magna

680 1492 1053 1547 Romanorum
1082 1490 1323 1555 civitate,
1349 1490 1695 1545 sanctissimo
1717 1500 1774 1545 et
1799 1490 2259 1545 reverendissimo

676 1583 938 1655 episcopo
982 1582 1151 1637 fratre
1198 1599 1261 1638 ac
1306 1583 1684 1637 eomministro
1736 1592 1925 1636 nostro
1963 1582 2257 1637 Caelestino

676 1676 1030 1747 pmsidente,
1064 1676 1341 1738 convenit,
1368 1677 1478 1745 jam
1509 1674 1672 1727 tertio
1702 1673 1788 1727 bis
1823 1684 1873 1728 te
1902 1674 2101 1729 litteris
2122 1688 2256 1727 con-

675 1774 945 1823 testamur
970 1776 1024 1821 et
1049 1767 1409 1829 obtestamur,
1434 1774 1493 1820 ut
1515 1768 1802 1822 consilium
1824 1775 2071 1820 nostrum
2099 1780 2256 1819 secu-

2370 596 2472 649 ραν
2493 595 2507 611 ο
2535 576 2736 635 Ἦλθον
2775 581 2885 652 γὰρ
2906 582 3118 653 διχάσαι
3142 582 3425 657 ἄνθρωπον
3456 586 3600 640 κατὰ
3617 586 3710 641 τοῦ
3737 588 3947 661 πατρὸς

2367 668 2555 733 αὐτοῦ,
2584 666 2677 723 καῖ
2706 670 2982 741 θυγατέρα
3010 672 3153 727 κατὰ
3176 673 3275 743 τῆς
3302 674 3507 746 μητρὸς
3547 677 3750 748 αὐτῆςς
3782 697 3803 730 ι
3840 680 3945 734 Πί-

2369 775 2539 824 στεως
2571 761 2679 833 γὰρ
2705 761 3089 832 ἀδικουμένης,
3133 764 3341 834 ἐρρέτω
3378 765 3500 835 μὲν,
3540 768 3615 830 ὡς
3647 768 3814 834 ἕωλος
3849 772 3945 825 καὶ

2367 850 2693 922 ἐπισφαλὴς,
2722 854 2754 923 ή
2785 850 2920 922 πρὸς
2954 854 3148 919 γονέας
3181 854 3364 917 αἰδώς·
3406 856 3685 928 ὴρεμείτω
3711 860 3768 914 δὲ
3798 863 3892 916 καὶ
3914 864 3945 917 ό

2364 937 2464 1007 τῆς
2498 943 2580 1005 είς
2605 941 2769 994 τέκνα
2800 942 2894 995 καὶ
2925 942 3189 1012 ἀδελφοὺς
3221 944 3605 1019 φιλοστοργίας
3638 951 3823 1020 νόμος,
3847 955 3944 1008 καὶ

2363 1029 2458 1083 τοῦ
2492 1030 2590 1102 ζῇν
2620 1033 2857 1102 ἀμείνων
2889 1033 3029 1087 ἔστω
3052 1036 3077 1076 ⁸
3108 1036 3293 1091 λοιπὸν
3324 1042 3437 1103 τοῖς
3464 1038 3755 1101 ,εὐσεϐέσιν
3783 1044 3812 1097 ὀ
3842 1043 3941 1099 θὰο

2362 1138 2538 1189 νατος,
2578 1143 2596 1176 ι
2632 1124 2717 1179 ἵνα
2758 1126 3067 1197 κρείττονος
3100 1129 3452 1209 ἀναστάσεως
3475 1130 3700 1203 τύχωσι,
3741 1152 3760 1186 ι
3797 1134 3945 1191 κατὰ

2362 1213 2424 1266 τὸ
2468 1217 2884 1288 γεγραμμένον.

2446 1368 2577 1457 ’1δού
2609 1371 2791 1425 τοίνυν
2839 1374 2959 1444 ἅμα
2990 1377 3056 1447 τῇ
3100 1376 3233 1446 ἁγίᾳ
3279 1376 3502 1449 συνόδῳ,
3538 1381 3603 1451 τῇ
3655 1381 3797 1434 κατὰ
3839 1379 3943 1453 τὴν

2366 1459 2606 1531 μεγάλην
2658 1463 2880 1534 Ῥώμην
2917 1468 3326 1540 συνειλεγμένη,
3380 1470 3802 1541 προεδρεύοντος
3842 1471 3940 1526 τοῦ

2361 1554 2656 1608 ὀσιωτάτου
2678 1555 2770 1607 καὶ
2795 1556 3209 1611 θεοσεϐεστάτου
3233 1559 3461 1629 ἀδελφοῦ
3482 1563 3575 1615 καὶ
3597 1561 3941 1635 συλλειτουρ-

2361 1645 2459 1714 γοῦ
2491 1644 2650 1717 ἡμῶν
2680 1646 3003 1702 Κελεστίνου
3039 1650 3133 1703 τοῦ
3166 1652 3490 1715 ἐπισκόπου,
3526 1654 3620 1706 καὶ
3651 1654 3821 1725 τρίτῳ
3854 1672 3939 1709 σοι

2359 1738 2531 1809 τούτῳ
2580 1739 3064 1811 διαμαρτυρόμεθα
3111 1742 3431 1813 γράμματι,
3480 1743 3939 1815 συμϐουλεύοντες

672 1868 783 1919 tus,
810 1875 840 1912 a
876 1857 1089 1913 stolidis
1112 1858 1218 1911 illis
1247 1858 1609 1927 absurdisque
1633 1858 1999 1930 dogmatibus,
2024 1872 2145 1926 quae
2168 1856 2235 1911 fo-

2357 1830 2689 1900 ἀποσχέσθαι
2721 1832 2818 1902 μὲν
2842 1832 2951 1885 τῶν
2979 1831 3121 1885 οὕτω
3145 1834 3350 1888 σκαιῶν
3374 1837 3467 1888 καὶ
3488 1830 3939 1906 διεστραμμένων

673 1964 769 2004 ves
803 1949 1127 2018 publiceque
1151 1947 1337 2012 doces,
1364 1947 1673 2013 abstineas,
1714 1947 1987 2016 ﬁdemque
2022 1954 2247 2010 rectam,

668 2048 728 2093 et
744 2040 855 2109 jam
889 2038 1013 2093 inde
1043 2037 1113 2091 ab
1145 2036 1303 2090 initio
1328 2051 1427 2107 per
1451 2045 1668 2090 sanctos
1704 2036 1982 2105 apostolos
2002 2043 2058 2088 et
2083 2050 2249 2089 evan-

670 2129 910 2200 gelistas,
937 2128 1031 2199 qui
1055 2128 1208 2183 verbi
1232 2135 1568 2196 spectatores
1591 2137 1647 2181 et
1670 2126 1907 2180 ministri
1932 2126 2157 2180 fuerunt
2180 2125 2248 2187 ”,

670 2216 931 2273 EcClesiis
963 2216 1217 2270 traditam
1258 2225 1576 2270 reverenter
1612 2215 1898 2284 suscipias.
1931 2214 2087 2280 Quod
2119 2230 2248 2269 sane

667 2308 773 2364 nisi
807 2310 963 2380 juxta
999 2318 1213 2379 tempus
1255 2309 1311 2361 in
1347 2308 1547 2361 litteris
1576 2306 1859 2362 Cmiestini
1895 2306 2248 2359 sacratissimi

665 2400 1223 2469 reverendissimique
1248 2398 1430 2463 fratris
1456 2406 1511 2451 et
1540 2397 1901 2452 comministri
1937 2397 2111 2451 nostri
2140 2397 2248 2450 llo-

663 2507 953 2548 manorum
991 2490 1233 2561 episcopi
1275 2505 1594 2560 expressum
1633 2489 2070 2558 praeﬁnitumque
2102 2503 2243 2557 prae-

660 2583 1054 2646 stiteris,eerto
1078 2582 1219 2635 scias
1240 2581 1444 2635 nullam
1474 2580 1572 2634 tibi
1597 2580 1858 2650 deinceps
1880 2596 2004 2633 cum
2030 2580 2241 2649 episco-

660 2675 747 2746 pis
764 2683 821 2729 et
838 2674 1220 2729 sacerdotibus
1238 2673 1334 2727 Dei
1366 2682 1591 2737 sortem,
1622 2673 1828 2726 nullam
1851 2672 1929 2726 tui
1952 2674 2240 2738 irationem,

658 2765 873 2821 nullum
899 2763 1138 2834 denique
1165 2764 1309 2818 inter
1330 2780 1426 2818 eos
1457 2765 1636 2819 locum
1671 2764 1919 2818 futurum
1958 2777 2097 2817 esse.
2131 2764 2244 2817 Nec

578 2838 581 2843 ἱ
655 2856 805 2911 enim
830 2854 949 2909 ﬁeri
978 2861 1178 2925 potest,
1204 2861 1265 2907 ut
1288 2869 1389 2907 nos
1411 2853 1685 2908 Ecclesias
1715 2852 1981 2915 turbatas,
2010 2853 2243 2922 populos

655 2946 917 3013 offensos,
945 2945 1107 3000 ﬁdem
1132 2953 1337 2998 rectam
1360 2944 1765 3007 labefactatam,
1791 2958 2009 3014 gregem
2035 2942 2238 2997 Christi

653 3036 994 3108 negligamus
1028 3034 1225 3088 misere
1258 3034 1358 3089 abs
1391 3041 1444 3088 te
1481 3032 1827 3103 dissipatum,
1857 3032 1950 3101 qui
1985 3030 2161 3095 illum,
2192 3030 2237 3085 si

654 3129 878 3200 quidem
910 3127 1136 3197 perinde
1165 3142 1229 3181 ac
1260 3142 1361 3180 nos
1399 3135 1562 3181 rectae
1602 3124 1727 3179 ﬁdei
1767 3124 2073 3178 doctrinam
2100 3140 2233 3179 con-

652 3222 851 3278 sectari
886 3230 1313 3289 sanctorumque
1348 3220 1570 3274 Patrum
1605 3220 1863 3288 pietatem
1894 3218 2138 3272 mmulari
2164 3218 2233 3271 li-

653 3313 885 3377 buisset,
914 3313 1119 3382 alioqui
1163 3308 1443 3365 debueras
1485 3326 1829 3365 conservare.
1877 3311 2063 3380 itaque
2098 3326 2233 3376 eum

652 3404 931 3468 omnibus,
958 3412 1074 3458 tum
1120 3403 1355 3467 clericis,
1392 3410 1507 3456 tum
1530 3402 1686 3459 laicis
1730 3417 1970 3472 quoque,
1997 3418 2136 3471 quos
2176 3412 2233 3456 tu

649 3503 875 3568 propter
909 3496 1073 3550 ﬁdem
1119 3495 1607 3550 excommunicasti
1639 3495 1725 3550 vel
1757 3494 1951 3549 ordine
1988 3494 2229 3559 movisti,

647 3590 1192 3645 communicavimus.
1229 3587 1385 3641 Haud
1412 3586 1557 3641 enim
1588 3603 1687 3657 par
1718 3596 1838 3642 erat
1864 3602 1992 3651 eos,
2015 3588 2110 3658 qui
2148 3602 2233 3641 re-

646 3689 795 3737 ctam
817 3679 981 3735 ﬁdem
1004 3688 1192 3734 tenere
1218 3678 1551 3742 maluerunt,
1576 3678 1646 3732 ob
1668 3678 1909 3747 iniquam
1934 3688 2082 3732 tuam
2109 3694 2231 3733 sen-

646 3773 873 3828 tentiam
914 3772 1306 3826 detrimentum
1350 3770 1571 3839 aliquod
1608 3770 1741 3839 pati,
1772 3768 1931 3824 ob‘id
1967 3770 2227 3824 nimirum

645 3863 792 3936 quod
816 3874 962 3919 recte
990 3862 1291 3917 sentientes
1327 3869 1432 3916 tua:
1470 3861 1735 3915 doctrinae
1757 3861 2012 3916 assentiri
2035 3862 2227 3915 nolue-

645 3964 794 4011 runt.
827 3955 963 4009 Nam
997 3962 1052 4008 et
1086 3954 1250 4023 hujus
1285 3967 1503 4022 quoque
1542 3951 2008 4005 exauctorationis
2035 3951 2090 4004 in
2112 3954 2227 4021 epi-

641 4047 780 4103 stola
819 4060 983 4115 quam
1016 4045 1083 4098 ad
1104 4060 1311 4115 magna:
1331 4043 1517 4097 Romae
1541 4042 1944 4097 sanctissimum
1964 4049 2019 4095 et
2038 4042 2222 4111 coepi-

638 4152 867 4207 scopum
900 4144 1151 4191 nostrum
1182 4134 1540 4190 Caelestinum
1578 4133 1882 4203 scripsisti,
1908 4132 1969 4186 ﬁt
1994 4134 2218 4188 mentio.

636 4226 906 4287 Ceterum
928 4228 1154 4283 minime
1175 4236 1257 4281 sat
1273 4228 1378 4281 erit
1398 4226 1443 4281 si
1460 4226 1764 4281 reverentia
1786 4236 1877 4281 tua
1897 4226 2073 4281 solum
2094 4226 2221 4282 ﬁdei

636 4318 967 4389 symbolum,
993 4317 1139 4388 quod
1177 4332 1207 4371 a
1229 4332 1423 4387 magna
1445 4316 1535 4371 illa
1557 4316 1765 4386 synodo
1797 4332 1917 4387 quae
1937 4317 1992 4372 in
2011 4317 2219 4388 Spiritu

638 4420 829 4467 sancto
852 4412 963 4483 69
999 4412 1055 4465 in
1093 4411 1229 4466 urbe
1250 4410 1429 4465 Nicaea
1452 4410 1726 4479 quondam
1750 4411 2025 4478 convenit,
2047 4427 2218 4482 expo-

2355 1923 2663 1993 δογμάτων,
2694 1923 2729 1977 ἃ
2777 1923 2870 1977 καὶ
2899 1926 3117 1994 φρονεῖς
3151 1926 3246 1977 καὶ
3284 1926 3580 1990 διδάσκεις,
3615 1926 3936 1982 ἀνθελέσθαι

2352 2016 2408 2068 δὲ
2439 2016 2537 2084 τὴν
2564 2016 2729 2085 ὀρθὴν
2764 2016 2964 2080 πίστιν,
3006 2017 3105 2088 τὴν
3140 2018 3261 2081 ταῖς
3302 2018 3654 2089 Ἐκκλησίαις
3687 2018 3935 2089 παραδο-

2354 2106 2540 2159 Θεῖσαν
2572 2107 2631 2171 ἐξ
2656 2108 2828 2177 ἀρχῆς
2855 2107 2940 2161 διὰ
2970 2108 3077 2161 τῶν
3110 2109 3282 2177 ἁγίων
3313 2110 3624 2162 ἀποστόλων
3645 2112 3739 2163 καὶ
3767 2111 3937 2180 εὐαγ-

2352 2198 2633 2267 γελιστῶν,
2676 2198 2725 2251 οἳ
2760 2200 2853 2253 καὶ
2886 2199 3150 2253 αὐτόπται
3199 2200 3293 2254 καὶ
3325 2200 3597 2272 ὑπηρέται
3637 2199 3732 2253 τοῦ
3771 2201 3935 2271 λόγου

2351 2290 2630 2357 γεγόνασι.
2665 2290 2776 2342 Καὶ
2806 2292 2852 2343 εί
2889 2289 2963 2361 μὴ
2991 2288 3150 2343 τοῦτο
3178 2289 3426 2362 δράσειεν
3472 2293 3505 2363 ἡ
3535 2293 3601 2365 σὴ
3643 2292 3897 2347 εὐλάϐεια
3918 2332 3933 2359 ,

2349 2382 2491 2433 κατὰ
2524 2382 2621 2451 τὴν
2659 2380 2973 2451 ὁρισθεῖσαν
3006 2381 3348 2452 προθεσμίαν
3379 2385 3437 2436 ἐν
3475 2386 3587 2446 τοῖς
3636 2383 3935 2453 γράμμασι

2345 2473 2438 2525 τοῦ
2499 2473 2967 2542 μνημονευθέντος
3011 2475 3308 2527 ὀσιωτάτου
3371 2474 3465 2527 καὶ
3507 2474 3932 2528 θεοσεϐεστὰτου

2344 2565 2573 2634 ἀδελφοῦ
2611 2566 2704 2618 καὶ⁵
2739 2566 3152 2636 συλλειτουργοῦ
3188 2567 3345 2636 ἡμῶν
3376 2566 3472 2620 τοῦ
3508 2567 3608 2637 τῆς
3641 2567 3935 2638 Ῥωμαίων

2357 2658 2683 2728 Ἐκκλησίας
2725 2657 3023 2711 ἐπισκόπου
3064 2658 3410 2724 Κελεστίνου,
3457 2659 3691 2728 γίνωσκε
3732 2661 3935 2715 σαυτὸν

2343 2753 2531 2806 οὐδένα
2574 2755 2776 2825 κλῆρον
2820 2754 3012 2825 ἔχοντα
3068 2756 3189 2827 μεθ’
3235 2756 3412 2827 ἡμῶν,
3468 2758 3591 2812 οὐδὲ
3650 2760 3854 2812 τόπον·
3894 2760 3931 2831 ἢ

2343 2845 2498 2912 λόγον
2556 2846 2615 2899 ὲν
2666 2849 2777 2907 τοῖς
2832 2846 3037 2917 ίερεῦσι
3089 2847 3181 2900 τοῦ
3238 2848 3373 2902 Θεοῦ
3422 2851 3517 2903 καὶ
3584 2851 3929 2916 ἐπισκόποις.

2343 2939 2477 2992 Οὐδὲ
2500 2938 2609 3009 γὰρ
2643 2939 2915 3009 ἐνδέχεται
2942 2941 3206 3009 περιϊδεῖν
3237 2942 3385 3011 ἡμᾶς
3426 2942 3751 3012 Ἐκκλησίας
3783 2944 3932 2998 οὕτω

2338 3027 2817 3098 τεθορυϐημένας,
2872 3030 2964 3082 καὶ
3016 3028 3507 3094 σκανδαλισθέντας
3568 3030 3774 3097 λαοὺς,
3831 3034 3932 3089 καὶ

2340 3118 2521 3172 πίστιν
2571 3119 2740 3191 ὀρθὴν
2789 3120 3179 3193 ἁθετουμένην,
3230 3123 3324 3176 καὶ
3369 3122 3721 3195 διασπώμενα
3772 3127 3929 3199 παρὰ

2339 3210 2433 3263 σοῦ
2458 3212 2527 3264 τά
2553 3212 2799 3280 ποίμνια,
2833 3212 2927 3265 τοῦ
2971 3211 3167 3277 σώζειν
3205 3214 3514 3282 ὀφείλοντος
3535 3257 3549 3281 ,
3590 3215 3749 3287 εἴπερ
3778 3212 3928 3288 ἦσθα

2339 3303 2459 3357 καθ’
2489 3305 2636 3374 ἡμᾶς
2666 3303 2832 3375 ὀρθῆς
2864 3303 3021 3374 δόξης
3047 3306 3304 3377 ἐραστὴς,
3340 3308 3439 3379 τὴν
3468 3307 3577 3362 τῶν
3605 3309 3774 3378 ἁγίων
3804 3312 3925 3365 Πα-

2336 3396 2508 3467 τέρων
2540 3396 2837 3467 ίχνηλατῶν
2863 3396 3160 3453 εὐσέϐειαν.
3196 3398 3403 3452 Ἅπασι
3423 3400 3479 3453 δὲ
3500 3402 3611 3465 τοῖς
3638 3404 3790 3473 παρά
3821 3404 3926 3473 σῆς

2336 3487 2618 3550 εὐλαϐείας
2651 3489 3075 3560 κεχωρισμένοις
3102 3490 3188 3543 διὰ
3214 3490 3312 3562 τὴν
3344 3491 3547 3556 πίστιν,
3581 3494 3612 3563 ἢ
3655 3495 3924 3567 καθαιρε-

2336 3579 2471 3633 θεῖσι
2515 3581 2725 3644 λαῖκοῖς
2758 3598 2818 3634 τε
2852 3583 2946 3634 καὶ
2997 3582 3310 3653 κληρικοῖς,
3358 3586 3666 3638 κοινωνικοὶ
3715 3586 3923 3651 πάντες

2333 3671 2519 3742 ἐσμέν.
2555 3672 2631 3725 Οὐ
2655 3673 2764 3744 γάρ
2797 3674 2914 3725 ἐστι
2942 3673 3148 3727 δίκαιον
3173 3676 3300 3738 τοὺς
3333 3675 3469 3746 ὀρθὰ
3496 3680 3712 3748 φρονεῖν
3742 3677 3917 3747 ἐγνω-

2332 3762 2495 3824 κότας
2538 3764 2659 3825 σαῖς
2684 3762 2984 3817 ἀδικεῖσθαι
3006 3748 3229 3836 ψηφοις,
3254 3766 3336 3819 ὅτι
3364 3768 3413 3819 οἱ
3435 3764 3462 3803 ⁸³
3491 3768 3671 3832 καλῶς
3701 3768 3920 3823 ποιοῦνδ

2330 3870 2420 3917 τες
2448 3856 2823 3925 ἀντειρήκασι.
2869 3856 3039 3909 Τοῦτο
3072 3857 3179 3927 γὰρ
3206 3858 3337 3911 αὐτὸ
3363 3863 3833 3932 καταμεμήνυκας
3858 3864 3919 3918 ἐν

2328 3948 2393 4016 τῇ
2426 3947 2684 4017 ἐπιστολῇ
2735 3949 2800 4018 τῇ
2852 3950 3125 4021 γραφείσῃ
3170 3950 3322 4022 παρὰ
3365 3951 3459 4005 σοῦ
3501 3954 3638 4024 πρὸς
3677 3956 3768 4008 τὸν
3812 3958 3916 4029 τῆς

2332 4037 2577 4109 μεγάλης
2620 4038 2843 4110 Ῥώμης
2877 4040 3181 4108 ἁγιώτατον
3209 4044 3303 4096 καὶ
3325 4046 3720 4100 συνεπίσκοπον
3748 4050 3913 4119 ἡμῶν

2326 4130 2664 4185 Κελεστῑνον.
2709 4133 2821 4185 Οὐκ
2852 4133 3075 4202 ἀρκέσει
3104 4134 3159 4187 δὲ
3199 4137 3264 4205 τῇ
3298 4139 3362 4206 σῇ
3394 4136 3648 4209 εὐλαϐείᾳ
3685 4139 3746 4192 τὸ
3781 4157 3911 4195 συν-

2324 4223 2654 4293 ομολογῆσαι
2699 4223 2857 4293 μόνον
2897 4224 2957 4277 τὸ
2991 4225 3090 4295 τῆς
3132 4225 3368 4290 πίστεως
3404 4227 3689 4298 σύμϐολον,
3722 4229 3785 4283 τὸ
3810 4233 3911 4286 έκ-

2322 4313 2474 4368 τεθὲν
2491 4314 2629 4367 κατὰ
2651 4314 2875 4383 καιροὺς
2896 4315 2952 4369 έν
2976 4315 3116 4386 ἁγίῳ
3142 4312 3424 4387 Πνεύματι
3454 4317 3605 4389 παρὰ
3623 4320 3720 4388 τῆς
3740 4320 3908 4388 ἁγίας

2324 4404 2416 4457 καὶ
2448 4403 2689 4475 μεγὰλης
2719 4402 2955 4468 συνόδου,
2987 4404 3086 4475 τῆς
3112 4404 3256 4458 κατά
3286 4407 3512 4476 καιροὺς
3544 4408 3905 4483 συναχθείσης

636 4500 802 4557 situm
818 4512 922 4566 est,
943 4501 1230 4556 nobiscum
1246 4498 1592 4554 conﬁteatur.
1611 4499 1748 4553 Nam
1770 4499 1873 4554 etsi
1893 4515 2025 4555 voce
2058 4510 2219 4556 tenus

2340 4514 2379 4549 ιν
2422 4499 2487 4567 τῇ
2535 4494 2811 4550 Νικαέων.
2841 4495 3124 4566 Νενόηκας
3148 4494 3257 4566 γὰρ
3288 4496 3380 4549 καὶ
3411 4499 3762 4569 ἡρμήνευσας
3800 4503 3902 4556 οὐκ

638 4592 775 4647 illud
800 4592 1129 4663 proﬁtearis,
1160 4600 1400 4647 attamen
1423 4605 1607 4659 neque
1625 4599 1771 4645 recte
1804 4589 2083 4661 intelligis,
2108 4606 2207 4647 ne-

632 4697 741 4752 que
770 4682 985 4736 sincere
1020 4696 1259 4751 quoque,
1285 4679 1387 4740 sed
1423 4695 1681 4749 perverse
1715 4680 1880 4751 plane
1914 4689 2209 4751 praeposte-

630 4788 799 4845 reque
840 4762 1237 4842 interpretaris.
1278 4771 1483 4826 Verum
1529 4781 1727 4843 praeter
1756 4774 1862 4829 hoc
1893 4773 2203 4829 addendum

632 4864 768 4919 illud
790 4872 893 4929 est,
924 4873 983 4919 ut
1011 4864 1215 4933 scripto
1249 4878 1313 4917 ac
1334 4863 1691 4933 jurejurando
1718 4862 1954 4920 afﬁrmes
1980 4874 2033 4920 te
2062 4881 2203 4935 prie-

630 4965 781 5011 terea
804 4955 1262 5011 anathematizare
1284 4970 1406 5025 quae
1435 4954 1665 5010 sceleste
1687 4963 1741 5010 et
1770 4955 1997 5026 profane
2020 4956 2203 5011 hacte-

629 5061 735 5101 nus
762 5046 1002 5111 sensisti,
1034 5055 1089 5101 et
1116 5062 1181 5101 ea
1219 5061 1440 5102 rursum
1475 5046 1701 5115 posthac
1735 5055 1787 5102 te
1821 5062 2111 5103 sensurum
2147 5055 2205 5103 et

630 5137 923 5192 docturum
962 5137 1279 5208 polliceare,
1314 5152 1435 5207 quae
1466 5146 1523 5190 et
1552 5150 1653 5190 nos
1697 5145 1753 5191 et
1794 5138 1979 5194 ceteri
2016 5153 2208 5194 omnes

628 5232 900 5297 quotquot
922 5226 1009 5280 vel
1034 5226 1089 5279 in
1114 5224 1409 5281 Occidente
1430 5224 1516 5279 vel
1537 5225 1592 5278 in
1613 5222 1836 5281 Oriente
1868 5226 2064 5282 vivunt
2084 5228 2203 5299 epi-

625 5316 799 5386 scopi,
836 5315 1090 5371 doctores
1127 5332 1192 5372 ac
1230 5317 1561 5387 populorum
1599 5315 1786 5371 duces.
1828 5318 1909 5373 Ad
1940 5318 2202 5390 epistolas

2316 4584 2493 4656 ὀρθῶς
2523 4584 2675 4649 αὐτὸ,
2700 4584 3146 4656 διεστραμμένως
3170 4584 3225 4639 δὲ
3255 4585 3475 4657 μᾶλλον,
3504 4586 3604 4641 κᾶν
3630 4589 3900 4663 ὁμολογῇς

2315 4680 2379 4747 τῇ
2416 4679 2567 4747 φωνῇ
2604 4676 2702 4744 τὴν
2734 4675 2897 4743 λέξιν.
2942 4675 3101 4731 Ἀλλά
3129 4676 3238 4748 γὰρ
3277 4677 3567 4732 ἀκόλουθον
3602 4680 3899 4752 ἐγγράφως

2314 4769 2407 4821 καὶ
2427 4767 2717 4838 ἐνωμότως
2741 4767 3094 4838 ὁμολογῆσαι,
3125 4767 3205 4821 ὅτι
3234 4768 3330 4821 καὶ
3351 4768 3765 4840 ἁναθεματίζεις
3795 4772 3897 4842 μὲν

2309 4859 2378 4913 τὰ
2410 4860 2584 4929 μιαρά
2614 4859 2810 4913 σαυτοῦ
2844 4860 2940 4914 καὶ
2977 4858 3179 4929 βέϐηλα
3211 4858 3477 4930 δόγματα·
3519 4862 3809 4934 φρονήσεις
3836 4862 3893 4917 δὲ

2311 4953 2405 5005 καὶ
2436 4949 2670 5017 διδάξεις
2689 4992 2703 5017 ,
2732 4952 2768 5006 ἃ
2819 4952 2913 5006 καὶ
2963 4952 3124 5022 ἡμεῖς
3156 4952 3358 5015 πάντες
3379 4993 3394 5018 ,
3424 4953 3560 5007 οἵτε
3601 4954 3741 5008 κατὰ
3789 4955 3891 5027 τὴν

2322 5045 2594 5115 Ἑσπέραν
2616 5046 2710 5098 καὶ
2738 5044 2838 5115 τὴν
2868 5043 3045 5113 Ἐῴαν
3086 5043 3411 5112 ἐπίσκοποι,
3435 5047 3530 5099 καλ⁵
3552 5045 3885 5116 διδάσκαλοι,

2307 5137 2401 5190 καὶ¹
2446 5136 2593 5191 λαῶν
2636 5137 2949 5209 ἡγούμενοι.
2992 5136 3252 5190 Συνέθετο
3291 5137 3348 5191 δὲ
3388 5140 3546 5210 καὶὴ
3592 5140 3733 5194 κατὰ
3783 5141 3886 5213 τὴν

2316 5226 2539 5299 Ῥώμην
2564 5228 2697 5297 ἁγία
2730 5228 2976 5293 σύνοδος,
3002 5228 3099 5283 καὶ
3125 5230 3290 5299 ἡμεῖς
3319 5231 3584 5296 ἅπαντες,
3608 5231 3684 5295 ὡς
3706 5230 3885 5302 ὀρθῶς

2305 5320 2557 5391 ἐχούσαις
2593 5321 2689 5374 καὶ
2719 5320 3136 5391 ἀνεπιλήπτως,
3164 5324 3279 5387 ταῖς
3309 5322 3635 5393 γραφείσαις
3659 5322 3881 5378 tmaro-

623 5424 792 5483 porro
826 5410 971 5479 quod
1010 5409 1225 5475 attinet,
1265 5425 1400 5479 quas
1433 5408 1799 5465 Alexandrina
1840 5410 2085 5467 Ecclesia
2131 5412 2197 5465 ad

2340 5416 2419 5476 αῖς
2448 5414 2585 5484 πρὸς
2615 5412 2714 5484 τὴν
2744 5413 2841 5483 σὴν
2869 5413 3152 5469 εὐλάϐειαν
3178 5414 3329 5487 παρὰ
3351 5414 3449 5487 τῆς
3486 5412 3881 5487 Ἀλεξανδρέων

691 5587 733 5619 ⁸¹
770 5584 958 5640 Matth.
987 5602 1042 5653 ι,
1072 5586 1160 5651 54,
1190 5588 1276 5644 35.
1350 5586 1393 5622 ³⁸
1418 5590 1585 5650 Hebr.
1616 5607 1691 5656 ιι,
1722 5590 1811 5647 55.
1889 5592 1932 5624 ⁸⁸
1958 5591 2093 5655 Luc.
2127 5607 2165 5646 ι.
2190 5590 2241 5647 2.

1691 5714 1862 5771 Variae
1890 5714 2151 5773 lectiones
2190 5712 2396 5771 codicis
2420 5710 2777 5785 Seguierianl.

695 5813 720 5856 ι
753 5805 923 5860 levat.
1002 5806 1031 5846 δ
1058 5804 1159 5860 σοί.

3845 353 4059 435 ια’
