4116 6318
243 392 346 455 109
1636 401 1978 461 EPISTULA
2012 401 2171 463 xm.
3434 400 3543 459 uo

1392 474 1405 501 ς

253 514 598 588 Ἐκκλησίας.
635 516 1027 591 Ὑπετάξαμιν
1048 519 1105 575 δὲ
1121 522 1333 585 τούτοις
1354 521 1510 593 ἡμῶν
1532 523 1645 584 τοῖς
1668 518 1829 590 γράμ·

1952 532 2007 577 te
2034 522 2208 586 misit,
2231 534 2325 577 eas
2352 534 2478 575 cum
2527 536 2559 575 a
2602 534 2757 575 sacra
2799 517 3045 574 Romana
3089 516 3318 590 synodo,
3346 525 3462 575 tum
3504 530 3537 574 ι

248 625 422 679 μασιν,
444 607 482 661 ἆ
500 625 562 661 τε
576 608 662 663 δεῖ
683 614 904 683 φρονεῖν
926 613 1022 667 καὶ
1036 612 1332 677 διδάσκειν,
1352 613 1447 667 καὶ
1462 606 1536 666 ὧν
1553 609 1829 682 ἀπέχεσθα

1948 613 2110 669 nobis
2135 613 2396 669 omnibus
2434 627 2675 684 quoque,
2700 612 2769 666 ab
2794 610 2945 667 omni
2978 626 3166 666 errore
3193 618 3251 666 et
3270 609 3408 665 vitio
3430 608 3535 665 im-

246 701 537 771 προσήκει.
576 702 729 776 Δῦτη
761 704 874 774 γὰρ
898 703 1002 774 τῆς
1033 705 1330 776 καθολικῆς
1360 705 1457 771 καὶ
1488 702 1829 772 ἀποστολικῆ‹

1951 721 2149 761 munes
2170 705 2445 776 iudicatas
2476 720 2597 761 esse
2630 704 2792 787 scias.
2824 703 2985 758 Hisce
3008 710 3193 771 autem
3215 701 3416 758 litteris
3440 716 3540 758 no-

257 793 581 865 Ἐκκλησίας
602 798 638 865 ἡ
662 797 868 860 πίστις,
937 797 1277 852 συναινοῦσιν
1307 800 1564 861 ἅπαντες,
1578 797 1689 852 οἵτε
1711 796 1829 850 κατέ

1952 797 2083 853 stris
2126 804 2363 868 utraque
2406 796 2812 867 subjunximus,
2852 804 2911 850 et
2950 810 3014 850 ea
3057 809 3179 864 qua:
3221 802 3275 849 te
3319 798 3544 865 oportet

242 890 336 961 τὴν
361 891 666 963 Ἑσπέραν,
699 895 799 948 καὶ
825 894 923 966 τὴν
956 895 1128 965 Ἐᾠαν
1157 896 1428 968 ὀρθόδοξοι
1459 882 1772 949 ἐπίσκοποι.

1952 903 2144 957 sapere
2177 896 2235 943 et
2272 889 2508 953 docere,
2554 896 2613 944 et
2661 892 2973 943 ea'rursum
3003 903 3033 941 a
3061 886 3265 957 quibus
3310 893 3363 940 te
3401 899 3539 941 con-

241 980 386 1035 venit
409 982 718 1039 abstinere.
743 978 1063 1046 'Cathoﬁcze
1127 989 1276 1043 enim
1302 988 1730 1059 apostoliczeque
1750 981 2011 1040 Ecclesiae
2048 980 2206 1045 fides,
2259 982 2314 1035 in
2383 997 2491 1051 qua
2563 980 2809 1035 universi
2869 978 3187 1035 Occidentis
3230 988 3288 1035 et
3338 976 3539 1033 Orien-

234 1070 309 1123 tis
328 1072 627 1127 orthodoxi
657 1074 903 1145 episcopi
936 1076 1308 1143 consentiunt,
1344 1077 1661 1149 huiusmodi
1686 1082 1791 1131 est.

313 1206 331 1237 ι
354 1185 702 1259 Πιστεύομεν
734 1191 816 1253 είς
841 1190 939 1243 ’ἑνα
952 1191 1103 1252 Θεὸν,
1136 1193 1358 1264 Πατέρα
1389 1192 1839 1263 παντοκράτορα,

152 1324 155 1325 ,
242 1277 457 1331 πάντων
482 1278 701 1348 ὁρατῶν
730 1298 791 1332 τε
821 1282 918 1334 καὶ
945 1284 1193 1352 ἀοράτων
1220 1285 1477 1354 ποιητήν·
1511 1285 1606 1337 καὶ
1642 1284 1721 1346 είς
1744 1281 1841 1334 ἕνα

240 1370 442 1439 Κύριον
491 1368 705 1436 Ἰησοῦν
738 1372 995 1443 Χριστὸν,
1030 1373 1121 1426 τὸν
1162 1374 1289 1427 Υἱὸν
1320 1374 1415 1428 τοῦ
1442 1374 1699 1428 Θεοῦίτὸν
1746 1391 1844 1445 μου

241 1462 455 1531 νογενῆ,
486 1462 823 1533 γεννηθέντα
863 1464 930 1517 ὲκ
955 1463 1049 1516 τοῦ
1096 1466 1335 1536 Πατρὸς,
1379 1466 1522 1519 τοῦτ’
1563 1467 1731 1529 ἔστιν,
1778 1468 1842 1518 ἐκ

146 1550 149 1585 ί
238 1548 333 1619 τῆς
359 1550 551 1612 οὐσίας
570 1551 667 1604 τοῦ
699 1551 932 1623 Πατρός*
956 1552 1091 1605 Θεὸν
1117 1554 1181 1607 ἐκ
1205 1554 1367 1618 Θεοῦ,
1403 1554 1520 1623 φῶς
1549 1555 1613 1607 ὲκ
1640 1554 1838 1624 φωτὸς,

237 1641 369 1695 Θεὸν
422 1641 684 1713 ἀληθινὸν
734 1646 799 1697 ἐκ
846 1644 984 1698 Θεοῦ
1037 1645 1330 1717 ἀληθινοῦ’
1382 1647 1747 1717 γεννηθέντα,
1780 1648 1841 1699 οὐ

238 1733 562 1803 ποιηθέντα,
590 1734 882 1805 όμοούσιον
909 1736 988 1805 τῷ
1010 1737 1207 1808 Πατρί·
1233 1739 1303 1792 δι’
1330 1732 1393 1791 οῦ
1422 1738 1491 1791 τὰ
1520 1740 1701 1793 πάντα
1722 1734 1843 1806 ἐγέ-

237 1838 356 1875 veto
391 1823 439 1883 ί,
468 1823 537 1875 τά
568 1840 627 1875 τε
658 1825 715 1877 ὲν
738 1823 815 1894 τῷ
842 1825 1077 1896 οὐρανῷ,
1111 1829 1207 1881 καὶ
1234 1830 1303 1881 τὰ
1341 1832 1401 1881 ὲν
1429 1833 1497 1901 τῇ
1528 1832 1621 1901 γῇ·
1656 1830 1747 1883 τὸν
1774 1828 1840 1882 δι’

236 1916 380 1985 ἡμᾶς
408 1917 538 1977 τοὺς
573 1916 918 1986 ἀνθρώπους,
958 1920 1053 1971 καὶ
1082 1919 1170 1973 διὰ
1211 1923 1313 1991 τὴν
1360 1922 1635 1992 ἡμετέραν
1667 1937 1843 1990 σωτη-

237 2006 355 2075 ρίαν
399 2007 766 2074 κατελθόντα,
813 2011 908 2063 καὶ
943 2010 1321 2080 σαρκωθὲντα,
1359 2013 1455 2065 καὶ
1487 2012 1840 2083 ἐνανθρωπή-

238 2116 427 2155 σαντα·
459 2102 710 2156 παθόντα
730 2104 824 2157 καὶ
845 2105 1157 2160 ἀναστάντα
1181 2106 1432 2179 τῇδτρίτῃ
1457 2108 1659 2178 ἡμέρᾳ·
1687 2104 1841 2159 ἀνελ-

236 2191 397 2245 θόντα
448 2195 533 2257 είς
572 2195 700 2258 τοὺς
747 2197 1046 2266 οὐρανοὺς,
1082 2198 1381 2269 ἐρχόμενον
1415 2201 1601 2268 κρῖναι
1634 2198 1841 2263 ζῶντας

235 2287 325 2337 καὶ
348 2286 589 2355 νεκρούς
613 2305 626 2316 ·
674 2290 771 2339 καὶ
820 2290 899 2351 εἰς
932 2290 990 2341 τὸ
1018 2290 1245 2361 Πνεῦμα
1283 2292 1343 2343 τὸ
1384 2292 1559 2359 ἅγιον.
1606 2291 1746 2354 Τοὺς
1782 2291 1840 2344 δὲ

234 2376 513 2444 λέγοντας
547 2374 657 2431 Ἶιν
687 2396 840 2444 ποτε,
868 2382 955 2434 ὅτε
984 2382 1084 2435 ούκ
1110 2378 1197 2454 ἦν,
1225 2384 1320 2436 καί¹
1348 2384 1478 2453 πρὶν
1506 2383 1836 2454 γεννηθῆναι

232 2469 328 2521 οῦκ
356 2464 450 2539 ἦν,
488 2470 586 2522 καὶ
618 2471 701 2525 ὅτι
731 2472 791 2535 ἐξ
828 2473 930 2526 οὐκ
957 2472 1125 2527 ὄντων
1171 2474 1421 2542 ἐγένετο,
1455 2474 1487 2545 ἥ
1535 2474 1594 2538 ἐξ
1644 2474 1835 2545 ἑτέρας

232 2561 372 2624 τινὸς
396 2561 753 2626 ὑποστάσεως
782 2564 816 2634 ἦ
842 2564 1030 2628 οὐσίας
1061 2565 1369 2634 φάσκοντας
1399 2562 1560 2629 εἶναι,
1594 2568 1690 2620 καὶ
1712 2583 1835 2635 τρε-

235 2654 363 2705 πτὸν
391 2654 426 2722 ἢ
464 2654 756 2707 ἀλλοιωτὸν
787 2655 878 2708 τὸν
921 2656 1049 2709 Υἱὸν
1078 2656 1171 2709 τοῦ
1200 2657 1358 2722 Θεοῦ,
1384 2658 1607 2721 τούτους
1637 2656 1834 2711 ἀναθε-

237 2743 453 2812 ματίζει
477 2747 509 2815 ἡ
533 2745 802 2818 καθολικη
822 2748 917 2801 καὶ
939 2749 1272 2819 ἀποστολικὴ
1290 2750 1606 2819 Ἐκκλησία.
1636 2768 1654 2800 ›
1676 2749 1836 2802 Ἐπό-

237 2852 387 2904 μενοι
417 2836 476 2889 δὲ
510 2838 790 2908 πανταχοῦ
826 2841 946 2902 ταῖς
975 2838 1085 2893 τῶν
1118 2841 1289 2908 ἁγίων
1338 2842 1597 2911 Πατὲρων
1642 2839 1833 2910 ὁμολο-

234 2927 398 2993 γίαις,
440 2929 499 2981 αἳ
538 2931 890 3001 πεποίηνται,
922 2931 1213 2996 λαλοῦντος
1243 2934 1302 2985 ὲν
1331 2935 1515 2995 αὐτοῖς
1549 2931 1642 2985 τοῦ
1673 2932 1831 3000 ἁγίου

234 3020 556 3090 Πνεῦματος
577 3064 591 3087 ,
638 3023 732 3075 καὶ
764 3024 858 3075 τὸν
885 3024 992 3077 τῶν
1037 3027 1096 3078 ὲν
1141 3025 1327 3088 αὐτοῖς
1360 3025 1579 3078 ἐννοιῶν
1613 3024 1832 3094 ίχνηλα-

236 3114 451 3177 τοῦντες
485 3117 712 3178 σκοπὸν,
742 3117 838 3169 καὶ
874 3116 1154 3186 βασιλικὴν
1186 3116 1376 3187 ὥσπερ
1398 3117 1685 3186 ἐρχόμενοι
1711 3114 1829 3186 τρίς

237 3205 343 3271 εον,
377 3208 563 3275 φαμὲν
597 3208 681 3260 ὃτι
714 3209 876 3271 αὐτὸς
900 3211 927 3261 ὀ
959 3208 1253 3280 μονογενὴς
1281 3209 1375 3260 τοῦ
1402 3208 1539 3260 Θεοῦ
1580 3207 1775 3275 Λόγος,
1802 3209 1828 3259 ό

237 3297 294 3363 ἐξ
324 3299 496 3367 αὐτῆς
538 3300 826 3371 γεννηθεὶς
858 3302 959 3371 τῆς
1001 3302 1189 3365 οὐσίας
1242 3300 1337 3353 τοῦ
1387 3300 1636 3371 Πατρὸς,
1686 3302 1715 3354 ὁ
1765 3302 1829 3352 ἐκ

236 3391 365 3445 Θεοί
400 3392 662 3463 ἀληθινοῦ
686 3393 818 3456 Θεὸς
841 3394 1116 3465 ἀληθινὸς,
1142 3395 1204 3446 τὸ
1232 3394 1347 3463 φῶς
1381 3393 1443 3446 τὸ
1476 3394 1541 3447 ὲκ
1572 3393 1767 3463 φωτὸς,
1801 3396 1829 3447 ὁ

234 3484 297 3536 δι’
324 3476 385 3537 οὗ
420 3484 492 3537 τὰ
521 3485 701 3538 πάντα
728 3485 964 3553 ἐγένετο,
994 3486 1063 3538 τά
1092 3503 1149 3537 τε
1185 3486 1242 3538 ὲν
1263 3486 1342 3557 τῷ
1365 3485 1582 3558 οὐρανῷ
1635 3486 1729 3539 καὶ
1759 3485 1830 3538 τά

236 3577 290 3628 ιν
318 3579 384 3648 τῇ
419 3580 518 3647 γῇ,
560 3577 664 3645 τῆς
696 3577 971 3647 ἡμετέρας
1009 3578 1171 3631 ’ἑνεκα
1218 3580 1492 3648 σωτηρίας
1528 3577 1827 3642 κατελθὼν,

234 3668 323 3720 καὶ
343 3668 533 3731 καθεὶς
554 3668 751 3721 ἑαυτὸν
776 3670 855 3731 είς
880 3669 1131 3732 κένωσιν,
1157 3669 1446 3741 ἐσαρκώθη
1470 3687 1527 3723 τε
1557 3670 1645 3723 xal
1672 3672 1828 3739 ὲνην-

236 3759 511 3830 θμίιπησε,
561 3760 710 3812 τοῦτ’
764 3760 900 3825 ἐστι,
952 3761 1136 3832 σάρκα
1186 3760 1368 3815 λαϐὼν
1413 3763 1477 3814 ὲκ
1524 3763 1625 3832 τῆς
1667 3761 1828 3829 ἁγίας

234 3850 510 3923 Παρθένου
533 3892 546 3914 ,
581 3853 676 3906 καὶ
710 3852 845 3905 ἰδίαν
878 3851 1048 3922 αὐτὴν
1081 3855 1451 3924 ποιησάμενος
1476 3858 1539 3907 ὲκ
1568 3857 1785 3926 μήτρας
1808 3895 1823 3920 ,

233 3940 327 4011 τὴν
358 3942 485 3995 καθ’
517 3943 666 4012 ἡμᾶς
697 3942 958 4011 ὑπέμεινε
987 3942 1264 4013 γέννησιν,
1307 3946 1402 3997 καὶ
1428 3944 1700 4015 προῆλθεν
1730 3946 1825 4000 ἀν-

232 4033 448 4103 θρωπος
472 4037 539 4087 ἐκ
568 4035 850 4102 γυναικὸς,
881 4036 979 4107 οὐχ
1002 4037 1141 4107 ὅπερ
1166 4032 1233 4107 ἦν
1257 4036 1672 4106 ἀποὸεὸληκὼς,
1708 4036 1826 4089 ἀλλ’

230 4128 277 4177 εί
307 4125 403 4179 καὶ
433 4126 663 4194 γέγονεν
693 4128 750 4181 ὲν
769 4127 1074 4197 προσλήψει
1099 4129 1301 4199 σαρκὸς
1333 4129 1427 4181 καὶ
1445 4129 1695 4199 αἵματος,
1731 4130 1827 4183 καὶ

229 4216 367 4272 οὕτω
406 4216 739 4289 μεμενηκὼς
770 4220 906 4289 ὅπερ
944 4215 1034 4291 ἦν,
1087 4222 1221 4283 Θεὸς
1257 4221 1505 4293 δηλονότι
1540 4222 1699 4291 φύσει
1731 4222 1825 4275 καὶ

228 4308 477 4379 ἀληθείᾳ.
514 4307 654 4362 Οὔτε
679 4309 737 4361 δὲ
757 4311 856 4379 τὴν
883 4310 1061 4382 σάρκα
1088 4312 1269 4383 φαμὲν
1294 4315 1387 4376 εἰς,
1407 4313 1665 4383 θεότητος
1694 4330 1826 4384 τρα-

230 4397 399 4469 πῆναι
428 4399 613 4467 φύσιν,
648 4399 776 4453 οὔτε
814 4400 921 4471 μὴν
962 4402 1165 4473 σαρκὸς
1194 4405 1274 4466 είς
1306 4403 1469 4473 φύσιν
1516 4404 1616 4475 τὴν
1646 4405 1823 4476 ἀπόρ-

232 4494 391 4559 ρητον
419 4490 558 4544 Θεοῦ
583 4491 759 4560 Λόγου
788 4493 1133 4563 παραχθῆναι
1157 4492 1170 4543 5
1214 4494 1396 4564 φύσιν·
1423 4498 1690 4569 ἄτρεπτος
1715 4497 1823 4568 γάρ

228 4584 341 4635 ἔστι
370 4584 465 4636 καὶ
500 4583 856 4649 ἀναλλοίωτος
876 4586 1158 4649 παντελῶς
1187 4587 1287 4657 μὲν
1307 4589 1335 4640 ὁ
1365 4588 1528 4651 αὐτὸς
1555 4589 1642 4641 ἀεὶ
1668 4586 1742 4641 ὣν
1768 4589 1821 4652 κ,

2024 1203 2043 1235 ε
2062 1185 2418 1241 Credimusin
2437 1203 2606 1243 unum
2631 1186 3056 1251 Deum,Patrem
3082 1184 3539 1255 omnipotentem,

1942 1277 2190 1329 omnium
2218 1276 2520 1332 visibilium
2545 1286 2602 1332 et
2627 1277 2988 1333 invisibilium
3018 1285 3325 1332 creatorem
3354 1295 3367 1331 :
3395 1288 3455 1332 et
3484 1277 3541 1333 in

1945 1385 2117 1423 unum
2148 1368 2660 1439 DominumJesum
2693 1369 2998 1433 Christum,
3040 1369 3238 1423 Filium
3277 1370 3372 1425 Dei
3413 1369 3540 1424 uni-

1945 1458 2218 1528 genitum,
2251 1466 2438 1513 natum
2480 1475 2549 1514 ex
2588 1459 2772 1523 Patre,
2809 1458 2916 1512 hoc
2951 1466 3055 1521 est,
3092 1473 3159 1511 ex
3194 1458 3375 1511 Patris
3412 1457 3542 1512 sub-

1946 1551 2169 1615 stantia,
2183 1551 2356 1605 Deum
2374 1550 2443 1605 de
2459 1550 2595 1615 Deo,
2613 1550 2801 1606 lumen
2823 1551 2891 1605 de
2908 1550 3138 1613 lumine,
3155 1548 3328 1604 Deum
3346 1565 3542 1604 verum

1944 1642 2013 1698 de
2047 1644 2160 1698 Deo
2195 1660 2358 1709 vero;
2389 1643 2658 1714 genitum,
2688 1658 2799 1697 non
2833 1642 3061 1707 factum,
3093 1641 3541 1697 consubstantia—

1941 1734 2049 1789 lem
2089 1736 2271 1801 Patri;
2308 1752 2406 1806 per
2447 1750 2612 1806 quem
2652 1735 2838 1789 omnia
2873 1734 3013 1790 facta
3055 1745 3206 1798 sunt,
3238 1743 3294 1788 et
3330 1747 3453 1803 quae
3487 1732 3540 1787 in

1942 1827 2103 1891 cmlo,
2126 1835 2183 1881 et
2211 1843 2333 1897 quin
2364 1828 2419 1881 in
2448 1835 2631 1893 terra;
2660 1828 2755 1899 qui
2782 1837 3006 1898 propter
3041 1843 3144 1882 nos
3185 1827 3460 1891 homines,
3487 1833 3544 1880 et

1941 1927 2170 1987 propter
2209 1928 2455 1973 nostram
2500 1920 2733 1974 salutem
2773 1918 3079 1981 descendit,
3123 1926 3180 1971 et
3222 1919 3537 1972 incarnatus

1872 1993 1916 2049 Β
1944 2018 2048 2075 εει,
2084 2018 2140 2065 et
2178 2010 2344 2064 homo
2381 2010 2560 2066 factus
2589 2019 2693 2076 est,
2724 2020 2781 2066 et
2817 2024 3009 2082 passus
3041 2018 3146 2066 est.
3173 2019 3229 2064 et
3261 2008 3425 2063 tertia
3450 2006 3538 2062 dieI

1948 2104 2250 2158 resurrexit
2285 2122 2296 2156 :
2329 2102 2579 2158 aSccndit
2619 2105 2686 2159 ad
2734 2105 2937 2167 caelos,
2979 2111 3252 2158 venturus
3289 2101 3541 2172 judicare

1945 2195 2101 2248 vivos
2124 2204 2181 2249 et
2204 2205 2452 2250 mertuos
2481 2214 2493 2248 ε
2519 2204 2575 2250 ct
2608 2196 2661 2248 in
2688 2194 2957 2264 Spiritum
2996 2205 3269 2249 sanctum.
3304 2193 3409 2260 Qui
3438 2209 3539 2249 au-

1943 2297 2056 2343 tem
2078 2288 2271 2343 dicunt
2294 2305 2307 2342 :
2331 2284 2465 2344 Erat
2491 2289 2789 2359 aliquando
2814 2304 2937 2343 cum
2962 2304 3072 2342 non
3094 2296 3261 2352 esset,
3283 2296 3340 2342 et
3360 2287 3541 2357 prius-

1942 2391 2105 2445 quam
2146 2382 2491 2441 nasceretur,
2516 2393 2628 2432 non
2668 2388 2821 2444 erat;
2852 2379 2939 2433 vel
2973 2378 3120 2448 quod
3152 2393 3219 2433 ex
3245 2393 3354 2432 non
3389 2378 3534 2434 exsi-

1940 2468 2240 2533 stentibus,
2267 2476 2364 2521 aut
2388 2483 2455 2523 ex
2480 2468 2586 2522 alia
2614 2469 2921 2523 substantia
2943 2470 3028 2523 vel
3048 2470 3291 2524 essentia
3317 2469 3413 2535 sit;
3443 2481 3540 2525 aut

1939 2559 2033 2627 qui
2052 2558 2251 2612 Filium
2266 2559 2361 2613 Dei
2381 2560 2672 2613 mutationi
2692 2568 2786 2613 aut
2805 2560 3114 2615 alterationi
3132 2544 3431 2616 obnoxium
3447 2578 3509 2617 as
3524 2591 3540 2602 ς

1940 2657 2150 2714 serunt;
2171 2649 2551 2705 hoscatholica
2582 2661 2638 2705 et
2663 2651 2961 2720 apostolica
2989 2652 3417 2708 anathematizat
3437 2654 3541 2709 Ec-

1937 2740 2155 2795 clesia.»
2180 2741 2508 2796 Sanctorum
2535 2752 2717 2797 autem
2733 2742 2955 2796 Patrum
2984 2742 3381 2808 confessiones,
3401 2760 3540 2815 quas

1936 2839 2126 2885 sancto
2156 2833 2211 2886 in
2236 2832 2369 2902 ipsis
2388 2833 2651 2903 loquente
2673 2834 2880 2903 Spiritu
2900 2833 3217 2899 ediderunt,
3240 2846 3536 2903 sectantes,

1935 2934 2273 2991 scopumque
2296 2939 2359 2977 ac
2383 2938 2605 2977 sensum
2628 2939 2794 2992 quem
2828 2923 2903 2977 illi
2940 2932 3257 2987 tenuerunt,
3291 2926 3540 2983 studiose

1934 3011 2139 3081 ubique
2157 3013 2537 3075 observantes,
2556 3022 2613 3068 et
2634 3012 2781 3084 regia
2802 3014 2956 3083 quasi
2980 3014 3065 3068 via
3090 3015 3435 3082 incedentes,
3451 3018 3536 3088 ip-

1933 3118 2055 3156 sum
2074 3105 2418 3175 unigenitum
2434 3105 2531 3159 Dei
2546 3104 2812 3168 Verbum,
2832 3122 2896 3159 ex
2914 3106 3094 3159 Patris
3112 3107 3419 3163 substantia
3436 3125 3536 3163 na-

1934 3194 2071 3251 tum.
2098 3197 2268 3250 Deum
2314 3213 2509 3251 verum
2533 3196 2601 3251 de
2626 3198 2735 3251 Deo
2774 3213 2928 3263 vero,
2954 3202 3141 3253 lumen
3187 3198 3255 3253 de
3304 3201 3534 3265 lumine,

1933 3305 2031 3359 per
2047 3306 2211 3359 quem
2235 3291 2417 3353 omnia
2440 3300 2496 3345 et
2511 3306 2632 3360 qum
2650 3291 2703 3344 in
2734 3292 2874 3345 coelo
2899 3299 2952 3346 et
2976 3309 3096 3362 quae
3129 3293 3183 3347 in
3209 3295 3371 3349 terris
3391 3294 3538 3353 facta

1932 3382 2262 3448 consistunt,
2292 3383 2485 3438 salutis
2510 3392 2710 3438 nostra!
2732 3400 2897 3438 causa
2927 3384 3301 3450 descendisse,
3322 3387 3430 3457 70
3449 3402 3538 3443 se-

1932 3489 2037 3543 que
2058 3473 2125 3527 ad
2143 3474 2572 3530 exinanitionem
2592 3473 2832 3529 demisso
2846 3476 2889 3505 ’⁸ο
2909 3475 3253 3531 incarnatum
3274 3488 3330 3532 et
3350 3478 3534 3534 homi-
3600 3473 3609 3484 ’

1930 3579 2057 3617 nem
2089 3564 2315 3629 factum,
2340 3565 2445 3619 hoc
2464 3574 2568 3629 est,
2593 3580 2758 3619 carne
2780 3580 2846 3619 ex
2871 3580 3028 3621 sacra
3048 3567 3271 3637 Virgine
3293 3576 3531 3639 sumpta.

1934 3656 2240 3726 eademque
2287 3656 2392 3711 sibi
2432 3658 2806 3727 appropriate,
2849 3659 2906 3713 in
2950 3668 3110 3713 utero
3149 3674 3302 3713 more
3344 3669 3535 3717 nostro

1932 3751 2204 3818 genitum,
2236 3749 2631 3819 hominemque
2657 3764 2724 3803 ex
2754 3750 2982 3805 muliere
3020 3749 3075 3803 in
3107 3751 3286 3805 lucem
3318 3751 3533 3807 editum

1932 3837 2201 3893 dicimus:
2236 3838 2291 3892 id
2329 3838 2553 3893 interim
2593 3837 2739 3907 quod
2776 3846 2969 3908 suapte
3013 3832 3210 3891 natura
3249 3845 3391 3902 erat,
3417 3853 3532 3894 non

1931 3930 2219 4002 abjieicns,
2256 3931 2349 3985 sed
2392 3932 2497 3985 hoc
2532 3930 2713 4001 ipsum
2743 3931 2891 4001 quod
2919 3941 3056 3994 erat,
3090 3931 3195 3985 hoc
3227 3939 3331 3994 est,
3362 3945 3530 3986 verus

1931 4022 2308 4091 naturalisque
2351 4022 2518 4085 Deus,
2546 4022 2677 4075 licet
2723 4037 2947 4076 carnem
2983 4031 3039 4077 et
3074 4022 3399 4093 sanguinem
3438 4037 3530 4076 as-

1931 4115 2286 4185 sumpsisset,
2332 4123 2649 4169 constanter
2686 4130 2933 4169 manens.
2973 4115 3161 4184 Neque
3212 4128 3434 4168 carnem
3472 4114 3530 4168 in

1930 4206 2238 4261 divinitatis
2283 4216 2537 4260 naturam
2622 4221 2857 4271 versam,
2909 4222 3012 4259 nec
3060 4214 3254 4260 contra
3304 4221 3529 4260 rursum

1932 4299 2270 4354 inetl‘abilem
2320 4298 2469 4352 illam
2517 4307 2775 4352 naturam
2824 4298 2880 4352 in
2928 4299 3113 4352 carnis
3158 4297 3528 4352 substantiam

1930 4400 2350 4447 transmutatam
2411 4392 2742 4456 asserimus;
2795 4399 2881 4445 est
2925 4390 3074 4444 enim
3128 4389 3526 4455 immutabilis,

1927 4484 2177 4553 nullique
2214 4483 2525 4537 alterationi
2555 4483 2848 4547 obnoxius,
2881 4498 3099 4552 semper
3135 4482 3303 4547 idem,
3328 4482 3527 4552 suique

1928 4578 2146 4641 similis,
2178 4586 2235 4631 ut
2270 4577 2536 4646 scriptum
2573 4584 2678 4639 est,
2710 4591 2957 4630 manens.
2994 4575 3212 4629 Etenim
3249 4589 3375 4629 cum
3411 4575 3526 4645 jam

227 4675 367 4728 κατά
386 4673 489 4736 τὰς
524 4674 769 4745 Γραφὰς.
804 4675 1111 4746 Ὀρώμενος
1140 4677 1197 4730 δὲ
1220 4677 1314 4731 καὶ
1340 4676 1539 4747 βρέφος
1568 4680 1625 4730 ὲν
1647 4694 1823 4749 σπαρ-

1933 4668 2164 4723 visibilis
2202 4668 2379 4722 factus
2401 4677 2565 4733 esset,
2596 4668 2980 4737 infantumque
3024 4680 3177 4721 more
3210 4664 3397 4720 fasciis
3422 4663 3524 4721 ad-

228 4766 411 4833 γὰνοις
437 4766 617 4836 μένων
644 4765 663 4805 1
687 4767 789 4833 ἐτι,
806 4768 900 4821 καὶ
919 4771 977 4822 ἐν
1000 4770 1225 4833 κόλποις
1249 4768 1351 4839 τῆς
1376 4769 1645 4838 τεκούσης
1671 4771 1820 4840 Παρ-

228 4859 402 4923 θένου,
430 4861 615 4911 πᾶσαν
647 4860 887 4931 ἐπλήρου
911 4863 1010 4932 τὴν
1037 4864 1237 4929 κτίσιν,
1269 4863 1345 4927 ὡς
1373 4862 1526 4925 Θεὸς,
1560 4863 1654 4915 καὶ
1691 4862 1819 4916 σύν-

226 4951 377 5023 εδρος
416 4947 486 5021 ἦν
528 4950 608 5021 τῷ
636 4953 1012 5023 γεγεννηκότι.
1049 4954 1124 5008 Τὸ
1166 4954 1275 5027 γὰρ
1322 4952 1486 5015 θεῖον,
1517 4953 1721 5007 ἀποσόν
1759 4952 1820 5005 τέ

228 5044 339 5097 “tt
373 5043 471 5097 καὶ
502 5043 795 5115 ἀμέγεθες,
828 5045 926 5097 καὶ
956 5046 1315 5119 περιορισμὸν
1337 5046 1437 5098 οὐκ
1466 5044 1741 5115 ἀνέχεται.

302 5219 577 5274 Ἡνῶσθαί
602 5237 666 5288 γε
693 5220 798 5291 μὴν
827 5223 993 5292 σαριά⁸
1018 5221 1139 5275 καθ’
1168 5212 1466 5275 ὑπόστασιν
1491 5222 1819 5292 ὁμολογοῦν-

226 5329 311 5377 τες
334 5313 428 5366 τὸν
465 5314 662 5382 Λόγον,
703 5314 825 5367 ἒναλ
860 5316 1277 5387 προσκυνοῦμεν
1309 5315 1441 5369 Υίὸν
1474 5316 1568 5367 καὶ
1610 5315 1816 5385 Κύριον

238 5404 443 5474 Ἰησοῦν
482 5406 742 5477 Χριστὸν,
776 5407 900 5461 οὔτε
929 5410 1032 5463 ἀνὰ
1076 5409 1240 5481 μέρος
1288 5408 1544 5471 τιθέντες
1592 5409 1687 5463 καὶ
1738 5409 1817 5461 δι-

226 5495 492 5564 ορίζοντες
531 5495 917 5567 ἄνθρωπονκαὶ
974 5496 1144 5566 Θεὸν,
1195 5494 1319 5549 οὔτε
1360 5503 1398 5525 “
1439 5495 1819 5565 συνημμένους

291 5658 336 5689 ⁵⁸
361 5659 599 5731 Philipp.
641 5676 701 5724 ιι,
727 5660 783 5712 7.

1926 4761 2037 4816 huc
2056 4761 2451 4825 involveretur,
2474 4776 2537 4816 ac
2558 4760 2615 4814 in
2632 4761 2871 4831 Virginis
2892 4761 3083 4814 matris
3100 4760 3311 4830 gremio
3331 4759 3523 4813 etiam-

1924 4870 2059 4909 num
2076 4853 2377 4917 foveretur,
2398 4869 2617 4909 omnem
2638 4853 2900 4923 implebat
2921 4864 3257 4918 creaturam,
3276 4862 3339 4908 ut
3354 4854 3523 4920 Deus,

1924 4948 2155 5017 parique
2203 4962 2330 5000 cum
2368 4947 2527 5002 Patre
2578 4953 2847 5015 potestate
2900 4946 3185 5016 regnabat.
3232 4943 3523 5015 Siquidem

1924 5036 2186 5091 divinitas
2221 5036 2546 5105 quantitatis
2583 5044 2641 5090 et
2683 5035 2845 5091 molis
2886 5051 3085 5107 expers
3120 5042 3227 5102 est,
3254 5049 3359 5093 nec
3393 5034 3522 5091 ullis

1924 5128 2197 5185 limitibus
2233 5126 2701 5184 circumscribitur

1994 5220 2255 5287 Quamvis
2270 5227 2455 5274 autem
2472 5219 2714 5274 Verbum
2741 5218 2893 5274 carni
2919 5219 3223 5275 secundum
3252 5219 3518 5290 hyposta-

1924 5311 2031 5368 sim
2061 5310 2279 5366 unitum
2315 5308 2617 5375 fateamur,
2660 5325 2832 5364 unum
2868 5318 3052 5365 tamen
3090 5307 3290 5365 Filium
3319 5310 3517 5366 acDo-

1926 5403 2137 5458 minum
2177 5397 2367 5458 Iesum
2410 5402 2694 5457 Christum
2742 5402 3070 5468 adoramus;
3117 5418 3298 5475 neque
3341 5402 3518 5458 Deum

1922 5504 1976 5547 et
2002 5494 2280 5548 hominem
2304 5508 2575 5555 secamus,
2602 5501 2695 5546 aut
2718 5492 2773 5548 in
2800 5504 2986 5563 partes
3004 5493 3338 5561 dircllimus,
3357 5493 3515 5563 quasi

1288 5743 1467 5798 Varia:
1491 5741 1758 5797 lectiones
1787 5738 1996 5796 codicis
2027 5738 2394 5811 Seguioriani.

358 5869 426 5926 δι’
461 5864 525 5927 οὖ
551 5869 779 5941 ἐποίησα
818 5834 945 5931 «is;
970 5862 1195 5931 αἰῶνας.
1280 5872 1290 5910 I
1334 5858 1760 5949 μιτινεχθιῖναι.
1827 5859 1863 5945 ,ι
1905 5858 2104 5932 μένων.
2189 5858 2207 5898 ι
2241 5859 2341 5932 μὲν
2374 5860 2473 5918 ὧν.
2545 5872 2582 5900 ει
2620 5862 2714 5927 ὡς.
