4116 6318
722 437 817 491 ιιι

1740 423 1797 478 S.
1836 418 2111 476 CYRlLl-J
2149 416 2617 474 ALEXANDle
2654 417 2975 474 ARClllEP.

3885 420 3988 477 il!

714 548 996 624 dignitatis
1043 553 1255 601 tantum
1299 551 1356 597 et
1406 538 1748 597 auctoritatis
1792 536 2280 593 communicatione

2393 535 2594 607 μᾶλλον
2625 513 2875 607 ἀλλήλοις
2912 538 2977 606 τῇ
3006 535 3111 600 τῆς.
3131 536 3289 603 ἀξίας
3315 535 3410 590 καὶ
3441 534 3731 598 αὐθεντίας
3768 535 3988 604 ένότητι

715 639 861 698 inter
882 654 943 697 se
980 638 1369 693 consocientur
1398 628 1524 701 (hoc
1556 629 1707 704 enim
1744 628 1948 692 dicere,
1972 626 2109 681 nihil
2140 624 2288 681 aliud

712 745 798 791 est
818 746 982 804 quam
1009 731 1227 786 inanem
1250 724 1542 799 quamdam
1564 736 1763 778 vocum
1787 719 2083 774 novitatem
2108 718 2290 788 inepte

710 821 1112 898 profundere);
1158 834 1336 890 neque
1378 816 1518 872 duos
1562 812 1950 871 constituimus
2001 808 2281 865 Christos:

710 920 945 976 alterum
982 916 1090 989 per
1134 931 1193 972 se
1239 928 1305 969 ac
1352 924 1598 967 seorsum
1649 907 1745 962 Dei
1784 905 1962 961 Patris
2013 904 2284 966 Verbum,

710 1014 943 1068 alterum
969 1010 1120 1063 illum
1145 1020 1335 1061 rursus
1353 1015 1622 1064 seorsum,
1645 999 1739 1069 qui
1773 1013 1841 1053 es
1859 995 2091 1051 muliere
2130 1003 2291 1049 natus

709 1113 824 1169 est;
852 1103 946 1158 sed
976 1115 1147 1155 unum
1183 1099 1448 1153 duntaxat
1478 1094 1759 1149 Christum
1799 1091 2167 1162 agnoscimus,
2192 1085 2288 1141 Dei

708 1192 967 1249 videlicet
992 1190 1169 1246 Patris
1188 1188 1426 1243 Ycrbum
1455 1198 1581 1239 cum
1606 1198 1792 1248 carne,
1820 1197 1986 1253 quam
2007 1179 2289 1251 propriam

708 1286 814 1342 sibi
854 1283 1063 1349 ascivit.
1103 1281 1257 1336 Tune
1291 1291 1353 1333 ιιι
1383 1278 1572 1338 homo,
1605 1275 1893 1331 nobiscum
1949 1281 2148 1328 unctus
2184 1276 2289 1333 est,

706 1392 832 1433 cum
864 1385 1041 1431 tamen
1084 1373 1201 1444 ipse
1237 1372 1309 1426 sit
1339 1370 1434 1441 qui
1468 1368 1733 1440 Spiritum
1760 1366 1856 1423 dat
1880 1381 1989 1421 non
2030 1361 2289 1433 indignis,

716 1470 889 1540 idque
910 1483 1022 1523 non
1078 1466 1147 1521 ad
1201 1477 1537 1527 mensuram,
1590 1470 1650 1515 ut
1706 1459 1905 1515 beatus
1959 1454 2293 1527 evangelista

705 1561 950 1618 Joannes
1009 1567 1243 1613 testatur
1276 1558 1344 1611 “.
1416 1553 1525 1611 Sed
1566 1567 1746 1622 neque
1803 1552 1900 1606 Dei
1965 1548 2201 1604 Verbum
2235 1546 2290 1600 in

706 1667 875 1708 sacrae
922 1648 1163 1721 Virginis
1217 1647 1350 1713 lilio,
1396 1643 1567 1701 veluti
1622 1643 1679 1697 in
1728 1640 2005 1698 comtnuni
2052 1637 2291 1708 quodam

704 1745 926 1801 homine
987 1740 1321 1797 inhabitasse
1376 1738 1638 1798 dicimus,
1680 1750 1751 1789 ne
1805 1732 2059 1788 Christus
2111 1726 2294 1783 Deifer

701 1837 870 1893 homo
917 1849 1037 1890 esse
1083 1830 1433 1901 intelligatur.
1474 1827 1610 1883 Nam
1653 1827 1784 1881 licet
1806 1821 2049 1881 Verbum
2093 1818 2148 1874 in
2187 1835 2288 1873 no-

701 1928 790 1983 bis
815 1924 1075 1982 habitarit
1095 1923 1158 1986 δ’,
1184 1898 1514 1990 omnemque
1540 1916 1847 1972 divinitatis
1883 1910 2284 1985 plenitudinem
2315 1898 2359 1954 Β

699 2017 1059 2089 corporaliter
1084 2014 1138 2068 in
1161 2011 1382 2068 Christo
1418 2008 1728 2064 inhabitare
1757 2004 1985 2060 Litteris
2002 2001 2281 2075 proditum

700 2112 773 2169 sit
792 2110 859 2174 ⁸⁸,
888 2115 1127 2162 attamen
1150 2120 1259 2160 non
1292 2103 1365 2158 ita
1390 2103 1443 2157 in
1466 2100 1563 2155 illo
1594 2098 1881 2161 habitavit,
1911 2105 1971 2151 ut
1992 2096 2047 2150 in
2080 2094 2285 2150 sanctis

700 2202 1009 2260 inhabitare
1040 2198 1263 2254 dicitur.
1289 2193 1569 2251 Habitavit
1595 2194 1744 2248 enim
1778 2189 2085 2245 secundum
2119 2196 2282 2241 natu-

697 2308 816 2349 ram
845 2292 1083 2354 unitum,
1113 2302 1221 2342 non
1259 2286 1315 2340 in
1343 2299 1564 2339 carnem
1599 2290 1890 2346 mutatum,
1928 2279 2022 2334 tali
2064 2278 2283 2334 inhabi-

697 2385 927 2449 tatione,
964 2382 1181 2453 qualem
1209 2377 1318 2433 dici
1343 2383 1522 2446 potest
1544 2372 1785 2429 hominis
1807 2372 1990 2427 anima
2020 2384 2147 2441 erga
2176 2370 2282 2425 sibi

698 2474 984 2546 proprium
1013 2486 1215 2543 corpus
1241 2467 1466 2524 habere.

769 2584 873 2656 7],
914 2583 1068 2642 Unus
1093 2581 1280 2651 itaque
1302 2589 1390 2636 est
1416 2577 1675 2635 Christus
1719 2584 1779 2632 et
1806 2575 1981 2632 Filius
2005 2582 2064 2631 et
2089 2575 2279 2631 Domi—

696 2689 805 2732 nus
820 2675 890 2739 “,
907 2688 1020 2729 non
1037 2671 1111 2728 ita
1129 2671 1288 2741 quasi
1306 2669 1473 2725 homo
1489 2684 1612 2725 eam
1640 2673 1855 2721 tantum
1872 2681 1999 2721 cum
2016 2664 2129 2720 Deo
2149 2679 2283 2721 con-

689 2763 1035 2837 iunctionem
1054 2761 1286 2817 sortitus
1305 2759 1398 2826 sit,
1419 2774 1543 2830 quia:
1559 2758 1614 2813 in
1634 2756 1751 2836 sola
1767 2754 2055 2828 dignitatis
2074 2755 2161 2811 vel
2186 2772 2284 2811 au-

694 2855 969 2912 ctoritatis
991 2854 1202 2910 unitate
1227 2852 1402 2924 posita
1419 2850 1508 2907 sit.
1544 2849 1663 2906 Non
1681 2848 1829 2905 enim
1853 2848 2082 2905 honoris
2101 2862 2284 2920 mqua-

690 2948 821 3005 litas
858 2956 1083 3003 naturas
1123 2944 1244 3000 unit
1271 2962 1286 2997 :
1317 2941 1521 3013 alioqui
1568 2941 1767 2998 Petrus
1801 2947 1859 2994 et
1877 2938 2140 3004 Joannes,
2185 2938 2281 3011 qui

695 3037 847 3110 paris
873 3034 1157 3108 dignitatis
1170 3032 1503 3091 exstiterunt
1519 3043 1795 3105 quatenus
1808 3031 2024 3087 scilicet
2044 3030 2282 3102 apostoli

691 3144 757 3186 ac
802 3128 978 3185 sancti.
1003 3126 1287 3198 discipuli,
1306 3140 1415 3181 non
1448 3140 1593 3179 unus
1616 3132 1822 3190 essent,
1860 3121 1956 3180 sed
1984 3123 2095 3179 duo
2134 3141 2148 3177 :
2179 3139 2281 3179 nec

693 3235 914 3277 rursum
936 3218 1283 3291 appositione
1308 3216 1514 3272 factum
1546 3216 1906 3289 intelligimus
1928 3216 2277 3287 conjunctio-
2306 3258 2348 3317 ο

690 3313 785 3370 nis
824 3311 1083 3379 modum;
1117 3325 1183 3366 ea
1219 3308 1370 3364 enim
1405 3308 1489 3365 ad
1510 3308 1819 3373 naturalem
1848 3307 2108 3364 unionem
2150 3323 2282 3363 con-

690 3399 1027 3459 stituendam
1068 3406 1153 3455 sat
1193 3412 1318 3454 esse
1368 3397 1595 3469 nequit;
1629 3412 1809 3469 neque
1842 3397 2148 3454 secundum
2195 3397 2279 3454 af-

686 3490 981 3549 !ectualem
1002 3489 1581 3555 communicationem,
1611 3489 1890 3560 quomodo
1920 3505 2023 3546 nos
2045 3490 2280 3546 Domino

686 3585 1061 3651 cohaeremus,
1112 3597 1388 3654 unusque,
1420 3591 1485 3638 ut
1531 3581 1798 3653 scriptum
1836 3582 2002 3647 est“,
2031 3597 2156 3639 cum
2209 3596 2278 3638 eo

688 3678 919 3751 spiritus
954 3674 1258 3741 efﬁcimur;
1295 3673 1408 3729 imo
1429 3687 1561 3728 vero
1602 3672 2008 3745 conjunctionis
2032 3674 2275 3730 vocabu-

687 3769 826 3832 lum,
855 3776 1132 3839 tanquam.
1151 3766 1219 3822 ad
1251 3766 1511 3821 unionem
1552 3765 1696 3822 hanc
1724 3766 2138 3838 exprimendam
2169 3766 2274 3821 mi-

688 3874 797 3916 nus
841 3858 1123 3923 idoneum,
1160 3854 1538 3927 repudiamus.
1608 3854 1717 3911 Sed
1763 3871 1945 3928 neque
1978 3856 2075 3910 Dei
2098 3855 2277 3911 Patris

685 3949 955 4015 Verbum,
990 3949 1197 4007 Christi
1238 3949 1412 4005 Deum
1439 3956 1536 4004 aut
1565 3947 1861 4004 Dominum
1888 3949 2270 4016 nominamus;

686 4058 758 4101 ne
781 4058 951 4098 ttnum
1002 4056 1198 4097 rursus
1226 4041 1510 4098 Christum
1535 4050 1593 4098 et
1631 4041 1834 4098 Filium
1876 4050 1934 4098 et
1979 4042 2272 4098 Dominum

687 4134 747 4193 in
772 4134 914 4192 duos
955 4142 1144 4204 aperte
1193 4133 1539 4197 divellentes,
1584 4134 1642 4189 in
1674 4134 2029 4206 blasphemiae
2060 4133 2269 4190 crimen

688 4232 902 4303 (utpote
948 4227 1122 4284 Deum
1166 4227 1344 4299 ipsum
1398 4227 1487 4284 sui
1532 4225 1707 4298 ipsius
1742 4226 2031 4282 dominum
2067 4224 2274 4282 consti-

686 4319 942 4391 tuentes)
994 4318 1321 4375 incidamus.
1382 4318 1626 4375 Verbum
1668 4318 1815 4374 enim
1855 4318 1987 4380 Dei,
2023 4324 2086 4373 ut
2127 4331 2272 4389 saepe

683 4412 795 4483 iam
817 4410 1228 4475 admonuimus,
1268 4411 1421 4466 carni
1447 4410 1754 4466 secundum
1788 4408 2122 4481 hypostasim
2149 4410 2272 4466 uni—

686 4514 830 4566 tum,
856 4508 912 4556 et
931 4500 1078 4556 Deus
1096 4509 1201 4566 est,
1227 4508 1285 4555 et
1312 4508 1694 4556 creaturarum
1719 4497 1964 4554 omnium
1984 4498 2267 4568 Dominus;

2396 629 2751 701 (καινοφωνία
2811 628 2917 701 γὰρ
2970 628 3159 693 τοῦτο,
3220 630 3314 684 καὶ
3360 629 3548 701 ἕτερον
3587 628 3803 699 οὐδὲν),
3860 628 3988 682 οὔτε

2396 723 2505 793 μὴν
2537 723 2769 795 Χριστὸν
2806 720 2989 785 ίδικῶς
3019 722 3377 791 ὀνομάζοντες
3404 720 3495 775 τὸν
3524 722 3591 774 ὲκ
3618 720 3756 775 Θεοῦ
3784 721 3988 787 Λόγον,

2394 816 2489 870 καὶ
2515 816 2715 886 ὁμοίως
2756 814 2938 877 ίδικῶς
2972 814 3203 884 Χριστὸν
3231 815 3438 886 ἕτερον,
3468 815 3562 867 τὸν
3588 815 3653 867 ὲκ
3683 813 3988 881 γυναικός·

2392 905 2511 959 ἀλλ’
2535 905 2633 961 ἕνα
2668 905 2829 977 μόνον
2862 905 3067 966 εἰδότες
3103 906 3360 976 Χριστὸν,
3388 906 3480 959 τὸν
3507 907 3573 958 ὲκ
3597 903 3734 957 Θεοῦ
3769 904 3988 974 [ἰατρὸς

2391 998 2565 1066 Λόγον
2596 1000 2734 1068 μετὰ
2760 998 2857 1068 τῆς
2893 1000 3028 1061 Ιὸίας
3059 999 3280 1067 σαρκός.
3324 998 3457 1051 Τότε
3488 997 3596 1069 γὰρ
3622 995 3988 1064 ἀνθρωπίνως

2392 1091 2675 1162 κέχρισται
2712 1092 2830 1161 μεθ’
2866 1091 3046 1162 ἡμῶν,
3097 1090 3272 1145 καίτοι
3320 1093 3434 1153 τοῖς
3464 1089 3635 1155 ἀξίοις
3672 1087 3770 1141 τοῦ
3800 1087 3988 1141 λασεῖι

2391 1181 2453 1235 τὸ
2496 1182 2723 1253 Πνεῦμα
2755 1183 2931 1247 διδοὺς
2968 1183 3167 1250 αὐτὸς,
3197 1182 3287 1236 καὶ
3318 1182 3421 1236 οὐκ
3448 1182 3514 1235 έκ
3564 1182 3799 1253 μέτρου,
3842 1178 3988 1233 καθά

2393 1290 2558 1344 φησιν
2581 1275 2611 1327 ό
2642 1275 2913 1348 μακάριος
2940 1274 3336 1344 εὐαγγελιστὴς
3378 1273 3654 1344 Ἰωάννης.
3696 1263 3845 1328 ’Ἀλλ’
3877 1271 3988 1326 οὐδ’

2391 1369 2566 1422 ἐκεῖνό
2600 1372 2802 1440 φαμεν,
2830 1370 2914 1424 ὅτι
2938 1368 3255 1439 κατῴκησεν
3276 1369 3303 1421 ό
3326 1368 3391 1421 ὲκ
3420 1366 3555 1420 Θεοῦ
3591 1366 3788 1434 Λόγος,
3821 1364 3900 1428 ὡς
3932 1365 3988 1417 έν

2392 1458 2665 1533 ἀνθρώπῳ
2684 1460 2868 1531 κοινῷ,
2894 1460 2974 1532 τῷ
3001 1466 3066 1514 ὲκ
3087 1460 3185 1531 τῆς
3213 1460 3374 1527 ἁγίας
3404 1456 3681 1527 Παρθένου
3709 1475 3988 1527 γεγεννη-

2394 1553 2559 1624 μένιρο
2593 1553 2681 1606 ἵνα
2712 1551 2786 1624 μὴ
2815 1552 3076 1624 θεοφόρος
3098 1552 3385 1623 ἄνθρωπος
3414 1554 3587 1603 νοοῖτο
3618 1549 3882 1624 Χριστός.
3916 1549 3988 1601 El

2390 1621 2622 1715 γάρκαὶ
2646 1621 2958 1714 ἐσκήνωσεν
2984 1621 3053 1697 ’ἔν
3080 1621 3215 1714 ἡμῖν
3238 1644 3266 1696 ό
3302 1641 3497 1709 Λόγος,
3530 1621 3768 1712 εἴρηται·
3793 1640 3852 1693 δὲ
3889 1638 3988 1692 καὶ

2392 1741 2449 1791 έν
2472 1735 2696 1808 Χριστῷ
2722 1734 3049 1803 κατοικῆσαι
3070 1734 3179 1788 πᾶν
3203 1734 3266 1788 τὸ
3292 1733 3565 1805 πλήρωμα
3596 1733 3691 1804 τῆς
3722 1731 3988 1801 θεότητος

2393 1828 2740 1897 σωματικῶς·
2774 1826 2889 1881 ἀλλ’
2912 1823 3007 1881 οὖν
3028 1826 3341 1897 έννοοῦμεν,
3370 1827 3451 1881 ὅτι
3488 1826 3782 1895 γενόμενος
3815 1824 3987 1895 σὰρξ,

2384 1920 2484 1991 οὐχ
2520 1919 2712 1992 ὥσπερ
2741 1922 2798 1974 ἐν
2828 1921 2943 1983 τοῖς
2967 1919 3148 1988 ἁγίοις
3174 1918 3506 1987 κατοικῆσαι
3545 1917 3791 1985 λέγεται,
3835 1916 3987 1969 κατὰ

2383 2011 2477 2065 τὸν
2526 2010 2639 2065 ἴσον
2668 2010 2765 2063 καὶ
2801 2010 2859 2064 ὲν
2899 2008 3050 2081 αὺτῷ
3080 2009 3285 2081 τρόπον
3328 2008 3582 2077 γενέσθαι
3624 2004 3988 2078 διοριζόμεθα

2384 2101 2484 2174 τὴν
2512 2101 2855 2173 κατοίκησιν.
2903 2100 3045 2159 Ἀλλ’
3089 2100 3314 2165 ένωθεὶς
3358 2099 3501 2153 κατὰ
3530 2099 3845 2169 adamata).
3876 2097 3983 2150 οὐκ

2384 2194 2465 2259 εξς
2495 2192 2675 2265 σάρκα
2692 2191 2946 2265 τραπεὶς,
2977 2191 3233 2264 τοιαύτην
3254 2186 3562 2262 ’ἐποιήσατο
3581 2189 3682 2262 τὴν
3711 2188 3983 2258 κατοίκη·

2386 2301 2494 2351 σιν,
2527 2285 2592 2356 ῆν
2629 2284 2697 2339 ἂν
2727 2282 2873 2355 ἔχειν
2911 2284 3126 2352 λέγοιτο
3162 2284 3260 2339 καὶ
3289 2285 3323 2355 ή
3353 2281 3452 2338 τοῦ
3496 2280 3787 2354 ἀνθρώπου
3828 2280 3981 2352 ψυχὴ

2385 2380 2523 2449 πρὸς
2542 2379 2604 2431 τὸ
2624 2378 2752 2431 ἴδιον
2776 2377 2978 2448 ἑαυτῆς
3009 2376 3187 2448 σῶμα.
3370 2400 3377 2403 -

2457 2564 2555 2635 Εἷς
2580 2566 2674 2624 οὖν
2702 2571 2813 2643 ἄρα
2833 2572 3075 2645 Χριστὸς
3099 2574 3195 2629 καὶ
3226 2574 3353 2641 Υἱὸς
3390 2575 3486 2630 καὶ
3513 2576 3739 2648 Κύριος,
3772 2577 3874 2649 οὐχ
3897 2577 3982 2642 ὡς

2384 2663 2681 2734 συνάφειαν
2721 2664 2913 2730 ἁπλῶς
2950 2666 3052 2737 τὴν
3082 2666 3162 2732 ὡς
3199 2666 3355 2735 Θεὸν,
3401 2668 3614 2740 ένότητι
3654 2667 3757 2741 τῆς
3789 2668 3978 2741 ᾴξίας,

2380 2757 2548 2828 ήγουν
2582 2757 2895 2823 αὐθεντίας,
2938 2758 3157 2830 ἔχοντος
3204 2759 3496 2833 ἀνθρώπου
3541 2760 3680 2831 πρὸς
3707 2761 3863 2818 Θεόν.
3893 2762 3981 2818 Οὐ

2381 2846 2493 2919 γὰρ
2522 2848 2635 2900 ἑνοῖ
2660 2845 2761 2911 τάς
2785 2846 2979 2917 φύσεις
3007 2851 3042 2919 ἡ
3083 2849 3325 2921 ἰσοτιμία
3344 2866 3360 2880 ·
3389 2849 3485 2904 καὶ
3512 2850 3646 2920 γοῦν
3670 2851 3881 2925 Πέτρος
3910 2870 3981 2907 τι

2383 2938 2477 2991 καὶ
2528 2938 2805 3008 Ἰωάννης,
2842 2939 3077 3009 ίσότιμοι
3110 2940 3211 3011 μὲν
3237 2941 3509 3013 ἀλλήλοις,
3545 2943 3683 3001 καθὸ
3708 2944 3806 2998 καὶ
3833 2946 3979 3000 ἀπόο

2383 3028 2562 3082 στολοι
2588 3028 2683 3082 καὶ
2703 3027 2853 3098 ἅγιοι
2879 3028 3155 3101 μαθηταί·
3196 3030 3338 3101 πλὴν
3363 3032 3464 3103 οὐχ
3493 3027 3575 3096 εἷς
3604 3034 3657 3087 οἱ
3684 3032 3798 3089 δύο.
3830 3033 3977 3089 Οὔτε

2383 3121 2492 3191 μὴν
2544 3121 2689 3175 κατά
2733 3119 3039 3193 παράθεσιν
3088 3122 3181 3177 τὸν
3242 3123 3344 3194 τῆς
3399 3123 3697 3195 συναφείας
3739 3125 3978 3197 νοοῦμεν

2378 3212 2585 3285 τρόπον
2603 3229 2617 3241 ·
2645 3212 2746 3267 οὐκ
2765 3212 2986 3284 ἀπόχρη
3010 3214 3119 3285 γὰρ
3135 3213 3295 3267 τοῦτο
3318 3213 3457 3287 πρὸς
3471 3214 3666 3271 ἕνωσιν
3695 3221 3936 3290 φυσικήν
3956 3234 3974 3251 ⁸

2381 3302 2505 3357 οὔτε
2541 3305 2652 3376 μὴν
2680 3304 2756 3369 ὡς
2784 3305 2927 3359 κατὰ
2966 3306 3191 3380 μέθεξιν
3241 3310 3524 3381 σχετικὴν,
3568 3311 3645 3376 ὡς
3685 3312 3780 3366 καὶ
3805 3314 3974 3383 ἡμεῖς

2383 3399 2717 3471 κολλώμενοι
2765 3398 2846 3471 τῷ
2878 3401 3093 3473 Κυρίῳ,
3151 3403 3293 3457 κατὰ
3332 3402 3395 3457 τὸ
3448 3407 3850 3478 γεγραμμένον,
3906 3407 3973 3463 ἓν

2382 3489 2604 3561 πνεῦμά
2626 3492 2795 3562 ἐσμεν
2815 3492 2956 3564 πρὸς
2972 3495 3136 3548 αὐτόν
3156 3511 3173 3527 ο
3199 3494 3401 3567 μᾶλλον
3415 3494 3471 3550 δὲ
3484 3497 3545 3550 τὸ
3555 3498 3656 3568 τῆς
3672 3500 3972 3570 συναφείας

2377 3580 2551 3654 όνομα
2583 3583 3024 3655 παραιτούμεθα,
3050 3584 3127 3649 ὡς
3170 3586 3273 3641 οὐκ
3318 3585 3445 3657 ἕχον
3490 3588 3688 3654 ἱκανῶς
3722 3590 3970 3662 σημῆναι

2328 3736 2335 3745 ί
2376 3674 2476 3748 τὴν
2504 3675 2724 3730 ἕνωσιν.
2759 3675 3039 3735 mra-.36:
3068 3677 3203 3732 Θεὸν
3229 3678 3262 3750 ἢ
3308 3680 3587 3754 Δεσπότην
3608 3682 3703 3737 τοῦ
3723 3684 3966 3756 Χριστοῦ

2376 3765 2469 3818 τὸν
2504 3765 2569 3818 ἐκ
2601 3765 2739 3818 Θεοῦ
2772 3763 2986 3839 Πατρός
3016 3767 3193 3837 Λόγον
3220 3768 3562 3844 ὀνομάζομεν
3582 3788 3598 3803 ·
3636 3772 3722 3828 ἵνα
3753 3773 3827 3847 μὴ
3857 3777 3967 3831 πά-

2377 3855 2461 3909 λιν
2506 3856 2811 3927 ἀναφανδὸν
2842 3859 3132 3932 τέμνωμεν
3174 3862 3257 3926 είς
3286 3860 3381 3916 δύο
3433 3864 3526 3918 τὸν
3559 3864 3657 3919 ενα
3704 3866 3963 3938 Χριστὸν,

2376 3946 2469 3999 τὸν
2507 3947 2632 4002 Υἰὸν
2664 3950 2758 4002 καὶ
2789 3948 3021 4023 Κύριον,
3044 3953 3141 4007 καὶ
3175 3952 3491 4026 δυσφημίας
3517 3956 3821 4030 ἐγκλήματι
3855 3976 3966 4014 πε-

2380 4039 2714 4111 ριπέσωμεν,
2773 4040 2908 4096 Θεὸν
2958 4042 3157 4099 ἑαυτοῦ
3210 4046 3308 4100 καὶ
3353 4046 3624 4119 δεσπότην
3677 4048 3965 4119 ποιοῦντες

2372 4131 2558 4188 αὐτόν.
2609 4132 2865 4200 Ἐνωθεὶς
2902 4134 3041 4207 γὰρ,
3093 4136 3170 4203 ὡς
3217 4136 3320 4210 ῆδη
3375 4138 3734 4213 προείπομεν,
3780 4144 3808 4197 ό
3858 4145 3959 4199 τοῦ

2372 4223 2511 4279 Θεοῦ
2564 4226 2739 4297 Λόγος
2793 4230 2959 4301 σαρκὶ
3006 4230 3131 4285 καθ’
3179 4231 3505 4301 ὑπόστασιν,
3536 4234 3670 4297 Θεὸς
3704 4236 3801 4307 μέν
3835 4238 3956 4293 έστι

2373 4315 2483 4371 τῶν
2529 4316 2691 4380 ὃλην,
2737 4318 2991 4385 δεσπόζει
3019 4320 3078 4376 δὲ
3107 4320 3211 4376 τοῦ.
3253 4323 3485 4388 παντός·
3514 4324 3642 4380 οὗτε
3690 4324 3747 4380 δὲ
3793 4328 3959 4393 αὐτὸς

2372 4407 2570 4463 ἑαυτοῦ
2617 4410 2807 4478 δοῦλός
2852 4414 3027 4479 ἑστιν,
3067 4413 3193 4470 οὔτε
3239 4416 3527 4491 δεσπότης.
3570 4418 3781 4492 Εὖηθες
3819 4423 3951 4497 γὰρ,

2376 4501 2581 4573 μᾶλλον
2617 4504 2676 4557 δὲ
2724 4505 2828 4578 ἤδη
2879 4506 2978 4561 καὶ
3016 4506 3298 4575 δυσσεόὲς,
3342 4510 3406 4564 τὸ
3433 4509 3579 4565 οὕτω
3610 4516 3823 4583 φρονεῖν
3855 4517 3951 4571 καὶ

683 4590 771 4648 sui
805 4600 987 4646 autem
1040 4590 1217 4661 ipsius
1262 4604 1445 4661 neque
1484 4589 1780 4659 dominus,
1836 4605 2018 4661 neque
2067 4606 2265 4648 servus

2380 4594 2576 4665 λέγειν.
2615 4597 2762 4669 Ἔφη
2794 4598 2892 4670 μὲν
2908 4598 3018 4673 γὰρ
3041 4600 3177 4656 Θεὸν
3202 4601 3397 4657 ἑαυτοῦ
3420 4602 3511 4656 τὸν
3535 4604 3751 4678 Πατέρα
3775 4607 3950 4661 καίτοι

684 4691 791 4739 est.
834 4681 913 4737 Ita
941 4682 1090 4738 enim
1123 4696 1318 4753 sapere
1378 4689 1474 4737 aut
1502 4679 1710 4748 dicere,
1752 4681 1891 4738 nihil
1927 4681 2077 4739 aliud
2117 4693 2265 4739 esset

682 4786 850 4843 quasi
910 4772 1082 4844 impie
1131 4773 1405 4845 desipere.
1465 4774 1718 4846 Appellat
1770 4773 1995 4846 quidem
2043 4774 2263 4832 Patrem

686 4862 859 4919 Deum
886 4878 1047 4920 suum
1065 4864 1134 4929 “,
1164 4864 1289 4921 licet
1320 4865 1466 4922 Deus
1491 4876 1688 4922 natura
1719 4864 1812 4932 sit,
1854 4877 1911 4924 et
1936 4882 2004 4923 ex
2036 4876 2263 4939 paterna

683 4954 991 5012 substantia
1012 4956 1279 5028 genitum.
1298 4956 1416 5011 Non
1436 4956 1752 5028 ignoramus
1776 4964 1979 5023 tamen,
2010 4972 2135 5013 cum
2158 4957 2264 5014 hoc

683 5046 806 5118 ipso
827 5048 976 5120 quod
1018 5048 1165 5104 Deus
1189 5056 1297 5113 est,
1333 5048 1852 5130 hominemquoque
1885 5049 2093 5107 factum
2117 5065 2260 5118 esse,

682 5139 1031 5211 proindeque
1060 5140 1366 5197 secundum
1405 5141 1581 5213 legem
1605 5142 1860 5199 humanae
1888 5152 2099 5200 natura:
2126 5158 2229 5199 con
2247 5174 2261 5185 -

682 5238 995 5299 gruentem,
1024 5231 1136 5287 Deo
1160 5231 1471 5305 subjectum
1487 5248 1629 5289 esse.
1652 5233 1875 5291 Interim
1900 5244 1961 5291 ut
1980 5236 2065 5291 sui
2089 5235 2261 5306 ipsius

680 5320 772 5377 vel
804 5319 972 5387 Dens,
995 5322 1079 5377 vel
1109 5322 1366 5379 dominus
1388 5323 1480 5388 sit,
1506 5323 1560 5380 id
1599 5322 1719 5381 ﬁeri
1750 5327 1899 5382 nulla
1929 5328 2139 5383 ratione
2164 5342 2260 5398 po-

682 5420 813 5469 test.
839 5413 911 5473 Ut
947 5414 1114 5471 homo
1148 5415 1335 5486 igitur,
1368 5427 1424 5472 et
1450 5416 1519 5471 ad
1549 5417 1940 5474 exinanitionis
1983 5418 2259 5475 conditio-

2369 4690 2503 4755 Θεὸς
2531 4689 2608 4746 ὢν
2640 4691 2825 4762 φύσει,
2862 4695 2957 4747 καὶ
2985 4694 3052 4750 ἑκ
3089 4696 3190 4767 τῆς
3225 4697 3415 4763 οὐσίας
3443 4697 3631 4753 αὑτοῦ.
3686 4699 3821 4754 Ἀλλ’
3848 4702 3947 4757 οὐκ

2370 4782 2722 4856 ὴγνοήκαμεν
2746 4785 2828 4839 ὅτι
2856 4785 2997 4857 μετὰ
3015 4785 3111 4842 τοῦ
3151 4789 3334 4861 μεῖναι
3359 4788 3512 4855 Θεὸς,
3545 4792 3639 4846 καὶ
3666 4790 3945 4866 ἄνθρωπος

2367 4872 2596 4941 γέγονεν
2625 4872 2733 4928 ὑπὸ
2777 4874 2920 4949 Θεῷ,
2951 4878 3096 4934 κατά
3136 4897 3200 4949 γε
3230 4887 3323 4935 τόν
3368 4883 3648 4953 πρέποντα
3677 4884 3835 4957 νόμον
3874 4890 3940 4959 τῇ

2368 4964 2469 5035 τῆς
2504 4964 2925 5038 άνθρωπότητος
2959 4971 3142 5041 φύσει.
3193 4973 3367 5039 Αὐτὸς
3398 4973 3456 5029 δὲ
3484 4976 3677 5033 ἑαυτοῦ
3722 4978 3833 5044 πῶς
3873 4980 3942 5035 ἂν

2369 5057 2582 5125 γένοιτο
2609 5058 2798 5135 Θεὸςῆ
2824 5063 3125 5137 δεσπότηςς
3150 5066 3384 5133 Οὐκοῦν,
3414 5067 3491 5132 ὡς
3526 5069 3824 5142 ἄνθρωπος,
3848 5075 3938 5128 καὶ

2367 5148 2492 5203 ὅσον
2514 5144 2651 5223 ἧκεν
2684 5152 2766 5217 εῐς
2786 5170 2853 5224 γε
2886 5153 2950 5209 τὸ
2989 5155 3204 5228 πρέπον
3232 5160 3347 5223 τοῖς
3375 5157 3475 5228 τῆς
3520 5162 3799 5226 κενώσεως
3844 5164 3910 5234 μέ

2366 5255 2535 5310 τροις,
2569 5244 2673 5299 ὑπὸ
2697 5245 2819 5318 Θεῷ
2848 5247 2968 5316 μεθ’
2996 5249 3155 5320 ἡμῶν
3183 5251 3375 5306 ἑαυτὸν
3402 5248 3544 5309 εἷναί
3577 5272 3760 5325 φησιν.
3784 5255 3935 5312 Οὕτω

2365 5332 2557 5399 γέγονε
2597 5337 2691 5390 καὶ
2739 5338 2844 5392 ὑπὸ
2885 5340 3051 5411 νόμον
3074 5380 3089 5407 ,
3138 5342 3318 5397 καίτοι
3368 5344 3606 5415 λαλήσας
3655 5346 3809 5411 αὐτὸς
3844 5346 3931 5403 τὸν

2365 5424 2551 5495 νόμον,
2580 5431 2676 5484 καὶ
2703 5432 3003 5505 νομοθέτης
3030 5435 3311 5509 ὑπάρχων,
3334 5437 3409 5503 ὼς
3432 5438 3585 5501 956;-

682 5524 807 5604 nem
832 5508 979 5604 quod
1010 5517 1243 5604 spectat,
1263 5524 1418 5580 atque
1438 5525 1513 5604 ac
1537 5524 1644 5604 nos
1667 5510 1779 5566 Deo
1807 5526 1867 5567 se
1888 5510 2172 5604 subditum
2200 5512 2425 5569 fatetur.
2464 5517 2544 5574 Ad
2577 5520 2725 5579 hunc
2747 5539 2969 5597 quoque
2999 5508 3222 5583 modum
3258 5529 3363 5584 sub
3394 5529 3512 5601 lege
3535 5529 3713 5588 factus
3747 5542 3824 5590 est
3858 5540 3924 5604 ",

679 5600 917 5667 etiamsi,
952 5611 1013 5656 ut
1033 5601 1199 5669 Deus,
1230 5601 1405 5675 legem
1434 5603 1549 5673 ipse
1572 5603 1760 5660 tulerit
1783 5619 1848 5659 ac
1877 5603 2258 5675 promulgarit.

752 5761 799 5830 ξ’
840 5761 999 5817 Joan.
1037 5778 1114 5830 tn,

682 5831 723 5862 ⁸⁷
744 5828 921 5887 Calai.
944 5847 1014 5901 tv,
1041 5833 1076 5888 ό

1310 5766 1354 5800 δ’
1386 5765 1540 5823 Joan.
1572 5782 1623 5835 ι,
1660 5767 1743 5822 lt.
1825 5768 1867 5800 ⁸³
1894 5768 2102 5824 Coloss.
2136 5784 2170 5823 ll
2192 5810 2205 5833 _.
2236 5769 2292 5823 θ.

2372 5770 2411 5799 ³³
2443 5770 2609 5836 lCor.
2638 5786 2751 5833 vm,
2785 5771 2836 5830 6.
2913 5776 2955 5807 ³³
2983 5776 2998 5827 Ι
3029 5778 3156 5832 (lor.
3204 5792 3273 5833 vt.
3310 5777 3391 5829 i7.
3470 5777 3515 5810 “
3539 5777 3693 5833 Joan.
3728 5797 3807 5846 τι,
3838 5786 3917 5839 l7.
