4146 6322
302 275 402 334 «Ιιὸ

1677 274 2012 332 EPISTOLA
2052 274 2207 329 XVll.

3456 272 3559 328 ιιι

370 387 797 458 Παραιτούμεθα
822 389 877 441 δὲ
911 389 1085 457 λέγειν
1114 390 1206 441 ἐπὶ
1237 391 1470 461 Χριστοῦ
1495 409 1506 421 ·
1540 390 1637 443 Διά
1660 391 1752 444 τὸν
1788 408 1874 462 φοι

2054 390 2328 446 Cavemus
2359 388 2526 443 etiam
2547 388 2652 444 hoc
2687 388 2848 443 modo
2870 388 3018 458 loqui
3046 390 3113 443 de
3134 388 3354 442 Christo
3381 404 3396 442 :
3425 387 3561 444 Pro-

308 478 540 552 ροῦντα,
597 477 689 530 τὸν
747 476 1081 549 φορούμενον
1134 478 1301 533 σέὸον
1356 480 1444 533 διὰ
1498 480 1591 533 τὸν
1648 482 1879 552 ἀόρατον

309 568 597 642 προσκυνῶ
645 569 736 623 τὸν
796 567 1092 639 ὁρώμενον.
1149 572 1384 641 Φρικτον
1428 571 1486 625 δὲ
1539 573 1673 642 πρὸς
1704 573 1879 645 τούτῳ

309 663 526 717 κάκεῖνο
555 664 751 715 εἰπεῖν’
771 663 827 714 '0
856 662 1081 732 ληφθεὶς
1105 663 1181 734 τῷ
1204 664 1419 717 λαϐόντι
1449 668 1879 737 αυγχρηματίζει

308 753 454 816 Θεὸς,
514 756 574 807 '0
607 752 718 821 γὰρ
754 753 926 806 ταῦτα
959 752 1134 821 λέγων
1165 754 1444 825 διατέμνει
1493 756 1653 809 πάλιν
1680 760 1759 821 εἰς
1786 758 1880 813 δύο

309 844 598 913 Χριστοῦς,
630 844 723 896 καὶ
770 843 1055 916 ἄνθρωπον
1091 846 1305 914 ἵστησιν
1340 846 1440 900 ἀνὰ
1475 847 1638 917 μέρος
1673 848 1877 913 ἰδικῶς,

308 938 399 990 καὶ
434 935 569 989 Θεὸν
618 935 842 1005 ὁμοξως.
889 936 1155 1003 Ἀρνεῖται
1178 936 1286 1005 γὰρ
1311 936 1757 1007 ὁμολογουμένως
1781 938 1879 1011 τὴν

308 1028 524 1090 ινωσιν,
552 1026 677 1079 καθ’
707 1028 772 1095 ἢν
796 1026 894 1095 οὐχ
918 1028 991 1089 ὡς
1020 1026 1206 1096 ἕτερος
1240 1030 1298 1079 ἐν
1325 1028 1408 1079 hri
1420 1046 1497 1097 ρῳ
1529 1046 1879 1099 συμπροσκυ-

305 1118 473 1175 νεῖταὶ
504 1134 586 1180 τις
606 1156 621 1177 .
664 1115 790 1169 οὗτε
838 1117 943 1187 μὴν
981 1119 1413 1188 συγχρηματίςει
1442 1119 1574 1183 Θεός
1599 1137 1612 1149 ·
1650 1120 1767 1173 ἀλλ’
1797 1117 1878 1185 εἷς

306 1216 503 1279 νοεῖται
524 1212 758 1279 Χριστὸς
789 1211 1015 1282 Ἰησοῦς,
1044 1212 1167 1274 Υἱὸς
1191 1213 1504 1280 μονογενὴς,
1527 1214 1623 1283 μιᾷ
1640 1230 1880 1284 προσκυ-

304 1305 456 1375 νήσει
485 1301 795 1372 τιμώμενος
830 1302 967 1371 μετὰ
992 1301 1088 1368 τῆς
1120 1302 1255 1364 ἰδίας
1286 1302 1507 1373 σαρκός.
1534 1302 1879 1371 ,Ὀμολογοῦ-

309 1412 407 1466 μιν
435 1394 491 1446 δὲ
522 1394 604 1447 ὅτι
634 1394 796 1456 αὐτὸς
828 1396 856 1446 ὁ
882 1396 945 1445 ὲκ
989 1392 1127 1446 Θεοῦ
1175 1395 1385 1465 Πατρὸς
1414 1394 1697 1462 γεννηθεὶς
1726 1395 1875 1458 Υἱὸς,

304 1485 396 1539 καὶ
433 1484 568 1545 Θεὸς
607 1485 920 1556 μονογενὴς,
953 1485 1130 1538 καίτοι
1162 1487 1302 1539 κατὰ
1348 1486 1511 1555 φύσιν
1543 1488 1679 1539 ἰδίαν
1708 1489 1878 1559 ὑπάρ-

303 1593 410 1645 χων
444 1574 681 1646 ἀπαθὴς,
729 1578 892 1646 σαρκὶ
938 1578 1203 1631 πέπονθεν
1230 1578 1371 1650 ὑπὲρ
1396 1579 1574 1649 ἡμῶν,
1612 1581 1751 1633 κατὰ
1781 1581 1877 1644 τὰς

302 1665 545 1736 Γραφὰς.
572 1668 665 1719 καὶ
688 1662 755 1738 ἦν
780 1668 859 1737 τῷ
887 1668 1255 1740 σταυρωθέντι
1287 1668 1498 1739 σώματι
1529 1670 1598 1723 τὰ
1619 1672 1715 1739 τῆς
1742 1672 1878 1734 ἰδίας

303 1758 503 1830 σαρκὸς
530 1758 755 1823 ἀπαθῶς
795 1759 1165 1829 οἰκειούμενος
1215 1760 1357 1830 πάθη
1382 1776 1394 1789 '
1423 1762 1605 1831 χάριτι
1646 1762 1701 1813 δὲ
1742 1762 1876 1813 Θεοῦ

300 1851 405 1905 καὶ.
436 1851 581 1924 ὑπὲρ
629 1851 827 1915 παντὸς
878 1852 1142 1921 ἐγεύσατο
1189 1850 1457 1914 Θανάτου.
1514 1852 1688 1915 διδοὺς
1730 1852 1878 1923 αὐτῷ

298 1944 357 1997 τὸ
383 1944 518 1997 ἴδιον
547 1944 727 2015 σῶμα,
768 1944 943 1998 καίτοι
976 1946 1115 1997 κατὰ
1139 1944 1300 2011 φύσιν
1327 1946 1587 2015 ὑπάρχων
1616 1944 1750 2015 ζωὴ,
1787 1947 1879 1998 καὶ

298 2034 459 2096 αὐτὸς
486 2032 609 2105 ὣνή
638 2034 953 2095 ἀνάστασις.
984 2035 1101 2088 Ἵνα
1130 2036 1237 2105 γὰρ
1262 2036 1488 2107 ἀρρήτῳ
1519 2036 1747 2106 δυνάμει
1778 2053 1880 2088 πα-

294 2126 466 2195 τήσας
486 2125 578 2177 τὸν
613 2124 861 2187 Θάνατον,
900 2125 975 2188 ὡς
998 2124 1055 2177 ἐν
1078 2143 1139 2193 γε
1158 2126 1221 2195 δὴ
1243 2126 1436 2199 πρώτῃ
1462 2130 1527 2197 τῇ
1557 2127 1663 2197 ἰδίᾳ
1692 2126 1875 2197 σαρκὶ,

293 2214 520 2284 γένηται
559 2215 906 2285 πρωτότοκος
949 2219 1011 2269 ἐκ
1060 2217 1292 2288 νεκρῶν,
1344 2218 1437 2270 καὶ
1495 2218 1717 2289 ἀπαρχὴ
1769 2218 1877 2271 τῶν

294 2307 712 2376 κεκοιμημένων
729 2324 741 2337 ’
777 2308 1071 2381 seems-:9
1090 2324 1151 2360 τε
1174 2312 1241 2379 τῇ
1267 2309 1363 2361 τοῦ
1396 2307 1689 2377 ἀνθρώπου
1715 2310 1875 2377 φύσει

292 2390 387 2462 τὴν
416 2394 498 2453 εἰς
532 2392 837 2462 ἀφθαρσίαν
868 2395 1178 2466 ἀναδρομὴν
1212 2395 1396 2465 χάριτι
1436 2395 1591 2457 Θεοῦ,
1623 2396 1879 2467 καθάπερ

292 2482 505 2553 ιφημεν
565 2484 790 2553 ἀρτίως,
849 2485 1007 2555 ὑπὲρ
1044 2486 1245 2549 παντὸς
1296 2488 1561 2553 ἐγεύσατο
1618 2486 1873 2539 θάνατον’

291 2575 593 2644 τριήμερος
622 2574 680 2627 δὲ
711 2574 911 2631 ἀνεὸἰω
936 2576 1242 2639 σκυλεύσας
1272 2576 1364 2628 τὸν
1395 2577 1542 2648 ᾅδην.
1580 2578 1744 2629 Ὥστε
1774 2577 1878 2631 κᾶν

292 2662 524 2734 λέγηται
576 2665 646 2717 δι’
702 2664 995 2736 ἀνθρώπου
1031 2667 1286 2735 γενέσθαι
1330 2671 1363 2737 ἡ
1416 2668 1710 2732 ἀνάστασις
1769 2671 1879 2725 τῶν

292 2756 522 2826 νεκρῶν,
558 2756 693 2810 ἀλλὰ
730 2758 958 2828 νοοῦμεν
1000 2758 1287 2830 ἄνθρωπον
1320 2759 1412 2812 τὸν
1445 2762 1513 2814 ἐκ
1546 2761 1681 2813 Θεοῦ
1714 2778 1877 2831 γεγοο

291 2845 419 2899 νὰτα
452 2844 629 2909 Λόγον
656 2865 668 2876 ·
699 2851 794 2901 καὶ
840 2849 1097 2903 λελύσθαι
1130 2851 1197 2903 δι’
1235 2850 1401 2904 αὐτοῦ
1432 2850 1528 2904 τοῦ
1555 2851 1788 2906 θανάτου
1818 2854 1879 2905 τὸ

292 2936 523 3007 κρατος-
562 2938 682 3008 ἥξει
718 2941 775 2993 δὲ
802 2944 943 2995 κατὰ
972 2943 1218 3013 καιροὺς,
1263 2944 1339 3007 ὼς
1369 2940 1447 3007 εἷς
1474 2944 1601 3005 Υἱὸς
1630 2946 1724 2996 καὶ
1769 2946 1880 2999 Κῦ-

295 3043 425 3097 ριος.
453 3031 511 3081 ὲν
536 3032 600 3099 τῇ
630 3030 754 3100 δόξῃ
785 3031 878 3084 τοῦ
904 3033 1139 3103 Πατρὸς.
1178 3035 1265 3085 ἵνα
1295 3034 1459 3106 κρίνῃ
1496 3033 1595 3103 τὴν
1627 3034 1877 3103 οἰκουμέ-

291 3134 385 3188 νην
413 3122 471 3173 ὲν
499 3121 838 3193 δικαιοσύνῃ,
865 3124 1008 3176 καθᾶ
1036 3126 1367 3196 γέγραπται.

1983 489 2107 552 pter
2126 496 2252 536 eum
2288 480 2381 551 qui
2410 479 2611 543 induit,
2659 479 2912 535 indutum
2960 489 3299 544 veneror;et
3339 488 3564 550 propter
3646 474 3653 483 ’

1983 573 2317 629 invisibilem
2354 573 2632 628 visibilem
2666 573 2853 628 adoro.
2886 573 3253 628 Praetereaoet
3292 572 3395 626 hoc
3427 588 3564 642 quo-

1981 680 2089 735 que
2143 681 2254 719 non
2296 665 2506 734 absque
2557 665 2789 719 horrore
2823 665 3067 723 dicitur:
3106 666 3428 733 Assumptus
3455 680 3564 718 una

1981 771 2106 811 cum
2133 768 2446 812 assumente
2483 756 2764 811 coexsistit
2786 756 2947 811 Deus.
2979 756 3082 822 Qui
3102 762 3249 811 enim
3276 756 3379 809 hoc
3397 757 3562 809 modo

1982 849 2305 921 loquuntur,
2329 866 2499 904 unum
2530 865 2723 904 rursus
2740 849 3019 904 Christum
3055 850 3109 903 in
3127 850 3266 904 duos
3284 848 3561 913 dividunt.

1979 950 2037 998 et
2062 942 2338 997 hominem
2365 958 2461 1012 per
2488 957 2546 996 se
2567 957 2839 1006 seorsum,
2874 949 2930 996 et
2970 941 3140 996 Deum
3179 940 3435 997 similiter
3466 956 3566 1011 per

1981 1047 2040 1087 se
2067 1048 2317 1087 seorsum
2358 1032 2650 1095 collocant,
2696 1046 2992 1101 veramque
3027 1031 3291 1085 unionem
3333 1031 3435 1085 hac
3478 1044 3566 1083 ra-

1981 1126 2130 1180 tione
2165 1125 2507 1195 apertissime
2536 1124 2871 1179 inﬁciantur.
2908 1123 3225 1179 Secundum
3247 1124 3389 1178 hanc
3412 1122 3563 1178 enim

1980 1218 2119 1273 alter
2142 1218 2311 1271 veluti
2354 1218 2405 1271 in
2433 1216 2604 1270 altero
2635 1232 2744 1270 non
2772 1216 2933 1269 simul
2957 1216 3246 1278 adorator,
3278 1229 3455 1283 neque
3491 1213 3566 1269 si-

1980 1309 2093 1364 mul
2129 1324 2253 1364 cum
2286 1308 2462 1362 altero
2503 1308 2649 1362 Deus
2692 1307 2938 1371 exsistit;
2966 1304 3061 1360 sed
3116 1320 3262 1359 unus
3307 1303 3563 1372 idemque

1982 1404 2088 1474 72
2110 1402 2363 1463 Christus
2395 1400 2573 1465 Iesus,
2597 1402 3021 1470 unigenitusque
3052 1399 3148 1463 Dei
3182 1397 3355 1452 Filius
3379 1394 3563 1449 animo

1980 1494 2309 1562 concipitur,
2342 1490 2439 1561 qui
2465 1507 2571 1545 una
2590 1490 2911 1544 adoratioue
2933 1488 3094 1543 simul
3121 1503 3245 1541 cum
3279 1501 3377 1541 sua
3398 1499 3565 1540 carne

1980 1582 2199 1638 colitur.
2228 1580 2567 1638 Confitemur
2590 1582 2753 1635 etiam
2790 1581 2967 1649 ipsum
2993 1578 3334 1648 unigenitum
3359 1573 3453 1631 Dei
3478 1573 3568 1630 Ei-

1979 1673 2114 1728 lium
2146 1688 2215 1727 ex
2243 1673 2404 1727 Patre
2434 1680 2648 1733 natum,
2686 1669 2900 1723 etiamsi
2948 1669 3249 1724 secundum
3283 1665 3563 1737 propriam

1914 1739 1952 1792 Β
1980 1774 2237 1821 naturam
2279 1761 2635 1832 impassibilis
2659 1762 2749 1821 sit,
2793 1761 2968 1813 nostri
3010 1770 3189 1813 tamen
3215 1772 3379 1812 causa
3414 1770 3559 1809 mor-

1983 1862 2090 1910 tem
2120 1853 2176 1909 in
2217 1868 2406 1917 carne,
2445 1851 2749 1905 secundum
2786 1849 3119 1917 Scripturas,
3151 1861 3373 1916 passum
3417 1858 3561 1911 esse,

1980 1946 2325 2016 propriaeque
2377 1943 2560 1998 carnis
2614 1940 2961 2004 aillictiones,
3009 1955 3145 2008 quas
3196 1936 3460 1993 nimirum
3504 1934 3564 1990 in
3642 1958 3646 1962 ·

1979 2030 2239 2086 cruciﬁxo
2270 2046 2503 2099 corpore
2546 2028 2797 2099 pertulit,
2832 2029 2971 2081 citra
3016 2027 3184 2080 ullam
3222 2026 3307 2081 sui
3348 2024 3563 2093 passio-

1978 2137 2105 2177 nem
2143 2122 2250 2176 sibi
2289 2120 2547 2175 ascivisse
2576 2139 2589 2173 :
2620 2120 2793 2191 gratia
2841 2120 2986 2174 enim
3030 2118 3126 2173 Dei
3178 2126 3411 2172 mortem
3462 2132 3562 2186 pro

1978 2215 2237 2271 omnibus
2270 2212 2595 2285 gustavit“;
2649 2227 2775 2267 nam
2826 2211 2929 2266 etsi
2971 2210 3277 2265 secundum
3307 2217 3561 2265 naturam

1976 2313 2033 2360 et
2062 2306 2174 2361 vita
2217 2314 2273 2359 et
2308 2311 2654 2357 mortuorum
2705 2302 3041 2356 resurrectio
3071 2301 3384 2360 exsisteret,
3430 2312 3565 2368 pro-

1977 2397 2159 2465 prium
2199 2405 2382 2449 tamen
2440 2409 2644 2462 corpus
2692 2394 2837 2447 ultro
2886 2393 2941 2447 in
2998 2401 3234 2448 mortem
3268 2392 3471 2447 obtulit
3491 2390 3559 2446 δ’.

1976 2490 2195 2543 Etenim
2228 2502 2358 2556 quo,
2398 2486 2449 2539 vi
2491 2485 2729 2555 quadam
2771 2500 2971 2539 arcana
3012 2492 3067 2539 et
3117 2483 3459 2547 admirabili,
3504 2483 3564 2537 in

1977 2580 2198 2651 propria
2225 2577 2395 2633 veluti
2421 2578 2475 2629 in
2496 2577 2672 2645 prima
2690 2591 2787 2629 sua
2816 2590 2983 2629 carne
3014 2584 3190 2628 morte
3221 2572 3560 2644 proculcata,

1976 2669 2376 2740 primogenitus
2408 2683 2471 2740 εει
2514 2665 2747 2721 mortuis
2771 2665 2848 2728 ⁵ο,
2883 2664 3390 2731 dormientiumque
3443 2662 3561 2731 pri-

1978 2761 2147 2816 mitiae
2180 2760 2335 2814 ﬁeret
2360 2730 2664 2827 “,‘lterque
2692 2756 2949 2809 humanae
2975 2763 3185 2808 naturae
3211 2768 3276 2807 ac
3320 2751 3562 2806 reditum

1978 2849 2047 2904 ad
2070 2848 2542 2916 incorruptionem
2586 2848 2827 2900 muniret
2851 2846 2917 2905 δ’,
2954 2842 3051 2897 Dei
3095 2843 3270 2912 gratia
3323 2851 3563 2896 mortem

1980 2957 2080 3012 pro
2121 2941 2401 3005 omnibus,
2433 2950 2493 2993 ut
2522 2940 2686 2993 modo
2719 2936 2956 2999 aiebam,
2988 2936 3333 3006 degustavit;
3357 2942 3414 2989 et
3438 2944 3563 3002 post

1981 3034 2225 3088 triduum
2290 3034 2417 3086 vita:
2472 3032 2800 3093 restitutus,
2863 3029 3141 3081 infernum
3212 3026 3563 3095 despoliavit.

1979 3124 2349 3189 Quamobrem
2398 3124 2529 3177 licet
2556 3130 2900 3175 mortuorum
2952 3118 3287 3171 resurrectio
3329 3132 3429 3185 per
3460 3115 3563 3168 bo-

291 3213 492 3267 minem
527 3212 668 3271 faeta
713 3214 927 3269 dicatur
954 3217 1021 3281 ⁵³,
1073 3218 1353 3271 hominem
1399 3226 1579 3271 tamen
1622 3217 1773 3271 illum
1821 3215 1984 3271 simul
2044 3216 2137 3270 Dei
2180 3216 2421 3268 Verbum
2462 3214 2735 3266 exstitisse
2785 3211 3173 3277 intelligamus,
3211 3208 3327 3278 qui,
3368 3208 3563 3262 mortis

293 3309 521 3380 imperio
552 3310 855 3373 destructo,
905 3321 1159 3381 tanquam
1195 3328 1337 3367 unus
1400 3311 1665 3365 Dominus
1699 3319 1755 3365 et
1799 3311 1971 3365 Filius
1996 3310 2049 3363 in
2095 3308 2273 3362 Patris
2315 3309 2480 3377 gloria
2525 3323 2624 3359 suo
2686 3316 2932 3372 tempore
2995 3313 3264 3358 venturus
3328 3312 3440 3355 est.
3474 3316 3567 3354 or-

294 3404 413 3457 bem
450 3411 722 3457 terrarum
759 3404 1066 3473 iniustitia,
1094 3416 1153 3457 ut
1186 3404 1454 3472 scriptum
1475 3404 1643 3468 est“,
1670 3402 2037 3472 judicaturus.

372 3496 715 3563 Ἀναγκαέως
759 3496 813 3549 δὲ
845 3498 1067 3550 κάκεῖνο
1113 3496 1527 3566 προσθήσομεν·
1566 3494 1869 3563 καταγγέλ-

288 3586 471 3649 λοντες
500 3586 610 3656 γὰρ
638 3586 727 3638 τὸν
760 3589 901 3640 κατὰ
936 3589 1113 3657 σάρκα
1146 3588 1376 3640 Θάνατον
1417 3588 1510 3640 τοῦ
1548 3586 1871 3657 μονογενοῦς

291 3676 418 3730 Υἱοῦ
454 3676 549 3728 τοῦ
592 3675 748 3737 Θεοῦ,
787 3676 931 3729 τοῦτ’
963 3678 1130 3741 ἐστιν,
1196 3679 1353 3747 Ιησοῦ
1390 3678 1647 3749 Χριστοῦ,
1683 3680 1780 3747 τήν
1811 3694 1871 3730 τε

291 3769 352 3821 ὲκ
379 3767 596 3839 νεκρῶν
621 3768 939 3833 ἀναϐίωσιν,
962 3770 1056 3821 καὶ
1080 3769 1177 3840 τὴν
1201 3771 1279 3832 εἰς
1308 3770 1571 3839 οὐρανοὺς
1602 3768 1871 3837 ἀνάληψιν

289 3858 700 3931 ὁμολογοῦντες,
736 3861 834 3929 τὴν
870 3861 1207 3931 ἀναίμακτον
1244 3864 1300 3915 ὲν
1341 3863 1461 3925 ταῖς
1525 3860 1873 3930 Ἑκκλησίαις

289 3952 551 4021 τελοῦμεν
573 3951 761 4005 Θυσίαν
781 3961 884 4006 ιιόε.
906 3954 1173 4025 πρόσιμέν
1197 3972 1255 4007 τε
1282 3953 1423 4009 οὕτω
1440 3958 1561 4017 ταῖς
1582 3957 1872 4025 μυστικαῖς

288 4043 566 4111 εὐλογίαις
596 4044 691 4096 καὶ
722 4044 1080 4115 ἁγιαζόμεῦα,
1120 4046 1335 4117 μέτοχοι
1365 4048 1648 4117 γενόμενοι
1680 4049 1779 4116 τῆς
1812 4063 1871 4098 τε

288 4135 451 4204 ἁγίας
503 4134 725 4206 σαρκὸς,
762 4136 858 4189 καὶ
890 4136 984 4189 τοῦ
1025 4138 1209 4205 τιμίου
1259 4140 1494 4208 αἵματος
1524 4139 1618 4192 τοῦ
1653 4140 1872 4191 πάντων

288 4226 448 4297 ἡμῶν
486 4226 739 4296 Σωτῆρος
770 4227 1028 4297 Χριστοῦ.
1081 4230 1189 4281 Καὶ
1226 4231 1325 4300 οὐχ
1354 4232 1430 4292 ὡς
1469 4231 1646 4301 σάρκα
1686 4230 1872 4300 κοινὴν

295 4319 590 4391 δεχόμενοι,
617 4318 691 4389 μὴ
724 4319 935 4386 γένοιτο
957 4338 971 4351 ο
997 4321 1123 4373 οὔτε
1152 4321 1258 4391 μὴν
1280 4322 1356 4383 ὡς
1385 4323 1576 4392 ἀνδρὸς
1610 4324 1873 4394 ἡγιασμέ-

290 4429 404 4478 νου,
463 4413 561 4467 καὶ
595 4414 956 4482 συναφθέντος
1005 4415 1082 4485 τῷ
1120 4416 1278 4485 Λόγῳ
1326 4417 1467 4467 κατὰ
1513 4413 1611 4485 τὴν
1645 4415 1870 4484 ἑνότητα

2044 3492 2189 3559 Quin
2222 3490 2355 3544 illud
2372 3503 2593 3557 quoque.
2622 3504 2729 3541 non
2764 3501 2987 3556 possunt
3025 3485 3129 3538 hoc
3158 3486 3279 3537 loco
3311 3500 3418 3536 non
3461 3482 3559 3537 ad-

1969 3587 2163 3657 jicere,
2190 3600 2386 3653 nempe
2433 3580 2700 3649 unigeniti
2729 3579 2849 3632 Filii
2874 3578 2990 3639 Dei,
3016 3576 3120 3629 hoc
3142 3586 3225 3629 est
3253 3576 3381 3630 Jesu
3403 3575 3563 3629 Chri-

1976 3679 2064 3741 sti,
2100 3684 2356 3735 morlem,
2392 3685 2449 3728 et
2474 3689 2539 3726 ex
2572 3672 2805 3725 mortuis
2839 3670 3307 3723 resurrectionem
3342 3683 3559 3721 annun-

1975 3771 2249 3832 tiantes",
2279 3766 2637 3837 ejusdemque
2666 3765 2719 3817 in
2750 3765 2951 3817 caelum
2975 3760 3401 3827 assumptionem
3430 3773 3563 3813 con-

1977 3858 2217 3923 ﬁtentes,
2244 3860 2593 3913 incruentum
2627 3855 2681 3908 in
2713 3852 2954 3907 Ecclesia
2987 3850 3316 3904 sacriﬁcium
3341 3865 3442 3904 nos
3466 3864 3557 3904 ce-

1971 3953 2208 4013 lebrare,
2232 3958 2396 4019 atque
2428 3947 2494 4001 ad
2530 3945 2787 4016 mysticas
2824 3942 3240 3997 benedictiones
3274 3941 3557 4004 accedere,
3646 3950 3649 3951 '

1973 4054 2029 4100 et
2054 4041 2406 4105 sanctiﬁeari,
2430 4048 2616 4109 utpote
2649 4036 2946 4107 participes
2968 4050 3136 4087 sacra:
3155 4034 3341 4088 carnis
3366 4040 3422 4088 et
3437 4048 3563 4101 pre-

1976 4137 2102 4191 tiosi
2127 4134 2409 4205 sanguinis
2433 4130 2639 4186 Christi
2666 4128 2910 4183 omnium
2942 4134 3191 4180 nostrum
3232 4124 3553 4179 Salvatoris.

1973 4228 2163 4297 Neque
2203 4228 2351 4281 enim
2386 4225 2537 4279 illam
2578 4231 2639 4276 ut
2673 4235 2893 4275 carnem
2931 4233 3281 4272 communem
3325 4217 3560 4286 suscipi-

1975 4334 2099 4373 mus
2126 4336 2138 4370 :
2170 4316 2314 4371 absit
2340 4316 2480 4368 liOCi
2517 4328 2697 4382 neque
2729 4327 2922 4365 rursus
2956 4319 3213 4378 tanquam
3241 4308 3345 4361 viri
3366 4309 3553 4377 cujus-

1972 4412 2118 4483 piam
2151 4407 2494 4467 sanctificati,
2538 4413 2635 4459 aut
2681 4400 2962 4471 dignitatis
3012 4399 3323 4468 aequalitate
3373 4399 3555 4453 Verbo

290 4504 391 4573 τῆς
421 4503 603 4569 ἁξιας,
621 4506 791 4575 ἦγουν
819 4506 894 4570 ὡς
920 4505 1073 4560 θείαν
1099 4508 1371 4577 ἐνοίκησιν
1394 4507 1689 4577 ἐσχηκότος
1707 4522 1722 4537 ο
1752 4505 1867 4560 ἀλλ’

1976 4502 2297 4564 consociati,
2324 4508 2417 4555 aut
2452 4499 2694 4552 divinam
2736 4493 3190 4549 inhabitationem
3222 4492 3425 4555 sortiti,
3458 4492 3553 4546 sed

289 4594 365 4659 ὡς
417 4596 682 4661 ζωοποιὺν
730 4597 966 4669 ἀληθῶς,
1019 4600 1115 4656 καὶ
1151 4600 1286 4651 ιόίαν
1326 4598 1491 4651 αὑτοῦ
1524 4596 1619 4650 τοῦ
1666 4598 1855 4665 Λόγου.

292 4688 412 4757 Ζωὴ
455 4686 565 4757 γὰρ
592 4687 667 4741 ὢν
696 4690 837 4743 κατὰ
867 4689 1029 4758 φύσιν
1056 4690 1130 4753 ὡς
1159 4690 1310 4753 Θεὸς,
1336 4690 1523 4759 ἐπειδὴ
1554 4690 1775 4757 γέγονεν
1810 4688 1867 4743 ἓν

291 4778 428 4848 πρὸς
468 4778 566 4850 τὴν
597 4780 793 4833 ἑαυτοῦ
824 4783 1019 4853 σάρκα.
1061 4783 1325 4847 ζωοποιὸν
1368 4784 1646 4850 ἀπέφηνεν
1675 4783 1862 4852 αὑτήν.

292 4870 456 4925 Ὥστε
501 4871 604 4926 κᾶν
641 4873 774 4945 λέγῃ
809 4875 943 4947 πρὸς
984 4878 1163 4947 ἡμᾶς·
1226 4897 1246 4929 ι
1307 4877 1499 4945 Ἀμὴν,
1547 4874 1693 4945 ἀμὴν
1724 4874 1867 4940 λέγω

293 4961 441 5030 ὑμῖν,
477 4962 573 5016 ἐὰν
604 4965 678 5034 μὴ
709 4966 919 5035 φάγητε
936 4968 1035 5037 τὴν
1060 4969 1240 5038 σάρκα
1263 4968 1357 5021 τοῦ
1378 4968 1507 5021 Υῐοῦ
1535 4966 1627 5020 τοῦ
1652 4964 1865 5035 ἀνθρώ-

293 5064 417 5114 που,
450 5050 546 5102 καὶ
580 5052 739 5122 πίητε
772 5053 935 5106 αὑτοῦ
966 5054 1026 5107 τὸ
1059 5049 1197 5127 αἷμα
1218 5075 1231 5088 ·
1274 5077 1293 5110 ι
1319 5059 1419 5129 οὐχ
1459 5058 1536 5120 ὡς
1578 5054 1865 5126 ἀνθρώπου

358 5250 402 5281 ⁸³
424 5251 689 5325 Πρω-,2,
709 5252 762 5325 9.
838 5253 879 5284 ‘9
904 5253 1075 5311 Gaiat.
1104 5275 1160 5323 tt,
1188 5260 1274 5312 ΞΟ.
1350 5261 1396 5292 ⁵⁸
1420 5260 1627 5317 Coloss.
1654 5279 1689 5325 ι,
1724 5263 1808 5317 18.

295 5335 448 5385 m'n,
474 5324 524 5377 9.
594 5323 641 5354 "
674 5323 838 5377 lCor.
869 5341 940 5383 xx.
961 5326 1048 5380 26.

1907 5264 1951 5294 ⁸¹
1981 5261 2144 5316 ICor.
2190 5276 2275 5323 λι,
2308 5258 2394 5313 20.
2470 5258 2513 5287 δ’
2539 5253 2679 5310 Ibid.
2721 5250 2806 5304 55.

1974 4608 2233 4667 tanquam
2268 4608 2395 4646 vere
2428 4590 2698 4645 viviﬁcam
2738 4588 3017 4657 ipsiusque
3048 4585 3212 4639 Verbi
3250 4583 3548 4653 propriam.

1973 4691 2108 4745 Nam
2125 4703 2250 4743 cum
2274 4686 2382 4739 vita
2426 4685 2498 4739 sit
2528 4692 2587 4735 ut
2615 4682 2759 4735 Deus
2780 4679 3080 4734 secundum
3105 4686 3381 4738 naturam,
3410 4687 3555 4746 post~

1975 4797 2136 4852 quam
2163 4794 2333 4835 unum
2368 4775 2627 4847 quiddam
2656 4788 2781 4827 cum
2817 4772 2931 4840 ipsa
2964 4786 3061 4823 sua
3090 4784 3258 4823 carne
3293 4767 3551 4822 eﬂ‘ectum

1974 4881 2078 4934 est,
2107 4866 2418 4923 vivilicandi
2450 4865 2712 4919 virtutem
2746 4862 2822 4915 illi
2845 4859 3097 4915 contulit.
3135 4859 3393 4924 Quamvis
3424 4874 3555 4927 ergo

1975 4963 2044 5018 ad
2074 4977 2177 5016 nos
2197 4961 2345 5015 dicat
2381 4977 2394 5012 :
2440 4978 2455 5008 ι
2490 4958 2685 5017 Amen,
2714 4968 2871 5007 amen
2900 4953 3024 5006 dico
3054 4950 3228 5008 vobis.
3262 4950 3366 5003 nisi
3397 4966 3555 5004 man-

1976 5054 2313 5111 ducaveritis
2335 5066 2555 5121 carnem
2588 5049 2711 5103 Filii
2754 5046 3014 5105 hominis,
3054 5054 3110 5098 et
3145 5043 3397 5096 biberitis
3434 5044 3551 5111 ejus

2914 5247 2961 5278 ⁸⁸
2990 5246 3127 5306 Ibid.
3154 5248 3243 5301 2|.
3329 5248 3374 5285 ⁸⁸
3405 5245 3549 5299 Psai.

1374 5508 1544 5564 Varia:
1565 5510 1828 5566 lectiones
1854 5512 2060 5568 codicis
2090 5509 2451 5582 Seguicriani.

358 5690 436 5724 l'"
459 5682 736 5756 λατρεέαν.
