4116 6318
658 310 760 369 118

1642 321 1701 377 S.
1742 321 2026 379 GYRILLI-
2054 321 2525 384 ΛΕΕΧᾹΝΒΒῘΝΙ
2562 280 2917 386 ΑΒΕΗΙΕΡ..

3880 333 4020 389 HG

665 427 996 499 sanguinem
1020 430 1089 497 ⁸⁸,
1124 451 1141 482 ι
1177 441 1309 497 etc.,
1343 431 1660 505 neutiquam
1693 445 1875 490 tamen
1901 435 2050 490 illam
2074 452 2228 491 com-

2332 440 2440 494 τῶν
2470 451 2497 492 Ρ
2530 441 2652 497 καθ’
2680 445 2831 515 ἡμᾶς
2878 444 3028 510 ἑνὸς,
3066 444 3161 499 καὶ
3196 444 3366 518 αὐτὴν
3408 441 3548 501 εἶναι
3582 442 4013 515 λογιούμεοα

658 533 903 586 munem,
930 520 1036 577 hoc
1057 531 1161 586 est,
1205 524 1445 579 hominis
1475 526 1778 597 cujuspiam
1816 536 2019 583 nostrae
2039 528 2232 583 condi-

658 611 826 668 tionis
854 628 1074 669 carnem
1112 631 1233 671 esse
1275 617 1587 673 existimare
1617 618 1882 674 debemus
1911 638 1937 673 :7
1959 621 2234 690 quomodo

660 701 932 773 73enim
960 705 1199 761 hominis
1232 722 1359 762 caro
1394 708 1698 764 secundum
1737 725 1891 765 suam
1918 711 2093 782 ipsius
2134 729 2232 768 na-

658 797 841 846 turam
854 792 1067 849 viviﬂca
1102 810 1222 850 esse
1254 808 1420 865 queat
1441 799 1463 852 ?
1482 800 1579 854 sed
1605 815 1734 855 vere
1765 800 1912 857 illius
1932 806 2229 875 propriam,

657 881 753 951 qui
777 884 953 938 nostri
993 900 1155 941 causa
1181 886 1354 944 Filius
1372 904 1594 961 quoque
1626 891 1868 948 hominis
1894 902 1952 949 et
1980 893 2233 952 factus-et

657 975 961 1045 appellatus
978 986 1083 1031 est.

727 1064 897 1121 Porro
918 1070 1104 1122 autem
1148 1084 1315 1126 voces
1343 1071 1547 1142 quibus
1568 1073 1821 1131 Salvato'r
1843 1058 2035 1133 uoster
2066 1080 2136 1135 de
2173 1094 2232 1135 se

656 1152 888 1225 loquens
922 1157 1123 1225 passim
1153 1157 1211 1211 in
1241 1158 1554 1230 Evangeliis
1604 1163 1800 1230 utitur,
1857 1166 1981 1222 illas
2017 1166 2233 1224 duabus

655 1246 1032 1304 subsistentiis
1075 1259 1174 1306 aut
1218 1253 1470 1322 personis
1511 1254 1859 1329 nequaquam
1889 1260 2227 1318 tribuimus:

654 1352 782 1392 nam
817 1339 922 1395 etsi
960 1355 1030 1396 ex
1060 1341 1304 1415 duabus,
1351 1344 1528 1416 iisque
1559 1348 1813 1416 diversis,
1864 1351 1922 1407 in
1964 1354 2230 1409 unitatem

653 1426 947 1498 quamdam
994 1433 1416 1504 inseparabilem
1454 1438 1741 1506 eoaluerit,
1787 1458 1932 1498 unus
1967 1453 2150 1501 tamen
2174 1456 2231 1502 et

652 1517 802 1575 solus
829 1532 914 1577 est
940 1522 1213 1591 Christus,
1238 1543 1346 1582 non
1376 1529 1541 1584 etiam
1564 1533 1849 1602 geminus;
1870 1538 2229 1606 quemadmo-

652 1609 787 1666 dum
836 1614 1004 1669 etiam
1032 1615 1217 1681 homo,
1268 1617 1402 1674 licet
1434 1635 1505 1675 ex
1543 1616 1729 1678 anima
1755 1632 1814 1680 et
1837 1640 2067 1697 corpore
2097 1638 2229 1685 con-

574 1720 577 1723 ·
652 1703 933 1772 stituatur,
956 1722 1067 1762 non
1087 1708 1198 1763 duo
1230 1712 1559 1777 tamen,.sed
1582 1730 1727 1770 unus
1748 1724 1959 1772 tantum
1982 1734 2051 1775 ex
2076 1728 2229 1776 utro-

652 1809 761 1866 que
779 1806 1072 1855 concretus
1092 1810 1197 1857 est.
1224 1801 1380 1859 Unde
1407 1812 1560 1859 recto
1587 1806 1756 1861 animi
1791 1822 1957 1864 sensu
1986 1817 2226 1879 utentes,
2261 1792 2304 1847 Β

652 1895 934 1960 utrasque,
990 1891 1097 1948 hoc
1127 1902 1213 1949 est
1260 1892 1479 1952 divinas
1508 1903 1566 1952 et
1616 1898 1921 1963 humanas,
1953 1900 2023 1956 ad
2064 1918 2229 1958 unam

650 1989 863 2038 tantum
886 1999 1176 2055 personam
1220 1988 1620 2046 transierimus.
1660 1989 1800 2046 Cum
1842 1977 1973 2065 ergo
1997 2001 2057 2048 ut
2086 1994 2231 2051 Deus

649 2074 720 2130 de
741 2090 801 2131 se
822 2076 941 2146 ipso
967 2078 1048 2136 ait
1072 2096 1139 2132 :1
1174 2078 1278 2146 Qui
1302 2080 1453 2137 videt
1478 2097 1586 2147 me,
1616 2083 1767 2140 videt
1784 2094 1841 2140 et
1867 2085 2088 2141 Patrem
2103 2087 2170 2152 ";
2203 2106 2221 2138 ι

647 2173 707 2222 et
736 2184 751 2220 :
781 2185 799 2218 ι
836 2168 948 2239 Ego
973 2176 1030 2224 et
1056 2171 1219 2226 Pater
1240 2188 1627 2231 unumtsumus
1647 2174 1732 2243 ⁸⁸;
1769 2197 1789 2228 ι
1813 2176 2057 2232 divinam
2085 2178 2228 2233 inef-

647 2256 983 2330 fabilemque
1011 2260 1161 2317 illius
1208 2269 1464 2319 naturam
1502 2266 1881 2335 concipimus,
1922 2268 2228 2325 secundum

647 2365 814 2421 quam
845 2367 1017 2407 unum
1045 2362 1129 2410 est
1152 2370 1276 2409 cum
1317 2371 1417 2410 suo
1462 2357 1623 2412 Patre
1650 2398 1665 2423 ,
1691 2368 1918 2430 propter
1974 2360 2225 2416 eamdem

647 2458 814 2514 quam
874 2461 1012 2500 cum
1054 2447 1173 2517 ipso
1226 2448 1455 2504 sortitur
1513 2450 1811 2507 essentiam
1858 2471 1871 2505 :
1924 2460 2008 2507 est
2076 2454 2227 2509 enim

648 2532 829 2605 imago
880 2543 937 2591 et
981 2536 1267 2593 character
1310 2546 1368 2594 et
1435 2540 1698 2611 splendor
1751 2542 1938 2613 gloriae
1979 2543 2127 2600 illius
2143 2546 2223 2597 ⁸⁸.

647 2623 882 2693 Quando
941 2644 1077 2683 vero
1139 2629 1394 2686 humanae
1436 2641 1649 2689 natura;
1691 2632 2063 2690 inﬁrmitatem
2115 2652 2227 2691 non

646 2728 970 2788 aspernatus
996 2719 1215 2776 Judmos
1240 2722 1344 2777 hac
1369 2723 1619 2779 oratione
1654 2724 1993 2795 alloquitur:
2029 2746 2047 2779 ι
2067 2727 2227 2783 Nunc

646 2809 894 2879 quaeritis
917 2826 1002 2867 me
1031 2812 1344 2868 interﬁcere
1369 2814 1671 2881 hominem,
1692 2816 1789 2887 qui
1807 2818 2096 2873 veritatem
2112 2818 2225 2875 dixi

642 2899 896 2967 vobis";
935 2918 1141 2973 imque
1173 2904 1372 2962 iterum
1421 2921 1485 2963 ac
1526 2916 1675 2971 ante,
1724 2908 1904 2978 ipsum
1958 2910 2057 2965 Dei
2092 2910 2227 2966 Ver-

643 2990 966 3062 bum,.quod
986 2993 1042 3048 in
1074 2995 1388 3065 aequalitate
1416 3005 1475 3052 et
1493 2998 1853 3056 similitudine
1886 3001 2066 3056 Patris
2088 3016 2223 3055 con-

2338 532 2479 605 (πῶς
2507 534 2615 606 γὰρ
2642 537 2677 606 ἡ
2716 535 3005 608 ἀνθρώπου
3050 535 3189 609 σὰρξ
3234 536 3496 604 (me;
3542 538 3745 602 ἔσται,
3814 534 4011 589 κατὰ

2337 624 2499 694 φύσιν
2530 626 2630 698 τὴν
2655 627 2911 698 ἑαυτῆς),
2941 626 3058 682 ἀλλ’
3084 628 3161 693 ὡς
3195 629 3335 684 ίδίαν
3369 628 3593 700 ἀληθῶς
3615 627 4009 699 γενομένην

2335 717 2428 771 τοῦ
2474 718 2542 773 δι’
2581 720 2731 790 ἡμᾶς
2773 720 2875 779 καὶ,
2901 720 3034 775 Υιοῦ
3065 723 3160 777 καὶ
3183 720 3847 793 ἀνθρώπου-γεγονότος
3918 734 4001 773 τε

2336 810 2429 863 καὶ
2454 810 2915 883 χρηματίσαντος.

2403 1074 2516 1138 Τὰς
2537 1073 2595 1128 δέ
2624 1093 2690 1144 γε
2720 1078 2777 1130 ὲν
2806 1076 2919 1139 τοῖς
2946 1074 3297 1144 Εὐαγγελίοις
3330 1073 3425 1127 τοῦ
3458 1074 3722 1145 Σωτῆρος
3776 1073 3989 1145 ἡμῶν

2332 1166 2517 1235 φωνὰς
2575 1163 2700 1220 οὔτε
2737 1166 3068 1222 ὑποστάσεσι
3099 1166 3275 1247 δυσίν,
3304 1165 3429 1219 οὔτε
3457 1166 3565 1236 μὴν
3596 1165 3987 1238 προσώποις

2333 1257 2807 1330 καταμερίζομενο
2848 1257 2969 1312 οὐδὲ
3020 1258 3129 1330 γάρ
3171 1261 3290 1313 ἐστι
3339 1254 3560 1320 διπλοῦς
3604 1258 3638 1310 δ
3701 1250 3804 1318 εἷς
3854 1255 3982 1309 καὶ

2336 1348 2495 1418 μόνος
2530 1348 2791 1420 Χριστὸς,
2826 1348 2930 1404 κᾶν
2978 1351 3044 1404 ὲκ
3088 1349 3187 1403 δύο
3223 1349 3435 1421 νοῆται,
3488 1345 3585 1402 καὶ
3636 1346 3978 1416 διαφόρων

2334 1439 2700 1510 πραγμάτων,
2724 1440 2806 1502 είς
2828 1439 3057 1512 ἑνότητα
3082 1440 3181 1511 τὴν
3200 1439 3497 1512 ἀμέριστον
3515 1436 4005 1509 συνενηνεγμέ--

2333 1550 2443 1599 νος,
2461 1530 2716 1605 καθάπερ
2743 1530 2939 1603 ἀμέλει
2978 1533 3076 1586 καὶ⁵
3098 1532 3387 1604 ἄνθρωπος
3416 1534 3481 1586 ἐκ
3502 1531 3688 1603 ψυχῆς
3717 1532 3969 1584 νοεῖται

2331 1626 2426 1678 καὶ
2477 1623 2751 1695 σώματος,
2786 1626 2881 1679 καὶ
2930 1625 2992 1678 οὐ
3037 1625 3260 1690 διπλοῦς
3296 1624 3521 1698 μᾶλλον,
3575 1623 3697 1679 ἀλλ’
3744 1615 3839 1685 εἷς
3889 1619 3967 1686 ἐξ

2331 1719 2555 1789 ἀμφοῖν.
2586 1716 2749 1772 Ἀλλά
2777 1717 2879 1781 τάς
2893 1734 2958 1787 γε
2981 1716 3351 1787 ἀνθρωπίνας,
3368 1718 3465 1772 καὶ
3490 1716 3626 1787 πρός
3653 1732 3725 1784 γε
3750 1714 3965 1784 τούτῳ

2331 1813 2433 1876 τὰς
2468 1810 2677 1876 θεῖκάς,
2712 1812 2843 1882 παρ’
2884 1810 3002 1874 ἑνὸς
3036 1807 3310 1881 εἰρῆσθαι,
3359 1807 3765 1880 διακεισόμεθα
3804 1822 3960 1878 φρο-

2332 1904 2551 1968 νοῦντες
2583 1902 2782 1977 ὀρθῶς.
2809 1903 2981 1957 Ὅταν
3006 1902 3105 1974 μὲν
3136 1903 3247 1973 γὰρ
3274 1901 3597 1974 θεοπρεπῶς
3625 1900 3777 1972 λέγῃ
3804 1900 3956 1971 περὶ

2332 1997 2527 2053 ἑαυτοῦ
2547 2014 2561 2029 ·
2610 2016 2645 2050 ι.
2678 1997 2738 2051 '0
2766 1995 3029 2069 ἑωρακὼς
3058 1997 3180 2067 ἐμὲ,
3219 1994 3432 2065 ἑώρακε
3457 1994 3548 2048 τὸν
3595 1992 3843 2063 Πατέρα
3866 2008 3882 2021 ο
3916 2010 3943 2044 ο

2332 2092 2448 2157 καὶ,
2486 2108 2505 2141 ι
2545 2088 2690 2158 Ἐγὼ
2717 2088 2812 2143 καὶ
2843 2089 2879 2143 δ
2901 2088 3093 2160 Πατὴρ
3116 2088 3176 2142 ἓν
3199 2087 3367 2160 ἐσμεν
3387 2103 3402 2117 ·
3443 2106 3461 2138 ι
3493 2085 3595 2157 τὴν
3625 2083 3793 2138 θείαν
3832 2082 3949 2137 αὐ-

2330 2183 2425 2238 τοῦ
2455 2183 2551 2236 καὶ
2577 2182 2891 2254 ἀπόρρυτον
2941 2180 3231 2251 ἐννοοῦμεν
3263 2177 3446 2249 φύσιν,
3476 2177 3597 2231 καθ’
3624 2176 3698 2247 ῆν
3729 2174 3835 2228 καὶ
3875 2172 3945 2227 εν

2330 2276 2449 2328 ἔστι
2471 2273 2610 2345 πρὸς
2637 2272 2729 2328 τὸν
2761 2270 2958 2326 ἑαυτοῦ
2983 2271 3206 2342 Πατέρα
3232 2266 3451 2340 διὰ-τὴν
3479 2270 3798 2338 ταδτάτητα
3828 2265 3943 2335 τῆς

2328 2365 2537 2430 οὐσίας,
2567 2364 2731 2419 εἰκών
2759 2381 2819 2417 τε
2844 2365 2941 2418 καὶ
2972 2363 3279 2435 χαρακτὴρ,
3314 2362 3410 2415 καὶ
3440 2358 3793 2429 ἀπαύγασμα
3824 2356 3941 2426 τῆς

2327 2458 2487 2529 δόξης
2518 2455 2706 2511 αὑτοῦ.
2738 2456 2909 2509 Ὅταν
2935 2454 2992 2508 δὲ
3020 2452 3082 2508 τὸ
3108 2454 3209 2523 τῆς
3246 2451 3667 2525 ἀνθρωπότητος
3719 2449 3937 2521 μέτρον

2328 2552 2429 2605 οὐκ
2472 2549 2781 2620 ἀτιμάζων,
2811 2550 2926 2612 τοῖς
2970 2546 3250 2610 Ἰουδαίοις
3282 2542 3562 2617 προσλαλῇ
3585 2558 3598 2570 ⁸
3650 2561 3669 2593 ι
3712 2540 3832 2595 Νῦν
3865 2539 3933 2594 δε

2332 2660 2401 2715 με
2433 2643 2647 2714 ζητεῖτε
2690 2641 3010 2695 ἀποκτεῖναι
3052 2636 3362 2710 ἄνθρωπον,
3402 2635 3463 2699 ὃς
3506 2632 3605 2706 τὴν
3649 2631 3931 2704 ἀλήθειαν

2329 2736 2459 2805 ὑμῖν
2492 2718 2769 2804 λελάληκα
2795 2748 2811 2765 ο
2854 2750 2873 2783 ι
2918 2730 3084 2785 πάλιν
3114 2729 3267 2783 οὐδὲν
3304 2725 3490 2799 ἦττον,
3534 2726 3699 2780 αὐτὸν
3727 2724 3823 2778 τὸν
3858 2724 3926 2778 ὲν

2332 2825 2539 2896 ίσότητί
2566 2842 2625 2878 τε
2661 2823 2758 2879 καὶ
2778 2822 3067 2895 ὁμοιότητι
3094 2820 3189 2874 τοῦ
3214 2819 3429 2889 Πατρὸς
3443 2817 3576 2872 Θεὸν
3604 2815 3801 2885 Λόγον.
3822 2815 3925 2869 καὶ

2329 2920 2393 2972 ἐκ
2416 2916 2527 2970 τῶν
2540 2918 2642 2987 τῆς
2667 2912 3086 2985 ἀνθρωπότητος
3103 2911 3269 2968 αὐτοῦ
3296 2911 3529 2983 μέτρων,
3553 2907 3924 2977 ἐπιγινώσκο-

2331 3027 2451 3081 μεν.
2484 3009 2555 3063 Εἰ»
2574 3007 2684 3080 γάρ
2714 3009 2861 3061 ἐστιν
2900 3008 3202 3075 ἀναγκαῖον
3236 3005 3297 3058 τὸ
3332 3002 3630 3066 πιστεύειν,
3658 3003 3740 3055 δτι
3771 2999 3920 3055 κατὰ

644 3084 812 3150 sistit,
852 3100 950 3155 per
984 3082 1237 3145 humanae
1259 3091 1425 3146 etiam
1469 3108 1582 3148 suae
1626 3101 1837 3149 natura}
1879 3092 2224 3151 conditiones

2329 3102 2492 3171 φύσιν
2518 3099 2661 3163 Θεὸς
2692 3098 2768 3152 ὢν
2801 3098 2992 3168 γέγονε
3028 3096 3187 3169 σὰρξ,
3223 3097 3392 3166 ἤγουν
3425 3093 3714 3183 ἄνθρωπος
3738 3089 3917 3161 ἐμψυ-

648 3177 1013 3248 agnoscimus.
1066 3180 1287 3237 Etenim
1333 3183 1378 3238 si
1416 3184 1646 3241 credere
1685 3201 1787 3241 nos
1827 3195 2063 3257 oportet,
2100 3203 2226 3242 cum

645 3276 842 3338 suapte
866 3278 1063 3325 natura
1104 3272 1249 3329 Deus
1285 3285 1453 3342 esset,
1490 3292 1734 3343 carnem,
1763 3279 1870 3335 hoc
1903 3288 2007 3345 est,
2053 3279 2231 3335 homi-

590 3360 613 3371 ‘
646 3372 774 3414 nem
797 3359 979 3414 anima
1000 3363 1253 3420 rationali
1269 3367 1569 3424 animatum
1593 3369 1849 3425 eﬂ'ectum
1860 3387 1986 3428 esse
2006 3390 2020 3439 ;
2039 3389 2224 3444 quam,

645 3449 904 3519 obsecro,
928 3456 1339 3513 excusationem
1369 3460 1568 3516 aﬂ'erre
1594 3471 1775 3533 potest
1796 3465 1844 3519 is
1864 3481 2028 3535 quem
2058 3467 2228 3537 pudet

644 3556 1079 3611 earum-vocum,
1119 3563 1255 3617 quas
1288 3549 1379 3605 ille
1405 3551 1458 3606 in
1492 3551 1787 3610 humanam
1816 3562 2067 3610 naturam
2092 3571 2225 3611 con-

644 3632 932 3691 venientes
964 3636 1353 3710 deprompsit?
1402 3643 1539 3698 Nam
1568 3646 1613 3699 si
1651 3647 1863 3718 rejiciat
1890 3663 2056 3705 voces
2102 3667 2224 3720 qua:

646 3722 1014 3784 inhomiuem
1059 3740 1392 3803 congruunt,
1415 3736 1540 3803 quis
1580 3752 1708 3793 eum
1754 3747 1814 3794 ut
1850 3740 2017 3797 homo
2052 3744 2228 3797 nostri

647 3816 845 3874 similis
866 3818 1022 3877 ﬂeret
1047 3824 1227 3895 coegit
1246 3826 1271 3878 ’ἓ
1297 3825 1433 3881 Cum
1455 3844 1587 3899 ergo
1608 3830 1786 3885 nostri
1810 3847 1975 3887 causa
2029 3841 2229 3887 semet-

648 3908 830 3979 ipsum
869 3911 924 3967 in
968 3915 1329 3972 voluntariam
1377 3920 1806 3978 exinanitionem
1854 3923 2139 3980 demiserit
2159 3925 2224 3989 “',

646 4002 798 4057 nula
836 4015 1064 4075 apparet
1091 4023 1254 4065 causa
1277 4025 1375 4065 cur
1409 4027 1689 4070 sermones
1708 4014 1839 4070 huic
1863 4015 2225 4072 exinanitioni

2329 3191 2571 3263 χωμένος
2592 3192 2741 3261 ψυχῇ
2769 3189 2965 3258 λογικῇ
2989 3204 3001 3216 ·
3039 3188 3189 3241 ποῖον
3229 3184 3296 3239 ἂν
3324 3183 3440 3255 ἔχοι
3471 3183 3629 3251 λόγον
3666 3182 3729 3235 τὸ
3751 3183 3915 3233 ἐπαι-

2318 3282 2619 3355 σχύνεσθαι
2649 3300 2771 3337 τινα
2793 3285 2914 3345 ταῖς
2942 3282 3073 3353 παρ’
3099 3279 3265 3334 αὺτοῦ
3287 3280 3513 3350 φωναῖς,
3549 3276 3599 3331 εί
3621 3276 3912 3345 γεγόνασιν

2327 3371 2847 3445 ἀνθρωποπρεπῶς;
2885 3371 2949 3425 Ei
2984 3369 3094 3443 γὰρ
3131 3370 3453 3440 παραιτοῖτο
3476 3364 3605 3428 τοὺς
3639 3360 3909 3435 ἀνθρώπῳ

2327 3467 2645 3538 πρέποντας
2693 3464 2908 3533 λόγους,
2949 3463 3033 3527 τίς
3079 3462 3109 3516 ὁ
3145 3462 3467 3530 ἀναγκάσας
3503 3456 3755 3528 γενέσθαι
3782 3452 3904 3508 καθ’

2326 3562 2474 3631 ἡμᾶς
2523 3558 2843 3631 ἀνθρωπονς
2888 3556 3028 3611 ὀδὲ
3061 3554 3255 3619 καθεὶς
3287 3552 3481 3606 ἑαυτὸν
3530 3550 3597 3603 δι’
3636 3550 3781 3621 ἰςμῇ
3822 3548 3900 3610 είς

2316 3651 2577 3707 ἑκούσιον
2623 3650 2878 3713 κένωσιν,
2921 3648 3009 3703 διά
3050 3648 3213 3703 ποίαν
3264 3645 3445 3700 αἰτίαν
3491 3640 3794 3711 παραιτοῖτ⁹
3833 3638 3900 3692 ἂν

2326 3746 2454 3807 τοὺς
2486 3746 2554 3814 τῇ
2596 3742 2825 3798 κενώσει
2858 3741 3172 3813 πρέποντας
3201 3739 3439 3807 λόγους;
3478 3735 3599 3825 Ένὶκ
3620 3731 3898 3825 τοιγαροῦν

2328 3837 2604 3908 προσώπῳ
2633 3824 2732 3899 τὰς
2761 3836 2819 3888 ιν
2861 3836 2972 3897 τοῖς
3001 3830 3357 3901 Εὐαγγελίοις
3396 3823 3896 3890 πάσαςάναθετέον

2328 3929 2545 3997 φωνάς’
2575 3927 2873 3982 ὑποστάσει
2905 3928 3025 3997 μιᾷ,
3061 3927 3128 3995 τῇ
3152 3922 3250 3977 τοῦ
3284 3921 3456 3990 Λόγου
3490 3913 3890 3991 σεσαρκωμένῃ.

2284 4048 2290 4057 -
2328 4019 2534 4091 Κύριος
2554 4020 2665 4091 γὰρ
2701 4018 2911 4089 Ἰησοῦς
2944 4016 3180 4087 Χριστὸς
3210 4010 3311 4078 εἷς,
3368 4010 3508 4067 κατὰ
3529 4010 3628 4073 τὰς
3661 4006 3887 4079 Γραφάς·

646 4104 1043 4153 consentaneas
1091 4101 1379 4169 repudiare
1426 4105 1696 4161 debuerit.
1746 4106 1948 4163 Omnes
1989 4110 2221 4179 proinde
2260 4128 2423 4167 voces
2445 4128 2568 4183 quae
2615 4113 2671 4167 in
2698 4112 3007 4181 Evangeliis
3073 4111 3351 4181 leguntur,
3379 4106 3475 4161 uni
3538 4110 3743 4158 tantum
3767 4116 3886 4171 per-

649 4195 816 4245 sonas,
850 4184 1055 4254 unique
1090 4186 1187 4241 Dei
1214 4188 1377 4244 Verbi
1438 4190 1705 4248 incarnati
1766 4194 2044 4267 hypostasi
2106 4198 2416 4257 tribuamus
2472 4216 2698 4258 necesse
2747 4210 2851 4257 est.
2898 4200 3052 4257 Unus
3085 4200 3231 4255 enim
3299 4208 3393 4254 est
3428 4195 3692 4252 Dominus
3738 4193 3887 4249 Iesus

647 4272 918 4341 Christus,
953 4278 1255 4334 secundum
1283 4280 1671 4353 Scripturas".

727 4365 966 4421 Rursum
1006 4369 1137 4424 licet
1184 4374 1462 4440 apostolus
1502 4386 1814 4449 nostrmque
1859 4383 2220 4439 confessionis

2396 4383 2457 4436 Εί
2479 4382 2536 4436 δὲ
2559 4383 2623 4452 δὴ
2652 4380 2866 4434 καλοῖτο
2900 4379 2993 4433 καὶ
3021 4378 3317 4442 ἀπόστολος
3379 4377 3475 4430 καῖ
3501 4378 3773 4448 ἀρχιερεὺς
3791 4378 3881 4451 τῆς

646 4456 892 4527 pontifex
928 4461 1232 4530 appelletur
1254 4465 1319 4530 ⁸³,
1356 4475 1612 4537 tanquam
1644 4472 1737 4540 qui
1771 4470 1895 4527 ﬁdei
1925 4476 2224 4531 confessio-

646 4561 807 4611 nem,
830 4562 993 4617 quam
1035 4550 1136 4620 ipsi
1162 4559 1218 4607 et
1260 4570 1358 4624 per
1398 4556 1574 4627 ipsum
1618 4560 1730 4615 Deo
1767 4562 1910 4618 Patri
1935 4573 1990 4618 et
2033 4575 2224 4639 sancto

647 4654 868 4709 quoque
899 4642 1124 4711 Spiritui
1158 4645 1399 4714 litamus,
1434 4650 1541 4722 74
1565 4652 1676 4707 Deo
1699 4654 1844 4710 Patri
1865 4656 2062 4712 oll‘erat
2080 4700 2094 4723 ,
2121 4658 2226 4713 hoc

650 4738 831 4785 tamen
870 4747 988 4794 ,non
1030 4734 1212 4791 obstat
1264 4740 1559 4808 quominus
1594 4744 1772 4814 ipsum
1827 4749 2137 4804 naturalem
2171 4759 2227 4805 et

650 4823 993 4892 unigenitum
1013 4826 1109 4880 Dei
1141 4828 1321 4885 Patris
1345 4832 1540 4888 Filium
1570 4852 1691 4892 esse
1706 4838 2087 4907 praedicemus.
2122 4842 2227 4897 Ne-

647 4930 754 4985 que
776 4916 925 4971 enim
952 4920 1241 4975 sacerdotii
1270 4938 1471 4979 nomen
1497 4936 1592 4981 aut
1616 4944 1730 4983 rem
1757 4930 1965 4985 homini
1993 4933 2061 4986 ab
2103 4933 2223 5003 ipso

648 5006 870 5063 diverso
898 5011 1227 5069 ascribimus
1254 5033 1267 5068 :
1300 5017 1745 5089 quandoquidem
1782 5038 1926 5077 unus
1949 5024 2061 5088 hic,
2091 5025 2221 5079 dum

646 5096 761 5152 Deo
789 5108 844 5153 et
888 5100 1037 5155 Patri
1070 5103 1133 5157 in
1149 5103 1374 5161 odorem
1402 5110 1686 5167 suavitatis
1712 5129 1769 5168 se
1792 5114 1969 5183 ipsum
1992 5115 2221 5177 oilert“.

648 5190 745 5246 Dei
762 5199 817 5246 et
834 5191 1115 5250 hominum
1132 5199 1397 5254 mediator
1410 5210 1466 5256 et
1483 5203 1799 5273 paciﬁcator
1816 5207 2048 5262 effectus
2061 5217 2144 5263 est
2159 5208 2221 5261 ⁸⁵.

647 5295 677 5338 1.
697 5289 826 5352 tque
853 5283 959 5340 huc
989 5288 1171 5343 tendit
1192 5290 1320 5346 dum
1343 5294 1418 5348 ait
1447 5314 1459 5348 :
1504 5316 1518 5345 ι
1552 5294 1793 5352 Hostiam
1815 5308 1874 5353 et
1892 5298 2223 5353 oblationem:

720 5439 765 5519 '_‘
787 5439 945 5519 ξοση.
987 5460 1061 5507 v1,
1090 5446 1176 5519 54.
1218 5518 1223 5519 ί
1254 5450 1297 5481 ⁸⁷
1324 5450 1477 5506 Joan.
1515 5470 1625 5517 xw,
1666 5454 1717 5510 9.
1802 5456 1849 5486 "
1884 5456 2040 5511 Jban.
2074 5472 2127 5519 x,
2155 5458 2223 5512 58

651 5509 695 5542 ⁸¹
727 5509 745 5563 l
780 5510 905 5564 Cor.
934 5499 1059 5575 νιιιί
1081 5499 1173 5570 ϐί
1210 5518 1255 5549 ⁸³
1286 5499 1717 5589 uLiE'uT'fi.“
1741 5527 1787 5557 ⁶³
1816 5499 2221 5596 Ερῖὲέῗνῖϊν

2329 5527 2340 5582 l
2368 5499 2697 5595 Ἰπῖἧιῗὲιῗεςῖ

2328 4476 2618 4546 ὁμολογίας
2653 4473 2829 4545 ἡμῶν,
2872 4472 2948 4535 ὡς
2981 4470 3281 4543 ἱερουργῶν
3311 4470 3389 4541 τῷ
3426 4468 3545 4539 θεῷ
3579 4471 3670 4523 καὶ
3720 4470 3877 4542 Πατρὶ

2324 4569 2424 4638 τὴν
2460 4565 2596 4638 πρὸς
2629 4566 2783 4636 ἡμῶν
2814 4563 2962 4634 αὑτῷ
3009 4582 3069 4616 τε
3114 4565 3207 4617 καὶ
3231 4563 3298 4615 δι’
3345 4561 3507 4615 αὐτοῦ
3544 4561 3619 4631 τῷ
3651 4561 3757 4633 Θεῷ
3792 4563 3874 4615 καὶ

2324 4660 2502 4731 Πατρὶ
2534 4657 3042 4729 προσκομιζομένην
3072 4658 3170 4726 τῆς
3196 4658 3449 4718 πίστεως
3468 4653 3758 4725 ὁμολογίαν,
3790 4654 3873 4707 καὶ

2328 4753 2435 4823 μὴν
2467 4753 2563 4805 καὶ
2603 4732 2697 4813 είς
2724 4751 2785 4803 τὸ
2834 4749 2992 4818 ἅγιον
3043 4748 3299 4818 Πνεῦμα⁹
3352 4745 3512 4800 πάλιν
3560 4746 3713 4799 αὐτὸν
3750 4741 3871 4800 εἷναί

2326 4860 2509 4914 φαμεν
2542 4842 2630 4896 τὸν
2657 4844 2720 4895 ὲκ
2751 4841 2886 4894 Θεοῦ
2923 4840 3069 4895 κατὰ
3114 4840 3275 4909 φύσιν
3308 4838 3434 4891 Υἱιὸν
3472 4837 3742 4909 μονογενῆ.
3773 4838 3869 4892 Καὶ

2324 4937 2423 4990 οὐκ
2458 4933 2729 5006 ἀνθρώπῳ
2765 4934 3147 5004 προσνέμομεν
3179 4932 3308 5003 παρ’
3342 4930 3503 4985 αὐτὸν
3536 4930 3700 5001 ἑτέρῳ
3728 4930 3780 4983 τό
3814 4946 3865 4982 τε

2320 5025 2420 5095 τῆς
2456 5024 2755 5096 ἱερωσύνης
2788 5023 2978 5095 ὃνομα,
3014 5023 3109 5075 καὶ
3147 5021 3278 5075 αὐτὸ
3309 5022 3363 5074 δὲ
3395 5021 3587 5093 χρῆμα
3615 5032 3640 5071 q
3664 5038 3676 5051 ·
3702 5020 3864 5089 γέγονε

2324 5119 2431 5187 γὰρ
2468 5116 2694 5188 μεσίτης
2742 5114 2878 5169 Θεοῦ
2910 5114 3006 5169 καὶ
3052 5114 3372 5186 ἀνθρώπων,
3427 5116 3521 5168 καὶ
3578 5114 3863 5184 διαλλακτὴς

2324 5210 2403 5270 εἰς
2436 5208 2680 5278 εἰρήνην,
2723 5205 2917 5261 ἑαυτὸν
2962 5203 3181 5266 ἀναθεὶς
3226 5206 3303 5267 είς
3339 5206 3513 5277 ὀσμὴν
3560 5204 3763 5269 εὐωδίας
3796 5204 3864 5275 τῷ

2325 5296 2444 5366 Θεῴ
2470 5302 2563 5353 καὶ
2584 5299 2777 5369 Πατρί.
2805 5298 3094 5370 Τοιγάρτοι
3122 5298 3215 5351 καὶ
3240 5299 3443 5368 ἔφασκε
3465 5314 3477 5328 ·
3512 5318 3529 5349 ι
3562 5297 3753 5350 Θυσίαν.
3782 5298 3861 5352 καὶ

2318 5457 2362 5529 ξ’
2386 5457 2561 5529 Hebr.
2606 5476 2643 5523 1,
2678 5456 2730 5510 5.
2807 5457 2851 5487 ⁶⁰
2883 5456 3038 5513 Joan.
3071 5473 3184 5522 vni,
3214 5455 3300 5512 40.
3408 5457 3449 5488 ⁶¹
3481 5455 3705 5529 Philipp.
3732 5471 3784 5521 ιι,
3807 5454 3854 5510 7.

1712 5659 1883 5715 Varia:
1914 5662 2173 5718 lectiones
2204 5664 2407 5721 codicis
2440 5664 2802 5738 Seguieriani.

726 5742 751 5784 ι
780 5734 892 5791 τοῖ.
967 5749 991 5790 τ
1026 5741 1117 5793 καὶ
1154 5741 1212 5796 τὸ
1251 5744 1474 5817 χρίσμα.
