4116 6318
231 310 321 366 m
1614 311 1796 399 EPlSl

1899 310 1945 367 ,Α
1985 309 2144 366 XVII.

3390 308 3492 365 ΗΒ

234 426 547 499 προσφορὰν
584 428 686 483 οὐκ
708 429 1015 505 ἠθέλησας·
1050 433 1207 503 σῶμα
1238 432 1298 488 δέ
1340 432 1660 504 κατηρτίσω
1687 449 1796 505 μοι.

1906 431 2156 496 noluisti,
2186 446 2387 501 corpus
2412 437 2598 487 autem
2628 426 2829 503 optasti
2854 427 3011 485 mihi.
3040 424 3490 485 Holocautomata

246 514 700 591 Ὅλοκαυτώματα
731 522 826 576 καὶ
874 523 1005 595 περὶ
1045 522 1323 595 ἁμαρτίας
1354 521 1455 577 οὐκ
1482 521 1801 592 εὐδόκησας.

236 604 352 663 τότε
382 602 547 661 εἷπον
565 622 582 638 '
616 609 759 689 4160b
787 612 930 683 ἥκω.
969 613 1056 667 Ἐν
1084 612 1330 685 κεφαλίδι
1356 612 1564 687 βιδλίου
1600 615 1805 687 γέγραέ

238 713 355 754 πται
372 703 509 772 περὶ
524 702 688 775 ἐμοῦ,
710 701 805 756 τοῦ
837 704 1061 776 ποιῆσαι
1089 705 1151 758 τὸ
1171 704 1388 776 θέλημά
1407 722 1525 769 σου,
1552 707 1582 758 ό
1597 705 1749 770 Θεός.
1781 726 1800 760 ι

232 790 644 864 Προσκεκόμικε
675 792 785 865 γὰρ
809 793 951 866 ὺπέρ
976 794 1132 866 ἡμῶν
1165 797 1245 859 εις
1276 795 1453 867 ὀσμὴν
1487 795 1716 861 εὐωδίας
1745 797 1806 850 τὸ

230 881 353 937 ωιον
380 883 569 956 σῶμα,
596 884 693 939 καὶ
728 885 831 956 οὐχ
860 884 1002 958 ὑπὲρ
1039 884 1257 939 ἐαυτοῦ.
1285 886 1449 951 Ποίας
1476 885 1587 959 γὰρ
1611 878 1803 959 ἐδεήθῆ

228 977 545 1046 προσφορᾶς
583 975 619 1047 ἢ
650 973 847 1040 θυσίας
877 978 1016 1047 ὑπὲρ
1046 976 1264 1042 ἑαυτοῦ,
1294 977 1560 1050 κρείττων
1588 964 1805 1050 ἁπάσης

227 1065 487 1138 ὑπάρχων
514 1063 817 1140 ἁμαρτίαξ
832 1067 910 1132 ὡς
954 1067 1120 1132 Θεός;
1156 1069 1221 1121 Ei
1253 1067 1362 1140 γὰρ
1392 1070 1593 1133 πάντες
1623 1070 1806 1141 ἥμαρ-

226 1172 335 1222 τον,
360 1158 457 1211 καὶ
482 1156 844 1230 ὑστεροῦνται
872 1156 972 1227 τῆς
996 1155 1155 1229 δόξης
1181 1156 1277 1211 τοῦ
1299 1156 1458 1223 Θεοῦ,
1492 1156 1630 1212 καθὸ
1654 1158 1806 1228 γεγό-

230 1264 393 1320 ναμεν
425 1250 595 1320 ἡμεῖς
623 1249 835 1320 ιτοιμοι
883 1248 1022 1321 πρὸς
1066 1250 1419 1323 παραφορὰν,
1465 1252 1561 1306 καὶ
1594 1238 1805 1324 κατηρ-

231 1339 501 1412 βώστησεν
517 1344 552 1413 ἠ
579 1339 874 1414 ἀνθρώπου
892 1341 1055 1411 φύσις
1082 1342 1185 1413 τὴν
1207 1342 1487 1415 ἁμαρτίαν
1512 1360 1526 1373 ’
1557 1342 1723 1408 αὐτὸς
1747 1342 1805 1397 δέ

228 1434 315 1505 οὐχ
346 1433 513 1498 οὕτω,
541 1435 639 1490 καὶ
661 1433 956 1506 ἡττώμεθα
984 1433 1071 1488 διὰ
1097 1431 1258 1488 τοῦτο
1283 1435 1385 1504 τῆς
1411 1432 1572 1504 δόξης
1600 1432 1766 1489 αὑτοῦ
1787 1451 1801 1465 ο

230 1522 337 1587 τῶς
362 1523 434 1578 ἂν
479 1525 569 1594 ατη
605 1524 795 1595 λοιπὸν
834 1522 1159 1595 ἀμφίϐολον,
1186 1524 1270 1577 ὅτι
1304 1522 1523 1576 τέθυται
1561 1523 1629 1577 δι’
1656 1524 1805 1594 ἡμᾶς

227 1617 311 1669 καὶ
359 1615 506 1687 ὺπέρ
542 1614 707 1687 ἡμῶν
737 1616 768 1670 δ
811 1613 1007 1687 Ἀμνδς
1031 1617 1059 1668 ό
1090 1613 1377 1687 ἁληθινόςς
1404 1615 1513 1669 Καὶ
1538 1615 1599 1669 τὸ
1626 1614 1805 1682 λέγειν

221 1706 292 1772 δέ,
342 1708 427 1763 δτι
459 1708 906 1781 προσκικόμικεν
946 1706 1138 1761 ἐαυτὸν
1188 1706 1331 1778 ὑπέρ
1376 1723 1459 1775 γεη
1484 1704 1682 1760 ἑαυτοῦ
1709 1708 1804 1761 καὶ

1907 532 1964 579 et
2005 537 2106 594 pro
2143 531 2374 593 peccato
2414 538 2524 578 non
2584 522 2685 578 tibi
2734 521 3082 593 placuerunt.
3132 518 3287 573 Tunc
3330 519 3488 576 dixi:

1907 615 2049 671 Ecce
2073 616 2257 670 venio.
2292 615 2353 670 ln
2399 613 2579 684 capite
2617 613 2747 668 libri
2779 612 3047 682 scriptum
3078 610 3251 665 estde
3286 625 3393 674 me,
3431 617 3493 664 ut

1907 706 2106 762 faciam
2155 707 2495 763 voluntatem
2534 713 2683 761 tuam
2707 746 2722 769 ,
2761 706 2994 761 Deus“.
3027 724 3044 745 ι
3085 703 3268 758 Nostri
3317 703 3489 767 enim,

1907 812 2015 853 non
2050 799 2136 853 sui
2158 812 2324 853 causa
2346 813 2550 869 corpus
2577 796 2861 869 preprium
2891 797 2946 851 in
2983 795 3212 852 odorem
3248 795 3495 850 suavita-

1905 889 1977 944 tis
2003 887 2226 943 obtulit.
2257 888 2375 956 Qua
2394 890 2543 944 enim
2567 888 2659 943 ille
2681 886 2963 943 oblatione
2983 894 3079 942 aut
3099 884 3372 942 sacriﬁcio
3392 899 3494 956 pro

1905 994 1964 1034 se
1987 979 2106 1049 ipso
2128 978 2420 1050 indigeret.
2446 979 2541 1049 qui
2579 978 2729 1034 omni
2761 985 3010 1049 peccato,
3041 987 3103 1031 ut
3128 976 3295 1039 Deus,
3323 989 3493 1046 supe-

1906 1068 2021 1122 rior
2066 1066 2409 1123 exsistebat?
2470 1066 2525 1122 Si
2559 1068 2707 1122 enim
2756 1082 2950 1121 omnes
2997 1074 3387 1138 peccaverunt,
3437 1073 3495 1121 et

1905 1165 2069 1228 egent
2090 1158 2264 1229 gloria
2292 1157 2389 1212 Dei
2410 1157 2478 1223 ",
2512 1156 2963 1227 quandoquidem
2999 1156 3129 1212 lacti
3154 1170 3346 1211 sumus
3371 1170 3491 1210 om-

1903 1260 2002 1303 nes
2024 1247 2093 1302 ad
2126 1248 2339 1318 lapsum
2383 1246 2641 1317 propensi
2678 1247 3065 1318 peccandique
3090 1246 3287 1302 morbo
3326 1238 3492 1301 natu-

1904 1352 2020 1393 ram
2082 1338 2386 1409 subjectam
2422 1336 2887 1403 circumlerimus,
2940 1337 3058 1408 ipse
3100 1352 3234 1393 vero
3281 1350 3494 1407 nequa-

1903 1443 2067 1498 quam
2099 1427 2289 1499 (quare
2317 1428 2546 1500 gloriam
2561 1443 2782 1498 quoque
2803 1427 2952 1483 illius
2969 1442 3081 1483 non
3103 1424 3492 1499 assequimur);

1903 1520 1995 1573 cui
2042 1519 2272 1573 dubium
2312 1533 2435 1574 esse
2481 1526 2688 1589 potest,
2732 1518 2867 1588 quin
2913 1527 3140 1590 propter
3168 1533 3271 1573 nos
3293 1526 3351 1573 et
3390 1534 3495 1589 pro

1903 1608 2064 1664 nobis
2102 1625 2265 1664 verus
2292 1610 2385 1666 ille
2412 1610 2599 1681 Agnus
2629 1610 2946 1665 immolatus
2985 1609 3093 1665 sit?
3121 1607 3492 1677 Quamobrem

1905 1698 1950 1752 si
1970 1699 2097 1768 quis
2119 1698 2341 1761 dixerit,
2366 1715 2476 1754 non
2502 1715 2605 1770 pro
2639 1699 2800 1754 nobis
2819 1701 2995 1755 solum
3018 1715 3077 1755 se
3113 1700 3293 1771 ipsum
3332 1698 3494 1756 obtu-

221 1799 391 1868 ήμῶν,
422 1792 789 1870 ἁμοιρήστιεν
817 1797 885 1852 ἃν
909 1796 1162 1867 οὐδαμῶς
1204 1795 1315 1849 τῶν
1352 1798 1434 1859 εἰς
1477 1796 1796 1851 δυσσέϐειαν

1901 1789 2054 1855 lisse,
2097 1789 2195 1846 sed
2232 1791 2399 1848 simul
2436 1793 2602 1847 etiam
2647 1809 2748 1863 pro
2787 1808 2845 1848 se
2874 1793 3024 1862 ipso,
3060 1792 3151 1848 ille
3192 1792 3493 1863 impietatis

188 1930 193 1933 Α
222 1889 610 1963 ἐγκλημάτων.
630 1888 1075 1960 Πεπλημμίληκε
1094 1888 1203 1959 γὰρ
1219 1889 1341 1941 κατ’
1356 1886 1551 1969 οὐδέτνα
1575 1887 1799 1957 τρόπον,

218 1978 336 2034 οὕτε
370 1982 485 2053 μὴν
529 1980 791 2051 ἐποίησεν
831 1982 1131 2053 ἁμαρτίαν.
1188 1978 1356 2042 Ποίας
1406 1988 1428 2016 τ
1478 1973 1573 2031 οὖν
1606 1978 1801 2050 ἐδεήθη

220 2073 557 2145 προσφορᾶς,
608 2070 884 2142 ἁμαρτίας
914 2072 1015 2124 οὐκ
1069 2068 1259 2141 οῦσης,
1305 2069 1389 2138 ἐφ’
1430 2062 1577 2143 ᾗπερ
1608 2066 1674 2123 ἂν
1702 2068 1797 2137 γέ-

219 2179 359 2216 νοιτο
391 2163 494 2217 καὶ
525 2162 676 2233 μάλα
706 2161 964 2227 είκότωςς

286 2328 450 2381 ὀταν
483 2329 541 2383 δέ
589 2328 724 2398 λέγῃ
770 2328 903 2400 περὶ
954 2327 1047 2382 τοῦ
1094 2326 1442 2401 Πνεύματος·
1486 2348 1506 2379 ‹
1563 2330 1798 2391 Ἐκεῖνος

218 2415 313 2486 ἐμὲ
334 2417 552 2484 ϐοείου
574 2434 588 2449 ·
625 2437 645 2470 ι
677 2418 924 2483 νοοῦντες
954 2417 1151 2487 ὀρθῶς,
1179 2419 1280 2489 οὐχ
1312 2418 1393 2480 ὡς
1418 2417 1577 2487 δόξης
1611 2418 1801 2472 ἐπιδεᾶ

217 2507 309 2578 τῆς
338 2509 471 2580 παρ’
520 2508 709 2579 ἐτέρου
765 2508 1072 2577 φαμὲντὸν
1113 2508 1211 2561 ἕνα
1260 2509 1499 2580 Χριστὸν
1533 2508 1629 2561 καὶ
1672 2508 1800 2562 Υἱδν

213 2600 311 2669 τὴν
338 2599 493 2671 παρὰ
514 2599 608 2654 τοῦ
636 2600 793 2668 ἁγίου
827 2599 1147 2669 Πνεύματος
1169 2598 1327 2664 δόξαν
1345 2599 1490 2651 ἑλεῖν
1510 2614 1524 2628 ·
1547 2599 1629 2652 δτι
1662 2599 1799 2671 μηδὲ

216 2690 458 2761 κρεῖττον
490 2688 679 2751 αὐτοῦ,
727 2689 824 2744 καὶ
858 2690 1000 2760 ὑπὲρ
1042 2690 1205 2743 αὑτὸν
1240 2689 1301 2749 το
1334 2689 1560 2760 Πνεῦμα
1607 2688 1793 2744 αὐτοῦ.

226 2778 441 2854 Ἐπειδὴ
457 2782 515 2835 δέ
546 2784 625 2846 είς
648 2772 878 2849 ἔνδειξιν
904 2782 1008 2852 τῆς
1032 2781 1229 2837 ἐαυτοῦ
1254 2781 1514 2853 θεότητος
1533 2781 1799 2853 ἐκέχρητο

215 2869 287 2941 τῷ
312 2870 455 2943 ἁγίῳ
483 2871 761 2943 Πνεύματι
787 2883 833 2937 ι,
861 2873 1001 2944 πρὸς
1024 2872 1453 2945 μεγαλουργίαν,
1480 2870 1798 2937 δεδοξάσθαι

215 2962 341 3034 παρ’
370 2963 539 3016 αὑτοῦ
585 2980 771 3034 φησιν,
817 2963 1011 3036 ὥσπερ
1042 2962 1109 3018 ἂν
1152 2966 1201 3017 εἰ
1247 2964 1341 3017 καί
1378 2980 1463 3028 τις
1498 2964 1647 3028 λέγοι
1687 2962 1797 3016 τῶν

212 3052 329 3111 καθ’
387 3055 560 3123 ἡμᾶς,
604 3054 735 3124 περὶ
781 3053 885 3124 τῆς
932 3052 1159 3123 ἐνούσης
1208 3053 1393 3123 ίσχύος
1439 3051 1593 3123 αὐτῷ
1632 3053 1798 3122 τυχὸν

1905 1880 2115 1935 crimen
2162 1881 2339 1937 vitare
2370 1883 2523 1938 nulla
2565 1885 2781 1940 ratione
2817 1893 3018 1955 potest.
3064 1884 3295 1941 Constat
3341 1884 3490 1941 enim

1902 1972 2041 2029 nihil
2066 1989 2307 2043 unquam
2337 1990 2466 2030 eum
2512 1975 2831 2046 deliquisse,
2888 1991 2992 2031 nec
3023 1977 3199 2032 ullum
3246 1990 3490 2047 unquam

1904 2076 2188 2133 peccatum
2212 2066 2551 2137 designasse.
2566 2066 2684 2135 Qua
2704 2068 2872 2139 igitur
2890 2068 3169 2139 indigebat
3184 2067 3489 2132 oblatione,

1903 2173 2028 2211 cum
2057 2166 2365 2227 peccatum,
2387 2161 2547 2231 cujus
2570 2174 2733 2216 causa
2757 2159 2938 2215 hostia
2958 2160 3084 2232 jure
3109 2159 3306 2215 merito
3320 2158 3490 2215 οσον-

1907 2260 2015 2313 tur,
2039 2250 2249 2304 nullum
2275 2250 2632 2306 admisisset?

1973 2340 2244 2396 Caeterum
2300 2358 2428 2397 cum
2473 2342 2541 2398 de
2574 2342 2783 2414 Spiritu
2828 2353 3021 2399 sancto
3049 2345 3157 2399 ait:
3206 2363 3223 2394 ι
3267 2344 3363 2401 ille
3402 2358 3491 2399 me

1902 2429 2225 2485 clariticabit
2248 2430 2293 2460 ⁸⁸
2314 2472 2328 2495 ,
2362 2450 2380 2482 ι
2408 2432 2513 2486 nisi
2555 2446 2742 2487 errare
2775 2434 3028 2498 velimus,
3063 2433 3343 2489 Christum
3390 2431 3489 2489 Dei

1901 2521 2132 2587 Filium,
2169 2522 2339 2576 veluti
2363 2522 2549 2592 gloriae
2581 2538 2703 2594 qua:
2734 2523 2957 2581 aliunde
2987 2524 3361 2594 proﬁciscitur
3401 2524 3490 2580 in-

1901 2608 2113 2681 digum,
2138 2624 2167 2664 a
2193 2609 2401 2680 Spiritu
2425 2618 2617 2667 sancto
2636 2610 3001 2683 gloriﬁcatum
3026 2627 3376 2683 nequaquam
3402 2611 3491 2666 di-

1900 2712 2092 2754 cemus
2132 2715 2145 2753 ε
2177 2699 2450 2769 siquidem
2498 2700 2739 2770 Spiritus
2766 2701 2916 2756 illius
2939 2716 3120 2771 neque
3150 2701 3245 2756 illo
3272 2700 3490 2765 melior,

1902 2804 2083 2860 neque
2124 2788 2220 2843 illo
2262 2806 2486 2845 rursum
2526 2790 2821 2846 sublimior
2850 2800 2955 2848 est.
3007 2792 3209 2846 Verum
3242 2789 3390 2862 quod
3419 2791 3491 2847 ad

1902 2878 2211 2935 divinitatis
2268 2894 2381 2934 suae
2432 2878 2891 2949 signiﬁcationem
2931 2894 3034 2935 suo
3083 2878 3318 2935 subinde
3361 2877 3490 2951 Spi—

1902 2972 2010 3027 ritu
2036 2972 2092 3026 in
2115 2971 2412 3043 insignium
2433 2986 2662 3042 operum
2689 2970 3098 3042 perpetratione
3120 2979 3394 3035 uteretur,
3418 2969 3492 3026 ob

1904 3064 1956 3118 id
1988 3078 2047 3118 se
2088 3063 2158 3118 ab
2193 3048 2289 3119 illo
2318 3061 2612 3135 gloriﬁcari
2648 3062 3038 3133 proﬁtebatur,
3076 3061 3312 3133 perinde
3337 3075 3403 3117 ac
3442 3061 3490 3117 si

208 3145 376 3213 ἤγουν
412 3145 729 3216 ἐπιστήμης
754 3148 855 3215 τῆς
888 3145 976 3211 ἐφ’
1006 3143 1232 3216 ὁτῳοῦν,
1266 3145 1351 3198 δτι
1384 3143 1683 3209 Δοξάσουσί
1701 3162 1793 3213 με.

1899 3154 2026 3225 quis
2067 3128 2346 3209 nostrum-
2361 3154 2430 3209 de
2474 3170 2574 3209 sua
2612 3128 2960 3219 fortitudine,
2995 3128 3095 3209 aut
3116 3152 3365 3225 cujusvis
3403 3152 3491 3208 rei

211 3237 269 3291 ΙΞξ
298 3238 412 3309 γὰρ
441 3236 539 3291 καὶ
568 3236 717 3290 ἐστιν
743 3238 803 3289 ἐν
829 3236 1132 3291 ὑποστάσει
1158 3237 1221 3290 τὸ
1251 3235 1479 3306 Πνεῦμα
1508 3236 1674 3307 ίδικῇ,
1700 3235 1796 3290 καὶ

208 3328 271 3401 δὴ
308 3332 408 3390 καὶ
437 3332 641 3383 νοεῖται
671 3327 793 3382 καθ’
840 3329 1023 3392 ἑαυτὸ,
1062 3328 1202 3383 καθὸ
1244 3328 1476 3399 Πνεῦμα
1517 3332 1655 3397 ἐστι,
1702 3333 1797 3386 καὶ

206 3423 303 3493 οὔχ
316 3421 452 3485 Υἱός
470 3437 483 3450 ·
500 3420 617 3475 ἀλλ’
638 3416 731 3475 οὖν
748 3422 898 3474 ἐστιν
918 3420 1018 3475 οὒκ
1034 3420 1316 3492 ἀλλότριον
1334 3420 1501 3475 αὐτοῦ
1523 3436 1537 3453 ’
1568 3422 1795 3492 Πνεῦμα

210 3512 313 3584 γὰρ
337 3512 603 3582 ἀληθείας
617 3511 960 3581 ὠνόμασται,
984 3511 1079 3566 καὶ
1095 3511 1457 3584 ἐστιΧριστδς
1485 3513 1519 3582 ἠ
1543 3511 1790 3583 ἀλήθην

210 3603 301 3657 καὶ
331 3604 625 3674 προχεῖται
661 3600 792 3675 παρ’
836 3601 1029 3669 αὑτοῦ,
1072 3603 1329 3674 καθάπερ
1362 3603 1554 3675 ἀμέλει
1596 3606 1693 3660 καὶ
1730 3607 1796 3659 ἐκ

204 3692 300 3747 τοῦ
353 3691 497 3748 Θεοῦ
551 3694 647 3747 καὶ
690 3694 909 3764 Πατρός
934 3709 948 3723 ·
994 3693 1336 3766 Ἐνεργῆσαν
1386 3695 1677 3769 τοιγαροῦν
1733 3697 1797 3751 τὸ

206 3784 434 3855 Πνεῦμα
476 3785 573 3838 καὶ
620 3784 709 3838 διὰ
766 3785 949 3856 χειρὸς
1001 3785 1109 3839 τῶν
1138 3787 1313 3854 ἁγίων
1367 3788 1682 3843 ἀποστόλων
1725 3789 1798 3847 τὰ

204 3874 496 3947 παράδοξα
517 3874 658 3947 μετὰ
688 3876 751 3929 τὸ
772 3874 1016 3930 ἀνελθεῖν
1041 3876 1133 3931 τὸν
1161 3878 1367 3950 Κύριον
1393 3878 1553 3951 ἡμῶν
1589 3881 1795 3951 Ἰησοῦν

204 3969 441 4042 Χριστὸν
470 3971 551 4043 είς
582 3968 671 4029 τὸν
699 3969 953 4041 οὐρανὸν,
974 3969 1229 4038 ἐδόξασεν
1248 3970 1433 4026 αὐτόν.
1464 3972 1792 4045 Ἐπιστεύθη

203 4060 335 4129 γὰρ.
360 4060 446 4114 δτι
477 4059 612 4125 Θεὸς
640 4061 787 4115 κατὰ
814 4059 978 4130 φύσιν
1009 4062 1149 4126 ἐστὶ,
1178 4062 1342 4117 πάλιν
1356 4064 1523 4129 αὐτὸς
1551 4064 1794 4132 ἐνεργῶν

201 4151 289 4206 διὰ
317 4152 417 4205 τοῦ
466 4151 599 4206 ἰδίου
643 4152 985 4222 Πνεύματος.
1035 4153 1136 4208 Διὰ
1172 4153 1334 4209 τοῦτο
1369 4156 1465 4209 καὶ
1516 4155 1788 4224 ἔφασκεν·

208 4258 239 4296 t.
266 4242 394 4295 Ὀτι
425 4242 493 4295 ἐκ
531 4240 627 4294 τοῦ
656 4240 792 4311 ἐμοῦ
830 4241 1081 4312 λήψεται.
1124 4242 1218 4296 καὶ
1252 4244 1549 4315 ἀναγγελεῖ
1571 4246 1724 4315 ὑμῖν.
1766 4265 1785 4297 ι

204 4334 312 4388 Καὶ
350 4331 414 4386 οὕ
448 4332 503 4385 τί
554 4331 657 4386 πού
712 4349 917 4402 φαμεν,
968 4334 1043 4395 ὡς
1071 4335 1136 4386 ἐκ
1173 4335 1407 4407 μετοχῆς
1458 4336 1518 4390 τὸ
1564 4336 1792 4409 Πνεῦμα

204 4424 320 4483 ἐστι
347 4423 513 4495 σοφόν
533 4440 594 4477 τι
615 4426 711 4478 καὶ
735 4424 982 4479 δυνατόν·
1007 4425 1323 4480 παντέλειον
1341 4427 1451 4498 γὰρ
1467 4427 1561 4481 καὶ
1576 4428 1787 4501 ἀπροσ-

204 4517 320 4580 δεές
367 4518 488 4570 ἐστι
536 4517 740 4581 παντὸς
779 4516 1006 4586 ἀγαθοῦ.
1032 4518 1267 4587 ,Ἐπειδὴ
1311 4518 1367 4578 δὲ
1401 4520 1501 4589 τῆς
1546 4518 1642 4573 τοῦ
1678 4520 1791 4574 Παο

206 4609 332 4678 τρδς
378 4609 664 4677 δυνάμεως
712 4609 811 4663 καὶ
862 4608 1082 4676 σοφίας,
1125 4609 1271 4663 τοῦτ’
1318 4609 1435 4669 ἔστι
1484 4608 1575 4663 τοῦ
1633 4608 1789 4674 Υίοῦ,

207 4696 435 4767 Πνεῦμά
471 4698 642 4758 ἐστιν,
681 4696 1006 4769 αὐτόχρημα
1036 4700 1153 4751 ἐστι
1187 4698 1348 4767 σοφία
1379 4699 1472 4757 καὶ
1491 4698 1743 4768 δύναμις.

1897 3246 2128 3301 scientia
2156 3245 2304 3301 dicat
2334 3245 2486 3300 :Mea
2518 3261 2606 3301 me
2653 3247 2835 3302 virtus
2889 3257 2985 3302 aut
3023 3246 3255 3301 scientia
3278 3244 3490 3318 gloriﬁ—

1896 3332 2062 3389 cabit.
2111 3334 2247 3389 Nam
2297 3334 2402 3389 etsi
2449 3333 2690 3405 Spiritus
2724 3336 2778 3389 in
2829 3334 3051 3406 propria
3092 3350 3328 3405 persona
3353 3332 3487 3390 sub-

1895 3425 2075 3489 sistat,
2114 3434 2452 3497 eatenusque
2500 3426 2555 3481 in
2599 3427 2785 3496 seipso
2823 3424 3239 3490 consideretur,
3290 3432 3490 3496 quate-

1896 3532 2002 3571 nus
2031 3514 2271 3587 Spiritus
2313 3525 2371 3571 et
2417 3533 2527 3573 non
2578 3516 2790 3583 Filius;
2818 3532 2930 3571 non
2963 3525 3049 3571 est
3093 3527 3281 3571 tamen
3321 3514 3395 3570 ab
3422 3529 3491 3571 eo

1895 3606 2142 3673 alienus;
2191 3606 2640 3679 quandoquidem
2683 3607 2928 3678 Spiritus
2946 3605 3198 3661 veritatis
3233 3604 3489 3661 nomina-

1896 3704 1990 3751 tur
2014 3714 2030 3763 ;
2054 3695 2313 3752 Christus
2337 3705 2520 3751 autem
2551 3700 2759 3750 veritas
2777 3703 2862 3751 est
2886 3712 2901 3762 ;
2931 3703 2988 3751 et
3011 3694 3245 3765 proinde
3267 3708 3489 3765 quoque

1896 3789 2097 3860 abiilio,
2114 3796 2279 3860 atque
2306 3805 2336 3843 a
2370 3789 2483 3843 Deo
2503 3788 2665 3844 Patre
2687 3787 2959 3859 procedit.
2985 3786 3092 3858 75
3116 3786 3256 3842 Cum
3301 3787 3487 3859 igitur,

1894 3879 2127 3943 Domino
2148 3888 2339 3934 nostro
2360 3878 2429 3934 ad
2454 3879 2653 3935 coelum
2678 3885 2979 3949 assumpto,
2998 3877 3241 3948 Spiritus
3263 3882 3489 3933 sanctus

1894 3972 2167 4043 stupenda
2204 3969 2453 4041 prodigia
2500 3985 2601 4041 per
2625 3978 2945 4032 sanctorum
2972 3968 3495 4041 apostolorummas.

1893 4077 2001 4117 nus
2024 4060 2235 4124 ederet,
2280 4059 2436 4115 illum
2478 4060 2826 4130 gloriﬁcavit.
2880 4058 3166 4115 Creditum
3198 4066 3286 4114 est
3313 4057 3502 4122 enim,

1893 4150 2043 4222 quod
2065 4152 2211 4206 Deus
2250 4150 2556 4207 secundum
2584 4158 2836 4206 naturam
2878 4158 3045 4215 esset,
3080 4165 3180 4220 per
3219 4148 3487 4219 Spiritum

1894 4258 2056 4298 suum
2080 4243 2266 4298 denuo
2292 4243 2450 4297 illum
2496 4242 2739 4314 operari.
2780 4242 3082 4312 Pmpterea
3113 4254 3335 4310 quoque
3369 4238 3487 4295 aie-

1893 4335 1988 4390 bat
2018 4354 2030 4389 :
2074 4355 2092 4387 ι
2128 4335 2399 4405 Quoniam
2446 4334 2514 4389 de
2548 4349 2672 4390 meo
2711 4333 2983 4403 accipiet,
3020 4340 3079 4387 et
3128 4329 3487 4386 annuntiabit

1894 4429 2053 4486 vobis
2074 4429 2131 4483 "_
2179 4449 2197 4480 ι
2248 4428 2365 4484 Hoc
2410 4437 2595 4485 tamen
2639 4443 2752 4483 non
2802 4427 2878 4482 ita
2938 4424 3322 4496 accipiendum
3377 4429 3485 4485 est,

1898 4522 2055 4593 quasi
2103 4521 2343 4592 Spiritus
2377 4529 2600 4576 sanctus
2641 4536 2740 4592 per
2773 4518 3066 4591 quamdam
3107 4513 3469 4587 participatio

1898 4626 2027 4667 nem
2051 4611 2273 4683 sapiens
2304 4623 2400 4666 aut
2438 4618 2637 4682 potens
2668 4612 2741 4666 sit
2766 4629 2779 4664 :
2806 4618 2890 4665 est
2912 4608 3061 4665 enim
3103 4608 3195 4662 ille
3234 4603 3485 4662 numeris

1902 4702 2164 4759 omnibus
2187 4702 2489 4774 perfectus,
2520 4703 2838 4772 nulliusque
2855 4702 3081 4769 penitus
3103 4698 3345 4769 indigus.
3374 4696 3453 4752 Ve

208 4806 328 4845 rum
346 4790 481 4862 quia
499 4789 760 4861 potentiae
782 4797 841 4845 et
865 4790 1150 4860 sapientiae
1173 4791 1373 4857 Patris,
1400 4792 1505 4847 hoc
1526 4800 1612 4847 est
1636 4791 1784 4858 Filii,
1828 4794 2067 4865 Spiritus
2092 4803 2197 4860 est,
2223 4796 2354 4851 hinc
2380 4805 2437 4850 et
2470 4796 2583 4867 ipse
2603 4810 2823 4865 quoque
2891 4808 3071 4863 rcipsa
3134 4790 3386 4861 potentia
3428 4796 3484 4844 ct

206 4884 479 4954 sapientia
505 4892 609 4940 est.

276 4977 386 5029 Καὶ
417 4975 609 5047 ἐπειδὴ
641 4975 779 5029 Θεὸν
819 4976 1087 5032 ἐνωθέντα
1120 4979 1287 5048 capaci
1336 4980 1455 5032 καθ’
1489 4980 1787 5035 ὑπόστασιν

207 5084 239 5135 η
260 5066 394 5133 ἁγία
425 5066 704 5138 Παρθένος
734 5068 992 5123 ἐκτὲτοκε
1034 5069 1332 5141 σαρκικῶς,
1369 5069 1545 5141 ταύτῃ
1581 5088 1663 5123 τοι
1694 5074 1789 5125 καὶ

208 5158 469 5211 Ηεοτόκον
504 5153 642 5211 εἷναί
675 5175 856 5228 φαμεν
887 5160 1081 5229 αὐτὴν,
1115 5162 1213 5231 οὐχ
1246 5162 1321 5227 ὡς
1350 5162 1450 5232 τῆς
1485 5162 1579 5215 τοῦ
1614 5162 1787 5230 Λόγου

210 5249 424 5312 φύσεως
448 5249 546 5319 τὴν
567 5248 667 5317 τῆς
690 5248 977 5320 ὑπάρξεως
991 5252 1163 5321 ἀρχὴν
1179 5251 1413 5323 ἐχούσης
1430 5252 1538 5305 ἀπὸ
1561 5256 1785 5321 σαρκός

216 5360 233 5393 ι
267 5335 376 5394 Ἦν
412 5342 525 5412 γὰρ
569 5344 628 5393 ἐν
676 5342 845 5411 ἀρχῇ.
882 5343 974 5394 καὶ
1029 5342 1161 5407 Θεὸς
1194 5339 1263 5415 ἦν
1296 5346 1323 5396 ὁ
1356 5345 1553 5407 Λόγος,
1605 5344 1700 5395 καὶ
1754 5346 1781 5395 ὁ

272 5500 315 5527 ⁵⁸
342 5498 506 5553 ilcbr.
535 5515 588 5560 κ,
616 5498 748 5560 ῖί-’ῖ;
778 5498 917 5553 I‘sal.
957 5514 1133 5559 xrmx,
1167 5499 1281 5553 74).

1361 5500 1400 5524 ⁸³⁷
1440 5500 1596 5553 Rom.
1632 5516 1707 5560 ιιι,
1745 5500 1831 5551 ‘23.

1960 4979 2099 5047 Quia
2127 4995 2258 5034 vero
2287 4994 2440 5033 sacra
2468 4978 2633 5048 Virgo
2660 4978 2829 5030 Deum
2855 4974 3008 5029 carni
3038 4972 3343 5031 secundum
3380 4973 3481 5044 hy-

1893 5072 2159 5141 postasim
2194 5071 2410 5125 unitum
2452 5056 2818 5139 corporaliter
2868 5068 3080 5139 genuit,
3130 5066 3202 5120 ob
3236 5064 3290 5119 id
3328 5065 3481 5121 illam

1894 5177 2112 5232 quoque
2138 5162 2425 5232 Deiparam
2451 5176 2572 5216 esse
2599 5161 2865 5225 dicimus;
2893 5174 3000 5213 non
3017 5158 3163 5229 quod
3192 5157 3286 5211 Dei
3312 5156 3479 5212 Verbi

1893 5260 2089 5305 natura
2113 5252 2413 5307 exsistendi
2446 5252 2667 5305 initium
2693 5266 2758 5303 ex
2790 5265 2955 5303 carne
2988 5247 3251 5301 traxerit:
3287 5267 3302 5296 ι
3345 5247 3479 5300 Erat

1891 5344 2039 5397 cnim
2068 5344 2300 5397 Verbum
2337 5345 2387 5396 in
2419 5343 2713 5412 principio,
2741 5352 2794 5399 ct
2821 5343 2963 5395 Deus
2987 5349 3103 5394 erat
3131 5339 3397 5403 Verbum,
3417 5346 3477 5392 et

1898 5500 1941 5529 “
1982 5500 2135 5554 Joan.
2164 5517 2267 5559 xw,
2313 5501 2391 5553 li.
2476 5503 2516 5530 ⁵⁷⁵
2556 5500 2689 5554 lhid.

1272 5611 1442 5662 \‘nrizc
1472 5612 1736 5664 lPt‘ll‘lllPS
1767 5610 1974 5665 codicis
2010 5609 2371 5680 Seguicriaui.

688 5732 822 5800 ρ’,το
846 5731 917 5800 tt}:
956 5729 1070 5797 ἔδεις)
1100 5727 1389 5798 πνεύματ’..
