4116 6318
694 290 797 348 HO

689 409 934 466 Verbum
995 422 1117 467 erat
1169 411 1314 483 apud
1377 414 1546 468 Deum
1575 415 1659 467 7°:

693 502 963 565 condidit,
1004 502 1263 574 Patrique
1290 520 1533 560 cozevum
1584 521 1672 561 res
1698 522 1892 563 omnes
1914 510 2264 577 procreavit;

690 591 790 648 sed
828 593 959 664 quia
987 594 1225 649 humana
1261 604 1456 650 natura
1480 598 1781 653 secundum
1806 599 2140 671 bypostasim
2162 603 2267 656 sibi

694 684 869 748 unita,
916 700 1276 756 corpoream,
1315 695 1373 739 ut
1420 688 1583 743 modo
1629 688 1970 757 dicebamus,
2016 710 2081 749 ex
2108 702 2268 748 utero

695 778 1034 834 nativitatem
1061 788 1348 847 expertum
1369 791 1453 835 est
1476 798 1630 855 :Inon
1658 783 1805 853 quod
1850 793 2075 855 propter
2111 794 2269 840 natu-

879 832 888 834 τ
936 832 965 833 η
1132 832 1187 847 ,κ
1520 832 1630 837 -----
1662 832 1805 853 ἰτ-ν-
1850 832 2064 855 ται-η-
2112 832 2241 840 -—-—

694 883 811 923 ram
840 871 1115 939 propriam
1138 874 1445 941 temporali,
1467 832 1533 929 cla
1558 874 1817 930 videlicet
1839 892 1962 946 qua:
1989 877 2045 931 in
2079 877 2267 931 novis-

693 958 847 1014 simis
877 960 1058 1015 saeculi
1094 963 1437 1032 temporibus
1465 965 1683 1032 accidit,
1713 968 1992 1023 nativitate
2019 983 2269 1023 necessa-

696 1050 779 1104 rio
818 1050 1087 1121 indigeret
1132 1054 1264 1110 :sed
1295 1070 1405 1123 quo
1437 1066 1638 1109 nostrae
1682 1072 1901 1127 quoque
1949 1058 2269 1115 substantia:

693 1149 875 1196 ortum
918 1156 1012 1197 sua
1046 1143 1432 1201 benedictione
1462 1148 1788 1212 cumularet,
1823 1131 2265 1219 maledictioque,

692 1248 819 1305 quae
846 1236 1094 1290 mortalia
1118 1251 1351 1307 corpora
1383 1240 1649 1294 nostrain
1696 1251 1930 1295 mortem
1964 1241 2271 1312 praecipita-

694 1326 805 1389 bat,
836 1326 942 1381 hoc
987 1328 1107 1397 ipso
1140 1329 1193 1383 in
1218 1337 1505 1398 posterum
1538 1339 1729 1387 contra
1751 1333 2069 1388 universum
2096 1349 2271 1401 genus

698 1422 953 1469 nostrum
994 1418 1185 1472 saevire
1226 1418 1540 1486 desisteret,
1566 1422 1839 1490 quoillud
1876 1423 2027 1477 carui
2054 1426 2267 1479 unitum

690 1519 761 1561 ex
797 1507 1031 1562 muliere
1081 1508 1135 1562 in
1178 1509 1356 1564 lucem
1404 1511 1732 1579 prodiisset;
1785 1521 1842 1567 et
1873 1513 1967 1568 illo
2001 1514 2265 1569 tandem:

700 1617 720 1649 ι
755 1596 815 1652 lu
856 1597 1045 1654 dolore
1067 1601 1244 1669 paries
1266 1599 1406 1655 ﬁlios
1426 1603 1494 1667 τι,
1525 1622 1543 1653 ι
1578 1618 1674 1672 per
1700 1603 1878 1673 ipsum
1903 1604 2265 1671 labefactata;

694 1702 887 1745 verum
917 1703 1037 1745 esse
1059 1690 1375 1745 ostenderet
1404 1693 1548 1762 quod
1577 1694 1861 1763 prophetae
1897 1710 2029 1750 voce
2057 1695 2265 1749 dictum

1686 300 1740 355 S.
1786 302 2059 359 CYlllLLl
2100 306 2564 366 ALEXANDRLVI
2601 312 2920 368 ARCHIEP.

1696 438 1714 467 ι
1760 425 1813 469 et
1848 417 2025 486 ipsum
2067 418 2263 474 saecula

2371 422 2535 490 Λόγος
2566 417 2633 492 ἦν
2664 422 2800 493 πρὸς
2830 424 2920 476 τὸν
2949 424 3079 476 Θεόν
3103 441 3115 453 ·
3160 444 3178 474 ι
3216 425 3309 477 καὶ
3334 424 3493 487 αὐτός
3528 428 3650 477 ἐστι
3678 423 3825 478 τῶν
3869 424 4032 478 ald:-

3924 312 4032 367 ιε(

2370 531 2475 566 νων
2506 516 2535 567 ό
2576 516 2802 586 ποιητὴς
2827 556 2839 575 ,
2876 516 3141 579 συναῖδιος
3174 516 3248 587 τῷ
3285 517 3483 587 Πατρὶ,
3533 519 3628 571 καὶ
3672 518 3816 569 τῶν
3864 517 4032 570 ὅλωη

2369 604 2697 678 δημιουργός
2720 622 2733 635 ·
2771 607 2907 671 ἀλλ’,
2943 608 3018 671 ὡς
3062 610 3165 680 ήδη
3191 609 3560 681 προείπομεν,
3596 609 3833 680 ἐπειδὴ
3881 609 4031 663 καθ

2370 699 2663 752 ὑπόστασιν
2692 700 2898 764 ἐνώσας
2928 701 3108 771 ἑαυτῷ
3137 704 3196 757 τὸ
3225 700 3586 771 ἀνθρώπινον,
3620 704 3735 755 καὶ
3774 706 3859 756 ἐκ
3909 704 4032 773 μήα

2369 806 2504 860 τρας
2554 791 2723 861 αὐτῆς
2761 793 3013 862 γέννησιν
3067 794 3327 864 ὑπέμεινε
3366 795 3678 864 σαρκικήν·
3749 795 3881 864 οὐχ
3940 794 4032 856 ὡς

2366 881 2579 949 δεηθεὶς
2610 885 2939 951 ἀναγκαίως,
2973 885 3092 955 ἦτοι
3125 886 3211 937 διὰ
3241 885 3341 955 τὴν
3369 884 3505 937 ἰδίαν
3532 884 3735 953 φύσιν,
3788 885 3922 953 τῆς
3961 886 4031 936 ἐν

2367 973 2545 1045 χρόνῳ
2561 975 2657 1028 καὶ
2681 978 2737 1029 ὲν
2753 976 3001 1045 ἐσχάτοις
3023 976 3115 1030 τοῦ
3135 977 3329 1040 αἰῶνος
3355 982 3567 1049 καιροῖς
3591 979 3975 1042 γεννήσεως
4012 993 4031 1007 ο

2366 1064 2483 1117 ἀλλ’
2528 1066 2616 1119 ἵνα
2650 1066 2745 1120 καί⁵
2781 1068 2950 1137 αὐτὴν
2994 1068 3098 1138 τῆς
3137 1069 3425 1137 ὑπάρξεως
3470 1068 3631 1139 ἡμῶν
3678 1068 4029 1140 εὐλογήσῃ

2367 1154 2465 1225 τὴν
2497 1158 2673 1228 ἀρχὴν
2697 1176 2711 1190 ο
2741 1160 2835 1212 καὶ
2862 1161 3132 1230 τεκούσης
3176 1162 3435 1228 γυναικὸς
3464 1161 3629 1212 αὑτὸν
3681 1159 4018 1213 ὲνωθέντα

2370 1249 2553 1318 σαρκὶ,
2599 1251 2878 1320 παύσηται
2916 1252 3162 1322 λοιπὸνή
3203 1253 3345 1306 κατά
3390 1253 3590 1315 παντὸς
3630 1251 3744 1305 τοῦ
3780 1251 4011 1318 γένους

2369 1341 2477 1411 ἀρὰ
2525 1340 2819 1410 πέμπουσα
2854 1344 2991 1412 πρὸς
3040 1344 3274 1399 θάνατον
3305 1344 3374 1397 τὰ
3409 1345 3471 1396 ἐκ
3504 1348 3608 1414 γῆς
3653 1342 3845 1414 ἡμῶν
3885 1342 4007 1394 ad»

2373 1448 2538 1501 ματα,
2572 1433 2771 1497 καὶτὸ,
2811 1451 2831 1485 ι
2884 1437 2974 1489 Ἑν
3000 1436 3195 1499 λύπαις
3225 1433 3352 1507 τέξῃ
3382 1435 3549 1489 τέκνα
3574 1476 3586 1498 ,
3629 1454 3650 1487 ι
3687 1436 3767 1487 δι’
3804 1432 4004 1487 αὐτοῦ

2370 1524 2831 1596 καταργούμενον,
2859 1529 3055 1597 ἀληθὲς
3082 1530 3337 1600 ἀποφήνῃ
3366 1528 3425 1581 τὸ
3451 1527 3538 1580 διὰ
3563 1528 3668 1593 τῆς
3692 1526 3802 1579 τοῦ
3850 1544 4006 1596 προ-

2370 1616 2539 1683 φήτου
2569 1616 2780 1684 φωνῆς·
2822 1636 2839 1666 ι
2879 1618 3152 1670 Κατέπιεν
3179 1619 3206 1670 ό
3240 1616 3468 1678 Θάνατος
3494 1613 3730 1684 ἰσχύσας
3760 1631 3775 1643 ³
3832 1632 3854 1664 ι
3894 1610 4001 1664 καὶ

2371 1706 2531 1760 πάλιν
2560 1722 2573 1736 θ
2606 1725 2625 1756 ι
2679 1708 2927 1777 Ἀφεῖλεν
2962 1710 2991 1761 ὁ
3022 1708 3154 1770 θεὸς
3200 1709 3305 1761 πᾶν
3342 1708 3573 1776 δάκρυον
3606 1705 3724 1758 ἀπὸ
3765 1701 3999 1763 παντὶς

695 1778 875 1836 fuerat
912 1799 924 1834 :
951 1801 970 1831 ‹
993 1781 1279 1854 Absorpsit
1310 1799 1459 1839 mors
1482 1787 1786 1854 praavalens
1807 1788 1891 1853 7';
1920 1797 1975 1843 et
1998 1806 2217 1846 rursum
2249 1809 2262 1845 :

2371 1797 2681 1869 προσώπου.
2737 1818 2755 1851 ›
2800 1801 3016 1868 Ταύτης
3063 1799 3171 1869 γάρ
3205 1798 3367 1851 ἕνεκα
3397 1799 3494 1868 τῆς
3521 1796 3710 1856 αἰτίας
3737 1836 3754 1859 ,
3788 1792 3996 1863 φαμὲν

703 1891 721 1919 ι
747 1871 980 1925 Abstulit
1002 1872 1145 1926 Deus
1165 1888 1384 1927 omnem
1405 1873 1701 1945 lacrymam
1726 1875 1795 1929 ab
1817 1878 1962 1931 omni
1991 1878 2128 1934 facie
2146 1880 2212 1934 ⁷³.
2239 1901 2257 1933 ι

694 1961 806 2018 Hac
833 1962 950 2033 ipsa
982 1979 1202 2034 quoque
1226 1964 1293 2020 de
1322 1980 1485 2021 causa
1530 1967 1695 2022 simul
1732 1985 1855 2024 cum
1888 1973 2091 2027 sanctis
2133 1990 2267 2043 apo-

693 2054 848 2110 stolis
872 2056 939 2111 ad
965 2057 1187 2126 nuptias
1218 2057 1271 2111 in
1297 2057 1444 2114 Cana
1476 2058 1707 2115 Galilaeae
1732 2072 2007 2123 vocatum.
2058 2064 2169 2120 huc
2209 2082 2269 2121 se

692 2145 1012 2210 contulisse,
1052 2162 1258 2218 suaque
1299 2148 1683 2205 benedictione
1726 2152 1947 2206 easdem
1985 2154 2272 2225 dispensa-

692 2239 834 2292 torie
890 2239 1281 2294 cohonestasse
1326 2240 1560 2297 dicimus
1593 2243 1656 2296 ⁷⁸.
1695 2243 1821 2300 Haec
1871 2254 2094 2311 tenere,
2149 2249 2267 2304 haec

692 2343 884 2398 sapere
907 2345 1031 2383 cum
1059 2347 1088 2385 a
1124 2332 1328 2387 sanctis
1363 2332 1708 2402 apostolis'et
1752 2339 2120 2407 erangclistis,
2154 2347 2265 2393 tum

694 2420 762 2474 ab
789 2422 1043 2476 universa
1065 2438 1283 2494 quoque
1310 2440 1464 2479 sacra
1502 2434 1558 2481 et
1588 2427 1774 2481 divina
1810 2427 2119 2499 Scriptura,
2151 2439 2267 2486 tum

692 2527 760 2566 ex
790 2514 972 2568 veraci
1020 2514 1260 2585 denique
1306 2528 1619 2573 sanctorum
1661 2520 1882 2576 Palmm
1926 2523 2269 2580 confessione

690 2604 870 2659 cdocti
892 2621 1099 2661 sumus.
1126 2608 1221 2663 His
1241 2609 1496 2664 omnibus
1511 2619 1566 2665 et
1591 2621 1641 2665 te
1665 2627 1881 2681 quoque
1899 2614 2268 2681 subscribere,

692 2703 747 2765 et
771 2697 911 2752 citra
935 2714 1155 2754 onmem
1194 2701 1381 2758 fucum
1413 2717 1475 2756 ac
1504 2703 1692 2758 dolum
1732 2721 1837 2759 una
1867 2707 2157 2762 nobiscum
2188 2726 2275 2766 as-

2371 1894 2534 1947 αὐτὸν
2567 1896 2945 1966 οἰκονομικῶς,
2988 1896 3083 1949 καὶ
3110 1895 3270 1949 αὐτὸν
3301 1894 3593 1963 εὐλογῆσαι
3625 1892 3729 1944 τὸν
3763 1891 3987 1959 γάμον,

2372 1987 2468 2039 καὶ
2519 1972 2774 2040 ἀπελθεῖν
2829 1988 3165 2057 κεκλημένον
3218 1989 3274 2040 ἐν
3329 1988 3485 2057 Κανᾷ
3524 1987 3622 2054 τῆς
3658 1986 3699 2035 Γ
3704 1974 3990 2041 albaria;

2369 2079 2503 2149 ὁμοῦ
2531 2082 2645 2142 τοῖς
2668 2080 2843 2147 ἁγίοις
2873 2080 3207 2145 ἀποστόλοις.
3242 2081 3283 2131 Τ
3288 2079 3426 2132 αὕτα
3460 2080 3680 2148 φρονεῖν
3714 2073 3983 2140 656.56.7-

2370 2172 2511 2240 μεθα
2544 2172 2694 2241 παρὰ
2725 2173 2832 2224 τῶν
2857 2173 3026 2239 ἁγίων
3048 2172 3362 2227 ἀποστόλων
3400 2172 3492 2222 καὶ
3516 2162 3978 2237 εύαγγελιστῶν,

2370 2262 2463 2314 καὶ
2500 2263 2681 2329 πάσης
2714 2263 2768 2315 δὲ
2803 2264 2900 2331 τῆς
2941 2263 3301 2316 θεοπνεύστου
3347 2260 3593 2333 Γραφῆς,
3632 2259 3735 2312 καὶ
3763 2257 3831 2307 ἐκ
3862 2254 3981 2323 τῆς

2369 2353 2478 2407 τῶν
2510 2355 2797 2424 μακαρίων
2832 2355 3091 2426 Πατέρων
3119 2356 3348 2424 ἀληθοῦς
3381 2353 3693 2424 ὁμολογίας.
3735 2348 3981 2409 Τούτοις

2372 2444 2543 2497 ἅπασι
2579 2446 2673 2498 καὶ
2702 2447 2801 2517 τὴν
2855 2449 2954 2518 σὴν
2990 2446 3279 2499 εὐλάϐειαν
3330 2446 3643 2500 συναινέσαι
3680 2440 3813 2512 χρὴ.
3865 2438 3971 2491 καὶ

2374 2536 2663 2591 συνθέσθαι
2689 2539 2810 2608 δίχα
2830 2538 2984 2591 δόλου
3012 2542 3029 2575 ι
3056 2539 3273 2602 παντός.
3310 2542 3377 2590 Ἀ
3402 2538 3459 2590 δέ
3480 2539 3627 2589 ἐστιν
3654 2532 3975 2600 ἀναγκαῖον

2374 2628 2770 2697 ἀναθεματίσαι
2801 2632 2899 2700 τὴν
2928 2630 3026 2702 σὴν
3066 2632 3377 2696 εύλάὸειαν,
3414 2629 3787 2685 ὑποτέτακται
3826 2623 3971 2693 τῇδε

2376 2716 2531 2785 ἡμῶν
2553 2720 2618 2787 τῇ
2648 2720 2927 2789 ἐπιστολῇ.

692 2787 884 2841 sentiri
918 2799 1154 2858 oportet.
1208 2790 1337 2857 Quae
1372 2808 1505 2847 vero
1543 2809 1572 2847 a
1614 2803 1707 2848 tua
1758 2801 2065 2852 reverentia
2109 2802 2475 2861 anathematis
2526 2787 2901 2865 exsecratione
2952 2809 3311 2866 condemnari
3345 2823 3569 2863 necesse
3612 2814 3717 2869 est,
3752 2819 3816 2858 ea
3856 2816 3969 2854 nu-

692 2886 821 2932 stra:
859 2877 989 2933 huic
1026 2881 1339 2949 epistolzein
1374 2883 1521 2939 hunc
1553 2882 1774 2940 modum
1811 2888 2198 2958 subjiciuntur.

763 2972 871 3042 76
901 2973 952 3039 1.,
970 2972 1026 3028 Si
1054 2974 1178 3043 quis
1208 2991 1319 3030 non
1368 2979 1663 3034 confitetur
1716 2981 2129 3037 Emmanuelem
2176 2999 2270 3038 ve-

692 3078 815 3116 rum
853 3064 1023 3117 Deum
1044 3079 1185 3129 esse,
1222 3074 1278 3120 et
1303 3067 1373 3121 ob
1414 3068 1469 3122 id
1493 3079 1737 3125 sanctam
1762 3072 2037 3143 Virginem
2073 3073 2267 3143 Deipa-

2444 2990 2520 3041 A'.
2558 2989 2627 3041 Ei’
2651 3005 2734 3051 τις
2756 2990 2853 3057 οὐχ
2889 2990 3143 3058 ὁμολογεῖ
3169 2988 3303 3041 Θεὸν
3337 2982 3478 3040 εἶναι
3504 2987 3648 3039 κατὰ
3686 2985 3957 3056 ἀλήθειαν

2372 3080 2460 3133 τὸν
2499 3080 2851 3150 Ἐμμανουὴλ
2871 3085 2898 3141 ,⁸
2920 3082 3014 3133 καὶ
3048 3080 3138 3132 διὰ
3179 3079 3337 3132 τοῦτο
3366 3078 3626 3131 Θεοτόκον
3661 3078 3758 3147 τὴν
3793 3078 3962 3144 ἁγίαν

693 3172 809 3211 ram
834 3157 1211 3227 (genuitenim
1255 3159 1347 3214 illa
1382 3160 1726 3217 incarnatum
1772 3164 1867 3218 Dei
1903 3165 2145 3220 Verbum
2178 3183 2265 3222 se-

2371 3171 2644 3243 Παρθένον
2672 3177 2687 3238 (
2710 3175 3008 3243 γεγέννηκε
3038 3176 3107 3240 γά
3118 3190 3148 3241 ρ
3178 3171 3457 3242 σαρκικῶς
3488 3171 3667 3241 σάρκα
3690 3168 3959 3238 γεγονότα

693 3248 934 3303 cundum
956 3251 1199 3317 carnem)
1224 3292 1239 3315 ,
1266 3253 1558 3309 anathema
1588 3257 1675 3309 sit.

764 3340 829 3393 ll.
870 3340 1074 3410 Siquis
1123 3359 1229 3397 non
1283 3345 1593 3410 confitetur,
1649 3348 1744 3403 Dei
1793 3350 1971 3406 Patris
2018 3351 2261 3406 Verbum

693 3433 847 3487 carni
894 3434 1198 3488 secundum
1238 3438 1573 3507 hypostasim
1607 3442 1845 3503 unitum,
1872 3451 1928 3497 et
1964 3459 2131 3497 unum
2164 3461 2271 3499 una

693 3542 817 3579 cum
869 3541 967 3580 sua
1003 3542 1165 3582 carne
1197 3544 1316 3581 esse
1356 3528 1672 3595 Christum,
1724 3535 1976 3588 eumdem
2012 3536 2271 3590 nimirum

694 3618 863 3673 Deum
889 3620 1051 3673 simul
1078 3629 1131 3673 et
1161 3621 1438 3676 hominem
1462 3664 1475 3686 ,
1509 3626 1797 3680 anathema
1826 3627 1916 3680 sit.

761 3712 849 3767 lll.
880 3712 934 3767 Si
968 3713 1092 3783 quis
1130 3716 1184 3768 in
1220 3732 1330 3769 uno
1359 3716 1579 3771 Christo
1614 3728 1739 3787 post.
1776 3720 2038 3774 unionem
2078 3722 2275 3776 dividit

692 3805 1031 3876 hypostases,
1076 3823 1248 3876 eaque
1304 3808 1567 3863 duntaxat
1615 3812 2005 3881 conjunctione
2048 3814 2272 3869 easdem

695 3898 838 3955 inter
885 3913 942 3951 se
970 3900 1161 3963 nectit,
1189 3916 1309 3969 qua:
1342 3910 1425 3955 est
1469 3902 1773 3956 secundum
1799 3902 2142 3973 dignitatem,
2170 3905 2275 3959 hoc

692 3998 778 4045 cst
809 3991 1192 4044 auctoritatem
1212 4031 1227 4053 ,
1259 3992 1344 4046 vel
1389 4000 1711 4061 potestatem
1734 4034 1747 4057 ,
1777 4002 1833 4048 et
1863 4010 1973 4048 non
1998 4010 2060 4049 ea
2090 3995 2276 4063 potius

692 4097 814 4151 quae
855 4090 940 4136 est
976 4082 1277 4137 secundum
1319 4085 1623 4139 naturalem
1663 4086 1951 4149 unionem,
1983 4087 2273 4142 anathema

694 4177 783 4228 sit.

765 4265 851 4320 IV.
891 4266 947 4323 Si
979 4269 1103 4337 quis
1123 4268 1337 4323 duabus
1374 4270 1625 4338 personis
1663 4272 1748 4325 vel
1773 4272 2161 4343 hypostasibus
2180 4288 2276 4327 eas

692 4372 859 4413 voces
898 4360 1182 4423 attribuit,
1234 4377 1355 4431 quae
1409 4363 1463 4416 in
1506 4365 1837 4434 evangelicis
1873 4374 1929 4419 et
1963 4365 2277 4435 apostolicis

695 4449 995 4519 Scripturis
1040 4452 1244 4521 passim
1298 4464 1633 4520 occurrunt;
1670 4472 1860 4525 quaeve
1897 4472 1928 4510 a
1964 4457 2169 4511 sanctis
2209 4456 2276 4512 de

2372 3264 2461 3316 τὸν
2495 3265 2557 3316 ἐκ
2582 3264 2716 3316 Θεοῦ
2749 3264 2921 3331 Λόγον
2943 3267 2979 3331 ).
3014 3264 3264 3334 ἀνάθεμα
3292 3263 3454 3315 ἔστω.

2444 3350 2515 3403 B'.
2558 3351 2624 3404 Εἴ
2668 3370 2749 3414 τις
2796 3354 2894 3420 ούχ
2939 3353 3231 3419 ὁμολογεῖ,
3272 3354 3433 3422 σαρκὶ
3482 3352 3606 3405 καθ’
3654 3352 3952 3405 ὑπόστασιν

2372 3442 2611 3511 ἡνῶσθαι
2654 3443 2742 3495 τὸν
2789 3444 2850 3494 ἐκ
2890 3443 3023 3493 Θεοῦ
3076 3442 3286 3513 Πατρός
3316 3442 3525 3509 Λόγον,
3572 3442 3666 3494 ἕνα
3704 3458 3763 3492 τε
3807 3438 3950 3492 εἶναι

2374 3532 2608 3601 Χριστὸν
2643 3532 2777 3600 μετὰ
2828 3534 2925 3601 τῆς
2963 3532 3099 3595 ἰδίας
3132 3533 3352 3603 σαρκὸς,
3394 3532 3485 3584 τὸν
3518 3532 3677 3583 αὑτὸν
3706 3530 3949 3601 δηλονότι

2374 3625 2506 3677 Θεὸν
2536 3624 2671 3692 ὁμοῦ
2707 3626 2800 3677 καὶ
2826 3625 3130 3693 ἄνθρωπον,
3168 3625 3418 3694 ἀνάθεμα
3448 3623 3587 3676 ἔστω

2448 3718 2517 3771 Γ’.
2556 3718 2623 3769 Εἴ
2647 3736 2728 3779 τις
2754 3719 2844 3770 ἐπὶ
2874 3720 2966 3771 τοῦ
3012 3719 3129 3780 ἑνὸς
3171 3718 3411 3788 Χριστοῦ
3446 3719 3645 3787 διαιρεί
3670 3716 3760 3779 τὰς
3814 3719 3943 3771 ὑπο-

2379 3810 2593 3873 στάσεις
2628 3811 2767 3879 μετά
2787 3811 2883 3880 τὴν
2900 3812 3115 3875 ἕνωσιν,
3138 3812 3282 3883 μόνῃ¹
3310 3812 3596 3864 συνάπτων
3626 3812 3784 3874 αὑτὰς
3812 3829 3937 3865 συν-

2378 3902 2541 3971 αφεία
2574 3906 2637 3974 τῇ
2673 3903 2810 3956 κατα
2843 3904 2939 3974 τὴν
2992 3904 3170 3967 ἀξίαν,
3222 3905 3391 3973 ἤγουν
3438 3903 3692 3974 αύθεντίᾳ
3722 3904 3751 3973 ἢ
3778 3904 3934 3959 δυνα-

2378 3997 2548 4067 στείᾳ,
2571 3999 2663 4048 καὶ
2682 3997 2804 4065 οὐχ).
2835 3997 2895 4065 δὴ
2926 3997 3123 4067 μᾶλλον
3151 3997 3352 4062 συνόδῳ
3377 4000 3443 4067 τῇ
3469 3995 3590 4050 καθ’
3619 3997 3797 4049 ἕνωσιν
3835 4015 3935 4065 φύς

2380 4088 2556 4158 σικὴν,
2584 4087 2831 4157 ἀνάθεμα
2866 4088 3027 4140 ἔστω.

2449 4267 2519 4319 Δ’.
2542 4266 2611 4318 Εἴ
2626 4283 2709 4329 τις
2732 4265 3043 4335 προσώποις
3071 4265 3243 4332 δυσὶν,
3278 4267 3445 4336 ἦγουν
3474 4265 3807 4325 ὑποστάσεσι,
3830 4267 3924 4329 τάς

2377 4374 2435 4409 τε
2476 4357 2533 4409 ὲν
2565 4359 2675 4420 τοῖς
2702 4355 3078 4423 εύαγγελικοῖς
3113 4357 3205 4410 καὶ
3239 4357 3618 4420 ἀποστολικοῖς
3650 4357 3919 4426 Συγγράμ-

2384 4467 2513 4519 μασι
2572 4449 2812 4518 διανέμει
2875 4449 3079 4516 φωνάς,
3131 4448 3163 4519 ἢ
3217 4450 3309 4501 ἐπὶ
3353 4449 3573 4519 Χριστῷ
3633 4450 3767 4519 παρὰ
3816 4450 3917 4503 τῶν

693 4540 936 4605 Christo,
983 4551 1076 4597 aut
1118 4545 1188 4597 ab
1236 4544 1353 4614 ipso
1399 4560 1616 4615 quoque
1668 4546 1890 4602 Christo
1944 4550 2011 4601 de
2048 4563 2107 4603 se
2159 4548 2269 4617 ipso

2381 4540 2552 4609 ἁγίων
2606 4540 2921 4609 λεγομένας,
2963 4540 2996 4610 ἢ
3033 4542 3163 4610 παρ’
3211 4540 3378 4594 αὐτοῦ
3433 4543 3560 4612 περὶ
3595 4541 3802 4595 ἑαυτοῦο
3829 4544 3915 4596 καὶ

695 4630 858 4686 dieue
915 4641 1077 4697 sunt;
1124 4644 1179 4688 et
1232 4635 1364 4689 alias
1416 4636 1639 4706 quidem
1681 4639 1890 4693 homini
1943 4654 2192 4693 seorsum
2242 4656 2272 4694 a

694 4723 791 4779 Dei
826 4726 1009 4779 Verbo
1038 4726 1384 4783 considerato
1406 4729 1666 4793 ascribit,
1691 4730 1824 4784 alias
1850 4746 1983 4786 vero
2013 4739 2269 4801 tanquam

696 4814 751 4867 in
791 4815 1031 4871 divinam
1065 4820 1399 4887 majestatem
1453 4820 1841 4875 convenientes
1870 4862 1883 4884 ,
1938 4822 2039 4876 soli
2094 4822 2273 4876 Verbo

694 4904 840 4972 quod
873 4920 941 4959 ex
969 4907 1079 4961 Deo
1111 4909 1268 4961 Patre
1290 4917 1394 4971 est,
1426 4911 1829 4975 accommodat,
1866 4914 2155 4968 anathema
2178 4916 2267 4968 sit.

762 4996 824 5049 V.
862 4996 914 5050 Si
949 5000 1074 5067 quis
1104 5000 1288 5055 dicere
1314 5001 1501 5063 audet,
1536 5002 1815 5057 Christum
1840 5019 1961 5059 esse
1993 5005 2271 5061 hominem

696 5085 967 5142 deiferum
1000 5100 1055 5144 et
1085 5107 1192 5145 non
1224 5102 1408 5162 potius
1439 5093 1609 5147 Deum
1638 5110 1861 5161 verum,
1887 5102 2075 5165 utpote
2103 5113 2275 5152 unum

698 5180 1112 5251 naturalemque
1158 5184 1386 5249 Filium,
1424 5196 1694 5254 quatenus
1731 5187 1989 5242 nimirum
2032 5189 2271 5244 Verbum

697 5284 827 5322 caro
858 5269 1085 5336 factum,
1119 5275 1269 5329 carni
1293 5286 1350 5331 et
1384 5279 1635 5348 sanguini
1656 5280 1885 5349 perinde
1912 5295 1976 5335 ac
1996 5296 2097 5335 nos
2119 5296 2270 5335 com—

698 5360 1003 5417 municavit
1023 5364 1069 5396 ⁷⁸
1091 5405 1106 5429 ,
1142 5367 1432 5423 anathema
1464 5369 1553 5423 sit.

770 5498 972 5555 "Joan
1017 5504 1132 5567 1,1,
1164 5504 1216 5556 2.
1295 5506 1495 5562 "Gen.
1532 5523 1609 5569 ιιι,
1654 5508 1735 5562 l6.

1816 5509 1859 5539 ⁷²
1891 5506 2028 5563 Osee
2056 5524 2171 5571 ιιιιι,
2198 5508 2279 5561 lt.

2356 5506 2402 5537 ’⁸
2428 5506 2527 5559 lsa.
2562 5520 2665 5558 xxv
2684 5544 2699 5568 ,
2746 5502 2798 5557 8.

2378 4635 2477 4697 τὰς
2506 4635 2600 4704 μὲν
2627 4633 2701 4697 ὡς
2731 4632 3002 4705 ἀνθρώπῳ
3032 4633 3182 4703 παρά
3203 4632 3294 4685 τὸν
3320 4635 3384 4685 ὲκ
3405 4632 3540 4686 Θεοῦ
3569 4633 3726 4701 Λόγον
3751 4632 3915 4697 ιδικῶς

2379 4727 2652 4795 νοουμένῳ
2699 4727 3044 4795 προσάπτει,
3080 4726 3179 4791 τὰς
3223 4727 3279 4779 δὲ
3327 4724 3403 4789 ὼς
3440 4725 3746 4797 θεοπρεπεῖς
3782 4727 3909 4796 μόνῳ

2378 4818 2455 4889 τῷ
2484 4821 2546 4872 ὲκ
2574 4817 2707 4873 Θεοῦ
2736 4819 2949 4891 Πατρὸς
2975 4820 3157 4890 Λόγῳ,
3196 4819 3443 4890 ἀνάθεμα
3471 4819 3633 4874 ἔστω.

2452 4996 2525 5047 E'.
2572 4997 2633 5048 Et
2677 5013 2759 5058 τις
2800 4994 2976 5065 τολμᾷ
3005 4995 3210 5062 λέγειν,
3243 4994 3499 5065 θεοφόρον
3537 4995 3792 5065 ἄνθρωπον
3824 4995 3902 5049 τὸν

2380 5088 2612 5158 Χριστὸν
2636 5128 2651 5150 ,
2687 5089 2781 5141 καὶ
2812 5089 2931 5157 οὐχὶ
2972 5088 3036 5158 δὴ
3079 5088 3278 5156 μᾶλλον
3314 5089 3447 5142 Θεὸν
3477 5085 3617 5142 εἶναι
3643 5089 3761 5142 κατὰ
3784 5088 3898 5155 ἀλή-

2379 5181 2551 5247 θειαν,
2587 5181 2662 5245 ὡς
2708 5182 2834 5233 Υἰὸν
2863 5181 2960 5233 ἕνα
3008 5181 3101 5233 καὶ
3131 5182 3289 5251 φύσει
3318 5222 3333 5246 ,
3366 5181 3502 5236 καθὸ
3534 5181 3709 5250 γέγονε
3736 5181 3846 5252 σάρξ
3872 5185 3896 5233 ὁ

2378 5273 2570 5340 Λόγος,
2610 5272 2705 5326 καὶ
2736 5272 3102 5343 κεκοινώνηκε
3132 5274 3528 5346 παραπλησίως
3556 5274 3681 5345 ἡμῖν
3706 5274 3894 5343 αἵματος

2376 5369 2471 5420 καὶ
2502 5367 2723 5437 σαρκὸς.
2762 5365 3008 5434 ἀνάθεμα
3046 5364 3203 5419 ἔστω.

2877 5505 2923 5535 ⁷³
2950 5503 3105 5559 Joan.
3133 5519 3191 5569 ιι,
3224 5503 3243 5555 l
3276 5519 3429 5573 seqq.
3506 5503 3553 5535 ⁷³
3571 5502 3720 5559 Hebr.
3739 5519 3785 5569 ιι,
3814 5502 3871 5558 ll

1760 5647 1929 5700 Varia).
1968 5648 2230 5705 lectiones
2263 5647 2471 5703 codicis
2501 5643 2865 5716 Seguicriani.

777 5728 797 5768 1
835 5725 1013 5795 λόγου.
