4146 6322
240 321 344 378 ηε

1637 310 1973 370 EPISTOLA
2013 311 2152 367 XIX.

3405 316 3509 375 £36

237 438 493 510 μένοντες
524 433 621 489 τδν
650 432 771 497 ταῖς
803 432 998 503 τομαῖς
1025 430 1303 502 πρέποντα
1338 429 1549 504 καιρόν.
1605 427 1802 501 ’Δνδρίι

1922 427 2184 483 atrociter
2209 435 2429 495 curant,
2456 428 2554 485 sed
2581 428 2811 484 vulnere
2838 425 3143 483 levioribus
3171 427 3352 498 primo
3386 445 3509 489 Ine-

230 527 396 594 ςισθε
429 526 610 581 τοίνυν
643 527 703 581 ὲν
744 524 953 596 Κυρίῳ,
994 522 1091 577 καὶ
1120 521 1217 594 τὴν
1260 522 1468 577 ἑαυτῶν
1501 522 1684 576 πίστιν
1722 537 1817 591 τη·-

233 621 460 693 ροῦντες
503 618 972 691 ἀπαρακόμιστον,
1017 613 1329 685 εὐαρεστεῖν
1359 612 1692 678 σπουδάζετε
1740 610 1817 681 τῷ

226 712 480 786 Χριστῷ.
501 711 581 783 τῷ
604 711 687 766 ἑνὶ
710 710 803 766 καὶ
834 708 981 780 μόνῳ
1005 707 1100 761 καὶ
1143 704 1359 776 ἀληθῶς
1391 704 1506 775 Υίῷ
1533 702 1627 758 τοῦ
1656 701 1813 756 Θεοῦ·

228 803 575 876 μεμνημένοι
603 804 700 857 καὶ
733 799 843 855 τῶν
882 799 1052 868 ἁγίων
1088 800 1122 869 ἠ
1132 797 1247 867 μῶν
1278 796 1553 866 Πατέρων,
1589 793 1699 847 τῶν
1737 795 1815 847 is-

224 895 633 965 ρατευσάντων
651 891 829 964 ὀρθῶς
857 892 952 945 καὶ
982 890 1153 959 ἁγίως
1183 890 1312 959 παρ’
1340 888 1490 959 ὑμῖν,
1530 887 1581 940 οῖ
1613 887 1707 941 xui.
1733 885 1815 939 ἔτι

222 986 518 1055 περιόντες
551 983 813 1039 Θεετόκον
862 981 1147 1053 ὠνόμαζον
1179 988 1278 1052 την
1319 980 1481 1049 ἁγίαν
1514 977 1812 1050 Παρθένον.

221 1077 433 1133 Thoas:
465 1077 574 1147 γὰρ
611 1075 706 1129 τὸν
758 1073 1125 1147 Ἐμμανουήλ,
1164 1072 1223 1134 ὃς
1251 1072 1365 1125 ἑστι
1399 1070 1532 1136 Θεὸς
1576 1068 1811 1140 ἀληθῶς.

217 1167 424 1239 Γέγονε
445 1168 507 1221 δδ
530 1164 667 1239 σὰρξ
694 1169 720 1221 ὀ
746 1167 935 1236 Λόγος,
964 1166 1065 1219 καὶ
1082 1164 1403 1235 γεγέννηται
1438 1156 1716 1234 σαρκικῶς
1749 1161 1815 1215 ἐκ

216 1260 511 1333 γυναικὸς,
544 1259 612 1314 ἶν’
638 1262 802 1332 ἡμεῖς
830 1257 1148 1331 εὐρεθῶμεν
1171 1255 1393 1325 ἀδελφοὶ
1416 1253 1512 1308 τοῦ
1536 1253 1678 1325 ὑπὲρ
1716 1255 1815 1308 πᾶ-

219 1368 320 1407 σαν
365 1351 478 1423 τὴν
524 1351 720 1406 κτίσιν.
770 1351 1107 1422 Ἐκήρυσσον
1157 1347 1215 1402 δὲ
1247 1346 1453 1431 οίχδύο
1496 1346 1626 1417 παρ’
1682 1346 1813 1416 ὑμῖν

214 1441 532 1511 Χριστοὺς,
566 1440 683 1495 ἀλλ’
730 1438 856 1503 ἕνα,
908 1438 1002 1493 τὸν
1032 1436 1199 1491 αὐτὸν
1230 1435 1364 1491 Θεὸν
1392 1437 1566 1505 Λόγον
1598 1436 1691 1490 καὶ⁸
1716 1434 1812 1489 ἄν-

212 1531 442 1604 θρωπον
479 1531 623 1586 κατὰ
644 1529 823 1603 σάρκα
850 1530 916 1584 ἐκ
942 1529 1221 1597 γυναικός·
1255 1529 1317 1583 οὐ
1351 1528 1618 1601 συναφείᾳ
1646 1526 1807 1599 ψιλῇ,

212 1624 308 1678 καὶ
335 1623 418 1689 ὡς
450 1625 512 1677 ιν
543 1622 748 1693 ῖσότητι
784 1622 920 1693 μόνῃ
947 1621 1057 1675 τῶν
1087 1620 1418 1691 ἀξιωμάτων
1463 1619 1810 1691 συνημμένον

209 1711 513 1784 ἄνθρωπον
548 1712 688 1782 Θεῷο
738 1712 911 1765 ταῦτα
958 1712 1072 1784 γὰρ
1113 1711 1326 1765 ἐκείνου
1365 1710 1438 1765 τὰ
1483 1708 1671 1781 ψυχρὰ
1715 1708 1811 1761 καὶ

208 1804 473 1874 ἀνωφελῆ
501 1804 598 1858 καὶ
626 1803 846 1875 γραώδη
875 1804 1143 1874 δόγματα.
1170 1804 1276 1857 Τὸν
1302 1803 1465 1857 αὐτὸν
1489 1802 1547 1865 δὲ
1580 1802 1677 1856 καὶ
1704 1819 1809 1856 πα-

208 1893 320 1949 θεῖν
354 1895 605 1965 ἔφασκον
638 1896 921 1969 πρκικῶς
945 1895 1088 1965 ὑπὲρ
1114 1897 1147 1965 ή
1158 1895 1274 1964 μῶν
1302 1896 1394 1948 τὸν
1428 1893 1677 1959 θάνατον,
1708 1894 1803 1947 καὶ

207 1986 517 2057 ἀναστῆναι
544 1987 742 2051 θεῖκῶς
769 1988 1088 2058 πατήσαντα
1107 1984 1169 2039 τὸ
1197 1985 1291 2040 τοῦ
1318 1985 1550 2041 θανάτου
1578 1985 1799 2056 κράτος·

204 2076 358 2147 ἥξειν
375 2094 443 2130 τε
468 2077 713 2147 ἔφασκον
735 2078 851 2131 τῶν
865 2078 1237 2149 ὅλωνηκριτήν.
1270 2077 1487 2149 Ταύτην
1512 2081 1569 2132 εν
1589 2080 1805 2142 ἑαυτοῖς

206 2168 706 2241 ἀναζωπυροῦντες
734 2170 820 2223 ἀεὶ
848 2171 948 2241 τὴν
983 2170 1184 2233 πίστιν,
1227 2170 1490 2231 ἁσπίλους
1523 2171 1616 2225 καὶ
1646 2170 1803 2241 ἀμώ-

209 2278 344 2333 μους
375 2262 621 2324 ἑαυτοὺς
656 2262 954 2333 τηρήσατε,
989 2266 1125 2333 μήτε
1150 2260 1536 2325 κοινωνοῦντες
1558 2260 1636 2332 τῷ
1669 2278 1805 2331 μνη-

208 2351 555 2424 μονευθέντι,
589 2354 727 2423 μήτε
760 2354 868 2424 μὴν
894 2353 970 2418 ὡς
1008 2354 1314 2425 διδασκάλῳ
1342 2353 1721 2425 προσέχοντες.
1753 2355 1802 2405 εί

208 2446 358 2514 μένει
396 2444 573 2507 λύκος
604 2445 723 2497 ἀντὶ
756 2446 1015 2516 ποιμένος
1038 2486 1053 2509 ,
1104 2447 1201 2500 καὶ
1235 2444 1376 2515 μετὰ
1406 2443 1609 2514 ταύτην
1644 2444 1802 2516 ἡμῶν

204 2535 302 2607 τὴν
328 2535 650 2605 ὑπόμνησιν
691 2536 791 2607 τὴν
841 2535 981 2607 πρὸς
1008 2536 1172 2591 αὑτὸν
1218 2534 1542 2605 γενομένην,
1585 2536 1803 2605 φρονεῖν

203 2624 378 2680 ῑλοιτο
407 2626 482 2681 τὰ
529 2625 979 2699 διεστραμμένα-
1000 2628 1127 2691 Τοῖς
1163 2628 1220 2681 δέ
1250 2644 1315 2696 γε
1344 2626 1453 2680 τῶν
1494 2625 1799 2697 κληρικῶν,

207 2714 322 2787 ἦτοι
358 2715 578 2770 λαῖκῶν
604 2715 693 2769 διὰ
726 2716 823 2788 τὴν
853 2715 1022 2787 ὀρθὴν
1064 2714 1250 2769 πίστιν
1279 2713 1731 2786 κεχωρισμένοις,
1766 2713 1799 2783 ἢ

206 2804 595 2877 καθαιρεθεῖσι-
623 2806 754 2877 παρ’
788 2805 977 2869 αὐτοῦ,
1007 2805 1373 2877 κοινωνοῦμεν
1402 2808 1582 2877 ἡμεῖς,
1611 2805 1672 2858 οὺ
1701 2804 1802 2875 τὴν

207 2899 415 2955 ὶκείνου
447 2898 751 2968 πυροῦντες
770 2899 953 2953 ἄδικον
976 2899 1177 2970 ψῆφον,
1203 2897 1552 2961 ὶπαινοῦντες
1580 2896 1637 2950 δὲ
1669 2895 1804 2967 μᾶλ-

205 2987 293 3043 λον
321 2990 453 3055 τοὺς
486 2990 832 3054 πεπονθότας
852 3030 866 3052 ,
895 2991 1118 3044 κάκεῖνο
1154 2990 1409 3058 λέγοντες
1434 2985 1636 3052 αὐτοῖς·
1677 3007 1695 3039 ι
1736 2988 1801 3041 Ei

205 3079 537 3145 ὀνειδίζεσθε
568 3082 627 3133 ὲν
650 3080 861 3152 Κυρίῳ,
891 3081 1172 3152 μακάριοι·
1200 3080 1285 3134 ὅτι
1313 3080 1379 3133 τὺ
1398 3079 1499 3148 τῆς
1517 3078 1801 3148 δυνάμεως

1920 520 2245 578 dicamentis
2269 521 2521 587 delinito,
2548 529 2765 591 tempus
2787 518 3176 591 prcstolantur
3214 522 3418 578 ustioni
3448 531 3511 581 et

1918 614 2151 671 sectioni
2198 621 2590 686 opportunum.
2648 610 3019 679 Quamobrem
3065 612 3172 668 viri
3222 622 3398 669 estote
3446 613 3509 672 in

1915 689 2155 772 Christo,
2192 706 2405 778 fideque
2436 721 2603 777 quam
2638 705 2809 761 semel
2845 704 3140 775 accepistis
3185 714 3517 764 constanter

1915 806 2151 863 servata,
2172 796 2391 855 Christo
2414 800 2509 853 uni
2540 807 2597 853 et
2610 796 2713 853 soli
2736 806 2794 853 et
2824 812 2954 852 vero
2987 796 3085 853 Dei
3119 797 3259 853 Filio
3286 799 3506 870 placere

1915 889 2173 961 satagite;
2223 906 2497 947 memores
2542 897 2858 947 sanctorum
2907 889 3129 945 Patrum
3157 897 3501 959 nostrorum,

1913 982 2011 1053 qui
2042 990 2229 1038 sancte
2257 983 2644 1054 inculpateque
2678 982 2991 1038 sacerdotio
3017 981 3168 1052 apud
3194 996 3295 1039 vos
3324 982 3505 1041 functi

1914 1082 2062 1139 sunt,
2092 1075 2320 1146 quique,
2351 1075 2481 1130 dum
2517 1074 2793 1140 viverent,
2822 1089 3034 1130 sacram
3070 1074 3349 1145 Virginem
3371 1074 3510 1132 Dei-

1912 1182 2102 1237 param
2122 1168 2497 1222 nominabant.
2529 1167 2749 1237 Peperit
2772 1167 2922 1222 enim
2948 1166 3043 1222 illa
3060 1166 3501 1235 Emmanuelem,

1911 1259 2007 1330 qui
2044 1274 2208 1315 verus
2233 1267 2319 1314 est
2366 1259 2528 1314 Deus.
2566 1257 2809 1313 Verbum
2849 1272 3092 1328 namque
3132 1272 3262 1313 caro
3293 1257 3503 1315 factum

1911 1349 2056 1404 est"
2082 1366 2096 1415 ;
2127 1355 2184 1403 et
2213 1363 2324 1419 quo
2354 1349 2477 1419 ejus
2499 1362 2602 1403 nos
2642 1347 2842 1403 fratres
2870 1346 3255 1413 evaderemus,
3290 1347 3388 1418 qui
3416 1354 3505 1404 est

1910 1455 2077 1510 super
2100 1454 2321 1495 omnem
2342 1448 2651 1495 creaturam
2668 1478 2683 1505 ,
2709 1455 2777 1494 ex
2795 1438 3028 1494 muliere
3050 1437 3355 1494 secundum
3380 1454 3505 1495 car-

1909 1544 2037 1585 nem
2075 1538 2240 1584 natus
2265 1538 2351 1585 est
2374 1530 2442 1582 '°.
2480 1529 2859 1585 Prmdicabant
2884 1536 3071 1584 autem
3103 1528 3183 1584 illi
3216 1527 3363 1599 apud
3401 1543 3503 1587 vos

1908 1632 2020 1674 non
2047 1620 2187 1677 duos
2209 1619 2480 1687 Christos,
2520 1620 2618 1676 sed
2649 1635 2819 1675 unum
2848 1629 3096 1688 tantum;
3130 1620 3389 1677 eumdem
3407 1621 3501 1679 ni-

1909 1713 2114 1768 mirum
2135 1712 2307 1768 Deum
2334 1728 2547 1778 verum,
2569 1722 2621 1768 et
2654 1712 2935 1769 hominem
2970 1728 3165 1768 rursus
3192 1713 3502 1771 secundum

1839 1816 1879 1871 3
1908 1818 2129 1859 carnem
2157 1819 2225 1859 ex
2268 1804 2500 1859 muliere
2543 1813 2729 1859 ortum
2761 1820 2773 1857 :
2800 1818 2915 1858 non
2941 1802 3224 1883 hominem
3262 1804 3498 1872 nudum,

1906 1894 1999 1949 illa
2022 1902 2232 1951 tantum
2267 1896 2465 1966 copula
2494 1895 2608 1951 Deo
2632 1895 2988 1966 coniunctum
3021 1909 3145 1964 qua:
3169 1894 3225 1950 in
3257 1895 3373 1951 sola
3408 1895 3499 1952 di-

1905 1986 2149 2059 gnitatis,
2184 1986 2269 2042 vel
2318 1986 2673 2043 auctoritatis.
2693 1984 3009 2057 aequalitate
3052 1985 3301 2041 cernitur
3332 2002 3347 2039 :
3383 1984 3501 2043 hac

1904 2078 2051 2134 enim
2075 2078 2293 2149 frigida,
2323 2088 2382 2134 et
2408 2078 2645 2142 inutilia,
2667 2086 2726 2133 et
2754 2077 2923 2132 anilia
2941 2076 3182 2131 Nestorii
3201 2085 3332 2131 sunt
3358 2075 3499 2149 dog-

1905 2182 2070 2226 mata.
2113 2170 2406 2226 Addebant
2441 2171 2531 2225 his
2570 2188 2584 2223 :
2629 2170 2786 2225 illum
2826 2170 3007 2239 ipsum
3049 2175 3284 2223 mortem
3322 2169 3498 2225 nostri

1904 2275 2069 2316 causa
2097 2261 2403 2316 secundum
2428 2276 2655 2317 carnem
2694 2274 3041 2331 perpessum,
3064 2260 3367 2329 mortisque
3390 2257 3497 2314 im-

1902 2353 2060 2422 perio
2086 2351 2272 2407 divina
2302 2351 2510 2406 virtute
2541 2351 2864 2422 proculcato
2884 2391 2898 2416 ,
2928 2366 3004 2405 ex
3045 2349 3282 2407 mortuis
3312 2348 3501 2406 denuo

1903 2442 2294 2508 resurrexisse,
2346 2443 2738 2498 universorum
2790 2441 3016 2497 tandem
3064 2442 3315 2514 iudicem
3360 2442 3500 2498 olim

1901 2540 2200 2586 venturum
2252 2546 2395 2588 esse.
2441 2530 2597 2587 lianc
2644 2531 2703 2586 in
2756 2532 2919 2588 vobis
2965 2532 3131 2589 iidem
3192 2532 3500 2589 identidem

1901 2625 2321 2690 exsuscitantes,
2349 2624 2733 2681 immaculatos
2751 2634 2809 2681 et
2826 2624 3136 2697 inculpatos
3157 2640 3257 2682 vos
3275 2639 3500 2683 conser-

1901 2726 2047 2784 vate,
2082 2718 2296 2773 nullum
2327 2733 2556 2788 prorsus
2595 2717 2991 2773 commercium
3034 2733 3163 2773 cum
3192 2724 3499 2774 memorato

1898 2804 2155 2861 Nestorio
2174 2806 2462 2870 habentes,
2490 2821 2594 2861 nec
2618 2820 2783 2861 aures
2803 2805 2881 2861 illi
2899 2806 3409 2873 accommodantes,
3436 2804 3490 2864 si

1900 2912 2003 2968 pro
2034 2906 2255 2968 pastore
2277 2897 2441 2968 lupus
2462 2913 2584 2953 esse
2611 2900 2941 2968 perrexerit,
2972 2907 3032 2954 et
3061 2908 3186 2970 post
3210 2899 3353 2955 hanc
3389 2915 3495 2957 no-

1900 2999 2069 3043 stram
2101 2987 2543 3044 admonitionem
2577 2988 2645 3044 ad
2684 2990 2841 3045 illum
2868 2989 3198 3045 destinatam
3235 3004 3497 3062 perversa

1900 3094 2095 3149 sapere
2126 3094 2239 3134 non
2266 3079 2564 3136 destiterit.
2611 3081 2863 3152 Denique
2904 3096 3031 3137 cum
3089 3080 3159 3137 iis
3180 3080 3400 3138 clericis
3436 3090 3498 3140 et

207 3173 296 3223 καὶ
326 3170 389 3225 τὸ
418 3170 521 3225 τοῦ
555 3172 693 3226 Θεοῦ
719 3172 942 3242 Πνεῦμα
972 3174 1053 3237 είς
1082 3174 1227 3243 ὑμᾶς
1259 3171 1664 3226 ἀναπέπαυται.
1700 3188 1719 3221 ι

1902 3172 2265 3242 popularibus
2293 3187 2535 3242 quoque,
2581 3172 2677 3242 qui
2714 3181 2942 3245 propter
2983 3180 3191 3229 rectam
3227 3171 3391 3229 iidem
3424 3170 3495 3229 ab

207 3259 298 3317 illo
316 3263 815 3330 excommunicati,
838 3264 926 3319 vel
949 3262 1123 3335 gradu
1156 3263 1292 3318 moti
1320 3271 1470 3324 sunt,
1493 3277 1595 3317 nos
1618 3262 1795 3318 libere
1833 3264 2328 3328 communicamus,
2397 3264 2655 3334 iniustam
2715 3263 2868 3320 illius
2897 3266 3231 3321 sententiam
3264 3264 3500 3322 minime

205 3354 598 3425 approbantes,
640 3354 740 3411 sed
774 3371 871 3412 eos
904 3357 1090 3427 potius
1113 3356 1209 3427 qui
1255 3356 1359 3412 ista
1397 3356 1642 3427 perpessi
1676 3365 1805 3411 sunt
1842 3355 2329 3419 commendantes,
2360 3354 2610 3426 illudque
2645 3354 2730 3411 eis
2756 3355 3042 3412 dicentes:
3093 3376 3112 3409 ι
3145 3355 3298 3414 Beati
3335 3356 3491 3422 estis,

205 3447 257 3503 si
268 3458 499 3521 propter
516 3450 818 3508 Dominum
831 3449 1240 3519 exprohramini
1260 3468 1276 3517 ;
1298 3450 1561 3522 quoniam
1583 3450 1809 3507 virtutis
1844 3456 1899 3505 et
1924 3450 2023 3505 Dei
2050 3448 2290 3520 Spiritus
2323 3464 2492 3519 super
2510 3462 2609 3505 vos
2636 3449 2940 3521 requiescit
2961 3449 3004 3484 ⁸¹
3068 3468 3091 3503 ι

1345 3763 1459 3839 so
1500 3763 1837 3821 EPISTOLA
1875 3764 1999 3821 XIX
2033 3764 2127 3838 (οι.
2164 3764 2352 3839 XVII).

774 3934 978 3975 ογιιιιιι
1010 3932 1294 3982 εταουιρυε
1317 3932 1428 3973 CUI
1455 3933 1525 3973 ΕΟ
1552 3933 1802 3974 εοιιεετέ

1901 3937 1930 3975 D
1951 3936 2219 3979 MONACIIOS
2245 3936 2925 3989 CUNBTLNTINOPOLI'I'ANOS.

269 4082 395 4146 τοῖς
447 4077 873 4143 εὐλαϐεστάτοις
920 4080 1017 4133 καὶ
1069 4078 1507 4148 θεοφιλεστάτοις
1540 4079 1788 4151 Πατράσι

208 4170 611 4250 μοναστηρίων.
640 4171 749 4232 τοῖς
776 4170 917 4223 κατά
937 4170 1037 4241 τὴν
1066 4169 1656 4233 Κωνσταντινούπδλιν,
1683 4172 1793 4225 Κύ-

206 4264 375 4335 ρι).λος
417 4264 517 4317 καὶ
560 4262 598 4332 ή
656 4262 797 4314 κατὰ
846 4259 943 4333 τὴν
1003 4260 1415 4333 Ἀλεξάνδρειαν
1464 4262 1793 4332 συναχθεῖσα

205 4354 329 4422 ἁγία
353 4353 691 4417 σὺνοδος,νὲν
723 4353 913 4424 Κυρίῳ
946 4352 1180 4423 χαίρειν.

268 4446 377 4516 Τῆς
422 4444 741 4506 θεοσεϐείας
778 4443 933 4514 ὑμῶν
979 4444 1072 4496 τὸν
1121 4443 1304 4514 ζῆλον,
1350 4444 1409 4497 ὃν
1462 4446 1519 4498 ὲν
1571 4444 1791 4516 Χριστῷ

1966 4082 2418 4154 Religiosissimis
2474 4083 2854 4158 piissimisque
2907 4093 3372 4146 monasteriorum
3390 4090 3495 4150 Pa-

1902 4174 2097 4239 tribus,
2130 4175 2223 4245 qui
2262 4184 2392 4231 sunt
2421 4174 2921 4249 Constantinopoli,
2946 4179 3186 4252 Cyrillus
3210 4191 3267 4239 et
3301 4193 3496 4240 sancta

1902 4266 2141 4336 synodus
2164 4267 2510 4324 Alexandriae
2560 4280 2913 4342 congregata,
2959 4272 3018 4327 in
3057 4273 3292 4329 Domino
3338 4274 3489 4340 salu-

1900 4368 2009 4411 tem
2020 4398 2032 4412 .

1970 4450 2195 4506 Pietatis
2222 4462 2421 4507 vestrm
2450 4453 2653 4518 zelum,
2681 4471 2847 4526 quem
2888 4472 2993 4527 pro
3021 4457 3242 4513 Christo
3267 4457 3490 4528 publice

206 4536 494 4606 πεποίησθε
523 4534 1025 4605 βλασφημουμένῳ,
1058 4534 1326 4589 καὶτοῦτο
1346 4537 1405 4588 ὲν
1428 4535 1696 4607 ἐκκλησία
1722 4540 1787 4609 τῇ

1901 4540 1953 4595 in
1980 4542 2414 4598 orthodoxorum
2454 4522 3077 4617 ecclesia—blasphemiis
3119 4522 3363 4618 appetito
3387 4546 3478 4604 de-

203 4625 305 4679 τῶν
332 4627 661 4698 όρθοδόξων,
698 4627 1103 4696 μεμαθήκαμεν
1144 4628 1421 4699 ἀκριϐῶς,
1458 4629 1551 4682 καὶ
1583 4630 1790 4699 σφόδρα

207 4717 296 4788 μὲν
328 4718 684 4790 ἐπῃνέσαμεν
711 4717 811 4787 τῆς
843 4718 1055 4782 εὐνοίας
1104 4720 1246 4789 ὑμᾶς
1278 4720 1375 4790 τῆς
1407 4722 1487 4783 εἰς
1529 4720 1786 4790 Χριστὸν,

204 4810 292 4863 καὶ
335 4809 566 4880 ἀγάπης
597 4808 694 4877 τῆς
739 4809 819 4872 είς
850 4808 911 4862 τὸ
943 4810 1116 4880 ὄνομα
1148 4810 1336 4866 αὑτοῦ.
1391 4810 1686 4875 Κλαίοντες
1734 4813 1792 4867 δὲ

205 4899 577 4970 διατελοῦμεν,
625 4900 719 4951 καὶ
765 4901 1215 4971 παρακαλοῦντες
1244 4901 1335 4955 τὸν
1364 4901 1474 4955 τῶν
1505 4902 1641 4955 ὅλων
1681 4905 1792 4957 Σω-

204 4992 334 5061 τῆρα
362 4992 627 5064 Χριστδν,
654 4989 747 5043 νῦν
770 4989 1005 5062 θραῦσαι
1034 4992 1133 5060 τὴν
1160 4992 1253 5045 τοῦ
1284 4992 1533 5046 διαϐόλου
1560 4996 1787 5062 παγίδα,

204 5086 291 5135 καὶ
326 5084 606 5155 περιελεῖν
658 5081 767 5135 τῶν
828 5081 1167 5151 Ἐκκὶησιῶν
1208 5085 1270 5136 τὸ
1324 5084 1640 5148 σκάνδαλον,
1696 5084 1792 5137 καὶ

206 5168 398 5225 παῦσαι
429 5171 532 5235 τὰς
565 5169 710 5224 κατὰ
752 5169 851 5241 τῆς
883 5170 1043 5242 δόξης
1064 5173 1229 5225 αὑτοῦ
1258 5174 1589 5245 δυσφημίας.
1637 5174 1791 5228 Ἐπεὶ
1836 5212 1843 5217 η

207 5260 255 5314 δέ
278 5264 388 5326 ἐστι
427 5262 790 5336 μακρόθυμος
811 5305 855 5328 ,,
877 5267 1067 5335 καιρὸν
1100 5270 1499 5337 μεταγνώσεως
1529 5269 1789 5339 ἐπεδαψι-

208 5353 423 5409 λεύσατο
447 5356 527 5427 τῷ
559 5354 946 5428 εὐλαϐεστάτῳ
992 5358 1277 5429 ὲπισκόπῳ
1312 5360 1620 5431 Νεστορίῳ,
1664 5378 1790 5415 σιω-

206 5443 420 5500 πώντων
461 5448 689 5503 πάντων
734 5447 872 5512 τέως
915 5448 1002 5502 ἐπ’
1042 5449 1191 5521 αὐτῷ
1226 5452 1319 5503 καὶ
1360 5451 1787 5521 περιμενόντων,

209 5535 332 5608 ἔπερ
353 5533 421 5609 ἦν
450 5539 629 5591 ἅπασι
676 5536 744 5591 δι’
773 5539 972 5609 εὐχῆς,
1014 5539 1078 5593 τὸ
1124 5541 1456 5610 μεταστῆναι
1485 5542 1583 5613 μὲν
1625 5542 1788 5595 αὑτὸν

212 5628 300 5697 τῆς
326 5629 554 5702 βεὸήλου
585 5634 971 5702 καινοςρωνίας,
996 5635 1263 5706 φρονῆσαι
1292 5636 1355 5689 δὲ
1378 5635 1501 5706 μεθ’
1533 5636 1689 5708 ἡμῶν
1717 5638 1785 5692 τὰ

269 5765 486 5822 7’Joan.
525 5782 563 5833 ι,
595 5768 676 5823 Η.
759 5769 806 5803 ⁸⁸
834 5772 1098 5841 Calat.n',
1140 5775 1191 5831 ί.
1269 5773 1359 5830 ³⁸1
1395 5774 1543 5832 Pstr.
1577 5792 1648 5840 tv,
1692 5776 1774 5831 ii.

1898 4633 2165 4698 ciarastis,
2199 4635 2361 4704 plene
2390 4634 2707 4701 didicimus,
2738 4640 3078 4710 summisque
3109 4639 3366 4695 laudibus
3388 4680 3404 4705 ,
3428 4651 3489 4697 ut

1895 4741 2112 4795 aequum
2145 4734 2284 4786 erat.
2327 4725 2682 4783 dilectionem
2718 4739 2959 4785 vestram
3016 4732 3071 4785 in
3107 4731 3391 4788 Christum
3431 4743 3489 4790 et

1889 4819 2010 4887 ejus
2032 4832 2236 4873 nomen
2276 4818 2597 4873 extulimus.
2630 4819 2698 4873 At
2741 4835 2841 4874 nos
2883 4820 3108 4875 interim
3144 4823 3198 4876 in
3231 4822 3489 4894 lacryutis

1892 4908 2158 4978 luctuque
2197 4908 2466 4979 iacentes,
2495 4908 2779 4963 Christum
2820 4911 3204 4967 universorum
3234 4912 3485 4968 Salvato-

1891 5016 2008 5053 rem
2040 5000 2407 5063 obtestamur,
2436 5008 2498 5054 ut
2522 4999 2609 5054 vel
2633 5016 2781 5055 nunc
2809 5004 3033 5057 tandem
3064 5004 3345 5075 dissipatis
3365 5005 3485 5060 dia-

1890 5090 2001 5145 boli
2035 5090 2265 5160 laqueis,
2296 5090 2669 5145 Ecclesiarum
2704 5092 2964 5148 scandala
2996 5094 3346 5163 praescindat,
3366 5111 3485 5151 ma-

1890 5179 2217 5249 ledictisque
2272 5180 2501 5251 gloriam
2565 5180 2713 5236 illius
2770 5182 3109 5239 insectantes
3146 5197 3481 5257 compescat.

1888 5271 2025 5337 Quia
2082 5286 2218 5325 vero
2274 5271 2603 5342 longanimis
2670 5281 2793 5339 cst,
2855 5275 3201 5344 poenitentia:
3266 5287 3485 5347 tempus

1892 5364 2110 5419 abunde
2143 5364 2275 5418 satis
2304 5364 2561 5418 Nestorio
2585 5366 2874 5437 hucusque
2900 5370 3193 5434 concessit,
3225 5370 3484 5424 omnibus

1893 5455 2104 5510 interea
2153 5454 2582 5521 conticentibus,
2636 5474 2943 5529 magnoque
2970 5459 3249 5515 desiderio
3290 5476 3486 5531 exspe-

1895 5546 2196 5610 ctantibus,
2218 5555 2299 5612 ut,
2321 5546 2551 5618 profana
2574 5548 2666 5603 illa
2690 5564 2891 5604 vocum
2916 5551 3161 5606 novitate
3196 5551 3388 5607 relicta
3410 5553 3481 5621 ⁸³,

1894 5652 2016 5706 (ιιιειςι
2047 5647 2198 5693 recta
2224 5656 2287 5695 ac
2327 5639 2603 5708 decentia,
2642 5641 2961 5713 divinisque
3005 5641 3310 5713 Scripturis
3343 5660 3481 5699 con~

1854 5776 1898 5807 ¹¹¹
1935 5774 2072 5831 lbtd.
2104 5774 2172 5832 9.0
