4116 6318
716 327 815 382 127
1733 313 1788 369 S.
1829 309 2104 369 CYRILLI
2142 307 2273 363 ALE

2376 305 2608 362 Nl)le
2647 305 2962 361 ARCII'IEP.
3910 302 4032 361 ιεε

710 446 973 494 sentanea
1022 443 1186 498 sunt,
1242 431 1527 486 nobiscum
1578 436 1828 498 saperet;
1878 425 2152 494 iidemque
2188 437 2273 492 pel

2387 418 2520 490 ὀρθά
2551 420 2643 472 καὶ
2669 418 2877 480 εἰκότα,
2911 418 3006 470 καὶ
3032 417 3152 481 ταῖς
3177 414 3558 482 θεοπνεύστοις
3601 416 4032 487 συμσαίνοντα

708 538 930 585 sanctos
960 527 1236 594 apostolos
1256 532 1309 578 et
1338 520 1719 592 evangelistas,
1755 519 1848 589 qui
1874 517 2119 588 germani
2166 532 2273 587 my-

2391 516 2631 585 Γραφαῖς
2655 514 2911 577 ,ἑλέσθαι
2947 529 3006 566 τε
3039 513 3143 584 τὴν
3189 511 3372 566 πίστιν
3421 511 3521 583 τὴν
3571 509 4032 580 παραδοθεῖσαν

708 618 1008 673 steriorum.
1021 615 1225 672 Christi
1247 614 1656 681 dispensatores
1679 611 2034 670 exstiterunt,
2056 607 2273 661 manda-

2388 607 2595 662 ἄνωθεν
2626 608 2747 669 ταῖς
2797 604 3143 675 Ἑκκλησίαις
3191 605 3341 677 παρά
3373 622 3432 658 τε
3487 604 3597 657 τῶν
3628 604 3818 673 ἁγίων
3865 604 4032 658 ἀπο-

714 718 944 780 tumque
988 718 1048 764 ut
1106 707 1460 777 Evangelium
1511 706 1660 759 illius
1711 704 1969 756 universo
2011 710 2273 755 terrarum

2393 700 2594 754 στόλων
2622 700 2711 752 καὶ
2736 697 3158 766 εὐαγγελιστῶν,
3177 698 3226 751 οἳ
3257 699 3349 751 καὶ
3379 697 3670 765 γεγόνασιν
3697 695 4031 764 οἰκονόμοι

706 799 828 854 orbi
877 800 1290 859 annuntiarent,
1335 797 1816 866 habuerunt,jam
1860 791 1990 847 inde
2020 792 2090 846 ab
2126 791 2273 846 initio

2389 793 2600 861 γνήσιοι
2627 791 2734 844 τῶν
2763 790 2856 843 τοῦ
2891 789 3126 861 Χριστοῦ
3169 789 3506 860 μυστηρίων,
3539 791 3634 842 καὶ
3664 790 4032 857 ἱερουργεῖν

708 891 964 946 traditam
1014 890 1340 959 susciperet.
1399 887 1470 943 At
1510 888 1637 956 quia
1671 888 1724 940 in
1774 885 1966 940 iisdem
2001 885 2273 940 erroribus

2388 884 2692 954 ἐτάχθησαν
2721 884 2781 936 τὸ
2807 883 3137 950 Εὑαγγὲλιον
3164 881 3326 935 αὐτοῦ
3358 884 3470 945 τοῖς
3508 881 3611 934 ἀνὰ
3649 882 3860 934 πᾶσαν
3903 880 4030 952 τὴν

706 993 1043 1051 perseverat,
1074 980 1550 1051 blasphemiasque
1583 977 1938 1048 blasphemiis
1960 977 2273 1039 cumulatis1

2390 975 2482 1028 ὑπ’
2512 974 2758 1045 οὐρανόν.
2805 971 3022 1042 Ἐπειδὴ
3056 972 3112 1025 δὲ
3161 971 3468 1041 μεμένηκεν
3506 972 3565 1024 ἐν
3607 974 3728 1032 τοῖς
3759 971 4022 1036 αὐτοῖς,

705 1069 772 1124 ad
824 1069 1101 1125 deteriora
1137 1069 1372 1125 subinde
1428 1070 1655 1139 gradum
1706 1068 1857 1130 facit,
1895 1074 1951 1121 et
1993 1067 2273 1138 peregrina

2387 1067 2528 1137 τάχα
2570 1068 2744 1136 δήπου
2778 1066 2872 1119 καὶ
2904 1067 2960 1117 ὲν
3003 1064 3213 1134 χείροσι
3263 1063 3491 1131 γέγονε,
3537 1063 3882 1134 προστιθεὶς
3915 1063 4025 1117 ἀεὶ

705 1158 992 1227 alienaque
1018 1161 1293 1230 dogmata,
1335 1175 1459 1229 qua
1507 1166 1693 1214 sancta
1722 1158 1818 1212 Dei
1863 1157 2110 1213 Ecclesia
2138 1172 2273 1211 nun-

2387 1159 2697 1229 δυσφημίας
2727 1159 2816 1211 ἐπὶ
2862 1158 3229 1226 δυσφημίαις.
3270 1158 3365 1208 καὶ
3410 1155 3536 1220 ξένα
3581 1158 3675 1211 καὶ
3715 1157 4022 1226 ἀλλότρια

703 1265 867 1321 quam
901 1253 1140 1322 agnovit,
1169 1267 1477 1322 proponere
1502 1265 1612 1304 non
1644 1249 1878 1314 desinit;
1911 1263 2127 1318 (equum
2164 1263 2273 1303 esse

2387 1251 2667 1312 παντελῶς
2700 1248 3060 1320 ἐξηγούμενος
3104 1247 3370 1316 δόγματα,
3412 1246 3447 1301 ἃ
3493 1247 3568 1319 μὴ
3594 1247 3742 1302 οἶδεν
3778 1247 3940 1304 ὅλως
3970 1249 4014 1319 ἡ

703 1343 1142 1398 existimavimus
1171 1346 1263 1399 vel
1297 1346 1470 1399 ternis
1496 1343 1697 1398 litteris
1731 1345 1895 1398 illum
1910 1343 2273 1398 commonefa-

2387 1342 2516 1410 ἁγία
2565 1341 2826 1412 καθολικὴ
2885 1340 3215 1409 Ἐκκλησία·
3266 1338 3670 1410 ὲδικαιὼσαμεν
3722 1340 4018 1411 ὑπομνη-

703 1447 828 1489 cere
857 1452 872 1489 :
904 1436 1108 1506 quibus
1141 1435 1248 1490 illa;
1289 1450 1510 1504 quoque
1541 1434 1827 1497 accedunt,
1864 1449 1984 1503 qua
2013 1434 2124 1503 jam
2177 1449 2273 1488 uua

2388 1432 2628 1487 σθένταο
2677 1431 2846 1502 τρίτῳ
2886 1434 3204 1504 γράμματι,
3245 1433 3419 1503 τούτῳ
3459 1431 3522 1502 δὴ
3548 1430 3625 1501 τῷ
3657 1430 4015 1501 πεμφθέντι

705 1542 829 1580 cum
879 1529 1079 1584 nostris
1129 1527 1423 1599 postremis
1465 1543 1496 1580 a
1529 1527 1876 1581 sanctissimo
1922 1526 2273 1596 piissimoque

2388 1524 2540 1596 παρά
2570 1540 2628 1577 τε
2653 1527 2684 1594 ή
2695 1523 2810 1594 μῶν
2827 1564 2840 1586 ,
2865 1525 2959 1577 καὶ
2986 1524 3075 1578 τοῦ
3101 1526 3396 1579 ὁσιωτάτου
3423 1524 3516 1578 καὶ
3545 1523 4011 1578 θεοσεσεστάτου

704 1616 874 1672 fratre
912 1619 1362 1674 etcomministro
1393 1625 1582 1671 nostro
1605 1616 1903 1672 Caelestino
1939 1631 2147 1688 magna:
2187 1633 2273 1670 ur-

2387 1614 2615 1682 άδελιροῦ
2643 1615 2800 1684 ἡμῶν
2823 1614 2917 1668 καὶ
2939 1615 3351 1686 συλλειτουργοῦ
3377 1614 3728 1680 Κελεστινου,
3753 1614 3858 1668 τοῦ
3890 1614 4010 1685 τῆς

705 1706 789 1763 bis
816 1711 1002 1766 Romae
1031 1710 1290 1780 episeopo
1319 1710 1500 1763 missae
1517 1715 1665 1762 sunt.

2393 1706 2632 1778 μεγάλης
2672 1705 2891 1776 Ῥώμης
2919 1705 3246 1763 ἐπισκόπου.

772 1798 994 1856 Summa
1021 1809 1211 1854 autem
1239 1799 1635 1854 admonitionis
1663 1790 1779 1854 haec
1805 1805 1891 1855 est
1931 1817 1945 1853 :
2006 1801 2273 1870 siquidem

2397 1776 2403 1778 ⁷
2455 1797 2519 1848 Εἰ
2554 1797 2650 1866 μὲν
2676 1795 2850 1848 ἕλοιτο
2884 1799 3236 1866 μετανοῆσαι,
3277 1797 3373 1850 καὶ
3414 1797 3499 1865 ἐφ’
3536 1790 3617 1861 οἷς
3650 1797 3854 1867 εἴρηκε
3901 1795 4007 1850 δας

700 1893 1042 1961 resipiscere,
1090 1900 1146 1947 et
1176 1909 1238 1948 ea
1285 1908 1406 1962 quae
1455 1892 1614 1953 dixit,
1649 1892 1905 1962 lacrymis
1939 1892 2180 1956 diluere,
2219 1911 2273 1949 ac

2386 1888 2619 1959 κρύσας,
2655 1888 3047 1968 άναθεματίσαι
3091 1888 3190 1957 μὲν
3235 1889 3530 1958 ἐγγράςιως
3578 1887 3644 1941 τά
3678 1888 4002 1958 διεστραμ-

700 1981 951 2052 dogmata
997 2001 1119 2054 quae
1171 1984 1303 2038 falsa
1344 1984 1651 2053 proposuit,
1681 1984 1886 2068 scripto
1934 1986 2273 2044 anathemate

2388 1981 2525 2050 μὲνα
2556 1978 2750 2032 ἑαυτοῦ
2803 1979 3068 2049 δόγματα,
3099 1979 3430 2065 ὁμολογῆσαι
3462 1979 3517 2032 δὲ
3541 1979 3721 2050 ὀρθῶς
3755 1979 3858 2032 καὶ
3891 1980 4001 2032 ἀν·-

698 2075 1090 2140 condemnare,
1113 2085 1170 2130 et
1203 2085 1413 2129 rectam
1450 2075 1667 2130 tandem
1711 2073 2164 2145 'inculpatamque
2187 2095 2278 2131 ca-

698 2166 917 2222 tholicae
969 2167 1227 2223 Ecclesiae
1275 2167 1435 2221 fidem
1480 2168 1720 2220 voluerit
1779 2182 2110 2238 agnoscere;
2162 2169 2280 2223 fore

699 2265 758 2311 ut
793 2257 1033 2319 veniam,
1066 2257 1111 2311 si
1144 2265 1322 2311 tamen
1356 2272 1475 2311 eam
1496 2266 1664 2326 petat,
1697 2270 1754 2312 et
1793 2273 1916 2327 quae
1944 2268 2160 2328 oportet
2181 2259 2280 2314 do-

696 2347 810 2401 ceri
843 2363 901 2402 se
929 2350 1086 2411 sinat,
1135 2359 1538 2418 promereatur.
1572 2349 1676 2418 81
1721 2348 1815 2404 Sin
1837 2365 1970 2405 vero
2008 2365 2071 2404 ea
2097 2351 2277 2406 facere

697 2441 983 2503 recusarit,
1015 2441 1084 2496 ab
1139 2442 1524 2510 episcoporum
1567 2451 1710 2497 coetu
1736 2481 1750 2506 ,
1783 2457 1999 2496 nec-non
2037 2459 2067 2497 a
2101 2445 2275 2514 magi-

693 2527 845 2582 sterii
869 2529 1132 2599 dignitate
1159 2547 1216 2585 se
1241 2547 1466 2599 prorsus
1488 2531 1727 2585 alienum
1751 2539 2133 2602 extorrcmque
2157 2550 2277 2590 esse

695 2619 984 2690 intelligat.
1047 2622 1235 2691 Neque
1279 2623 1426 2677 enim
1476 2631 1652 2677 tutum
1698 2634 1801 2686 est,
1838 2623 2026 2693 lupum
2070 2625 2275 2680 Christi

693 2710 953 2779 gregibus
992 2711 1248 2784 infestum
1297 2714 1400 2767 sub
1458 2714 1695 2783 pastoris
1732 2716 1916 2784 specie
1955 2714 2271 2772 admittere.

695 2801 808 2855 Viri
839 2775 1252 2872 itaque/estote,
1283 2814 1358 2869 et,
1407 2812 1466 2859 ut
1497 2821 1686 2860 servos
1713 2806 1808 2861 Dei
1855 2808 2032 2870 decet,
2063 2808 2272 2862 anima-

694 2908 814 2946 rum
859 2901 1168 2948 vestrarum
1206 2910 1394 2948 curam
1442 2895 1723 2964 suscipite,
1764 2905 1878 2950 tum
1923 2911 2023 2966 pro
2067 2895 2272 2953 Christi

690 2985 882 3052 gloria,
911 2995 966 3040 et
993 2995 1052 3039 ut
1083 2986 1214 3040 fides
1238 3003 1359 3055 qua:
1387 2985 1438 3039 in
1463 2987 1640 3055 ipsum
1669 2998 1771 3048 est,
1803 2997 1950 3057 recta
1979 2997 2036 3042 et
2059 2988 2272 3044 sincera

2386 2070 2704 2134 επιλήπτως
2751 2072 2848 2141 τῆς
2887 2071 3179 2142 καθολικῆς
3234 2070 3558 2139 Ἐκκλησίας
3605 2070 3704 2141 τὴν
3765 2070 3993 2135 πίστιν,

2385 2164 2568 2233 μένειν
2607 2163 2789 2224 αὐτὸν,
2834 2161 3164 2233 συγγνώμην
3204 2162 3492 2224 αἰτοῦντα,
3523 2161 3617 2215 καὶ
3645 2161 3680 2214 ἃ
3720 2161 3808 2214 δεῖ
3838 2178 3994 2231 μαν-

2382 2255 2630 2309 θάνοντα.
2671 2256 2733 2307 Εἰ
2770 2254 2826 2306 δὲ
2871 2254 2945 2325 μὴ
2989 2253 3162 2306 ἕλοιτο
3190 2253 3362 2308 ταῦτα
3402 2253 3640 2325 πρᾶξαι,
3684 2251 3990 2322 ἀλλότριον

2380 2349 2542 2401 αὐτὸν
2575 2343 2714 2398 εἶναι
2741 2345 2834 2398 καὶ
2855 2345 3000 2409 ξένον
3031 2346 3124 2397 τοῦ
3157 2344 3318 2415 χοροῦ
3351 2345 3458 2397 τῶν
3490 2343 3832 2405 ἐπισκόπων,
3881 2342 4011 2397 καὶ.

2371 2437 2471 2496 ,τοῦ
2501 2435 2876 2492 διδασκαλικοῦ
2922 2435 3252 2505 ἀξιώματος.
3295 2439 3375 2490 Οὐ·
3417 2437 3526 2508 γάρ
3568 2438 3715 2488 ἐστιν
3749 2433 3987 2488 ἀκίνδυ-

2379 2551 2466 2586 νον
2496 2535 2553 2586 ὲν
2575 2535 2703 2586 εἴδει
2734 2534 2991 2603 ποιμένος
3018 2531 3182 2585 λύκον
3213 2533 3500 2599 ἐπαφεῖναι
3523 2528 3697 2582 δεινὸν
3724 2531 3841 2591 τοῖς
3873 2527 3977 2582 τοῦ

2379 2627 2631 2696 Σωτῆρος
2686 2625 2976 2696 ποιμνίοις.
3045 2622 3389 2692 Ἀνδρίζεσθε
3449 2621 3628 2673 τοίνυν
3657 2620 3735 2684 ὡς
3789 2617 3980 2672 δοῦλοι

2377 2719 2612 2788 Χριστοῦ
2638 2717 2688 2779 δ,
2719 2718 2815 2770 καὶ
2845 2716 3162 2788 φροντίσαι-τε
3198 2714 3306 2768 τῶν
3340 2713 3485 2766 ἰδίων
3517 2711 3728 2782 ψυχῶν,
3788 2712 3977 2765 πάντα

2378 2810 2707 2878 πράττοντες
2741 2809 2880 2879 ὑπὲρ
2929 2809 3028 2874 τῆς
3061 2807 3223 2874 δόξης
3251 2805 3344 2858 τοῦ
3374 2803 3644 2874 Χριστοῦ,
3683 2802 3780 2856 καὶ
3818 2803 3977 2866 ὅπως

2374 2900 2496 2971 ἂνή
2532 2903 2609 2963 εἰς
2638 2901 2797 2955 αὑτὸν
2832 2900 3012 2962 πίστις
3046 2899 3180 2968 ὀρθὴ
3217 2899 3308 2952 καὶ
3335 2896 3650 2960 ἁκαταίτιος
3683 2894 3972 2964 κηρύττηο

2375 3012 2463 3047 ται
2506 2993 2803 3064 πανταχοῦ.
2833 2993 3002 3047 Τοῦτο
3030 2993 3139 3062 γάρ
3180 2993 3323 3060 ὑμᾶς
3353 2990 3446 3044 καὶ
3485 2989 3594 3042 τῶν
3626 2987 3764 3057 μετὰ
3801 2985 3971 3041 ,ταῦτα

692 3073 918 3141 ubique
953 3075 1198 3128 locorum
1262 3076 1645 3138 annuntietur.
1687 3077 1822 3130 nihil
1877 3093 1987 3131 non
2041 3086 2267 3132 tentate.

2376 3085 2635 3140 κινδύνων
2666 3084 2986 3150 ἀπαλλάξει.
3015 3084 3109 3136 καὶ
3133 3083 3225 3134 ἑπί
3251 3081 3345 3134 τοῦ
3387 3081 3532 3134 θείου
3568 3080 3812 3149 βήματος
3841 3093 3968 3130 στε-

695 3162 807 3218 Hoc
836 3164 984 3217 enim
1020 3180 1110 3218 vos
1136 3173 1189 3218 et
1210 3182 1238 3218 a
1271 3165 1469 3218 futuris
1499 3165 1759 3234 periculis
1792 3166 2070 3230 liberabit,
2102 3176 2157 3221 et
2181 3183 2273 3224 co-

694 3252 806 3306 ram
841 3253 1026 3307 divino
1049 3255 1307 3308 tribunali
1345 3270 1547 3310 corona
1583 3255 1774 3321 dignos
1801 3256 2016 3318 efﬁciet,
2053 3257 2270 3313 Christo

692 3346 936 3398 omnium
980 3357 1226 3400 nostrum
1273 3348 1556 3403 Salvatore
1604 3359 1830 3417 propter
1876 3359 2112 3404 vestram
2144 3367 2271 3420 erga

695 3437 846 3490 illum
872 3438 1222 3493 dilectionem
1259 3441 1518 3496 laudante
1556 3457 1745 3495 omnes
1781 3454 1837 3495 et
1861 3452 2267 3497 remunerante.

702 3524 913 3580 «Saluta
926 3537 974 3581 te
1006 3529 1238 3582 invicem
1264 3529 1318 3582 in
1334 3531 1525 3583 osculo
1545 3540 1751 3584 sancto.
1770 3532 2019 3586 Salutant
2043 3548 2139 3586 vos
2163 3533 2272 3587 fra-

696 3625 808 3670 tres
831 3619 919 3687 qui
943 3636 1154 3674 mecum
1181 3631 1309 3676 sunt
1329 3624 1393 3677 3‘.
1426 3644 1443 3673 ι
1467 3624 1608 3692 Opto
1630 3639 1724 3678 vos
1745 3625 1798 3677 in
1821 3625 2041 3679 Christo
2063 3627 2263 3688 valere,

696 3707 880 3764 dilecti
909 3720 963 3765 et
992 3711 1442 3769 desideratissimi
1477 3715 1694 3769 fratres.

2370 3176 3349 3248 φάνωνάξιωθῆνσιπαρασκευάσει,
3382 3173 3478 3243 τῆς
3510 3174 3587 3234 εἰς
3619 3171 3779 3223 αὑτὸν
3823 3169 3966 3235 ἀγά-

2371 3287 2475 3340 πης
2501 3269 3004 3335 ἓνεκασύμπαντας
3025 3267 3423 3336 ἀποδεχομένου
3445 3263 3539 3316 τοῦ
3567 3264 3780 3315 πάντων
3802 3258 3962 3330 ἡμῶν

2372 3364 2621 3430 Σωτῆρος
2661 3359 2917 3430 Χριστοῦ.
2961 3381 2977 3410 ι
3034 3357 3378 3413 Ἀσπάσασθε
3413 3355 3675 3424 ἀλλήλους
3708 3355 3763 3404 ὲν
3799 3350 3961 3422 φιλή-

2376 3472 2504 3525 ματι
2541 3455 2697 3522 ἁγίῳ.
2765 3453 3128 3516 Ἀσπάζονται
3167 3454 3310 3524 ὑμᾶς
3356 3452 3405 3503 οἱ
3457 3449 3552 3501 σῦν
3588 3447 3710 3516 ἐμοὶ
3757 3444 3962 3506 πάντες

2374 3545 2607 3611 ἀδελφοί.
2642 3564 2659 3595 ι
2712 3543 3013 3616 Ὲρῤὤσθαι
3052 3545 3196 3613 ὑμᾶς
3230 3543 3287 3595 ὲν
3318 3539 3507 3612 Κυρίῳ
3536 3537 3786 3608 εὔχομαι,
3818 3534 3961 3599 ἀγαο

2377 3629 2541 3704 πητοὶ
2568 3636 2660 3689 καὶ
2687 3637 3073 3689 ποθεινότατοι.

1893 3963 2229 4020 EPISTOLA
2271 3967 2368 4021 XX
2404 3968 2496 4039 (al.
2539 3967 2751 4036 XVIII).

1154 4110 1352 4148 (ςιῐιιιιι
1387 4112 1450 4149 Αἰ)
1479 4110 1686 4150 οιι-ῑιιυιι
1727 4112 2069 4160 ΡΟΡυιυδΙΟιῖΕ
2105 4116 2273 4156 ΛιΕΧΔ

2376 4121 2536 4160 lINUM.
2571 4121 2600 4157 Ε
2641 4119 2817 4159 RIIODO
2842 4120 2976 4158 ANTE
3009 4117 3244 4158 SYNOUli!
3274 4115 3507 4153 SCRIPTA.

1229 4233 1291 4287 Ut
1316 4233 1575 4285 continuis
1603 4233 1840 4303 precibus
1866 4252 1986 4290 suos
2029 4254 2124 4309 pro
2162 4249 2304 4296 recta
2341 4241 2445 4312 ﬁde
2476 4243 2809 4314 periclitante
2847 4245 3065 4294 conatus
3093 4236 3392 4306 adjuvant.

767 4370 1143 4442 Presbyteris,
1191 4370 1469 4435 diaconis,
1531 4373 1843 4444 populoque
1897 4375 2269 4450 Alexandriro

2443 4384 2712 4452 Κύριλλος
2762 4381 3194 4453 πρεσϐυτέροις.
3229 4377 3324 4431 καὶ
3370 4371 3660 4433 διακόνοις.
3711 4367 3800 4421 καὶ
3829 4366 3940 4439 λαῷ

695 4462 913 4517 dilectis
944 4461 1539 4534 desideratissimisque
1573 4463 1809 4534 Cyrillu's
1840 4466 1894 4520 in
1928 4466 2158 4525 Domino
2185 4488 2275 4527 sa-

697 4555 752 4609 lu
763 4564 892 4612 tem.

766 4647 950 4703 Gratia
975 4657 1031 4704 et
1052 4647 1388 4718 benignitate
1411 4647 1615 4704 Christi
1640 4648 1939 4704 Salvatoris
1961 4653 2135 4706 nostri
2160 4669 2276 4708 ma-

695 4753 862 4807 gnum
888 4738 1167 4807 latumque
1193 4742 1416 4808 pelagus
1436 4741 1667 4801 emensi,
1696 4740 1998 4798 incolumes
2024 4744 2278 4801 Rhodum

695 4829 1072 4899 pervenimus,
1105 4846 1169 4884 ea
1206 4840 1491 4885 ventorum
1535 4832 1760 4888 lenitate
1803 4837 2274 4908 prosperitateque

699 4919 804 4981 usi,
841 4928 900 4974 at
934 4928 1102 4974 totam
1147 4921 1294 4976 illam
1332 4923 1735 4994 navigationem
1772 4927 1910 4983 citra
1949 4944 2165 4985 omnem
2199 4932 2274 4986 ti-

699 5027 908 5068 morem
964 5029 1291 5084 omnemque
1345 5016 1472 5071 vitae
1529 5015 1822 5074 discrimen
1879 5024 2272 5093 peregerimus.

698 5103 879 5170 Quare
930 5106 1101 5161 Deum
1159 5107 1560 5178 glorificantes,
1611 5108 1931 5182 debitasque
1975 5115 2274 5186 gratiarum

2388 4475 2812 4544 Ἀλεξανδρείας,
2843 4472 3147 4543 ἀγαπητοῖς
3182 4470 3278 4523 καὶ
3312 4461 3713 4521 ποθεινοτάτοις
3743 4457 3796 4511 ἐν
3827 4457 3944 4510 Κυ.

2377 4565 2479 4636 ρίῳ
2507 4566 2735 4635 χαίρειν.

2446 4659 2642 4727 Χάριτι
2691 4658 2785 4711 καὶ
2833 4653 3209 4725 φιλανθρωπίᾳ
3255 4649 3350 4703 τοῦ
3399 4648 3614 4702 πάντων
3647 4646 3794 4718 ἡμῶν
3823 4645 3937 4698 Σω-

2376 4751 2541 4822 τῆρος
2573 4747 2834 4821 Χριστοῦ,
2875 4747 2936 4800 τὸ
2963 4745 3136 4799 πλατὺ
3168 4743 3263 4798 καὶ
3292 4741 3435 4812 μέγα
3461 4735 3814 4809 διενηξάμεθα
3837 4733 3934 4788 πέ-

2380 4843 2561 4910 λαγος,
2591 4841 2818 4902 ἁπαλοῖς
2845 4855 2902 4891 τε
2934 4839 3028 4892 καὶ
3056 4835 3436 4908 ἡμερωτάτοις
3457 4830 3776 4906 πνεύμασιν.
3801 4825 3935 4880 ὥστε

2379 4935 2502 5004 δίχα
2538 4933 2705 5002 φόϐου
2739 4933 2834 4985 καὶ
2868 4930 3110 4984 κινδύνου
3175 4925 3377 4989 παντὸς
3425 4924 3518 4978 τὸν
3554 4921 3720 4976 πλοῦν
3759 4916 3934 4985 ἐξανύ-

2376 5044 2572 5090 σαντας
2609 5023 2900 5094 ἀφικέσθαι
2943 5025 3022 5086 εἰς
3071 5021 3168 5090 τὴν
3225 5017 3482 5083 Ῥοδίων,
3537 5010 3932 5080 δοξολογοῦντας

2372 5117 2524 5180 Θεὸν,
2552 5117 2648 5171 καὶ
2683 5113 2942 5183 λέγοντας
2971 5110 3110 5184 μετὰ
3138 5109 3240 5179 τῆς
3262 5108 3356 5161 τοῦ
3383 5105 3692 5164 γάλλοντος
3718 5098 3882 5169 φωνῆς
3909 5115 3925 5130 ο

699 5198 945 5252 actiones
965 5198 1144 5254 eidem
1169 5201 1564 5277 persolventcs,
1591 5216 1715 5256 cum
1738 5201 2009 5274 Pr0pheta
2033 5207 2086 5259 in
2112 5207 2273 5263 hasce

2379 5229 2400 5262 ι
2439 5210 2511 5263 Σὺ
2547 5205 2832 5270 δεσπόζεις
2864 5203 2958 5258 τοῦ
2991 5203 3228 5274 κράτους
3257 5199 3355 5269 τῆς
3387 5196 3662 5263 θαλάσσης
3682 5233 3696 5256 ,
3728 5187 3924 5244 καὶτὸν

698 5302 863 5343 voces
885 5291 1238 5360 prorupimus
1265 5310 1278 5346 :
1311 5312 1331 5344 ‹
1360 5293 1441 5348 Tu
1468 5293 1772 5350 dominaris
1793 5297 2049 5366 potestati
2075 5302 2271 5364 maris;

701 5387 910 5435 motum
948 5392 1132 5437 autem
1169 5382 1433 5439 ﬂuctuum
1472 5387 1592 5457 ejus
1631 5394 1689 5441 tu
1731 5387 1947 5459 mitigas
1971 5387 2042 5443 ⁸³.
2084 5409 2102 5441 ›
2135 5390 2274 5458 Quia

773 5516 820 5547 ⁸³
845 5518 1001 5572 Rom.
1026 5535 1136 5584 xw,
1169 5519 1252 5574 16.
1332 5519 1379 5551 ⁸⁸
1411 5522 1548 5608 Psal'
1587 5539 1814 5578 Lxsxvm
1837 5566 1851 5588 ,
1905 5525 1989 5578 10.

2375 5298 2535 5353 σάλον
2567 5296 2677 5349 τῶν
2706 5293 2966 5364 κυμάτων
2993 5292 3163 5361 αὐτῆς
3183 5290 3248 5343 σὺ
3265 5283 3695 5358 καταπραΰνεις.
3720 5298 3737 5332 ι
3755 5279 3920 5332 Ἐπει-

2371 5390 2437 5461 δὴ
2465 5389 2522 5443 δὲ
2553 5385 2620 5460 ἦν
2667 5388 2963 5456 ἀναγκαῖον
3006 5383 3247 5462 άπὸντας
3292 5378 3368 5451 τῷ
3414 5375 3650 5448 σώματι,
3678 5369 3921 5443 παρόντας

1759 5658 1933 5715 Variae
1963 5659 2222 5715 lcetiones
2251 5656 2457 5714 codicis
2486 5653 2849 5728 Seguieriani.

778 5752 795 5778 ε
840 5740 1288 5814 ὓπομνησθὲντες.
1366 5743 1390 5784 ἀ
1419 5745 1574 5800 Θεοῦ.
