4146 6322
229 417 322 472 ἱεὶθ

1643 401 1976 460 EPISTULA
2017 397 2160 453 XXI.

3414 396 3518 451 130

224 533 276 585 δὲ
301 528 378 600 τῷ
409 529 730 597 πνεύματι,
762 526 1198 599 περιπτύξασθαι
1227 523 1314 576 διὰ
1345 521 1438 575 τοῦ
1470 521 1820 592 γράμματος,

1934 531 2059 570 vero
2093 529 2192 584 par
2233 521 2379 574 erat,
2422 521 2482 566 ut
2526 517 2759 582 corp’ore
2810 511 3042 574 absens,
3084 509 3285 580 spiritu
3335 519 3523 566 autem

222 627 292 688 ὼς
319 623 510 686 τέκνα,
560 621 685 673 δεῖν
723 619 912 691 ᾠήθην
951 621 1255 672 ἐπιστεῖλαι
1298 615 1434 677 τέως
1470 612 1642 666 ταῦτα
1673 612 1822 681 ὑμῖν,

223 716 312 770 καὶ
338 714 550 784 ὲναργῆ
584 711 965 782 καταστῆσαι.
1013 708 1265 762 Πιστεύω
1300 707 1433 778 γὰρ,
1467 707 1549 756 ὅτι
1580 701 1826 772 προσθή-

225 825 304 863 σει
330 809 359 860 ὀ
401 806 543 867 Θεὸς
587 805 666 858 τὰ
718 805 900 867 λοιπὰ,
943 803 1038 854 καὶ
1091 799 1178 853 διὰ
1225 799 1326 868 τῆς
1369 797 1627 852 ἁπάντων
1671 794 1827 864 ὑμῶν

224 897 536 971 προσευχῆς
589 895 1111 970 παρακεκλημένος.
1149 891 1370 956 Δείξατε
1405 890 1586 942 τοίνυν
1625 889 1705 950 είς
1736 890 1828 939 τὸν

223 991 466 1062 παρόντα
511 991 767 1059 μάλιστα
807 986 1016 1057 καιρὸν,
1065 985 1141 1049 ὡς
1184 982 1396 1054 καρπὸν
1433 982 1676 1050 ἀγάπης,
1728 977 1828 1041 τὰς

225 1084 361 1154 ὑπὲρ
401 1084 569 1152 ἡμῶν
605 1081 926 1152 προσευχάς
969 1076 1163 1149 (κάγὼ
1207 1075 1318 1145 γὰρ
1364 1074 1522 1127 τοῦτο
1556 1071 1729 1126 ποιῶν
1765 1070 1826 1122 οὐ

223 1171 572 1244 διαλιμπάνω
597 1172 618 1242 )
642 1212 659 1237 ,
689 1171 779 1224 ἴνα
808 1170 971 1223 πάλιν
1013 1170 1043 1222 ὁ
1086 1169 1296 1229 πάντας
1328 1163 1627 1236 συντρίϐων
1672 1161 1828 1215 πολέ-

227 1281 357 1335 μους
380 1266 516 1328 Θεὸς
546 1306 560 1329 ,
589 1268 622 1317 ὁ
658 1264 771 1316 τῶν
802 1263 1085 1332 δυνάμεων
1117 1260 1342 1331 Κύριος,
1372 1258 1722 1327 καταστήσας
1761 1254 1829 1308 τὰ

224 1357 471 1427 μεταξὺ,
531 1356 636 1410 καὶ⁵
689 1357 866 1409 πάντα
914 1354 1109 1425 ῥαΐσας
1158 1353 1398 1422 πόλεμον
1446 1362 1491 1415 ε,
1539 1350 1830 1421 χαίροντας

221 1450 366 1521 ἡμᾶς
403 1451 708 1521 χαίρουσιν
733 1449 808 1512 ὡς
852 1449 1063 1510 τέκνοις
1093 1445 1296 1514 ἀποδῷ.
1325 1445 1510 1498 Πάντα
1537 1444 1645 1513 γὰρ
1678 1439 1831 1496 δυναο

219 1557 331 1605 ται,
361 1545 512 1597 κατὰ
546 1542 614 1594 τὸ
659 1541 1082 1612 γεγραμμένον·
1117 1538 1370 1592 ἀδυνατεῖ
1406 1535 1463 1588 δὲ
1494 1533 1645 1602 αὐτῷ
1692 1550 1829 1586 παν-

220 1635 388 1699 τελῶς
419 1636 606 1688 οὐδὲν.
645 1635 761 1702 Τῆς
791 1633 847 1686 δὲ
877 1633 1005 1703 ὑμῖν
1039 1630 1341 1702 συντρόφου
1380 1627 1473 1681 καὶ
1513 1624 1831 1696 πρεπούσης

220 1725 530 1790 ὶπιεικείας
595 1724 917 1795 ἀντέχεσθε.
970 1723 1143 1776 Τοῦτο
1194 1722 1304 1793 γὰρ
1357 1719 1632 1787 ἀποφανεῖ
1685 1717 1830 1786 ὑμᾶς

223 1818 463 1889 μάλιστα
497 1817 944 1888 δοκιμωτάτους,
979 1815 1029 1869 οἳ
1056 1816 1149 1869 καὶ
1177 1814 1408 1875 ἀπόντος
1437 1812 1530 1864 καὶ
1561 1810 1830 1880 παρόντος

1928 621 2204 679 praesens,
2230 607 2434 661 litteris
2472 621 2568 660 vos
2612 614 2871 676 tanquam
2915 604 3056 659 ﬁlios
3101 605 3521 674 complecterer.

1922 717 2036 754 non
2077 699 2240 769 potui
2291 697 2681 760 intermittere,
2720 697 2854 767 quin
2899 695 3019 750 hac
3065 696 3276 750 interea
3317 697 3384 752 ad
3426 711 3527 752 vos

1927 791 2365 861 perscriberem,
2417 796 2858 860 praesentemque
2899 803 3082 842 rerum
3124 801 3368 842 mearum
3411 797 3523 841 sta-

1929 891 2046 938 tum
2076 883 2235 937 vobis
2263 882 2650 953 patefaceretn.
2679 881 2818 936 Fore
2844 881 2991 936 enim
3024 880 3263 944 conﬁdo,
3286 889 3345 933 ut
3382 882 3528 935 Deus

1928 983 2172 1032 vestrum
2203 974 2448 1028 omnium
2482 973 2742 1043 precibus
2772 980 3124 1042 provocatus,
3155 979 3350 1026 caetera
3384 986 3526 1039 quo-

1931 1085 2058 1139 que,
2083 1083 2206 1137 quas
2231 1067 2534 1121 etiamnum
2568 1066 2782 1135 reliqua
2813 1074 2962 1128 sunt,
2990 1064 3230 1133 adjiciat.
3256 1063 3525 1118 Exhibete

1932 1158 2161 1231 proinde
2185 1158 2288 1212 hoc
2311 1156 2611 1226 praesertim
2639 1165 2886 1225 tempore
2913 1156 3079 1210 veluti
3104 1163 3314 1209 certum
3337 1169 3528 1224 quem—

1931 1252 2054 1306 dam
2093 1250 2409 1307 dilectionis
2446 1250 2711 1312 fructum,
2745 1258 2959 1303 vestras
2999 1263 3095 1318 pro
3134 1247 3296 1304 nobis
3336 1260 3529 1316 preces

1933 1347 2079 1417 (nam
2116 1353 2172 1399 et
2195 1359 2294 1414 ego
2323 1358 2542 1412 quoque
2569 1341 2623 1396 id
2654 1342 2835 1396 facere
2869 1357 2977 1395 non
3005 1339 3244 1410 desino).
3273 1355 3385 1408 quo
3416 1339 3527 1392 vir-

1930 1446 2108 1492 tutum
2142 1436 2430 1499 Dominus,
2469 1436 2562 1505 qui
2596 1451 2760 1490 omne
2801 1434 3007 1489 bellum
3051 1441 3306 1504 potenter
3342 1440 3531 1487 conte-

1931 1532 2005 1587 rit
2036 1529 2106 1595 ⁸³,
2138 1532 2324 1585 omnia
2355 1545 2478 1600 qua:
2506 1530 2638 1584 huic
2667 1543 2847 1584 causa:
2901 1527 3303 1582 intervenerint
3342 1527 3529 1581 suavi-

1931 1631 2014 1676 ter
2041 1636 2397 1690 componens.
2436 1635 2769 1688 omnemque
2805 1627 3187 1688 tempestatem
3220 1629 3274 1673 et
3312 1618 3530 1672 turbam

1930 1714 2207 1784 mitigans,
2235 1713 2343 1783 82
2369 1727 2470 1767 nos
2492 1712 2795 1782 gaudentes
2817 1711 2974 1764 vobis
2995 1710 3386 1780 gaudentibus,
3411 1719 3532 1764 tan-

1931 1821 2094 1877 quam
2119 1806 2267 1870 tiliis,
2287 1806 2468 1859 denuo
2490 1803 2764 1858 restituat.
2780 1802 2976 1858 Omnia
2994 1805 3165 1865 enim,
3185 1814 3244 1857 ut
3260 1803 3530 1872 scriptum

219 1909 312 1964 τοῦ
338 1910 485 1963 κατά
513 1916 743 1981 πνευμα
771 1908 1000 1981 πατρὸς,
1035 1909 1126 1960 τὸν
1153 1905 1349 1974 εὖγενῆ
1375 1906 1471 1958 καὶ
1503 1902 1826 1972 ἁξιὸληπτον

1934 1909 2016 1954 est
2039 1898 2105 1961 “,
2147 1907 2349 1968 potest,
2377 1907 2434 1951 et
2463 1895 2602 1950 nihil
2627 1905 2705 1950 est
2735 1896 2812 1950 illi
2841 1896 3201 1966 impossibile.
3242 1894 3529 1950 llonestati

218 2003 420 2070 τιμᾶτε
466 1999 617 2070 βίον.
669 2019 687 2052 ι
743 1997 1092 2054 Ἀσπάσασθε
1135 1997 1400 2066 ἀλλήλους
1445 1997 1504 2047 ὲν
1554 1991 1821 2064 φιλήματι

220 2091 382 2162 ἁγίῳ.
421 2112 441 2145 ι
499 2092 880 2157 Ἀσπάζονται
919 2092 1064 2163 ὑμᾶς
1091 2090 1141 2142 οἱ
1177 2089 1275 2142 σὺν
1298 2087 1420 2157 ἐμοὶ
1447 2085 1688 2156 ἀδελφοί.
1708 2085 1825 2158 Ἑρ-

223 2184 430 2256 ρῶσθαι
469 2187 627 2255 ὑμᾶς
659 2187 720 2239 ιν
750 2184 945 2257 Κυρίῳ
976 2183 1203 2254 εὔχομαι
1226 2219 1242 2246 ,
1277 2176 1552 2250 ἀγαπητοὶ
1593 2178 1688 2232 καὶ
1721 2193 1822 2230 ποο

222 2271 548 2334 θεινότατοι.

1929 1990 2088 2046 vobis
2123 1989 2401 2061 ingenita,
2436 1999 2744 2056 vestraque
2779 1987 3112 2058 professioni
3148 1996 3532 2042 consentaneae

1931 2083 2124 2138 sedulo
2163 2081 2488 2136 incumbite.
2526 2080 2642 2135 Hoc
2683 2086 2829 2134 enim
2868 2082 3012 2151 apud
3055 2095 3249 2134 omnes
3283 2079 3533 2149 apprime

1932 2174 2348 2230 commendatos
2393 2189 2491 2229 vos
2541 2173 2772 2237 reddet,
2820 2188 3020 2244 nempe
3056 2172 3102 2227 si
3145 2173 3304 2227 Patre
3347 2179 3533 2226 vestro

1934 2266 2208 2337 Spirituali
2259 2275 2373 2321 tum
2415 2266 2666 2330 absente,
2705 2275 2820 2321 tum
2866 2275 3157 2338 praesente,
3199 2264 3530 2319 laudabilem

225 2365 346 2422 vitae
378 2369 660 2423 rationem
692 2366 1000 2422 sectemini.
1048 2384 1066 2417 ι
1097 2365 1342 2422 Salutate
1372 2377 1472 2418 vos
1501 2361 1735 2417 invicem
1771 2359 1826 2414 in
1868 2360 2059 2415 osculo
2093 2368 2284 2416 sancto
2306 2359 2373 2412 ".
2407 2379 2425 2410 ι
2461 2357 2564 2424 Qui
2595 2375 2810 2415 mecum
2877 2368 3008 2414 sunt
3072 2359 3296 2424 fratres,
3325 2375 3422 2414 vos
3447 2373 3535 2410 ra-

226 2459 423 2516 lutant.
459 2461 667 2517 Valere
698 2475 800 2516 vos
823 2460 988 2530 cupio
1016 2460 1071 2515 in
1107 2459 1365 2522 Domino,
1393 2454 1739 2512 dilectissimi
1771 2462 1829 2508 et
1871 2453 2350 2509 desideratissimi.

1459 2769 1798 2826 EPISTOLA
1833 2767 1957 2826 XXI
1999 2770 2092 2842 (al.
2133 2769 2302 2840 XIX).

1737 2924 1803 2962 AD
1831 2923 2056 2964 εοειιιιιι.

1351 3037 1610 3110 Ejusdem
1636 3053 1757 3092 cum
1783 3041 2110 3108 praecedente
2135 3043 2454 3111 argumenti.

305 3185 584 3259 Κύρύιλος
632 3184 1064 3257 πρεσϐυτέροις,
1094 3182 1191 3236 καὶ
1231 3182 1535 3248 διακόνοις,
1584 3186 1680 3238 καὶ
1713 3184 1829 3255 λαῷ

2002 3185 2242 3258 Cyrillus
2265 3186 2626 3259 presbyteris,
2657 3186 2930 3252 diaeonis,
2956 3187 3273 3259 populoque
3305 3189 3542 3247 Alexan-

245 3276 659 3352 ’Δλεξανδρείας
689 3317 705 3341 ,
763 3275 1070 3346 ἀγαπητοῖς
1124 3273 1221 3326 καὶ
1276 3271 1709 3340 ποθεινοτάτοις,
1776 3276 1834 3327 ὲν

235 3373 430 3446 κυρίῳ
460 3373 696 3444 χαίρειν.

303 3465 549 3537 Διοζρῶντί
577 3481 667 3533 μοι
706 3460 870 3516 πάλιν
896 3460 997 3532 τῆς
1026 3461 1182 3534 ὑμῶν
1206 3461 1509 3524 ιπιεικιίας
1537 3459 1639 3532 τὴν
1663 3460 1836 3532 πρόσ-

239 3577 423 3633 ρησιν,
467 3557 683 3612 δέδοται
706 3554 799 3609 τοῦ
822 3555 1054 3625 γράφειν
1080 3556 1270 3627 καιρὸς
1293 3555 1387 3609 καὶ
1420 3553 1604 3617 τόπος.
1640 3553 1836 3626 Ἑσμὲν

234 3650 535 3724 τοιγαροῦν
567 3651 626 3704 ἐν
647 3651 716 3720 τῇ
751 3647 1042 3718 Ἐφεσίων,
1076 3648 1164 3703 διὰ
1184 3648 1284 3713 τὰς
1319 3648 1539 3702 πάντων
1566 3645 1722 3719 ὑμῶν
1745 3647 1836 3699 εὐ·-

237 3743 339 3818 χὰς
355 3746 417 3798 tv
434 3741 713 3814 εὐρωστίᾳ
732 3739 1125 3804 διατελοῦντες,
1157 3741 1252 3794 καὶ
1286 3739 1473 3793 λοιπὸν
1491 3740 1660 3808 ἐγγὺς
1687 3738 1837 3810 ἕχον-

237 3851 328 3900 τις
343 3835 441 3889 τὸν
451 3835 553 3901 τῆς
569 3832 792 3887 συνόδου
809 3831 1372 3902 καιρόν.Πιστεύομεν
1385 3831 1441 3885 δὲ
1457 3834 1539 3886 ὅτι
1552 3831 1789 3903 Χριστὸς
1808 3833 1837 3886 6

240 3929 468 3983 πάντων
521 3927 736 3998 Σωτὴρ,
765 3925 1022 3998 καθαράς
1067 3926 1340 3997 ἀποφανεῖ
1381 3923 1836 3997 διεστραμμένων

239 4020 464 4076 ιννοιῶν
485 4023 586 4084 τάς
615 4018 810 4072 ἑαυτοῦ
842 4018 1192 4088 Ἑκκὶησίας.
1221 4019 1314 4072 καὶ
1349 4018 1449 4088 τὴν
1461 4017 1628 4090 ὀρθὴν
1655 4019 1838 4072 πίστιν

240 4111 694 4180 ἀποκαταστήσει
730 4108 749 4148 ί
789 4109 1122 4180 φανοτάτην·
1168 4107 1310 4162 ὥστε
1346 4110 1554 4172 πάντας
1585 4110 1834 4180 πανταχῆ

241 4203 524 4276 καθαροὺς
558 4203 652 4255 καὶ
685 4200 972 4272 άμὼμικς,
1004 4202 1386 4272 άκαπήλευτον
1413 4201 1634 4272 ἔχοντας
1667 4201 1837 4273 αὐτὴν

239 4299 395 4358 ὁσίας
424 4297 602 4367 αἴρειν
641 4297 830 4366 χεῖρας
864 4297 945 4356 εἰς
982 4294 1326 4364 προσευχὰς,
1359 4296 1536 4347 ἐκεῖνο
1577 4293 1836 4363 λέγοντας

242 4387 303 4442 τδ
319 4387 414 4442 διὰ
449 4387 638 4457 φωνῆς
668 4385 763 4439 τοῦ
794 4384 1070 4456 μακαρίου
1101 4384 1266 4439 Δαὸίδ
1292 4399 1304 4411 ·
1337 4402 1355 4435 ι
1400 4383 1838 4456 Κατευθυνθήτω

243 4480 277 4549 ἡ
325 4479 612 4550 προσευχὴ
658 4495 760 4548 μου
789 4477 1148 4552 ὼς-θυμίαμα
1180 4476 1412 4530 ἐνώπιόν
1445 4493 1539 4530 σου
1563 4493 1576 4506 ⁸
1605 4476 1836 4549 ἔπαρσις

1937 3277 2103 3333 drino
2147 3279 2366 3336 dilectis
2410 3278 3012 3350 desideratissimisque
3065 3279 3121 3334 in
3165 3280 3401 3336 Domino
3447 3298 3538 3337 sa-

1938 3369 2134 3425 lutem.

2008 3462 2353 3519 Desitleranti
2401 3463 2538 3519 mihi
2584 3473 2828 3520 vestram
2875 3463 3314 3521 moderationem
3354 3466 3541 3523 denuo

1937 3556 2306 3623 consalutare,
2348 3567 2568 3628 tempus
2593 3566 2652 3612 et
2684 3557 2840 3612 locus
2879 3557 3225 3613 commodam
3257 3559 3539 3616 scribendi

1937 3649 2283 3704 occasionem
2310 3650 2635 3706 attulerunt.
2666 3651 2772 3706 Per
2794 3649 3042 3704 omnium
3076 3650 3265 3722 itaque
3289 3661 3537 3708 vestrum

1937 3754 2132 3810 preces
2161 3740 2216 3795 in
2245 3740 2614 3811 Ephesiorum
2657 3743 2950 3812 metropoli
2986 3745 3221 3814 agimus,
3249 3745 3539 3802 commoda

1937 3836 2159 3884 utentes
2199 3829 2545 3895 valetudine,
2591 3830 3026 3903 inchoanda-que
3079 3834 3275 3905 synodi
3322 3844 3542 3906 tempus

1938 3921 1996 3976 in
2027 3920 2193 3976 horas
2229 3931 2636 3991 exspectantes.
2670 3922 3016 3979 Conﬁdimus
3047 3935 3256 3991 autem,
3288 3925 3538 3982 omnium

1940 4011 2282 4068 Salvatorem
2331 4012 2617 4068 Christum
2663 4013 2940 4070 Ecclesias
2990 4029 3117 4070 suas
3157 4015 3228 4069 ab
3279 4017 3544 4073 omnibus

1937 4108 2217 4179 perversis
2239 4106 2509 4162 doctrinis
2542 4119 2995 4178 repurgaturum,
3023 4117 3346 4180 rectamque
3373 4109 3539 4167 ﬁdem

1939 4201 2199 4256 omnibus
2235 4200 2413 4271 palam
2446 4198 2756 4265 facturum;
2787 4215 2898 4270 quo
2925 4216 3120 4256 omnes
3147 4201 3354 4272 ubique
3385 4202 3538 4258 loco-

1939 4307 2061 4347 rum
2104 4301 2347 4363 agentes,
2385 4290 2598 4354 mundi,
2639 4291 2906 4362 inculpati
2949 4293 3277 4364 sinceraque
3314 4294 3420 4350 ﬁde
3451 4312 3542 4351 or-

1941 4384 2077 4444 nati,
2102 4399 2269 4454 puras
2294 4399 2492 4439 manus
2515 4383 2582 4439 ad
2606 4400 2802 4455 preces
2826 4386 3010 4440 levare
3027 4384 3097 4450 ⁸⁸,
3124 4385 3371 4457 illudque
3392 4389 3542 4444 beati

1941 4476 2165 4531 Davidis
2188 4476 2374 4531 dicere
2398 4477 2618 4533 valeant
2642 4497 2654 4531 :
2694 4497 2710 4528 ι
2743 4478 3024 4550 Dirigatur
3046 4480 3226 4535 oratio
3250 4496 3371 4536 mea
3397 4482 3542 4538 sicut

242 4548 350 4625 τῶν
377 4548 583 4641 ἀειρῶν
604 4548 736 4640 μου,
770 4548 934 4621 θυσία
963 4569 1248 4640 ἕσπερινὴ.
1287 4588 1304 4620 ι
1348 4570 1705 4641 Περιέρχεται
1724 4548 1831 4639 γὰρ

1945 4569 2232 4624 incensum
2261 4569 2313 4623 in
2342 4579 2639 4642 conspectu
2669 4580 2764 4624 tuo
2789 4589 2801 4623 :
2825 4572 3064 4626 elevatio
3089 4589 3351 4628 manuum
3387 4589 3541 4630 mea-

244 4663 275 4716 ὸ
301 4662 542 4731 πονηρὸς
569 4661 632 4714 τὸ
664 4661 966 4731 ἀκοίμητον
990 4658 1199 4731 θηρίον,
1233 4660 1596 4715 ἐπιδουὶεύων
1624 4664 1692 4732 τῇ
1713 4659 1838 4732 δόξῃ

245 4755 340 4809 τοῦ
384 4755 626 4828 Χριστοῦ
655 4770 668 4784 ’
701 4752 876 4823 ἰσχύει
909 4753 968 4807 δὲ
1011 4753 1144 4818 ὅλως
1166 4754 1342 4818 οὐδὲν,
1371 4755 1646 4826 ἀργοὺσης
1671 4752 1837 4807 αὑτοῦ

245 4848 343 4916 τῆς
399 4846 721 4916 σκαιότητος
748 4887 763 4913 ,
808 4846 903 4898 καὶ
946 4846 1339 4918 άπρακτουσης
1396 4847 1496 4918 τῆς
1546 4845 1835 4916 πονηρίας.

259 4940 638 4997 Ἐπιόουλεύςι
669 4941 776 5012 γὰρ
810 4939 912 4993 οὐκ
942 4939 1216 5012 ἀνθρώπῳ
1244 4939 1408 5010 κοινῷ
1463 4938 1582 4995 οὐδὲ
1613 4938 1694 4992 ἑνὶ
1728 4940 1836 4992 τὼν

248 5033 371 5089 καθ’
396 5034 548 5104 ἡμᾶς
571 5031 759 5096 ἁπλῶς
784 5072 800 5097 ,
844 5033 988 5088 κατὰ
1015 5030 1076 5087 τὸ
1096 5031 1293 5086 δοκοῦν
1317 5036 1431 5096 τοῖς
1459 5032 1602 5097 νέοις
1621 5031 1828 5103 δογμα-

248 5111 465 5190 τισταῖς
491 5164 508 5190 ,
565 5123 704 5179 ma
751 5121 874 5193 Θεῷ
925 5121 1006 5194 τῷ
1063 5123 1243 5178 πάντα
1305 5123 1566 5194 ίσχύοντι.
1618 5122 1830 5177 Οὐκοῦν

249 5215 501 5270 ἀκουέτω
529 5215 685 5287 παρὰ
708 5214 912 5276 παντὸς
936 5215 1260 5283 ἀγαπῶντος
1281 5215 1521 5286 Χριστόν
1547 5232 1559 5244 ·
1602 5232 1621 5264 ι
1653 5214 1830 5285 Σκλη-

253 5312 344 5379 ρον
384 5323 469 5361 σοι
516 5307 579 5360 τὸ
621 5309 760 5378 πρὸς
799 5307 1004 5378 κέντρα
1042 5306 1341 5373 λακτίζειν.
1392 5327 1410 5360 ι
1455 5307 1688 5378 Πλήττει
1721 5307 1833 5378 γάρ

250 5398 446 5454 ἑαυτὸν
482 5401 511 5453 ὁ
554 5398 812 5465 δείλαιος,
850 5398 944 5453 καὶ
990 5397 1127 5470 ὁμοῦ
1158 5402 1269 5464 τοῖς
1306 5400 1452 5464 ἰδίοις
1491 5401 1703 5464 τέκνοις
1734 5417 1831 5454 πε-

319 5575 366 5609 ⁶⁸
401 5578 590 5634 Judith
620 5593 740 5643 ινι,
789 5577 842 5630 5.
921 5575 969 5609 ⁸⁸
1009 5578 1142 5632 Luc.
1185 5595 1223 5642 ι,
1276 5579 1363 5632 37.

1942 4674 2106 4723 rum,
2155 4659 2486 4714 sacriﬁcium
2534 4659 2916 4730 vespertinum.
2952 4659 3018 4714 ⁸³.
3057 4680 3074 4711 ι
3127 4660 3544 4719 Circumcursat

1941 4752 2088 4808 enim
2116 4768 2376 4823 perversa
2403 4754 2494 4808 illa
2524 4753 2872 4824 pervigilque
2898 4753 3096 4818 bestia,
3119 4753 3324 4811 Christi
3353 4757 3542 4828 gloria:

1942 4845 2214 4902 insidians
2255 4863 2268 4899 :
2313 4854 2369 4901 at
2409 4846 2548 4901 nihil
2595 4847 2825 4902 omnino
2867 4855 3073 4918 potest.
3121 4847 3270 4902 inani
3313 4863 3544 4919 prorsus

1941 4954 2204 5011 cassaque
2239 4938 2388 4996 illius
2417 4938 2636 4997 feritate
2671 4948 2728 4996 et
2755 4941 2963 4996 malitia
2994 4951 3373 5010 permanente.
3407 4941 3546 4998 Insi-

1936 5030 2123 5086 diatur
2145 5032 2356 5104 quippe
2378 5048 2500 5088 non
2534 5033 2746 5089 homini
2777 5034 3018 5104 cuipiam
3045 5034 3284 5105 vulgari,
3313 5035 3543 5091 nobisve

1936 5124 2139 5188 simili,
2192 5124 2337 5180 sicut
2393 5127 2486 5181 isti
2545 5141 2818 5182 novorum
2869 5126 3187 5197 dogmatum
3226 5127 3543 5184 inventores

1939 5216 2308 5284 arbitrantur,
2339 5219 2435 5275 sed
2476 5220 2592 5276 Deo
2629 5218 3022 5290 omnipotenti.
3050 5220 3255 5276 Audiat
3302 5219 3471 5292 igitur
3509 5237 3540 5275 a

1939 5308 2139 5379 quovis
2173 5308 2455 5365 Christum
2499 5322 2760 5368 amante:
2805 5333 2821 5362 ι
2851 5311 3060 5367 Durum
3098 5319 3184 5366 est
3220 5312 3316 5367 tibi
3347 5322 3537 5367 contra

1939 5403 2228 5457 stimulum
2255 5404 2549 5460 calcitrare
2572 5404 2641 5458 ⁰⁸.
2672 5425 2690 5457 ι
2723 5404 2874 5460 Ferit
2907 5405 3057 5459 enim
3099 5406 3269 5460 miser
3296 5405 3534 5474 seipsum

1472 5577 1516 5609 "
1555 5579 1715 5636 Rom.
1759 5598 1826 5636 xv

1934 5580 1998 5635 .6.
2075 5578 2122 5611 ³⁸
2149 5579 2331 5635 ιτιω,
2359 5596 2418 5645 ιι,
2455 5580 2508 5636 8.
2575 5581 2620 5614 ⁸³
2653 5580 2797 5637 Psal.
2829 5596 2948 5644 CXL,
2971 5579 3024 5633 2.
3103 5583 3149 5615 ὀ
3174 5581 3294 5636 Act.
3326 5597 3401 5647 ιι,
3437 5581 3491 5637 5.

1317 5745 1489 5800 Varizc
1526 5746 1792 5804 lectiones
1827 5748 2034 5805 codicis
2073 5748 2440 5822 Seguieriani.

328 5878 352 5908 ⁸
375 5864 621 5935 θόρυτον.

709 5873 725 5909 ί
761 5872 930 5926 ἅπασι
960 5889 1097 5928 κατα
1109 5877 1323 5941 πτῆται.
