4116 6318
742 396 842 455 131
1741 396 1797 451 S.
1837 392 2113 452 εῖιιιιιι
2148 394 2620 453 ΑιΕΧΑΝυῐιιΝι
2657 396 2975 452 AftCHlEP.
3948 399 4036 456 ιε

740 525 957 580 unaque
982 524 1109 564 eum
1142 508 1271 564 ﬁliis
1302 508 1418 564 suis
1439 507 1519 563 'ad
1553 507 1837 563 interitum
1874 519 2015 563 ruet.
2055 507 2189 563 Nam
2221 510 2315 579 qui

2424 513 2597 563 σετται
2621 510 2755 581 πρὸς
2780 509 3020 581 ὄλεθρον.
3050 511 3110 564 ϐί
3140 511 3251 579 γὰρ
3274 512 3341 565 τὰ
3366 509 3503 581 ὀρθὰ
3522 510 3631 563 τῶν
3651 508 3862 579 ἁγίων
3913 510 4040 564 Ἐκ

738 613 887 658 recta
910 603 1280 657 Ecelesiarum
1301 602 1552 672 dogmata
1570 609 1910 671 pervertunt,
1924 599 1991 654 de
2011 608 2157 655 sorte
2174 601 2323 655 illius

2421 601 2661 671 κλησιῶν
2680 601 3094 671 διαστρέφοντες
3114 604 3379 673 δόγματα,
3409 604 3506 673 τῆς
3529 604 3747 657 ἐκείνου
3788 602 4039 674 μερίδο

737 702 894 755 sunt,
942 709 1120 763 neque.
1160 694 1255 748 Dei
1288 692 1555 763 judicium
1600 693 1834 746 evadere
1871 699 2119 761 possunt.
2155 690 2322 745 Orate

2426 692 2584 745 εἰσίνο
2630 695 2691 747 οὐ
2716 693 3001 764 φεύξονται
3034 695 3091 748 δὲ
3124 695 3185 749 τὸ
3214 697 3384 765 κρῖμα
3417 696 3510 747 τοῦ
3543 695 3704 749 Θεοῦ.
3760 695 4039 766 Προσεύ

736 785 905 858 igitur
931 802 1030 856 pro
1062 786 1243 848 nobis,
1275 794 1335 839 ut
1359 784 1455 838 Dei
1488 786 1734 838 omnium
1759 784 2059 839 Salvatoris
2093 798 2321 837 munere

2418 785 2579 854 χεσθε
2613 786 2790 839 τοίνυν
2822 786 2966 857 ὑπὲρ
2997 787 3183 857 ἡμῶν,
3224 788 3309 842 ἵνα
3337 789 3365 839 6
3394 786 3530 850 Θεὸς
3567 789 3596 841 6
3628 789 3886 841 πάντων
3935 787 4040 840 In)

735 876 1058 946 gaudentes,
1084 874 1453 945 gaudentibus
1485 875 1684 928 iterum
1716 875 2089 933 restituamur.
2124 872 2320 927 Omnia

2415 875 2560 945 τὴρ.
2601 876 2715 946 δοέη
2766 877 2928 931 πάλιν
2979 878 3233 948 χαίρουσι
3288 878 3579 949 χαίροντας
3631 878 4031 946 ἀποδοθῆναι

734 965 883 1020 enim
926 965 1032 1034 83
1057 974 1265 1033 potest,
1286 974 1341 1018 et
1368 963 1506 1018 nihil
1528 963 1751 1018 omnino
1774 972 1860 1018 est
1895 962 2039 1033 quod
2064 963 2177 1033 ipse
2200 976 2311 1017 non

2415 966 2601 1020 Πάντα
2644 968 2753 1038 γὰρ
2791 969 3049 1032 δύναται,
3086 970 3181 1023 καὶ
3226 970 3476 1023 ἀδυνατεῖ
3508 969 3810 1031 παντελῶς
3870 969 4040 1023 οὐδὲπ

734 1066 920 1125 queat.
956 1076 972 1105 ι
1005 1055 1246 1110 Salutate
1274 1071 1372 1110 vos
1400 1055 1634 1111 invicem
1667 1056 1720 1109 in
1751 1055 1939 1127 osculo
1980 1068 2169 1110 sancto
2193 1055 2257 1107 “.
2285 1073 2303 1105 ι

2413 1058 2582 1129 αὐτῷ.
2619 1077 2638 1110 ι
2684 1060 3025 1115 Ἀσπάσασθε
3054 1061 3317 1132 ἀλλήλους
3356 1065 3414 1116 ὲν
3452 1063 3724 1134 φιλήματι
3762 1062 3966 1132 ἁγίῳ.
4032 1079 4040 1112 l

735 1145 983 1201 Salutant
1038 1162 1171 1211 vos,
1240 1148 1333 1217 qui
1392 1162 1606 1203 mecum
1662 1156 1791 1202 sunt
1850 1147 2067 1202 fratres.
2115 1146 2309 1201 Valere.

2424 1149 2787 1215 Ἀσπάζονται
2819 1154 2963 1224 ὑμᾶς
2992 1156 3040 1206 οἱ
3085 1156 3181 1208 σὺν
3221 1154 3347 1225 ἐμοὶ
3388 1155 3627 1223 ἀδελφοί.
3678 1154 4035 1226 Ἐρῤὦσθα

732 1251 831 1290 vos
877 1236 931 1290 in
976 1237 1207 1292 Domino
1244 1248 1479 1308 exopto,
1520 1237 1705 1293 dilecti
1757 1248 1815 1294 et
1854 1236 2306 1295 desideratissimi

2412 1240 2557 1309 ὑμᾶς
2587 1244 2644 1295 ὲν
2682 1245 2873 1317 Κυρίῳ
2908 1245 3138 1318 εῦχομαι
3164 1286 3180 1313 ,
3217 1246 3490 1316 ἀγαπητοὶ
3519 1247 3613 1301 καὶ
3638 1245 3899 1315 ἀδελφοὶ
3942 1262 4040 1299 πο-

732 1326 951 1381 fratres.

2412 1330 2728 1389 θεινότατοι.
2769 1324 2788 1341 ”

1918 1600 2262 1657 EPISTOLA
2299 1603 2443 1659 xxn
2485 1604 2577 1677 (al.
2619 1606 2761 1677 xx).

1743 1748 1951 1789 JOA‘NNIS
1977 1749 2287 1790 ANTIOCHI?!“
2320 1753 2557 1793 EPISCOPI
2589 1753 2653 1793 ΑἸ)
2680 1754 2957 1795 ιῐϊιιιιιυι.

1171 1863 1323 1931 Quod
1355 1864 1587 1918 nondum
1626 1863 1823 1935 synodo
1859 1865 2085 1934 adfuerit
2114 1866 2317 1920 itineris
2354 1866 2731 1940 longitudinem
2756 1881 2804 1924 et
2832 1868 3191 1941 diﬂicultatem
3218 1884 3487 1931 causatur.

797 2006 1025 2063 Domino
1058 2016 1181 2056 meo
1205 2000 1641 2071 religiosissime,
1671 2001 2125 2071 sanetissimoque
2152 2018 2304 2059 com-

2480 2005 2570 2076 Τῷ
2595 2007 2831 2078 δεσπότῃ
2867 2026 2967 2078 μου
2999 2009 3076 2078 τῷ
3106 2009 3523 2092 θεοφιλεστατῳ,
3558 2011 3654 2065 καὶ
3695 2013 4031 2087 ἁγιωτάτῳ

725 2096 977 2155 ministro
1012 2092 1235 2163 Cyrillo,
1269 2092 1506 2146 Joannes
1535 2091 1587 2143 in
1616 2091 1847 2144 Domino
1876 2093 2125 2146 salutem.

790 2189 910 2244 Non
946 2184 1301 2241 mediocriter
1328 2199 1414 2237 me
1445 2183 1675 2246 cruciat,
1705 2193 2058 2252 posteaquam
2101 2186 2302 2240 sancti-

720 2294 805 2339 tas
831 2294 919 2337 tua
947 2281 1145 2350 Ephesn
1175 2287 1374 2348 praesto
1395 2292 1517 2331 esse
1542 2277 1727 2345 erupit,
1759 2292 1962 2346 paucos
1990 2277 2154 2332 hosce
2181 2279 2301 2334 dies

719 2389 808 2429 me
855 2372 1116 2427 abfuisse.
1160 2369 1377 2424 Etenim
1430 2367 1739 2421 sanctitatis
1789 2383 1893 2421 tuae
1937 2368 2295 2434 desiderium,

719 2466 893 2536 magis
927 2478 1087 2534 quam
1135 2476 1223 2515 res
1262 2461 1397 2529 ipsa.
1439 2468 1498 2512 ut
1542 2459 1647 2511 iter
1688 2458 1793 2512 hoc
1830 2472 1992 2525 quam
2033 2459 2297 2515 citissime

717 2557 999 2611 absolvere
1029 2553 1264 2622 cupiam,
1294 2566 1379 2604 me
1412 2550 1674 2605 stimulat.
1716 2548 1958 2603 Tandem
2007 2566 2137 2621 ergo
2175 2563 2297 2621 post

716 2650 916 2703 multas
950 2646 1255 2701 exantlatas
1286 2644 1500 2697 itineris
1528 2643 1825 2707 molestias,
1850 2643 2156 2697 sanctitatis
2191 2654 2296 2698 tua:

713 2739 973 2810 precibus
1017 2739 1268 2807 adjutus,
1318 2750 1416 2804 pro
1458 2734 1669 2788 foribus
1709 2750 1848 2787 sum.
1894 2736 2029 2788 Nam
2076 2736 2295 2805 triginta

714 2841 859 2887 totos
882 2831 1001 2885 dies
1031 2831 1131 2901 (tot
1156 2829 1300 2883 enim
1334 2826 1494 2896 spatii
1527 2826 1876 2895 intercapedo
1899 2828 2157 2897 postulat)
2190 2828 2295 2880 iter

713 2939 885 2993 usque
933 2922 1095 2985 facio,
1138 2921 1277 2973 nihil
1320 2920 1618 2989 quidquam
1659 2919 1862 2987 quietis
1891 2934 2115 2986 prorsus
2156 2918 2293 2971 mihi

710 3012 1022 3083 indulgens,
1056 3012 1243 3065 multis
1287 3010 1504 3064 interim
1551 3008 1979 3078 religiosissimis
2019 3008 2292 3077 episcopis

710 3105 782 3161 ob
830 3104 1045 3159 itineris
1088 3101 1462 3156 dimcultatem
1530 3100 1769 3170 graviter
1819 3097 2065 3160 afﬂictis,
2112 3114 2289 3167 neque

709 3195 900 3265 paucis
933 3207 1150 3262 quoque
1176 3190 1438 3261 iumentis
1468 3189 1538 3243 ob
1572 3190 1894 3243 continuum
1934 3185 2286 3255 profectionis

710 3287 953 3343 laborem
988 3283 1291 3339 exStinctis.
1330 3282 1411 3337 Tu
1452 3282 1637 3351 igitur,
1679 3280 1920 3343 domine,
1954 3280 2124 3333 Deum
2160 3294 2283 3347 pre-

2409 2096 2809 2169 συλλειτουργῷ
2861 2099 3136 2169 Κυρίλλῳ,
3158 2101 3409 2171 Ἰωάννης
3436 2103 3494 2155 ἐν
3529 2102 3723 2174 Κυρίῳ
3754 2104 4022 2174 χαίρειν.

2475 2188 2609 2241 Οὐδὲ
2646 2189 2743 2258 ἐμὲ
2778 2191 3014 2259 μετρίως
3050 2189 3254 2248 δάκνει.
3299 2190 3358 2243 τὸ
3390 2191 3523 2255 ὅλως
3563 2194 3663 2263 τῆς
3700 2193 4017 2263 ὑμετέρας

2402 2278 2679 2348 ὁσιότητος
2718 2281 2796 2343 εὶς
2833 2282 3064 2348 Ἐ’ρεσον
3109 2282 3596 2352 παραγενομένης,
3638 2283 3743 2348 τὰς
3788 2285 4020 2357 μικρὰς

2401 2368 2604 2429 ταύτας
2640 2368 2935 2437 ὑστερῆσαι
2980 2368 3212 2437 ἡμέρας.
3258 2367 3368 2439 Τῆς
3401 2368 3509 2439 γὰρ
3550 2368 3743 2438 χρείας
3795 2370 3826 2421 6
3868 2370 4016 2440 περὶ

2399 2460 2497 2529 τὴν
2530 2459 2626 2530 σὴν
2657 2459 2964 2530 ἁγιωσύνην
2999 2459 3160 2523 πόθος
3206 2459 3366 2512 πλέον
3400 2477 3490 2529 μοι
3522 2460 3768 2527 ἔγκειται
3798 2461 4013 2513 συντό-

2400 2570 2504 2616 νως
2524 2555 2621 2623 τὴν
2655 2553 2774 2606 ὁδὸν
2800 2554 3077 2617 ἐξανῦσαι.
3112 2554 3241 2621 Εἰμὶ
3271 2553 3400 2622 γοῦν
3426 2554 3518 2607 ἐπὶ
3552 2553 3749 2624 θύραις
3778 2555 4004 2619 λοιπὸν,

2398 2644 2495 2713 τῆς
2544 2646 2641 2715 σῆς
2674 2646 2961 2715 ἁγιότητος
2992 2646 3209 2715 εὐχαῖς,
3264 2648 3432 2699 πολὺν
3483 2644 3725 2709 ὑποστὰς
3754 2646 3853 2701 τδν
3890 2646 4003 2717 τῆς

2394 2737 2701 2807 ὁδοιπορίας
2732 2736 2910 2790 πόνον.
2953 2737 3195 2807 Ἡμέρας
3221 2738 3329 2807 γὰρ
3360 2738 3466 2807 ἔχω
3493 2737 3793 2808 τριάκοντα
3830 2746 3994 2801 (τοσ-

2397 2825 2553 2887 οῦτος
2587 2827 2696 2895 γὰρ
2742 2827 2769 2877 6
2825 2827 3021 2889 κύκλος
3054 2829 3151 2895 τῆς
3185 2827 3304 2881 ὁδοῦ
3348 2828 3499 2898 ἔχει)
3535 2827 3736 2881 ὁδεύων
3758 2868 3773 2893 ,
3824 2828 4000 2882 οὐδα-

2400 2915 2515 2983 μῶς
2547 2916 2654 2967 οὐδ’
2694 2916 2828 2978 ὅλως
2867 2916 3103 2979 ἐνδιδοὺς
3148 2917 3360 2987 ἑαυτῷ,
3408 2918 3563 2971 ἐνίων
3615 2919 3724 2972 τῶν
3770 2920 3993 2981 κυρίων

2392 3006 2501 3058 τῶν
2532 3006 2960 3073 θεοφιλεστὰτων
2996 3010 3329 3073 ἐπισκόπων,
3374 3011 3661 3082 ἀνωμαλίᾳ
3703 3013 3848 3065 κατὰ
3879 3012 3988 3080 τὴν

2392 3097 2511 3150 ὁδὸν
2549 3100 2932 3168 χρησαμένων,
2960 3099 3112 3165 ζώων
3140 3102 3195 3154 δὲ
3226 3101 3437 3154 πολλῶν
3473 3103 3841 3155 πεπτωκότων
3871 3103 3990 3158 ἀπὸ

2389 3185 2487 3252 τῆς
2534 3187 2785 3240 συντόνου
2836 3189 3171 3260 ὁδοιπορίας.
3210 3190 3385 3261 Εὖχου
3419 3187 3535 3250 οὖν,
3570 3192 3805 3246 δέσποτα
3829 3234 3843 3256 ,
3878 3193 3982 3246 καὶ

2388 3277 2589 3340 ταύτας
2614 3280 2712 3341 τὰς
2742 3280 2923 3344 πέντε,
2958 3280 2988 3347 ἢ
3028 3280 3087 3344 ἓξ
3115 3283 3281 3351 μονὰς
3306 3286 3351 3349 ⁸,
3384 3283 3607 3346 ἀλύπως
3640 3286 3785 3353 ἡμᾶς
3814 3283 3975 3337 ὁδεῦ-

708 3379 871 3442 ceris,
914 3377 1162 3437 obsecro,
1198 3384 1256 3429 ut
1303 3375 1466 3429 hosce
1506 3374 1749 3443 quinque
1796 3380 1891 3425 aut
1936 3385 2030 3425 sex
2072 3360 2323 3423 itineris"

2394 3384 2501 3432 σαι,
2533 3369 2625 3421 καὶ
2654 3369 2875 3433 ἀλύπως
2916 3370 3353 3440 περιπτύξασθαι
3393 3374 3492 3444 τὴν
3534 3373 3684 3443 ἱερὰν
3709 3375 3838 3443 ἡμῖν
3873 3372 3971 3425 καὶ

707 3468 826 3525 dies
864 3470 982 3522 sine
1018 3467 1267 3521 molestia
1312 3479 1658 3533 percurrere,
1690 3476 2016 3530 sacrumque
2059 3475 2123 3514 ac
2161 3475 2287 3513 san—

706 3567 855 3616 ctum
902 3566 1054 3610 tuum
1099 3564 1262 3624 caput
1304 3570 1426 3609 cum
1467 3554 1664 3623 gaudio
1699 3553 1859 3607 nobis
1903 3552 2195 3622 complecti
2233 3560 2290 3605 et

704 3647 1011 3703 exosculari
1046 3647 1230 3701 liceat.
1280 3645 1544 3699 Dominus
1584 3660 1739 3700 meus
1777 3645 2033 3707 Joannes,
2062 3644 2284 3708 Paulus,

706 3739 993 3802 Macarius,
1031 3739 1321 3808 caeterique
1359 3737 1454 3806 qui
1499 3736 1641 3805 apud
1689 3751 1777 3790 me
1818 3743 1965 3800 sunt,
1998 3735 2111 3789 Deo
2146 3734 2280 3789 cha-

705 3832 909 3887 rissimi
964 3832 1203 3901 episcopi
1254 3831 1599 3885 sanctitatem
1654 3838 1801 3884 tuam
1856 3830 2113 3883 salutant.
2166 3828 2278 3898 Ego

702 3934 921 3989 quoque
947 3935 1070 3975 cum
1098 3919 1235 3974 meis
1264 3920 1580 3974 domesticis
1608 3921 1917 3974 universam
1945 3934 2066 3988 quae
2095 3929 2275 3971 tecum

2387 3459 2539 3511 ὁσίαν
2576 3460 2841 3530 κεφαλήν.
2883 3462 2946 3513 Οἱ
2986 3461 3115 3531 περὶ
3147 3462 3236 3514 τὸν
3267 3462 3454 3533 κύριόν
3508 3482 3611 3535 μου
3640 3465 3731 3517 τὸν
3782 3464 3971 3531 θεοςςι-

2386 3548 2642 3603 λέστατον
2691 3552 2986 3605 ἐπίσκοπον
3051 3553 3325 3623 Ἰωάννην,
3372 3554 3607 3619 Παῦλον,
3655 3554 3963 3627 Μακάριον,

2386 3641 2856 3711 προσφθέγγονταί
2888 3661 2980 3696 σου
3032 3646 3131 3715 τὴν
3174 3646 3427 3714 ὁσιότητα
3450 3687 3463 3709 ,
3500 3648 3595 3700 καὶ
3629 3648 3807 3699 πᾶσαν
3858 3646 3960 3717 τὴν

2391 3734 2492 3785 σὺν
2525 3735 2608 3793 σοὶ
2633 3734 2989 3805 ἀδελφότητα,
3021 3735 3130 3805 ἐγώ
3154 3754 3211 3789 τε
3244 3738 3338 3790 καὶ
3364 3739 3413 3789 οἱ
3438 3740 3533 3791 σὺν
3556 3739 3698 3809 ἐμοὶ,
3731 3737 3955 3791 πλεῖστα

2388 3828 2889 3898 προσαγορεύομεν.
2923 3829 3304 3900 Ἐρῤωμένως,
3326 3832 3754 3902 ὑπερευχόμενος
3775 3829 3951 3901 ἡμῶν,

2385 3918 2707 3987 διατελοίης,
2740 3921 2975 3974 δέσποτα
3002 3920 3382 3990 θεοφιλέστατε
3416 3924 3512 3975 καὶ
3550 3921 3823 3975 ὁσιώτατε.

701 4021 784 4067 est
815 4012 1212 4069 fraternitatem
1248 4015 1542 4085 plurimum
1577 4016 1775 4092 saluto.
1809 4013 2104 4070 Incolumis
2138 4013 2277 4076 Vale,
2319 4022 2373 4067 et
2430 4031 2530 4083 pro
2594 4016 2752 4070 nobis
2786 4032 2941 4071 orare
2973 4034 3160 4088 perge,
3203 4018 3423 4073 domine
3454 4018 3695 4087 piissime
3730 4031 3789 4071 ac
3817 4030 3946 4072 san-

700 4105 961 4161 ctissime.

1831 4354 1942 4427 84
1970 4352 2303 4410 EPISTOLA
2340 4351 2507 4407 XXIII
2550 4349 2641 4421 (οι.
2684 4347 2858 4416 XXI)-

1543 4505 1752 4547 ονῐιιιιι
1796 4510 1860 4548 ΑΙ)
1890 4510 2125 4557 ΟΕΟΞΒΑΗ
2158 4510 2225 4547 DE
2255 4506 2421 4546 CLEBO
2461 4501 3105 4545 CONSTANTINOPOLITANO.

1123 4623 1188 4678 Ut
1238 4624 1558 4680 Candidiani
1590 4638 1637 4681 et
1678 4629 1905 4684 Nestorii
1944 4630 2217 4683 molimina
2254 4632 2554 4692 irritantur,
2588 4627 2713 4697 quid
2750 4625 2941 4695 Ephesi
2977 4633 3179 4695 gestum
3213 4622 3278 4677 sit
3316 4630 3522 4676 narrat.

766 4758 1001 4831 Cyrillus
1049 4762 1497 4833 archiepiscOpus
1546 4765 2323 4829 Alexandrimis,-Comariol

2445 4762 2711 4834 Κύριλλος
2735 4760 3166 4831 ἀρχιεπίσκοπος
3197 4756 3624 4828 Ἀλεξανδρείας,
3654 4759 3892 4833 Κομαρίῳ

693 4859 749 4906 et
786 4852 1068 4907 Potamoni
1117 4854 1423 4924 episcopis,
1475 4866 1529 4912 et
1578 4857 1800 4913 domino
1839 4860 2107 4915 Dalmatio
2147 4877 2265 4915 mo—

693 4942 1061 4996 nastcriorum
1090 4944 1548 5009 archimandriue,
1570 4956 1627 5002 et
1651 4949 1938 5005 Timotheo
1957 4961 2012 5005 et
2035 4951 2263 5022 Eulogio

2375 4857 2467 4909 mi.
2499 4854 2784 4923 Ποτάμωνι
2843 4850 3251 4924 [Ποταμίωνι],
3312 4851 3667 4916 ἐπισκόποις,
3715 4853 3795 4907 καὶ
3838 4854 3913 4926 τῷ

2372 4946 2767 5019 ἁρχιμανδρίτῃ
2820 4944 2929 4997 τῶν
2975 4944 3371 5015 μοναστηρίων,
3410 4942 3487 5013 τῷ
3512 4944 3681 5015 κυρίῳ
3715 4945 3909 5017 Δαλμα-

693 5032 1049 5103 presbyteris,
1069 5034 1286 5091 dilectis
1305 5053 1367 5091 ac
1385 5038 1878 5106 desideratissimis,
1898 5051 1952 5096 et
1977 5042 2029 5096 in
2047 5043 2265 5097 Christo

2394 5042 2487 5111 'iqi,
2529 5041 2623 5093 καὶ
2651 5037 2916 5109 Τιμοθέῳ,
2949 5038 3043 5088 καὶ
3074 5035 3313 5108 Εὑλογίῳ
3344 5038 3754 5110 πρεσϐυτέροις,
3781 5042 3905 5110 ἀγα..

692 5124 1063 5190 sanetillcatis,
1096 5127 1387 5195 plurimam
1418 5130 1669 5186 salutem.

762 5296 1223 5368 Exspectabamus
1271 5304 1647 5362 honorabilem
1707 5307 2019 5365 Nestorium
2074 5326 2261 5366 acces-

690 5402 903 5455 surum,
944 5406 1008 5447 ac
1035 5395 1355 5462 pmnitentia
1378 5398 1605 5455 ductum
1635 5401 1703 5456 ob
1729 5417 1792 5458 ea
1817 5419 1938 5473 quae
1963 5412 2086 5474 post
2112 5404 2262 5458 ordi-

768 5548 805 5579 "
841 5548 974 5602 Rdm
1005 5593 1015 5602 .
1046 5567 1153 5618 xw,
1204 5556 1283 5609 l6.

2366 5135 2557 5200 πητοῖς
2578 5131 2671 5183 καὶ
2689 5129 3108 5192 ποθεινοτάτοις,
3132 5129 3227 5183 καὶ
3243 5130 3300 5183 ὲν
3320 5129 3541 5201 Χριστῷ
3562 5131 3899 5201 ἡγιασμένοις,

2366 5224 2590 5277 πλεῖστα
2616 5222 2845 5293 χαίρειν.

2434 5313 2855 5384 Προσεδοκῶμεν
2884 5313 3106 5366 ἐλθόντα
3138 5312 3228 5365 τὸν
3266 5313 3444 5384 τίμιον
3486 5314 3773 5386 Νεστόριον,
3813 5333 3897 5385 με·

2360 5402 2633 5473 ταγνῶναι
2682 5406 2764 5474 ἐφ’
2797 5399 2879 5468 οἷς
2928 5404 3363 5476 δεδυσφήμηκεν,
3400 5407 3494 5473 ἀφ’
3529 5401 3589 5461 οὗ
3627 5407 3891 5477 κεχειροτό-

1773 5683 1947 5739 -νειοὶεε
1983 5684 2244 5740 Mctiones
2279 5685 2482 5741 codicis
2515 5684 2871 5755 Seguieriani.

826 5786 1056 5859 ἡμέρας.
