4146 6322
244 380 341 435 133

1610 362 1945 422 EPISTOLA
1989 359 2175 417 XXll‘l‘.

3426 344 3530 401 ισι

244 515 398 571 νηται
418 540 433 564 ,
464 498 559 551 καὶ
592 510 686 562 συγ
700 488 930 562 γνώμην
959 490 1179 559 αἰτῆσαι
1210 486 1360 559 παρά
1380 484 1481 555 τῆς
1517 483 1679 551 ἁγίας
1710 498 1835 534 συν-

1959 478 2220 535 tationem
2268 490 2422 530 suam
2477 471 2800 543 blasphemo
2843 484 2937 523 ore
2990 466 3236 536 protulit,
3278 478 3308 517 a
3344 474 3531 517 sancta

232 589 392 644 ὁδου·
430 592 477 642 εί
505 586 599 642 καὶ
628 586 714 639 ὅτι
746 582 981 654 μάλιστα
1010 578 1186 642 οὕτως
1219 576 1562 631 ἐπικίνδυνον
1585 574 1645 627 τὸ
1674 573 1834 643 χαρί-

248 682 443 737 σασθαι
482 677 818 749 συγγνώμην
861 672 1040 743 αὐτῷ’
1094 672 1155 726 ού
1200 670 1310 741 γὰρ
1352 668 1632 738 ἐνεδέχετο
1677 664 1837 737 ἀνδρὶ

245 774 470 829 τοιαῦτα
495 771 797 844 κηρύξαντι
832 768 1189 837 (πᾶσανδγάρ
1220 762 1503 833 διέστρεψε
1528 760 1627 830 τὴν
1658 761 1837 812 οἰκου-

249 884 437 937 μενην,
488 852 585 918 καὶ
639 862 741 933 τὴν
797 856 1249 931 θρησκευομένην
1312 852 1424 907 τῶν
1495 848 1837 921 Ἐκκλησιῶν

246 957 525 1031 παρέλυσε
571 952 788 1022 πίστιν)
838 947 1172 1020 χαρίσασθαι
1222 942 1577 1014 συγγνώμην.
1626 942 1690 995 Ei
1728 941 1838 1011 γὰρ

248 1050 343 1105 καὶ
373 1049 404 1102 ὁ
438 1050 569 1121 μίαν
616 1045 835 1116 ἀφιέναι
862 1042 1145 1111 δύσφημον
1176 1037 1362 1108 φωνὴν
1392 1036 1672 1106 τολμήσας
1698 1034 1840 1087 κατά

246 1140 358 1195 τῶν
385 1138 797 1195 εὐσεϐεστάτων
830 1134 925 1188 καὶ
955 1131 1316 1202 φιλοχρίστων
1342 1131 1376 1201 ἡ
1387 1128 1504 1199 μῶν
1546 1125 1836 1197 βασιλέων,

248 1230 473 1293 δικαίως
504 1227 771 1297 ὑπομένει
799 1225 897 1289 τάς
927 1226 992 1278 ὲκ
1022 1224 1133 1276 τῶν
1178 1222 1360 1293 νόμων
1388 1221 1799 1289 ἀγανακτήσεις
1823 1255 1838 1279 ,

250 1319 313 1375 οὐ
342 1318 547 1391 μᾶλλον
575 1319 605 1371 ὁ
633 1316 833 1385 ἀσεϐὴς
858 1315 921 1367 τδ
964 1314 1211 1383 σύμπαν,
1258 1315 1286 1365 ὁ
1332 1311 1393 1363 τὸ
1431 1310 1628 1377 εὐαγὲς
1680 1308 1840 1379 ἡμῶν

250 1410 574 1483 ἀνατρέπων
610 1409 927 1478 μυστήριον,
962 1408 1055 1460 καὶ¹
1084 1404 1323 1474 ἀναιρῶν
1353 1402 1453 1473 τὴν
1490 1402 1839 1472 οἰκονομίαν,
1880 1398 1894 1415 ⁸

250 1502 318 1573 ἣν
346 1503 383 1556 ὀ
418 1502 575 1571 ᾶγιος
605 1505 698 1553 καὶ
732 1498 1112 1570 φιλάνθρωπος
1150 1497 1243 1551 τοῦ
1284 1496 1421 1550 Θεοῦ
1465 1493 1678 1565 Πατρδς
1713 1492 1842 1555 Υἱὸς

256 1595 555 1665 μονογενὴς
604 1593 671 1645 δι’
706 1593 855 1663 ἡμᾶς
890 1591 1200 1660 ἐπλήρωσε,
1238 1586 1593 1651 καταξιώσας
1623 1585 1840 1651 ἀνθρω-

255 1686 651 1754 ποςγενὲσῡαι,
686 1684 772 1737 ἵνα
811 1684 1019 1746 πάντας
1049 1683 1197 1753 ἡμᾶς
1231 1681 1403 1752 σώσῃ,
1431 1680 1522 1733 καὶ
1555 1677 1843 1749 ἀπαλλάξῃ

252 1773 348 1849 τὴν
380 1776 472 1828 ὑπ’
497 1774 729 1848 οὐρανὸν
758 1774 1033 1845 ἁμαρτίας
1082 1774 1178 1826 καὶ
1201 1771 1465 1834 θανάτου;
1505 1769 1652 1838 Πλὴν
1681 1768 1844 1820 ἐθαυ-

1939 572 2151 645 synodo
2203 569 2418 623 veniam
2468 566 2774 637 petiturum
2818 580 2829 614 :
2872 572 3184 630 quanquam
3233 555 3400 610 etiam
3455 554 3536 609 sic

1942 667 2178 722 maxime
2206 660 2578 735 periculosum
2616 665 2736 711 erat
2762 655 2978 709 veniam
3013 651 3117 722 ipsi
3149 649 3310 721 dare:
3354 661 3537 716 neque

1941 760 2091 816 enim
2130 754 2476 826 expediebat,
2519 749 2753 809 homini,
2791 747 2886 818 qui
2930 745 3135 799 talibus
3173 739 3539 797 concionibus

1942 866 2162 907 omnem
2209 858 2478 902 terrarum
2520 844 2710 898 orbem
2761 840 3049 912 pervertit,
3098 836 3371 904 iidemque
3413 832 3541 888 reli-

1943 943 2094 1013 giose
2121 940 2189 995 ab
2217 938 2482 993 Ecclesiis
2520 944 2794 991 servatam
2831 940 2887 987 et
2924 931 3125 985 cultam
3165 923 3537 986 labefactavit,

1945 1034 2161 1089 veniam
2229 1032 2553 1085 concedere.
2597 1028 2815 1083 Etenim
2852 1026 2897 1080 si
2941 1025 3054 1086 ille,
3083 1021 3177 1091 qui
3204 1018 3292 1075 vel
3321 1018 3541 1073 unicam

1946 1126 2207 1182 infamem
2249 1139 2438 1178 vocem
2477 1130 2669 1176 contra
2703 1118 2982 1189 piissimos
3008 1110 3540 1169 Christianissimu-

1918 1234 2051 1297 tque
2106 1219 2467 1288 imperatores
2515 1215 2845 1284 depromere
2894 1224 3063 1264 ausus
3108 1206 3295 1269 fuerit,
3342 1200 3543 1257 merito

1944 1314 2126 1382 legum
2191 1311 2622 1381 indignationem
2677 1323 2789 1362 non
2842 1302 3055 1365 evadit,
3103 1307 3310 1371 quanto
3338 1295 3542 1369 iustius

1944 1420 2065 1459 eam
2090 1402 2327 1472 experiri
2361 1418 2460 1471 par
2487 1410 2572 1454 est
2604 1400 2758 1453 illum
2792 1398 3016 1467 penitus
3047 1392 3302 1463 impium,
3327 1388 3424 1460 qui
3450 1402 3541 1444 sa-

1945 1507 2293 1551 crosanctum
2346 1492 2745 1548 incarnationis
2792 1491 3116 1561 mysterium
3163 1493 3437 1547 evertere,
3479 1496 3545 1537 ac

1947 1588 2414 1658 dispensationem
2456 1585 2678 1639 abolere
2719 1590 2951 1638 conatus
2979 1587 3084 1642 est,
3115 1592 3278 1647 quam
3320 1586 3546 1629 sanctus

1947 1688 2003 1735 et
2047 1681 2320 1749 benignus
2368 1679 2465 1732 Dei
2510 1677 2688 1732 Patris
2738 1674 2909 1728 Filius
2951 1668 3269 1741 unigenitus
3319 1674 3548 1736 propter

1950 1787 2051 1825 nos
2089 1770 2357 1839 implevit,
2390 1769 2555 1821 homo
2587 1752 2707 1819 ﬁeri
2740 1781 2849 1818 non
2889 1762 3239 1832 dedignatus,
3270 1768 3328 1812 ut
3355 1768 3547 1811 omnes

257 1868 516 1939 μάσαμεν
568 1868 668 1938 τὴν
706 1865 1141 1936 σκληροκαρδίαν
1187 1864 1282 1917 τοῦ
1334 1862 1548 1931 ἀνδρός.
1608 1862 1685 1913 Od
1736 1860 1845 1931 γὰρ

1959 1877 2049 1915 nos
2076 1861 2259 1915 salvos
2290 1861 2515 1920 faceret,
2544 1856 2923 1925 mundumque
2958 1854 3277 1909 universum
3308 1866 3339 1904 a
3370 1854 3549 1902 morte

258 1961 607 2031 μετενόησεν,
637 1959 757 2012 οὐδὲ
789 1960 1072 2017 ἔκλαυσεν.
1111 1956 1196 2023 ἐφ’
1237 1952 1318 2018 οἷς
1366 1957 1541 2007 εἰπεῖν
1572 1952 1843 2023 ἐτόλμησε

255 2055 395 2106 κατά
429 2050 534 2121 τῆς
559 2050 717 2117 δόξης
740 2048 836 2102 τοῦ
865 2050 1083 2101 πάντων
1107 2047 1264 2117 ἡμῶν
1297 2046 1549 2115 Σωτῆρος
1580 2043 1840 2113 Χριστοῦ.

266 2144 431 2198 Ἀλλά
457 2144 568 2214 γὰρ
602 2143 696 2196 καὶ
728 2142 787 2194 ὲν
829 2140 1040 2208 Ἐφέσω
1069 2136 1479 2209 παραγεγονὼς,
1512 2140 1623 2211 τοῖς
1658 2138 1846 2199 αὐτοῖς

255 2238 525 2307 ἐκέχρητο
551 2235 753 2303 λόγοις,
785 2234 878 2287 καὶ
912 2232 1075 2285 πάλιν
1108 2230 1311 2297 ἔδειξεν
1335 2230 1500 2283 αὑτὸν
1542 2226 1847 2299 φρονοῦντα

256 2329 326 2385 τὰ
351 2328 790 2399 διεστραμμέναο
830 2326 906 2388 ὼς
936 2327 1030 2377 καὶ
1057 2323 1166 2377 τῶν
1196 2324 1488 2393 ἐπισήμων
1520 2320 1850 2392 μητροπολι-

254 2420 361 2476 τῶν
397 2424 491 2476 καὶ
538 2419 973 2473 θεοσεῦεστάτων
1004 2417 1323 2470 ἐπισκόπων
1344 2457 1358 2475 ,
1398 2415 1588 2481 λόγους
1623 2414 1850 2475 δικαίως

257 2510 395 2583 πρὸς
424 2509 588 2565 αὐτὸν
619 2510 933 2569 κινούντων,
980 2502 1099 2561 εἶτα
1134 2506 1530 2575 συγκλειόντιυν
1566 2505 1730 2557 αὐτὸν
1761 2503 1852 2557 διὰ

257 2607 357 2675 τῆς
399 2602 761 2657 θεοπνεύστου
808 2600 1032 2672 Γραφῆς
1056 2641 1072 2665 ν
1121 2600 1215 2653 καὶ
1247 2598 1576 2663 διδαξάντων
1604 2599 1686 2651 ὅτι
1718 2596 1850 2659 Θεός

259 2695 409 2748 ἔστιν
442 2697 471 2748 ὁ
507 2696 573 2747 ἐκ
601 2695 701 2764 τῆς
738 2692 900 2756 ἁγίας
932 2691 1213 2763 Παρθένου
1248 2692 1390 2744 κατὰ
1446 2690 1624 2755 σάρκα
1656 2704 1852 2756 γεννη-

258 2786 393 2851 θεὶς,
430 2786 679 2857 ἀθεμίτῳ
724 2787 874 2855 φωνῇ
903 2785 1272 2856 χρησάμενος,
1313 2782 1452 2854 ἔφη’
1515 2780 1656 2848 Ἐγὼ
1689 2780 1851 2850 διμη-

257 2882 407 2935 ναῖον
430 2879 527 2934 καὶ
548 2882 869 2950 τριμηναῖον
885 2879 1017 2931 Θεὸν
1043 2880 1106 2931 οὐ
1131 2879 1276 2947 λέγω
1300 2894 1314 2907 ·
1342 2876 1437 2930 καὶ
1468 2875 1602 2929 ἄλλα
1625 2874 1682 2927 δὲ
1714 2872 1852 2940 πρὸς

259 2971 475 3035 τούτοις
515 2972 713 3041 ἕτερα,
746 2970 987 3043 ἀναιρῶν
1025 2972 1125 3043 τὴν
1163 2968 1579 3041 ὲνανθρώπησιν
1610 2964 1703 3019 τοῦ
1741 2967 1855 3019 Μο-

260 3078 537 3133 νογενους.

1947 1964 2005 2008 et
2035 1962 2262 2023 peccato
2290 1952 2588 2005 liberaret?
2611 1951 2810 2005 Verum
2844 1946 3115 2017 stupenda
3140 1954 3225 1998 est
3243 1943 3350 1997 viri
3379 1941 3550 2014 hujus

1950 2046 2177 2109 duritia,
2214 2046 2527 2114 mentisque
2575 2043 2894 2097 obstinatio.
2938 2039 3127 2107 Neque
3174 2036 3321 2091 enim
3368 2030 3549 2104 potni-

1950 2140 2078 2203 tuit,
2110 2154 2291 2207 neque
2322 2153 2385 2191 ea
2412 2136 2540 2190 fletu
2577 2135 2762 2195 diluit,
2790 2148 2913 2191 quae
2950 2140 3143 2185 contra
3178 2128 3409 2200 gloriam
3435 2138 3555 2179 om-

1950 2230 2102 2284 nium
2123 2238 2375 2283 nostrum
2402 2225 2700 2281 Salvatoris
2719 2222 2926 2278 Christi
2949 2220 3137 2275 dicere
3160 2232 3329 2271 ausus
3349 2215 3551 2270 fuerat.

1950 2322 2094 2389 Quin
2123 2321 2291 2377 etiam
2321 2335 2445 2374 cum
2474 2318 2721 2372 venisset
2752 2316 3055 2386 Ephesum,
3094 2311 3290 2366 iisdem
3328 2320 3555 2363 rursum

1952 2430 2087 2469 usus
2124 2423 2210 2467 est
2256 2411 2628 2474 sermonibus,
2662 2410 2866 2479 quibus
2905 2414 3068 2470 ante;
3113 2418 3176 2458 ac
3214 2403 3397 2457 denuo
3428 2414 3554 2455 cer-

1952 2517 2068 2561 tum
2099 2504 2359 2558 omnibus
2392 2502 2656 2555 indicium
2691 2500 2841 2561 fecit,
2879 2513 2937 2551 se
2971 2513 2999 2551 a
3028 2509 3287 2566 perversa
3330 2500 3556 2547 senten-

1956 2598 2030 2650 tia
2058 2594 2285 2649 minime
2312 2593 2553 2645 alienum
2590 2606 2731 2645 esse.
2768 2590 2957 2657 Itaque
2994 2602 3118 2641 cum
3150 2584 3375 2654 quidam
3413 2580 3560 2637 cele-

1952 2685 2168 2739 briores
2226 2682 2669 2751 metropolitani,
2721 2678 3071 2750 piissimique
3126 2673 3406 2744 episcopi,
3456 2669 3558 2726 ad-

1958 2794 2153 2834 versus
2179 2792 2304 2830 eum
2335 2774 2695 2845 qumstionem
2732 2769 2932 2824 merito
2969 2772 3277 2827 moverent,
3301 2764 3561 2832 clareque

1959 2888 2029 2927 ex
2082 2871 2269 2925 divina
2318 2868 2604 2936 Scriptura
2657 2863 3054 2918 convincerent
3100 2869 3156 2913 et
3202 2855 3563 2911 ostenderent

1964 2967 2279 3019 Deum-esse
2305 2961 2482 3023 illum,
2506 2974 2669 3027 quem
2695 2964 2882 3011 sancta
2906 2954 3073 3022 Virgo
3103 2948 3405 3006 secundum
3434 2961 3558 3001 car-

1961 3076 2088 3115 nem
2120 3067 2407 3129 genuerat,
2436 3056 2489 3109 in
2520 3056 2661 3108 hanc
2689 3054 3013 3107 sceleratam
3038 3062 3231 3118 vocem
3263 3042 3561 3115 prorupit:

261 3157 377 3231 Ego
416 3159 750 3217 ‘bimestrem
805 3169 862 3213 et
909 3159 1247 3214 trimestrem
1296 3158 1469 3212 Deum
1512 3172 1623 3209 non
1672 3154 1798 3209 dico
1841 3172 1855 3207 :
1896 3156 2100 3224 quibus
2140 3154 2245 3208 alia
2291 3151 2505 3206 addidit
2573 3156 2684 3203 non
2726 3162 2923 3218 pauca,
2985 3142 3265 3215 Unigeniti
3304 3142 3562 3196 incarna-

264 3250 471 3308 tionem
502 3266 533 3304 e
562 3250 746 3304 medio
778 3250 939 3320 plane
972 3251 1190 3305 tollens.

333 3339 557 3393 Δέδοται
593 3338 691 3406 μὲν
716 3318 807 3392 οὖν
830 3341 893 3409 τῇ
929 3338 1059 3409 ἁγίᾳ
1092 3338 1295 3409 συνόδῳ
1324 3337 1636 3409 προθεσμία
1665 3338 1697 3407 ἡ
1733 3336 1856 3404 ἁγία

2039 3332 2116 3387 Ac
2146 3329 2421 3385 terminus
2453 3325 2678 3395 quidem
2708 3322 2818 3393 85
2857 3330 3058 3376 sanctae
3088 3318 3298 3391 synodo
3322 3335 3351 3374 a
3377 3318 3561 3403 piissi-

262 3430 615 3503 Πεντηκοστὴ
639 3448 713 3485 πα
722 3430 789 3502 ρὰ
808 3430 915 3483 τῶν
932 3430 1363 3497 θεοφιλεστάτων
1381 3430 1540 3502 ἡμῶν
1568 3429 1854 3500 βασιλέων.

269 3525 345 3579 Τὸ
361 3525 433 3595 γά
441 3543 473 3595 ρ
494 3524 710 3595 πρῶτον
733 3524 988 3595 γράμμα,
1007 3524 1074 3576 δι’
1098 3519 1160 3579 οὗ
1181 3524 1522 3595 κεκλήμεθα,
1540 3525 1730 3577 τοῦτον
1748 3524 1860 3594 ἔχει

266 3617 361 3674 τὸν
392 3615 589 3670 τύπον.
623 3618 1063 3687 Κατηντήσαμεν
1094 3617 1153 3669 δὲ
1186 3617 1282 3669 ἐπὶ
1317 3617 1418 3688 τὴν
1460 3616 1724 3685 Ἐφεσίων
1762 3614 1862 3668 πό-

267 3712 352 3768 λιν
373 3710 483 3782 πρὸ
505 3711 606 3782 τῆς
633 3709 945 3780 ὁρισθείσης
978 3711 1193 3780 ἡμέρας
1213 3726 1229 3739 ·
1265 3710 1326 3762 οὐ
1349 3711 1457 3781 γὰρ
1488 3706 1555 3781 ἦν
1586 3725 1864 3778 καταφρο-

269 3802 435 3875 νῆσαι
460 3800 800 3855 δεσποτικῶν
830 3800 1235 3870 θεσπισμάτων.
1272 3800 1491 3871 Ἐπειδὴ
1532 3799 1589 3853 δὲ
1622 3799 1865 3868 ἀκηκόα-

270 3915 375 3975 μεν
403 3894 663 3968 ἔρχεσθαι
691 3894 782 3947 τὸν
799 3893 1195 3947 εὐλαϐέστατον
1214 3892 1308 3946 καὶ
1336 3891 1751 3961 θεοφιλέστατον
1766 3890 1866 3960 τῆς

283 3987 608 4056 Ἀντιοχέων
638 3986 937 4038 ἐπίσκοπον
971 3984 1250 4054 Ἰωάννην,
1277 4001 1434 4054 περιε
1445 3985 1711 4054 μείναμεν
1726 3986 1758 4052 ἡ
1769 3984 1865 4052 μέ-

276 4097 377 4153 ρας
398 4079 718 4143 ἑκκαίδεκα,
750 4076 931 4130 καίτοι
959 4075 1143 4146 πάσης
1157 4076 1258 4145 τῆς
1292 4076 1509 4128 συνόδου
1531 4074 1743 4145 βοώσης
1774 4074 1867 4126 καὶ

272 4170 545 4241 λεγούσης
567 4210 582 4231 ,
613 4172 694 4223 ὃτι
727 4172 935 4231 ἐκεῖνος
962 4170 1023 4221 οὐ
1055 4168 1305 4239 βούλεται
1352 4168 1703 4239 συνεδρεῦσαι
1726 4184 1738 4197 ·
1776 4168 1865 4220 δέ·

273 4265 425 4319 δοικε
457 4262 566 4335 γὰρ
601 4262 676 4334 μὴ
700 4263 807 4333 ἄρα
833 4262 1155 4333 καθαίρεσιν
1187 4261 1457 4334 ὑπομείνῃ
1477 4261 1506 4314 ὁ
1538 4260 1867 4331 τιμιώτατος

275 4355 613 4427 Νεστόριος,
650 4353 875 4426 ληφθεὶς
918 4355 982 4407 ὲκ
1032 4357 1129 4425 τῆς
1171 4354 1263 4405 ὑπ’
1302 4355 1465 4407 αὑτὸν
1517 4352 1864 4423 Ἐκκλησίας,

277 4449 377 4504 καὶ
403 4446 538 4511 ἴσως
565 4448 628 4501 τὸ
658 4450 896 4518 πρᾶγμα
924 4448 1259 4518 αἰσχύνεται.
1294 4448 1357 4500 '0
1393 4447 1487 4499 καὶ
1513 4445 1682 4510 ἔδειξε
1712 4447 1805 4499 καὶ
1835 4447 1869 4516 ἠ

279 4544 449 4613 πεῖρα
495 4540 558 4594 τὸ
590 4540 778 4594 λοιπὸν
817 4539 1088 4611 ἀληθινῶς
1111 4556 1125 4568 ·
1157 4538 1457 4609 ὑπερέθετο
1500 4539 1607 4609 γὰρ
1650 4538 1746 4591 τοῦ
1782 4537 1872 4591 ὲλ-

281 4627 419 4684 θεῖν.
465 4627 838 4699 Προλαόόντες
866 4629 978 4701 γάρ
1006 4642 1153 4704 τινες
1182 4628 1291 4681 τῶν
1334 4628 1432 4681 σὺν
1476 4628 1625 4698 αὐτῷ
1655 4627 1874 4682 εὐλαὸεο

1966 3426 2071 3479 mis
2124 3419 2553 3493 imperatoribus
2597 3412 3104 3487 praestitutus'erat
3154 3426 3308 3466 sacra
3362 3412 3566 3468 Pente-

1965 3528 2145 3574 costes
2174 3515 2310 3569 dies.
2356 3513 2556 3568 Prima:
2590 3510 2737 3564 enim
2771 3508 2993 3561 illorum
3036 3505 3235 3581 litteras
3263 3502 3469 3575 quibus
3494 3504 3567 3561 ad

1965 3608 2235 3682 synodum
2284 3605 2676 3666 evocabantur,
2720 3601 2795 3654 ita
2834 3598 3125 3671 jubebant.
3177 3596 3330 3651 Hanc
3377 3606 3567 3653 autem

1965 3703 2331 3773 prmstitutam
2363 3698 2512 3754 diem
2556 3713 2659 3750 nos
2694 3701 2887 3749 nostro
2925 3690 3167 3745 adventu
3199 3688 3254 3743 in
3286 3689 3567 3745 civitatem

1966 3794 2334 3865 Ephesiorum
2376 3790 2804 3850 antevertimus;
2837 3800 3018 3856 neque
3052 3782 3203 3837 enim
3242 3782 3477 3838 decebat
3508 3792 3568 3839 ut

1968 3887 2323 3941 dominorum
2347 3891 2669 3938 nostrorum
2696 3881 2877 3935 edicta
2906 3879 3332 3950 negligeremus.
3361 3875 3571 3931 Verum

1967 3988 2325 4051 posteaquam
2351 3977 2659 4047 piissimum
2687 3971 3274 4043 religiosissimumque
3298 3967 3571 4023 Joannem

1969 4072 2290 4142 episcopum
2340 4067 2751 4123 Antiochenum
2799 4064 3097 4118 adventare
3139 4059 3569 4130 accepissemus,

1973 4159 2155 4214 adhuc
2175 4156 2456 4213 sexdecim
2482 4156 2601 4209 dies
2626 4152 3090 4224 exspectavimus,
3109 4165 3233 4204 cum
3253 4158 3433 4203 tamen
3457 4153 3571 4201 tota

1972 4250 2216 4323 synodus
2247 4250 2596 4311 reclamaret,
2622 4261 2876 4301 asserens
2900 4244 3053 4299 illum
3094 4240 3375 4297 consessui
3404 4240 3573 4294 inter-

1970 4358 2091 4399 esse
2143 4358 2255 4397 non
2301 4341 2465 4405 velle,
2498 4339 2644 4409 quod
2680 4344 2974 4399 metueret,
3019 4350 3090 4389 ne
3130 4333 3270 4388 forte
3308 4345 3575 4387 reveren—

1973 4432 2237 4488 dissimus
2257 4430 2569 4494 Nestorius,
2594 4429 2689 4499 qui
2721 4443 2789 4482 ex
2818 4426 2967 4479 illius
2988 4422 3234 4480 Ecclesia
3259 4425 3577 4489 assumptus

1973 4527 2172 4591 fuerat,
2206 4527 2330 4581 loco
2361 4539 2463 4579 suo
2505 4531 2823 4577 moveretur
2853 4538 2865 4573 :
2903 4533 3027 4589 qua:
3064 4530 3154 4571 res
3195 4514 3300 4584 ipsi
3343 4512 3578 4569 fortasse

1972 4623 2183 4693 justum
2226 4617 2499 4688 pudorem
2536 4616 2829 4671 incuteret.
2872 4610 3047 4678 Quam
3081 4606 3453 4678 suspicionem
3486 4620 3579 4661 ve-

282 4718 500 4775 ατάτων
540 4720 858 4774 ἐπισκόπων
886 4722 952 4773 ἐκ
982 4720 1084 4789 τῆς
1125 4720 1419 4790 Ἀνατολῆς
1457 4720 1665 4791 ἔφησαν
1688 4738 1702 4752 ο
1751 4720 1856 4773 Ἐν-

1982 4728 2096 4767 ram
2119 4710 2421 4774 exstitisse,
2449 4711 2568 4780 ipsa
2589 4718 2778 4779 postea
2800 4701 3141 4775 experientia
3166 4698 3377 4769 liquido
3396 4704 3580 4752 osten-

283 4810 532 4866 ετείλατο
561 4813 691 4882 ἡμῖν
728 4814 757 4866 ὁ
796 4812 986 4883 κύριος
1032 4813 1334 4881 Ἰωάννηςό
1363 4814 1660 4877 ἐπίσκοπος
1700 4814 1878 4866 εἰπεῖν

283 4905 350 4975 τῇ
383 4903 689 4976 ’θεοσεϐείᾳ
724 4903 901 4975 ὑμῶν,
948 4905 1031 4958 ὅτι
1061 4904 1189 4958 Ἐὰν
1224 4905 1497 4976 βραδύνω,
1537 4910 1809 4975 πράττετε
1850 4905 1879 4958 δ

287 4995 584 5067 πράττετε.
618 4995 953 5066 Συναχθείσα
983 4997 1167 5051 τοίνυν
1193 5002 1225 5067 η
1251 4998 1381 5066 ἁγία
1408 4997 1625 5062 σύνοδος
1644 5000 1711 5069 τῇ
1737 4998 1878 5051 κατά

299 5085 675 5159 Ἀλεξανδρεῖς
704 5088 866 5160 ὀγδόῃ
898 5090 994 5143 καὶ
1026 5090 1199 5144 εἰκάδι
1219 5090 1247 5130 h
1282 5088 1376 5161 τοῦ
1409 5089 1584 5143 Παυνὶ
1616 5088 1784 5161 μηνὸς
1820 5091 1878 5142 ὲν

287 5182 355 5253 τῇ
388 5180 602 5253 μεγάλη
653 5180 952 5254 ἐκκλησίᾳ,
1001 5185 1067 5255 τῇ
1120 5182 1431 5254 καλουμένῃ
1486 5182 1619 5253 ἁγίᾳ
1662 5182 1874 5254 Μαρίᾳ,

291 5272 555 5327 δκάλεσεν
572 5273 759 5340 αὐτὸν,
780 5273 1045 5346 πέμψασα
1066 5276 1499 5340 εὐλαϐεστάτους
1519 5274 1876 5340 ἐπισκόπους,

293 5365 431 5421 ὥστε
463 5366 644 5422 ἐλθεῖν
676 5368 983 5433 αὐτὸν,.καὶ
1019 5372 1286 5443 συστῆσαι
1311 5369 1492 5439 ἑαυτῷ
1538 5370 1584 5433 ί,
1612 5368 1707 5422 καὶ
1741 5369 1879 5422 ἀπο-

293 5459 655 5531 λογήσασθαι,
692 5462 820 5534 περὶ
840 5455 917 5516 ὧν
952 5461 1161 5530 ἐδίδαξε
1190 5462 1284 5516 καὶ
1310 5461 1568 5533 ἔγραψεν.
1618 5461 1679 5513 '0
1698 5459 1755 5513 δὲ
1781 5460 1882 5533 τὴν

1976 4807 2093 4871 dit;
2137 4820 2264 4860 nam
2290 4803 2509 4859 distulit
2540 4801 2839 4856 adventum
2867 4811 3051 4852 suum.
3080 4791 3297 4849 Etenim
3326 4786 3578 4844 nonnulli

1977 4920 2046 4960 ex
2095 4896 2460 4956 orientalibus
2510 4890 2642 4962 ejus
2683 4886 2982 4959 episcopis,
3028 4882 3097 4939 ab
3142 4883 3236 4937 illo
3286 4876 3580 4951 premissi,

1979 4998 2097 5051 haec
2120 4990 2522 5047 denuntiarunt
2546 5002 2558 5037 :
2588 4980 2857 5050 Praecepit
2876 4977 3041 5033 nobis
3059 4975 3319 5031 dominus
3341 4973 3582 5029 Joannes

1979 5088 2298 5159 cpiscopus,
2330 5088 2391 5135 ut
2419 5084 2617 5133 vestrae
2644 5073 2837 5144 pietati
2866 5071 3117 5126 dicamus
3138 5060 3154 5120 Ξ
3178 5066 3236 5122 Si
3267 5063 3580 5128 tardavero,

1979 5180 2127 5252 quod
2164 5174 2363 5233 facturi
2406 5172 2560 5233 estis,
2598 5169 2654 5223 id
2692 5165 2929 5223 faciatis.
2962 5163 3164 5218 Sancta
3197 5160 3384 5228 itaque
3415 5169 3584 5227 syno-

1981 5249 2088 5330 dus
2112 5280 2308 5328 octavo
2333 5276 2391 5323 et
2414 5264 2681 5322 vicesimo
2707 5261 2797 5315 die
2820 5256 3029 5313 mensis
3048 5251 3244 5316 Pauni,
3268 5257 3330 5304 ut
3350 5249 3584 5303 Alexan-

1982 5367 2131 5425 drini
2182 5370 2403 5427 vocant,
2450 5360 2507 5414 in
2557 5354 2793 5413 ecclesia
2844 5358 3079 5420 magna,
3104 5360 3227 5417 qua:
3276 5340 3585 5414 appellatur

1986 5461 2185 5517 Sancta
2226 5456 2417 5518 Maria,
2452 5456 2803 5521 congregata,
2843 5443 3028 5499 missis
3071 5436 3405 5512 quibusdam
3449 5433 3584 5489 teli-

300 5523 659 5625 pév'vtpdn'qv
702 5523 998 5629 dridxptow
1040 5523 1363 5627 ἐποιήσατο,
1382 5523 1584 5624 λέγων,
1630 5553 1713 5631 ιιι
1750 5523 1856 5607 Exi

1984 5546 2316 5623 giosissimis
2341 5541 2638 5616 episcopis,
2665 5536 2925 5597 Nestorio
2951 5533 3264 5598 denuntiat,
3290 5536 3352 5585 ut
3374 5523 3563 5582 veniat

1395 5711 1570 5767 Variae
1593 5709 1863 5765 lectiones
1898 5702 2107 5761 codicis
2130 5688 2499 5775 Seguieriani.

363 5829 391 5872 δ
422 5825 651 5894 δεκάτη.
735 5836 750 5865 ι
783 5824 869 5883 ιε’.
905 5793 1094 5881 ἔαυτόν
