4146 6322
615 408 712 462 {ss
1639 401 1695 453 S.
1736 395 2009 452 CYIHLLI
2055 391 2518 448 ALEXANDle
2555 387 2875 448 ARCILIEP.
3176 411 3178 418 ε
3755 382 3860 438 136

607 521 825 590 sibique
858 534 966 573 non
1006 518 1168 582 dcsit,
1203 532 1267 571 ac
1294 517 1362 570 de
1414 516 1480 570 iis
1519 530 1640 584 quae
1679 514 1974 583 scripserat
2003 519 2060 565 et
2089 509 2190 565 do-

2295 523 2494 578 πτομαι
2516 505 2610 560 καὶ
2632 504 2763 576 ὁρῶ.
2795 503 3073 574 Κεκληται
3090 501 3325 572 δευτέρῳ
3353 497 3858 572 παραναγνωστικῷ

609 619 819 672 cuerat,
859 625 1043 664 coram
1092 609 1358 663 rationem
1403 606 1612 660 reddat.
1660 604 1753 658 ille
1797 610 1978 657 autem
2012 600 2187 671 primo

2295 600 2449 669 παρὰ
2491 600 2588 667 τῆς
2633 596 2791 664 ἁγίας
2842 594 3082 658 συνόδου,
3121 592 3280 646 πάλιν
3325 589 3681 662 πεμφθέντων
3722 589 3860 657 πρὸς

611 703 935 774 respondit:
967 700 1365 762 Considerabo,
1397 708 1455 753 et
1499 697 1715 752 videbo.
1756 695 2068 750 Accersitus
2104 701 2190 747 est

2295 690 2458 744 αὐτὸν
2507 685 2944 741 θεοσεδεστάτων
3004 683 3336 738 ἐπισκόπων.
3406 683 3464 735 '0
3517 681 3573 735 δὲ
3625 682 3859 752 πρᾶγμα

607 811 741 866 ergo
795 796 967 849 altera
1016 794 1278 848 citatione
1336 806 1434 860 per
1491 788 1870 843 'sanctissimos
1925 785 2186 856 quosdam

607 888 917 955 episcopos.
959 884 1155 937 iterum
1197 898 1225 935 a
1264 890 1448 936 sancta
1478 877 1683 949 synodo
1713 876 1778 930 ad
1812 892 1937 930 cum
1973 876 2185 929 missos.

609 976 704 1030 llle
732 991 862 1029 vero
902 989 1014 1028 rem
1056 982 1167 1025 tum
1208 970 1482 1026 commisit
1523 968 1681 1038 plane
1720 965 2019 1034 indignam.
2053 963 2187 1016 Nam

609 1069 813 1122 milites
836 1082 865 1120 a
891 1064 1230 1119 Candidiano
1278 1058 1818 1130 magniﬁcentissimo
1854 1057 2054 1110 com-ite
2095 1070 2184 1108 ac-

609 1167 796 1228 ceptos
838 1166 964 1211 ante
1011 1157 1156 1210 aedes
1203 1156 1255 1208 in
1300 1153 1501 1223 quibus
1548 1151 1862 1205 versabatur
1906 1149 2192 1204 collocavit

611 1263 733 1302 cum
773 1246 1010 1300 fustibus
1039 1254 1097 1298 ut
1124 1252 1398 1306 arcerent,
1431 1243 1476 1296 si
1515 1240 1607 1310 qui
1643 1239 1782 1294 forte
1822 1238 1888 1292 ad
1917 1238 2071 1292 illum
2110 1237 2190 1290 in-

611 1338 762 1408 gredi
793 1337 1013 1392 vellent.
1055 1334 1191 1389 Cum
1221 1343 1404 1389 autem
1445 1331 1773 1388 sanctissimi
1799 1329 2064 1400 episcopi,
2096 1329 2190 1398 qui

615 1429 762 1482 missi
797 1428 1034 1489 fuerant,
1066 1433 1501 1496 perseverarent,
1531 1437 1699 1477 unum
1726 1422 1832 1476 hoc
1860 1429 2188 1483 asserentes,

611 1535 670 1575 se
711 1535 819 1574 non
853 1520 1044 1574 adesse
1086 1528 1146 1572 ut
1183 1533 1437 1587 asperum
1474 1516 1752 1586 quidpiam
1795 1514 2063 1572 dicerent,
2103 1514 2190 1567 vel

612 1613 887 1675 audirent,
924 1611 1020 1664 sed
1073 1619 1134 1664 ut
1173 1610 1326 1678 juxta
1381 1616 1582 1663 sanctae
1634 1605 1824 1676 synodi
1874 1604 2190 1658 mandatum

612 1701 790 1772 ipsum
831 1709 1110 1762 vocarent,
1142 1699 1304 1752 variis
1348 1712 1479 1751 usus
1513 1706 1599 1750 est
1632 1692 2095 1753 escusationibus,
2130 1702 2190 1746 ut

2290 779 2457 834 ποιῶν
2487 779 2706 841 ἄτοπον,
2739 775 3076 847 στρατιώτας
3101 773 3281 828 λαϐὼν
3311 771 3461 842 παρά
3496 772 3590 826 τοῦ
3625 769 3860 842 μεγαλο-

2293 869 2674 942 πρεπεστάτου
2742 868 2982 936 κόμητος
3041 862 3424 927 Κανδιδιανοῦ,
3492 862 3688 932 ἔστησε
3750 861 3859 931 πρὸ

2290 961 2387 1031 τῆς
2426 961 2602 1024 οἰκίας
2631 958 2814 1022 αὑτοῦ,
2846 959 2984 1028 μετά
3020 958 3270 1028 ῥοπάλων
3296 955 3558 1010 κωλύωνι
3597 953 3860 1006 εἰσελθεῖν

2288 1070 2412 1106 τινα
2453 1053 2586 1122 πρὸς
2629 1053 2812 1104 αὐτόν.
2873 1051 2958 1112 Ὠς
3007 1049 3063 1102 δὲ
3111 1048 3377 1119 ἐπέμενον
3428 1047 3477 1098 οι
3516 1044 3860 1113 πεμφθέντες

2292 1144 2586 1211 ἁγιώτατοι
2637 1145 2945 1202 ἐπίσκοποι,
2997 1142 3267 1209 λέγοντες,
3307 1141 3389 1193 ὅτι
3428 1139 3590 1192 Οὐδὲν
3623 1135 3861 1208 χαλεπδν

2289 1235 2523 1306 ῆλθομεν
2553 1238 2746 1300 εἰπεῖν,
2782 1235 2813 1306 ἢ
2847 1232 3094 1305 ἀκοῦσαι,
3138 1232 3253 1284 ἀλλ’
3283 1233 3315 1301 ἡ
3348 1231 3477 1298 ἀγία
3505 1230 3717 1290 σύνοδος
3761 1225 3862 1280 a6-

2287 1326 2378 1378 τὸν
2413 1327 2598 1390 καλεῖ,
2637 1327 2912 1397 ἀφορμαῖς
2941 1324 3201 1396 ἐκέχρητο
3235 1322 3532 1392 διαφόροις,
3559 1320 3633 1383 ὡς
3669 1318 3745 1389 μὴ
3774 1316 3863 1371 θέο

2289 1416 2396 1470 λων
2440 1417 2712 1470 ἀνελθεῖν·
2751 1417 3053 1485 ἐπέπληττε
3098 1417 3204 1485 γάρ
3235 1412 3383 1482 αὐτῷ
3430 1411 3459 1452 ιι
3511 1412 3571 1464 τὸ
3602 1408 3856 1473 συνειδός.

2289 1505 2421 1562 Εἶτα
2463 1509 2782 1578 κεχρήμεθα
2815 1510 2908 1562 καὶ
2949 1509 3117 1580 τρίτῳ
3166 1501 3712 1576 παραναγνωστικῷ·
3764 1499 3863 1554 καὶ

2291 1601 2451 1654 πάλιν
2482 1600 2842 1669 πεμφθέντων
2868 1601 3182 1654 ἐπισκόπων
3224 1598 3355 1667 πρὸς
3383 1596 3545 1649 αὑτὸν
3577 1597 3640 1647 ἐκ
3669 1591 3860 1661 διαφόο

2295 1709 2400 1761 ρων
2435 1691 2734 1762 ἐπαρχιῶν,
2768 1692 2928 1745 πάλιν
2955 1695 3020 1762 τῇ
3059 1691 3168 1744 τῶν
3199 1687 3547 1760 στρατιωτῶν
3581 1686 3863 1755 ἐχρήσατο

611 1770 706 1864 qui
747 1793 1080 1847 conscientia
1117 1805 1213 1844 sua
1252 1788 1579 1856 redargutus
1620 1785 1810 1839 venire
1862 1783 2049 1838 nollet.
2095 1782 2187 1838 Usi

2293 1781 2412 1850 βία,
2442 1785 2535 1833 καὶ
2564 1783 2663 1833 οὐκ
2693 1779 2956 1850 ἠθέλησεν
2993 1781 3184 1832 ἐλθεῖν.
3223 1775 3564 1831 Καθεσθεῖσα
3606 1773 3785 1826 τοίνυν
3823 1770 3858 1841 ή

613 1899 805 1938 sumus
836 1882 994 1938 tertia
1033 1880 1231 1935 deinde
1266 1879 1548 1941 citatione,
1587 1891 1651 1930 ac
1684 1876 2026 1930 diversarum
2059 1891 2188 1944 pro-

2292 1873 2424 1938 ἁγία
2448 1873 2682 1936 σύνοδος,
2711 1874 2804 1925 καὶ
2825 1871 3238 1941 ἀκολουθήσασα
3265 1872 3378 1933 τοῖς
3400 1869 3498 1937 τῆς
3532 1864 3860 1935 Ἐκκλησίας

613 1972 915 2027 vinciarum
953 1969 1227 2040 episcopis
1256 1968 1438 2022 denuo
1471 1966 1538 2020 ad
1574 1966 1728 2019 illum
1762 1964 2068 2027 destinatis,
2095 1964 2184 2018 ille

2292 1962 2545 2033 θεσμοῖς,
2592 1961 2686 2015 καὶ
2722 1960 3030 2030 ἀναγνοῦσα
3058 1961 3158 2024 τὰς
3200 1958 3490 2020 ἐπιστολὰς
3517 1955 3681 2010 αὐτοῦ
3706 1995 3722 2021 ,
3764 1952 3861 2008 καὶ

614 2079 808 2120 rursus
831 2062 1067 2116 militum
1092 2058 1408 2114 violentiam
1431 2056 1702 2119 adhibuit,
1724 2069 1900 2124 neque
1924 2054 2186 2110 accedere

2291 2053 2389 2115 τὰς
2418 2053 2743 2124 ἐξηγήσεις.
2788 2053 2881 2106 καὶ
2910 2051 3144 2123 εὑροῦσα
3184 2049 3508 2120 δυσφημιῶν
3550 2048 3720 2109 αὐτὰς
3759 2060 3859 2116 με-

611 2156 804 2210 voluit.
847 2153 982 2208 Cum
1019 2167 1148 2221 ergo
1186 2157 1373 2204 sancta
1416 2147 1656 2218 synodus
1691 2145 2050 2209 Consedisset,
2085 2161 2188 2201 nec

2294 2146 2445 2208 στάς,
2480 2145 2944 2216 μαρτυρησάντων
2974 2144 3031 2196 δὲ
3067 2144 3160 2196 καὶ
3197 2142 3484 2210 ἐπισήμων
3517 2139 3610 2192 καὶ
3641 2135 3862 2190 εὐλαϐε-

613 2261 721 2301 non
750 2243 1142 2301 ecclesiasticis
1168 2239 1545 2296 sanctionibus
1576 2237 1851 2301 insistens,
1890 2236 2038 2290 illius
2073 2236 2190 2306 epi-

615 2337 783 2393 stolas
803 2345 860 2391 et
877 2334 1248 2405 expositiones
1270 2333 1510 2401 legisset,
1529 2331 1806 2400 lectasqne
1831 2329 2187 2401 blasphemiis

615 2425 807 2497 plenas
845 2422 1240 2492 comperisset;
1279 2420 1391 2490 86
1431 2427 1486 2473 et
1529 2417 1750 2487 quidam
1795 2427 2057 2487 prasterea
2104 2418 2187 2472 in-

616 2517 800 2584 signes
845 2512 1185 2593 piissimique
1246 2509 1489 2579 episcopi
1538 2509 1942 2578 metropolitani
2005 2511 2186 2564 testati

616 2614 820 2667 essent,
851 2602 998 2673 quod
1044 2603 1097 2657 in
1144 2603 1260 2672 ipsa
1307 2615 1527 2671 quoque
1565 2598 1932 2668 Ephesiorum
1968 2599 2188 2654 civitate

527 2729 534 2740 ε
617 2710 742 2751 cum
803 2695 936 2764 ipsis
991 2693 1324 2763 disceptans,
1383 2691 1570 2746 Jesum
1634 2689 1806 2744 Deum
1845 2707 1965 2746 esse
1997 2700 2187 2762 aperte

615 2786 940 2842 sententiam
972 2785 1027 2839 in
1055 2785 1207 2839 illum
1232 2783 1480 2854 protulit.

685 2873 825 2943 Quia
856 2889 990 2929 vero
1023 2873 1392 2929 necessarium
1429 2883 1515 2930 est
1550 2883 1614 2930 ut
1644 2874 1819 2944 pietas
1840 2881 2044 2936 vestra,
2074 2875 2193 2930 haec

2293 2240 2502 2293 στάτων
2532 2237 2844 2292 ἐπισκόπων
2895 2234 3324 2307 μητροπολιτῶν,
3370 2233 3453 2287 ὅτι
3504 2233 3562 2285 ὲν
3591 2230 3731 2300 αὐτῇ
3788 2227 3858 2298 τῇ

2306 2328 2590 2397 Ἐφεσίων,
2619 2329 2711 2382 καὶ
2735 2329 2870 2400 πρὸς
2895 2329 3039 2398 ἡμᾶς
3068 2326 3463 2395 διαλεγόμενος,
3495 2321 3681 2392 σαφῶς
3709 2319 3863 2392 εἶρη·

2293 2437 2387 2473 κεν
2407 2421 2488 2473 ὅτι
2512 2421 2611 2473 οὐκ
2640 2420 2754 2473 ἐστι
2784 2419 2917 2482 Θεὸς
2949 2420 2978 2472 6
3020 2416 3248 2488 Ἰησοῦς,
3278 2415 3523 2470 καθεῖλεν
3546 2414 3730 2477 αὐτὸν,
3764 2410 3862 2466 καὶ

2291 2510 2506 2563 δικαίαν
2565 2511 2660 2562 καὶ
2740 2509 2967 2578 ἔννομον
3025 2509 3127 2580 τὴν
3182 2508 3361 2580 ψῆφον
3421 2505 3682 2578 ἐξήνεγκε
3738 2502 3861 2559 κατ’

2294 2600 2479 2655 αὐτοῦ.

2250 2699 2534 2765 negasset,
2578 2691 2755 2763 ipsum
2799 2691 3055 2763 deposuit
3099 2707 3165 2748 ac
3206 2693 3408 2765 justam
3455 2674 3865 2763 legitimumque

2379 2872 2598 2945 Ἐπειδὴ
2634 2872 2690 2926 δὲ
2728 2867 2796 2944 ἦν
2829 2872 3157 2941 ἀναγκαῖον,
3187 2870 3361 2926 ταῦτα
3396 2871 3538 2928 αὐτὰ
3587 2872 3868 2945 μαθοῦσαν

621 2967 738 3036 ipsa
770 2971 1050 3033 comperta
1085 2963 1312 3027 habens,
1339 2963 1463 3018 illos
1492 2979 1712 3035 quoque
1739 2964 1808 3019 de
1839 2963 1927 3019 his
1951 2980 2191 3019 commo-

2295 2965 2394 3036 τὴν
2441 2963 2715 3036 ὑμετέραν
2747 2962 3076 3028 θεοσέϐειαν,
3110 2961 3316 3027 διδάξαι
3353 2961 3447 3026 οὓς
3477 2961 3582 3034 χρὴ
3631 2963 3869 3033 μάλιστα

620 3057 854 3112 nefaciat
887 3070 1026 3126 quos
1059 3070 1124 3110 ea
1160 3055 1396 3111 maxime
1431 3056 1573 3111 seire
1604 3066 1840 3128 oportet,
1867 3072 1937 3112 ne
1963 3058 2048 3112 vel
2075 3059 2191 3129 ipse

2295 3055 2436 3110 αύτά
2468 3054 2678 3125 μαθεῖν,
2708 3053 2795 3106 ἵνα
2826 3054 2903 3124 μὴ
2937 3054 3264 3130 συναρπάζῃ
3305 3054 3338 3125 ἢ
3371 3053 3556 3118 αὐτὸς,
3595 3054 3628 3124 ῆ
3667 3056 3717 3109 οῖ
3767 3073 3866 3109 συ-

619 3147 705 3202 vel
747 3147 838 3201 alii
886 3147 1034 3201 illius
1075 3146 1316 3202 fautores
1361 3147 1605 3204 honestis
1641 3148 1828 3202 verbis
1862 3163 2189 3219 quemquam

2297 3148 2691 3212 σπουδάζοντες
2740 3146 2907 3216 αὐτῷ,
2950 3146 3122 3200 ταῦτα
3180 3148 3494 3215 ἀναγκαίως
3552 3148 3864 3220 μεμήνυκα.

621 3239 954 3309 subripiam,
997 3251 1176 3307 Operae
1222 3237 1459 3308 pretium
1505 3240 1692 3294 censui
1730 3250 1791 3294 ut
1822 3241 1938 3295 haec
1981 3241 2192 3297 indica-

623 3345 760 3386 me.
804 3328 1079 3383 Habemus
1117 3343 1335 3398 quoque
1371 3329 1598 3384 Joannis
1629 3330 1860 3399 piissimi
1893 3332 2192 3405 religiosis-

622 3419 860 3490 sirrique
904 3419 1157 3490 episcopi
1193 3420 1477 3489 epistolam
1525 3421 1593 3476 ad
1639 3437 1766 3476 eum
1813 3424 2192 3493 perscriptam,

624 3527 732 3583 qua
762 3525 893 3566 sane
923 3510 1125 3565 acriter
1158 3509 1311 3564 illum
1351 3509 1620 3582 increpat,
1652 3520 1908 3581 tanquam
1935 3513 2028 3583 qui
2055 3529 2196 3569 nova

623 3610 682 3657 ct
703 3601 869 3671 impia
890 3601 1142 3670 dogmata
1167 3600 1223 3654 in
1247 3600 1520 3658 Ecclesias
1541 3602 1824 3667 invexerit,
1851 3613 2194 3660 sanctorum-

624 3709 730 3764 que
767 3693 1224 3762 evangelistarum
1259 3699 1314 3746 et
1350 3693 1720 3763 apostolorum
1752 3694 2059 3750 doctrinam
2089 3696 2194 3752 Ec-

624 3784 809 3839 clesiis
850 3783 1109 3839 traditam
1150 3791 1381 3862 evertat.
1411 3785 1482 3840 At
1520 3785 1647 3856 quia
1676 3786 1812 3840 nihil
1843 3786 1911 3841 ad
1946 3787 2197 3857 blasphe-

625 3875 860 3931 miarum
904 3891 1126 3931 suarum
1166 3876 1537 3934 defensionem
1581 3877 1777 3932 all‘erre
1815 3886 2016 3948 potest,
2043 3895 2198 3934 noxa:

623 3980 738 4021 sua:
768 3966 1015 4021 velamen
1058 3982 1330 4037 quaerens,
1359 3966 1438 4022 ait
1471 3983 1485 4020 :
1516 3964 1762 4034 Quatuor
1807 3968 2020 4023 dierum
2055 3967 2199 4024 'dila-

623 4057 827 4113 tionem
858 4057 1010 4129 petii,
1041 4057 1218 4114 donec
1245 4059 1458 4114 veniret
1485 4059 1774 4130 episcopus
1799 4059 2195 4126 Antiochenus,

622 4153 680 4202 et
729 4149 1029 4202 noluerunt
1079 4147 1414 4212 concedere,
1463 4163 1589 4202 cum
1635 4155 1816 4204 tamen
1863 4159 2199 4206 memoratus

623 4237 1006 4293 sanctissimus
1050 4239 1340 4310 episcopus
1373 4238 1611 4294 Joannes
1642 4238 1831 4296 venire
1871 4251 2194 4299 recusasset.

621 4327 756 4384 Nam
790 4329 836 4384 si
869 4330 1062 4384 adesse
1095 4330 1375 4394 voluisset,
1401 4345 1659 4400 quorsum
1693 4333 1960 4400 pertinuit
2002 4343 2063 4388 ut
2100 4349 2198 4405 per

625 4435 755 4476 suos
809 4421 1100 4492 episcopos
1159 4420 1490 4492 significaret
1534 4440 1547 4476 :
1592 4421 1647 4477 Si
1698 4424 2017 4489 tardavero,
2077 4441 2197 4496 quae

2245 3232 2262 3255 ‘
2299 3240 2538 3310 Ἔχομεν
2563 3241 2619 3294 δὲ
2644 3243 2734 3295 καὶ
2763 3242 2858 3296 τοῦ
2878 3242 3298 3298 θεοσεσεστάτου
3329 3243 3425 3298 καὶ
3449 3244 3868 3313 θεοφιλεστάτου

2295 3334 2594 3386 ἐπισκόπου
2642 3335 2890 3390 ἰωάννου
2938 3336 3226 3406 επιστολὴν
3274 3340 3578 3409 γραφεῖσαν
3606 3337 3745 3410 πρὸς
3772 3338 3872 3392 αὖ·
3963 3383 3968 3390 .

2293 3425 2382 3476 τὸν
2403 3465 2416 3489 ,
2464 3424 2532 3477 δι’
2564 3419 2631 3495 ἦς
2674 3425 2875 3497 σφόδρα
2920 3425 3072 3497 αὐτῷ
3120 3429 3346 3499 ἐπιτιμᾷ
3368 3467 3384 3491 ,
3417 3427 3492 3488 ὡς
3522 3428 3681 3482 καινὰ
3702 3465 3720 3492 ,
3772 3428 3870 3484 καὶ

2294 3516 2465 3588 ἀσεϐῆ
2521 3517 2765 3586 δόγματα
2807 3520 3167 3587 είσενεγκόντι
3212 3522 3290 3583 είς
3343 3518 3442 3582 τὰς
3503 3517 3866 3585 Ἐκκλησίας,

2295 3613 2390 3663 καὶ
2423 3608 2753 3680 παραλύοντι
2791 3609 2852 3662 τὸ
2877 3610 3136 3681 κήρυγμα
3167 3610 3228 3664 τὸ
3266 3611 3330 3664 ὲκ
3357 3610 3466 3664 τῶν
3502 3611 3673 3679 ἁγίων
3706 3610 3871 3680 εὐαγ-

2295 3697 2558 3768 γελιστῶν
2594 3698 2612 3738 ι
2645 3699 2743 3753 καὶ
2778 3699 3090 3754 ἀποστόλων
3135 3701 3434 3772 παραδοθὲν
3482 3704 3602 3767 ταῖς
3645 3701 3872 3774 Ἰζκκληο

2297 3789 2460 3852 σίαις.
2524 3789 2740 3860 Ἐπειδὴ
2787 3789 2842 3842 δὲ
2885 3789 3034 3843 οὐδὲν
3072 3790 3297 3844 δύναται
3345 3793 3482 3862 πρὸς
3514 3792 3615 3858 τὰς
3664 3791 3866 3847 ἑαυτοῦ

2294 3878 2610 3950 δυσφημίας
2667 3881 2867 3942 είπεῖν,
2921 3883 3318 3953 προφασίζεται
3368 3883 3449 3936 δτι
3508 3885 3868 3958 Παρεκάλεσα

2296 3971 2508 4042 ἡμέρας
2540 3972 2813 4043 τέσσαρας
2857 3972 3223 4044 ὑπερτεθῆναι
3252 3974 3357 4039 ἕως
3395 3975 3463 4029 ἂν
3490 3977 3868 4049 παραγένηται

2295 4061 2324 4115 ὁ
2353 4062 2452 4132 τῆς
2503 4062 2819 4134 Ἀντιοχέων
2863 4065 3182 4131 ἐπίσκοπος,
3222 4067 3318 4120 καὶ
3359 4067 3461 4120 οὐκ
3502 4066 3824 4123 ἑνδείὠκασι
3847 4107 3868 4133 ,

2297 4153 2474 4207 καίτοι
2503 4154 2597 4208 τοῦ
2625 4173 2730 4226 μνη
2741 4155 3090 4226 μονευθέντος
3139 4157 3383 4211 Ἰωάννου
3410 4159 3716 4227 ἀγιωτάτου
3744 4160 3868 4214 επι-

2298 4244 2504 4297 σκόπου
2551 4247 3032 4318 παραιτησαμένου
3073 4247 3172 4319 τὴν
3214 4247 3419 4317 ἄφιξιν.
3464 4249 3526 4303 Et
3566 4248 3674 4321 γὰρ
3706 4248 3868 4322 ῆθελε

2296 4337 2587 4406 παρεῖναι,
2615 4336 2703 4390 διὰ
2734 4338 2786 4390 τί
2820 4340 3058 4409 ἐμήνυσε
3089 4339 3178 4393 διὰ
3208 4339 3318 4392 τῶν
3359 4339 3464 4392 ὑπὸ
3507 4342 3665 4410 χεῖρα
3698 4338 3864 4394 αὑτοῦ

2297 4425 2636 4493 ἐπισκόπων,
2659 4427 2739 4481 ὃτι
2763 4429 2888 4482 Ἐὰν
2917 4429 3183 4501 βραδύνω,
3208 4430 3475 4499 πράττετε
3499 4429 3529 4482 ὃ
3556 4431 3825 4502 πράττετε
3847 4449 3864 4502 ;

624 4509 822 4566 facturi
848 4513 1001 4576 estis,
1035 4511 1227 4566 facite?
1250 4512 1434 4566 Noluit
1463 4513 1632 4576 enim,
1657 4523 1718 4567 ut
1741 4514 1873 4578 dixi,
1905 4517 2190 4582 interesse,

2309 4516 2396 4578 Ὠς
2425 4514 2536 4588 γὰρ
2563 4518 2719 4587 εφην,
2742 4520 2841 4574 οὐκ
2861 4521 3091 4591 ἠθέλησε
3114 4525 3387 4593 παρεῖναι,
3422 4520 3597 4584 εἰδὼς.
3627 4522 3709 4576 ὅτι
3733 4522 3868 4576 πάν·

625 4602 806 4657 sciens
839 4601 954 4656 fore
995 4610 1055 4655 ut
1089 4611 1274 4656 sancta
1313 4603 1552 4673 synodus
1580 4604 1937 4674 depositionis
1975 4618 2192 4664 senten-

624 4692 756 4745 tiam
788 4692 844 4746 in
871 4692 1206 4758 Nestorium,
1234 4694 1328 4764 qui
1367 4695 1631 4750 adversus
1660 4698 1903 4752 omnium
1940 4710 2188 4755 nostrum

626 4780 964 4860 salvatorem
1012 4782 1290 4839 Christum
1336 4785 1502 4855 impia
1553 4786 1976 4860 blasphemaque
2021 4792 2189 4848 verba

625 4875 947 4943 protulerat,
972 4876 1194 4930 omnino
1229 4876 1416 4932 ferret.
1452 4877 1719 4944 Quoniam
1759 4897 1912 4948 vero,
1939 4891 2000 4938 ut
2033 4885 2194 4940 intel-

627 4964 756 5029 lexi,
789 4967 1085 5021 relationes
1120 4983 1149 5021 a
1183 4968 1725 5040 magnificentissimo
1765 4974 1965 5030 comite
1999 4974 2198 5032 Candi-

625 5055 791 5112 diano
833 5056 1025 5113 delata;
1065 5068 1223 5123 sunt,
1269 5062 1414 5115 cauti
1460 5076 1525 5116 ac
1565 5063 1850 5133 vigilantes
1888 5074 2093 5131 estote,
2134 5083 2196 5123 ac

625 5146 837 5212 docete,
855 5150 1280 5205 commentarios
1303 5166 1488 5206 rerum
1508 5153 1563 5207 in
1593 5155 1830 5210 Nestorii
1854 5156 2194 5229 depositione

626 5246 900 5311 gestarum
931 5241 1175 5296 nondum
1202 5241 1438 5311 perfecte
1473 5245 1811 5314 conscriptos
1839 5261 1961 5302 esse
1997 5265 2010 5301 :
2047 5248 2192 5305 unde

625 5345 697 5384 ne
740 5329 804 5383 ad
847 5330 1128 5399 religiosos
1172 5331 1394 5402 quidem
1438 5334 1783 5405 victoresque
1834 5336 2191 5407 imperatOres

626 5429 842 5475 nostros
880 5422 1219 5487 relationem,
1249 5441 1369 5494 quae
1389 5425 1527 5479 mitti
1560 5426 1741 5488 debet,
1769 5426 1950 5483 adhuc
1970 5431 2190 5487 mittere

624 5511 903 5581 potuimus
930 5529 942 5563 :
969 5520 1042 5575 at,
1068 5514 1178 5567 Deo
1202 5514 1340 5569 bene
1369 5516 1599 5579 favente,
1626 5533 1732 5571 una
1755 5533 1876 5573 cum
1907 5536 2190 5578 commen-

2295 4624 2404 4672 τως
2449 4611 2483 4682 ἡ
2518 4608 2645 4678 ἀγία
2692 4610 2908 4675 σύνοδος
2957 4613 3381 4682 καταψηφιεῖται
3426 4613 3722 4684 Νεστορίου
3763 4613 3866 4685 τὴν

2296 4699 2638 4772 καθαίρεσιν,
2671 4701 2746 4766 ὡς
2768 4703 2940 4773 ἀσεϐῆ
2968 4705 3062 4757 καὶ
3087 4705 3347 4775 δύσφημα
3376 4703 3708 4774 λαλήσαντος
3723 4706 3865 4760 κατά

2295 4791 2388 4846 τοῦ
2425 4793 2644 4846 πάντων
2681 4795 2838 4863 ἡμῶν
2872 4795 3125 4866 Σωτῆρος
3157 4796 3415 4866 Χριστοῦ.
3465 4795 3618 4850 Ἐπεὶ
3641 4793 3756 4865 οῦν,
3788 4799 3864 4866 ὡς

2296 4883 2520 4955 ἔμαθον,
2555 4885 2927 4956 ἁνηνέχθησαν
2971 4889 3240 4959 ἀναφοραὶ
3288 4888 3438 4961 παρὰ
3486 4888 3581 4942 τοῦ
3632 4892 3864 4959 μεγαλο-

2297 4978 2675 5048 πρεπεστάτου
2701 4979 2942 5050 κόμητος
2971 4979 3348 5044 Κανδιδιανοῦ,
3365 4982 3571 5053 νήψατε
3592 4984 3866 5040 διδάσκον-

2296 5082 2416 5130 τες,
2448 5067 2529 5120 ὃτι
2567 5065 2719 5120 οὔπω
2751 5067 2819 5121 τὰ
2845 5070 3212 5140 ὑπομνήματα
3232 5111 3246 5134 ,
3275 5070 3344 5125 τά
3372 5074 3739 5144 πεπραγμένα
3768 5074 3863 5129 ιπι

2295 5159 2361 5226 τῇ
2395 5156 2711 5227 καθαιρέσει
2740 5159 2902 5213 αὐτοῦ
2926 5201 2940 5225 ,
2978 5160 3368 5234 ἐτελειώθησαν
3404 5165 3461 5217 εν
3490 5166 3716 5235 χάρταις
3739 5181 3753 5196 ·
3783 5164 3864 5219 διὸ

2295 5248 2396 5301 οὐκ
2437 5248 2800 5320 ἠδυνήθημεν,
2850 5249 2976 5304 οὔτε
3024 5251 3119 5323 τὴν
3157 5255 3433 5326 ἀναφορὰν
3483 5257 3732 5327 πέμψαι,
3763 5257 3863 5329 τὴν

2298 5339 2615 5409 ὀφείλουσαν
2645 5343 2956 5412 πεμφθῆναι
2984 5345 3118 5415 πρὸς
3146 5349 3269 5411 τοὺς
3293 5348 3530 5412 εὐσεϐεῖς
3583 5349 3675 5403 καὶ
3711 5368 3865 5422 νικη-

2297 5433 2394 5494 τάς
2418 5435 2573 5502 ἡμῶν
2605 5434 2842 5503 βασιλεῖς
2868 5451 2879 5462 ·
2917 5437 3012 5489 σὺν
3037 5438 3153 5508 Θεῷ
3180 5440 3236 5492 δὲ
3261 5442 3454 5507 εἰπεῖν,
3489 5442 3863 5513 καταλήψεται

2297 5525 2328 5596 ἡ
2377 5525 2626 5598 ἀναφορὰ
2653 5526 2790 5597 μετά
2835 5527 2940 5581 τῶν
2970 5529 3391 5604 ὑπομνημάτων,
3431 5534 3496 5587 ἂν
3541 5537 3680 5596 τέως
3727 5535 3861 5606 ἡμῖν

1708 5683 1881 5739 Varia:
1901 5686 2164 5746 lectiones
2185 5689 2389 5747 codicis
2411 5691 2768 5764 Seguieriani.

672 5787 683 5836 ἱ
733 5790 1047 5848 κωλύονται,
1124 5794 1148 5832 ι
1191 5793 1367 5847 αὐτόν.
1455 5794 1792 5862 ιηατέρων.
