4116 6318
676 394 701 449 ι
710 389 778 445 3-9

1638 371 1694 429 S.
1734 363 2008 425 CYRILU
2048 351 2519 417 ALEXANDle
2554 352 2875 410 ARCHIEP.

3900 344 4034 400 ιω

677 506 730 563 id
758 502 860 561 usu
887 500 1073 559 venire
1107 496 1414 559 videamus,
1459 505 1585 547 cum
1622 489 1789 545 etiam
1813 483 2059 557 vulgaria
2089 489 2143 536 et
2175 483 2264 535 in.

2385 480 2458 532 ίτε
2485 477 2580 531 καὶ
2607 476 2675 529 τά
2705 472 2883 537 κοινά,
2915 468 3010 524 καὶ
3034 468 3102 523 τά
3138 466 3399 532 κάτωθεν,
3426 465 3524 523 καὶ
3550 464 3870 539 μερίμνης
3909 465 4034 534 γι-

673 597 879 654 feriora
904 607 1016 650 non
1040 591 1160 646 sine
1184 588 1373 643 labore
1396 582 1657 653 cuipiam,
1698 594 1802 635 nee
1822 577 1962 633 citra
1988 571 2266 629 molestias

672 701 732 748 et
752 702 918 746 curas
940 684 1226 754 obtingere
1256 674 1761 749 deprehendantur.
1776 671 1979 725 Verum
2006 668 2152 721 inter
2168 665 2270 719 hos

677 782 893 840 labores
922 778 1107 834 dicere
1139 772 1465 829 didicimus:
1499 788 1517 818 ι
1542 765 1787 822 Viriliter
1818 778 1937 834 age,
1959 771 2017 817 et
2048 758 2266 815 confor-

676 884 829 929 tetur
881 885 977 926 cor
1026 874 1216 928 tuum,
1266 872 1324 918 et
1374 858 1584 916 sustine
1624 855 2052 912 Dominum".i
2106 849 2270 905 Certo

630 1000 631 1003 η
678 978 918 1035 namque
951 971 1276 1032 persuasum
1318 953 1586 1008 habemus
1623 956 1856 1004 conatus
1898 945 1964 1001 ad
2008 944 2271 1000 virtutem

678 1058 994 1128 spectantes
1043 1048 1341 1121 gloriosum
1392 1044 1634 1098 fructum
1689 1038 2024 1104 sortituros,
2059 1048 2272 1104 nosque

680 1144 945 1218 spiritalis
978 1137 1321 1196 fortitudinis
1346 1149 1571 1201 munus,
1606 1131 1923 1189 mercedem
1958 1146 2081 1202 quae
2109 1145 2140 1183 a
2160 1128 2273 1183 Deo

681 1239 967 1303 redditur,
1000 1242 1334 1308 reperturos.
1396 1226 1633 1286 Proinde
1667 1225 2100 1298 impurissimam
2126 1221 2275 1277 illam

684 1332 962 1394 haeresim,
983 1344 1105 1400 quae
1121 1336 1313 1382 contra
1329 1332 1505 1379 totum
1527 1329 1805 1378 terrarum
1822 1318 2016 1374 orbem
2030 1331 2150 1372 sese
2162 1319 2276 1387 jam

682 1424 948 1483 extollere
979 1426 1312 1484 tentaverat,
1348 1429 1635 1485 cornuque
1664 1413 1721 1467 in
1748 1412 1920 1467 altum
1944 1418 2132 1467 erecto
2165 1406 2275 1461 ini-

684 1515 954 1588 quitatem
973 1496 1165 1567 contra
1177 1509 1347 1564 Deum
1370 1500 1902 1576 loquebatur”,ipse
1928 1499 2073 1553 Deus
2083 1495 2276 1551 demo-

686 1586 821 1665 litus
848 1613 1015 1670 est,et
1038 1603 1192 1659 velut
1216 1600 1487 1655 ﬂammam
1507 1596 1823 1668 quampiam
1843 1598 1993 1647 recta
2015 1586 2278 1644 Ecclesiae

688 1701 947 1773 dogmata
974 1697 1269 1768 depascere
1317 1691 1618 1754 volentem,
1647 1684 1995 1757 unigenitum
2016 1681 2113 1737 Dei
2137 1680 2275 1735 Ver-

688 1795 825 1852 bum
851 1790 1144 1855 exstinxit;
1172 1789 1349 1858 ipsum
1372 1784 1524 1839 illius
1547 1784 1891 1838 inventorem
1913 1785 1969 1833 et
1992 1785 2275 1831 auctorem

689 1893 1024 1957 prostratum
1040 1887 1493 1949 enervatumque,
1514 1892 1610 1947 per
1626 1882 1829 1931 sanctae
1843 1868 2037 1943 synodi
2052 1875 2276 1923 senten—
2311 1848 2353 1905 Β

684 1978 823 2035 tiam
851 1992 882 2031 a
908 1973 1215 2030 sacerdotio
1249 1984 1543 2026 semoveris
1566 1986 1579 2021 :
1605 1967 1791 2037 itaque
1812 1962 1923 2019 laeti
1953 1963 2066 2034 jam
2091 1959 2277 2015 dicere

687 2082 980 2141 possumus
1005 2084 1016 2119 :
1048 2084 1066 2115 ι
1094 2061 1460 2134 Magniﬁcavit
1479 2057 1746 2113 Dominus
1767 2054 1947 2110 facere
1966 2050 2276 2114 nobiscum,

689 2139 819 2217 iacti
843 2174 1034 2215 sumus
1063 2158 1315 2211 lattantes
1329 2154 1399 2206 ".
1423 2172 1441 2204 ι
1472 2149 1761 2206 Gaudeant
1780 2146 1930 2202 enim
1955 2142 2153 2199 merito
2178 2139 2281 2196 do-

691 2260 875 2308 ctores
923 2266 987 2307 ac
1043 2247 1233 2321 populi
1275 2245 1465 2307 duces,
1500 2244 1664 2299 ﬁdem
1690 2249 1898 2296 rectam
1932 2252 2054 2294 esse
2078 2233 2281 2291 conﬁr-

694 2353 895 2399 matam
921 2383 939 2409 ,
995 2351 1051 2397 et
1094 2340 1299 2411 ubique
1347 2336 1613 2393 celebrari
1660 2332 1907 2388 omnium
1944 2329 2283 2385 Salvatorem

693 2444 749 2491 et
801 2434 972 2489 Deum
993 2475 1007 2496 ,
1058 2432 1255 2488 Satana
1271 2432 1382 2501 jam
1411 2440 1750 2497 compresso,
1778 2438 1841 2479 ac
1863 2419 2139 2477 scandalis
2161 2432 2284 2489 quae

696 2526 1071 2582 concitaverat
1117 2522 1370 2586 sublatis,
1415 2518 1774 2587 veritatisque
1806 2512 2154 2585 dogmatibus
2170 2509 2286 2580 .ad-

698 2634 891 2675 versus
931 2615 1278 2672 mendacium
1318 2612 1551 2668 victoria
1582 2609 1792 2681 potitis,
1832 2608 1905 2662 ita
1931 2614 1993 2661 ut
2021 2606 2131 2676 jam
2162 2618 2283 2659 om-

698 2702 803 2765 nes
834 2723 946 2763 uno
972 2723 1067 2762 ore
1097 2715 1153 2762 et
1176 2721 1283 2760 una
1302 2719 1436 2759 voce
1457 2703 1709 2758 dicamus
1731 2720 1743 2755 :
1778 2720 1795 2751 ι
1818 2701 1972 2757 Unus
1997 2696 2282 2763 Dominus,

702 2818 811 2857 una
854 2800 1017 2864 ﬁdes,
1076 2813 1244 2852 unum
1295 2795 1679 2867 baptisma’h
1721 2792 1846 2848 Haec
1867 2791 2091 2862 quidem
2123 2789 2289 2844 etiam

700 2909 849 2950 nunc
887 2903 1145 2962 tanquam
1172 2889 1298 2945 ﬁliis
1324 2887 1631 2960 perscribo,
1668 2884 2014 2941 admirabilia
2046 2881 2293 2937 Salvato-

700 2990 777 3045 ris
822 2989 993 3044 nostri
1035 3001 1202 3057 opera
1229 3000 1543 3049 recensens,
1574 2992 1634 3038 ut
1662 2981 1991 3054 prolixiores
2023 2978 2089 3033 ad
2116 2978 2289 3033 Deum

704 3097 898 3154 preces
942 3080 1220 3142 fundatis.
1275 3094 1387 3150 quo
1440 3078 1535 3133 illo
1576 3076 1798 3132 tandem
1847 3074 2146 3148 aspirante,
2199 3072 2289 3125 in-

2373 588 2486 644 μει,
2518 570 2613 625 καὶ
2635 566 2723 622 διὰ
2757 565 2936 619 πόνων
2963 560 3204 634 ἔρχεται.
3244 559 3405 614 Ἀλλὰ
3442 560 3539 614 καὶ
3569 559 3627 613 ὲν
3664 557 3759 631 τῷ
3794 556 4034 611 πονεῖν

2370 661 2728 734 δεδιδάγμεθα
2759 659 2939 728 λέγειν
2962 672 2978 691 ο
3008 675 3028 709 ι
3084 654 3359 727 ’Δνδρίζου
3379 694 3394 719 ,
3440 654 3536 707 καὶ
3571 650 3884 725 κραταιοῦ
3896 649 4034 704 σθω

2371 759 2406 828 ἠ
2436 755 2633 828 καρδία
2657 770 2773 819 σου,
2794 752 2892 805 καὶ
2914 748 3212 820 ὑπόμεινον
3241 748 3332 801 τὸν
3357 747 3582 818 Κύριον.
3620 764 3640 797 ι
3679 743 4034 815 Τεθαρσή-

2371 864 2550 921 καμεν
2574 844 2706 918 γὰρ,
2728 844 2810 899 ὅτι
2832 842 3043 916 καρπὸς
3063 839 3290 911 εὐκλεὴς
3318 842 3430 905 τοῖς
3448 840 3527 902 είς
3550 836 3776 908 ἀρετὴν
3818 848 4034 888 σπου-

2377 941 2641 1012 δάσμασιν
2684 938 2911 1001 ἕπεται,
2940 934 3038 988 καὶ
3074 932 3456 1003 πνευματικῆς
3484 928 3758 1000 ἀνδρείας
3806 929 4034 995 ξένιον

2373 1034 2680 1105 εὑρήσομεν
2719 1029 2812 1085 τὸν
2853 1027 3007 1101 παρά
3041 1025 3178 1079 Θεοῦ
3233 1023 3447 1095 μισθόν.
3500 1022 3740 1093 Αἴρεσιν
3798 1019 4029 1075 τοίνυν

2378 1123 2756 1197 μιαρωτάτην,
2800 1119 3233 1192 ὲπιχειρήσασαν
3260 1116 3363 1188 ήδη
3400 1115 3545 1191 κατά
3583 1113 3790 1185 πάσης
3835 1115 4031 1185 αἵρε-

2377 1221 2502 1275 σθαι
2530 1218 2632 1289 τῆς
2658 1217 2750 1271 ὑπ’
2784 1213 3012 1287 οὐρανὸν
3044 1210 3140 1267 καὶ
3171 1207 3535 1280 ἀνυψώσασαν
3568 1212 3594 1243 ο
3623 1208 3714 1271 εις
3742 1204 3909 1276 ὕψος
3950 1203 4030 1258 τὸ

2376 1313 2566 1385 κέρας,
2592 1310 2688 1365 καὶ
2732 1307 3003 1363 λαλοῦσαν
3030 1302 3244 1359 ἀδικίαν
3282 1299 3427 1356 κατά
3457 1298 3554 1354 τοῦ
3584 1296 3758 1363 Θεοῦ,
3808 1295 4027 1352 καθετ-

2376 1409 2469 1463 λεν
2517 1406 2684 1468 αὐτὸς
2706 1444 2721 1471 ,
2763 1404 2861 1459 καὶ
2896 1397 3096 1473 οἷάπερ
3124 1399 3319 1470 φλόγα,
3353 1398 3763 1469 κατεμπρῆσαι
3799 1394 4033 1450 M100-

2381 1517 2479 1557 σαν
2506 1501 2574 1555 τά
2588 1498 2725 1572 όρθά
2757 1499 2857 1569 τῆς
2906 1494 3231 1568 Ἐκκλησίας
3257 1493 3503 1565 δόγματα
3531 1532 3545 1557 ,
3579 1488 3956 1545 κατέσϐεσεν
3988 1490 4028 1543 ὁ

2383 1593 2678 1667 μονογενὴς
2701 1590 2795 1645 τοῦ
2828 1589 2965 1643 Θεοῦ
2999 1589 3193 1659 Λόγος,
3228 1588 3320 1642 τὸν
3344 1584 3547 1656 ταύτης
3581 1583 3863 1656 εὑρετὴν,
3908 1581 4024 1637 καὶ

2381 1685 2597 1757 πατέρα
2659 1684 3023 1755 καταργήσας
3053 1699 3113 1735 τε
3150 1679 3311 1753 ὁμοῦ,
3337 1680 3431 1734 καὶ
3457 1677 3674 1743 παύσας
3700 1677 3814 1748 τῆς
3844 1676 4026 1749 ἱερω-

2382 1776 2568 1848 σύνης,
2587 1775 2755 1847 ψήφῳ
2778 1774 2880 1845 τῆς
2909 1772 3074 1842 ἁγίας
3099 1770 3318 1826 συνόδου
3347 1787 3359 1800 ο
3388 1769 3531 1824 ὥστε
3560 1769 3654 1822 καὶ
3678 1767 4022 1840 χαίροντας

2385 1872 2533 1943 ἡμᾶς
2556 1869 2764 1935 λέγειν’
2799 1888 2817 1921 ι
2873 1864 3204 1938 Ἐμεγάλυνε
3236 1861 3442 1934 Κύριος
3471 1860 3566 1916 τοῦ
3598 1860 3842 1933 ποιῆσαι
3872 1858 4020 1931 μεθ’

2386 1961 2580 2034 ⁴ἡμῶν,
2619 1958 2962 2031 ἐγενήθημεν
3002 1958 3440 2029 εὐφραινόμενοι.
3498 1974 3518 2008 ι
3558 1952 3827 2024 Εὐθυμία
3885 1952 4015 2025 γὰρ

2386 2055 2483 2108 καὶ
2514 2052 2882 2117 διδασκάλοις,
2910 2051 3006 2105 καὶ
3039 2053 3155 2115 τοῖς
3208 2049 3354 2105 λαῶν
3394 2048 3745 2121 ἡγουμένοις,
3796 2045 3865 2100 τὸ
3896 2046 4013 2118 τὴν

2386 2144 2554 2217 ὀρθὴν
2587 2141 2952 2215 κρατύνεσθαι
2980 2141 3183 2208 πίστιν,
3214 2140 3308 2195 καὶ
3342 2137 3663 2204 δοξάζεσθαι
3691 2132 4009 2206 πανταχοῦ

2388 2239 2480 2292 τὸν
2504 2239 2614 2291 τῶν
2640 2235 2777 2290 ὅλων
2806 2234 3035 2306 Σωτῆρα
3079 2233 3174 2288 καὶ
3211 2232 3366 2297 Θεὸν,
3394 2226 3859 2301 καταργουμένου
3895 2225 4007 2281 τοῦ

2390 2331 2627 2392 Σατανᾶ,
2653 2330 2748 2383 καὶ
2771 2326 3135 2400 ἀνῃρημένων
3154 2324 3260 2379 τῶν
3285 2324 3415 2396 παρ’
3446 2321 3612 2378 αὐτοῦ
3636 2319 4004 2384 σκανδάλων,

2390 2423 2484 2477 καὶ
2512 2422 2621 2475 τῶν
2666 2420 2765 2491 τῆς
2810 2418 3070 2489 ἀληθείας
3102 2417 3391 2489 δογμάτων
3432 2413 3850 2486 κατισχυόντων
3893 2410 4005 2467 τοῦ

2390 2514 2646 2585 ψεύδουςο
2680 2512 2766 2566 ἵνα
2796 2512 3000 2575 πάντες
3041 2510 3102 2576 ἐξ
3143 2520 3171 2560 Ρ
3212 2509 3330 2573 ἰνὸς
3366 2508 3633 2579 στόματος
3677 2502 4006 2577 ὁμοφώνως

2392 2606 2641 2676 λέγωμεν
2662 2621 2673 2633 ·
2712 2623 2729 2656 ι
2769 2597 2867 2668 Εἷς
2887 2604 3115 2675 Κύριος,
3144 2604 3244 2673 μία
3274 2602 3489 2664 πίστις,
3515 2598 3572 2653 ἒν
3606 2597 3924 2669 βάπτισμα.
3969 2616 3995 2648 ι

2395 2699 2581 2754 Ταῦτα
2614 2698 2709 2753 καὶ
2734 2695 2830 2751 νῦν
2851 2696 2926 2761 ὼς
2958 2697 3170 2758 τέκνοις
3199 2695 3430 2765 γράφω,
3465 2692 3534 2746 τὰ
3568 2688 3859 2761 παράδοξα
3892 2687 3998 2743 τοῦ

2398 2792 2648 2863 Σωτῆρος
2678 2789 3037 2861 διηγούμενος
3057 2804 3069 2817 ’
3105 2789 3193 2841 ἵνα
3226 2785 3613 2856 ὲκτενεστέρας
3646 2782 3848 2852 ποιῆτε
3886 2778 3999 2846 τάς

2399 2883 2709 2955 προσευχάς
2735 2901 2748 2916 ·
2771 2881 2913 2936 ὥστε
2941 2880 3155 2952 ἰσχύσαι
3188 2880 3327 2952 μετά
3346 2878 3445 2951 τῆς
3472 2876 3567 2931 τοῦ
3591 2873 3729 2931 Θεοῦ
3762 2873 3995 2946 βουλῆς,

2397 2976 2689 3049 χαίροντας
2735 2975 3019 3047 χαίρουσιν
3063 2971 3392 3043 ἀποδοθῆναι
3441 2968 3559 3042 μετ’
3590 2964 3903 3041 εύρωστίας
3933 2972 3990 3021 1.

2409 3066 2713 3139 Ἐρῤῶσθαι
2740 3068 2885 3137 ὑμᾶς
2910 3068 2967 3119 ὲν
2996 3064 3186 3138 Κυρίῳ
3219 3061 3470 3133 εὔχομαι.

703 3176 949 3233 columes
995 3174 1412 3247 gaudentesque
1462 3171 1621 3228 vobis
1663 3171 2033 3245 gaudentibus
2085 3166 2308 3226 restitui
2343 3165 2636 3235 possimus.
2684 3165 2879 3221 Valere
2925 3178 3031 3250 vos
3069 3161 3123 3216 in
3166 3160 3403 3216 Domino
3456 3166 3675 3229 exopto.

1825 3461 1939 3533 89
1973 3460 2310 3517 EPISTULA
2348 3459 2517 3516 xxw
2563 3459 2657 3531 (οι.
2700 3455 2913 3528 XXIV).

1738 3620 1801 3657 AB
1831 3621 2030 3660 EPHESU
2059 3621 2123 3659 AD
2161 3618 2361 3658 PATRBS
2389 3616 2737 3657 NONACHORU!
2768 3613 2954 3655 SCRIPT
2994 3636 3008 3651 .

1836 3701 1855 3745 ι

2032 3743 2285 3815 Ejusdem
2313 3745 2632 3815 argumenti.

669 3857 693 3883 κ

778 3882 1226 3957 Religiosissimis
1266 3880 1639 3952 piissimisque
1687 3880 2085 3936 monachorum
2118 3882 2285 3935 Patri-

2471 3878 2738 3951 Κύριλλος
2757 3919 2770 3943 ,
2801 3878 2915 3941 τοῖς
2952 3873 3370 3938 εὐλαϐεστάτοις
3402 3872 3496 3927 καὶ
3539 3872 3971 3941 θεοσεδεστάτοις

709 3979 833 4043 bus,
854 3977 1178 4046 ceterisque
1197 3974 1291 4044 qui
1317 3973 1673 4027 monasticam
1696 3972 1859 4026 vitam
1883 3988 1991 4026 una
2008 3973 2294 4028 vobiscum

709 4075 971 4123 exercent
988 4076 1044 4121 et
1070 4067 1123 4119 in
1143 4063 1248 4118 ﬁde
1271 4064 1363 4117 Dei
1385 4070 1700 4116 constanter
1725 4070 2102 4132 perseverant,
2126 4062 2297 4117 dilec-

713 4164 783 4218 tis
799 4177 863 4215 ac
892 4156 1397 4215 desideratissimis,
1416 4155 1671 4226 Cyrillus.
1699 4156 1753 4209 in
1779 4155 2011 4210 Domino
2038 4155 2290 4209 salutem.

782 4252 1048 4308 Dominus
1077 4256 1266 4304 noster
1286 4248 1446 4304 Jesus
1473 4246 1745 4310 Christus,
1775 4262 1804 4301 a
1830 4246 2297 4304 scelestisJUdaeis

711 4344 1066 4402 contumeliis
1111 4341 1362 4405 aﬁ‘ectus,
1400 4342 1617 4404 illusus,
1669 4339 1918 4409 colaphis
1963 4356 2027 4394 ac
2070 4339 2297 4410 ﬂagellis

712 4452 907 4500 cassus,
961 4451 1025 4489 ac
1051 4444 1328 4505 postremo
1360 4444 1585 4502 propter
1613 4448 1712 4486 nos
1744 4440 1799 4485 et
1826 4448 1926 4500 pro
1953 4432 2114 4486 nobis
2142 4432 2295 4486 cruei

712 4528 924 4591 afﬁxus,
958 4544 1082 4583 cum
1111 4542 1303 4582 omnes
1327 4528 1380 4580 in
1410 4527 1587 4597 ipsum
1628 4527 2015 4596 delinquentes
2046 4535 2101 4580 et
2132 4527 2297 4597 impia

713 4620 1006 4674 adversum
1058 4634 1114 4673 se
1164 4618 1343 4687 capita
1390 4627 1671 4671 moventes
1718 4626 1999 4680 cerneret,
2048 4615 2229 4670 aiebat
2283 4637 2292 4669 :

720 4734 738 4765 ι
760 4713 827 4768 Ει
856 4711 1092 4766 sustinui
1138 4711 1232 4780 qui
1263 4710 1425 4764 simul
1451 4688 1898 4770 contristaretur,
1933 4718 1987 4763 et
2018 4725 2128 4763 non
2159 4708 2294 4775 fuit;

711 4818 768 4863 et
845 4805 1230 4869 consolantes,
1308 4812 1363 4857 et
1436 4818 1546 4856 non
1614 4802 1949 4856 inveni”.i
2017 4802 2296 4871 Ejusmodi

713 4899 997 4971 quidpiam
1052 4912 1201 4949 nunc
1252 4911 1471 4965 quoque
1526 4894 1793 4948 accidisse
1846 4894 2118 4949 videmus.
2186 4894 2298 4948 imo

712 5008 867 5057 vero,
919 5007 987 5045 ne
1036 4991 1254 5043 sincere
1296 4986 1537 5041 ﬁdelium
1577 4986 1754 5039 zelum
1808 4985 2009 5056 injuria
2045 4984 2294 5049 alliciam,

714 5085 983 5156 plurimos
1024 5081 1236 5145 habuit,
1272 5079 1365 5151 qui
1396 5089 1618 5149 propter
1654 5078 1894 5133 Nestorii
1929 5077 2301 5147 blasphemias

2402 3972 2650 4043 Πατράσι
2680 3967 3082 4040 μοναχοῖςξίτῶν
3120 3964 3415 4039 μοναχῶν],
3454 3967 3547 4019 καὶ
3577 3970 3686 4030 τοῖς
3723 3966 3811 4019 σὺν
3841 3969 3967 4039 ὑμῖν

2399 4065 2489 4118 τὸν
2514 4065 2722 4136 μονήρη
2747 4062 2857 4133 βίον
2894 4060 3142 4123 ἀσκοῦσι,
3170 4061 3263 4113 καὶ
3295 4062 3353 4114 ὲν
3380 4060 3560 4115 πίστει
3590 4059 3721 4113 Θεοῦ
3751 4060 3961 4132 ἱδρυμὲο

2352 4212 2365 4222 ,
2400 4174 2528 4220 νοις,
2554 4158 2858 4223 ἀγαπητοῖς
2884 4157 2976 4208 καὶ
2993 4154 3413 4218 ποθεινοτάτοις,
3438 4155 3495 4206 ὲν
3523 4154 3710 4225 Κυρίῳ
3740 4153 3957 4224 χαίρειν.

2480 4250 2540 4303 '0
2574 4249 2779 4322 Κύριος
2817 4248 2975 4318 ἡμῶν
3017 4246 3224 4318 Ἰησοῦς
3256 4247 3526 4318 Χριστὸς,
3558 4247 3645 4299 ὅτε
3694 4246 3783 4309 τὰς
3817 4248 3958 4318 παρὰ

2399 4342 2506 4395 τῶν
2558 4340 2787 4395 ἀνοσίων
2833 4339 3102 4391 Ἰουδαίων
3148 4338 3410 4405 ὑπέμεινε
3457 4335 3771 4407 παροινίας,
3800 4336 3953 4391 λοιδο-

2404 4435 2494 4508 ρού
2507 4453 2663 4506 μενος
2694 4434 2787 4488 καὶ
2821 4432 3209 4506 ραπιζόμενος,
3238 4434 3330 4485 καὶ
3360 4431 3765 4502 μαστιζόμενος,
3787 4431 3871 4484 καὶ
3895 4430 3951 4484 τὸ

2399 4530 2711 4583 τελευταῖον
2738 4567 2751 4590 ,
2800 4526 2876 4596 τῷ
2912 4524 2979 4578 δι’
3023 4526 3171 4595 ἡμᾶς
3225 4525 3319 4579 καὶ
3364 4523 3507 4594 ὑπὲρ
3555 4522 3707 4591 ἡμῶν
3754 4522 3948 4595 σταυρῷ

2402 4618 2676 4693 προσηλού
2686 4635 2843 4690 μενος
2869 4659 2884 4682 ,
2912 4619 3052 4690 ὁρῶν
3080 4618 3327 4679 ἅπαντας
3366 4619 3493 4679 τοὺς
3524 4612 3946 4685 πλημμελοῦντας

2401 4718 2479 4778 είς
2503 4715 2683 4777 αὑτὸν,
2723 4711 2816 4765 καὶ
2841 4712 2937 4774 τὰς
2963 4712 3211 4774 ἀνοσίους
3254 4710 3337 4763 ἐπ’
3373 4709 3523 4781 αὐτῷ
3559 4709 3785 4771 σείοντας
3814 4715 3833 4744 τ
3861 4724 3943 4760 κε·

2402 4806 2597 4876 φαλάς,
2619 4805 2831 4873 ἔφασκε
2850 4820 2862 4833 ·
2905 4822 2921 4853 ι
2957 4803 3065 4856 Καὶ
3099 4803 3369 4873 ὑπέμεινα
3398 4802 3832 4874 συλλυπούμενον,
3860 4801 3943 4855 καὶ

2399 4901 2497 4970 οὐχ
2539 4897 2748 4968 ὑπῆρξε
2771 4939 2783 4961 ,
2829 4899 2922 4950 καὶ
2949 4897 3404 4968 παρακαλοῦντας
3426 4936 3441 4961 ,
3472 4898 3567 4951 καὶ
3603 4898 3695 4967 οὐχ
3730 4887 3882 4966 εὖρον.
3918 4913 3935 4947 ι

2401 4990 2655 5044 Τοιοῦτόν
2680 5007 2731 5042 τι
2761 4991 2853 5043 καὶ
2876 4989 2971 5043 νῦν
2994 4990 3362 5061 γεγενημένον
3391 4989 3626 5060 ὁρῶμεν.
3657 4987 3845 5044 Μᾶλλον
3866 4977 3969 5053 ὁὲ,ῗ

2401 5084 2489 5136 ἵνα
2515 5082 2587 5152 μὴ
2603 5081 2705 5134 -τὸν
2725 5080 2833 5135 τῶν
2862 5080 3070 5134 πιστῶν
3088 5082 3182 5134 καὶ
3210 5081 3445 5151 γνησίων
3463 5080 3669 5153 ύὸρίζω
3685 5078 3840 5148 ζῆλον,
3858 5080 3938 5134 ἐπὶ

713 5176 878 5232 simul
919 5175 1226 5230 contristati
1262 5171 1505 5236 fuerunt,
1559 5188 1872 5242 quanquam
1908 5188 2017 5225 non
2050 5172 2285 5225 omnium

2399 5177 2517 5237 ταῖς
2547 5173 2881 5244 δυσφημίαις
2909 5173 3200 5243 Νεστορίου
3244 5173 3476 5238 πολλοὺς
3513 5174 3643 5243 ἔσχε
3672 5171 3935 5225 συλλυπου-

715 5271 805 5325 hic
841 5285 1035 5325 sensus
1063 5269 1186 5324 fuit.
1230 5267 1388 5332 Nam,
1415 5266 1559 5320 inter
1602 5282 1699 5320 eos
1726 5281 1945 5335 quoque
1979 5266 2073 5335 qui
2113 5280 2285 5320 sacer-

2408 5266 2625 5336 μένους,
2666 5267 2715 5317 εἰ
2750 5265 2845 5317 καὶ
2878 5264 3150 5334 ἠθέτησάν
3186 5280 3330 5327 τινες
3365 5264 3526 5317 αὑτὸν
3555 5264 3661 5317 τῶν
3689 5279 3936 5332 συντεταγ-

712 5363 865 5418 dotio
888 5370 1214 5432 iunguntur,
1243 5359 1509 5429 comperti
1529 5368 1655 5412 sunt
1675 5359 1941 5421 nonnulli,
1964 5358 2057 5427 qui
2074 5371 2285 5411 causam

2400 5358 2575 5428 μένων
2604 5358 2681 5421 εἰς
2728 5355 3049 5427 ἱερωσύνην,
3088 5358 3530 5429 συμπράττοντες
3563 5355 3643 5425 τῷ
3676 5356 3897 5427 αἰρετικῷ
3917 5398 3931 5421 ,

718 5456 887 5525 ipsius
942 5455 1283 5515 desererent,
1343 5461 1527 5520 utpote
1580 5469 1703 5506 cum
1754 5452 1977 5505 homine
2036 5450 2285 5505 haereticc

2397 5452 2490 5505 καὶ
2519 5453 2629 5514 τοῖς
2653 5447 2804 5519 αύτῴ
2835 5448 3167 5519 πολεμοῦσιν
3191 5450 3660 5521 ἀντιταττόμενοι·
3681 5447 3792 5501 ἀλλὰ
3820 5463 3924 5501 κατ-

788 5617 830 5644 ”
893 5613 1029 5665 1³821-
1084 5628 1237 5671 “Vl.
1286 5612 1367 5664 N-
1445 5613 1489 5661 T“
1540 5613 1675 5665 l’sal.
1722 5626 1895 5673 vatv,
1937 5610 1987 5663 6.
2065 5612 2111 5641 ’λ
2144 5610 2283 5665 l'sal.
2329 5626 2484 5674 αττ,
2540 5616 2592 5666 3.

2670 5614 2717 5645 "
2750 5614 2953 5685 Ephes.
2985 5632 3057 5683 iv,
3096 5617 3143 5671 5.
3226 5617 3268 5649 *⁸
3302 5614 3445 5669 Psal.
3487 5610 3765 5676 Lat-111,21.

1812 5753 1983 5806 Varini
2010 5754 2281 5808 lectiones!
2304 5756 2509 5809 codicis
2542 5758 2913 5827 Svguieriani'

788 5877 807 5901 ⁸
836 5871 1142 5937 hostium.
1238 5881 1264 5921 Ρ
1291 5872 1363 5937 ὡς
1390 5872 1465 5940 ἐξ.
1494 5934 1503 5945 ν
1544 5885 1569 5922 ει
1603 5877 1717 5944 μετ’
1750 5876 2116 5946 εὐχαριστίας.

2205 5888 2221 5912 τ
2253 5876 2553 5939 κινοῦντας.
