4116 6318
245 354 335 412 ιιι
1599 345 1936 405 EPISTULA
1980 345 2193 404 XXVII»

240 470 360 540 ιργί
378 483 465 522 σει
492 463 729 537 Χριστὸς
771 465 875 528 τὰς
918 460 1126 518 τοῦτων
1163 463 1522 526 ἀπαιδευσίας
1549 503 1566 526 ,
1617 461 1802 534 μᾶλλοι

1922 463 2340 535 conspirantes,
2405 459 2586 532 iisque
2636 462 2732 531 qui
2781 459 2951 515 illum
2997 459 3320 533 impugnant
3384 479 3506 522 sese

235 563 287 617 δὶ
310 561 412 634 hin
462 560 558 615 καὶ
589 557 936 630 κατήργηκε.
977 557 1258 612 Πέπαυται
1305 555 1414 628 γὰρ
1448 555 1507 610 τὸ
1531 554 1802 626 δύσφημοη

1921 557 2295 626 obiectantes;
2320 554 2416 611 sed
2440 555 2640 610 horum
2664 554 2938 610 inscitiam
2960 552 3215 610 Christus
3234 555 3504 623 destruet,

235 651 422 721 στόμα,
472 649 567 704 λ.ιὶ
599 647 893 719 σεσίγηκεν
922 649 955 719 ή
988 647 1310 718 μιαρωτάτη
1339 646 1556 714 γλῶττα
1584 686 1599 710 ,
1633 647 1796 700 οὐκέτ

1919 659 2036 715 aut,
2086 660 2148 705 ut
2189 650 2378 705 verius
2409 650 2611 716 dicam,
2629 652 2745 722 jam
2777 648 3071 706 destruxit.
3109 649 3506 722 Compressum

231 745 322 805 τὰς
348 742 493 795 κατὰ
533 740 775 811 Χριστοῦ
808 740 1162 811 προφέρουσα
1202 740 1554 811 βλασφημίας
1585 741 1643 792 ὲν
1666 739 1802 804 ἐξου-

1919 751 2006 797 est
2054 743 2202 798 enim
2250 757 2313 797 os
2351 742 2757 812 blasphemum,
2795 751 2851 797 et
2884 741 3152 796 conticuit
3181 742 3366 813 lingua
3401 745 3506 800 im-

231 835 322 902 σία⁵
349 834 711 906 ίιδασκαλικῇ
743 852 801 889 τε
831 835 926 886 καὶ
953 836 1338 904 ἀρχιερατικῇ.
1371 833 1480 886 Καὶ
1510 833 1560 885 οί
1593 831 1690 904 τὴν
1722 850 1802 904 φι-

1916 834 2235 905 purissima,
2261 850 2366 890 nec
2383 835 2621 905 amplius
2638 834 2990 906 blasphemas
3010 831 3506 893 contra'Christum

226 925 344 977 λίαν
375 925 546 980 αὐτοῦ
576 925 991 997 δυσωπηθέντες
1021 925 1243 996 μᾶλλον,
1270 926 1366 979 καὶ
1388 925 1509 995 οὐχὶ
1551 925 1650 994 τῆς
1676 925 1802 997 πρὸς

1919 942 2083 983 voces
2108 927 2164 981 in
2186 927 2488 998 pontiﬁcali
2513 937 2568 982 et
2592 927 2860 982 doctorali
2881 929 3215 983 auctoritate
3235 927 3290 982 in
3316 938 3505 1000 poste-

3403 353 3506 408 ιιι

223 1016 461 1085 Χριστὸν
499 1018 723 1086 ἀγάπης
764 1018 1215 1088 πεφροντικότες,
1255 1017 1481 1087 ἀτιμίας
1515 1018 1698 1088 ἔχουσι
1744 1017 1802 1071 τὲ

1919 1034 2041 1072 rum
2071 1018 2379 1088 depromet.
2442 1018 2511 1072 Et
2545 1019 2641 1088 qui
2675 1019 2850 1088 ipsius
2883 1019 3188 1074 amicitiam
3237 1019 3506 1075 charitate

224 1108 497 1178 πρόσωπα
525 1107 735 1177 μεστά·
767 1107 928 1161 τοῦτο
959 1109 1068 1181 γαρ
1100 1108 1283 1172 αὐτοῖς
1331 1109 1613 1178 ὠφείλετο.
1672 1108 1813 1163 Ἀλλ’

221 1199 270 1251 εί
308 1200 408 1251 καὶ
448 1200 728 1269 νενίκηται
757 1198 944 1252 λοιπὸν
970 1202 997 1253 ό
1031 1198 1226 1269 ἐχθρὸς
1252 1239 1266 1263 ,
1299 1201 1393 1254 καὶ
1423 1201 1593 1270 ἐσμὲν
1623 1203 1681 1254 ὲν
1706 1202 1814 1253 λει-

219 1288 414 1358 ψάνοις
444 1293 546 1360 τῆς
587 1293 871 1362 φροντίδος
897 1331 912 1356 ,
946 1292 1220 1363 χρῄζομεν
1254 1294 1349 1346 καὶ
1378 1294 1520 1347 οὕτω
1545 1295 1654 1348 τῶν
1679 1297 1812 1364 ὑμε-

222 1382 396 1454 τέρων
430 1383 683 1437 ίκετειῶν
706 1385 846 1456 πρὸς
885 1386 978 1438 τὸν
1018 1385 1151 1440 Θεόν
1169 1402 1181 1414 ·
1210 1387 1305 1439 καί⁵
1334 1385 1481 1439 ἐστιν
1509 1387 1810 1454 ἀναγκαῖον

221 1478 386 1547 ὑμᾶς,
409 1476 491 1540 ὡς
516 1477 817 1542 ἀναθέντας
848 1479 927 1548 τῷ
953 1477 1071 1545 Θεῷ
1092 1478 1190 1550 τὴν
1219 1477 1431 1531 ἑαυτῶν
1457 1478 1625 1549 ζωὴν,
1656 1479 1809 1542 ὁσίας

219 1570 472 1641 ιπαίρειν
519 1573 728 1640 χεῖρας,
762 1572 871 1630 ,καὶ
921 1569 1127 1641 συχνῶς
1166 1570 1324 1625 τοῦτο
1361 1572 1622 1642 πράττειν
1667 1572 1808 1644 ὑπὲρ

219 1661 397 1732 ἡμῶν.
429 1662 754 1734 Ἐννοήσατε
776 1663 884 1733 γὰρ
903 1665 986 1717 ὅτι
1024 1663 1249 1734 Ἰησοῦς,
1285 1665 1313 1716 ό
1343 1663 1438 1717 τοῦ
1463 1663 1637 1735 Ναυῆ,
1670 1665 1806 1735 μετά

219 1753 326 1806 τῶν
379 1753 693 1807 ἐπιλέκτων
755 1754 849 1807 τοῦ
924 1753 1138 1827 Ἰσραὴλ
1187 1757 1595 1827 ἀντεπράττετο
1649 1764 1670 1792 ⁸
1728 1756 1808 1827 τῷ

1917 1126 2039 1179 qua!
2071 1120 2156 1166 est
2185 1111 2242 1164 in
2269 1110 2554 1166 Christum
2617 1111 2892 1181 potiorem
2918 1111 3216 1175 ducebant,
3256 1111 3292 1164 ii
3321 1111 3507 1167 vultus

1911 1205 2024 1272 jam
2063 1219 2212 1258 nunc
2233 1213 2437 1274 gerunt
2463 1203 2736 1259 dedecore
2764 1203 2992 1274 plenos;
3029 1204 3137 1258 hoc
3154 1204 3305 1258 enim
3330 1203 3505 1260 debe-

1917 1294 2079 1349 batur
2121 1295 2276 1364 ipsis.
2330 1294 2439 1350 Sed
2481 1295 2613 1350 licet
2653 1295 2910 1350 inimicus
2939 1295 3052 1366 jam
3075 1294 3386 1350 debellatus
3407 1297 3503 1360 sit.

1914 1393 2157 1441 attamen
2179 1387 2463 1442 nonnullis
2481 1402 2742 1441 curarum
2773 1387 3024 1457 reliquiis
3047 1387 3232 1442 adhuc
3249 1387 3503 1453 distenti,

1916 1479 2116 1533 vestris
2158 1479 2225 1532 ad
2252 1479 2427 1533 Deum
2463 1479 2724 1548 precibus
2743 1479 3093 1548 egemus.'Et
3126 1481 3503 1535 necessarium

1914 1581 1999 1624 est
2052 1577 2112 1624 ut
2167 1585 2285 1633 vos,
2325 1570 2419 1640 qui
2455 1581 2694 1626 vestram
2745 1570 2912 1625 vitam
2954 1571 3067 1626 Deo
3112 1573 3500 1636 consecrastis,

1914 1675 2084 1728 puras
2125 1659 2192 1713 ad
2235 1661 2390 1715 illum
2436 1675 2631 1715 manus
2679 1661 2961 1725 levetis",
3008 1668 3173 1730 atque
3195 1661 3300 1715 hoc
3321 1662 3500 1732 ipsum

1916 1766 2017 1819 pro
2065 1751 2225 1806 nobis
2274 1767 2418 1821 saepe
2459 1751 2694 1807 faciatis.
2749 1751 3136 1814 Considerate.
3168 1753 3299 1809 Jesu
3349 1753 3499 1808 Nave

229 1841 502 1913 Ἀμαλῆκ,
533 1845 563 1896 ό
585 1842 641 1895 δέ
675 1860 737 1911 γε
763 1845 1029 1916 μακάριος
1055 1847 1282 1916 Μωσῆς,
1313 1846 1414 1910 τὰς
1439 1850 1630 1917 χεῖρας
1654 1848 1802 1900 ἐπαί-

1917 1857 2042 1896 cum
2088 1843 2309 1898 selectis
2349 1842 2614 1898 lsraelitis
2649 1852 2840 1898 contra
2889 1844 3115 1898 Amalec
3174 1844 3498 1907 dimicante,

219 1949 348 2004 ρων,
381 1935 572 2003 ἐζήτει
623 1934 777 2005 παρὰ
811 1936 945 1989 Θεοῦ
994 1937 1055 1990 τὸ
1088 1940 1244 2008 νικᾷν
1278 1938 1539 1991 δύνασθαι
1587 1941 1712 2002 τοὺς
1752 1956 1811 1992 εν

218 2024 444 2097 πολέμῳ
487 2027 585 2079 καὶ
617 2027 786 2097 μάχῃ.
851 2027 1209 2099 Ἀνδριζέσθω
1240 2031 1423 2082 τοίνυν
1465 2033 1498 2101 ἡ
1532 2030 1810 2085 θεοσέϐεια

216 2117 368 2189 ὑμῶν
395 2117 461 2170 ὲν
482 2122 817 2189 προσευχαῖς
851 2125 894 2183 ι,
917 2121 1011 2173 καὶ
1037 2121 1112 2185 ὡς
1136 2122 1302 2175 τέκνα
1330 2125 1532 2193 γνήσια
1557 2124 1672 2176 Πατ
1683 2124 1808 2195 ράσι

217 2211 608 2281 συμπράττετε
637 2251 652 2275 ,
687 2211 840 2265 νόσον
874 2211 1064 2284 ῶσπερ
1093 2215 1215 2269 τινὰ
1242 2215 1499 2287 λοιμικὴν
1521 2254 1535 2278 ,
1576 2216 1674 2287 τὴν
1704 2215 1807 2269 Νε-

215 2305 435 2374 στορίου
476 2303 806 2369 κακοδοξίαν
835 2306 1172 2376 ἐκκόψαντες
1207 2317 1270 2372 ι,
1310 2310 1398 2363 ίνα
1427 2309 1523 2362 καὶ
1555 2309 1806 2375 ἄσπιλον,

214 2395 307 2448 καὶ
330 2393 665 2466 ἀμώμητον,
696 2397 789 2449 καὶ
815 2397 1110 2468 οὐδαμόθεν
1132 2399 1566 2470 διαϐεϐλημένην
1593 2402 1809 2472 ἔχοντες

217 2485 415 2548 πίστιν,
442 2486 765 2556 εὐαρεστεῖν
797 2488 1106 2559 ἰσχύσωμεν
1135 2490 1212 2560 τῷ
1237 2490 1306 2544 τὰ
1331 2490 1512 2544 πάντα
1537 2490 1603 2543 δι’
1659 2493 1808 2561 ἡμᾶς

217 2577 306 2628 καὶ
332 2575 480 2647 ὑπὲρ
507 2574 671 2646 ἡμῶν
726 2575 1170 2649 ὑπομεμενηκότι
1205 2579 1448 2650 Χριστῷ.
1485 2580 1806 2650 Εὑφράνατε

217 2667 271 2720 Gl
295 2668 388 2721 καὶ
415 2665 506 2721 διὰ
527 2667 881 2738 γραμμάτων
911 2672 1057 2740 ἡμᾶς
1077 2686 1089 2698 ·
1129 2670 1396 2741 δεξόμεθα
1421 2669 1530 2741 γὰρ
1566 2671 1641 2734 ὼς
1678 2673 1799 2724 ίκα-

221 2760 456 2825 νωτάτην
490 2761 556 2814 τὺ
599 2764 839 2833 πρᾶγμα
876 2763 1242 2835 παράκλησιν.
1295 2763 1602 2835 Ἐρρῶσθαι
1655 2763 1800 2832 ὑμᾶς

221 2848 458 2922 εὔχομαι,
492 2853 778 2925 ἀγαπητοὶ
799 2855 896 2908 καί¹
927 2854 1296 2908 ποθεινότατοι
1334 2853 1578 2923 ἀδελφοί.

1909 1937 2130 1989 beatum
2149 1936 2354 1999 Mosen,
2375 1936 2608 1991 sublatis
2625 1937 2680 1990 in
2697 1937 2899 1992 caelum
2919 1937 3498 2002 manibus,victoriam

1910 2027 1998 2080 his
2031 2042 2060 2080 a
2102 2027 2214 2096 Deo
2247 2026 2560 2095 postulasse
2593 2025 2862 2080 adversus
2904 2041 3003 2080 eos
3028 2025 3364 2095 quibuscum
3392 2043 3499 2098 pu-

1909 2118 2235 2188 gnabant”.
2284 2118 2532 2174 Viriliter
2580 2119 2766 2188 itaque
2809 2129 2934 2189 agat
2990 2128 3174 2174 vestra
3220 2120 3398 2191 pietas
3443 2121 3500 2175 in

1909 2211 2208 2280 precando,
2241 2212 2573 2283 vestrisque,
2604 2219 2662 2266 ut
2685 2213 2931 2282 germani
2962 2212 3083 2277 filii,
3113 2212 3300 2267 adeste
3323 2213 3501 2268 Patri-

1907 2302 2030 2366 bus,
2079 2303 2174 2371 qui
2205 2301 2396 2356 falsam
2426 2303 2670 2357 Nestorii
2703 2303 3014 2359 doctrinam
3037 2305 3209 2359 veluti
3241 2304 3498 2360 morbum

1904 2393 2222 2464 quempiam
2266 2393 2591 2464 pestiferum
2626 2396 2979 2462 exciderunt,
3019 2407 3078 2450 ut
3111 2396 3276 2452 ﬁdem
3301 2397 3498 2453 imma-

1905 2484 2142 2538 culatam
2195 2485 2664 2555 inculpatamque,
2696 2501 2761 2541 ac
2785 2488 2921 2541 nulli
2945 2504 3177 2557 prorsus
3200 2490 3503 2559 reprehen-

1905 2578 2047 2632 sioni
2065 2577 2361 2633 obnoxiam
2391 2587 2666 2643 tenentes,
2683 2578 2794 2648 90
2830 2579 3052 2636 Christo
3070 2582 3255 2636 omnia
3273 2592 3501 2653 propter

1907 2685 2008 2724 nos
2049 2670 2337 2740 nostrique
2387 2685 2552 2725 causa
2604 2685 2887 2740 perpesso,
2940 2672 3160 2742 placere
3199 2675 3496 2743 possimus.

1908 2761 2220 2816 Exhilarate
2267 2777 2401 2816 vero
2433 2762 2598 2816 etiam
2645 2777 2744 2816 nos
2781 2779 2880 2832 per
2924 2764 3138 2820 litteras
3169 2783 3180 2818 :
3216 2765 3321 2821 illae
3346 2765 3499 2822 enim

1910 2852 2071 2907 nobis
2103 2852 2352 2906 maxima:
2391 2861 2558 2906 erunt
2582 2853 2967 2908 consolationi.
3005 2854 3150 2909 Bene
3186 2855 3368 2911 valere
3401 2871 3501 2912 vos

1910 2950 2062 3011 opto,
2097 2942 2283 2998 dilecti
2309 2952 2363 2996 et
2396 2940 2855 2996 desideratissimi
2881 2941 3098 2999 fratres.

1384 3229 1714 3285 EPISTOLA
1760 3228 1950 3286 XXV"
1993 3232 2084 3301 (οι.
2131 3231 2319 3290 XXV).

1174 3358 1238 3397 Αἰ)
1263 3357 1471 3398 οιειιωι
1497 3358 1840 3406 μορυιωιρυη
1872 3358 2554 3399 εονετλκτικοροιιτλκυυ.

283 3466 484 3521 Narrat
515 3481 634 3535 quae
673 3474 788 3535 post
824 3463 1104 3518 adventum
1133 3461 1358 3517 Joannis
1390 3465 1592 3518 comitis
1625 3465 1960 3534 imperatoris
1997 3465 2253 3519 mandato
2288 3464 2484 3535 Ephesi
2515 3471 2637 3517 acta
2666 3463 2794 3526 sint,
2830 3464 2954 3533 quid
2991 3465 3143 3518 modo
3185 3475 3421 3535 paretur.

297 3582 607 3654 Ἐταράχθη
635 3583 759 3636 λίαν
798 3583 832 3652 ἡ
877 3581 1004 3650 ἁγία
1037 3581 1288 3648 σύνοδος,
1317 3580 1600 3636 ἀκούσασα
1630 3583 1712 3636 ὅτι
1741 3583 1800 3636 οὐ

1975 3583 2217 3638 Turbata
2260 3591 2346 3638 est
2390 3581 2688 3637 admodum
2742 3591 2932 3637 sancta
2972 3581 3237 3653 synodus,
3275 3584 3369 3640 ubi
3401 3601 3496 3642 ac-

217 3695 391 3731 παντα
433 3675 614 3747 ὀρθῶς
649 3675 953 3746 ἀνήνεγκεν
999 3676 1027 3728 ό
1073 3674 1661 3744 μεγαλοπρεπέστατος
1709 3677 1802 3728 καὶ

219 3771 559 3836 ίνδοξότατος
586 3769 762 3839 κόμης
801 3768 1053 3836 Ἰωάννης
1073 3810 1087 3833 ,
1126 3768 1267 3822 ὥστε
1299 3765 1648 3836 βουλεύεσθαι
1678 3766 1803 3831 τοὺς

221 3865 394 3916 ἐκεῖσε
440 3861 538 3914 καὶ
569 3861 697 3931 περὶ
736 3860 953 3930 ἐξορίας
989 3859 1114 3912 καθ’
1146 3859 1334 3930 ἡμῶν*
1378 3859 1455 3922 ὼς
1498 3858 1598 3929 τῆς
1637 3858 1801 3926 ἁγίας

221 3954 443 4007 συνόδου
469 3952 914 4022 καταδεξαμένης
941 3954 1039 4024 τὴν
1066 3954 1421 4006 ἀκανόνιστον
1445 3950 1538 4004 καὶ
1560 3950 1799 4019 ἄθεσμον

217 4046 516 4114 γενομένην
541 4043 861 4115 καθαίρεσιν
884 4043 1034 4114 παρά
1054 4061 1114 4097 τε
1152 4043 1422 4107 Ἰωάννου,
1448 4042 1541 4096 καὶ
1567 4041 1676 4094 τῶν
1702 4044 1798 4095 σὺν

219 4134 364 4204 αὐτῷ
392 4133 707 4205 αίρετικῶν.
757 4133 888 4186 Ἰδοὺ
921 4133 1097 4186 τοίνυν
1121 4134 1214 4186 καὶ
1238 4133 1399 4203 ἑτέρα
1420 4133 1644 4201 γέγονεν
1667 4133 1798 4184 ἀνα-

219 4227 357 4298 φορὰ
389 4227 547 4297 παρά
579 4225 679 4294 τῆς
728 4225 888 4291 ἁγίας
919 4226 1169 4289 συνόδου,
1202 4225 1550 4287 διδάσκουσα,
1589 4225 1671 4278 ὃτι
1703 4224 1798 4276 καὶ

218 4318 467 4371 λυπεῖται
510 4317 604 4369 ἐπὶ
641 4316 718 4386 τῷ
764 4317 1067 4386 δεσποτικῷ
1113 4318 1440 4387 γράμματι,
1473 4317 1567 4368 καὶ
1599 4316 1680 4368 ὅτι
1736 4315 1794 4368 οὐ

217 4406 623 4477 κατεδεξάμεθα
651 4407 759 4460 τῶν
784 4407 951 4478 τριῶν
971 4408 1068 4470 τὰς
1100 4408 1452 4478 καθαιρέσεις
1474 4425 1485 4436 ·
1521 4407 1616 4461 καὶ
1648 4405 1797 4472 ἐξαιο

216 4498 381 4567 ρετως
415 4499 552 4568 μὲν,
583 4497 918 4570 ἀκυροῠσθαι
957 4499 1026 4553 τὰ
1071 4499 1202 4571 παρ’
1245 4499 1468 4554 ἐκείνων
1523 4498 1797 4561 δυσσεϐῶς

215 4591 305 4644 καὶ
339 4588 600 4660 ἁθέσμως
646 4590 916 4660 γενόμενα
943 4630 958 4655 ,
989 4589 1354 4663 κρατύνεσθαι
1400 4590 1458 4642 δὲ
1495 4590 1697 4662 μᾶλλον
1728 4591 1797 4643 τὰ

214 4683 340 4751 παρ’
379 4681 582 4754 ἡμῶν
608 4679 884 4747 Ἐδίδαξαν
923 4683 1030 4755 γὰρ
1063 4683 1158 4736 καὶ
1197 4682 1286 4736 διὰ
1322 4681 1549 4754 πρώτης
1595 4683 1799 4749 ἀναφοο

217 4775 334 4844 ρᾶς,
390 4774 476 4828 ὅτι
525 4772 706 4846 ἄκυρα
745 4774 847 4844 μὲν
883 4775 952 4829 τὰ
987 4779 1119 4846 παρ’
1169 4775 1391 4829 ἐκείνων
1425 4775 1797 4838 ἁκανονίστως

216 4866 478 4935 γινόμενα
507 4867 860 4936 πεποιήκασι,
902 4868 1252 4932 κοινωνικοὺς
1288 4867 1345 4920 δὲ
1374 4867 1522 4937 ἡμᾶς
1556 4867 1652 4920 καὶ
1680 4883 1797 4918 συν·

1899 3676 2052 3745 .cepit
2095 3674 2703 3747 magniﬁcentissimum
2754 3675 3354 3748 praeclarissimumque
3397 3695 3493 3734 co-

1904 3767 2092 3820 mitem
2134 3767 2402 3822 Joannem
2427 3781 2538 3821 non
2566 3766 2750 3820 omnia
2781 3764 2929 3821 recte
2956 3768 3233 3834 retulisse,
3266 3770 3405 3826 adeo
3429 3781 3494 3826 ut

1903 3857 1971 3913 de
2000 3867 2190 3913 nostro
2212 3873 2434 3929 quoque
2456 3858 2650 3913 exsilio
2695 3857 2792 3926 qui
2827 3857 2992 3912 isthic
3040 3869 3170 3912 sunt
3194 3862 3488 3917 consilium

1904 3950 2106 4005 inirent
2140 3968 2152 4004 :
2181 3954 2338 4020 quasi
2361 3958 2548 4005 sancta
2569 3949 2811 4021 synodus
2832 3949 3092 4020 injustam
3111 3951 3494 4025 nefariamque

1903 4044 2430 4105 exauctorationem,
2485 4057 2649 4112 quam
2700 4042 2939 4096 Joannes
2991 4050 3047 4097 et
3095 4043 3191 4113 qui
3256 4061 3378 4100 cum
3424 4061 3494 4101 eo

1905 4141 2074 4203 agunt
2099 4133 2344 4188 haeretici
2399 4133 2578 4188 moliti
2607 4143 2756 4196 sunt,
2790 4134 3180 4203 acceptaverit.
3213 4135 3293 4191 En
3319 4137 3492 4192 altera

1905 4226 2073 4296 igitur
2100 4226 2240 4280 facta
2263 4234 2348 4281 est
2371 4242 2399 4280 a
2432 4233 2619 4280 sancta
2644 4225 2855 4296 synodo
2880 4226 3098 4290 relatio,
3125 4242 3232 4296 qua
3253 4243 3312 4283 se
3333 4230 3491 4298 prin-

1903 4317 2038 4386 cipis
2073 4317 2270 4372 litteris
2302 4318 2682 4372 contristatam
2705 4316 2867 4371 docet
2889 4359 2901 4381 ,
2936 4327 2993 4372 et
3015 4319 3163 4388 quod
3194 4319 3360 4373 trium
3385 4320 3484 4374 de-

1901 4407 2203 4477 positiones
2236 4421 2346 4461 non
2383 4406 2826 4478 acceptavimus;
2870 4405 2964 4460 sed
2991 4409 3299 4476 praesertim
3328 4410 3485 4467 irrita

1902 4513 1960 4551 se
1997 4498 2202 4552 habere
2231 4496 2496 4562 declarat,
2526 4513 2650 4568 qua:
2679 4497 2846 4567 impie
2878 4507 2935 4552 et
2955 4498 3240 4570 illegitime
3264 4501 3332 4556 ab
3359 4501 3489 4565 illis,

1902 4590 2058 4646 firma
2100 4605 2234 4646 vero
2278 4601 2336 4646 et
2369 4599 2486 4646 rata
2528 4591 2734 4661 potius,
2764 4607 2885 4662 quae
2928 4607 2958 4646 a
2982 4593 3145 4648 nobis
3164 4604 3316 4664 gesta
3337 4604 3490 4649 sunt.

1901 4683 2212 4738 Docuerant
2228 4684 2377 4738 enim
2399 4683 2661 4757 [Patres],
2690 4693 2744 4739 et
2761 4686 2938 4755 prima
2962 4700 3184 4757 quoque
3204 4686 3490 4750 relatione,

1899 4789 1962 4829 ea
1993 4791 2051 4829 se
2080 4776 2373 4831 rescidisse
2420 4791 2542 4846 quae
2572 4783 2774 4846 praeter
2804 4791 3078 4832 canonum
3105 4778 3492 4849 praescriptum

1900 4865 1970 4920 ab
2013 4865 2135 4919 aliis
2177 4865 2316 4920 facta
2349 4864 2569 4920 fuerant
2601 4885 2613 4918 :
2649 4867 2908 4935 quodque
2941 4883 3044 4937 pro
3078 4868 3491 4924 communionis

213 4958 548 5020 ιττισκόττους
592 4958 812 5029 ἔχουσι,
879 4960 971 5012 καὶ
1004 4959 1086 5014 ὅτι
1126 4958 1229 5027 τῆς
1269 4958 1523 5030 τοιαύτης
1570 4959 1669 5011 οὐκ
1710 4958 1796 5022 ἐξ·

1906 4957 2067 5012 sociis
2082 4966 2137 5011 et
2163 4957 2505 5027 coepiscopis
2526 4973 2626 5012 nos
2643 4959 2905 5023 habeant,
2923 4969 2980 5014 et
2997 4960 3145 5031 quod
3170 4960 3492 5030 huiusmodi

215 5049 456 5104 ιστανται
486 5049 734 5122 γνώμης.
769 5052 953 5122 Μυρία
980 5051 1036 5104 δὲ
1065 5050 1425 5121 πεποιηκότος
1459 5049 1554 5103 τοῦ
1587 5065 1794 5120 μνημοη

214 5142 490 5206 νευθέντος
527 5143 1117 5215 μεγαλοπρεπεστάτου
1151 5143 1342 5215 ἀνδρὸς
1373 5184 1386 5206 ,
1424 5141 1564 5196 ὥστε
1615 5143 1792 5194 ἐλθεῖν

214 5233 288 5294 si;
309 5236 593 5289 κοινωνίαν
649 5237 918 5306 Ἰωάννην,
953 5239 1048 5291 καὶ
1077 5237 1202 5300 τοὺς
1234 5237 1332 5289 σὺν
1377 5235 1523 5305 αὑτῷ
1557 5238 1618 5306 τῇ
1661 5238 1792 5306 ἁγίᾳ

217 5325 410 5396 συνόδῳ
445 5328 611 5398 μέχρι
643 5329 740 5398 τῆς
769 5329 1032 5398 σήμερον,
1068 5327 1188 5380 οὐδὲ
1239 5325 1473 5380 ἀκοῦσαι
1503 5327 1793 5396 ἠνέσχοντο

215 5418 464 5485 τοιαύτης
511 5419 723 5487 φωνῆς·
767 5418 882 5472 ἀλλ’
918 5419 1222 5472 ἐνίστανται
1261 5419 1358 5488 μὲν
1399 5419 1594 5479 πάντες
1632 5427 1678 5476 ν,
1709 5416 1795 5468 λέ-

279 5530 324 5560 9?
355 5529 374 5583 ι
403 5528 543 5583 Tim.
582 5546 638 5589 ιι,
675 5529 724 5584 R.
806 5529 852 5559 "
879 5532 1049 5585 Exod.
1084 5547 1210 5594 δίνη,
1243 5532 1435 5590 10.1ί.

1904 5050 2232 5104 sententiam
2281 5065 2391 5104 non
2417 5061 2650 5104 mutant.
2695 5052 2830 5104 Cum
2851 5060 3036 5106 autem
3058 5051 3353 5122 praedictus
3373 5067 3492 5106 ma-

1904 5141 2389 5210 gniﬁcentissimis
2424 5143 2510 5196 vir
2540 5145 2677 5198 nihil
2712 5161 2819 5198 non
2848 5145 3159 5206 tentaverit,
3193 5159 3301 5212 quo
3321 5144 3489 5199 Joan-

1902 5248 2020 5296 nes,
2059 5242 2113 5284 et
2169 5232 2263 5300 qui
2310 5248 2433 5286 cum
2477 5248 2544 5287 eo
2594 5243 2740 5296 sunt,
2795 5234 2848 5287 in
2884 5244 3085 5288 sanctae
3113 5232 3306 5303 synodi
3333 5249 3488 5288 com-

1904 5324 2222 5378 munionem
2258 5325 2634 5394 recipiantur,
2676 5325 2728 5379 in
2776 5325 3108 5380 hodiernum
3141 5340 3313 5395 usque
3342 5323 3491 5379 diem

1908 5433 1974 5469 ne
2011 5417 2204 5470 audire
2240 5417 2465 5485 quidem
2501 5418 2815 5489 hujusmndi
2846 5432 3036 5473 vocem
3067 5417 3486 5479 sustinuerunt,

1289 5645 1460 5697 Varia:
1498 5645 1759 5696 lectiones
1786 5644 1990 5697 codicis
2030 5643 2392 5709 Seguieriani.

279 5763 302 5786 '
331 5756 626 5818 παντελῶς.
707 5771 725 5798 ι
751 5756 1128 5810 ἀντετάττετο.
1215 5759 1231 5794 ί
1261 5761 1336 5820 εἰς

1380 5758 1704 5827 ποωεςυγάς.

1423 5815 1429 5827 .
1609 5820 1613 5824 .

1423 5815 1429 5828 ι
1587 5815 1597 5827 1
1609 5820 1613 5824 ν

1783 5770 1804 5793 ιι
1842 5757 2136 5828 ἔικκὸψαςιν
