4116 6318
635 375 734 432 14⁸1
1654 375 1716 433 S.
1751 374 2028 434 Cl'lllLLl
2068 373 2537 435 ALEXANDRINI
2576 374 2894 433 ARClllEP.
3796 370 3934 428 138

631 497 773 564 sisti,
823 514 1116 572 aur-eaeque
1157 509 1353 559 statua:
1392 509 1719 574 apparatum
1762 501 2114 574 perdidisti‘.
2140 501 2209 557 Et
2240 516 2256 564 λ

2313 499 2480 554 αὐτοῦ
2522 499 2713 554 ἐλπίδα
2754 499 2843 555 διὰ
2891 498 2910 538 ί
2941 498 3244 573 χρημάτων
3265 495 3416 570 αὐτῷ
3463 492 3930 564 ἐπιγενομένην,

630 593 924 664 ιιιιειθήοω
949 608 1014 651 os
1035 595 1379 667 spiritalibus
1396 597 1697 668 unguentis
1714 595 1981 652 refertum
2004 595 2112 650 zeli
2126 595 2207 649 tui

2315 592 2672 664 προστασίαν,
2702 592 2880 664 ἀργὴν
2935 593 3032 646 καὶ
3090 590 3379 662 ἀνίσχυρον
3424 591 3451 630 ⁸
3508 586 3884 655 κατέστησας
3909 597 3927 615 '

629 685 884 747 encomla
921 689 1234 757 exprimere
1264 689 1462 754 valeat,
1501 697 1562 744 ut
1607 687 1702 760 qui
1739 687 1886 743 beati
1913 685 2208 757 Theophili

2313 685 2407 738 καὶ
2432 684 2495 738 τὸ
2522 684 2952 756 κατασκεύασμα
2981 684 3078 756 τῆς
3109 683 3316 756 χρυσῆς
3353 681 3559 744 εἰκόνος
3582 674 3788 750 νεκρὸν
3815 689 3935 743 γε·

628 776 889 833 avunculi
920 778 1000 833 tui
1025 777 1300 848 perfectus
1323 778 1568 834 imitator
1582 778 1851 845 evaseris,
1871 779 1982 834 imo
1994 786 2050 834 et
2062 777 2209 833 beati

2313 778 2500 832 νέσθαι
2527 779 2809 852 ἐποίησας.
2848 779 2960 832 Καὶ
2991 779 3143 832 ποῖον
3173 776 3369 847 στόμα,
3393 775 3580 869 μύρων
3600 767 3932 869 άπογέμοῖ

631 865 786 924 illius
807 868 1091 926 Athanasii
1133 870 1398 943 martyrio
1433 881 1733 929 coronatus
1754 873 1867 929 sis?
1899 873 2119 929 Etenim
2149 878 2212 928 ut

2313 872 2724 945 πνευματικῶν,
2769 870 3054 942 δυνήσεται
3104 867 3440 940 φθέγξασθαι
3467 863 3561 919 τοῦ
3594 863 3765 936 ζήλου
3805 863 3925 940 τοῦ

635 957 730 1015 ille
784 960 1042 1030 precibus
1090 963 1440 1032 propulsatas
1469 961 1790 1036 iniquorum
1822 965 2211 1022 haereticorum

2316 964 2412 1019 σοῦ
2458 963 2528 1019 τὰ
2569 962 2861 1035 ἐγκώμιας
2900 961 3064 1016 ὁπότε
3110 961 3223 1023 ίσος
3271 958 3454 1029 ἐγένου
3487 955 3584 1010 τοῦ
3617 952 3931 1027 μακαρίου

637 1047 1074 1105 machinationes
1101 1051 1330 1121 perinde
1352 1068 1416 1108 ac
1435 1055 1694 1128 scopulos
1723 1055 1973 1116 evitavit.
2013 1056 2094 1111 sic
2117 1063 2212 1111 tua

2312 1057 2575 1128 Θεοφίλου
2617 1057 2712 1111 τοῦ
2754 1055 2847 1110 σοῦ
2879 1054 3023 1109 θείου
3053 1052 3300 1125 μιμητής
3321 1070 3337 1085 ο
3365 1051 3503 1107 ἀλλὰ
3535 1048 3631 1103 καὶ
3657 1044 3720 1101 τὸ
3747 1059 3926 1117 μαρ-

635 1152 856 1208 quoque
886 1139 1149 1196 sanctitas
1192 1140 1368 1214 iniqui
1397 1143 1547 1201 illius
1567 1155 1802 1203 conatus
1824 1148 1951 1204 vitae
1979 1147 2210 1220 integri-

2313 1149 2500 1222 τύριον
2522 1150 2616 1204 τοῦ
2645 1148 2916 1221 μακαρίου
2959 1145 3278 1202 Ἀθανασίου
3303 1137 3925 1209 ἐνεδύσωιι.Καθάαρ

637 1236 748 1286 tate
791 1230 1252 1305 conscientiaque
1276 1236 1540 1306 puritate.
1574 1239 1748 1296 veluti
1775 1240 2023 1296 inﬁrmas
2045 1256 2212 1312 quas-

2313 1241 2423 1313 γὰρ
2473 1242 2685 1306 ἐκεῖνος
2724 1241 2832 1295 τῶν
2876 1240 3094 1312 ἀνόμων
3125 1236 3420 1309 αἱρετικῶν
3469 1235 3570 1300 τὰς
3623 1227 3925 1293 συσκευὰς

636 1321 762 1378 dam
789 1324 1059 1393 procellas
1081 1325 1315 1382 sedavit.
1369 1326 1461 1384 Sic
1480 1331 1631 1386 enim
1671 1339 1729 1388 et
1748 1332 1948 1390 beatus
1969 1335 2212 1390 Athana-

2313 1334 2390 1398 ὡς
2412 1334 2678 1398 σπιλάδας
2712 1333 2966 1404 ἐξέφυγε,
3014 1334 3132 1397 ταῖς
3158 1331 3486 1403 προσευχαῖς
3510 1326 3932 1398 ἀπωσάμενος,

635 1411 753 1468 slus
781 1421 906 1484 post
927 1415 1130 1472 multas
1153 1416 1321 1474 falsas
1344 1420 1782 1488 criminationes,
1811 1441 1948 1495 quas
1970 1423 2216 1481 haeretici

2321 1425 2465 1481 οὓτω
2502 1425 2599 1481 καὶ
2636 1427 2669 1498 ή
2710 1426 2776 1499 σή
2816 1425 3094 1499 άγιωσύνη
3134 1426 3232 1491 τὰς
3261 1423 3533 1488 συσκευὰς
3560 1420 3656 1477 τοῦ
3689 1417 3922 1490 ἀνόμου

635 1501 690 1558 ei
718 1504 1117 1577 impingebant,
1155 1507 1444 1576 refutatas,
1494 1512 1856 1585 exsiliumque
1889 1530 2080 1571 eorum
2115 1515 2215 1571 de-

2316 1519 2504 1591 ῶσπερ
2533 1519 2804 1581 λαίλαπας
2820 1519 3067 1584 ἀσθενεῖς
3083 1517 3472 1589 κατεκοίμισας
3501 1517 3545 1582 ί,
3573 1512 3652 1586 τῷ
3667 1506 3923 1584 καθαρῷ

635 1604 791 1652 creto
839 1597 936 1668 qui
986 1605 1119 1655 tunc
1173 1616 1364 1656 rrum
1409 1604 1786 1674 potiebantur,
1818 1607 2004 1662 ethoc
2034 1609 2215 1678 ipsum

2315 1612 2416 1684 τῆς
2477 1611 2834 1685 συνειδήσεως
2865 1612 2986 1684 βίῳ.
3022 1612 3178 1668 Οὕτω
3205 1610 3314 1684 γὰρ
3357 1609 3450 1664 καὶ
3497 1608 3526 1660 ό
3571 1598 3909 1679 μακάριοςί

635 1685 757 1744 ﬁeri
793 1689 1080 1756 curabant,
1115 1695 1392 1763 patienter
1421 1695 1736 1763 toleratum,
1784 1697 1839 1753 id
1884 1711 2216 1757 consecutus

2329 1703 2648 1768 Ἀθανάσιος
2689 1703 2831 1776 μετὰ
2869 1702 3072 1768 πολλὰς
3102 1705 3130 1744 ι
3175 1703 3274 1766 τὰς
3315 1702 3528 1772 ψευδεῖς
3565 1694 3921 1767 ἐπαγγελίας

633 1786 740 1846 est,
768 1788 830 1837 ut
854 1795 922 1838 eo
950 1797 1166 1853 semper
1190 1784 1385 1855 purior
1414 1786 1792 1860 illustriorque
1813 1791 2075 1848 evaderet
2096 1791 2217 1848 lon-

2315 1797 2415 1861 τὰς
2462 1797 2569 1851 ὑπὸ
2625 1795 2920 1870 αίρετικῶν
2969 1795 3120 1867 αὐτῷ
3180 1792 3640 1867 προσγενομένας,
3695 1786 3919 1851 ἑώλους

635 1874 975 1946 ganimitate,
998 1874 1085 1932 his
1106 1878 1484 1950 pmrogativis
1506 1883 1681 1954 magis
1704 1883 2081 1954 resplendens,
2105 1900 2216 1956 quo
2245 1876 2260 1932 Ι

2317 1891 2590 1956 ἀπέδειξε,
2624 1892 2719 1946 καὶ
2757 1890 3063 1962 ἀλλοδαπὴν
3090 1889 3309 1960 οἰκῆσαι
3337 1885 3663 1951 κατεδέξατο
3683 1879 3919 1951 ἐξορίας

635 1964 810 2035 magis
859 1964 1076 2036 impura
1103 1966 1195 2022 illa
1225 1983 1324 2023 ora
1346 1969 1514 2027 falsas
1546 1972 1964 2033 criminationes
1995 1976 2098 2047 ipsi
2125 1976 2212 2031 in-

2315 1983 2483 2056 λόγῳ,
2531 1984 2641 2037 τῶν
2683 1983 2804 2037 τότε
2859 1981 3206 2053 κρατούντων
3252 1979 3412 2034 τοῦτο
3459 1973 3920 2032 κατασκευασάν-

638 2057 941 2114 tentabant.
997 2058 1180 2130 Atque
1213 2060 1302 2116 his
1334 2064 1741 2123 certaminibus
1773 2070 2023 2141 martyrii
2053 2086 2214 2127 coro-

2315 2093 2444 2130 των·
2487 2077 2581 2130 καὶ
2627 2077 2752 2131 ὅσον
2797 2076 3056 2130 ἔσπευδον
3097 2074 3168 2129 τὰ
3207 2071 3383 2145 μιαρὰ
3427 2071 3612 2125 ἐκεῖνα
3654 2065 3919 2138 στόματα

633 2162 763 2204 nam
780 2149 871 2207 ille
892 2151 998 2207 sibi
1014 2162 1264 2220 nectens,
1283 2157 1915 2216 consubstantialitatem
1927 2162 2212 2231 stabilivit,

2316 2169 2539 2223 πλέκειν
2580 2169 2753 2240 ψευδῆ
2817 2169 3166 2241 ἐγκλήματα,
3219 2164 3460 2236 τοσούτῳ
3514 2158 3917 2232 καθαρώτερος

634 2256 1068 2316 perversamque
1116 2246 1235 2303 Arii
1281 2248 1591 2306 doctrinam
1631 2252 1883 2319 calcavit,
1929 2262 1987 2309 et
2018 2255 2214 2310 ortho-

2317 2263 2412 2317 καὶ
2452 2262 2834 2335 λαμπρότερος
2864 2261 3208 2316 άνεδείκνυτο
3249 2261 3317 2330 τῇ
3368 2254 3753 2330 μακροθυμίᾳ,
3793 2249 3919 2304 δια-

633 2333 856 2393 doxiam
906 2337 1093 2395 denuo
1133 2341 1331 2407 erexit,
1374 2358 1441 2398 ac
1468 2344 1643 2400 sancti
1665 2345 1834 2401 Marci
1865 2348 2217 2420 evangelista).

2316 2333 2551 2424 λάμπων
2598 2333 2811 2416 τούτοις
2857 2353 2967 2416 τοῖς
3021 2351 3480 2422 πλεονεκτήμασι.
3532 2346 3643 2402 Καὶ
3689 2341 3914 2405 τούτοις

634 2429 823 2485 sedem
875 2433 930 2486 in
973 2432 1209 2490 sublime
1250 2436 1449 2492 extulit
1477 2454 1492 2491 :
1519 2437 1725 2508 quibus
1762 2451 1824 2495 tu
1859 2440 2027 2496 etiam
2056 2456 2212 2506 usus,

2315 2449 2428 2510 τοῖς
2454 2443 2638 2507 ἄθλοις
2662 2442 2755 2497 τὸν
2796 2441 3062 2512 στέφανον
3084 2440 3179 2495 τοῦ
3222 2437 3522 2512 μαρτυρίου
3554 2433 3733 2505 ἐαυτῷ
3773 2429 3913 2485 πλέ-

634 2522 812 2577 sancti
840 2522 991 2578 illius
1017 2525 1264 2597 vestigiis
1295 2528 1529 2601 impigre
1559 2529 1829 2588 institisti.
1880 2533 2082 2589 Precor
2107 2533 2216 2591 ita-

2317 2532 2436 2597 ξας,
2452 2531 2514 2584 τὸ
2531 2529 2817 2600 όμοούσιον
2833 2531 3052 2602 ἔστησε,
3075 2531 3166 2584 καὶ
3199 2529 3297 2601 τὴν
3337 2526 3548 2597 ’Δρείου
3579 2520 3914 2589 κακοδοξίαν

635 2629 765 2684 que,
791 2617 1134 2674 sanctissime
1158 2619 1340 2686 Pater,
1367 2629 1430 2676 ut
1448 2620 1645 2693 dignus
1667 2622 1964 2694 aliquando
1987 2624 2211 2690 habear,

2317 2621 2684 2692 κατεπάτησε,
2722 2622 2817 2676 καὶ
2856 2620 2955 2689 τὴν
2988 2619 3299 2694 όρθοδοξίαν
3343 2618 3641 2689 ἀνέστησε,
3679 2613 3775 2669 καὶ
3809 2613 3912 2666 τὸν

633 2707 728 2778 qui
755 2715 809 2763 te
839 2709 1020 2765 virum
1049 2720 1304 2767 sanctum
1328 2728 1513 2767 coram
1539 2729 1784 2779 cernam,
1813 2726 2018 2786 tuaque
2037 2732 2214 2788 genua

2317 2714 2473 2784 ἅγιον
2502 2713 2598 2769 τοῦ
2633 2714 3021 2784 εὐαγγελιστοῦ
3062 2714 3292 2785 Μάρκου
3325 2711 3515 2786 θρόνον
3550 2709 3787 2782 ὖιιιωσεν·
3818 2703 3911 2774 οἷς

632 2801 970 2871 complectar
995 2843 1012 2869 ,
1066 2811 1123 2859 et
1175 2813 1423 2876 tempore
1474 2807 1628 2877 pacis
1684 2809 1932 2862 coronati
1957 2810 2215 2883 martyris

2316 2807 2411 2862 καὶ
2440 2807 2606 2871 αὐτὸς
2633 2809 3000 2880 χρησάμενος,
3050 2807 3278 2862 κατόπιν
3324 2807 3536 2860 ἐκείνου
3589 2802 3686 2857 τοῦ
3739 2801 3910 2872 ἁγίου

632 2903 937 2966 conspectu
960 2895 1131 2952 fruar.
1168 2897 1498 2955 Universum
1532 2915 1719 2955 rerum
1745 2911 2059 2958 nostrarum
2100 2913 2210 2961 sta-

2318 2898 2753 2970 περιεπάτησας.
2810 2899 3057 2971 Εΰχομαι
3097 2900 3298 2966 τοίνυν,
3355 2897 3628 2967 ἁγιώτατε
3678 2896 3906 2968 Πάτερ,

634 2994 774 3053 tum,
801 2988 1082 3058 quomodo
1115 3006 1239 3046 cum
1271 2990 1473 3048 ﬁducia
1494 2993 1796 3065 egerimus,
1828 2996 1944 3051 tuis
1992 3006 2218 3053 sancto-

2317 2991 2724 3064 καταξιωθῆναι
2759 2995 2944 3059 αὐτοῖς
2984 2993 3287 3065 ὀφθαλμοῖς
3334 2992 3462 3046 ἰδεῖν
3508 2991 3570 3045 τὺ
3614 2989 3768 3059 ἅγιόν
3801 3005 3908 3044 σου

631 3093 867 3150 rumque
896 3080 1120 3136 Patrum
1168 3083 1430 3153 precibus
1458 3083 1607 3150 freti,
1658 3093 1716 3141 et
1751 3101 2097 3160 quaecunque
2129 3089 2215 3146 fe-

2317 3086 2634 3160 πρόσωπον,
2675 3087 2769 3143 καὶ
2804 3091 3079 3161 κρατῆσαι
3103 3087 3213 3142 σῶν
3239 3087 3505 3157 γονάτων,
3541 3083 3636 3140 καὶ
3662 3082 3907 3138 ἀπολαῦ-

634 3168 833 3237 cimus,
857 3169 1236 3230 Candidianus
1259 3175 1496 3233 dilectus
1512 3175 1800 3244 diaconus,
1821 3178 2217 3251 qui’parvitatis
2241 3222 2259 3277 ι

2282 3227 2284 3276 ι
2319 3197 2409 3235 σαι
2446 3181 2763 3253 μάρτυρος,
2819 3183 2877 3236 ἐν
2919 3180 3100 3253 καιρῷ
3144 3182 3370 3278 εἰρήνης
3412 3180 3540 3278 τοὺς
3600 3176 3907 3278 στεφάνους

633 3276 770 3318 mea
813 3264 1029 3321 litteras
1056 3267 1338 3324 sanctitati
1365 3277 1474 3325 tua:
1497 3269 1696 3336 defert,
1739 3285 1926 3327 coram
1951 3282 2210 3344 exponet.
2244 3264 2258 3277 ’

2279 3264 2284 3276 ’
2314 3271 2752 3343 ἀναδησαμένου.
2785 3271 3038 3326 Ἀπαντα
3069 3272 3127 3326 δέ
3160 3271 3228 3326 τὰ
3274 3269 3393 3324 καθ’
3415 3269 3584 3340 ἡμᾶς,
3619 3266 3696 3332 ὡς
3729 3266 3904 3337 ἐπαρ⁶

632 3353 826 3412 Saluto
874 3359 1190 3417 universam
1238 3371 1485 3419 sanctam
1533 3364 1805 3436 synodum
1834 3382 1945 3422 una
1967 3382 2094 3423 cum
2120 3376 2217 3424 tua

2311 3364 2717 3436 ρησιασάμεθα,
2743 3366 3124 3447 θαρσήσαντες
3144 3366 3209 3436 τῇ
3240 3365 3307 3434 σῇ
3338 3363 3638 3433 προσευχῇ,
3669 3358 3763 3413 καὶ
3789 3356 3902 3412 τῶν

631 3449 929 3507 sanctitate
973 3453 1222 3526 martyrii
1261 3471 1467 3511 corona
1495 3467 1765 3514 ornatam.
1800 3458 1948 3516 Deus
1973 3467 2029 3516 te
2052 3460 2218 3519 nobis

2310 3457 2484 3527 ἁγίων
2519 3459 2804 3530 Πατέρων,
2834 3457 2928 3512 καὶ
2964 3457 3066 3513 ὅσα
3105 3457 3475 3528 ἐποιήσαμεν,
3515 3453 3659 3518 λέξει
3699 3451 3727 3504 δ
3763 3451 3900 3519 ἀγα-

627 3539 902 3612 largiatur
925 3545 1198 3601 valentem
1225 3562 1290 3602 ac
1315 3548 1520 3613 laetum,
1543 3548 1599 3603 in
1613 3549 1846 3606 Domino
1857 3550 2212 3620 honoratum,

2310 3550 2483 3623 πητδς
2525 3551 2772 3619 διάκονος
2814 3549 3198 3615 Κανδιδιανδς,
3243 3548 3304 3614 ὃς
3342 3547 3438 3602 καὶ
3479 3545 3548 3599 τὰ
3593 3544 3899 3616 γράμματα

628 3648 732 3705 pro
759 3636 994 3693 veritate
1017 3646 1346 3694 certantem.

2309 3644 2411 3717 τῆς
2454 3644 2595 3716 ἐμῆς
2649 3642 2991 3716 βραχύτητος
3036 3643 3315 3698 ἐπιδίδωσι
3370 3643 3437 3713 τῇ
3483 3641 3549 3711 σῇ
3591 3633 3895 3707 ἁγιωσύνῃ.

629 3725 1035 3802 Προσαγορεύω
1083 3734 1266 3787 πᾶσαν
1295 3734 1394 3799 τὴν
1424 3733 1588 3804 ἁγίαν
1624 3734 1844 3790 σύνοδον
1870 3738 1988 3792 τῶν.
2021 3738 2449 3812 ἀναδησαμένων
2483 3738 2578 3792 τὸν
2645 3737 2912 3808 στέφανον
2956 3736 3052 3791 τοῦ
3095 3732 3399 3809 μαρτυρίου
3439 3730 3584 3804 μετὰ
3636 3728 3736 3801 τῆς
3792 3726 3898 3797 σῆς

628 3817 935 3892 ὁσιότητος..
976 3823 1336 3902 Ἐῥρωμόνος,
1366 3826 1635 3900 εῠθυμος,
1681 3831 1738 3884 ἐν
1780 3831 1970 3908 Κυρίῳ
2001 3831 2340 3907 διαπρέπων,
2370 3830 2771 3903 ἀγωνιζόμενος
2820 3829 2958 3902 ὑπὲρ
2991 3833 3090 3903 τῆς
3120 3827 3388 3900 ἀληθείας
3417 3822 3737 3897 χαρισθείης
3761 3821 3900 3892 ἡμῖν

631 3914 743 3970 ὰπὸ
766 3915 928 3972 Θεοῦ.

1711 4145 1823 4219 94
1860 4146 2199 4203 EPISTOLA
2231 4148 2381 4206 xxx
2421 4153 2516 4223 (οι.
2556 4152 2817 4224 xxvm).

1312 4281 1588 4323 lutum"
1624 4282 1812 4322 casui
1846 4283 2078 4324 EPISCOPI
2109 4284 2710 4327 coxsnnrmoeomnm
2743 4270 2819 4342 (l)
2843 4287 2907 4325 AD
2933 4283 3207 4326 ονιιιιιυιι.

629 4379 886 4437 Sanctum
914 4377 1111 4435 Christi
1141 4380 1489 4451 confessorem
1511 4399 1608 4460 pro
1633 4385 1837 4460 meritis
1863 4384 2070 4451 laudat,
2106 4388 2502 4460 petitquetanti
2534 4388 2777 4460 prwsulis
2801 4389 2908 4444 sive
2932 4386 3168 4460 precibus
3185 4383 3389 4456 juuari,
3423 4380 3531 4434 sive
3556 4379 3779 4434 consiliis
3803 4379 3889 4436 irt-

1517 4453 1762 4524 formari",
1791 4456 1899 4510 sive
1929 4453 2184 4528 perpetuo
2210 4453 2487 4513 charitatis
2514 4453 2724 4514 uinculo
2754 4453 3025 4514 deuinciri.

698 4571 1132 4646 Religiosissimo
1192 4571 1249 4634 et
1304 4577 1768 4635 reverendissimo
1830 4580 2210 4638 comministro
2242 4586 2288 4642 Β

2260 4586 2288 4642 Β
2386 4551 2478 4656 Τῷ
2514 4583 2922 4656 θεοφιλεστάτῳ
2953 4586 3047 4640 καὶ
3080 4582 3464 4654 εὐλαϐεστάτῳ
3499 4573 3885 4650 συλλειτουργῷ

627 4663 851 4737 Cyrillo,
869 4666 1233 4727 Maximianus
1256 4671 1570 4743 episcopus,
1607 4671 1663 4726 in
1689 4671 1922 4728 Domino
1949 4675 2203 4732 salutem.

2309 4672 2604 4746 Κυρίλλῳ,
2669 4673 3014 4745 Μαξιμιανὸς
3056 4674 3354 4738 ἐπίσκοπος
3429 4673 3490 4725 ἐν
3529 4670 3719 4742 Κυρίῳ
3770 4667 3881 4740 χαί-

2345 4790 2448 4824 ειν.

698 4850 991 4922 Expletum
1013 4859 1102 4909 est
1125 4854 1463 4911 desiderium
1486 4863 1663 4920 tuum,
1687 4855 1803 4912 Deo
1816 4856 2171 4930 devotissime
2189 4902 2211 4925 ,
2313 4793 2323 4839 I

2313 4793 2751 4933 Βιὲεπλήρωταί
2781 4879 2864 4915 σοι
2891 4860 2961 4915 τὰ
2987 4861 3086 4933 τῆς
3128 4859 3448 4934 ἐπιθυμίας,
3479 4857 3844 4929 θεοφιλέστατε
3865 4872 3877 4886 ·

625 4942 932 5015 perfectum
959 4954 1046 5002 est
1073 4947 1222 5017 quod
1248 4947 1532 5019 religionis
1554 4958 1721 5005 causa
1748 4965 2108 5017 susceperas;
2139 4951 2206 5006 ad

2310 4953 2542 5027 ἤνυσταὶ
2576 4972 2657 5009 aut
2684 4957 2713 5010 ὁ
2748 4955 2889 5027 ύπέρ
2911 4954 3013 5025 τῆς
3041 4954 3326 5019 εὐσεϐείας
3359 4954 3580 5018 σκοπός·
3611 4954 3691 5016 είς
3722 4950 3880 5022 πέρας

623 5036 790 5094 ﬁnem
837 5038 1171 5110 perductum
1213 5048 1298 5096 est
1340 5041 1565 5110 pietatis
1585 5049 1693 5098 tua:
1716 5049 1924 5096 votum.
1977 5041 2205 5114 Specta-

2310 5045 2575 5119 ιλήλυθεν
2627 5049 2656 5101 ὁ
2707 5046 2850 5111 ὺπέρ
2897 5045 3180 5110 εὐσεϐείας
3218 5046 3403 5111 πόθος.
3438 5046 3676 5118 Θέατρον
3709 5042 3876 5112 ἐγένου

694 5200 877 5257 ‘Dan.
928 5217 1040 5267 xiv,
1091 5201 1122 5257 ΐ
1179 5218 1334 5276 seqq.

1717 5321 1896 5382 Variae
1921 5323 2189 5379 lectiones
2215 5322 2424 5380 codicis
2453 5322 2816 5395 Seguieriani.

617 5434 715 5567 ,δὲ
747 5433 848 5545 τήν
863 5433 1215 5561 ιίιά.πᾶλέαὶ
1242 5439 1445 5510 ἀρχὴν,
1473 5438 1785 5512 άνίσχυρον.
1859 5438 1885 5478 ³³
1916 5440 2153 5513 ἀνιδήσω
2173 5456 2187 5472 ·
2218 5440 2313 5496 καὶ
2348 5440 2600 5511 καθάπερ
2656 5439 2885 5503 ἐκεῖνος.
2967 5447 2982 5475 ι
3017 5438 3389 5510 κατεκοίμισε.
3492 5437 3872 5514 ῑμακαριὼτα-

717 5542 732 5557 ο
802 5519 828 5545 ι
863 5519 949 5560 ισ.
986 5519 1174 5560 πολλα.

693 5619 771 5691 (l)
811 5621 1172 5710 Maximianus
1209 5625 1700 5710 Constantinopoli
1715 5628 1945 5710 electus_
1963 5629 2204 5710 est.epi-
2311 5636 2530 5710 peracta
2551 5669 2565 5695 ,
2599 5629 2846 5710 episcopi
2882 5627 3195 5710 congregati
3234 5626 3458 5710 litteras
3491 5644 3569 5710 e_x_
3603 5645 3750 5710 more
3777 5631 3871 5710 _de-

622 5700 1011 5773 seopusatque
1043 5695 1099 5752 in
1122 5695 1868 5773 locum_Nestor_ii_ordinatus
1895 5695 2198 5773 abepisco-
2310 5695 2651 5773 deruntrad'
2691 5695 2901 5773 primas
2962 5695 3169 5773 sedes;
3234 5697 3437 5773 litteris
3495 5699 3867 5773 Alexandriam

661 5760 1032 5845 is'catholi'cis,
1071 5783 1215 5845 quos
1243 5769 1474 5824 miserat
1500 5769 1778 5845 Ephesina
1814 5760 2202 5845 synodumad-
2310 5770 2659 5845 ad_Cyriilum
2691 5760 2920 5830 directis
2957 5788 3086 5829 suas
3116 5760 3424 5841 singulares
3445 5769 3697 5845 adiunxit
3714 5787 3871 5831 novus

661 5846 732 5887 ne.
786 5835 842 5891 in
906 5836 1043 5894 urbe
1091 5835 1252 5905 'rcgia
1293 5835 1784 5898 commorantibus.
1840 5835 2201 5900 Ordinatione
2307 5835 2615 5912 episcopus.
