4146 6322
258 351 347 406 ηο

1611 343 1948 402 EPISTOLA
1988 344 2153 401 XXXI

3397 344 3498 399 439

254 465 340 519 καὶ
363 463 637 535 ἀγγέλοις,
668 465 760 519 καὶ
788 465 1118 537 ἀνθρώποις,
1150 463 1242 518 καὶ
1266 463 1396 516 πᾶσι
1417 463 1528 526 τοῖς
1554 461 1648 514 τοῦ
1681 462 1818 532 Χρι-
1846 465 1882 522 Α

1931 463 2107 518 culum
2155 464 2420 517 factuses
2452 470 2508 517 et
2546 462 2753 534 angelis
2777 471 2834 518 et
2859 459 3237 520 hominibus',
3275 457 3500 512 univer-

257 552 372 607 στοῦ
424 553 682 625 ἱερεῦσιν.
740 554 814 609 οὐ
869 555 1027 625 μόνον
1068 551 1391 612 ὶπίστευσας
1438 550 1518 612 είς
1561 547 1815 618 Χριστὸν.

252 645 381 699 ἀλλὰ
405 645 516 715 γὰρ
547 646 643 698 καὶ
668 645 806 716 ὑπὲρ
832 643 997 699 αὑτοῦ
1032 643 1248 707 ῐπαθες.
1286 641 1461 704 Μόνος
1486 640 1634 706 ἄξιος
1667 637 1818 712 ικρί-

251 734 347 806 θης
389 734 500 788 τῶν
536 734 628 789 τοῦ
677 737 910 807 Χριστοῦ
948 735 1307 806 παθημάτων,
1359 730 1713 796 καταξιωθεὶς
1750 730 1818 783 τὰ

253 827 525 895 στίγματα
545 828 710 882 αὐτοῦ
741 832 799 882 ὲν
832 827 908 898 τῷ
942 828 1058 899 ίδίῳ
1088 826 1299 897 σώματι
1333 824 1618 895 βαστάσαι.
1661 822 1819 893 Ὠμο-

248 917 486 989 λόγησας
523 919 681 973 αὐτὸν
714 919 1016 992 ἔμπροσθεν
1041 920 1162 973 τῶν
1187 916 1507 985 ἀνθρώπων
1540 915 1822 986 ὼμολογή·

248 1008 346 1080 θης
394 1010 526 1080 παρ’
573 1010 736 1065 αὐτοῦ
790 1011 1096 1082 ἔμπροσθεν
1152 1011 1245 1066 τοῦ
1298 1010 1511 1080 Πατρδς
1565 1009 1660 1061 επὶ
1709 1007 1822 1060 τῶν

245 1101 419 1170 ἁγίων
441 1101 690 1169 ἀγγέλων
723 1101 766 1155 1.
807 1104 990 1172 Ἀνεδή
1001 1121 1077 1156 σω
1098 1103 1225 1166 τοὺς
1255 1101 1395 1171 ὑπὲρ
1416 1101 1514 1169 τῆς
1537 1097 1822 1159 εὐσεϐείας

247 1192 566 1259 στεφάνους·
607 1192 786 1248 πάντα
833 1195 1056 1264 ἴσχυσας
1107 1196 1164 1247 ὲν
1202 1193 1282 1263 τῷ
1331 1190 1716 1260 ἐνδυναμοῦντί
1763 1206 1822 1242 σε

245 1283 492 1355 Χριστῷ·
530 1285 902 1348 ιταπείνωσας
936 1285 1028 1338 τὸν
1059 1287 1313 1340 Σατανᾶν.
1338 1283 1426 1338 διὰ
1479 1284 1576 1353 τῆς
1620 1283 1824 1351 ύπομο·

245 1375 361 1442 νῆς.
389 1378 767 1445 κστεγέλασας
796 1378 1187 1449 κολαστηρίωνο
1217 1378 1498 1446 ὲπάτησας
1529 1373 1698 1445 θυμὸν
1729 1374 1825 1443 ἀρ-

242 1466 470 1537 χόντων·
509 1468 669 1538 λιμοῦ
705 1469 1132 1540 κατεφρόνησας.
1165 1469 1361 1538 Ἐσχις
1377 1467 1484 1538 γὰρ
1512 1467 1601 1520 τὸν
1640 1467 1823 1536 ἄρτον.

242 1557 332 1612 τὸν
360 1558 428 1613 ἐκ
467 1560 562 1613 τοῦ
593 1563 822 1630 ούρανοῦ
863 1562 1214 1628 κατελθόντα,
1249 1562 1343 1614 καὶ
1386 1559 1530 1630 ζωὴν
1559 1558 1826 1612 δεδωκότα

241 1649 354 1710 τοῖς
383 1644 720 1719 ἀνθρώποις,
745 1651 848 1718 τὴν
870 1649 1099 1704 ἄνωθεν.
1136 1651 1290 1703 Ἐπεὶ
1317 1648 1497 1702 τοίνυν
1518 1645 1639 1699 οὐδὲ
1663 1647 1827 1715 ἡμεῖς

241 1739 655 1808 ἀπελείφθημεν
679 1739 904 1802 τούτων,
941 1740 1008 1792 τὰ.
1028 1741 1122 1810 μὲν
1153 1737 1424 1810 αἰσθητῶς
1453 1737 1827 1806 παιδευόμενοι

239 1801 655 1892 {varie-1,136!
671 1832 727 1882 ὲν
741 1833 805 1900 τῇ
819 1829 952 1901 ἀκοῇ
973 1801 1072 1900 τῑῇς
1090 1801 1431 1900 etiamM;
1448 1830 1630 1896 rumpi
1647 1801 1823 1898 ὑμῶν,
1859 1801 1901 1857 Β

242 1917 378 1984 πρὸς
395 1918 499 1979 τὰς
519 1920 692 1991 ἀρχάς
709 1923 1241 1988 ἀντικαταστάντων,
1267 1922 1403 1985 πρὸς
1431 1921 1527 1983 τὰς
1548 1920 1821 1985 ἐξουσίας,

242 2007 378 2072 πρὸς
416 2012 548 2073 τοὺς
594 2013 1044 2086 κοσμοκράτορας
1080 2014 1176 2067 τοῦ
1229 2014 1453 2076 σκότους
1494 2011 1586 2065 τοῦ
1632 2012 1825 2074 αίῶνος

239 2098 458 2162 τούτου,
519 2102 656 2170 πρὸς
694 2104 763 2156 τὰ
805 2103 1151 2174 πνευματικὰ
1206 2103 1307 2172 τῆς
1365 2104 1650 2172 πονηρίας,
1689 2119 1827 2172 παρ-

241 2189 494 2259 ήχθημεν
511 2191 565 2244 δὲ
583 2195 658 2255 είς
688 2195 788 2264 τὴν
816 2194 1223 2265 ἀρχιερωσύνην
1255 2197 1353 2264 τῆς
1390 2193 1825 2265 μεγαλοπόλεως.

241 2280 604 2346 καταξίωσον,
654 2283 1052 2351 θεοφιλέστατε,
1091 2287 1273 2356 εὐχαῖς
1311 2303 1368 2338 τε
1409 2286 1556 2356 ἡμᾶς
1588 2285 1828 2355 ὑποστη-

243 2371 434 2442 ρίζειν,
491 2375 584 2427 καὶ
634 2376 964 2446 συμϐουλαῖς
1013 2378 1344 2448 στοιχειοῦν,
1382 2378 1476 2431 καὶ
1520 2377 1667 2448 πάσῃ
1699 2377 1828 2448 περὶ

240 2464 388 2532 ἡμᾶς
455 2466 760 2536 κεχρῆσθαι
794 2469 998 2538 εὐνοίᾳ,
1041 2469 1180 2523 ὥστε
1225 2468 1573 2539 πληρωθῆναι
1609 2471 1704 2523 καὶ
1742 2470 1828 2536 ἐφ’

239 2555 373 2622 ἡμῖν
419 2553 505 2606 τὸ.
534 2559 800 2626 γραφικὸν
854 2559 1038 2628 ῥητόν⁹
1075 2579 1093 2611 ι
1154 2557 1405 2628 Ἀδελφὸς
1451 2559 1555 2611 ὑπὸ
1596 2555 1826 2626 ἀδελφοῦ

243 2643 649 2715 βοηθούμινος,
705 2650 780 2713 ὡς
821 2652 974 2715 πόλις
1029 2652 1215 2722 ὀχυρά.
1270 2670 1288 2702 ι
1349 2650 1590 2720 Ἀληθῶς
1635 2659 1743 2720 γὰρ
1793 2651 1826 2721 ἦ

242 2738 600 2809 πνευματικὴ
629 2740 815 2807 ἀγάπη
861 2741 1014 2805 πόλις
1051 2743 1200 2794 ἐστὶν
1233 2741 1424 2812 ὀχυρὰ,
1456 2741 1516 2793 ού
1546 2741 1827 2812 δυναμένη

242 2828 748 2899 καταγωνισθῆναι,
801 2831 926 2885 οὔτε
976 2833 1406 2904 πολιορκηθῆναι
1460 2834 1564 2886 ὑπὸ
1594 2833 1688 2886 τοῦ
1715 2833 1830 2886 δια-

241 2915 428 2981 ϐόλου.
462 2916 591 2972 οὔτε
618 2921 960 2992 ὐπυιρυγαίς,
984 2922 1108 2976 οὔτε
1131 2924 1522 2993 ὑπερϐάσεσιν.
1551 2923 1689 2977 Οῦτε
1717 2923 1828 2996 γὰρ

241 3004 380 3060 dam
414 3009 545 3070 ταῖς
573 3009 854 3062 ἑλεπόλει-ιι
897 3011 992 3064 τοῦ
1034 3013 1284 3076 Σατανᾶ,
1333 3011 1420 3066 διὰ
1458 3012 1518 3064 τὸ
1553 3013 1703 3083 παρὰ
1731 3011 1827 3064 τοῦ

1920 555 2106 624 sisque
2147 553 2355 613 Christi
2402 555 2803 610 sacerdotibus.
2855 554 3041 622 Neque
3065 552 3212 607 enim
3240 549 3417 604 solum
3446 547 3499 601 in

1921 647 2203 703 Christum
2227 647 2539 713 credidisti,
2573 646 2668 702 sed
2695 647 2861 700 etiam
2887 660 2987 714 pro
3019 645 3138 713 ipso
3161 656 3354 711 passus
3377 655 3437 694 es
3456 637 3497 691 ‘.

1923 739 2084 796 Solus
2106 741 2304 811 dignus
2328 741 2552 796 habitus
2571 756 2631 795 es
2651 739 2747 810 qui
2768 739 2942 792 ferres
2965 735 3169 791 Christi
3192 733 3499 804 passiones.

1923 832 2016 902 qui
2053 831 2306 901 stigmata
2335 832 2484 886 illius
2520 832 2575 885 in
2608 846 2841 902 corpore
2867 839 2962 884 tuo
2983 835 3236 898 portares
3258 825 3301 877 ⁷.
3352 821 3498 878 Conx

1924 922 2099 977 fessus
2123 923 2275 976 illum
2303 938 2486 977 coram
2504 923 2842 986 hominibus,
2869 919 3205 992 promeritus
3225 932 3285 971 es
3305 925 3367 970 ut
3385 915 3501 986 ipse

1925 1023 1978 1068 te
2002 1000 2362 1069 confiteretur
2383 1031 2567 1068 coram
2591 1015 2752 1069 Patre
2783 1012 2836 1067 in
2860 1018 3160 1081 conspectu
3181 1017 3500 1064 sanctorum

1925 1106 2240 1174 angelorum
2261 1104 2302 1159 ³.
2343 1106 2653 1160 Redimitus
2679 1121 2738 1159 es
2762 1103 3002 1166 coronis,
3030 1117 3153 1172 qua:
3179 1117 3277 1171 pro
3299 1101 3505 1169 pictato

1925 1198 2267 1252 certantibus
2307 1199 2618 1263 debentur;
2666 1196 2894 1267 potuisti
2925 1195 3108 1249 omnia
3159 1193 3214 1246 in
3260 1190 3503 1250 Christo,

1925 1287 2018 1355 qui
2043 1296 2095 1340 te
2115 1287 2446 1342 confortavit
2464 1286 2506 1317 θ’
2523 1304 2541 1353 ;
2559 1285 2866 1340 humiliasti
2886 1285 3143 1340 Satanam
3163 1295 3262 1350 per
3287 1277 3505 1348 patien—

1929 1378 2093 1441 tiam;
2149 1378 2528 1448 contempsisti
2565 1385 2863 1439 tormenta,
2899 1372 3236 1430 conculcasti
3263 1369 3504 1426 furorem

1928 1470 2262 1539 principum,
2306 1469 2505 1524 famem
2532 1485 2632 1539 pro
2660 1467 2835 1522 nihilo
2862 1465 3089 1521 duxisti.
3127 1464 3330 1518 Panem
3359 1458 3504 1513 enim

1928 1563 2190 1626 habebas,
2242 1562 2336 1631 qui
2379 1560 2447 1615 de
2491 1561 2631 1616 coelo
2659 1561 3001 1615 descendens
3025 1557 3304 1612 caelestem
3339 1553 3505 1605 vitam

1929 1654 2246 1708 hominibus
2280 1653 2491 1708 dedit’.
2519 1651 2658 1719 Quia
2681 1667 2814 1706 vero
2841 1666 2943 1706 nos
2966 1663 3185 1720 quoque
3206 1646 3274 1700 ab
3291 1645 3375 1698 his
3400 1655 3506 1695 non

1929 1746 2227 1808 abfuimus,
2264 1745 2395 1799 dum
2420 1753 2476 1800 et
2498 1745 2590 1799 hic
2617 1744 2960 1799 seusibiliter
2979 1740 3288 1800 erudimur,
3328 1746 3383 1789 et
3411 1749 3507 1787 ve-

1930 1843 2073 1892 stras
2091 1836 2438 1900 afﬂictiones,
2457 1851 2611 1904 quas,
2633 1834 2761 1888 dum
2781 1830 3182 1904 principatibus
3197 1836 3253 1881 et
3272 1832 3510 1896 potesta-

1931 1929 2099 1992 tibus,
2123 1927 2253 1982 dum
2284 1927 2473 1980 mundi
2493 1925 2730 1980 dominis
2747 1934 2803 1980 et
2825 1923 3176 1978 tenebrarum
3195 1916 3381 1973 sa:culi
3401 1915 3474 1968 hu
3491 1943 3509 1952 -

1923 2018 2014 2088 jus
2044 2015 2517 2080 rectoribus,dum
2538 2016 2799 2085 nequitia:
2824 2013 3110 2083 spiritibus
3133 2007 3412 2065 restitistis
3439 2006 3510 2066 “.

1929 2109 2222 2172 tolerastis,
2261 2108 2543 2164 auditione
2587 2105 2934 2175 accepimus;
2963 2114 3020 2157 et
3057 2102 3185 2172 quia
3213 2099 3280 2154 ad
3305 2111 3513 2168 magna:

1928 2198 2095 2269 hujus
2139 2199 2379 2253 civitatis
2437 2197 2975 2266 archiepiscopatum
3019 2189 3256 2262 promoti
3299 2202 3512 2247 sumus,

1929 2291 2176 2362 dignare,
2215 2291 2327 2345 Deo
2352 2288 2734 2353 dilectissime,
2784 2295 2837 2341 et
2869 2284 3131 2356 precibus
3161 2297 3263 2336 nos
3292 2279 3511 2340 fulcire,

1928 2391 1984 2437 et
2011 2382 2263 2437 consiliis
2290 2381 2617 2444 informare,
2655 2389 2711 2434 et
2732 2379 2881 2432 omni
2910 2375 3149 2444 denique
3175 2369 3512 2427 benevolen-

1929 2475 2020 2529 tia:
2045 2474 2230 2528 studio
2263 2472 2547 2543 prosequi,
2587 2480 2649 2525 ut
2688 2471 2791 2524 hac
2823 2468 3032 2522 ratione
3061 2463 3196 2519 illud
3219 2462 3517 2532 Scriptura:

1929 2565 2136 2621 dictum
2154 2565 2210 2619 in
2229 2565 2390 2619 nobis
2408 2561 2770 2632 adimpleatur
2798 2579 2809 2614 :
2844 2580 2860 2610 ι
2885 2557 3075 2614 Frater
3092 2555 3188 2626 qui
3229 2552 3520 2622 adiuvatur

1929 2673 1961 2712 a
1995 2657 2183 2722 fratre,
2224 2656 2381 2727 quasi
2407 2656 2603 2710 civitas
2624 2636 2780 2710 ﬁrma
2801 2653 2860 2701 ¹¹.
2877 2671 2893 2702 ι
2925 2651 3066 2705 Vere
3086 2648 3234 2702 enim
3253 2642 3518 2715 spiritalis

1931 2748 2156 2803 dilectio
2209 2747 2423 2802 munita
2480 2746 2678 2802 civitas
2722 2752 2838 2806 est,
2876 2757 2999 2811 qua:
3038 2754 3215 2809 neque
3244 2735 3518 2792 cuniculis

1931 2853 1962 2892 a
1993 2838 2214 2894 diabolo
2243 2837 2466 2902 suﬂ'odi,
2494 2851 2674 2906 neque
2701 2835 2864 2890 scalis
2894 2833 2962 2885 ab
2994 2829 3188 2885 eodem
3224 2835 3406 2897 potest
3428 2841 3518 2879 su-

1934 2929 2140 2999 perari.
2198 2927 2388 2997 Neque
2437 2927 2587 2981 enim
2624 2924 2720 2979 illa
2750 2922 2964 2977 bellicis
2994 2919 3210 2974 Satanae
3244 2912 3520 2970 machinis

1934 3019 2132 3074 cedere
2161 3018 2337 3082 novit,
2365 3025 2425 3070 ut
2443 3032 2566 3086 quae
2592 3031 2621 3068 a
2637 3012 2858 3068 Christo
2879 3010 3111 3064 Domino
3132 3003 3479 3061 custodiatur
3503 3019 3515 3053 :

239 3097 525 3152 Δεσπότω
561 3100 797 3170 Χριστοῦ
835 3102 1239 3170 φυλάσσεσθαι,
1282 3103 1521 3174 Χριστοῦ
1545 3146 1560 3169 ,
1610 3105 1707 3157 τοῦ
1745 3099 1882 3158 τὸν(

1938 3109 2159 3164 Christo
2210 3108 2403 3178 utique
2450 3108 2566 3172 illo,
2603 3105 2698 3175 qui
2731 3113 2786 3158 et
2816 3101 3083 3156 mundum
3113 3099 3265 3153 hunc
3292 3093 3518 3156 devicit,

240 3188 451 3261 κόσμον
498 3195 839 3264 νικήσαντος,
869 3197 1054 3250 καὶτὰ
1083 3198 1278 3252 αἰώνιά
1303 3215 1384 3252 σοι
1411 3198 1591 3266 ἀγαθὰ
1624 3199 1841 3266 ὲτοιμά·

242 3295 460 3345 σαντος,
503 3279 596 3334 τοῦ
656 3283 972 3352 είρηκότος·
1013 3303 1032 3336 ι
1087 3287 1274 3350 Ὅστις
1323 3288 1383 3340 ού
1435 3285 1701 3356 λαμσὰνει
1750 3286 1840 3339 τὸν

242 3373 490 3442 σταυρὸν
527 3374 716 3436 αὐτοῦ,
743 3375 835 3429 καὶ
872 3376 1156 3431 ἀκολουθεί
1196 3379 1371 3431 ὀπίσω
1416 3396 1540 3448 μου,
1593 3378 1692 3432 οὐκ
1726 3377 1841 3432 ἔστι

245 3480 348 3534 μου
386 3464 568 3530 ἄξιος.
606 3485 626 3518 ι
666 3465 849 3532 ’Δξιος
884 3463 977 3522 οὖν
1014 3469 1125 3522 ὑπὸ
1157 3469 1250 3523 τοῦ
1293 3471 1564 3524 Δεσπότου
1602 3470 1841 3540 Χριστοῦ

243 3557 648 3626 φυλάσσεσθαι,
691 3559 929 3629 Χριστοῦ
981 3560 1074 3615 τοῦ
1113 3563 1202 3614 τὸν
1240 3562 1446 3632 κόσμον
1489 3563 1832 3632 νικήσαντος,

239 3648 330 3705 διὰ
363 3650 429 3703 τδ
461 3658 490 3687 υ
529 3650 714 3704 λαϐεῖν
732 3652 822 3705 τὸν
841 3655 1074 3724 σταυρὸν
1104 3656 1198 3708 καὶ
1231 3662 1256 3690 ο
1281 3655 1648 3724 ἀκολουθῆσαι
1683 3654 1833 3725 αὐτῷ

243 3742 570 3812 γενόμενος,
599 3741 674 3812 μὴ
702 3743 892 3814 ἀμέλει
936 3745 1035 3815 τῆς
1075 3747 1203 3818 περὶ
1243 3747 1398 3817 ἡμῶν
1439 3748 1577 3817 πρὸς
1610 3747 1703 3800 τὸν
1741 3751 1836 3801 Δε-

246 3831 459 3902 σπότην
489 3833 730 3901 Χριστὸν
769 3836 1088 3907 πρεσϐείας,
1145 3837 1216 3890 τὰ
1257 3838 1314 3891 δὲ
1348 3838 1610 3906 ἁδελφικὰ
1649 3856 1840 3912 κατορ-

244 3921 506 3994 θώματα,
545 3925 722 3979 οίκετα
768 3927 1162 3999 προτερήματα
1198 3928 1569 4000 λογιζόμενος.
1630 3929 1838 4000 Ἐρῤω-

249 4015 415 4085 μένος
463 4018 526 4070 ἐν
576 4017 786 4090 Κυρίῳ,
829 4019 1132 4091 ὑπερεύχου
1168 4038 1302 4092 μου,
1335 4020 1716 4077 θεοφιλέστατε
1747 4021 1840 4073 καὶ

245 4106 530 4176 ἁγιώτατα
556 4107 750 4176 ἀδελφὲ
783 4109 878 4163 καὶ
911 4109 1310 4182 συλλειτουργὲ.

1936 3208 1994 3257 et
2017 3200 2352 3270 sempiterna
2377 3200 2520 3253 bona
2549 3198 2648 3252 tibi
2680 3194 3026 3267 praeparavit,
3053 3192 3147 3262 qui
3177 3189 3317 3245 dixit
3337 3206 3349 3218 ·
3378 3206 3395 3238 ι
3414 3184 3518 3253 Qui

1937 3309 2052 3348 non
2081 3293 2284 3362 accipit
2317 3306 2538 3345 crucem
2571 3304 2748 3351 suam,
2787 3296 2843 3342 et
2876 3285 3128 3355 sequitur
3153 3298 3262 3346 me,
3298 3295 3408 3334 non
3436 3286 3523 3332 est

1941 3399 2028 3438 me
2064 3383 2264 3453 dignus
2288 3383 2350 3434 ".
2381 3401 2400 3433 ι
2440 3380 2577 3435 Cum
2603 3380 2786 3448 itaque
2823 3377 3041 3432 Christo
3062 3374 3296 3429 Domino
3320 3369 3523 3440 dignus

1941 3475 2207 3539 evaseris,
2262 3482 2556 3544 propterea
2604 3471 2752 3542 quod
2805 3483 3025 3524 crucem
3055 3476 3205 3520 tuam
3249 3461 3522 3518 sustulisti

1940 3568 2049 3640 95
2119 3575 2176 3622 et
2238 3569 2393 3621 illum
2440 3575 2665 3621 secutus
2729 3579 2824 3626 es,
2878 3560 3160 3616 Christum
3202 3570 3303 3626 pro
3361 3551 3526 3607 nobis

1941 3661 2231 3732 deprecari
2285 3676 2354 3715 ne
2383 3659 2603 3714 omittas
2621 3699 2635 3723 ,
2687 3656 2942 3722 fraternae
2961 3650 3182 3706 virtutis
3205 3651 3525 3703 ornamenta

1945 3754 2198 3824 proprias
2226 3751 2615 3822 praerogativas
2643 3763 2767 3804 esse
2792 3756 2963 3800 ratus.
3022 3743 3153 3799 Vale
3183 3741 3239 3795 in
3266 3738 3523 3799 Domino,

1945 3852 2002 3900 et
2033 3860 2132 3915 pro
2163 3860 2281 3908 me,
2319 3843 2431 3898 Deo
2464 3839 2822 3896 dilectissime
2866 3845 2925 3893 et
2969 3833 3312 3893 sanctissime
3355 3828 3527 3884 frater

1947 3952 2010 3992 ac
2042 3935 2440 3999 comminister,
2470 3949 2585 3989 ora.

1440 4400 1775 4460 EPISTOLA
1815 4402 1984 4459 XXXI
2028 4401 2123 4475 (οί.
2154 4400 2370 4467 XXIX).

1077 4557 1278 4596 εῑιιιιιι
1314 4559 1379 4596 ΑΒ
1408 4557 1730 4597 ΜΑΧΙἎΙΙΛΝΗΠ
1757 4553 2402 4598 (ΣΟΝΒΤᾹΝΤΙΝΟΡΟΜΤΑΝΙᾺΙ
2432 4549 2733 4591 EPISCOPUI.

251 4685 448 4744 Veram
474 4683 543 4737 de
570 4680 947 4736 Incarnatione
969 4677 1127 4746 ﬁdem
1154 4677 1377 4732 sollicite
1393 4680 1882 4804 custodiendanzpn

1802 4757 1882 4802 οη

1931 4679 2070 4742 νοηὶι,
2089 4662 2354 4745 δὶηιιιίιμιε
2380 4676 2446 4727 ad
2471 4675 2590 4726 novi
2614 4673 2845 4725 muneris
2870 4672 3036 4740 amrin
3059 4667 3240 4723 scdulo
3263 4665 3536 4736 implenda

1931 4758 2032 4800 mr.

1802 4757 2032 4804 artatur.

317 4897 413 4967 Τῷ
443 4893 831 4961 εὐλαϐεστάτῳ
865 4892 959 4944 καὶ
1011 4890 1412 4962 θεοφιλεστὰτῳ
1446 4892 1842 4963 συλλειτουργῴ
1875 4910 1882 4964 ]

2027 4886 2505 4942 Reverendissimo
2576 4885 2814 4953 Deoque.
2858 4880 3223 4935 dilectissuuo
3297 4878 3534 4933 commi-

248 4984 621 5059 Μαξιμιανῷ,
653 4982 944 5054 Κύριλλος,
973 4984 1028 5034 ἐν
1058 4981 1248 5052 Κυρίῳ
1281 4981 1514 5051 χαίρειν.

318 5078 575 5150 Πρέπον,
600 5069 776 5142 οἶμαι,
828 5073 920 5125 καὶ
953 5070 1045 5125 νῦν
1072 5072 1266 5135 εἰπεῖν,
1304 5070 1403 5140 τῆς
1437 5069 1538 5139 σῆς
1575 5071 1844 5141 τελειότη-

248 5189 338 5237 τος
369 5171 478 5240 τὴν
510 5165 848 5220 πολύευκτον
882 5165 1012 5233 ἡμίν
1044 5160 1316 5232 λαχούσης
1349 5161 1669 5232 ἱερωσύνην·
1697 5180 1715 5212 ι
1740 5163 1843 5216 Εὐ-

251 5263 568 5334 φρανθητω
597 5261 628 5312 ό
658 5256 886 5326 οὐρανὸς
913 5255 1139 5310 ἄνωθεν
1171 5253 1407 5324 χαιρέτω
1436 5252 1492 5306 δὲ
1523 5255 1555 5323 ἡ
1584 5253 1843 5324 σύμπασα

319 5425 340 5453 ⁸
388 5419 576 5476 ιοοτ.
623 5434 698 5478 Iv,
734 5416 784 5470 9.

866 5420 886 5446 θ
927 5417 1161 5488 Philipp.
1201 5436 1238 5481 Ι,
1274 5418 1359 5473 29.

1440 5420 1459 5449 "
1486 5418 1658 5471 Galat.
1696 5432 1770 5479 vr,
1809 5418 1890 5470 l7.
1970 5415 1991 5445 ⁸
2032 5416 2220 5470 Matth.
2254 5433 2302 5476 χ,
2330 5415 2415 5466 3‘2.
2485 5411 2526 5443 "
2558 5413 2796 5480 Philipp.
2832 5427 2901 5472 iv,
2944 5410 3024 5464 l5.

1953 4980 2132 5034 nistro
2155 4977 2502 5039 Maximiano,
2534 4975 2792 5046 Cyrillus,
2825 4974 2883 5026 in
2910 4971 3146 5025 Domino
3170 4968 3426 5024 salutem.

2021 5070 2359 5139 Opportune,
2386 5077 2447 5121 ut
2473 5067 2734 5129 arbitror,
2751 5063 3251 5130 convenienterque
3279 5059 3384 5113 hoc
3402 5069 3540 5113 tent-

1953 5164 2114 5234 pore,
2170 5176 2280 5230 quo
2311 5169 2400 5214 tua
2431 5159 2716 5230 integritas
2760 5163 3079 5225 exoptatum
3107 5149 3240 5205 illud
3267 5149 3527 5205 sacerdo-

1951 5256 2089 5310 tium
2116 5253 2309 5307 sortita
2334 5262 2438 5314 cst,
2462 5268 2587 5306 cum
2620 5251 2894 5319 Propheta
2916 5246 3075 5300 nobis
3106 5243 3291 5298 dicere
3318 5243 3482 5297 liceat

3107 5417 3126 5440 ’
3148 5408 3306 5464 Joan.
3330 5422 3407 5470 Vl,
3434 5404 3528 5460 59.

259 5496 299 5524 ’⁸
332 5492 554 5562 Ephes.
588 5504 663 5551 vr,
698 5487 780 5540 μὲ.
863 5488 899 5517 ¹¹
942 5485 1286 5552 Ρτονξχνιιι,
1329 5489 1411 5542 l9.
1492 5488 1532 5518 ”
1565 5488 1754 5542 Matth.
1792 5504 1842 5550 κ,
1869 5485 1957 5539 58.

1374 5634 1544 5687 Varia:
1573 5633 1834 5688 lectiones
1866 5628 2068 5686 codicis
2093 5628 2458 5700 Seguicriani.

337 5753 351 5792 ³
398 5748 558 5821 παρὰ
593 5749 686 5802 to?)
722 5750 924 5818 ΙΙειττιὺς
953 5750 1058 5803 τών
1090 5751 1350 5817 ἀγγέλων.

1432 5761 1466 5787 η’
1500 5750 1764 5820 ὑμετέρας
1803 5749 1954 5819 πρὸς.
2035 5760 2057 5784 η
2094 5749 2204 5802 τοῦ.

2286 5758 2309 5779 υ
2343 5748 2570 5816 σταυρόν
2598 5761 2783 5802 αυτον.
2815 5742 2972 5811 καὶ(
