  <div class='ocr_page' id='page_1' title='image "/cluster/home/n/w/nwhite01/storage/ocr_20150623/77/pst.000004029045/084.png"; bbox 0 0 4146 6322; ppageno 0'>
   <div class='ocr_carea' id='block_1_1' title="bbox 274 356 366 416">
    <p class='ocr_par' dir='ltr' id='par_1_1' title="bbox 274 356 366 416">
     <span class='ocr_line' id='line_1_1' title="bbox 274 356 366 416; baseline -0.011 0"><span class='ocrx_word' id='word_1_1' title='bbox 274 356 366 416; x_wconf 67' lang='grc'><strong>153</strong></span> 
     </span>
    </p>
   </div>
   <div class='ocr_carea' id='block_1_2' title="bbox 1651 363 2217 425">
    <p class='ocr_par' dir='ltr' id='par_1_2' title="bbox 1651 363 2217 425">
     <span class='ocr_line' id='line_1_2' title="bbox 1651 363 2217 425; baseline 0.012 -7"><span class='ocrx_word' id='word_1_2' title='bbox 1651 363 1985 423; x_wconf 78' lang='lat' dir='ltr'><strong>EPISTOLA</strong></span> <span class='ocrx_word' id='word_1_3' title='bbox 2023 366 2217 425; x_wconf 73' lang='lat' dir='ltr'><strong>XXXI.</strong></span> 
     </span>
    </p>
   </div>
   <div class='ocr_carea' id='block_1_3' title="bbox 3421 360 3526 418">
    <p class='ocr_par' dir='ltr' id='par_1_3' title="bbox 3421 360 3526 418">
     <span class='ocr_line' id='line_1_3' title="bbox 3421 360 3526 418; baseline 0.029 -3"><span class='ocrx_word' id='word_1_4' title='bbox 3421 360 3526 418; x_wconf 57' lang='lat'><strong>155</strong></span> 
     </span>
    </p>
   </div>
   <div class='ocr_carea' id='block_1_4' title="bbox 273 471 1853 551">
    <p class='ocr_par' dir='ltr' id='par_1_4' title="bbox 273 472 1842 551">
     <span class='ocr_line' id='line_1_4' title="bbox 273 472 1842 551; baseline 0 -3"><span class='ocrx_word' id='word_1_5' title='bbox 273 475 536 551; x_wconf 46' lang='lat' dir='ltr'><strong>mea:</strong></span> <span class='ocrx_word' id='word_1_6' title='bbox 558 474 849 547; x_wconf 70' lang='grc' dir='ltr'><strong>τινιμινοι</strong></span> <span class='ocrx_word' id='word_1_7' title='bbox 871 473 968 530; x_wconf 75' lang='grc' dir='ltr'><strong>τοῦ</strong></span> <span class='ocrx_word' id='word_1_8' title='bbox 1005 474 1203 544; x_wconf 67' lang='grc' dir='ltr'><strong>Δάτου.</strong></span> <span class='ocrx_word' id='word_1_9' title='bbox 1240 473 1340 530; x_wconf 68' lang='grc' dir='ltr'><strong>και</strong></span> <span class='ocrx_word' id='word_1_10' title='bbox 1387 472 1495 548; x_wconf 73' lang='grc' dir='ltr'><strong>μὴν</strong></span> <span class='ocrx_word' id='word_1_11' title='bbox 1529 476 1624 530; x_wconf 73' lang='grc' dir='ltr'><strong>και</strong></span> <span class='ocrx_word' id='word_1_12' title='bbox 1648 477 1701 532; x_wconf 82' lang='grc' dir='ltr'><strong>οι</strong></span> <span class='ocrx_word' id='word_1_13' title='bbox 1733 477 1842 548; x_wconf 75' lang='grc' dir='ltr'><strong>πρδ</strong></span> 
     </span>
    </p>
   </div>
   <div class='ocr_carea' id='block_1_5' title="bbox 1951 471 3524 551">
    <p class='ocr_par' dir='ltr' id='par_1_5' title="bbox 1951 471 3524 544">
     <span class='ocr_line' id='line_1_5' title="bbox 1951 471 3524 544; baseline -0.005 -9"><span class='ocrx_word' id='word_1_14' title='bbox 1951 479 2106 537; x_wconf 81' lang='lat' dir='ltr'><strong>nobis</strong></span> <span class='ocrx_word' id='word_1_15' title='bbox 2135 481 2492 538; x_wconf 72' lang='lat' dir='ltr'><strong>traditionem</strong></span> <span class='ocrx_word' id='word_1_16' title='bbox 2515 473 2974 536; x_wconf 88' lang='lat' dir='ltr'><strong>commendarunt</strong></span> <span class='ocrx_word' id='word_1_17' title='bbox 2994 471 3196 544; x_wconf 75' lang='lat' dir='ltr'><strong>Moysis</strong></span> <span class='ocrx_word' id='word_1_18' title='bbox 3215 485 3524 535; x_wconf 84' lang='lat' dir='ltr'><strong>sermones,</strong></span> 
     </span>
    </p>
   </div>
   <div class='ocr_carea' id='block_1_6' title="bbox 269 567 1840 645">
    <p class='ocr_par' dir='ltr' id='par_1_6' title="bbox 269 567 1840 645">
     <span class='ocr_line' id='line_1_6' title="bbox 269 567 1840 645; baseline -0.003 0"><span class='ocrx_word' id='word_1_19' title='bbox 269 571 424 645; x_wconf 64' lang='grc' dir='ltr'><strong>ἡμῶν</strong></span> <span class='ocrx_word' id='word_1_20' title='bbox 459 570 749 642; x_wconf 58' lang='lat' dir='ltr'><strong>Ws:</strong></span> <span class='ocrx_word' id='word_1_21' title='bbox 766 567 915 640; x_wconf 61' lang='grc' dir='ltr'><strong>ἅγιοι</strong></span> <span class='ocrx_word' id='word_1_22' title='bbox 937 570 1201 642; x_wconf 59' lang='lat' dir='ltr'><strong>“New</strong></span> <span class='ocrx_word' id='word_1_23' title='bbox 1233 571 1283 625; x_wconf 69' lang='grc' dir='ltr'><strong>οἳ</strong></span> <span class='ocrx_word' id='word_1_24' title='bbox 1322 571 1415 625; x_wconf 70' lang='grc' dir='ltr'><strong>καὶ</strong></span> <span class='ocrx_word' id='word_1_25' title='bbox 1440 570 1698 640; x_wconf 74' lang='grc' dir='ltr'><strong>γεγόνασι</strong></span> <span class='ocrx_word' id='word_1_26' title='bbox 1727 588 1840 641; x_wconf 77' lang='grc' dir='ltr'><strong>φω-</strong></span> 
     </span>
    </p>
   </div>
   <div class='ocr_carea' id='block_1_7' title="bbox 273 654 1836 736">
    <p class='ocr_par' dir='ltr' id='par_1_7' title="bbox 273 654 1836 736">
     <span class='ocr_line' id='line_1_7' title="bbox 273 654 1836 736; baseline -0.005 0"><span class='ocrx_word' id='word_1_27' title='bbox 273 666 469 736; x_wconf 64' lang='grc' dir='ltr'><strong>στῆρες</strong></span> <span class='ocrx_word' id='word_1_28' title='bbox 497 665 560 720; x_wconf 69' lang='grc' dir='ltr'><strong>ιν</strong></span> <span class='ocrx_word' id='word_1_29' title='bbox 605 663 811 734; x_wconf 66' lang='grc' dir='ltr'><strong>κόσμει).</strong></span> <span class='ocrx_word' id='word_1_30' title='bbox 841 663 1000 733; x_wconf 75' lang='grc' dir='ltr'><strong>λόγον</strong></span> <span class='ocrx_word' id='word_1_31' title='bbox 1044 661 1189 734; x_wconf 74' lang='grc' dir='ltr'><strong>ζωῆς</strong></span> <span class='ocrx_word' id='word_1_32' title='bbox 1233 662 1540 734; x_wconf 68' lang='grc' dir='ltr'><strong>ιπὲχοντιςο</strong></span> <span class='ocrx_word' id='word_1_33' title='bbox 1585 654 1662 718; x_wconf 76' lang='grc' dir='ltr'><strong>ὧν</strong></span> <span class='ocrx_word' id='word_1_34' title='bbox 1705 662 1836 716; x_wconf 77' lang='grc' dir='ltr'><strong>ἀνα-</strong></span> 
     </span>
    </p>
   </div>
   <div class='ocr_carea' id='block_1_8' title="bbox 271 752 1844 827">
    <p class='ocr_par' dir='ltr' id='par_1_8' title="bbox 271 752 1844 827">
     <span class='ocr_line' id='line_1_8' title="bbox 271 752 1844 827; baseline -0.002 -16"><span class='ocrx_word' id='word_1_35' title='bbox 271 755 600 827; x_wconf 71' lang='grc' dir='ltr'><strong>θεωροῦντες</strong></span> <span class='ocrx_word' id='word_1_36' title='bbox 623 754 725 827; x_wconf 73' lang='grc' dir='ltr'><strong>τὴν</strong></span> <span class='ocrx_word' id='word_1_37' title='bbox 753 752 974 809; x_wconf 71' lang='grc' dir='ltr'><strong>ικϐασιν</strong></span> <span class='ocrx_word' id='word_1_38' title='bbox 1002 754 1102 825; x_wconf 73' lang='grc' dir='ltr'><strong>τῆς</strong></span> <span class='ocrx_word' id='word_1_39' title='bbox 1123 754 1489 826; x_wconf 81' lang='grc' dir='ltr'><strong>ἀναστροφῆς,</strong></span> <span class='ocrx_word' id='word_1_40' title='bbox 1523 752 1626 826; x_wconf 80' lang='grc' dir='ltr'><strong>τὴν</strong></span> <span class='ocrx_word' id='word_1_41' title='bbox 1657 752 1844 809; x_wconf 82' lang='grc' dir='ltr'><strong>πίστιν</strong></span> 
     </span>
    </p>
   </div>
   <div class='ocr_carea' id='block_1_9' title="bbox 272 843 1843 918">
    <p class='ocr_par' dir='ltr' id='par_1_9' title="bbox 272 843 1843 918">
     <span class='ocr_line' id='line_1_9' title="bbox 272 843 1843 918; baseline -0.002 -16"><span class='ocrx_word' id='word_1_42' title='bbox 272 844 724 918; x_wconf 78' lang='grc' dir='ltr'><strong>ἀπομιμούμεθα,</strong></span> <span class='ocrx_word' id='word_1_43' title='bbox 752 843 896 900; x_wconf 81' lang='grc' dir='ltr'><strong>τοῦτ’</strong></span> <span class='ocrx_word' id='word_1_44' title='bbox 921 843 1065 910; x_wconf 72' lang='grc' dir='ltr'><strong>εστι,</strong></span> <span class='ocrx_word' id='word_1_45' title='bbox 1093 844 1163 899; x_wconf 81' lang='grc' dir='ltr'><strong>τὰ</strong></span> <span class='ocrx_word' id='word_1_46' title='bbox 1192 844 1335 898; x_wconf 81' lang='grc' dir='ltr'><strong>αότά</strong></span> <span class='ocrx_word' id='word_1_47' title='bbox 1375 844 1471 899; x_wconf 73' lang='grc' dir='ltr'><strong>καὶ</strong></span> <span class='ocrx_word' id='word_1_48' title='bbox 1508 847 1724 916; x_wconf 75' lang='grc' dir='ltr'><strong>φρονεῖν</strong></span> <span class='ocrx_word' id='word_1_49' title='bbox 1745 846 1843 900; x_wconf 74' lang='lat' dir='ltr'><strong>c.6-</strong></span> 
     </span>
    </p>
   </div>
   <div class='ocr_carea' id='block_1_10' title="bbox 273 935 1846 1008">
    <p class='ocr_par' dir='ltr' id='par_1_10' title="bbox 273 935 1846 1008">
     <span class='ocr_line' id='line_1_10' title="bbox 273 935 1846 1008; baseline -0.002 -16"><span class='ocrx_word' id='word_1_50' title='bbox 273 940 406 1003; x_wconf 72' lang='grc' dir='ltr'><strong>τοῖς,</strong></span> <span class='ocrx_word' id='word_1_51' title='bbox 457 939 552 992; x_wconf 74' lang='grc' dir='ltr'><strong>καὶ</strong></span> <span class='ocrx_word' id='word_1_52' title='bbox 593 938 779 992; x_wconf 72' lang='grc' dir='ltr'><strong>λαλεῖν</strong></span> <span class='ocrx_word' id='word_1_53' title='bbox 829 935 1224 1008; x_wconf 75' lang='grc' dir='ltr'><strong>σπουδάζομεν,</strong></span> <span class='ocrx_word' id='word_1_54' title='bbox 1266 937 1390 990; x_wconf 80' lang='grc' dir='ltr'><strong>κατ’</strong></span> <span class='ocrx_word' id='word_1_55' title='bbox 1417 935 1614 990; x_wconf 68' lang='grc' dir='ltr'><strong>οὐδένα</strong></span> <span class='ocrx_word' id='word_1_56' title='bbox 1639 936 1846 1008; x_wconf 84' lang='grc' dir='ltr'><strong>τρόπον</strong></span> 
     </span>
    </p>
   </div>
   <div class='ocr_carea' id='block_1_11' title="bbox 280 1026 1843 1101">
    <p class='ocr_par' dir='ltr' id='par_1_11' title="bbox 280 1026 1843 1101">
     <span class='ocr_line' id='line_1_11' title="bbox 280 1026 1843 1101; baseline 0.001 -20"><span class='ocrx_word' id='word_1_57' title='bbox 280 1026 380 1095; x_wconf 64' lang='grc' dir='ltr'><strong>ἔξω</strong></span> <span class='ocrx_word' id='word_1_58' title='bbox 399 1027 661 1101; x_wconf 68' lang='grc' dir='ltr'><strong>φέρεσθαι</strong></span> <span class='ocrx_word' id='word_1_59' title='bbox 709 1027 809 1095; x_wconf 83' lang='grc' dir='ltr'><strong>τῆς</strong></span> <span class='ocrx_word' id='word_1_60' title='bbox 834 1026 1112 1092; x_wconf 73' lang='grc' dir='ltr'><strong>εὐσεϐείας</strong></span> <span class='ocrx_word' id='word_1_61' title='bbox 1135 1027 1452 1098; x_wconf 72' lang='grc' dir='ltr'><strong>ἀνεχόμενοι</strong></span> <span class='ocrx_word' id='word_1_62' title='bbox 1500 1026 1706 1096; x_wconf 85' lang='grc' dir='ltr'><strong>τρίϐου.</strong></span> <span class='ocrx_word' id='word_1_63' title='bbox 1731 1028 1843 1082; x_wconf 83' lang='grc' dir='ltr'><strong>Με-</strong></span> 
     </span>
    </p>
   </div>
   <div class='ocr_carea' id='block_1_12' title="bbox 282 1114 1845 1190">
    <p class='ocr_par' dir='ltr' id='par_1_12' title="bbox 282 1114 1845 1190">
     <span class='ocr_line' id='line_1_12' title="bbox 282 1114 1845 1190; baseline -0.001 -1"><span class='ocrx_word' id='word_1_64' title='bbox 282 1118 542 1190; x_wconf 65' lang='lat' dir='ltr'><strong>Mch</strong></span> <span class='ocrx_word' id='word_1_65' title='bbox 565 1117 673 1189; x_wconf 77' lang='grc' dir='ltr'><strong>γὰρ</strong></span> <span class='ocrx_word' id='word_1_66' title='bbox 700 1117 800 1185; x_wconf 71' lang='grc' dir='ltr'><strong>τῆς</strong></span> <span class='ocrx_word' id='word_1_67' title='bbox 813 1117 1166 1172; x_wconf 71' lang='grc' dir='ltr'><strong>θεοπνεύστου</strong></span> <span class='ocrx_word' id='word_1_68' title='bbox 1183 1116 1404 1188; x_wconf 77' lang='grc' dir='ltr'><strong>Γραφῆς</strong></span> <span class='ocrx_word' id='word_1_69' title='bbox 1429 1114 1694 1186; x_wconf 75' lang='grc' dir='ltr'><strong>βοώσηςό</strong></span> <span class='ocrx_word' id='word_1_70' title='bbox 1722 1117 1845 1188; x_wconf 70' lang='lat'><strong>‘09-</strong></span> 
     </span>
    </p>
   </div>
   <div class='ocr_carea' id='block_1_13' title="bbox 273 1208 1843 1281">
    <p class='ocr_par' dir='ltr' id='par_1_13' title="bbox 273 1208 1843 1281">
     <span class='ocr_line' id='line_1_13' title="bbox 273 1208 1843 1281; baseline 0.001 -18"><span class='ocrx_word' id='word_1_71' title='bbox 273 1208 374 1275; x_wconf 67' lang='grc' dir='ltr'><strong>θὲς</strong></span> <span class='ocrx_word' id='word_1_72' title='bbox 399 1209 621 1281; x_wconf 75' lang='grc' dir='ltr'><strong>τροχιὰς</strong></span> <span class='ocrx_word' id='word_1_73' title='bbox 651 1208 794 1262; x_wconf 76' lang='grc' dir='ltr'><strong>ποίει</strong></span> <span class='ocrx_word' id='word_1_74' title='bbox 833 1211 946 1272; x_wconf 72' lang='grc' dir='ltr'><strong>σοῖς</strong></span> <span class='ocrx_word' id='word_1_75' title='bbox 980 1209 1128 1263; x_wconf 80' lang='grc' dir='ltr'><strong>ποσί·</strong></span> <span class='ocrx_word' id='word_1_76' title='bbox 1157 1208 1250 1263; x_wconf 79' lang='grc' dir='ltr'><strong>καὶ</strong></span> <span class='ocrx_word' id='word_1_77' title='bbox 1278 1209 1375 1272; x_wconf 86' lang='grc' dir='ltr'><strong>τάς</strong></span> <span class='ocrx_word' id='word_1_78' title='bbox 1403 1208 1558 1273; x_wconf 77' lang='grc' dir='ltr'><strong>ὁδούς</strong></span> <span class='ocrx_word' id='word_1_79' title='bbox 1584 1225 1678 1263; x_wconf 88' lang='grc' dir='ltr'><strong>σου</strong></span> <span class='ocrx_word' id='word_1_80' title='bbox 1709 1226 1843 1264; x_wconf 85' lang='grc' dir='ltr'><strong>κατ-</strong></span> 
     </span>
    </p>
   </div>
   <div class='ocr_carea' id='block_1_14' title="bbox 273 1299 1844 1373">
    <p class='ocr_par' dir='ltr' id='par_1_14' title="bbox 273 1299 1844 1373">
     <span class='ocr_line' id='line_1_14' title="bbox 273 1299 1844 1373; baseline -0.001 -17"><span class='ocrx_word' id='word_1_81' title='bbox 273 1299 485 1356; x_wconf 82' lang='grc' dir='ltr'><strong>εύθυνε.</strong></span> <span class='ocrx_word' id='word_1_82' title='bbox 513 1318 532 1352; x_wconf 81' lang='grc' dir='ltr'><strong>ι</strong></span> <span class='ocrx_word' id='word_1_83' title='bbox 571 1303 634 1355; x_wconf 90' lang='grc' dir='ltr'><strong>οι</strong></span> <span class='ocrx_word' id='word_1_84' title='bbox 680 1301 778 1372; x_wconf 63' lang='grc' dir='ltr'><strong>μὲν</strong></span> <span class='ocrx_word' id='word_1_85' title='bbox 823 1299 931 1373; x_wconf 84' lang='grc' dir='ltr'><strong>γάρ</strong></span> <span class='ocrx_word' id='word_1_86' title='bbox 964 1301 1060 1366; x_wconf 85' lang='grc' dir='ltr'><strong>τάς</strong></span> <span class='ocrx_word' id='word_1_87' title='bbox 1099 1299 1263 1372; x_wconf 87' lang='grc' dir='ltr'><strong>όρθάς</strong></span> <span class='ocrx_word' id='word_1_88' title='bbox 1286 1300 1557 1372; x_wconf 75' lang='grc' dir='ltr'><strong>τιμῶντες</strong></span> <span class='ocrx_word' id='word_1_89' title='bbox 1602 1301 1844 1373; x_wconf 80' lang='grc' dir='ltr'><strong>τροχιὰς,</strong></span> 
     </span>
    </p>
   </div>
   <div class='ocr_carea' id='block_1_15' title="bbox 273 1391 1847 1464">
    <p class='ocr_par' dir='ltr' id='par_1_15' title="bbox 273 1391 1847 1464">
     <span class='ocr_line' id='line_1_15' title="bbox 273 1391 1847 1464; baseline -0.002 -16"><span class='ocrx_word' id='word_1_90' title='bbox 273 1392 417 1448; x_wconf 88' lang='grc' dir='ltr'><strong>κατά</strong></span> <span class='ocrx_word' id='word_1_91' title='bbox 449 1392 652 1447; x_wconf 78' lang='grc' dir='ltr'><strong>σκοπδν</strong></span> <span class='ocrx_word' id='word_1_92' title='bbox 701 1392 1022 1464; x_wconf 66' lang='grc' dir='ltr'><strong>τρέχουσιν,</strong></span> <span class='ocrx_word' id='word_1_93' title='bbox 1069 1392 1151 1454; x_wconf 89' lang='grc' dir='ltr'><strong>είς</strong></span> <span class='ocrx_word' id='word_1_94' title='bbox 1192 1391 1258 1446; x_wconf 64' lang='grc' dir='ltr'><strong>τὺ</strong></span> <span class='ocrx_word' id='word_1_95' title='bbox 1297 1392 1549 1464; x_wconf 71' lang='grc' dir='ltr'><strong>βραϐεῖον</strong></span> <span class='ocrx_word' id='word_1_96' title='bbox 1591 1391 1694 1461; x_wconf 84' lang='grc' dir='ltr'><strong>τῆς</strong></span> <span class='ocrx_word' id='word_1_97' title='bbox 1735 1392 1847 1447; x_wconf 75' lang='grc' dir='ltr'><strong>ἀνω</strong></span> 
     </span>
    </p>
   </div>
   <div class='ocr_carea' id='block_1_16' title="bbox 273 1482 1845 1557">
    <p class='ocr_par' dir='ltr' id='par_1_16' title="bbox 273 1482 1845 1557">
     <span class='ocr_line' id='line_1_16' title="bbox 273 1482 1845 1557; baseline -0.001 -19"><span class='ocrx_word' id='word_1_98' title='bbox 273 1483 521 1557; x_wconf 80' lang='grc' dir='ltr'><strong>κλήσεως</strong></span> <span class='ocrx_word' id='word_1_99' title='bbox 547 1486 606 1538; x_wconf 70' lang='grc' dir='ltr'><strong>εν</strong></span> <span class='ocrx_word' id='word_1_100' title='bbox 642 1483 882 1554; x_wconf 78' lang='grc' dir='ltr'><strong>Χριστῷ·</strong></span> <span class='ocrx_word' id='word_1_101' title='bbox 913 1485 963 1538; x_wconf 78' lang='lat' dir='ltr'><strong>ot</strong></span> <span class='ocrx_word' id='word_1_102' title='bbox 1005 1482 1062 1537; x_wconf 83' lang='grc' dir='ltr'><strong>δι</strong></span> <span class='ocrx_word' id='word_1_103' title='bbox 1088 1485 1191 1553; x_wconf 81' lang='grc' dir='ltr'><strong>τῆς</strong></span> <span class='ocrx_word' id='word_1_104' title='bbox 1221 1485 1587 1554; x_wconf 80' lang='grc' dir='ltr'><strong>ἀποστολικῆς</strong></span> <span class='ocrx_word' id='word_1_105' title='bbox 1632 1484 1727 1538; x_wconf 73' lang='grc' dir='ltr'><strong>καὶ</strong></span> <span class='ocrx_word' id='word_1_106' title='bbox 1753 1483 1845 1538; x_wconf 80' lang='grc' dir='ltr'><strong>εὖ·</strong></span> 
     </span>
    </p>
   </div>
   <div class='ocr_carea' id='block_1_17' title="bbox 271 1574 1847 1648">
    <p class='ocr_par' dir='ltr' id='par_1_17' title="bbox 271 1574 1847 1648">
     <span class='ocr_line' id='line_1_17' title="bbox 271 1574 1847 1648; baseline 0 -20"><span class='ocrx_word' id='word_1_107' title='bbox 271 1575 570 1647; x_wconf 78' lang='grc' dir='ltr'><strong>αγγελικῆς</strong></span> <span class='ocrx_word' id='word_1_108' title='bbox 597 1575 945 1648; x_wconf 74' lang='grc' dir='ltr'><strong>παραδόσεως</strong></span> <span class='ocrx_word' id='word_1_109' title='bbox 980 1574 1364 1646; x_wconf 80' lang='grc' dir='ltr'><strong>ἀλογήσαντες,</strong></span> <span class='ocrx_word' id='word_1_110' title='bbox 1401 1578 1497 1633; x_wconf 75' lang='grc' dir='ltr'><strong>καὶ</strong></span> <span class='ocrx_word' id='word_1_111' title='bbox 1523 1576 1624 1648; x_wconf 73' lang='grc' dir='ltr'><strong>τὴν</strong></span> <span class='ocrx_word' id='word_1_112' title='bbox 1655 1575 1847 1629; x_wconf 73' lang='grc' dir='ltr'><strong>νεωτέ-</strong></span> 
     </span>
    </p>
   </div>
   <div class='ocr_carea' id='block_1_18' title="bbox 275 1666 1851 1741">
    <p class='ocr_par' dir='ltr' id='par_1_18' title="bbox 275 1666 1851 1741">
     <span class='ocr_line' id='line_1_18' title="bbox 275 1666 1851 1741; baseline -0.001 -20"><span class='ocrx_word' id='word_1_113' title='bbox 275 1684 403 1741; x_wconf 87' lang='grc' dir='ltr'><strong>ραν,</strong></span> <span class='ocrx_word' id='word_1_114' title='bbox 441 1669 536 1722; x_wconf 78' lang='grc' dir='ltr'><strong>καὶ</strong></span> <span class='ocrx_word' id='word_1_115' title='bbox 577 1667 849 1738; x_wconf 77' lang='grc' dir='ltr'><strong>ἀνωφελῆ.</strong></span> <span class='ocrx_word' id='word_1_116' title='bbox 905 1668 1002 1723; x_wconf 74' lang='grc' dir='ltr'><strong>καὶ</strong></span> <span class='ocrx_word' id='word_1_117' title='bbox 1049 1669 1454 1737; x_wconf 69' lang='grc' dir='ltr'><strong>καταγέλαστον</strong></span> <span class='ocrx_word' id='word_1_118' title='bbox 1509 1668 1588 1733; x_wconf 82' lang='grc' dir='ltr'><strong>ὡς</strong></span> <span class='ocrx_word' id='word_1_119' title='bbox 1633 1666 1851 1737; x_wconf 82' lang='grc' dir='ltr'><strong>ἀληθῶς</strong></span> 
     </span>
    </p>
   </div>
   <div class='ocr_carea' id='block_1_19' title="bbox 273 1757 1849 1833">
    <p class='ocr_par' dir='ltr' id='par_1_19' title="bbox 273 1757 1849 1833">
     <span class='ocr_line' id='line_1_19' title="bbox 273 1757 1849 1833; baseline 0 -19"><span class='ocrx_word' id='word_1_120' title='bbox 273 1758 374 1826; x_wconf 72' lang='grc' dir='ltr'><strong>τῆς</strong></span> <span class='ocrx_word' id='word_1_121' title='bbox 400 1759 610 1814; x_wconf 64' lang='grc' dir='ltr'><strong>ἑαυτῶν</strong></span> <span class='ocrx_word' id='word_1_122' title='bbox 636 1759 875 1823; x_wconf 77' lang='grc' dir='ltr'>διανοίας</span> <span class='ocrx_word' id='word_1_123' title='bbox 915 1757 1182 1828; x_wconf 79' lang='grc' dir='ltr'><strong>τιμῶντες</strong></span> <span class='ocrx_word' id='word_1_124' title='bbox 1219 1759 1462 1833; x_wconf 76' lang='grc' dir='ltr'><strong>εὕρεσιν.</strong></span> <span class='ocrx_word' id='word_1_125' title='bbox 1502 1760 1849 1815; x_wconf 66' lang='grc' dir='ltr'><strong>ἀκουότωσαν</strong></span> 
     </span>
    </p>
   </div>
   <div class='ocr_carea' id='block_1_20' title="bbox 274 1830 1922 1924">
    <p class='ocr_par' dir='ltr' id='par_1_20' title="bbox 274 1830 1922 1924">
     <span class='ocr_line' id='line_1_20' title="bbox 274 1830 1922 1924; baseline 0.001 -22"><span class='ocrx_word' id='word_1_126' title='bbox 274 1850 429 1922; x_wconf 83' lang='grc' dir='ltr'><strong>παρά</strong></span> <span class='ocrx_word' id='word_1_127' title='bbox 465 1850 700 1904; x_wconf 56' lang='grc' dir='ltr'><strong>πάντων</strong></span> <span class='ocrx_word' id='word_1_128' title='bbox 730 1869 750 1902; x_wconf 83' lang='grc' dir='ltr'><strong>ι</strong></span> <span class='ocrx_word' id='word_1_129' title='bbox 771 1850 862 1922; x_wconf 72' lang='grc' dir='ltr'><strong>Μὴ</strong></span> <span class='ocrx_word' id='word_1_130' title='bbox 897 1850 1128 1924; x_wconf 76' lang='grc' dir='ltr'><strong>μίταιρε</strong></span> <span class='ocrx_word' id='word_1_131' title='bbox 1161 1861 1190 1902; x_wconf 72' lang='grc' dir='ltr'><strong>ιι</strong></span> <span class='ocrx_word' id='word_1_132' title='bbox 1210 1830 1340 1923; x_wconf 71' lang='grc' dir='ltr'><strong>ϐρια</strong></span> <span class='ocrx_word' id='word_1_133' title='bbox 1361 1850 1578 1912; x_wconf 73' lang='grc' dir='ltr'><strong>αἰώνια.</strong></span> <span class='ocrx_word' id='word_1_134' title='bbox 1607 1851 1644 1906; x_wconf 77' lang='grc' dir='ltr'><strong>ἀ</strong></span> <span class='ocrx_word' id='word_1_135' title='bbox 1667 1850 1850 1904; x_wconf 77' lang='grc' dir='ltr'><strong>ἔθεντο</strong></span> <span class='ocrx_word' id='word_1_136' title='bbox 1883 1830 1922 1885; x_wconf 71' lang='grc' dir='ltr'><strong>Β</strong></span> 
     </span>
    </p>
   </div>
   <div class='ocr_carea' id='block_1_21' title="bbox 271 1940 1845 2016">
    <p class='ocr_par' dir='ltr' id='par_1_21' title="bbox 271 1940 1845 2016">
     <span class='ocr_line' id='line_1_21' title="bbox 271 1940 1845 2016; baseline 0 -18"><span class='ocrx_word' id='word_1_137' title='bbox 271 1943 322 1998; x_wconf 75' lang='grc' dir='ltr'><strong>οἱ</strong></span> <span class='ocrx_word' id='word_1_138' title='bbox 341 1940 580 2011; x_wconf 67' lang='grc' dir='ltr'><strong>πατέρες</strong></span> <span class='ocrx_word' id='word_1_139' title='bbox 610 1958 705 1996; x_wconf 84' lang='grc' dir='ltr'><strong>σου</strong></span> <span class='ocrx_word' id='word_1_140' title='bbox 722 1952 770 1996; x_wconf 83' lang='grc' dir='ltr'><strong>ι’.</strong></span> <span class='ocrx_word' id='word_1_141' title='bbox 801 1962 819 1994; x_wconf 80' lang='grc' dir='ltr'><strong>ι</strong></span> <span class='ocrx_word' id='word_1_142' title='bbox 839 1943 913 1998; x_wconf 84' lang='grc' dir='ltr'><strong>Οὐ</strong></span> <span class='ocrx_word' id='word_1_143' title='bbox 929 1943 1039 2016; x_wconf 89' lang='grc' dir='ltr'><strong>γάρ</strong></span> <span class='ocrx_word' id='word_1_144' title='bbox 1057 1944 1248 1998; x_wconf 88' lang='grc' dir='ltr'><strong>ἀστεία</strong></span> <span class='ocrx_word' id='word_1_145' title='bbox 1262 1943 1372 1999; x_wconf 79' lang='grc' dir='ltr'><strong>τῶν</strong></span> <span class='ocrx_word' id='word_1_146' title='bbox 1389 1945 1646 1998; x_wconf 76' lang='grc' dir='ltr'><strong>τοιούτων</strong></span> <span class='ocrx_word' id='word_1_147' title='bbox 1661 1946 1694 2014; x_wconf 86' lang='grc' dir='ltr'><strong>ἡ</strong></span> <span class='ocrx_word' id='word_1_148' title='bbox 1710 1944 1845 2007; x_wconf 77' lang='grc' dir='ltr'><strong>ὀϐόςο</strong></span> 
     </span>
    </p>
   </div>
   <div class='ocr_carea' id='block_1_22' title="bbox 273 2032 1850 2108">
    <p class='ocr_par' dir='ltr' id='par_1_22' title="bbox 273 2032 1850 2108">
     <span class='ocr_line' id='line_1_22' title="bbox 273 2032 1850 2108; baseline 0.001 -19"><span class='ocrx_word' id='word_1_149' title='bbox 273 2032 561 2104; x_wconf 72' lang='grc' dir='ltr'><strong>καμπύλαι</strong></span> <span class='ocrx_word' id='word_1_150' title='bbox 594 2034 652 2089; x_wconf 64' lang='grc' dir='ltr'>ἃ</span> <span class='ocrx_word' id='word_1_151' title='bbox 687 2035 888 2105; x_wconf 66' lang='grc' dir='ltr'><strong>μᾶλλον</strong></span> <span class='ocrx_word' id='word_1_152' title='bbox 916 2035 975 2089; x_wconf 91' lang='grc' dir='ltr'><strong>αί</strong></span> <span class='ocrx_word' id='word_1_153' title='bbox 1007 2035 1224 2107; x_wconf 75' lang='grc' dir='ltr'><strong>τροχιαὶ</strong></span> <span class='ocrx_word' id='word_1_154' title='bbox 1249 2075 1266 2101; x_wconf 87' lang='grc'><strong>,</strong></span> <span class='ocrx_word' id='word_1_155' title='bbox 1293 2037 1389 2090; x_wconf 83' lang='grc' dir='ltr'><strong>καὶ</strong></span> <span class='ocrx_word' id='word_1_156' title='bbox 1443 2036 1524 2099; x_wconf 84' lang='grc' dir='ltr'><strong>είς</strong></span> <span class='ocrx_word' id='word_1_157' title='bbox 1576 2036 1850 2108; x_wconf 74' lang='grc' dir='ltr'><strong>πέταυρον</strong></span> 
     </span>
    </p>
   </div>
   <div class='ocr_carea' id='block_1_23' title="bbox 273 2125 1850 2199">
    <p class='ocr_par' dir='ltr' id='par_1_23' title="bbox 273 2125 1850 2199">
     <span class='ocr_line' id='line_1_23' title="bbox 273 2125 1850 2199; baseline 0.001 -19"><span class='ocrx_word' id='word_1_158' title='bbox 273 2125 426 2199; x_wconf 64' lang='grc' dir='ltr'><strong>μου,</strong></span> <span class='ocrx_word' id='word_1_159' title='bbox 458 2126 556 2180; x_wconf 78' lang='grc' dir='ltr'><strong>καὶ</strong></span> <span class='ocrx_word' id='word_1_160' title='bbox 584 2126 784 2196; x_wconf 79' lang='grc' dir='ltr'><strong>παγίδα</strong></span> <span class='ocrx_word' id='word_1_161' title='bbox 812 2125 1044 2182; x_wconf 84' lang='grc' dir='ltr'><strong>θανάτου</strong></span> <span class='ocrx_word' id='word_1_162' title='bbox 1075 2125 1563 2198; x_wconf 79' lang='grc' dir='ltr'><strong>κατακομίζουσαι.</strong></span> <span class='ocrx_word' id='word_1_163' title='bbox 1600 2127 1712 2180; x_wconf 79' lang='grc' dir='ltr'><strong>Καί</strong></span> <span class='ocrx_word' id='word_1_164' title='bbox 1758 2143 1850 2198; x_wconf 86' lang='grc' dir='ltr'><strong>μοι</strong></span> 
     </span>
    </p>
   </div>
   <div class='ocr_carea' id='block_1_24' title="bbox 270 2215 1852 2289">
    <p class='ocr_par' dir='ltr' id='par_1_24' title="bbox 270 2215 1852 2289">
     <span class='ocr_line' id='line_1_24' title="bbox 270 2215 1852 2289; baseline 0.001 -17"><span class='ocrx_word' id='word_1_165' title='bbox 270 2215 420 2272; x_wconf 74' lang='grc' dir='ltr'><strong>δοκεῖ</strong></span> <span class='ocrx_word' id='word_1_166' title='bbox 451 2217 616 2288; x_wconf 71' lang='grc' dir='ltr'><strong>σοφὸς</strong></span> <span class='ocrx_word' id='word_1_167' title='bbox 646 2216 723 2272; x_wconf 78' lang='grc' dir='ltr'>ὢν</span> <span class='ocrx_word' id='word_1_168' title='bbox 754 2218 894 2287; x_wconf 75' lang='grc' dir='ltr'><strong>ἄγαν</strong></span> <span class='ocrx_word' id='word_1_169' title='bbox 927 2219 958 2272; x_wconf 87' lang='grc' dir='ltr'><strong>ό</strong></span> <span class='ocrx_word' id='word_1_170' title='bbox 986 2218 1259 2289; x_wconf 78' lang='grc' dir='ltr'><strong>Σολομὼν.</strong></span> <span class='ocrx_word' id='word_1_171' title='bbox 1290 2217 1514 2289; x_wconf 73' lang='grc' dir='ltr'><strong>ἀσεμνῳ</strong></span> <span class='ocrx_word' id='word_1_172' title='bbox 1546 2217 1766 2287; x_wconf 60' lang='grc' dir='ltr'><strong>γυναικὶ</strong></span> <span class='ocrx_word' id='word_1_173' title='bbox 1790 2217 1852 2273; x_wconf 74' lang='grc' dir='ltr'><strong>τό</strong></span> 
     </span>
    </p>
   </div>
   <div class='ocr_carea' id='block_1_25' title="bbox 273 2305 1853 2381">
    <p class='ocr_par' dir='ltr' id='par_1_25' title="bbox 273 2305 1853 2381">
     <span class='ocr_line' id='line_1_25' title="bbox 273 2305 1853 2381; baseline 0.003 -22"><span class='ocrx_word' id='word_1_174' title='bbox 273 2305 512 2378; x_wconf 70' lang='grc' dir='ltr'><strong>ὖκάστης</strong></span> <span class='ocrx_word' id='word_1_175' title='bbox 553 2307 663 2361; x_wconf 84' lang='grc' dir='ltr'><strong>τῶν</strong></span> <span class='ocrx_word' id='word_1_176' title='bbox 710 2307 974 2378; x_wconf 71' lang='grc' dir='ltr'><strong>αίρὲσεων</strong></span> <span class='ocrx_word' id='word_1_177' title='bbox 1023 2307 1325 2381; x_wconf 76' lang='grc' dir='ltr'><strong>περιθεῖναι</strong></span> <span class='ocrx_word' id='word_1_178' title='bbox 1376 2308 1690 2380; x_wconf 79' lang='grc' dir='ltr'><strong>πρόσωπον,</strong></span> <span class='ocrx_word' id='word_1_179' title='bbox 1729 2305 1853 2364; x_wconf 76' lang='grc' dir='ltr'><strong>εἶτα</strong></span> 
     </span>
    </p>
   </div>
   <div class='ocr_carea' id='block_1_26' title="bbox 272 2397 1854 2470">
    <p class='ocr_par' dir='ltr' id='par_1_26' title="bbox 272 2397 1854 2470">
     <span class='ocr_line' id='line_1_26' title="bbox 272 2397 1854 2470; baseline 0.003 -20"><span class='ocrx_word' id='word_1_180' title='bbox 272 2397 403 2468; x_wconf 74' lang='grc' dir='ltr'><strong>περὶ</strong></span> <span class='ocrx_word' id='word_1_181' title='bbox 431 2397 606 2466; x_wconf 82' lang='grc' dir='ltr'><strong>αὐτῆς</strong></span> <span class='ocrx_word' id='word_1_182' title='bbox 628 2397 820 2459; x_wconf 74' lang='grc' dir='ltr'><strong>εἰπεῖν.</strong></span> <span class='ocrx_word' id='word_1_183' title='bbox 844 2398 921 2463; x_wconf 80' lang='grc' dir='ltr'><strong>ὥς</strong></span> <span class='ocrx_word' id='word_1_184' title='bbox 947 2399 1053 2470; x_wconf 81' lang='grc' dir='ltr'><strong>χρὴ</strong></span> <span class='ocrx_word' id='word_1_185' title='bbox 1076 2399 1482 2470; x_wconf 76' lang='grc' dir='ltr'><strong>παραιτεῖσθαι,</strong></span> <span class='ocrx_word' id='word_1_186' title='bbox 1508 2401 1603 2454; x_wconf 76' lang='grc' dir='ltr'><strong>καὶ</strong></span> <span class='ocrx_word' id='word_1_187' title='bbox 1628 2400 1854 2470; x_wconf 79' lang='grc' dir='ltr'><strong>φεύγειν</strong></span> 
     </span>
    </p>
   </div>
   <div class='ocr_carea' id='block_1_27' title="bbox 271 2485 1853 2564">
    <p class='ocr_par' dir='ltr' id='par_1_27' title="bbox 271 2485 1853 2564">
     <span class='ocr_line' id='line_1_27' title="bbox 271 2485 1853 2564; baseline 0.006 -24"><span class='ocrx_word' id='word_1_188' title='bbox 271 2485 373 2558; x_wconf 77' lang='grc' dir='ltr'><strong>τὴν</strong></span> <span class='ocrx_word' id='word_1_189' title='bbox 401 2487 656 2557; x_wconf 74' lang='grc' dir='ltr'><strong>τοιαύτην</strong></span> <span class='ocrx_word' id='word_1_190' title='bbox 685 2491 951 2557; x_wconf 76' lang='grc' dir='ltr'><strong>γυναῖκα,</strong></span> <span class='ocrx_word' id='word_1_191' title='bbox 980 2491 1104 2559; x_wconf 75' lang='grc' dir='ltr'><strong>ἥτις</strong></span> <span class='ocrx_word' id='word_1_192' title='bbox 1142 2492 1293 2545; x_wconf 65' lang='grc' dir='ltr'><strong>εστὶν</strong></span> <span class='ocrx_word' id='word_1_193' title='bbox 1325 2491 1599 2564; x_wconf 83' lang='grc' dir='ltr'><strong>θήρευμα,</strong></span> <span class='ocrx_word' id='word_1_194' title='bbox 1633 2495 1729 2548; x_wconf 83' lang='grc' dir='ltr'><strong>καὶ</strong></span> <span class='ocrx_word' id='word_1_195' title='bbox 1756 2511 1853 2549; x_wconf 88' lang='grc' dir='ltr'><strong>σα-</strong></span> 
     </span>
    </p>
   </div>
   <div class='ocr_carea' id='block_1_28' title="bbox 272 2579 1851 2656">
    <p class='ocr_par' dir='ltr' id='par_1_28' title="bbox 272 2579 1851 2656">
     <span class='ocr_line' id='line_1_28' title="bbox 272 2579 1851 2656; baseline 0.004 -22"><span class='ocrx_word' id='word_1_196' title='bbox 272 2580 412 2649; x_wconf 83' lang='grc' dir='ltr'><strong>γήνη</strong></span> <span class='ocrx_word' id='word_1_197' title='bbox 444 2587 467 2617; x_wconf 80' lang='grc'><strong>⁸</strong></span> <span class='ocrx_word' id='word_1_198' title='bbox 510 2579 704 2651; x_wconf 78' lang='grc' dir='ltr'><strong>καρδία</strong></span> <span class='ocrx_word' id='word_1_199' title='bbox 733 2581 924 2652; x_wconf 81' lang='grc' dir='ltr'><strong>αὐτῆς.</strong></span> <span class='ocrx_word' id='word_1_200' title='bbox 959 2582 1156 2654; x_wconf 74' lang='grc' dir='ltr'><strong>δεσμὸς</strong></span> <span class='ocrx_word' id='word_1_201' title='bbox 1196 2585 1279 2647; x_wconf 80' lang='grc' dir='ltr'><strong>εις</strong></span> <span class='ocrx_word' id='word_1_202' title='bbox 1320 2587 1508 2656; x_wconf 81' lang='grc' dir='ltr'><strong>χεῖρας</strong></span> <span class='ocrx_word' id='word_1_203' title='bbox 1547 2585 1739 2656; x_wconf 70' lang='grc' dir='ltr'><strong>αὐτῆς.</strong></span> <span class='ocrx_word' id='word_1_204' title='bbox 1792 2586 1851 2640; x_wconf 81' lang='lat'><strong>&#39;0</strong></span> 
     </span>
    </p>
   </div>
   <div class='ocr_carea' id='block_1_29' title="bbox 274 2666 1850 2744">
    <p class='ocr_par' dir='ltr' id='par_1_29' title="bbox 274 2666 1850 2744">
     <span class='ocr_line' id='line_1_29' title="bbox 274 2666 1850 2744; baseline 0.004 -22"><span class='ocrx_word' id='word_1_205' title='bbox 274 2666 481 2738; x_wconf 72' lang='grc' dir='ltr'><strong>ἀγαθὸς</strong></span> <span class='ocrx_word' id='word_1_206' title='bbox 507 2669 616 2740; x_wconf 75' lang='grc' dir='ltr'><strong>πρὸ</strong></span> <span class='ocrx_word' id='word_1_207' title='bbox 639 2671 931 2741; x_wconf 79' lang='grc' dir='ltr'><strong>προσώπου</strong></span> <span class='ocrx_word' id='word_1_208' title='bbox 955 2671 1048 2726; x_wconf 81' lang='grc' dir='ltr'><strong>τοῦ</strong></span> <span class='ocrx_word' id='word_1_209' title='bbox 1072 2670 1232 2734; x_wconf 80' lang='grc' dir='ltr'><strong>Θεοῦ,</strong></span> <span class='ocrx_word' id='word_1_210' title='bbox 1259 2672 1674 2744; x_wconf 66' lang='grc' dir='ltr'><strong>ἐξαιρεθήσεται</strong></span> <span class='ocrx_word' id='word_1_211' title='bbox 1703 2675 1722 2710; x_wconf 71' lang='grc' dir='ltr'><strong>ί</strong></span> <span class='ocrx_word' id='word_1_212' title='bbox 1755 2673 1850 2728; x_wconf 80' lang='grc' dir='ltr'><strong>ἀπ’</strong></span> 
     </span>
    </p>
   </div>
   <div class='ocr_carea' id='block_1_30' title="bbox 273 2759 1849 2836">
    <p class='ocr_par' dir='ltr' id='par_1_30' title="bbox 273 2759 1849 2836">
     <span class='ocr_line' id='line_1_30' title="bbox 273 2759 1849 2836; baseline 0.004 -24"><span class='ocrx_word' id='word_1_213' title='bbox 273 2759 478 2829; x_wconf 74' lang='grc' dir='ltr'><strong>αύτῆςο</strong></span> <span class='ocrx_word' id='word_1_214' title='bbox 529 2760 626 2814; x_wconf 78' lang='grc' dir='ltr'><strong>καὶ</strong></span> <span class='ocrx_word' id='word_1_215' title='bbox 664 2760 696 2814; x_wconf 85' lang='grc' dir='ltr'><strong>ό</strong></span> <span class='ocrx_word' id='word_1_216' title='bbox 733 2761 1085 2834; x_wconf 79' lang='grc' dir='ltr'><strong>ἁμαρτάνων.</strong></span> <span class='ocrx_word' id='word_1_217' title='bbox 1126 2763 1565 2835; x_wconf 77' lang='grc' dir='ltr'><strong>συλληφθήσεται</strong></span> <span class='ocrx_word' id='word_1_218' title='bbox 1593 2765 1654 2818; x_wconf 78' lang='grc' dir='ltr'><strong>ὲν</strong></span> <span class='ocrx_word' id='word_1_219' title='bbox 1682 2766 1849 2836; x_wconf 75' lang='grc' dir='ltr'><strong>αὐτῇ.</strong></span> 
     </span>
    </p>
   </div>
   <div class='ocr_carea' id='block_1_31' title="bbox 285 2847 1854 2925">
    <p class='ocr_par' dir='ltr' id='par_1_31' title="bbox 285 2847 1854 2925">
     <span class='ocr_line' id='line_1_31' title="bbox 285 2847 1854 2925; baseline 0.004 -23"><span class='ocrx_word' id='word_1_220' title='bbox 285 2847 429 2902; x_wconf 78' lang='grc' dir='ltr'><strong>Ἀλλ’</strong></span> <span class='ocrx_word' id='word_1_221' title='bbox 475 2848 792 2924; x_wconf 64' lang='grc' dir='ltr'><strong>ἐξῃρήμεθα</strong></span> <span class='ocrx_word' id='word_1_222' title='bbox 844 2851 944 2922; x_wconf 70' lang='grc' dir='ltr'><strong>μὲν</strong></span> <span class='ocrx_word' id='word_1_223' title='bbox 991 2853 1154 2924; x_wconf 78' lang='grc' dir='ltr'><strong>ἡμεῖς</strong></span> <span class='ocrx_word' id='word_1_224' title='bbox 1212 2852 1310 2922; x_wconf 83' lang='grc' dir='ltr'><strong>τῆς</strong></span> <span class='ocrx_word' id='word_1_225' title='bbox 1364 2851 1460 2906; x_wconf 81' lang='grc' dir='ltr'><strong>τοῦ</strong></span> <span class='ocrx_word' id='word_1_226' title='bbox 1524 2852 1854 2925; x_wconf 80' lang='grc' dir='ltr'><strong>θηρεύοντος</strong></span> 
     </span>
    </p>
   </div>
   <div class='ocr_carea' id='block_1_32' title="bbox 275 2940 1854 3013">
    <p class='ocr_par' dir='ltr' id='par_1_32' title="bbox 275 2940 1854 3013">
     <span class='ocr_line' id='line_1_32' title="bbox 275 2940 1854 3013; baseline 0.004 -18"><span class='ocrx_word' id='word_1_227' title='bbox 275 2940 559 3012; x_wconf 75' lang='grc' dir='ltr'><strong>ἀπλήστου</strong></span> <span class='ocrx_word' id='word_1_228' title='bbox 604 2941 827 3011; x_wconf 79' lang='grc' dir='ltr'><strong>παγίδος</strong></span> <span class='ocrx_word' id='word_1_229' title='bbox 846 2955 862 2970; x_wconf 74' lang='grc' dir='ltr'><strong><em>ο</em></strong></span> <span class='ocrx_word' id='word_1_230' title='bbox 908 2941 1229 3013; x_wconf 81' lang='grc' dir='ltr'><strong>σεσώσμεθα</strong></span> <span class='ocrx_word' id='word_1_231' title='bbox 1269 2943 1328 2998; x_wconf 77' lang='grc' dir='ltr'><strong>δι</strong></span> <span class='ocrx_word' id='word_1_232' title='bbox 1367 2943 1458 2998; x_wconf 78' lang='grc' dir='ltr'><strong>διὰ</strong></span> <span class='ocrx_word' id='word_1_233' title='bbox 1499 2943 1596 2999; x_wconf 83' lang='grc' dir='ltr'><strong>τοῦ</strong></span> <span class='ocrx_word' id='word_1_234' title='bbox 1633 2945 1854 3001; x_wconf 86' lang='grc' dir='ltr'><strong>πάντων</strong></span> 
     </span>
    </p>
   </div>
   <div class='ocr_carea' id='block_1_33' title="bbox 276 3031 1856 3106">
    <p class='ocr_par' dir='ltr' id='par_1_33' title="bbox 276 3031 1856 3106">
     <span class='ocr_line' id='line_1_33' title="bbox 276 3031 1856 3106; baseline 0.004 -20"><span class='ocrx_word' id='word_1_235' title='bbox 276 3031 433 3104; x_wconf 66' lang='grc' dir='ltr'><strong>ἡμῶν</strong></span> <span class='ocrx_word' id='word_1_236' title='bbox 470 3032 723 3105; x_wconf 75' lang='grc' dir='ltr'><strong>Σωτῆρος</strong></span> <span class='ocrx_word' id='word_1_237' title='bbox 743 3033 1002 3106; x_wconf 68' lang='grc' dir='ltr'><strong>Χριστοῦο</strong></span> <span class='ocrx_word' id='word_1_238' title='bbox 1028 3034 1088 3088; x_wconf 82' lang='grc' dir='ltr'><strong>όν</strong></span> <span class='ocrx_word' id='word_1_239' title='bbox 1119 3035 1212 3088; x_wconf 74' lang='grc' dir='ltr'><strong>καὶ</strong></span> <span class='ocrx_word' id='word_1_240' title='bbox 1238 3035 1372 3090; x_wconf 82' lang='grc' dir='ltr'><strong>Θεὸν</strong></span> <span class='ocrx_word' id='word_1_241' title='bbox 1401 3032 1542 3090; x_wconf 86' lang='grc' dir='ltr'><strong>εἶναι</strong></span> <span class='ocrx_word' id='word_1_242' title='bbox 1567 3037 1856 3092; x_wconf 84' lang='grc' dir='ltr'><strong>πιστεύον-</strong></span> 
     </span>
    </p>
   </div>
   <div class='ocr_carea' id='block_1_34' title="bbox 275 3123 1921 3222">
    <p class='ocr_par' dir='ltr' id='par_1_34' title="bbox 275 3123 1921 3222">
     <span class='ocr_line' id='line_1_34' title="bbox 275 3123 1921 3222; baseline 0.002 -43"><span class='ocrx_word' id='word_1_243' title='bbox 275 3139 366 3190; x_wconf 79' lang='grc' dir='ltr'><strong>τες</strong></span> <span class='ocrx_word' id='word_1_244' title='bbox 382 3166 399 3190; x_wconf 92' lang='grc'><strong>,</strong></span> <span class='ocrx_word' id='word_1_245' title='bbox 427 3123 816 3194; x_wconf 78' lang='grc' dir='ltr'><strong>ὁμολογοῦντες</strong></span> <span class='ocrx_word' id='word_1_246' title='bbox 850 3125 908 3180; x_wconf 79' lang='grc' dir='ltr'><strong>δὲ</strong></span> <span class='ocrx_word' id='word_1_247' title='bbox 942 3125 1205 3180; x_wconf 81' lang='grc' dir='ltr'><strong>Θεοτόκον</strong></span> <span class='ocrx_word' id='word_1_248' title='bbox 1237 3126 1332 3180; x_wconf 77' lang='grc' dir='ltr'><strong>καὶ</strong></span> <span class='ocrx_word' id='word_1_249' title='bbox 1358 3127 1460 3196; x_wconf 79' lang='grc' dir='ltr'><strong>τὴν</strong></span> <span class='ocrx_word' id='word_1_250' title='bbox 1491 3125 1634 3181; x_wconf 87' lang='grc' dir='ltr'><strong>κατά</strong></span> <span class='ocrx_word' id='word_1_251' title='bbox 1672 3128 1853 3200; x_wconf 80' lang='grc' dir='ltr'><strong>σάρκα</strong></span> <span class='ocrx_word' id='word_1_252' title='bbox 1878 3165 1921 3222; x_wconf 74' lang='lat' dir='ltr'><strong>C</strong></span> 
     </span>
    </p>
   </div>
   <div class='ocr_carea' id='block_1_35' title="bbox 277 3215 1851 3288">
    <p class='ocr_par' dir='ltr' id='par_1_35' title="bbox 277 3215 1851 3288">
     <span class='ocr_line' id='line_1_35' title="bbox 277 3215 1851 3288; baseline 0.001 -17"><span class='ocrx_word' id='word_1_253' title='bbox 277 3215 540 3271; x_wconf 77' lang='grc' dir='ltr'><strong>τεκοῦσαν</strong></span> <span class='ocrx_word' id='word_1_254' title='bbox 568 3215 751 3281; x_wconf 79' lang='grc' dir='ltr'><strong>αὑτὸν,</strong></span> <span class='ocrx_word' id='word_1_255' title='bbox 779 3216 930 3288; x_wconf 82' lang='grc' dir='ltr'><strong>αὐτῷ</strong></span> <span class='ocrx_word' id='word_1_256' title='bbox 961 3217 1227 3288; x_wconf 81' lang='grc' dir='ltr'><strong>πρόσιμεν</strong></span> <span class='ocrx_word' id='word_1_257' title='bbox 1254 3225 1306 3283; x_wconf 80' lang='grc' dir='ltr'><strong>ιι,</strong></span> <span class='ocrx_word' id='word_1_258' title='bbox 1331 3216 1602 3286; x_wconf 79' lang='grc' dir='ltr'><strong>λίγοντεςο</strong></span> <span class='ocrx_word' id='word_1_259' title='bbox 1639 3236 1660 3272; x_wconf 87' lang='grc' dir='ltr'><strong>ι</strong></span> <span class='ocrx_word' id='word_1_260' title='bbox 1686 3218 1851 3272; x_wconf 84' lang='grc' dir='ltr'><strong>Ζωώ-</strong></span> 
     </span>
    </p>
   </div>
   <div class='ocr_carea' id='block_1_36' title="bbox 278 3309 1855 3382">
    <p class='ocr_par' dir='ltr' id='par_1_36' title="bbox 278 3309 1855 3382">
     <span class='ocr_line' id='line_1_36' title="bbox 278 3309 1855 3382; baseline 0.003 -21"><span class='ocrx_word' id='word_1_261' title='bbox 278 3325 391 3372; x_wconf 80' lang='grc' dir='ltr'><strong>σιις</strong></span> <span class='ocrx_word' id='word_1_262' title='bbox 427 3310 593 3380; x_wconf 74' lang='grc' dir='ltr'><strong>ἡμᾶς,</strong></span> <span class='ocrx_word' id='word_1_263' title='bbox 620 3309 717 3362; x_wconf 74' lang='grc' dir='ltr'><strong>καὶ</strong></span> <span class='ocrx_word' id='word_1_264' title='bbox 738 3309 801 3362; x_wconf 81' lang='grc' dir='ltr'><strong>οὐ</strong></span> <span class='ocrx_word' id='word_1_265' title='bbox 843 3309 920 3381; x_wconf 75' lang='grc' dir='ltr'><strong>μὴ</strong></span> <span class='ocrx_word' id='word_1_266' title='bbox 961 3309 1288 3380; x_wconf 88' lang='grc' dir='ltr'><strong>ἀποστῶμεν</strong></span> <span class='ocrx_word' id='word_1_267' title='bbox 1328 3309 1440 3365; x_wconf 77' lang='grc' dir='ltr'><strong>ἀπὸ</strong></span> <span class='ocrx_word' id='word_1_268' title='bbox 1468 3309 1563 3364; x_wconf 79' lang='grc' dir='ltr'><strong>σοῦ</strong></span> <span class='ocrx_word' id='word_1_269' title='bbox 1583 3327 1598 3342; x_wconf 76' lang='grc' dir='ltr'><strong><em>ο</em></strong></span> <span class='ocrx_word' id='word_1_270' title='bbox 1645 3312 1742 3365; x_wconf 82' lang='grc' dir='ltr'><strong>καὶ</strong></span> <span class='ocrx_word' id='word_1_271' title='bbox 1774 3311 1855 3382; x_wconf 80' lang='grc' dir='ltr'><strong>τῷ</strong></span> 
     </span>
    </p>
   </div>
   <div class='ocr_carea' id='block_1_37' title="bbox 274 3399 1848 3472">
    <p class='ocr_par' dir='ltr' id='par_1_37' title="bbox 274 3399 1848 3472">
     <span class='ocr_line' id='line_1_37' title="bbox 274 3399 1848 3472; baseline 0.002 -18"><span class='ocrx_word' id='word_1_272' title='bbox 274 3399 501 3469; x_wconf 77' lang='grc' dir='ltr'><strong>ὀνόματί</strong></span> <span class='ocrx_word' id='word_1_273' title='bbox 546 3417 644 3454; x_wconf 78' lang='grc' dir='ltr'><strong>σου</strong></span> <span class='ocrx_word' id='word_1_274' title='bbox 689 3399 1196 3472; x_wconf 70' lang='grc' dir='ltr'><strong>εξομολογησόμεθα</strong></span> <span class='ocrx_word' id='word_1_275' title='bbox 1245 3402 1326 3466; x_wconf 85' lang='grc' dir='ltr'><strong>είς</strong></span> <span class='ocrx_word' id='word_1_276' title='bbox 1375 3403 1504 3466; x_wconf 82' lang='grc' dir='ltr'><strong>τοὺς</strong></span> <span class='ocrx_word' id='word_1_277' title='bbox 1551 3402 1775 3468; x_wconf 84' lang='grc' dir='ltr'><strong>αίῶνας.</strong></span> <span class='ocrx_word' id='word_1_278' title='bbox 1826 3421 1848 3457; x_wconf 76' lang='lat' dir='ltr'><strong>a</strong></span> 
     </span>
    </p>
   </div>
   <div class='ocr_carea' id='block_1_38' title="bbox 287 3491 1855 3566">
    <p class='ocr_par' dir='ltr' id='par_1_38' title="bbox 287 3491 1855 3566">
     <span class='ocr_line' id='line_1_38' title="bbox 287 3491 1855 3566; baseline 0.002 -17"><span class='ocrx_word' id='word_1_279' title='bbox 287 3491 570 3549; x_wconf 82' lang='grc' dir='ltr'><strong>’Δπάντων</strong></span> <span class='ocrx_word' id='word_1_280' title='bbox 594 3493 652 3548; x_wconf 64' lang='grc' dir='ltr'>ἃ</span> <span class='ocrx_word' id='word_1_281' title='bbox 683 3493 889 3548; x_wconf 89' lang='grc' dir='ltr'><strong>τούτων</strong></span> <span class='ocrx_word' id='word_1_282' title='bbox 918 3496 1050 3566; x_wconf 79' lang='grc' dir='ltr'><strong>ἡμῖν</strong></span> <span class='ocrx_word' id='word_1_283' title='bbox 1089 3493 1196 3547; x_wconf 84' lang='grc' dir='ltr'><strong>τῶν</strong></span> <span class='ocrx_word' id='word_1_284' title='bbox 1241 3497 1587 3566; x_wconf 78' lang='grc' dir='ltr'><strong>τριποθὴτων</strong></span> <span class='ocrx_word' id='word_1_285' title='bbox 1633 3496 1855 3566; x_wconf 87' lang='grc' dir='ltr'><strong>ἀγαθῶν</strong></span> 
     </span>
    </p>
   </div>
   <div class='ocr_carea' id='block_1_39' title="bbox 276 3584 1856 3660">
    <p class='ocr_par' dir='ltr' id='par_1_39' title="bbox 276 3584 1856 3660">
     <span class='ocr_line' id='line_1_39' title="bbox 276 3584 1856 3660; baseline 0.004 -22"><span class='ocrx_word' id='word_1_286' title='bbox 276 3585 466 3654; x_wconf 68' lang='grc' dir='ltr'><strong>γέγονε</strong></span> <span class='ocrx_word' id='word_1_287' title='bbox 487 3585 744 3656; x_wconf 77' lang='grc' dir='ltr'><strong>πρόξενος</strong></span> <span class='ocrx_word' id='word_1_288' title='bbox 766 3587 800 3656; x_wconf 74' lang='grc' dir='ltr'><strong>ἡ</strong></span> <span class='ocrx_word' id='word_1_289' title='bbox 823 3584 942 3639; x_wconf 88' lang='grc' dir='ltr'><strong>θεία</strong></span> <span class='ocrx_word' id='word_1_290' title='bbox 965 3602 1025 3639; x_wconf 82' lang='grc' dir='ltr'><strong>τε</strong></span> <span class='ocrx_word' id='word_1_291' title='bbox 1049 3586 1143 3641; x_wconf 73' lang='grc' dir='ltr'><strong>καὶ</strong></span> <span class='ocrx_word' id='word_1_292' title='bbox 1165 3585 1501 3660; x_wconf 74' lang='grc' dir='ltr'><strong>ἀπόρρητος,</strong></span> <span class='ocrx_word' id='word_1_293' title='bbox 1527 3588 1622 3642; x_wconf 78' lang='grc' dir='ltr'><strong>καὶ</strong></span> <span class='ocrx_word' id='word_1_294' title='bbox 1646 3588 1856 3644; x_wconf 80' lang='grc' dir='ltr'><strong>ἀνωθεν</strong></span> 
     </span>
    </p>
   </div>
   <div class='ocr_carea' id='block_1_40' title="bbox 275 3677 1852 3754">
    <p class='ocr_par' dir='ltr' id='par_1_40' title="bbox 275 3677 1852 3754">
     <span class='ocr_line' id='line_1_40' title="bbox 275 3677 1852 3754; baseline 0.002 -21"><span class='ocrx_word' id='word_1_295' title='bbox 275 3678 478 3749; x_wconf 74' lang='grc' dir='ltr'><strong>ψῆφος,</strong></span> <span class='ocrx_word' id='word_1_296' title='bbox 501 3678 596 3733; x_wconf 81' lang='grc' dir='ltr'><strong>καὶ</strong></span> <span class='ocrx_word' id='word_1_297' title='bbox 612 3679 645 3749; x_wconf 76' lang='grc' dir='ltr'><strong>ἡ</strong></span> <span class='ocrx_word' id='word_1_298' title='bbox 659 3680 773 3743; x_wconf 77' lang='grc' dir='ltr'><strong>τοῖς</strong></span> <span class='ocrx_word' id='word_1_299' title='bbox 795 3677 1004 3733; x_wconf 76' lang='grc' dir='ltr'><strong>ἀνωθεν</strong></span> <span class='ocrx_word' id='word_1_300' title='bbox 1017 3678 1248 3749; x_wconf 84' lang='grc' dir='ltr'><strong>νεύμασι</strong></span> <span class='ocrx_word' id='word_1_301' title='bbox 1268 3681 1638 3753; x_wconf 80' lang='grc' dir='ltr'><strong>συντρέχουσα</strong></span> <span class='ocrx_word' id='word_1_302' title='bbox 1656 3681 1852 3754; x_wconf 82' lang='grc' dir='ltr'><strong>γνώμη</strong></span> 
     </span>
    </p>
   </div>
   <div class='ocr_carea' id='block_1_41' title="bbox 275 3768 1856 3842">
    <p class='ocr_par' dir='ltr' id='par_1_41' title="bbox 275 3768 1856 3842">
     <span class='ocr_line' id='line_1_41' title="bbox 275 3768 1856 3842; baseline 0.004 -20"><span class='ocrx_word' id='word_1_303' title='bbox 275 3768 370 3823; x_wconf 82' lang='grc' dir='ltr'><strong>τοῦ</strong></span> <span class='ocrx_word' id='word_1_304' title='bbox 393 3769 785 3823; x_wconf 80' lang='grc' dir='ltr'><strong>εὐσεϐεστάτου</strong></span> <span class='ocrx_word' id='word_1_305' title='bbox 824 3770 921 3823; x_wconf 81' lang='grc' dir='ltr'><strong>καὶ</strong></span> <span class='ocrx_word' id='word_1_306' title='bbox 938 3768 1286 3841; x_wconf 81' lang='grc' dir='ltr'><strong>φιλοχρίστου</strong></span> <span class='ocrx_word' id='word_1_307' title='bbox 1305 3770 1856 3842; x_wconf 55' lang='grc' dir='ltr'><strong>βασίλόωςὲἜπρεπε</strong></span> 
     </span>
    </p>
   </div>
   <div class='ocr_carea' id='block_1_42' title="bbox 275 3860 1857 3938">
    <p class='ocr_par' dir='ltr' id='par_1_42' title="bbox 275 3860 1857 3938">
     <span class='ocr_line' id='line_1_42' title="bbox 275 3860 1857 3938; baseline 0.003 -22"><span class='ocrx_word' id='word_1_308' title='bbox 275 3860 386 3934; x_wconf 86' lang='grc' dir='ltr'><strong>γάρ</strong></span> <span class='ocrx_word' id='word_1_309' title='bbox 415 3863 482 3933; x_wconf 69' lang='grc' dir='ltr'><strong>τῇ</strong></span> <span class='ocrx_word' id='word_1_310' title='bbox 525 3860 850 3932; x_wconf 81' lang='grc' dir='ltr'><strong>γαληνότητι</strong></span> <span class='ocrx_word' id='word_1_311' title='bbox 889 3861 1072 3916; x_wconf 74' lang='grc' dir='ltr'><strong>αὐτῶν</strong></span> <span class='ocrx_word' id='word_1_312' title='bbox 1104 3871 1154 3929; x_wconf 80' lang='grc' dir='ltr'><strong>ν,</strong></span> <span class='ocrx_word' id='word_1_313' title='bbox 1195 3861 1270 3935; x_wconf 71' lang='grc' dir='ltr'><strong>μὴ</strong></span> <span class='ocrx_word' id='word_1_314' title='bbox 1303 3863 1464 3936; x_wconf 84' lang='grc' dir='ltr'><strong>μόνον</strong></span> <span class='ocrx_word' id='word_1_315' title='bbox 1491 3866 1720 3938; x_wconf 61' lang='grc' dir='ltr'><strong>ὁρατῶς</strong></span> <span class='ocrx_word' id='word_1_316' title='bbox 1757 3883 1857 3920; x_wconf 84' lang='grc' dir='ltr'><strong>κα·-</strong></span> 
     </span>
    </p>
   </div>
   <div class='ocr_carea' id='block_1_43' title="bbox 274 3952 1857 4027">
    <p class='ocr_par' dir='ltr' id='par_1_43' title="bbox 274 3952 1857 4027">
     <span class='ocr_line' id='line_1_43' title="bbox 274 3952 1857 4027; baseline 0.003 -19"><span class='ocrx_word' id='word_1_317' title='bbox 274 3952 599 4008; x_wconf 82' lang='grc' dir='ltr'><strong>ταπαλαίειν</strong></span> <span class='ocrx_word' id='word_1_318' title='bbox 636 3953 863 4025; x_wconf 63' lang='grc' dir='ltr'><strong>ἐχθροὺς</strong></span> <span class='ocrx_word' id='word_1_319' title='bbox 885 3993 903 4020; x_wconf 90' lang='grc'><strong>,</strong></span> <span class='ocrx_word' id='word_1_320' title='bbox 932 3952 1071 4009; x_wconf 80' lang='grc' dir='ltr'><strong>ἀλλὰ</strong></span> <span class='ocrx_word' id='word_1_321' title='bbox 1098 3955 1209 4026; x_wconf 79' lang='grc' dir='ltr'><strong>γὰρ</strong></span> <span class='ocrx_word' id='word_1_322' title='bbox 1234 3955 1373 4027; x_wconf 74' lang='grc' dir='ltr'><strong>πρὸς</strong></span> <span class='ocrx_word' id='word_1_323' title='bbox 1403 3954 1579 4027; x_wconf 86' lang='grc' dir='ltr'><strong>τούτῳ</strong></span> <span class='ocrx_word' id='word_1_324' title='bbox 1625 3958 1719 4011; x_wconf 74' lang='grc' dir='ltr'><strong>καὶ</strong></span> <span class='ocrx_word' id='word_1_325' title='bbox 1760 3959 1857 4012; x_wconf 84' lang='grc' dir='ltr'><strong>άο-</strong></span> 
     </span>
    </p>
   </div>
   <div class='ocr_carea' id='block_1_44' title="bbox 280 4045 1854 4120">
    <p class='ocr_par' dir='ltr' id='par_1_44' title="bbox 280 4045 1854 4120">
     <span class='ocr_line' id='line_1_44' title="bbox 280 4045 1854 4120; baseline 0.003 -20"><span class='ocrx_word' id='word_1_326' title='bbox 280 4047 502 4118; x_wconf 79' lang='grc' dir='ltr'><strong>ράτους,</strong></span> <span class='ocrx_word' id='word_1_327' title='bbox 544 4045 638 4101; x_wconf 78' lang='grc' dir='ltr'><strong>καὶ</strong></span> <span class='ocrx_word' id='word_1_328' title='bbox 675 4045 1015 4118; x_wconf 80' lang='grc' dir='ltr'><strong>βαρϐαρικὰς</strong></span> <span class='ocrx_word' id='word_1_329' title='bbox 1047 4046 1146 4118; x_wconf 66' lang='grc' dir='ltr'><strong>μὲν</strong></span> <span class='ocrx_word' id='word_1_330' title='bbox 1174 4046 1492 4119; x_wconf 83' lang='grc' dir='ltr'><strong>συνθραύειν</strong></span> <span class='ocrx_word' id='word_1_331' title='bbox 1533 4049 1854 4120; x_wconf 78' lang='grc' dir='ltr'><strong>φάλαγγας,</strong></span> 
     </span>
    </p>
   </div>
   <div class='ocr_carea' id='block_1_45' title="bbox 277 4134 1856 4214">
    <p class='ocr_par' dir='ltr' id='par_1_45' title="bbox 277 4134 1856 4214">
     <span class='ocr_line' id='line_1_45' title="bbox 277 4134 1856 4214; baseline 0.003 -21"><span class='ocrx_word' id='word_1_332' title='bbox 277 4134 592 4209; x_wconf 64' lang='grc' dir='ltr'><strong>ἀπράκτοῖκ</strong></span> <span class='ocrx_word' id='word_1_333' title='bbox 619 4137 675 4191; x_wconf 68' lang='grc' dir='ltr'><strong>δὲ</strong></span> <span class='ocrx_word' id='word_1_334' title='bbox 704 4137 800 4192; x_wconf 77' lang='grc' dir='ltr'><strong>καὶ</strong></span> <span class='ocrx_word' id='word_1_335' title='bbox 822 4137 922 4202; x_wconf 76' lang='grc' dir='ltr'><strong>τὰς</strong></span> <span class='ocrx_word' id='word_1_336' title='bbox 951 4137 1046 4192; x_wconf 81' lang='grc' dir='ltr'><strong>τοῦ</strong></span> <span class='ocrx_word' id='word_1_337' title='bbox 1067 4139 1316 4194; x_wconf 80' lang='grc' dir='ltr'><strong>διαϐόλου</strong></span> <span class='ocrx_word' id='word_1_338' title='bbox 1350 4139 1681 4214; x_wconf 76' lang='grc' dir='ltr'><strong>δυστραπίας</strong></span> <span class='ocrx_word' id='word_1_339' title='bbox 1715 4144 1856 4198; x_wconf 83' lang='grc' dir='ltr'><strong>ἀπο-</strong></span> 
     </span>
    </p>
   </div>
   <div class='ocr_carea' id='block_1_46' title="bbox 275 4227 1855 4309">
    <p class='ocr_par' dir='ltr' id='par_1_46' title="bbox 275 4227 1855 4309">
     <span class='ocr_line' id='line_1_46' title="bbox 275 4227 1855 4309; baseline 0.004 -25"><span class='ocrx_word' id='word_1_340' title='bbox 275 4227 468 4293; x_wconf 80' lang='grc' dir='ltr'><strong>τελεῖν,</strong></span> <span class='ocrx_word' id='word_1_341' title='bbox 501 4229 597 4283; x_wconf 80' lang='grc' dir='ltr'><strong>καὶ</strong></span> <span class='ocrx_word' id='word_1_342' title='bbox 621 4231 735 4294; x_wconf 80' lang='grc' dir='ltr'><strong>τοῖς</strong></span> <span class='ocrx_word' id='word_1_343' title='bbox 760 4231 839 4306; x_wconf 80' lang='grc' dir='ltr'><strong>είς</strong></span> <span class='ocrx_word' id='word_1_344' title='bbox 866 4230 1100 4301; x_wconf 76' lang='grc' dir='ltr'><strong>Χριστὸν</strong></span> <span class='ocrx_word' id='word_1_345' title='bbox 1132 4231 1482 4287; x_wconf 85' lang='grc' dir='ltr'><strong>πιστεύουσιν</strong></span> <span class='ocrx_word' id='word_1_346' title='bbox 1508 4234 1599 4291; x_wconf 80' lang='grc' dir='ltr'><strong>διὰ</strong></span> <span class='ocrx_word' id='word_1_347' title='bbox 1625 4236 1724 4309; x_wconf 81' lang='grc' dir='ltr'><strong>τῆς</strong></span> <span class='ocrx_word' id='word_1_348' title='bbox 1755 4237 1855 4308; x_wconf 86' lang='grc' dir='ltr'><strong>σῆς</strong></span> 
     </span>
    </p>
   </div>
   <div class='ocr_carea' id='block_1_47' title="bbox 277 4319 1856 4402">
    <p class='ocr_par' dir='ltr' id='par_1_47' title="bbox 277 4319 1856 4402">
     <span class='ocr_line' id='line_1_47' title="bbox 277 4319 1856 4402; baseline 0.006 -26"><span class='ocrx_word' id='word_1_349' title='bbox 277 4319 587 4388; x_wconf 75' lang='grc' dir='ltr'><strong>θεοσεϐείας</strong></span> <span class='ocrx_word' id='word_1_350' title='bbox 625 4323 982 4394; x_wconf 83' lang='grc' dir='ltr'><strong>πρυτανεύειν</strong></span> <span class='ocrx_word' id='word_1_351' title='bbox 1017 4323 1117 4398; x_wconf 82' lang='grc' dir='ltr'><strong>τὴν</strong></span> <span class='ocrx_word' id='word_1_352' title='bbox 1150 4325 1475 4396; x_wconf 75' lang='grc' dir='ltr'><strong>ἀσφάλειαν.</strong></span> <span class='ocrx_word' id='word_1_353' title='bbox 1519 4327 1579 4384; x_wconf 86' lang='lat'><strong>&#39;0</strong></span> <span class='ocrx_word' id='word_1_354' title='bbox 1621 4330 1722 4400; x_wconf 80' lang='grc' dir='ltr'><strong>μὲν</strong></span> <span class='ocrx_word' id='word_1_355' title='bbox 1746 4329 1856 4402; x_wconf 83' lang='grc' dir='ltr'><strong>γὰρ</strong></span> 
     </span>
    </p>
   </div>
   <div class='ocr_carea' id='block_1_48' title="bbox 277 4413 1856 4491">
    <p class='ocr_par' dir='ltr' id='par_1_48' title="bbox 277 4413 1856 4491">
     <span class='ocr_line' id='line_1_48' title="bbox 277 4413 1856 4491; baseline 0.003 -23"><span class='ocrx_word' id='word_1_356' title='bbox 277 4413 400 4484; x_wconf 78' lang='grc' dir='ltr'><strong>εικῆ</strong></span> <span class='ocrx_word' id='word_1_357' title='bbox 431 4413 770 4487; x_wconf 74' lang='grc' dir='ltr'><strong>βατταρίζων</strong></span> <span class='ocrx_word' id='word_1_358' title='bbox 800 4416 858 4468; x_wconf 69' lang='grc' dir='ltr'><strong>ὲν</strong></span> <span class='ocrx_word' id='word_1_359' title='bbox 893 4414 1159 4487; x_wconf 66' lang='grc' dir='ltr'><strong>ἐκκλησίᾳ</strong></span> <span class='ocrx_word' id='word_1_360' title='bbox 1186 4424 1237 4481; x_wconf 76' lang='grc'><strong>³,</strong></span> <span class='ocrx_word' id='word_1_361' title='bbox 1268 4418 1364 4472; x_wconf 59' lang='grc' dir='ltr'><strong>καὶ⁸</strong></span> <span class='ocrx_word' id='word_1_362' title='bbox 1391 4420 1515 4483; x_wconf 77' lang='grc' dir='ltr'><strong>ταῖς</strong></span> <span class='ocrx_word' id='word_1_363' title='bbox 1549 4418 1694 4475; x_wconf 72' lang='grc' dir='ltr'><strong>κατὰ</strong></span> <span class='ocrx_word' id='word_1_364' title='bbox 1721 4420 1856 4491; x_wconf 84' lang='grc' dir='ltr'><strong>Χρι-</strong></span> 
     </span>
    </p>
   </div>
   <div class='ocr_carea' id='block_1_49' title="bbox 1940 562 3523 641">
    <p class='ocr_par' dir='ltr' id='par_1_49' title="bbox 1940 562 3523 641">
     <span class='ocr_line' id='line_1_49' title="bbox 1940 562 3523 641; baseline -0.003 -17"><span class='ocrx_word' id='word_1_365' title='bbox 1940 583 2005 625; x_wconf 92' lang='lat' dir='ltr'><strong>ac</strong></span> <span class='ocrx_word' id='word_1_366' title='bbox 2052 570 2392 641; x_wconf 71' lang='lat' dir='ltr'><strong>prophetica</strong></span> <span class='ocrx_word' id='word_1_367' title='bbox 2436 566 2846 641; x_wconf 63' lang='lat' dir='ltr'><strong>pradictiones,</strong></span> <span class='ocrx_word' id='word_1_368' title='bbox 2878 571 2935 620; x_wconf 91' lang='lat' dir='ltr'><strong>et</strong></span> <span class='ocrx_word' id='word_1_369' title='bbox 2975 562 3058 618; x_wconf 88' lang='lat' dir='ltr'><strong>illi</strong></span> <span class='ocrx_word' id='word_1_370' title='bbox 3094 562 3198 634; x_wconf 90' lang='lat' dir='ltr'><strong>ipsi</strong></span> <span class='ocrx_word' id='word_1_371' title='bbox 3231 572 3523 634; x_wconf 63' lang='lat' dir='ltr'><strong>praetcrea,</strong></span> 
     </span>
    </p>
   </div>
   <div class='ocr_carea' id='block_1_50' title="bbox 1939 655 3526 733">
    <p class='ocr_par' dir='ltr' id='par_1_50' title="bbox 1939 655 3526 733">
     <span class='ocr_line' id='line_1_50' title="bbox 1939 655 3526 733; baseline -0.003 -18"><span class='ocrx_word' id='word_1_372' title='bbox 1939 661 2035 732; x_wconf 91' lang='lat' dir='ltr'><strong>qui</strong></span> <span class='ocrx_word' id='word_1_373' title='bbox 2060 661 2227 718; x_wconf 74' lang='lat' dir='ltr'><strong>Verbi</strong></span> <span class='ocrx_word' id='word_1_374' title='bbox 2253 662 2420 733; x_wconf 84' lang='lat' dir='ltr'><strong>hujus</strong></span> <span class='ocrx_word' id='word_1_375' title='bbox 2438 660 2511 717; x_wconf 87' lang='lat' dir='ltr'><strong>ah</strong></span> <span class='ocrx_word' id='word_1_376' title='bbox 2533 659 2695 715; x_wconf 90' lang='lat' dir='ltr'><strong>initio</strong></span> <span class='ocrx_word' id='word_1_377' title='bbox 2716 655 2961 714; x_wconf 82' lang='lat' dir='ltr'><strong>ministri</strong></span> <span class='ocrx_word' id='word_1_378' title='bbox 2988 664 3046 711; x_wconf 93' lang='lat' dir='ltr'><strong>et</strong></span> <span class='ocrx_word' id='word_1_379' title='bbox 3071 661 3412 726; x_wconf 76' lang='lat' dir='ltr'><strong>spectatores</strong></span> <span class='ocrx_word' id='word_1_380' title='bbox 3431 669 3526 711; x_wconf 80' lang='lat' dir='ltr'><strong>ex-</strong></span> 
     </span>
    </p>
   </div>
   <div class='ocr_carea' id='block_1_51' title="bbox 1939 745 3525 821">
    <p class='ocr_par' dir='ltr' id='par_1_51' title="bbox 1939 745 3525 821">
     <span class='ocr_line' id='line_1_51' title="bbox 1939 745 3525 821; baseline -0.004 -14"><span class='ocrx_word' id='word_1_381' title='bbox 1939 752 2202 808; x_wconf 86' lang='lat' dir='ltr'><strong>stiterunt</strong></span> <span class='ocrx_word' id='word_1_382' title='bbox 2216 753 2306 820; x_wconf 75' lang='lat'><strong>&quot;‘;</strong></span> <span class='ocrx_word' id='word_1_383' title='bbox 2326 761 2443 808; x_wconf 88' lang='lat' dir='ltr'><strong>tum</strong></span> <span class='ocrx_word' id='word_1_384' title='bbox 2478 760 2657 808; x_wconf 77' lang='lat' dir='ltr'><strong>sancti</strong></span> <span class='ocrx_word' id='word_1_385' title='bbox 2679 764 2902 821; x_wconf 91' lang='lat' dir='ltr'><strong>quoque</strong></span> <span class='ocrx_word' id='word_1_386' title='bbox 2919 748 3135 811; x_wconf 78' lang='lat' dir='ltr'><strong>Patres,</strong></span> <span class='ocrx_word' id='word_1_387' title='bbox 3167 745 3260 817; x_wconf 92' lang='lat' dir='ltr'><strong>qui</strong></span> <span class='ocrx_word' id='word_1_388' title='bbox 3290 759 3395 802; x_wconf 84' lang='lat' dir='ltr'><strong>nos</strong></span> <span class='ocrx_word' id='word_1_389' title='bbox 3423 759 3525 800; x_wconf 78' lang='lat' dir='ltr'><strong>an-</strong></span> 
     </span>
    </p>
   </div>
   <div class='ocr_carea' id='block_1_52' title="bbox 1942 836 3527 912">
    <p class='ocr_par' dir='ltr' id='par_1_52' title="bbox 1942 836 3527 912">
     <span class='ocr_line' id='line_1_52' title="bbox 1942 836 3527 912; baseline -0.004 -14"><span class='ocrx_word' id='word_1_390' title='bbox 1942 843 2561 912; x_wconf 69' lang='lat' dir='ltr'><strong>tecesserunt,‘vitmque</strong></span> <span class='ocrx_word' id='word_1_391' title='bbox 2587 854 2902 897; x_wconf 87' lang='lat' dir='ltr'><strong>sermonem</strong></span> <span class='ocrx_word' id='word_1_392' title='bbox 2915 838 3207 904; x_wconf 87' lang='lat' dir='ltr'><strong>habentes,</strong></span> <span class='ocrx_word' id='word_1_393' title='bbox 3229 836 3527 894; x_wconf 88' lang='lat' dir='ltr'><strong>luminaria</strong></span> 
     </span>
    </p>
   </div>
   <div class='ocr_carea' id='block_1_53' title="bbox 1939 929 3528 1004">
    <p class='ocr_par' dir='ltr' id='par_1_53' title="bbox 1939 929 3528 1004">
     <span class='ocr_line' id='line_1_53' title="bbox 1939 929 3528 1004; baseline -0.004 -15"><span class='ocrx_word' id='word_1_394' title='bbox 1939 933 2133 990; x_wconf 90' lang='lat' dir='ltr'><strong>mundi</strong></span> <span class='ocrx_word' id='word_1_395' title='bbox 2161 934 2290 990; x_wconf 85' lang='lat' dir='ltr'><strong>facti</strong></span> <span class='ocrx_word' id='word_1_396' title='bbox 2318 942 2447 989; x_wconf 88' lang='lat' dir='ltr'><strong>sunt</strong></span> <span class='ocrx_word' id='word_1_397' title='bbox 2464 933 2542 1000; x_wconf 79' lang='grc'><strong>²³;</strong></span> <span class='ocrx_word' id='word_1_398' title='bbox 2570 946 2809 1004; x_wconf 90' lang='lat' dir='ltr'><strong>quorum</strong></span> <span class='ocrx_word' id='word_1_399' title='bbox 2833 929 3067 1001; x_wconf 81' lang='lat' dir='ltr'><strong>proinde</strong></span> <span class='ocrx_word' id='word_1_400' title='bbox 3087 929 3528 987; x_wconf 82' lang='lat' dir='ltr'><strong>conversationis</strong></span> 
     </span>
    </p>
   </div>
   <div class='ocr_carea' id='block_1_54' title="bbox 1941 1017 3526 1096">
    <p class='ocr_par' dir='ltr' id='par_1_54' title="bbox 1941 1017 3526 1096">
     <span class='ocr_line' id='line_1_54' title="bbox 1941 1017 3526 1096; baseline -0.002 -16"><span class='ocrx_word' id='word_1_401' title='bbox 1941 1025 2150 1080; x_wconf 79' lang='lat' dir='ltr'><strong>exitum</strong></span> <span class='ocrx_word' id='word_1_402' title='bbox 2168 1032 2484 1096; x_wconf 76' lang='lat' dir='ltr'><strong>spectantes</strong></span> <span class='ocrx_word' id='word_1_403' title='bbox 2511 1022 2676 1079; x_wconf 86' lang='lat' dir='ltr'><strong>fidem</strong></span> <span class='ocrx_word' id='word_1_404' title='bbox 2692 1023 3070 1088; x_wconf 78' lang='lat' dir='ltr'><strong>imitamur&quot;‘,</strong></span> <span class='ocrx_word' id='word_1_405' title='bbox 3084 1021 3190 1077; x_wconf 90' lang='lat' dir='ltr'><strong>hoc</strong></span> <span class='ocrx_word' id='word_1_406' title='bbox 3212 1017 3526 1085; x_wconf 84' lang='lat' dir='ltr'><strong>est,eadcm</strong></span> 
     </span>
    </p>
   </div>
   <div class='ocr_carea' id='block_1_55' title="bbox 1943 1103 3529 1186">
    <p class='ocr_par' dir='ltr' id='par_1_55' title="bbox 1943 1103 3529 1186">
     <span class='ocr_line' id='line_1_55' title="bbox 1943 1103 3529 1186; baseline -0.004 -14"><span class='ocrx_word' id='word_1_407' title='bbox 1943 1131 2068 1172; x_wconf 91' lang='lat' dir='ltr'><strong>cum</strong></span> <span class='ocrx_word' id='word_1_408' title='bbox 2097 1115 2231 1186; x_wconf 88' lang='lat' dir='ltr'><strong>ipsis</strong></span> <span class='ocrx_word' id='word_1_409' title='bbox 2272 1115 2480 1170; x_wconf 89' lang='lat' dir='ltr'><strong>sentire</strong></span> <span class='ocrx_word' id='word_1_410' title='bbox 2517 1120 2574 1170; x_wconf 87' lang='lat' dir='ltr'><strong>et</strong></span> <span class='ocrx_word' id='word_1_411' title='bbox 2614 1103 2766 1184; x_wconf 74' lang='lat' dir='ltr'><strong>loqui</strong></span> <span class='ocrx_word' id='word_1_412' title='bbox 2802 1112 3136 1184; x_wconf 84' lang='lat' dir='ltr'><strong>satagimus,</strong></span> <span class='ocrx_word' id='word_1_413' title='bbox 3170 1112 3327 1168; x_wconf 90' lang='lat' dir='ltr'><strong>nullo</strong></span> <span class='ocrx_word' id='word_1_414' title='bbox 3366 1118 3529 1182; x_wconf 85' lang='lat' dir='ltr'><strong>pacto</strong></span> 
     </span>
    </p>
   </div>
   <div class='ocr_carea' id='block_1_56' title="bbox 1943 1205 3526 1279">
    <p class='ocr_par' dir='ltr' id='par_1_56' title="bbox 1943 1205 3526 1279">
     <span class='ocr_line' id='line_1_56' title="bbox 1943 1205 3526 1279; baseline -0.005 -13"><span class='ocrx_word' id='word_1_415' title='bbox 1943 1211 2300 1274; x_wconf 76' lang='lat' dir='ltr'><strong>sustinentes,</strong></span> <span class='ocrx_word' id='word_1_416' title='bbox 2334 1217 2449 1263; x_wconf 87' lang='lat' dir='ltr'><strong>uta</strong></span> <span class='ocrx_word' id='word_1_417' title='bbox 2477 1216 2632 1265; x_wconf 74' lang='lat' dir='ltr'><strong>recto</strong></span> <span class='ocrx_word' id='word_1_418' title='bbox 2659 1208 2883 1279; x_wconf 85' lang='lat' dir='ltr'><strong>pietatis</strong></span> <span class='ocrx_word' id='word_1_419' title='bbox 2914 1206 3135 1262; x_wconf 85' lang='lat' dir='ltr'><strong>tramite</strong></span> <span class='ocrx_word' id='word_1_420' title='bbox 3160 1205 3526 1262; x_wconf 87' lang='lat' dir='ltr'><strong>declinemus.</strong></span> 
     </span>
    </p>
   </div>
   <div class='ocr_carea' id='block_1_57' title="bbox 1943 1293 3529 1371">
    <p class='ocr_par' dir='ltr' id='par_1_57' title="bbox 1943 1293 3529 1371">
     <span class='ocr_line' id='line_1_57' title="bbox 1943 1293 3529 1371; baseline -0.004 -12"><span class='ocrx_word' id='word_1_421' title='bbox 1943 1301 2295 1359; x_wconf 72' lang='lat' dir='ltr'><strong>Meminimus</strong></span> <span class='ocrx_word' id='word_1_422' title='bbox 2315 1302 2466 1357; x_wconf 88' lang='lat' dir='ltr'><strong>enim</strong></span> <span class='ocrx_word' id='word_1_423' title='bbox 2505 1293 2711 1356; x_wconf 69' lang='lat' dir='ltr'><strong>divinae</strong></span> <span class='ocrx_word' id='word_1_424' title='bbox 2758 1299 3058 1371; x_wconf 61' lang='lat' dir='ltr'><strong>Scriptura:</strong></span> <span class='ocrx_word' id='word_1_425' title='bbox 3091 1297 3166 1354; x_wconf 89' lang='lat' dir='ltr'><strong>ita</strong></span> <span class='ocrx_word' id='word_1_426' title='bbox 3195 1297 3484 1354; x_wconf 86' lang='lat' dir='ltr'><strong>clamantis</strong></span> <span class='ocrx_word' id='word_1_427' title='bbox 3513 1313 3529 1352; x_wconf 87' lang='lat'><strong>:</strong></span> 
     </span>
    </p>
   </div>
   <div class='ocr_carea' id='block_1_58' title="bbox 1953 1389 3533 1465">
    <p class='ocr_par' dir='ltr' id='par_1_58' title="bbox 1953 1389 3533 1465">
     <span class='ocr_line' id='line_1_58' title="bbox 1953 1389 3533 1465; baseline -0.002 -18"><span class='ocrx_word' id='word_1_428' title='bbox 1953 1413 1973 1447; x_wconf 78' lang='grc' dir='ltr'><strong>ι</strong></span> <span class='ocrx_word' id='word_1_429' title='bbox 2008 1395 2218 1450; x_wconf 72' lang='lat' dir='ltr'><strong>ﬂectas.</strong></span> <span class='ocrx_word' id='word_1_430' title='bbox 2236 1395 2464 1450; x_wconf 81' lang='lat' dir='ltr'><strong>semitas</strong></span> <span class='ocrx_word' id='word_1_431' title='bbox 2481 1393 2568 1449; x_wconf 91' lang='lat' dir='ltr'><strong>fac</strong></span> <span class='ocrx_word' id='word_1_432' title='bbox 2598 1393 2838 1465; x_wconf 83' lang='lat' dir='ltr'><strong>pedibus</strong></span> <span class='ocrx_word' id='word_1_433' title='bbox 2868 1392 2998 1458; x_wconf 90' lang='lat' dir='ltr'><strong>tuis,</strong></span> <span class='ocrx_word' id='word_1_434' title='bbox 3046 1399 3105 1447; x_wconf 90' lang='lat' dir='ltr'><strong>et</strong></span> <span class='ocrx_word' id='word_1_435' title='bbox 3131 1391 3251 1446; x_wconf 83' lang='lat' dir='ltr'><strong>vias</strong></span> <span class='ocrx_word' id='word_1_436' title='bbox 3289 1397 3414 1444; x_wconf 86' lang='lat' dir='ltr'><strong>tuas</strong></span> <span class='ocrx_word' id='word_1_437' title='bbox 3443 1389 3533 1446; x_wconf 89' lang='lat' dir='ltr'><strong>di-</strong></span> 
     </span>
    </p>
   </div>
   <div class='ocr_carea' id='block_1_59' title="bbox 1946 1479 3535 1562">
    <p class='ocr_par' dir='ltr' id='par_1_59' title="bbox 1946 1479 3535 1562">
     <span class='ocr_line' id='line_1_59' title="bbox 1946 1479 3535 1562; baseline -0.003 -22"><span class='ocrx_word' id='word_1_438' title='bbox 1946 1486 2177 1557; x_wconf 53' lang='lat' dir='ltr'><strong>rige’h</strong></span> <span class='ocrx_word' id='word_1_439' title='bbox 2217 1486 2352 1541; x_wconf 84' lang='lat' dir='ltr'><strong>Nam</strong></span> <span class='ocrx_word' id='word_1_440' title='bbox 2397 1485 2495 1556; x_wconf 91' lang='lat' dir='ltr'><strong>qui</strong></span> <span class='ocrx_word' id='word_1_441' title='bbox 2541 1493 2722 1541; x_wconf 86' lang='lat' dir='ltr'><strong>rectas</strong></span> <span class='ocrx_word' id='word_1_442' title='bbox 2741 1484 2972 1542; x_wconf 84' lang='lat' dir='ltr'><strong>semitas</strong></span> <span class='ocrx_word' id='word_1_443' title='bbox 3013 1481 3433 1562; x_wconf 87' lang='lat' dir='ltr'><strong>magnifaciunt,</strong></span> <span class='ocrx_word' id='word_1_444' title='bbox 3473 1479 3535 1536; x_wconf 86' lang='lat' dir='ltr'><strong>hi</strong></span> 
     </span>
    </p>
   </div>
   <div class='ocr_carea' id='block_1_60' title="bbox 1947 1570 3532 1640">
    <p class='ocr_par' dir='ltr' id='par_1_60' title="bbox 1947 1570 3532 1640">
     <span class='ocr_line' id='line_1_60' title="bbox 1947 1570 3532 1640; baseline -0.005 -9"><span class='ocrx_word' id='word_1_445' title='bbox 1947 1576 2016 1631; x_wconf 89' lang='lat' dir='ltr'><strong>ad</strong></span> <span class='ocrx_word' id='word_1_446' title='bbox 2065 1575 2399 1632; x_wconf 89' lang='lat' dir='ltr'><strong>destinatum</strong></span> <span class='ocrx_word' id='word_1_447' title='bbox 2452 1582 2709 1637; x_wconf 88' lang='lat' dir='ltr'><strong>currunt,</strong></span> <span class='ocrx_word' id='word_1_448' title='bbox 2757 1571 2827 1628; x_wconf 89' lang='lat' dir='ltr'><strong>ad</strong></span> <span class='ocrx_word' id='word_1_449' title='bbox 2866 1570 3121 1626; x_wconf 89' lang='lat' dir='ltr'><strong>hravium</strong></span> <span class='ocrx_word' id='word_1_450' title='bbox 3147 1583 3401 1640; x_wconf 74' lang='lat' dir='ltr'><strong>supernae</strong></span> <span class='ocrx_word' id='word_1_451' title='bbox 3430 1582 3532 1623; x_wconf 86' lang='lat' dir='ltr'><strong>vo-</strong></span> 
     </span>
    </p>
   </div>
   <div class='ocr_carea' id='block_1_61' title="bbox 1949 1657 3537 1736">
    <p class='ocr_par' dir='ltr' id='par_1_61' title="bbox 1949 1657 3537 1736">
     <span class='ocr_line' id='line_1_61' title="bbox 1949 1657 3537 1736; baseline -0.006 -12"><span class='ocrx_word' id='word_1_452' title='bbox 1949 1669 2186 1724; x_wconf 88' lang='lat' dir='ltr'><strong>cationis</strong></span> <span class='ocrx_word' id='word_1_453' title='bbox 2210 1669 2264 1723; x_wconf 92' lang='lat' dir='ltr'><strong>in</strong></span> <span class='ocrx_word' id='word_1_454' title='bbox 2290 1667 2513 1724; x_wconf 85' lang='lat' dir='ltr'><strong>Christo</strong></span> <span class='ocrx_word' id='word_1_455' title='bbox 2533 1657 2616 1732; x_wconf 36' lang='lat'><strong>“&#39;;</strong></span> <span class='ocrx_word' id='word_1_456' title='bbox 2643 1665 2739 1736; x_wconf 91' lang='lat' dir='ltr'><strong>qui</strong></span> <span class='ocrx_word' id='word_1_457' title='bbox 2766 1679 2921 1730; x_wconf 84' lang='lat' dir='ltr'><strong>vero,</strong></span> <span class='ocrx_word' id='word_1_458' title='bbox 2954 1663 3254 1735; x_wconf 88' lang='lat' dir='ltr'><strong>apostolica</strong></span> <span class='ocrx_word' id='word_1_459' title='bbox 3279 1669 3339 1718; x_wconf 89' lang='lat' dir='ltr'><strong>et</strong></span> <span class='ocrx_word' id='word_1_460' title='bbox 3369 1676 3537 1715; x_wconf 88' lang='lat' dir='ltr'><strong>evan-</strong></span> 
     </span>
    </p>
   </div>
   <div class='ocr_carea' id='block_1_62' title="bbox 1951 1754 3537 1832">
    <p class='ocr_par' dir='ltr' id='par_1_62' title="bbox 1951 1754 3537 1832">
     <span class='ocr_line' id='line_1_62' title="bbox 1951 1754 3537 1832; baseline -0.006 -16"><span class='ocrx_word' id='word_1_461' title='bbox 1951 1761 2124 1832; x_wconf 84' lang='lat' dir='ltr'><strong>geliea</strong></span> <span class='ocrx_word' id='word_1_462' title='bbox 2153 1758 2451 1814; x_wconf 83' lang='lat' dir='ltr'><strong>traditione</strong></span> <span class='ocrx_word' id='word_1_463' title='bbox 2483 1765 2822 1827; x_wconf 85' lang='lat' dir='ltr'><strong>contempta,</strong></span> <span class='ocrx_word' id='word_1_464' title='bbox 2839 1756 3148 1819; x_wconf 70' lang='lat' dir='ltr'><strong>novitiam,</strong></span> <span class='ocrx_word' id='word_1_465' title='bbox 3172 1754 3537 1824; x_wconf 84' lang='lat' dir='ltr'><strong>inutilemque</strong></span> 
     </span>
    </p>
   </div>
   <div class='ocr_carea' id='block_1_63' title="bbox 1950 1845 3539 1915">
    <p class='ocr_par' dir='ltr' id='par_1_63' title="bbox 1950 1845 3539 1915">
     <span class='ocr_line' id='line_1_63' title="bbox 1950 1845 3539 1915; baseline -0.005 -8"><span class='ocrx_word' id='word_1_466' title='bbox 1950 1868 2015 1907; x_wconf 87' lang='lat' dir='ltr'><strong>ac</strong></span> <span class='ocrx_word' id='word_1_467' title='bbox 2038 1867 2169 1907; x_wconf 85' lang='lat' dir='ltr'><strong>sane</strong></span> <span class='ocrx_word' id='word_1_468' title='bbox 2193 1851 2482 1907; x_wconf 88' lang='lat' dir='ltr'><strong>ridiculam</strong></span> <span class='ocrx_word' id='word_1_469' title='bbox 2507 1849 2711 1904; x_wconf 87' lang='lat' dir='ltr'><strong>mentis</strong></span> <span class='ocrx_word' id='word_1_470' title='bbox 2730 1863 2844 1904; x_wconf 67' lang='lat' dir='ltr'><strong>suae</strong></span> <span class='ocrx_word' id='word_1_471' title='bbox 2863 1847 3312 1903; x_wconf 86' lang='lat' dir='ltr'><strong>adinventionem</strong></span> <span class='ocrx_word' id='word_1_472' title='bbox 3336 1845 3392 1899; x_wconf 90' lang='lat' dir='ltr'><strong>in</strong></span> <span class='ocrx_word' id='word_1_473' title='bbox 3409 1859 3539 1915; x_wconf 87' lang='lat' dir='ltr'><strong>prc-</strong></span> 
     </span>
    </p>
   </div>
   <div class='ocr_carea' id='block_1_64' title="bbox 1951 1933 3538 2005">
    <p class='ocr_par' dir='ltr' id='par_1_64' title="bbox 1951 1933 3538 2005">
     <span class='ocr_line' id='line_1_64' title="bbox 1951 1933 3538 2005; baseline -0.005 -9"><span class='ocrx_word' id='word_1_474' title='bbox 1951 1942 2029 1997; x_wconf 88' lang='lat' dir='ltr'><strong>tio</strong></span> <span class='ocrx_word' id='word_1_475' title='bbox 2055 1940 2280 2005; x_wconf 88' lang='lat' dir='ltr'><strong>habent,</strong></span> <span class='ocrx_word' id='word_1_476' title='bbox 2303 1941 2360 1995; x_wconf 90' lang='lat' dir='ltr'><strong>hi</strong></span> <span class='ocrx_word' id='word_1_477' title='bbox 2385 1939 2454 1994; x_wconf 86' lang='lat' dir='ltr'><strong>ab</strong></span> <span class='ocrx_word' id='word_1_478' title='bbox 2474 1939 2734 1995; x_wconf 85' lang='lat' dir='ltr'><strong>omnibus</strong></span> <span class='ocrx_word' id='word_1_479' title='bbox 2756 1937 2984 1994; x_wconf 84' lang='lat' dir='ltr'><strong>audiant</strong></span> <span class='ocrx_word' id='word_1_480' title='bbox 3011 1954 3024 1990; x_wconf 93' lang='lat'>:</span> <span class='ocrx_word' id='word_1_481' title='bbox 3058 1955 3078 1988; x_wconf 82' lang='grc' dir='ltr'><strong>ι</strong></span> <span class='ocrx_word' id='word_1_482' title='bbox 3099 1935 3220 1992; x_wconf 82' lang='grc' dir='ltr'><strong>Νοιι</strong></span> <span class='ocrx_word' id='word_1_483' title='bbox 3234 1933 3538 1990; x_wconf 80' lang='lat' dir='ltr'><strong>transferas</strong></span> 
     </span>
    </p>
   </div>
   <div class='ocr_carea' id='block_1_65' title="bbox 1949 2024 3531 2104">
    <p class='ocr_par' dir='ltr' id='par_1_65' title="bbox 1949 2024 3531 2104">
     <span class='ocr_line' id='line_1_65' title="bbox 1949 2024 3531 2104; baseline -0.006 -15"><span class='ocrx_word' id='word_1_484' title='bbox 1949 2034 2218 2089; x_wconf 83' lang='lat' dir='ltr'><strong>terminos</strong></span> <span class='ocrx_word' id='word_1_485' title='bbox 2238 2033 2626 2104; x_wconf 89' lang='lat' dir='ltr'><strong>sempiternos,</strong></span> <span class='ocrx_word' id='word_1_486' title='bbox 2648 2045 2795 2103; x_wconf 87' lang='lat' dir='ltr'><strong>quos</strong></span> <span class='ocrx_word' id='word_1_487' title='bbox 2810 2036 3120 2102; x_wconf 89' lang='lat' dir='ltr'><strong>posuerunt</strong></span> <span class='ocrx_word' id='word_1_488' title='bbox 3135 2036 3322 2100; x_wconf 85' lang='lat' dir='ltr'><strong>patres</strong></span> <span class='ocrx_word' id='word_1_489' title='bbox 3333 2025 3416 2082; x_wconf 90' lang='lat' dir='ltr'><strong>tui</strong></span> <span class='ocrx_word' id='word_1_490' title='bbox 3430 2024 3531 2079; x_wconf 67' lang='grc' dir='ltr'><strong>κ.»</strong></span> 
     </span>
    </p>
   </div>
   <div class='ocr_carea' id='block_1_66' title="bbox 1948 2116 3540 2194">
    <p class='ocr_par' dir='ltr' id='par_1_66' title="bbox 1948 2116 3540 2194">
     <span class='ocr_line' id='line_1_66' title="bbox 1948 2116 3540 2194; baseline -0.005 -14"><span class='ocrx_word' id='word_1_491' title='bbox 1948 2124 2070 2180; x_wconf 84' lang='lat' dir='ltr'><strong>Non</strong></span> <span class='ocrx_word' id='word_1_492' title='bbox 2119 2130 2206 2179; x_wconf 90' lang='lat' dir='ltr'><strong>est</strong></span> <span class='ocrx_word' id='word_1_493' title='bbox 2248 2123 2396 2179; x_wconf 88' lang='lat' dir='ltr'><strong>enim</strong></span> <span class='ocrx_word' id='word_1_494' title='bbox 2450 2131 2599 2179; x_wconf 88' lang='lat' dir='ltr'><strong>recta</strong></span> <span class='ocrx_word' id='word_1_495' title='bbox 2651 2120 2928 2194; x_wconf 78' lang='lat' dir='ltr'><strong>ejusmodi</strong></span> <span class='ocrx_word' id='word_1_496' title='bbox 2965 2119 3256 2176; x_wconf 87' lang='lat' dir='ltr'><strong>hominum</strong></span> <span class='ocrx_word' id='word_1_497' title='bbox 3291 2118 3405 2183; x_wconf 81' lang='lat' dir='ltr'><strong>via,</strong></span> <span class='ocrx_word' id='word_1_498' title='bbox 3439 2116 3540 2176; x_wconf 82' lang='lat' dir='ltr'><strong>sed</strong></span> 
     </span>
    </p>
   </div>
   <div class='ocr_carea' id='block_1_67' title="bbox 1949 2208 3540 2286">
    <p class='ocr_par' dir='ltr' id='par_1_67' title="bbox 1949 2208 3540 2286">
     <span class='ocr_line' id='line_1_67' title="bbox 1949 2208 3540 2286; baseline -0.004 -16"><span class='ocrx_word' id='word_1_499' title='bbox 1949 2229 2225 2286; x_wconf 72' lang='lat' dir='ltr'><strong>perversae</strong></span> <span class='ocrx_word' id='word_1_500' title='bbox 2279 2229 2473 2270; x_wconf 89' lang='lat' dir='ltr'><strong>eorum</strong></span> <span class='ocrx_word' id='word_1_501' title='bbox 2523 2213 2736 2269; x_wconf 61' lang='lat' dir='ltr'><strong>semitas</strong></span> <span class='ocrx_word' id='word_1_502' title='bbox 2761 2213 2844 2277; x_wconf 69' lang='grc' dir='ltr'><strong>ι’,</strong></span> <span class='ocrx_word' id='word_1_503' title='bbox 2900 2221 3068 2284; x_wconf 88' lang='lat' dir='ltr'><strong>atque</strong></span> <span class='ocrx_word' id='word_1_504' title='bbox 3109 2209 3168 2266; x_wconf 89' lang='lat' dir='ltr'><strong>in</strong></span> <span class='ocrx_word' id='word_1_505' title='bbox 3200 2208 3540 2280; x_wconf 91' lang='lat' dir='ltr'><strong>profundum</strong></span> 
     </span>
    </p>
   </div>
   <div class='ocr_carea' id='block_1_68' title="bbox 1949 2302 3538 2378">
    <p class='ocr_par' dir='ltr' id='par_1_68' title="bbox 1949 2302 3538 2378">
     <span class='ocr_line' id='line_1_68' title="bbox 1949 2302 3538 2378; baseline -0.004 -16"><span class='ocrx_word' id='word_1_506' title='bbox 1949 2307 2059 2378; x_wconf 76' lang='lat'><strong>97</strong></span> <span class='ocrx_word' id='word_1_507' title='bbox 2086 2306 2311 2370; x_wconf 91' lang='lat' dir='ltr'><strong>inferni,</strong></span> <span class='ocrx_word' id='word_1_508' title='bbox 2346 2315 2403 2361; x_wconf 91' lang='lat' dir='ltr'><strong>et</strong></span> <span class='ocrx_word' id='word_1_509' title='bbox 2444 2305 2642 2362; x_wconf 90' lang='lat' dir='ltr'><strong>mortis</strong></span> <span class='ocrx_word' id='word_1_510' title='bbox 2685 2307 2944 2376; x_wconf 86' lang='lat' dir='ltr'><strong>laqueum</strong></span> <span class='ocrx_word' id='word_1_511' title='bbox 2969 2302 3309 2376; x_wconf 69' lang='lat' dir='ltr'><strong>pmcipitem</strong></span> <span class='ocrx_word' id='word_1_512' title='bbox 3346 2309 3538 2372; x_wconf 88' lang='lat' dir='ltr'><strong>agunt.</strong></span> 
     </span>
    </p>
   </div>
   <div class='ocr_carea' id='block_1_69' title="bbox 1949 2391 3544 2467">
    <p class='ocr_par' dir='ltr' id='par_1_69' title="bbox 1949 2391 3544 2467">
     <span class='ocr_line' id='line_1_69' title="bbox 1949 2391 3544 2467; baseline -0.004 -13"><span class='ocrx_word' id='word_1_513' title='bbox 1949 2398 2030 2454; x_wconf 85' lang='lat' dir='ltr'><strong>Ac</strong></span> <span class='ocrx_word' id='word_1_514' title='bbox 2076 2398 2212 2452; x_wconf 89' lang='lat' dir='ltr'><strong>mihi</strong></span> <span class='ocrx_word' id='word_1_515' title='bbox 2255 2397 2472 2452; x_wconf 86' lang='lat' dir='ltr'><strong>videtur</strong></span> <span class='ocrx_word' id='word_1_516' title='bbox 2510 2396 2918 2467; x_wconf 85' lang='lat' dir='ltr'><strong>sapientissime</strong></span> <span class='ocrx_word' id='word_1_517' title='bbox 2950 2395 3210 2451; x_wconf 83' lang='lat' dir='ltr'><strong>Salomon</strong></span> <span class='ocrx_word' id='word_1_518' title='bbox 3233 2391 3544 2465; x_wconf 86' lang='lat' dir='ltr'><strong>impudenti</strong></span> 
     </span>
    </p>
   </div>
   <div class='ocr_carea' id='block_1_70' title="bbox 1952 2490 3538 2564">
    <p class='ocr_par' dir='ltr' id='par_1_70' title="bbox 1952 2490 3538 2564">
     <span class='ocr_line' id='line_1_70' title="bbox 1952 2490 3538 2564; baseline -0.003 -16"><span class='ocrx_word' id='word_1_519' title='bbox 1952 2493 2173 2549; x_wconf 88' lang='lat' dir='ltr'><strong>mulieri</strong></span> <span class='ocrx_word' id='word_1_520' title='bbox 2202 2506 2493 2564; x_wconf 85' lang='lat' dir='ltr'><strong>personam</strong></span> <span class='ocrx_word' id='word_1_521' title='bbox 2535 2492 2915 2562; x_wconf 83' lang='lat' dir='ltr'><strong>cujuscunque</strong></span> <span class='ocrx_word' id='word_1_522' title='bbox 2952 2490 3182 2546; x_wconf 65' lang='lat' dir='ltr'><strong>haeresis</strong></span> <span class='ocrx_word' id='word_1_523' title='bbox 3223 2490 3538 2560; x_wconf 85' lang='lat' dir='ltr'><strong>imponere:</strong></span> 
     </span>
    </p>
   </div>
   <div class='ocr_carea' id='block_1_71' title="bbox 1951 2578 3542 2652">
    <p class='ocr_par' dir='ltr' id='par_1_71' title="bbox 1951 2578 3542 2652">
     <span class='ocr_line' id='line_1_71' title="bbox 1951 2578 3542 2652; baseline 0.002 -18"><span class='ocrx_word' id='word_1_524' title='bbox 1951 2596 2117 2652; x_wconf 90' lang='lat' dir='ltr'><strong>quam</strong></span> <span class='ocrx_word' id='word_1_525' title='bbox 2147 2580 2377 2651; x_wconf 90' lang='lat' dir='ltr'><strong>proinde</strong></span> <span class='ocrx_word' id='word_1_526' title='bbox 2395 2580 2686 2635; x_wconf 87' lang='lat' dir='ltr'><strong>mulierem</strong></span> <span class='ocrx_word' id='word_1_527' title='bbox 2711 2579 2990 2636; x_wconf 80' lang='lat' dir='ltr'><strong>vitandam</strong></span> <span class='ocrx_word' id='word_1_528' title='bbox 3007 2595 3073 2635; x_wconf 92' lang='lat' dir='ltr'><strong>ac</strong></span> <span class='ocrx_word' id='word_1_529' title='bbox 3086 2578 3404 2651; x_wconf 74' lang='lat' dir='ltr'><strong>fugiendam</strong></span> <span class='ocrx_word' id='word_1_530' title='bbox 3419 2594 3542 2637; x_wconf 83' lang='lat' dir='ltr'><strong>esse</strong></span> 
     </span>
    </p>
   </div>
   <div class='ocr_carea' id='block_1_72' title="bbox 1953 2672 3539 2744">
    <p class='ocr_par' dir='ltr' id='par_1_72' title="bbox 1953 2672 3539 2744">
     <span class='ocr_line' id='line_1_72' title="bbox 1953 2672 3539 2744; baseline 0.001 -18"><span class='ocrx_word' id='word_1_531' title='bbox 1953 2672 2233 2737; x_wconf 90' lang='lat' dir='ltr'><strong>admonet,</strong></span> <span class='ocrx_word' id='word_1_532' title='bbox 2280 2688 2404 2743; x_wconf 61' lang='lat' dir='ltr'><strong>qua</strong></span> <span class='ocrx_word' id='word_1_533' title='bbox 2445 2673 2681 2743; x_wconf 82' lang='lat' dir='ltr'><strong>laqueus</strong></span> <span class='ocrx_word' id='word_1_534' title='bbox 2725 2679 2860 2735; x_wconf 85' lang='lat' dir='ltr'><strong>est;</strong></span> <span class='ocrx_word' id='word_1_535' title='bbox 2915 2682 2973 2729; x_wconf 91' lang='lat' dir='ltr'><strong>et</strong></span> <span class='ocrx_word' id='word_1_536' title='bbox 3011 2687 3214 2743; x_wconf 86' lang='lat' dir='ltr'><strong>sagena</strong></span> <span class='ocrx_word' id='word_1_537' title='bbox 3242 2687 3340 2728; x_wconf 90' lang='lat' dir='ltr'><strong>cor</strong></span> <span class='ocrx_word' id='word_1_538' title='bbox 3377 2673 3539 2744; x_wconf 83' lang='lat' dir='ltr'><strong>ejus;</strong></span> 
     </span>
    </p>
   </div>
   <div class='ocr_carea' id='block_1_73' title="bbox 1952 2761 3543 2833">
    <p class='ocr_par' dir='ltr' id='par_1_73' title="bbox 1952 2761 3543 2833">
     <span class='ocr_line' id='line_1_73' title="bbox 1952 2761 3543 2833; baseline 0 -15"><span class='ocrx_word' id='word_1_539' title='bbox 1952 2763 2173 2819; x_wconf 87' lang='lat' dir='ltr'><strong>vincula</strong></span> <span class='ocrx_word' id='word_1_540' title='bbox 2218 2769 2349 2817; x_wconf 89' lang='lat' dir='ltr'><strong>sunt</strong></span> <span class='ocrx_word' id='word_1_541' title='bbox 2390 2761 2448 2816; x_wconf 91' lang='lat' dir='ltr'><strong>in</strong></span> <span class='ocrx_word' id='word_1_542' title='bbox 2494 2762 2752 2817; x_wconf 87' lang='lat' dir='ltr'><strong>manibus</strong></span> <span class='ocrx_word' id='word_1_543' title='bbox 2787 2761 2911 2833; x_wconf 84' lang='lat' dir='ltr'><strong>ejus</strong></span> <span class='ocrx_word' id='word_1_544' title='bbox 2950 2762 3017 2817; x_wconf 75' lang='lat'><strong>“.</strong></span> <span class='ocrx_word' id='word_1_545' title='bbox 3055 2761 3160 2829; x_wconf 86' lang='lat' dir='ltr'><strong>Qui</strong></span> <span class='ocrx_word' id='word_1_546' title='bbox 3195 2761 3377 2817; x_wconf 90' lang='lat' dir='ltr'><strong>bonus</strong></span> <span class='ocrx_word' id='word_1_547' title='bbox 3411 2770 3543 2818; x_wconf 72' lang='lat' dir='ltr'><strong>ante</strong></span> 
     </span>
    </p>
   </div>
   <div class='ocr_carea' id='block_1_74' title="bbox 1954 2853 3542 2926">
    <p class='ocr_par' dir='ltr' id='par_1_74' title="bbox 1954 2853 3542 2926">
     <span class='ocr_line' id='line_1_74' title="bbox 1954 2853 3542 2926; baseline -0.001 -16"><span class='ocrx_word' id='word_1_548' title='bbox 1954 2855 2152 2911; x_wconf 81' lang='lat' dir='ltr'><strong>faciem</strong></span> <span class='ocrx_word' id='word_1_549' title='bbox 2176 2854 2297 2919; x_wconf 89' lang='lat' dir='ltr'><strong>Dei,</strong></span> <span class='ocrx_word' id='word_1_550' title='bbox 2319 2863 2550 2910; x_wconf 90' lang='lat' dir='ltr'><strong>eruetur</strong></span> <span class='ocrx_word' id='word_1_551' title='bbox 2577 2853 2646 2910; x_wconf 93' lang='lat' dir='ltr'><strong>de</strong></span> <span class='ocrx_word' id='word_1_552' title='bbox 2667 2853 2764 2910; x_wconf 87' lang='lat' dir='ltr'><strong>illa</strong></span> <span class='ocrx_word' id='word_1_553' title='bbox 2789 2870 2805 2920; x_wconf 90' lang='lat'><strong>;</strong></span> <span class='ocrx_word' id='word_1_554' title='bbox 2835 2854 2932 2926; x_wconf 90' lang='lat' dir='ltr'><strong>qui</strong></span> <span class='ocrx_word' id='word_1_555' title='bbox 2951 2862 3136 2910; x_wconf 87' lang='lat' dir='ltr'><strong>autem</strong></span> <span class='ocrx_word' id='word_1_556' title='bbox 3159 2859 3417 2925; x_wconf 86' lang='lat' dir='ltr'><strong>peccator</strong></span> <span class='ocrx_word' id='word_1_557' title='bbox 3435 2861 3542 2917; x_wconf 76' lang='lat' dir='ltr'><strong>est,</strong></span> 
     </span>
    </p>
   </div>
   <div class='ocr_carea' id='block_1_75' title="bbox 1955 2944 3512 3018">
    <p class='ocr_par' dir='ltr' id='par_1_75' title="bbox 1955 2944 3512 3018">
     <span class='ocr_line' id='line_1_75' title="bbox 1955 2944 3512 3018; baseline -0.003 -15"><span class='ocrx_word' id='word_1_558' title='bbox 1955 2947 2205 3018; x_wconf 84' lang='lat' dir='ltr'><strong>capietur</strong></span> <span class='ocrx_word' id='word_1_559' title='bbox 2238 2947 2297 3002; x_wconf 93' lang='lat' dir='ltr'><strong>in</strong></span> <span class='ocrx_word' id='word_1_560' title='bbox 2330 2946 2444 3001; x_wconf 87' lang='lat' dir='ltr'><strong>illa.</strong></span> <span class='ocrx_word' id='word_1_561' title='bbox 2474 2945 2544 3001; x_wconf 81' lang='lat' dir='ltr'><strong>At</strong></span> <span class='ocrx_word' id='word_1_562' title='bbox 2564 2960 2596 3000; x_wconf 92' lang='lat' dir='ltr'><strong>e</strong></span> <span class='ocrx_word' id='word_1_563' title='bbox 2625 2945 2906 3001; x_wconf 87' lang='lat' dir='ltr'><strong>venatoris</strong></span> <span class='ocrx_word' id='word_1_564' title='bbox 2930 2945 3098 3017; x_wconf 88' lang='lat' dir='ltr'><strong>hujus</strong></span> <span class='ocrx_word' id='word_1_565' title='bbox 3124 2944 3441 3015; x_wconf 78' lang='lat' dir='ltr'><strong>inexplebili</strong></span> <span class='ocrx_word' id='word_1_566' title='bbox 3459 2944 3512 2999; x_wconf 91' lang='lat' dir='ltr'><strong>la</strong></span> 
     </span>
    </p>
   </div>
   <div class='ocr_carea' id='block_1_76' title="bbox 1956 3033 3544 3109">
    <p class='ocr_par' dir='ltr' id='par_1_76' title="bbox 1956 3033 3544 3109">
     <span class='ocr_line' id='line_1_76' title="bbox 1956 3033 3544 3109; baseline -0.001 -16"><span class='ocrx_word' id='word_1_567' title='bbox 1956 3053 2101 3109; x_wconf 88' lang='lat' dir='ltr'><strong>queo</strong></span> <span class='ocrx_word' id='word_1_568' title='bbox 2130 3038 2328 3108; x_wconf 87' lang='lat' dir='ltr'><strong>erepti,</strong></span> <span class='ocrx_word' id='word_1_569' title='bbox 2353 3047 2411 3092; x_wconf 90' lang='lat' dir='ltr'><strong>et</strong></span> <span class='ocrx_word' id='word_1_570' title='bbox 2431 3051 2531 3107; x_wconf 91' lang='lat' dir='ltr'><strong>per</strong></span> <span class='ocrx_word' id='word_1_571' title='bbox 2559 3034 2844 3092; x_wconf 88' lang='lat' dir='ltr'><strong>Christum</strong></span> <span class='ocrx_word' id='word_1_572' title='bbox 2863 3033 3111 3091; x_wconf 88' lang='lat' dir='ltr'><strong>omnium</strong></span> <span class='ocrx_word' id='word_1_573' title='bbox 3144 3043 3397 3092; x_wconf 87' lang='lat' dir='ltr'><strong>nostrum</strong></span> <span class='ocrx_word' id='word_1_574' title='bbox 3423 3034 3544 3092; x_wconf 90' lang='lat' dir='ltr'><strong>Sal-</strong></span> 
     </span>
    </p>
   </div>
   <div class='ocr_carea' id='block_1_77' title="bbox 1956 3125 3542 3197">
    <p class='ocr_par' dir='ltr' id='par_1_77' title="bbox 1956 3125 3542 3197">
     <span class='ocr_line' id='line_1_77' title="bbox 1956 3125 3542 3197; baseline -0.003 -13"><span class='ocrx_word' id='word_1_575' title='bbox 1956 3139 2204 3184; x_wconf 84' lang='lat' dir='ltr'><strong>vatorem</strong></span> <span class='ocrx_word' id='word_1_576' title='bbox 2238 3127 2432 3184; x_wconf 87' lang='lat' dir='ltr'><strong>salvati</strong></span> <span class='ocrx_word' id='word_1_577' title='bbox 2469 3140 2665 3182; x_wconf 88' lang='lat' dir='ltr'><strong>sumus</strong></span> <span class='ocrx_word' id='word_1_578' title='bbox 2698 3144 2711 3181; x_wconf 93' lang='lat'>:</span> <span class='ocrx_word' id='word_1_579' title='bbox 2763 3141 2928 3197; x_wconf 89' lang='lat' dir='ltr'><strong>quem</strong></span> <span class='ocrx_word' id='word_1_580' title='bbox 2965 3132 3023 3182; x_wconf 84' lang='lat' dir='ltr'><strong>et</strong></span> <span class='ocrx_word' id='word_1_581' title='bbox 3061 3125 3235 3182; x_wconf 87' lang='lat' dir='ltr'><strong>Deum</strong></span> <span class='ocrx_word' id='word_1_582' title='bbox 3271 3139 3394 3182; x_wconf 85' lang='lat' dir='ltr'><strong>esse</strong></span> <span class='ocrx_word' id='word_1_583' title='bbox 3419 3139 3542 3181; x_wconf 91' lang='lat' dir='ltr'><strong>cre-</strong></span> 
     </span>
    </p>
   </div>
   <div class='ocr_carea' id='block_1_78' title="bbox 1954 3215 3545 3290">
    <p class='ocr_par' dir='ltr' id='par_1_78' title="bbox 1954 3215 3545 3290">
     <span class='ocr_line' id='line_1_78' title="bbox 1954 3215 3545 3290; baseline -0.003 -15"><span class='ocrx_word' id='word_1_584' title='bbox 1954 3219 2169 3286; x_wconf 82' lang='lat' dir='ltr'><strong>dentes,</strong></span> <span class='ocrx_word' id='word_1_585' title='bbox 2202 3229 2272 3275; x_wconf 72' lang='lat' dir='ltr'><strong>et‘</strong></span> <span class='ocrx_word' id='word_1_586' title='bbox 2295 3216 2618 3290; x_wconf 76' lang='lat' dir='ltr'><strong>genitricem</strong></span> <span class='ocrx_word' id='word_1_587' title='bbox 2645 3217 2796 3274; x_wconf 90' lang='lat' dir='ltr'><strong>illius</strong></span> <span class='ocrx_word' id='word_1_588' title='bbox 2823 3217 3130 3274; x_wconf 84' lang='lat' dir='ltr'><strong>secundum</strong></span> <span class='ocrx_word' id='word_1_589' title='bbox 3163 3232 3386 3274; x_wconf 87' lang='lat' dir='ltr'><strong>carnem</strong></span> <span class='ocrx_word' id='word_1_590' title='bbox 3413 3215 3545 3272; x_wconf 91' lang='lat' dir='ltr'><strong>Dei-</strong></span> 
     </span>
    </p>
   </div>
   <div class='ocr_carea' id='block_1_79' title="bbox 1953 3309 3541 3385">
    <p class='ocr_par' dir='ltr' id='par_1_79' title="bbox 1953 3309 3541 3385">
     <span class='ocr_line' id='line_1_79' title="bbox 1953 3309 3541 3385; baseline -0.003 -17"><span class='ocrx_word' id='word_1_591' title='bbox 1953 3328 2143 3385; x_wconf 88' lang='lat' dir='ltr'><strong>param</strong></span> <span class='ocrx_word' id='word_1_592' title='bbox 2168 3327 2290 3368; x_wconf 85' lang='lat' dir='ltr'><strong>esse</strong></span> <span class='ocrx_word' id='word_1_593' title='bbox 2314 3310 2658 3384; x_wconf 82' lang='lat' dir='ltr'><strong>profitentes,</strong></span> <span class='ocrx_word' id='word_1_594' title='bbox 2687 3310 3008 3367; x_wconf 89' lang='lat' dir='ltr'><strong>accedimus</strong></span> <span class='ocrx_word' id='word_1_595' title='bbox 3030 3309 3102 3366; x_wconf 91' lang='lat' dir='ltr'><strong>ad</strong></span> <span class='ocrx_word' id='word_1_596' title='bbox 3124 3326 3251 3367; x_wconf 88' lang='lat' dir='ltr'><strong>eum</strong></span> <span class='ocrx_word' id='word_1_597' title='bbox 3272 3309 3541 3366; x_wconf 87' lang='lat' dir='ltr'><strong>dicentes:</strong></span> 
     </span>
    </p>
   </div>
   <div class='ocr_carea' id='block_1_80' title="bbox 1962 3401 3546 3475">
    <p class='ocr_par' dir='ltr' id='par_1_80' title="bbox 1962 3401 3546 3475">
     <span class='ocr_line' id='line_1_80' title="bbox 1962 3401 3546 3475; baseline -0.001 -17"><span class='ocrx_word' id='word_1_598' title='bbox 1962 3425 1982 3458; x_wconf 80' lang='grc' dir='ltr'><strong>ι</strong></span> <span class='ocrx_word' id='word_1_599' title='bbox 2021 3403 2341 3462; x_wconf 80' lang='lat' dir='ltr'><strong>Viviﬁcabis</strong></span> <span class='ocrx_word' id='word_1_600' title='bbox 2358 3420 2483 3470; x_wconf 92' lang='lat' dir='ltr'><strong>nos,</strong></span> <span class='ocrx_word' id='word_1_601' title='bbox 2504 3419 2688 3475; x_wconf 88' lang='lat' dir='ltr'><strong>neque</strong></span> <span class='ocrx_word' id='word_1_602' title='bbox 2714 3401 3041 3460; x_wconf 88' lang='lat' dir='ltr'><strong>recedemus</strong></span> <span class='ocrx_word' id='word_1_603' title='bbox 3069 3418 3100 3458; x_wconf 91' lang='lat' dir='ltr'><strong>a</strong></span> <span class='ocrx_word' id='word_1_604' title='bbox 3135 3412 3212 3470; x_wconf 91' lang='lat' dir='ltr'><strong>te,</strong></span> <span class='ocrx_word' id='word_1_605' title='bbox 3239 3413 3298 3460; x_wconf 91' lang='lat' dir='ltr'><strong>ct</strong></span> <span class='ocrx_word' id='word_1_606' title='bbox 3333 3401 3546 3459; x_wconf 90' lang='lat' dir='ltr'><strong>nomini</strong></span> 
     </span>
    </p>
   </div>
   <div class='ocr_carea' id='block_1_81' title="bbox 1953 3494 3548 3554">
    <p class='ocr_par' dir='ltr' id='par_1_81' title="bbox 1953 3494 3548 3554">
     <span class='ocr_line' id='line_1_81' title="bbox 1953 3494 3548 3554; baseline -0.002 -1"><span class='ocrx_word' id='word_1_607' title='bbox 1953 3506 2051 3553; x_wconf 84' lang='lat' dir='ltr'><strong>tuo</strong></span> <span class='ocrx_word' id='word_1_608' title='bbox 2077 3495 2467 3554; x_wconf 82' lang='lat' dir='ltr'><strong>conﬁtebimur</strong></span> <span class='ocrx_word' id='word_1_609' title='bbox 2495 3496 2552 3552; x_wconf 90' lang='lat' dir='ltr'><strong>in</strong></span> <span class='ocrx_word' id='word_1_610' title='bbox 2586 3496 2788 3552; x_wconf 70' lang='lat' dir='ltr'><strong>saecula</strong></span> <span class='ocrx_word' id='word_1_611' title='bbox 2824 3496 2891 3549; x_wconf 78' lang='lat'><strong>&quot;.</strong></span> <span class='ocrx_word' id='word_1_612' title='bbox 2926 3513 2946 3547; x_wconf 78' lang='grc' dir='ltr'><strong>ι</strong></span> <span class='ocrx_word' id='word_1_613' title='bbox 2981 3494 3190 3551; x_wconf 82' lang='lat' dir='ltr'><strong>Horum</strong></span> <span class='ocrx_word' id='word_1_614' title='bbox 3221 3504 3406 3552; x_wconf 89' lang='lat' dir='ltr'><strong>autem</strong></span> <span class='ocrx_word' id='word_1_615' title='bbox 3429 3509 3548 3550; x_wconf 85' lang='lat' dir='ltr'><strong>om-</strong></span> 
     </span>
    </p>
   </div>
   <div class='ocr_carea' id='block_1_82' title="bbox 1953 3578 3546 3660">
    <p class='ocr_par' dir='ltr' id='par_1_82' title="bbox 1953 3578 3546 3660">
     <span class='ocr_line' id='line_1_82' title="bbox 1953 3578 3546 3660; baseline 0 -15"><span class='ocrx_word' id='word_1_616' title='bbox 1953 3590 2109 3646; x_wconf 90' lang='lat' dir='ltr'><strong>nium</strong></span> <span class='ocrx_word' id='word_1_617' title='bbox 2153 3589 2697 3660; x_wconf 77' lang='lat' dir='ltr'><strong>exoptatissimorum</strong></span> <span class='ocrx_word' id='word_1_618' title='bbox 2718 3589 2995 3644; x_wconf 90' lang='lat' dir='ltr'><strong>bonorum</strong></span> <span class='ocrx_word' id='word_1_619' title='bbox 3017 3603 3185 3645; x_wconf 89' lang='lat' dir='ltr'><strong>causa</strong></span> <span class='ocrx_word' id='word_1_620' title='bbox 3202 3595 3262 3645; x_wconf 87' lang='lat' dir='ltr'><strong>et</strong></span> <span class='ocrx_word' id='word_1_621' title='bbox 3280 3578 3546 3646; x_wconf 45' lang='lat' dir='ltr'><strong>concilia;</strong></span> 
     </span>
    </p>
   </div>
   <div class='ocr_carea' id='block_1_83' title="bbox 1953 3680 3547 3752">
    <p class='ocr_par' dir='ltr' id='par_1_83' title="bbox 1953 3680 3547 3752">
     <span class='ocr_line' id='line_1_83' title="bbox 1953 3680 3547 3752; baseline -0.001 -14"><span class='ocrx_word' id='word_1_622' title='bbox 1953 3682 2064 3738; x_wconf 78' lang='lat' dir='ltr'><strong>trix</strong></span> <span class='ocrx_word' id='word_1_623' title='bbox 2097 3681 2262 3738; x_wconf 88' lang='lat' dir='ltr'><strong>nobis</strong></span> <span class='ocrx_word' id='word_1_624' title='bbox 2294 3681 2506 3738; x_wconf 82' lang='lat' dir='ltr'><strong>exstitit</strong></span> <span class='ocrx_word' id='word_1_625' title='bbox 2533 3681 2720 3738; x_wconf 88' lang='lat' dir='ltr'><strong>divina</strong></span> <span class='ocrx_word' id='word_1_626' title='bbox 2748 3680 2843 3738; x_wconf 86' lang='lat' dir='ltr'><strong>illa</strong></span> <span class='ocrx_word' id='word_1_627' title='bbox 2873 3695 3182 3752; x_wconf 86' lang='lat' dir='ltr'><strong>arcanaque</strong></span> <span class='ocrx_word' id='word_1_628' title='bbox 3216 3696 3281 3736; x_wconf 85' lang='lat' dir='ltr'><strong>ac</strong></span> <span class='ocrx_word' id='word_1_629' title='bbox 3308 3695 3547 3752; x_wconf 87' lang='lat' dir='ltr'><strong>superna</strong></span> 
     </span>
    </p>
   </div>
   <div class='ocr_carea' id='block_1_84' title="bbox 1953 3773 3549 3847">
    <p class='ocr_par' dir='ltr' id='par_1_84' title="bbox 1953 3773 3549 3847">
     <span class='ocr_line' id='line_1_84' title="bbox 1953 3773 3549 3847; baseline 0 -16"><span class='ocrx_word' id='word_1_630' title='bbox 1953 3773 2251 3842; x_wconf 85' lang='lat' dir='ltr'><strong>sententia,</strong></span> <span class='ocrx_word' id='word_1_631' title='bbox 2291 3781 2348 3830; x_wconf 91' lang='lat' dir='ltr'><strong>et</strong></span> <span class='ocrx_word' id='word_1_632' title='bbox 2381 3773 2461 3829; x_wconf 91' lang='lat' dir='ltr'><strong>illi</strong></span> <span class='ocrx_word' id='word_1_633' title='bbox 2493 3774 2704 3831; x_wconf 64' lang='lat' dir='ltr'><strong>caelesti</strong></span> <span class='ocrx_word' id='word_1_634' title='bbox 2741 3774 2904 3830; x_wconf 89' lang='lat' dir='ltr'><strong>nutui</strong></span> <span class='ocrx_word' id='word_1_635' title='bbox 2945 3774 3298 3830; x_wconf 87' lang='lat' dir='ltr'><strong>consentiens</strong></span> <span class='ocrx_word' id='word_1_636' title='bbox 3328 3773 3549 3847; x_wconf 88' lang='lat' dir='ltr'><strong>religio-</strong></span> 
     </span>
    </p>
   </div>
   <div class='ocr_carea' id='block_1_85' title="bbox 1955 3863 3549 3938">
    <p class='ocr_par' dir='ltr' id='par_1_85' title="bbox 1955 3863 3549 3938">
     <span class='ocr_line' id='line_1_85' title="bbox 1955 3863 3549 3938; baseline -0.001 -17"><span class='ocrx_word' id='word_1_637' title='bbox 1955 3865 2160 3921; x_wconf 85' lang='lat' dir='ltr'><strong>sissimi</strong></span> <span class='ocrx_word' id='word_1_638' title='bbox 2195 3863 2514 3936; x_wconf 89' lang='lat' dir='ltr'><strong>Christique</strong></span> <span class='ocrx_word' id='word_1_639' title='bbox 2550 3864 2788 3920; x_wconf 89' lang='lat' dir='ltr'><strong>amantis</strong></span> <span class='ocrx_word' id='word_1_640' title='bbox 2823 3863 2970 3938; x_wconf 86' lang='lat' dir='ltr'><strong>regis</strong></span> <span class='ocrx_word' id='word_1_641' title='bbox 3002 3865 3278 3920; x_wconf 82' lang='lat' dir='ltr'><strong>voluntas.</strong></span> <span class='ocrx_word' id='word_1_642' title='bbox 3307 3863 3549 3920; x_wconf 87' lang='lat' dir='ltr'><strong>Decebat</strong></span> 
     </span>
    </p>
   </div>
   <div class='ocr_carea' id='block_1_86' title="bbox 1955 3955 3544 4027">
    <p class='ocr_par' dir='ltr' id='par_1_86' title="bbox 1955 3955 3544 4027">
     <span class='ocr_line' id='line_1_86' title="bbox 1955 3955 3544 4027; baseline -0.001 -14"><span class='ocrx_word' id='word_1_643' title='bbox 1955 3962 2193 4027; x_wconf 83' lang='lat' dir='ltr'><strong>namque</strong></span> <span class='ocrx_word' id='word_1_644' title='bbox 2227 3955 2380 4011; x_wconf 90' lang='lat' dir='ltr'><strong>illius</strong></span> <span class='ocrx_word' id='word_1_645' title='bbox 2418 3955 2799 4020; x_wconf 86' lang='lat' dir='ltr'><strong>serenitatem,</strong></span> <span class='ocrx_word' id='word_1_646' title='bbox 2834 3964 2898 4010; x_wconf 88' lang='lat' dir='ltr'><strong>ut</strong></span> <span class='ocrx_word' id='word_1_647' title='bbox 2933 3971 3047 4011; x_wconf 89' lang='lat' dir='ltr'><strong>non</strong></span> <span class='ocrx_word' id='word_1_648' title='bbox 3083 3955 3250 4011; x_wconf 87' lang='lat' dir='ltr'><strong>modo</strong></span> <span class='ocrx_word' id='word_1_649' title='bbox 3275 3955 3544 4021; x_wconf 87' lang='lat' dir='ltr'><strong>visibiles,</strong></span> 
     </span>
    </p>
   </div>
   <div class='ocr_carea' id='block_1_87' title="bbox 1956 4047 3548 4120">
    <p class='ocr_par' dir='ltr' id='par_1_87' title="bbox 1956 4047 3548 4120">
     <span class='ocr_line' id='line_1_87' title="bbox 1956 4047 3548 4120; baseline -0.001 -16"><span class='ocrx_word' id='word_1_650' title='bbox 1956 4065 2152 4107; x_wconf 86' lang='lat' dir='ltr'><strong>verum</strong></span> <span class='ocrx_word' id='word_1_651' title='bbox 2190 4049 2360 4105; x_wconf 89' lang='lat' dir='ltr'><strong>etiam</strong></span> <span class='ocrx_word' id='word_1_652' title='bbox 2400 4047 2712 4104; x_wconf 88' lang='lat' dir='ltr'><strong>invisibiles</strong></span> <span class='ocrx_word' id='word_1_653' title='bbox 2761 4047 2951 4106; x_wconf 87' lang='lat' dir='ltr'><strong>hostes</strong></span> <span class='ocrx_word' id='word_1_654' title='bbox 2999 4055 3377 4120; x_wconf 77' lang='lat' dir='ltr'><strong>expugnaret;</strong></span> <span class='ocrx_word' id='word_1_655' title='bbox 3427 4057 3548 4104; x_wconf 89' lang='lat' dir='ltr'><strong>tum</strong></span> 
     </span>
    </p>
   </div>
   <div class='ocr_carea' id='block_1_88' title="bbox 1956 4140 3547 4214">
    <p class='ocr_par' dir='ltr' id='par_1_88' title="bbox 1956 4140 3547 4214">
     <span class='ocr_line' id='line_1_88' title="bbox 1956 4140 3547 4214; baseline -0.001 -16"><span class='ocrx_word' id='word_1_656' title='bbox 1956 4158 2200 4208; x_wconf 88' lang='lat' dir='ltr'><strong>rursum,</strong></span> <span class='ocrx_word' id='word_1_657' title='bbox 2243 4149 2307 4198; x_wconf 89' lang='lat' dir='ltr'><strong>ut</strong></span> <span class='ocrx_word' id='word_1_658' title='bbox 2344 4158 2457 4198; x_wconf 91' lang='lat' dir='ltr'><strong>non</strong></span> <span class='ocrx_word' id='word_1_659' title='bbox 2485 4151 2699 4197; x_wconf 88' lang='lat' dir='ltr'><strong>tantum</strong></span> <span class='ocrx_word' id='word_1_660' title='bbox 2723 4140 3043 4197; x_wconf 85' lang='lat' dir='ltr'><strong>barbaricas</strong></span> <span class='ocrx_word' id='word_1_661' title='bbox 3079 4141 3380 4214; x_wconf 87' lang='lat' dir='ltr'><strong>phalanges</strong></span> <span class='ocrx_word' id='word_1_662' title='bbox 3410 4156 3547 4198; x_wconf 89' lang='lat' dir='ltr'><strong>con-</strong></span> 
     </span>
    </p>
   </div>
   <div class='ocr_carea' id='block_1_89' title="bbox 1957 4232 3545 4304">
    <p class='ocr_par' dir='ltr' id='par_1_89' title="bbox 1957 4232 3545 4304">
     <span class='ocr_line' id='line_1_89' title="bbox 1957 4232 3545 4304; baseline -0.003 -12"><span class='ocrx_word' id='word_1_663' title='bbox 1957 4242 2182 4299; x_wconf 86' lang='lat' dir='ltr'><strong>tereret,</strong></span> <span class='ocrx_word' id='word_1_664' title='bbox 2207 4233 2304 4291; x_wconf 88' lang='lat' dir='ltr'><strong>sed</strong></span> <span class='ocrx_word' id='word_1_665' title='bbox 2329 4233 2536 4289; x_wconf 86' lang='lat' dir='ltr'><strong>diaboli</strong></span> <span class='ocrx_word' id='word_1_666' title='bbox 2553 4247 2773 4304; x_wconf 91' lang='lat' dir='ltr'><strong>quoque</strong></span> <span class='ocrx_word' id='word_1_667' title='bbox 2789 4232 3200 4304; x_wconf 86' lang='lat' dir='ltr'><strong>improbitatem</strong></span> <span class='ocrx_word' id='word_1_668' title='bbox 3218 4241 3545 4289; x_wconf 82' lang='lat' dir='ltr'><strong>enervaret:</strong></span> 
     </span>
    </p>
   </div>
   <div class='ocr_carea' id='block_1_90' title="bbox 1959 4325 3546 4399">
    <p class='ocr_par' dir='ltr' id='par_1_90' title="bbox 1959 4325 3546 4399">
     <span class='ocr_line' id='line_1_90' title="bbox 1959 4325 3546 4399; baseline 0.002 -19"><span class='ocrx_word' id='word_1_669' title='bbox 1959 4334 2075 4382; x_wconf 91' lang='lat' dir='ltr'><strong>tum</strong></span> <span class='ocrx_word' id='word_1_670' title='bbox 2111 4326 2372 4396; x_wconf 85' lang='lat' dir='ltr'><strong>denique,</strong></span> <span class='ocrx_word' id='word_1_671' title='bbox 2419 4334 2482 4381; x_wconf 90' lang='lat' dir='ltr'><strong>ut</strong></span> <span class='ocrx_word' id='word_1_672' title='bbox 2519 4341 2620 4397; x_wconf 89' lang='lat' dir='ltr'><strong>per</strong></span> <span class='ocrx_word' id='word_1_673' title='bbox 2653 4333 2803 4380; x_wconf 88' lang='lat' dir='ltr'><strong>tuam</strong></span> <span class='ocrx_word' id='word_1_674' title='bbox 2825 4325 3109 4398; x_wconf 89' lang='lat' dir='ltr'><strong>pietatem,</strong></span> <span class='ocrx_word' id='word_1_675' title='bbox 3137 4342 3330 4382; x_wconf 92' lang='lat' dir='ltr'><strong>eorum</strong></span> <span class='ocrx_word' id='word_1_676' title='bbox 3359 4328 3454 4399; x_wconf 91' lang='lat' dir='ltr'><strong>qui</strong></span> <span class='ocrx_word' id='word_1_677' title='bbox 3489 4327 3546 4385; x_wconf 88' lang='lat' dir='ltr'><strong>in</strong></span> 
     </span>
    </p>
   </div>
   <div class='ocr_carea' id='block_1_91' title="bbox 1957 4417 3548 4487">
    <p class='ocr_par' dir='ltr' id='par_1_91' title="bbox 1957 4417 3548 4487">
     <span class='ocr_line' id='line_1_91' title="bbox 1957 4417 3548 4487; baseline -0.001 -11"><span class='ocrx_word' id='word_1_678' title='bbox 1957 4418 2239 4476; x_wconf 84' lang='lat' dir='ltr'><strong>Christum</strong></span> <span class='ocrx_word' id='word_1_679' title='bbox 2277 4417 2534 4482; x_wconf 88' lang='lat' dir='ltr'><strong>credunt,</strong></span> <span class='ocrx_word' id='word_1_680' title='bbox 2576 4417 2862 4474; x_wconf 89' lang='lat' dir='ltr'><strong>securitati</strong></span> <span class='ocrx_word' id='word_1_681' title='bbox 2891 4419 3226 4474; x_wconf 89' lang='lat' dir='ltr'><strong>consuleret.</strong></span> <span class='ocrx_word' id='word_1_682' title='bbox 3259 4417 3365 4487; x_wconf 86' lang='lat' dir='ltr'><strong>Qui</strong></span> <span class='ocrx_word' id='word_1_683' title='bbox 3398 4422 3548 4475; x_wconf 83' lang='lat' dir='ltr'><strong>enim</strong></span> 
     </span>
    </p>
   </div>
   <div class='ocr_carea' id='block_1_92' title="bbox 279 4501 1853 4583">
    <p class='ocr_par' dir='ltr' id='par_1_92' title="bbox 279 4501 1853 4582">
     <span class='ocr_line' id='line_1_92' title="bbox 279 4501 1853 4582; baseline 0.003 -21"><span class='ocrx_word' id='word_1_684' title='bbox 279 4505 405 4561; x_wconf 80' lang='grc' dir='ltr'><strong>στοῦ</strong></span> <span class='ocrx_word' id='word_1_685' title='bbox 441 4505 778 4578; x_wconf 79' lang='grc' dir='ltr'><strong>ϐυσφημίαις</strong></span> <span class='ocrx_word' id='word_1_686' title='bbox 803 4507 1040 4579; x_wconf 66' lang='grc' dir='ltr'><strong>ἀκρατὲς</strong></span> <span class='ocrx_word' id='word_1_687' title='bbox 1069 4508 1303 4579; x_wconf 85' lang='grc' dir='ltr'><strong>ἀνοίγων</strong></span> <span class='ocrx_word' id='word_1_688' title='bbox 1327 4509 1387 4564; x_wconf 77' lang='grc' dir='ltr'><strong>τὺ</strong></span> <span class='ocrx_word' id='word_1_689' title='bbox 1419 4509 1613 4582; x_wconf 84' lang='grc' dir='ltr'><strong>στόμα,</strong></span> <span class='ocrx_word' id='word_1_690' title='bbox 1633 4501 1749 4582; x_wconf 69' lang='grc' dir='ltr'><strong>’τῆς</strong></span> <span class='ocrx_word' id='word_1_691' title='bbox 1777 4512 1853 4564; x_wconf 80' lang='lat' dir='ltr'><strong>ls-</strong></span> 
     </span>
    </p>
   </div>
   <div class='ocr_carea' id='block_1_93' title="bbox 1951 4501 3546 4583">
    <p class='ocr_par' dir='ltr' id='par_1_93' title="bbox 1964 4508 3546 4583">
     <span class='ocr_line' id='line_1_93' title="bbox 1964 4508 3546 4583; baseline 0.002 -17"><span class='ocrx_word' id='word_1_692' title='bbox 1964 4517 2170 4566; x_wconf 89' lang='lat' dir='ltr'><strong>temere</strong></span> <span class='ocrx_word' id='word_1_693' title='bbox 2186 4509 2243 4564; x_wconf 88' lang='lat' dir='ltr'><strong>in</strong></span> <span class='ocrx_word' id='word_1_694' title='bbox 2265 4508 2510 4564; x_wconf 87' lang='lat' dir='ltr'><strong>Ecclesia</strong></span> <span class='ocrx_word' id='word_1_695' title='bbox 2529 4508 2862 4581; x_wconf 84' lang='lat' dir='ltr'><strong>nugabatur,</strong></span> <span class='ocrx_word' id='word_1_696' title='bbox 2887 4508 3356 4583; x_wconf 85' lang='lat' dir='ltr'><strong>blasphemiisque</strong></span> <span class='ocrx_word' id='word_1_697' title='bbox 3378 4513 3546 4569; x_wconf 79' lang='lat' dir='ltr'><strong>effre-</strong></span> 
     </span>
    </p>
   </div>
   <div class='ocr_carea' id='block_1_94' title="bbox 279 4597 1856 4674">
    <p class='ocr_par' dir='ltr' id='par_1_94' title="bbox 279 4597 1856 4674">
     <span class='ocr_line' id='line_1_94' title="bbox 279 4597 1856 4674; baseline 0.003 -23"><span class='ocrx_word' id='word_1_698' title='bbox 279 4598 377 4670; x_wconf 72' lang='grc' dir='ltr'><strong>ράς</strong></span> <span class='ocrx_word' id='word_1_699' title='bbox 397 4614 459 4652; x_wconf 91' lang='grc' dir='ltr'><strong>τε</strong></span> <span class='ocrx_word' id='word_1_700' title='bbox 485 4599 580 4653; x_wconf 75' lang='grc' dir='ltr'><strong>καὶ</strong></span> <span class='ocrx_word' id='word_1_701' title='bbox 608 4598 759 4663; x_wconf 86' lang='grc' dir='ltr'><strong>θείας</strong></span> <span class='ocrx_word' id='word_1_702' title='bbox 779 4597 1133 4672; x_wconf 77' lang='grc' dir='ltr'><strong>ὑπεχώρησεν</strong></span> <span class='ocrx_word' id='word_1_703' title='bbox 1152 4601 1343 4673; x_wconf 81' lang='grc' dir='ltr'><strong>αὐλῆς,</strong></span> <span class='ocrx_word' id='word_1_704' title='bbox 1367 4602 1642 4674; x_wconf 73' lang='grc' dir='ltr'><strong>ἀντανίφυ</strong></span> <span class='ocrx_word' id='word_1_705' title='bbox 1660 4603 1738 4664; x_wconf 79' lang='grc' dir='ltr'><strong>δὲ,</strong></span> <span class='ocrx_word' id='word_1_706' title='bbox 1762 4604 1856 4658; x_wconf 77' lang='grc' dir='ltr'><strong>καὶ</strong></span> 
     </span>
    </p>
   </div>
   <div class='ocr_carea' id='block_1_95' title="bbox 277 4690 1851 4769">
    <p class='ocr_par' dir='ltr' id='par_1_95' title="bbox 277 4690 1851 4769">
     <span class='ocr_line' id='line_1_95' title="bbox 277 4690 1851 4769; baseline 0.004 -25"><span class='ocrx_word' id='word_1_707' title='bbox 277 4690 679 4761; x_wconf 84' lang='grc' dir='ltr'><strong>ἀνεϐλάστησεν</strong></span> <span class='ocrx_word' id='word_1_708' title='bbox 718 4692 752 4762; x_wconf 84' lang='grc' dir='ltr'><strong>ή</strong></span> <span class='ocrx_word' id='word_1_709' title='bbox 798 4692 865 4764; x_wconf 80' lang='grc' dir='ltr'><strong>σὴ</strong></span> <span class='ocrx_word' id='word_1_710' title='bbox 907 4691 1214 4766; x_wconf 88' lang='grc' dir='ltr'><strong>τελειότης,</strong></span> <span class='ocrx_word' id='word_1_711' title='bbox 1255 4693 1335 4760; x_wconf 67' lang='grc' dir='ltr'><strong>ὥς</strong></span> <span class='ocrx_word' id='word_1_712' title='bbox 1392 4694 1557 4764; x_wconf 79' lang='grc' dir='ltr'><strong>φυτὸν</strong></span> <span class='ocrx_word' id='word_1_713' title='bbox 1599 4696 1851 4769; x_wconf 86' lang='grc' dir='ltr'><strong>είρήνης,</strong></span> 
     </span>
    </p>
   </div>
   <div class='ocr_carea' id='block_1_96' title="bbox 277 4781 1855 4858">
    <p class='ocr_par' dir='ltr' id='par_1_96' title="bbox 277 4781 1855 4858">
     <span class='ocr_line' id='line_1_96' title="bbox 277 4781 1855 4858; baseline 0.002 -20"><span class='ocrx_word' id='word_1_714' title='bbox 277 4782 416 4838; x_wconf 81' lang='grc' dir='ltr'><strong>κατά</strong></span> <span class='ocrx_word' id='word_1_715' title='bbox 439 4783 502 4835; x_wconf 76' lang='grc' dir='ltr'><strong>τὸ</strong></span> <span class='ocrx_word' id='word_1_716' title='bbox 528 4781 932 4854; x_wconf 66' lang='grc' dir='ltr'><strong>γεγραμμένον.</strong></span> <span class='ocrx_word' id='word_1_717' title='bbox 961 4782 1144 4838; x_wconf 63' lang='grc' dir='ltr'><strong>Ξένιον</strong></span> <span class='ocrx_word' id='word_1_718' title='bbox 1183 4784 1242 4838; x_wconf 72' lang='grc' dir='ltr'><strong>δὲ</strong></span> <span class='ocrx_word' id='word_1_719' title='bbox 1272 4785 1368 4840; x_wconf 79' lang='grc' dir='ltr'><strong>καὶ</strong></span> <span class='ocrx_word' id='word_1_720' title='bbox 1397 4785 1558 4840; x_wconf 77' lang='grc' dir='ltr'><strong>τοῦτο</strong></span> <span class='ocrx_word' id='word_1_721' title='bbox 1590 4786 1855 4858; x_wconf 70' lang='grc' dir='ltr'><strong>βασιλέως</strong></span> 
     </span>
    </p>
   </div>
   <div class='ocr_carea' id='block_1_97' title="bbox 278 4871 1856 4946">
    <p class='ocr_par' dir='ltr' id='par_1_97' title="bbox 278 4871 1856 4946">
     <span class='ocr_line' id='line_1_97' title="bbox 278 4871 1856 4946; baseline 0.008 -19"><span class='ocrx_word' id='word_1_722' title='bbox 278 4871 535 4937; x_wconf 75' lang='grc' dir='ltr'><strong>εὐσεϐοῦς</strong></span> <span class='ocrx_word' id='word_1_723' title='bbox 583 4872 855 4944; x_wconf 72' lang='grc' dir='ltr'><strong>λαμπρὸν,</strong></span> <span class='ocrx_word' id='word_1_724' title='bbox 903 4873 1321 4946; x_wconf 67' lang='grc' dir='ltr'><strong>προηγουμένης</strong></span> <span class='ocrx_word' id='word_1_725' title='bbox 1342 4913 1359 4939; x_wconf 70' lang='grc' dir='ltr'><strong>ν</strong></span> <span class='ocrx_word' id='word_1_726' title='bbox 1411 4874 1490 4938; x_wconf 79' lang='grc' dir='ltr'><strong>ὡς</strong></span> <span class='ocrx_word' id='word_1_727' title='bbox 1543 4875 1700 4946; x_wconf 66' lang='grc' dir='ltr'><strong>ἔφην.</strong></span> <span class='ocrx_word' id='word_1_728' title='bbox 1753 4875 1856 4944; x_wconf 74' lang='grc' dir='ltr'><strong>τῆς</strong></span> 
     </span>
    </p>
   </div>
   <div class='ocr_carea' id='block_1_98' title="bbox 278 4961 1855 5034">
    <p class='ocr_par' dir='ltr' id='par_1_98' title="bbox 278 4961 1855 5034">
     <span class='ocr_line' id='line_1_98' title="bbox 278 4961 1855 5034; baseline -0.001 -17"><span class='ocrx_word' id='word_1_729' title='bbox 278 4962 484 5018; x_wconf 77' lang='grc' dir='ltr'><strong>ἀνωθεν</strong></span> <span class='ocrx_word' id='word_1_730' title='bbox 531 4961 736 5034; x_wconf 77' lang='grc' dir='ltr'><strong>ψήφου.</strong></span> <span class='ocrx_word' id='word_1_731' title='bbox 786 4961 1133 5034; x_wconf 78' lang='grc' dir='ltr'><strong>Συνηδόμεθα</strong></span> <span class='ocrx_word' id='word_1_732' title='bbox 1183 4962 1362 5017; x_wconf 89' lang='grc' dir='ltr'><strong>τοίνυν</strong></span> <span class='ocrx_word' id='word_1_733' title='bbox 1410 4962 1506 5016; x_wconf 81' lang='grc' dir='ltr'><strong>καὶ</strong></span> <span class='ocrx_word' id='word_1_734' title='bbox 1549 4962 1700 5033; x_wconf 77' lang='grc' dir='ltr'><strong>ὑμῖν,</strong></span> <span class='ocrx_word' id='word_1_735' title='bbox 1740 4978 1855 5027; x_wconf 83' lang='grc' dir='ltr'><strong>τοις·</strong></span> 
     </span>
    </p>
   </div>
   <div class='ocr_carea' id='block_1_99' title="bbox 279 5053 1854 5133">
    <p class='ocr_par' dir='ltr' id='par_1_99' title="bbox 279 5053 1854 5133">
     <span class='ocr_line' id='line_1_99' title="bbox 279 5053 1854 5133; baseline 0.002 -25"><span class='ocrx_word' id='word_1_736' title='bbox 279 5053 375 5127; x_wconf 76' lang='grc' dir='ltr'><strong>τὴν</strong></span> <span class='ocrx_word' id='word_1_737' title='bbox 395 5053 564 5126; x_wconf 77' lang='grc' dir='ltr'><strong>ὀρθὴν</strong></span> <span class='ocrx_word' id='word_1_738' title='bbox 591 5055 689 5108; x_wconf 77' lang='grc' dir='ltr'><strong>καὶ</strong></span> <span class='ocrx_word' id='word_1_739' title='bbox 725 5054 1027 5127; x_wconf 79' lang='grc' dir='ltr'><strong>ἀμώμητον</strong></span> <span class='ocrx_word' id='word_1_740' title='bbox 1054 5054 1237 5126; x_wconf 74' lang='grc' dir='ltr'><strong>εχουσι</strong></span> <span class='ocrx_word' id='word_1_741' title='bbox 1266 5054 1474 5109; x_wconf 87' lang='grc' dir='ltr'><strong>πίστιν.</strong></span> <span class='ocrx_word' id='word_1_742' title='bbox 1521 5055 1854 5133; x_wconf 82' lang='grc' dir='ltr'><strong>Ἐγήγερται</strong></span> 
     </span>
    </p>
   </div>
   <div class='ocr_carea' id='block_1_100' title="bbox 279 5146 1853 5223">
    <p class='ocr_par' dir='ltr' id='par_1_100' title="bbox 279 5146 1853 5223">
     <span class='ocr_line' id='line_1_100' title="bbox 279 5146 1853 5223; baseline 0.003 -22"><span class='ocrx_word' id='word_1_743' title='bbox 279 5148 388 5223; x_wconf 71' lang='grc' dir='ltr'><strong>γὰρ</strong></span> <span class='ocrx_word' id='word_1_744' title='bbox 419 5146 703 5219; x_wconf 78' lang='grc' dir='ltr'><strong>ίερουργδς</strong></span> <span class='ocrx_word' id='word_1_745' title='bbox 733 5149 910 5220; x_wconf 77' lang='grc' dir='ltr'><strong>ἀνὴρ,</strong></span> <span class='ocrx_word' id='word_1_746' title='bbox 938 5147 997 5203; x_wconf 79' lang='grc' dir='ltr'><strong>όν</strong></span> <span class='ocrx_word' id='word_1_747' title='bbox 1021 5147 1140 5202; x_wconf 81' lang='grc' dir='ltr'><strong>ῑστε</strong></span> <span class='ocrx_word' id='word_1_748' title='bbox 1161 5187 1177 5212; x_wconf 87' lang='grc'><strong>,</strong></span> <span class='ocrx_word' id='word_1_749' title='bbox 1201 5148 1297 5202; x_wconf 80' lang='grc' dir='ltr'><strong>καὶ</strong></span> <span class='ocrx_word' id='word_1_750' title='bbox 1323 5147 1516 5219; x_wconf 88' lang='grc' dir='ltr'><strong>χρόνος</strong></span> <span class='ocrx_word' id='word_1_751' title='bbox 1544 5151 1674 5222; x_wconf 80' lang='grc' dir='ltr'><strong>ὑμῖν</strong></span> <span class='ocrx_word' id='word_1_752' title='bbox 1710 5167 1853 5222; x_wconf 81' lang='grc' dir='ltr'><strong>παρ-</strong></span> 
     </span>
    </p>
   </div>
   <div class='ocr_carea' id='block_1_101' title="bbox 281 5237 1854 5313">
    <p class='ocr_par' dir='ltr' id='par_1_101' title="bbox 281 5237 1854 5313">
     <span class='ocr_line' id='line_1_101' title="bbox 281 5237 1854 5313; baseline 0.001 -18"><span class='ocrx_word' id='word_1_753' title='bbox 281 5237 434 5295; x_wconf 67' lang='grc' dir='ltr'><strong>ίθετο</strong></span> <span class='ocrx_word' id='word_1_754' title='bbox 462 5237 691 5311; x_wconf 80' lang='grc' dir='ltr'><strong>μακρός·</strong></span> <span class='ocrx_word' id='word_1_755' title='bbox 722 5240 818 5294; x_wconf 82' lang='grc' dir='ltr'><strong>καὶ</strong></span> <span class='ocrx_word' id='word_1_756' title='bbox 836 5238 976 5312; x_wconf 77' lang='grc' dir='ltr'><strong>αὐτὴ</strong></span> <span class='ocrx_word' id='word_1_757' title='bbox 997 5240 1056 5295; x_wconf 78' lang='grc' dir='ltr'><strong>δι</strong></span> <span class='ocrx_word' id='word_1_758' title='bbox 1080 5240 1188 5295; x_wconf 81' lang='grc' dir='ltr'><strong>τῶν</strong></span> <span class='ocrx_word' id='word_1_759' title='bbox 1223 5241 1570 5313; x_wconf 82' lang='grc' dir='ltr'><strong>πραγμάτων</strong></span> <span class='ocrx_word' id='word_1_760' title='bbox 1620 5243 1854 5312; x_wconf 53' lang='lat' dir='ltr'><strong>mms-</strong></span> 
     </span>
    </p>
   </div>
   <div class='ocr_carea' id='block_1_102' title="bbox 282 5329 1854 5406">
    <p class='ocr_par' dir='ltr' id='par_1_102' title="bbox 282 5329 1854 5406">
     <span class='ocr_line' id='line_1_102' title="bbox 282 5329 1854 5406; baseline 0.002 -21"><span class='ocrx_word' id='word_1_761' title='bbox 282 5347 451 5386; x_wconf 78' lang='grc' dir='ltr'><strong>νωσεν</strong></span> <span class='ocrx_word' id='word_1_762' title='bbox 473 5333 510 5402; x_wconf 78' lang='grc' dir='ltr'><strong>η</strong></span> <span class='ocrx_word' id='word_1_763' title='bbox 535 5332 721 5404; x_wconf 78' lang='grc' dir='ltr'><strong>πείρα·</strong></span> <span class='ocrx_word' id='word_1_764' title='bbox 748 5329 890 5405; x_wconf 74' lang='grc' dir='ltr'><strong>ἀνὴρ</strong></span> <span class='ocrx_word' id='word_1_765' title='bbox 917 5335 1041 5396; x_wconf 78' lang='grc' dir='ltr'><strong>ταῖς</strong></span> <span class='ocrx_word' id='word_1_766' title='bbox 1067 5334 1151 5398; x_wconf 79' lang='grc' dir='ltr'><strong>είς</strong></span> <span class='ocrx_word' id='word_1_767' title='bbox 1176 5333 1323 5404; x_wconf 73' lang='grc' dir='ltr'><strong>ὑμᾶς</strong></span> <span class='ocrx_word' id='word_1_768' title='bbox 1346 5332 1580 5402; x_wconf 73' lang='grc' dir='ltr'><strong>ἀγαθαῖς</strong></span> <span class='ocrx_word' id='word_1_769' title='bbox 1607 5335 1854 5406; x_wconf 77' lang='grc' dir='ltr'><strong>φροντίσι</strong></span> 
     </span>
    </p>
   </div>
   <div class='ocr_carea' id='block_1_103' title="bbox 1957 4600 3547 4677">
    <p class='ocr_par' dir='ltr' id='par_1_103' title="bbox 1957 4600 3547 4677">
     <span class='ocr_line' id='line_1_103' title="bbox 1957 4600 3547 4677; baseline 0.003 -20"><span class='ocrx_word' id='word_1_770' title='bbox 1957 4609 2090 4657; x_wconf 89' lang='lat' dir='ltr'><strong>nato</strong></span> <span class='ocrx_word' id='word_1_771' title='bbox 2122 4617 2217 4658; x_wconf 87' lang='lat' dir='ltr'><strong>ore</strong></span> <span class='ocrx_word' id='word_1_772' title='bbox 2237 4600 2519 4656; x_wconf 87' lang='lat' dir='ltr'><strong>Christum</strong></span> <span class='ocrx_word' id='word_1_773' title='bbox 2548 4600 2944 4668; x_wconf 84' lang='lat' dir='ltr'><strong>insectabatur,</strong></span> <span class='ocrx_word' id='word_1_774' title='bbox 2970 4618 3002 4658; x_wconf 89' lang='lat' dir='ltr'><strong>a</strong></span> <span class='ocrx_word' id='word_1_775' title='bbox 3028 4604 3203 4659; x_wconf 87' lang='lat' dir='ltr'><strong>sacris</strong></span> <span class='ocrx_word' id='word_1_776' title='bbox 3231 4603 3547 4677; x_wconf 87' lang='lat' dir='ltr'><strong>divinisque</strong></span> 
     </span>
    </p>
   </div>
   <div class='ocr_carea' id='block_1_104' title="bbox 1953 4692 3545 4766">
    <p class='ocr_par' dir='ltr' id='par_1_104' title="bbox 1953 4692 3545 4766">
     <span class='ocr_line' id='line_1_104' title="bbox 1953 4692 3545 4766; baseline 0.003 -18"><span class='ocrx_word' id='word_1_777' title='bbox 1953 4692 2115 4750; x_wconf 86' lang='lat' dir='ltr'><strong>atriis</strong></span> <span class='ocrx_word' id='word_1_778' title='bbox 2134 4701 2352 4748; x_wconf 87' lang='lat' dir='ltr'><strong>amotus</strong></span> <span class='ocrx_word' id='word_1_779' title='bbox 2374 4701 2491 4759; x_wconf 84' lang='lat' dir='ltr'><strong>est;</strong></span> <span class='ocrx_word' id='word_1_780' title='bbox 2521 4692 2578 4747; x_wconf 87' lang='lat' dir='ltr'><strong>in</strong></span> <span class='ocrx_word' id='word_1_781' title='bbox 2604 4693 2766 4765; x_wconf 88' lang='lat' dir='ltr'><strong>cujus</strong></span> <span class='ocrx_word' id='word_1_782' title='bbox 2785 4694 2968 4750; x_wconf 90' lang='lat' dir='ltr'><strong>locum</strong></span> <span class='ocrx_word' id='word_1_783' title='bbox 2996 4693 3286 4766; x_wconf 85' lang='lat' dir='ltr'><strong>integritas</strong></span> <span class='ocrx_word' id='word_1_784' title='bbox 3314 4705 3406 4752; x_wconf 88' lang='lat' dir='ltr'><strong>tua</strong></span> <span class='ocrx_word' id='word_1_785' title='bbox 3429 4697 3545 4754; x_wconf 79' lang='lat' dir='ltr'><strong>vei-</strong></span> 
     </span>
    </p>
   </div>
   <div class='ocr_carea' id='block_1_105' title="bbox 1957 4781 3548 4859">
    <p class='ocr_par' dir='ltr' id='par_1_105' title="bbox 1957 4781 3548 4859">
     <span class='ocr_line' id='line_1_105' title="bbox 1957 4781 3548 4859; baseline 0.004 -23"><span class='ocrx_word' id='word_1_786' title='bbox 1957 4781 2038 4836; x_wconf 90' lang='lat' dir='ltr'><strong>uti</strong></span> <span class='ocrx_word' id='word_1_787' title='bbox 2075 4782 2228 4853; x_wconf 88' lang='lat' dir='ltr'><strong>pacis</strong></span> <span class='ocrx_word' id='word_1_788' title='bbox 2268 4781 2478 4853; x_wconf 85' lang='lat' dir='ltr'><strong>planta,</strong></span> <span class='ocrx_word' id='word_1_789' title='bbox 2521 4792 2583 4838; x_wconf 90' lang='lat' dir='ltr'><strong>ut</strong></span> <span class='ocrx_word' id='word_1_790' title='bbox 2609 4783 2878 4859; x_wconf 89' lang='lat' dir='ltr'><strong>scriptum</strong></span> <span class='ocrx_word' id='word_1_791' title='bbox 2903 4794 3007 4849; x_wconf 89' lang='lat' dir='ltr'><strong>est,</strong></span> <span class='ocrx_word' id='word_1_792' title='bbox 3039 4787 3326 4841; x_wconf 89' lang='lat' dir='ltr'><strong>successit.</strong></span> <span class='ocrx_word' id='word_1_793' title='bbox 3351 4786 3419 4841; x_wconf 89' lang='lat' dir='ltr'><strong>Et</strong></span> <span class='ocrx_word' id='word_1_794' title='bbox 3444 4785 3548 4842; x_wconf 83' lang='lat' dir='ltr'><strong>hoc</strong></span> 
     </span>
    </p>
   </div>
   <div class='ocr_carea' id='block_1_106' title="bbox 1959 4873 3548 4948">
    <p class='ocr_par' dir='ltr' id='par_1_106' title="bbox 1959 4873 3548 4948">
     <span class='ocr_line' id='line_1_106' title="bbox 1959 4873 3548 4948; baseline 0.004 -20"><span class='ocrx_word' id='word_1_795' title='bbox 1959 4888 2183 4929; x_wconf 90' lang='lat' dir='ltr'><strong>rursum</strong></span> <span class='ocrx_word' id='word_1_796' title='bbox 2202 4873 2416 4929; x_wconf 87' lang='lat' dir='ltr'><strong>illustre</strong></span> <span class='ocrx_word' id='word_1_797' title='bbox 2431 4874 2507 4946; x_wconf 91' lang='lat' dir='ltr'><strong>pii</strong></span> <span class='ocrx_word' id='word_1_798' title='bbox 2527 4875 2674 4947; x_wconf 88' lang='lat' dir='ltr'><strong>regis</strong></span> <span class='ocrx_word' id='word_1_799' title='bbox 2691 4891 2894 4932; x_wconf 88' lang='lat' dir='ltr'><strong>munus</strong></span> <span class='ocrx_word' id='word_1_800' title='bbox 2915 4885 3020 4941; x_wconf 87' lang='lat' dir='ltr'><strong>est,</strong></span> <span class='ocrx_word' id='word_1_801' title='bbox 3043 4877 3269 4948; x_wconf 70' lang='lat' dir='ltr'><strong>praevio,</strong></span> <span class='ocrx_word' id='word_1_802' title='bbox 3296 4887 3358 4933; x_wconf 85' lang='lat' dir='ltr'><strong>ut</strong></span> <span class='ocrx_word' id='word_1_803' title='bbox 3381 4879 3548 4935; x_wconf 89' lang='lat' dir='ltr'><strong>modo</strong></span> 
     </span>
    </p>
   </div>
   <div class='ocr_carea' id='block_1_107' title="bbox 1959 4963 3552 5039">
    <p class='ocr_par' dir='ltr' id='par_1_107' title="bbox 1959 4963 3552 5039">
     <span class='ocr_line' id='line_1_107' title="bbox 1959 4963 3552 5039; baseline 0.003 -20"><span class='ocrx_word' id='word_1_804' title='bbox 1959 4964 2196 5028; x_wconf 90' lang='lat' dir='ltr'><strong>aiebam,</strong></span> <span class='ocrx_word' id='word_1_805' title='bbox 2239 4963 2450 5019; x_wconf 75' lang='lat' dir='ltr'><strong>caelesti</strong></span> <span class='ocrx_word' id='word_1_806' title='bbox 2488 4964 2771 5038; x_wconf 76' lang='lat' dir='ltr'><strong>suffragio.</strong></span> <span class='ocrx_word' id='word_1_807' title='bbox 2814 4965 3054 5022; x_wconf 86' lang='lat' dir='ltr'><strong>Proinde</strong></span> <span class='ocrx_word' id='word_1_808' title='bbox 3099 4969 3552 5039; x_wconf 87' lang='lat' dir='ltr'><strong>congratulamur</strong></span> 
     </span>
    </p>
   </div>
   <div class='ocr_carea' id='block_1_108' title="bbox 1959 5056 3547 5130">
    <p class='ocr_par' dir='ltr' id='par_1_108' title="bbox 1959 5056 3547 5130">
     <span class='ocr_line' id='line_1_108' title="bbox 1959 5056 3547 5130; baseline 0.003 -18"><span class='ocrx_word' id='word_1_809' title='bbox 1959 5056 2128 5112; x_wconf 88' lang='lat' dir='ltr'><strong>etiam</strong></span> <span class='ocrx_word' id='word_1_810' title='bbox 2169 5056 2328 5113; x_wconf 86' lang='lat' dir='ltr'><strong>vobis</strong></span> <span class='ocrx_word' id='word_1_811' title='bbox 2361 5064 2568 5112; x_wconf 83' lang='lat' dir='ltr'><strong>rectam</strong></span> <span class='ocrx_word' id='word_1_812' title='bbox 2602 5058 3051 5130; x_wconf 86' lang='lat' dir='ltr'><strong>inculpatamque</strong></span> <span class='ocrx_word' id='word_1_813' title='bbox 3086 5060 3248 5116; x_wconf 85' lang='lat' dir='ltr'><strong>ﬁdem</strong></span> <span class='ocrx_word' id='word_1_814' title='bbox 3287 5060 3547 5116; x_wconf 86' lang='lat' dir='ltr'><strong>habenti-</strong></span> 
     </span>
    </p>
   </div>
   <div class='ocr_carea' id='block_1_109' title="bbox 1961 5148 3547 5223">
    <p class='ocr_par' dir='ltr' id='par_1_109' title="bbox 1961 5148 3547 5223">
     <span class='ocr_line' id='line_1_109' title="bbox 1961 5148 3547 5223; baseline 0.003 -19"><span class='ocrx_word' id='word_1_815' title='bbox 1961 5148 2086 5205; x_wconf 89' lang='lat' dir='ltr'><strong>bus.</strong></span> <span class='ocrx_word' id='word_1_816' title='bbox 2116 5148 2366 5205; x_wconf 80' lang='lat' dir='ltr'><strong>Surrexit</strong></span> <span class='ocrx_word' id='word_1_817' title='bbox 2393 5148 2542 5206; x_wconf 88' lang='lat' dir='ltr'><strong>enim</strong></span> <span class='ocrx_word' id='word_1_818' title='bbox 2568 5165 2856 5206; x_wconf 88' lang='lat' dir='ltr'><strong>sacrorum</strong></span> <span class='ocrx_word' id='word_1_819' title='bbox 2880 5151 3157 5216; x_wconf 88' lang='lat' dir='ltr'><strong>minister,</strong></span> <span class='ocrx_word' id='word_1_820' title='bbox 3180 5166 3346 5223; x_wconf 85' lang='lat' dir='ltr'><strong>quem</strong></span> <span class='ocrx_word' id='word_1_821' title='bbox 3368 5150 3547 5216; x_wconf 84' lang='lat' dir='ltr'><strong>scitis.</strong></span> 
     </span>
    </p>
   </div>
   <div class='ocr_carea' id='block_1_110' title="bbox 1960 5239 3544 5316">
    <p class='ocr_par' dir='ltr' id='par_1_110' title="bbox 1960 5239 3544 5316">
     <span class='ocr_line' id='line_1_110' title="bbox 1960 5239 3544 5316; baseline 0.003 -19"><span class='ocrx_word' id='word_1_822' title='bbox 1960 5251 2017 5298; x_wconf 89' lang='lat' dir='ltr'><strong>et</strong></span> <span class='ocrx_word' id='word_1_823' title='bbox 2041 5239 2633 5314; x_wconf 81' lang='lat' dir='ltr'><strong>.diuturnum.tempus</strong></span> <span class='ocrx_word' id='word_1_824' title='bbox 2665 5243 2825 5299; x_wconf 83' lang='lat' dir='ltr'><strong>vobis</strong></span> <span class='ocrx_word' id='word_1_825' title='bbox 2868 5243 3296 5310; x_wconf 88' lang='lat' dir='ltr'><strong>commendavit,</strong></span> <span class='ocrx_word' id='word_1_826' title='bbox 3345 5253 3402 5299; x_wconf 88' lang='lat' dir='ltr'><strong>ct</strong></span> <span class='ocrx_word' id='word_1_827' title='bbox 3426 5245 3544 5316; x_wconf 81' lang='lat' dir='ltr'><strong>ipsa</strong></span> 
     </span>
    </p>
   </div>
   <div class='ocr_carea' id='block_1_111' title="bbox 1961 5335 3543 5407">
    <p class='ocr_par' dir='ltr' id='par_1_111' title="bbox 1961 5335 3543 5407">
     <span class='ocr_line' id='line_1_111' title="bbox 1961 5335 3543 5407; baseline 0.002 -18"><span class='ocrx_word' id='word_1_828' title='bbox 1961 5350 2151 5390; x_wconf 91' lang='lat' dir='ltr'><strong>rerum</strong></span> <span class='ocrx_word' id='word_1_829' title='bbox 2186 5335 2525 5404; x_wconf 70' lang='lat' dir='ltr'><strong>experitntia</strong></span> <span class='ocrx_word' id='word_1_830' title='bbox 2560 5337 2887 5392; x_wconf 88' lang='lat' dir='ltr'><strong>decoravit:</strong></span> <span class='ocrx_word' id='word_1_831' title='bbox 2929 5336 3137 5407; x_wconf 87' lang='lat' dir='ltr'><strong>quique</strong></span> <span class='ocrx_word' id='word_1_832' title='bbox 3175 5336 3231 5392; x_wconf 89' lang='lat' dir='ltr'><strong>in</strong></span> <span class='ocrx_word' id='word_1_833' title='bbox 3277 5337 3543 5394; x_wconf 88' lang='lat' dir='ltr'><strong>sollicitu-</strong></span> 
     </span>
    </p>
   </div>
   <div class='ocr_carea' id='block_1_112' title="bbox 349 5486 1853 5588">
    <p class='ocr_par' dir='ltr' id='par_1_112' title="bbox 349 5486 1853 5588">
     <span class='ocr_line' id='line_1_112' title="bbox 349 5486 1853 5588; baseline 0 0"><span class='ocrx_word' id='word_1_834' title='bbox 349 5487 417 5588; x_wconf 75' lang='grc' dir='ltr'><strong>ἶῖ⁶</strong></span> <span class='ocrx_word' id='word_1_835' title='bbox 439 5487 572 5588; x_wconf 66' lang='grc' dir='ltr'><strong>ἒὲθο</strong></span> <span class='ocrx_word' id='word_1_836' title='bbox 609 5502 654 5588; x_wconf 70' lang='lat'><strong>1;</strong></span> <span class='ocrx_word' id='word_1_837' title='bbox 674 5486 856 5588; x_wconf 61' lang='grc' dir='ltr'><strong>ξηῗ</strong></span> <span class='ocrx_word' id='word_1_838' title='bbox 879 5488 1376 5588; x_wconf 54' lang='grc' dir='ltr'><strong>Ξδίὶίρννο..¹¹ιυ¹²ῗ·</strong></span> <span class='ocrx_word' id='word_1_839' title='bbox 1456 5489 1525 5522; x_wconf 76' lang='grc'><strong>’³“</strong></span> <span class='ocrx_word' id='word_1_840' title='bbox 1553 5488 1720 5588; x_wconf 57' lang='grc' dir='ltr'>’ἔεωθ</span> <span class='ocrx_word' id='word_1_841' title='bbox 1739 5507 1853 5588; x_wconf 59' lang='lat'><strong>3&quot;:</strong></span> 
     </span>
    </p>
   </div>
   <div class='ocr_carea' id='block_1_113' title="bbox 1951 5486 3539 5588">
    <p class='ocr_par' dir='ltr' id='par_1_113' title="bbox 1955 5491 3539 5588">
     <span class='ocr_line' id='line_1_113' title="bbox 1955 5491 3539 5588; baseline 0.001 -43"><span class='ocrx_word' id='word_1_842' title='bbox 1955 5535 1966 5545; x_wconf 93' lang='lat'><strong>.</strong></span> <span class='ocrx_word' id='word_1_843' title='bbox 2003 5493 2089 5588; x_wconf 45' lang='lat'><strong>.“</strong></span> <span class='ocrx_word' id='word_1_844' title='bbox 2114 5493 2285 5588; x_wconf 62' lang='grc' dir='ltr'><strong>Ριοὲι</strong></span> <span class='ocrx_word' id='word_1_845' title='bbox 2325 5510 2396 5557; x_wconf 79' lang='grc' dir='ltr'><strong>ιν,</strong></span> <span class='ocrx_word' id='word_1_846' title='bbox 2449 5491 2520 5547; x_wconf 74' lang='lat'><strong>9.6</strong></span> <span class='ocrx_word' id='word_1_847' title='bbox 2620 5494 2664 5525; x_wconf 73' lang='grc' dir='ltr'><strong>’δ</strong></span> <span class='ocrx_word' id='word_1_848' title='bbox 2697 5493 2940 5564; x_wconf 78' lang='lat' dir='ltr'><strong>Philipp.</strong></span> <span class='ocrx_word' id='word_1_849' title='bbox 3010 5510 3088 5560; x_wconf 85' lang='grc' dir='ltr'><strong>ιιι,</strong></span> <span class='ocrx_word' id='word_1_850' title='bbox 3129 5495 3216 5550; x_wconf 73' lang='grc'><strong>14.</strong></span> <span class='ocrx_word' id='word_1_851' title='bbox 3295 5497 3342 5529; x_wconf 78' lang='grc'><strong>⁸⁸</strong></span> <span class='ocrx_word' id='word_1_852' title='bbox 3376 5495 3539 5551; x_wconf 79' lang='lat' dir='ltr'><strong>Prov.</strong></span> 
     </span>
    </p>
   </div>
   <div class='ocr_carea' id='block_1_114' title="bbox 283 5557 1660 5624">
    <p class='ocr_par' dir='ltr' id='par_1_114' title="bbox 283 5557 1660 5624">
     <span class='ocr_line' id='line_1_114' title="bbox 283 5557 1660 5624; baseline -0.001 -9"><span class='ocrx_word' id='word_1_853' title='bbox 283 5571 413 5619; x_wconf 77' lang='lat' dir='ltr'><strong>xm,</strong></span> <span class='ocrx_word' id='word_1_854' title='bbox 439 5557 530 5613; x_wconf 71' lang='lat'><strong>28.</strong></span> <span class='ocrx_word' id='word_1_855' title='bbox 609 5558 654 5589; x_wconf 87' lang='lat'>&quot;</span> <span class='ocrx_word' id='word_1_856' title='bbox 682 5559 844 5615; x_wconf 82' lang='lat' dir='ltr'><strong>Prov.</strong></span> <span class='ocrx_word' id='word_1_857' title='bbox 885 5575 944 5624; x_wconf 87' lang='grc' dir='ltr'><strong>ιι,</strong></span> <span class='ocrx_word' id='word_1_858' title='bbox 978 5557 1079 5615; x_wconf 64' lang='grc' dir='ltr'><strong>15Ῐ</strong></span> <span class='ocrx_word' id='word_1_859' title='bbox 1120 5561 1165 5592; x_wconf 74' lang='grc'><strong>’⁸</strong></span> <span class='ocrx_word' id='word_1_860' title='bbox 1224 5561 1407 5617; x_wconf 80' lang='lat' dir='ltr'><strong>Eccle.</strong></span> <span class='ocrx_word' id='word_1_861' title='bbox 1446 5576 1539 5622; x_wconf 74' lang='lat' dir='ltr'><strong>vu.</strong></span> <span class='ocrx_word' id='word_1_862' title='bbox 1569 5560 1660 5615; x_wconf 75' lang='lat'><strong>27.</strong></span> 
     </span>
    </p>
   </div>
   <div class='ocr_carea' id='block_1_115' title="bbox 1739 5561 2304 5626">
    <p class='ocr_par' dir='ltr' id='par_1_115' title="bbox 1739 5561 2304 5626">
     <span class='ocr_line' id='line_1_115' title="bbox 1739 5561 2304 5626; baseline -0.002 -9"><span class='ocrx_word' id='word_1_863' title='bbox 1739 5563 1785 5593; x_wconf 84' lang='lat'><strong>&quot;</strong></span> <span class='ocrx_word' id='word_1_864' title='bbox 1823 5561 1964 5618; x_wconf 84' lang='lat' dir='ltr'><strong>Psal.</strong></span> <span class='ocrx_word' id='word_1_865' title='bbox 2003 5578 2182 5626; x_wconf 71' lang='grc' dir='ltr'><strong>ωιιιιι,</strong></span> <span class='ocrx_word' id='word_1_866' title='bbox 2221 5563 2304 5618; x_wconf 75' lang='grc'><strong>19.</strong></span> 
     </span>
    </p>
   </div>
   <div class='ocr_carea' id='block_1_116' title="bbox 1377 5679 2479 5751">
    <p class='ocr_par' dir='ltr' id='par_1_116' title="bbox 1377 5679 2479 5751">
     <span class='ocr_line' id='line_1_116' title="bbox 1377 5679 2479 5751; baseline 0.001 -19"><span class='ocrx_word' id='word_1_867' title='bbox 1377 5679 1553 5735; x_wconf 73' lang='lat' dir='ltr'><strong>Varia:</strong></span> <span class='ocrx_word' id='word_1_868' title='bbox 1575 5679 1840 5735; x_wconf 84' lang='lat' dir='ltr'><strong>lectiones</strong></span> <span class='ocrx_word' id='word_1_869' title='bbox 1863 5679 2070 5736; x_wconf 87' lang='lat' dir='ltr'><strong>codicis</strong></span> <span class='ocrx_word' id='word_1_870' title='bbox 2111 5679 2479 5751; x_wconf 84' lang='lat' dir='ltr'><strong>Seguicriani.</strong></span> 
     </span>
    </p>
   </div>
   <div class='ocr_carea' id='block_1_117' title="bbox 353 5791 1411 5866">
    <p class='ocr_par' dir='ltr' id='par_1_117' title="bbox 353 5791 1411 5866">
     <span class='ocr_line' id='line_1_117' title="bbox 353 5791 1411 5866; baseline 0.007 -23"><span class='ocrx_word' id='word_1_871' title='bbox 353 5800 382 5844; x_wconf 73' lang='grc' dir='ltr'><strong>τ</strong></span> <span class='ocrx_word' id='word_1_872' title='bbox 413 5791 722 5864; x_wconf 84' lang='grc' dir='ltr'><strong>μεταίρετε.</strong></span> <span class='ocrx_word' id='word_1_873' title='bbox 803 5803 821 5828; x_wconf 69' lang='grc' dir='ltr'><strong>τ</strong></span> <span class='ocrx_word' id='word_1_874' title='bbox 851 5792 1026 5865; x_wconf 75' lang='grc' dir='ltr'><strong>ὑμῶν.</strong></span> <span class='ocrx_word' id='word_1_875' title='bbox 1104 5807 1125 5834; x_wconf 76' lang='grc'>³</span> <span class='ocrx_word' id='word_1_876' title='bbox 1161 5795 1411 5866; x_wconf 72' lang='grc' dir='ltr'><strong>σαγῆναι.</strong></span> 
     </span>
    </p>
   </div>
   <div class='ocr_carea' id='block_1_118' title="bbox 1498 5795 2215 5868">
    <p class='ocr_par' dir='ltr' id='par_1_118' title="bbox 1498 5795 2215 5868">
     <span class='ocr_line' id='line_1_118' title="bbox 1498 5795 2215 5868; baseline 0 -17"><span class='ocrx_word' id='word_1_877' title='bbox 1498 5799 1510 5830; x_wconf 81' lang='grc'><strong>¹</strong></span> <span class='ocrx_word' id='word_1_878' title='bbox 1550 5795 1752 5868; x_wconf 74' lang='grc' dir='ltr'><strong>Κυρίου</strong></span> <span class='ocrx_word' id='word_1_879' title='bbox 1787 5796 2215 5868; x_wconf 71' lang='grc' dir='ltr'><strong>ἐξαιρεθήσεται.</strong></span> 
     </span>
    </p>
   </div>
   <div class='ocr_carea' id='block_1_119' title="bbox 2301 5793 3429 5868">
    <p class='ocr_par' dir='ltr' id='par_1_119' title="bbox 2301 5793 3429 5868">
     <span class='ocr_line' id='line_1_119' title="bbox 2301 5793 3429 5868; baseline -0.004 -17"><span class='ocrx_word' id='word_1_880' title='bbox 2301 5809 2326 5838; x_wconf 79' lang='grc' dir='ltr'><strong>ιι</strong></span> <span class='ocrx_word' id='word_1_881' title='bbox 2349 5795 2664 5868; x_wconf 75' lang='grc' dir='ltr'><strong>προσίεμεν.</strong></span> <span class='ocrx_word' id='word_1_882' title='bbox 2743 5806 2764 5835; x_wconf 73' lang='grc' dir='ltr'><strong>τ</strong></span> <span class='ocrx_word' id='word_1_883' title='bbox 2799 5795 2982 5850; x_wconf 70' lang='grc' dir='ltr'><strong>αὑτοῦ.</strong></span> <span class='ocrx_word' id='word_1_884' title='bbox 3063 5800 3090 5833; x_wconf 78' lang='grc' dir='ltr'><strong>ι</strong></span> <span class='ocrx_word' id='word_1_885' title='bbox 3113 5793 3429 5864; x_wconf 63' lang='grc' dir='ltr'><strong>ἐκκλησίαις</strong></span> 
     </span>
    </p>
   </div>
  </div>
