4116 6318
755 342 855 404 158

1756 346 1810 401 S.
1852 345 2124 402 CYBILIJ
2165 345 2628 404 ALEXANDle
2666 347 2984 405 ARCHIEP.

750 476 879 532 dine
900 490 998 547 pro
1016 481 1174 532 vobis
1202 477 1439 549 gerenda
1470 477 1698 532 multum
1729 478 1987 547 temporis
2009 479 2307 550 insumpsit,

2424 460 2661 530 μακροὺς
2683 461 2994 531 δαπανήσας
3019 461 3262 531 χρόνους,
3285 459 3376 514 καὶ
3397 460 3496 531 την
3514 458 3722 514 οὕτω
3752 460 3979 515 πάνσι

748 566 1228 638 venerandamque
1279 570 1416 622 adeo
1456 569 1711 623 canitiem
1761 568 1964 622 emisit.
2021 567 2318 638 Oportebat

747 664 918 726 etiam
948 661 1238 731 oportebat
1274 660 1492 716 selectis
1523 660 1818 714 Salvatoris
1853 660 2028 713 nostri
2065 659 2317 730 gregibus

749 753 1055 823 sapientem
1093 752 1438 822 peritumque
1473 752 1759 820 praesidem
1804 749 1946 814 dari,
1986 752 2074 805 cui
2103 751 2316 805 animus

748 855 897 900 esset
915 843 1168 914 pastorali
1185 841 1449 896 industria
1465 842 1718 904 refertus,
1737 842 1941 910 quique
1956 842 2154 912 pabulo
2177 843 2316 895 bono

749 943 807 991 et
836 936 958 990 loco
973 949 1172 1004 pascuo
1185 949 1407 1004 pascere
1423 933 1620 999 sciret;
1646 934 1739 1003 qui
1752 932 1990 1002 denique
2007 934 2169 988 rebus
2185 931 2316 1003 ipsis

748 1025 1013 1098 probatus
1037 1024 1195 1088 foret,
1232 1033 1486 1094 tanquam
1505 1024 1679 1079 fidelis
1711 1024 2069 1093 sincerusque
2096 1036 2316 1078 (econo-

749 1132 891 1173 mus.
926 1114 1029 1183 Qui
1058 1115 1206 1171 enim
1233 1116 1306 1169 ita
1338 1115 1524 1170 vivere
1546 1116 1924 1179 instituerunt,
1952 1130 2049 1170 eos
2067 1113 2315 1169 Christus

749 1207 965 1278 recipit,
988 1215 1047 1262 et
1066 1207 1262 1278 quovis
1301 1207 1510 1263 honore
1527 1207 1720 1279 dignos
1737 1217 1925 1263 censet
1949 1225 1964 1273 ;
1993 1222 2152 1261 secus
2179 1221 2308 1260 vero

749 1299 994 1365 aﬂectos,
1008 1315 1037 1354 a
1059 1298 1364 1354 ministerio
1384 1298 1530 1369 quod
1556 1300 1688 1369 ipsis
1705 1299 2033 1364 crediderat,
2057 1298 2311 1367 explodit.

748 1387 1016 1459 OQQuod
1030 1388 1283 1452 dicimus,
1298 1402 1487 1442 verum
1503 1402 1622 1442 esse
1637 1404 1704 1442 ex
1715 1387 1884 1442 sacris
1902 1385 2120 1440 Litteris
2140 1382 2317 1453 perfa-

750 1479 853 1535 cile
883 1495 1198 1551 cognoscas.
1235 1479 1502 1549 Loquitur
1524 1481 1668 1535 enim
1701 1480 1898 1535 alicubi
1922 1479 2066 1532 Deus
2085 1476 2149 1530 ad
2183 1476 2312 1530 bea-

751 1579 864 1625 tum
907 1572 1230 1643 prophetam
1268 1571 1503 1626 Isaiam:
1546 1592 1563 1622 ι
1603 1571 1748 1626 Vade
1797 1571 1852 1625 in
1900 1569 2312 1638 pastophorium

745 1660 816 1715 ad
852 1660 1089 1716 Sobnam
1127 1671 1469 1731 quaestorem,
1510 1671 1566 1717 et
1599 1661 1688 1714 dic
1723 1661 1773 1715 ei
1803 1677 1815 1712 :
1853 1659 1992 1725 Quid
2029 1668 2084 1712 tu
2125 1658 2235 1721 hic,
2259 1667 2317 1712 et

2425 549 2613 602 πολιὰν
2639 547 2969 620 ἐξηνθηκώς.
3003 549 3148 602 Ἔδει
3191 548 3332 619 γὰρ,
3359 547 3487 612 ἔδει,
3525 550 3704 613 ταῖς
3761 549 3985 620 ἕξαιρ

2426 641 2656 712 μάλιστα
2686 640 2779 694 τοῦ
2818 640 3069 711 Σωτῆρος
3099 641 3320 709 ἀγέλαις
3350 639 3512 708 σοφόν
3551 657 3639 694 τε
3678 641 3820 696 καὶ
3874 645 3992 696 ἔστι

2425 751 2562 802 μονα
2597 733 2815 803 δοθῆναι
2844 731 2934 785 τὸν
2965 734 3282 803 ἐπιστάτην,
3326 731 3720 802 ποιμνικῆς
3785 733 3995 803 αὕτη

2422 826 2709 896 ἐπίμεστον
2756 824 2944 895 ἔχοντα
2982 823 3072 876 τδν
3113 823 3256 890 νοῦν,
3292 825 3348 876 ὲν
3377 826 3516 896 νομῇ
3572 823 3864 896 ἀγαθῇ,
3929 842 3995 878 κε

2422 917 2568 987 τόπῳ
2598 918 2738 970 πίονι
2767 917 3089 985 κατανέμειν
3111 915 3306 982 εἰδότα,
3335 916 3910 987 δεδοκιμασμένον
3949 918 3990 970 δ

2422 1008 2782 1079 πραγμάτων,
2813 1009 2888 1072 ὡς
2914 1008 3122 1073 πιστὸν,
3151 1009 3245 1060 καὶ
3270 1010 3491 1079 γνήσιον
3516 1008 3942 1080 οἰκονόμον.
3985 1013 3995 1029 ⁶

2425 1100 2523 1170 μὲν
2546 1101 2654 1171 γὰρ
2687 1101 2829 1154 οῦτω
2860 1101 2956 1172 ζῇν
2981 1101 3237 1164 εἰωθότας
3271 1103 3367 1156 καὶ
3403 1103 3752 1174 προσίεται
3805 1103 3995 1174 Χρισ

2419 1192 2515 1245 καὶ
2537 1192 2695 1261 λόγου
2718 1193 2916 1257 παντὸς
2940 1192 3097 1259 ἀξιοῖ,
3121 1193 3247 1256 τοὺς
3266 1192 3321 1245 δὲ
3347 1195 3420 1264 μὴ
3442 1193 3790 1258 τοιούτους
3822 1194 3900 1260 ἐξ
3914 1193 3995 1246 ίσ·

2418 1281 2520 1352 τῆς
2581 1284 3009 1356 ὲγχειρισθείσης
3063 1285 3246 1348 αὐτοῖς
3299 1287 3670 1353 οἰκονομίας.
3723 1284 3870 1339 Καὶ
3936 1302 3995 1336 τι

2419 1375 2568 1427 ἐστιν
2593 1375 2794 1444 ἀληθὲς
2819 1375 2944 1429 ίδεῖν
2965 1375 3023 1442 ἐξ
3046 1384 3073 1423 γ
3097 1376 3274 1432 αὐτῶν
3295 1375 3401 1430 τῶν
3425 1374 3608 1446 ίερῶν
3643 1375 3995 1445 Γραμμάτ

2423 1465 2566 1534 Ἔφη
2615 1465 2721 1534 γάρ
2763 1482 2865 1518 που
2911 1465 3042 1530 Θεὸς
3084 1466 3220 1537 πρὸς
3259 1466 3350 1519 τδν
3385 1466 3695 1536 μακάριον
3751 1467 3989 1537 "Mt

2431 1551 2676 1606 Ἡσαΐαν·
2710 1571 2729 1604 ι
2761 1553 3060 1625 Πορεύθητι
3083 1565 3104 1592 ι
3135 1559 3214 1619 είς
3243 1555 3301 1609 τὸ
3317 1555 3728 1626 παστοφόριον
3755 1555 3935 1627 πρὸς
3975 1558 3995 1607 1

2423 1661 2527 1712 μαν
2541 1657 2565 1684 ει
2584 1645 2674 1698 τὸν
2694 1643 2916 1713 ταμίαν,
2936 1645 3030 1698 καὶ
3045 1641 3195 1700 εἷπον
3213 1648 3379 1717 αὐτῷ.
3399 1648 3464 1700 Τί
3489 1647 3560 1699 σὺ
3587 1640 3745 1710 ὧδε,
3777 1651 3897 1702 καὶ
3918 1650 3984 1701 τί

745 1751 881 1822 quid
919 1753 1018 1811 tibi
1059 1730 1305 1808 hiciest?
1335 1753 1474 1807 Ecce
1535 1752 1799 1806 Dominus
1849 1750 2090 1805 Sabaoth
2132 1749 2307 1820 ejiciel

2419 1738 2562 1788 ἐστιν
2578 1730 2700 1802 ὦδε;
2730 1738 2857 1791 Ἰδοὺ
2877 1738 3075 1805 Κύριος
3093 1739 3347 1792 Σαὸὖαὼθ
3367 1740 3606 1793 ἐκϐαλεῖ
3631 1740 3692 1803 δ,
3719 1742 3837 1794 καὶ
3862 1742 3995 1798 ὲκτλ

745 1851 804 1896 et
827 1849 1074 1897 conteret
1105 1842 1282 1895 virum
1306 1881 1320 1903 ,
1358 1850 1415 1895 et
1460 1842 1672 1896 auferet
1704 1841 1896 1896 stolam
1932 1852 2103 1903 tuam,
2131 1849 2187 1894 et
2216 1853 2307 1894 co-

2413 1827 2500 1895 ψει
2523 1828 2712 1898 ἀνδρα,
2735 1829 2826 1881 καὶ¹
2849 1829 3038 1896 ἀφελεῖ
3057 1829 3153 1900 τὴν
3179 1831 3368 1902 στολήν
3400 1849 3519 1895 σου,
3550 1833 3668 1886 καὶ
3702 1831 3817 1885 τὸν
3855 1832 3995 1898 me;

747 1945 938 1986 ronam
972 1939 1117 1985 tuam
1150 1931 1476 2002 gloriosam;
1510 1940 1566 1986 et
1598 1929 1816 2001 abjiciet
1856 1941 1906 1984 te
1945 1930 2000 1984 in
2031 1930 2308 2000 regionem

746 2022 912 2078 latam
948 2033 1003 2077 et
1034 2025 1374 2087 immensam,
1415 2023 1600 2092 ibique
1632 2021 1904 2081 morieris,
1937 2029 1992 2074 et
2026 2019 2232 2074 tolleris
2279 2033 2310 2072 a

745 2116 1148 2186 dispensatione
1194 2126 1285 2171 tua
1342 2125 1399 2171 et
1433 2116 1501 2171 de
1528 2115 1698 2187 gradu
1741 2124 1855 2169 tuo.
1889 2114 1958 2168 Et
1997 2112 2099 2168 erit
2132 2113 2186 2166 in
2221 2111 2310 2168 die

745 2207 835 2262 illa
858 2247 870 2270 ,
907 2207 1114 2262 vocabo
1143 2222 1375 2276 puerum
1410 2221 1591 2260 meum
1621 2205 1848 2260 Eliaeim
1893 2203 2063 2258 illium
2086 2204 2307 2267 Helciae,

744 2306 802 2352 et
844 2297 1076 2352 induam-
1101 2299 1254 2353 illum
1295 2299 1432 2353 stola
1457 2307 1569 2361 tua,
1616 2304 1672 2351 et
1709 2311 1968 2351 coronam
1993 2306 2141 2351 tuam
2170 2295 2311 2350 dabo

743 2388 818 2452 ei,
843 2396 900 2443 et
928 2389 1390 2460 dispensationem
1438 2403 1585 2442 tuam
1619 2387 1761 2444 dabo
1782 2387 1837 2442 in
1861 2404 2076 2453 manus,
2113 2389 2231 2458 ejus
2255 2396 2311 2442 et

744 2478 851 2533 erit
875 2488 1129 2548 tanquam
1149 2489 1304 2549 pater
1334 2479 1590 2534 omnibus
1617 2479 1997 2534 habitantibus
2020 2477 2076 2534 in
2095 2478 2310 2535 Jerusa-

740 2570 873 2634 lem,
913 2581 971 2625 et
1008 2571 1101 2641 qui
1136 2571 1386 2625 habitant
1422 2571 1477 2625 in
1516 2571 1695 2626 Juda:
1732 2579 1786 2627 et
1821 2571 1964 2626 dabo
1996 2570 2046 2626 ei
2079 2571 2308 2642 gloriam

741 2658 912 2716 David
939 2677 956 2726 ;
984 2671 1039 2716 et
1059 2659 1425 2730 principatum
1461 2670 1631 2733 geret,
1670 2671 1726 2716 et
1758 2678 1868 2716 non
1905 2662 2010 2716 erit
2042 2662 2136 2732 qui
2175 2677 2308 2718 con-

741 2748 976 2804 tradicat
999 2766 1012 2802 :
1039 2757 1095 2804 et
1115 2764 1312 2820 ponam
1336 2765 1460 2804 eum
1487 2750 1792 2820 principem
1818 2751 1875 2805 in
1894 2750 2015 2806 loco
2050 2759 2168 2805 tuto
2196 2767 2210 2816 ;
2251 2762 2310 2806 et

739 2840 850 2894 erit
878 2840 934 2894 in
955 2841 1211 2895 thronum
1245 2841 1432 2911 glorias
1463 2839 1649 2896 domui
1689 2843 1862 2912 patris
1901 2843 2072 2913 ipsius
2104 2862 2114 2895 :
2155 2852 2210 2897 et
2242 2842 2307 2896 ﬂ-

740 2931 962 2988 duciam
1004 2933 1059 2986 in
1106 2948 1232 2987 eum
1281 2933 1507 2988 habebit
1545 2935 1796 3005 quisquis
1835 2936 2103 3006 gloriosus
2137 2945 2222 2990 est
2252 2936 2306 2989 in

737 3023 904 3080 domo
945 3025 1116 3095 patris
1155 3026 1293 3094 ejus,
1345 3041 1375 3080 a
1419 3025 1636 3081 modico
1688 3042 1858 3096 usque
1898 3026 1966 3080 ad
2014 3043 2303 3097 magnum;

737 3122 798 3171 et
833 3115 1153 3186 pendebunt
1183 3115 1253 3169 ab
1279 3130 1348 3170 eo
1369 3115 1459 3170 die
1494 3116 1603 3171 illa.
1636 3116 1761 3171 Hazc
1784 3132 1916 3171 vero
1949 3116 2084 3171 dicit
2115 3117 2305 3172 Domi-

717 3221 849 3263 _nus
886 3207 1224 3262 exercituum
1259 3227 1273 3262 :
1320 3207 1678 3262 Amovebitur
1722 3208 1907 3273 homo,
1950 3209 2043 3279 qui
2092 3211 2202 3280 jam
2249 3211 2302 3264 in

739 3296 860 3352 loco
892 3304 1010 3352 tuto
1029 3296 1378 3353 confirmatus
1404 3307 1508 3362 est,
1529 3307 1587 3353 et
1609 3299 1766 3354 cadet
1790 3317 1803 3365 ;
1845 3307 1901 3354 et
1936 3300 2214 3355 auferetur
2236 3302 2305 3355 ab

738 3402 808 3441 eo
832 3387 1002 3458 gloria
1022 3403 1144 3458 qua
1172 3398 1256 3444 est
1275 3405 1440 3459 super
1471 3405 1620 3453 eum,
1651 3390 1778 3460 quia
1807 3391 2068 3446 Dominus
2093 3393 2307 3447 locutus

737 3488 826 3533 est
852 3479 918 3533 ³⁸.
961 3499 978 3531 ι
1019 3479 1202 3551 Diligit
1236 3480 1419 3550 itaque
1461 3481 1706 3535 omnium
1745 3483 1889 3538 Deus
1923 3498 2049 3537 vere
2085 3482 2302 3537 ﬁdelem

739 3569 1126 3649 sincerumque
1164 3586 1507 3626 oeconomum
1541 3589 1556 3638 ;
1595 3587 1720 3628 eum
1758 3589 1890 3628 vero
1919 3573 2011 3643 qui
2045 3574 2164 3628 talis
2194 3589 2302 3627 non

734 3668 844 3724 est,
899 3670 1153 3731 tanquam
1187 3662 1474 3733 profanum
1513 3674 1814 3719 aversatur.
1870 3665 1988 3727 Hie,
2033 3673 2093 3717 ut
2121 3679 2303 3732 spera-

737 3767 881 3817 mus,
900 3754 1172 3808 sanctitati
1189 3764 1294 3810 tua:
1313 3770 1469 3825 opem
1489 3755 1646 3819 feret,
1671 3755 2024 3825 eamdemque
2047 3757 2303 3825 opulenta

739 3857 903 3897 manu
925 3844 1241 3898 caelestibus
1272 3843 1429 3900 donis
1453 3845 1797 3910 exhilarabit,
1825 3862 1934 3916 quo
1954 3847 2178 3901 verbum
2209 3865 2301 3902 ve-

739 3933 918 3988 ritatis
957 3945 1103 3989 recte
1143 3936 1448 4001 tractando,
1487 3946 1544 3992 et
1579 3945 1894 3992 sanctorum
1921 3938 2143 3993 Patrum
2175 3938 2300 3994 fidei

737 4025 907 4081 veluti
963 4026 1205 4097 vestigiis
1253 4028 1582 4098 quibusdam
1637 4029 1971 4094 insistendo,
2013 4031 2303 4087 laudabilis

736 4125 1054 4185 perseveret
1112 4133 1207 4186 per
1261 4120 1690 4175 misericordiam
1746 4129 1802 4174 et
1860 4121 2300 4177 benevolentiam

736 4202 941 4259 Christi
967 4205 1260 4261 Salvatoris
1281 4211 1452 4264 nostri
1476 4211 1718 4265 omnium
1746 4229 1756 4264 :
1794 4227 1891 4281 per
1917 4228 2080 4280 quem
2104 4222 2300 4268 etcum

736 4310 866 4365 quo,
898 4295 1010 4350 Deo
1032 4305 1087 4352 et
1118 4298 1262 4352 Patri
1288 4315 1412 4354 cum
1448 4312 1635 4355 saneto
1666 4303 1872 4372 Spiritu
1919 4304 2088 4374 gloria
2120 4315 2173 4359 et
2200 4321 2295 4375 po-

740 4395 910 4442 testas
936 4388 991 4441 in
1019 4391 1214 4444 sxecula
1237 4393 1579 4446 saeculorum.
1617 4394 1805 4447 Amen.
1837 4394 2021 4448 Saluta
2044 4394 2299 4450 fraterni-

2413 1919 2501 1971 νόν
2531 1934 2622 1971 σου
2647 1919 2738 1971 τὸν
2764 1919 2992 1985 ἔνδοξον,
3026 1920 3119 1974 καὶ
3142 1921 3285 1990 ῥίψει
3309 1939 3367 1974 σε
3397 1924 3476 1986 εἰς
3500 1921 3716 1994 χώραν
3757 1923 3995 1992 μεγάλι

2410 2011 2504 2062 καὶ
2535 2010 2838 2081 ἀμέτρητον
2872 2021 2919 2075 ο,
2946 2012 3041 2064 καὶ
3062 2014 3179 2064 ἐκεῖ
3202 2013 3444 2083 ἀποθανῇ
3468 2053 3482 2075 ,
3516 2015 3626 2067 καὶ
3661 2013 3988 2086 ἀφαιρεοή

2411 2100 2558 2155 ἀπὸά
2576 2102 2673 2173 τῆς
2687 2102 2994 2174 οίκονομίας
3019 2120 3131 2168 σου,
3159 2105 3252 2158 καὶ
3274 2107 3338 2159 ὲκ
3365 2107 3461 2175 τῆς
3481 2123 3548 2158 συ
3559 2106 3850 2169 στάσεώς
3879 2123 3991 2159 σου

2413 2193 2519 2246 Καὶ
2536 2192 2686 2246 ἔσται
2709 2195 2767 2246 ἐν
2788 2197 2852 2264 τῇ
2876 2195 3054 2265 ἡμέρᾳ
3088 2196 3288 2267 ἐκείνῃ,
3318 2197 3537 2249 καλέσω
3575 2197 3682 2250 τὸν
3714 2197 3990 2266 παῖδάῙμ

2425 2285 2728 2355 Ἐλιακεὶμ,
2762 2287 2853 2339 τὸν
2893 2284 2985 2339 τοῦ
3018 2287 3247 2340 Χελκίου
3269 2328 3282 2351 ,
3315 2289 3410 2342 καὶ
3442 2288 3669 2342 ἐνδύσω
3712 2289 3904 2342 αὑτὸν
3944 2289 3995 2339 τε

2413 2378 2603 2446 στολήν
2631 2395 2756 2442 σου,
2792 2379 2884 2431 καὶ
2915 2379 3004 2431 τὸν
3054 2379 3314 2448 στέφανόν
3369 2397 3462 2433 σου
3499 2379 3674 2434 δώσω
3705 2379 3901 2448 αὐτῷ,
3939 2396 3995 2431 κ‹

2409 2469 2508 2536 τὴν
2537 2470 2849 2540 οίκονομίαν
2883 2488 2977 2525 σου
3008 2472 3162 2526 δώσω
3200 2475 3278 2535 είς
3309 2473 3407 2536 τὰς
3435 2475 3640 2542 χεῖρας
3677 2473 3901 2526 αὑτοῦ·
3939 2489 3995 2525 at:

2409 2558 2560 2612 ἔσται
2590 2559 2666 2622 ὡς
2695 2561 2877 2631 πατὴρ
2909 2565 3016 2626 τοῖς
3046 2563 3342 2616 ἐνοικοῦσιν
3377 2565 3432 2616 ὲν
3474 2564 3893 2635 Ἰερουσαλὴμ,
3935 2582 3995 2617 κε

2408 2655 2518 2715 τοῖς
2542 2651 2838 2705 ἐνοικοῦσιν
2868 2656 2924 2708 ὲν
2969 2656 3157 2708 Ἰούδαο
3193 2656 3286 2710 καὶ
3314 2655 3467 2710 δώσω
3492 2656 3599 2727 τὴν
3634 2654 3812 2722 δόξαν
3844 2657 3995 2711 Δα6¹ι

2408 2741 2587 2811 αὐτῷ,
2627 2744 2720 2796 καὶ
2753 2744 2928 2812 ἄρξει,
2966 2746 3059 2800 καὶ
3091 2748 3190 2801 οὐκ
3232 2748 3383 2801 ἔσται
3428 2749 3456 2800 ό
3503 2748 3827 2815 ἀντιλέγων
3851 2766 3867 2780 ·
3921 2766 3995 2801 κα

2409 2833 2590 2901 στήσω
2628 2833 2790 2886 αὑτὸν
2828 2833 3064 2905 ἀρχοντα
3102 2839 3160 2889 ὲν
3190 2837 3342 2908 τόπῳ
3370 2838 3572 2905 πιστῷ·
3598 2839 3702 2892 καὶ
3729 2838 3892 2892 ἔσται
3931 2842 3995 2892 si.

2409 2921 2595 2994 θρόνον
2624 2924 2780 2995 δόξης
2809 2924 2901 2978 τοῦ
2934 2927 3085 2980 οῐκου
3109 2926 3203 2981 τοῦ
3239 2929 3442 3000 πατρὸς
3471 2927 3667 2982 αὑτοῦ·
3710 2930 3809 2982 καὶ
3847 2928 3988 2982 ἔστα

2409 3015 2681 3080 πεποιθὼς
2715 3018 2800 3070 ἐπ’
2825 3018 2986 3071 αὐτὸν
3015 3020 3120 3082 πᾶς
3158 3019 3365 3084 ἔνδοξος
3399 3022 3456 3073 ὲν
3487 3019 3565 3090 τῷ
3589 3019 3732 3091 οἴκῳ
3771 3020 3867 3074 τοῦ
3895 3038 3994 3076 πα-

2405 3106 2531 3177 τρὸς
2574 3107 2770 3171 αὑτοῦ,
2804 3108 2911 3161 ἀπὸ
2947 3109 3144 3180 μικροῦ
3189 3110 3295 3173 ἕως
3335 3111 3597 3180 μεγάλου’
3643 3113 3740 3165 καὶ
3777 3112 3993 3166 ἔσονται

2405 3201 2835 3269 ἑπικρεμάμενοι
2878 3199 3026 3278 αἰρτῷ
3055 3202 3113 3254 ὲν
3143 3204 3207 3272 τῇ
3251 3201 3435 3272 ἡμέρᾳ
3467 3203 3676 3273 ἐκείνῃ.
3720 3203 3858 3257 Τάδε
3899 3205 3991 3258 λέ-

2404 3307 2491 3356 γει
2533 3290 2735 3362 Κύριος
2761 3290 3022 3345 Σαδσαώθ
3046 3309 3058 3321 ·
3089 3291 3458 3362 Κινηθήσεται
3506 3294 3533 3345 ό
3577 3293 3869 3362 ἄνθρωπος
3902 3295 3924 3333 ί
3962 3300 3990 3348 ὁ

2405 3381 2793 3450 ἐστηριγμένος
2818 3383 2874 3435 ὲν
2896 3382 3044 3452 τόπῳ
3067 3382 3263 3453 πιστῷ,
3290 3385 3384 3437 καὶ
3408 3387 3676 3447 πεσεῖται,
3699 3387 3794 3438 καὶ
3817 3387 3983 3453 ἀφαι-

2408 3469 2745 3541 ρεθήσεταιή
2767 3469 2891 3536 δόξα
2917 3473 2950 3542 ἡ
2973 3472 3056 3525 ἐπ’
3074 3471 3254 3532 αὐτὸν,
3277 3472 3356 3525 ὃτι
3379 3475 3408 3525 ό
3429 3471 3628 3543 Κύριος
3651 3473 3928 3544 ἐλάλησεν.
3954 3496 3971 3524 ι

2417 3560 2627 3629 Ἀγαπᾷ
2660 3561 2837 3614 τοίνυν
2862 3565 2889 3615 ό
2919 3561 3027 3615 τῶν
3054 3563 3191 3616 ὅλων
3224 3564 3356 3627 Θεὸς
3389 3563 3484 3617 τὸν
3515 3564 3701 3617 πιστὸν
3732 3565 3966 3634 ἀληθῶς,

2403 3651 2496 3704 καὶ
2528 3653 2749 3722 γνήσιον
2777 3655 3076 3724 οἰκονόμονο
3103 3654 3194 3709 τὸν
3217 3655 3274 3708 δὲ
3307 3656 3379 3726 μὴ
3412 3656 3675 3716 τοιοῦτον.
3706 3656 3779 3719 ὡς
3802 3656 3964 3726 βέϐη-

2402 3743 2512 3808 λον,
2545 3744 2962 3815 ἀποστρέφεται.
2996 3747 3362 3818 Συγκροτήσει
3394 3748 3450 3801 δὲ
3481 3749 3560 3801 ὅτι
3585 3749 3680 3818 τήν
3705 3749 3799 3820 σὴν
3820 3751 3957 3802 ὁσιό-

2400 3853 2560 3905 τητα,
2593 3837 2685 3889 καὶ
2712 3841 2823 3900 τοῖς
2857 3837 3062 3892 ἀνωθεν
3109 3838 3374 3910 εὐφρανεῖ
3412 3840 3703 3910 χαρίσμασι
3734 3840 3951 3912 πλουσίᾳ

2401 3924 2571 3993 χειρὶ,
2605 3923 3049 3996 τεθαρσήκαμεν·
3072 3927 3188 3978 ’ἵνα
3217 3927 3306 3980 τὸν
3336 3929 3434 3998 τῆς
3465 3929 3707 4000 ἀληθείας
3742 3931 3948 4002 ὀρθοτο-

2405 4015 2579 4084 μοῦσα
2621 4013 2798 4083 λόγον,
2845 4016 2940 4069 καὶ
2976 4016 3072 4087 τὴν
3114 4017 3222 4070 τῶν
3252 4018 3422 4086 ἀγίων
3456 4020 3696 4090 Πατέρων
3731 4023 3938 4092 ίχνηλα-

2399 4105 2567 4158 τοῦσα
2599 4105 2797 4171 πίστιν,
2833 4107 3113 4180 εὐδόκιμος
3135 4109 3389 4181 διαμείνῃ
3422 4110 3508 4165 διὰ
3533 4112 3726 4177 φειδοῦς
3760 4131 3814 4166 τε
3847 4117 3935 4168 καὶ

2401 4197 2682 4267 εὐμενείας
2716 4198 2809 4250 τοῦ
2842 4199 3060 4252 πάντων
3107 4201 3264 4271 ἡμῶν
3300 4202 3547 4273 Σωτῆρος
3582 4204 3825 4275 Χριστοῦο
3861 4206 3929 4259 δι’

2400 4276 2482 4345 οῦ,
2509 4285 2602 4336 καὶ
2634 4285 2752 4353 μεθ’
2770 4279 2850 4349 οῦ,
2874 4285 2951 4356 τῷ
2970 4286 3088 4357 Θεῷ
3110 4288 3202 4342 καὶ
3224 4289 3399 4361 Πατρὶ
3422 4292 3516 4344 σὺν
3536 4293 3658 4364 ἁγίῳ
3676 4295 3919 4366 Πνεῦματε

2400 4374 2433 4442 ὴ
2463 4373 2586 4438 δόξα
2610 4413 2624 4438 ,
2672 4376 2764 4428 καὶ
2795 4376 2854 4428 τὸ
2894 4377 3093 4449 κράτος
3123 4380 3203 4443 εἰς
3230 4382 3357 4445 τοὺς
3389 4381 3578 4447 αἰῶνας
3612 4384 3704 4437 τῶν
3730 4384 3916 4440 αίώνων

739 4483 902 4532 tatem
936 4494 1057 4548 quae
1097 4489 1274 4535 tecum
1307 4491 1390 4537 est
1417 4500 1432 4548 ;
1466 4484 1667 4538 salutat
1691 4493 1763 4546 te,
1793 4501 1914 4554 quae
1947 4501 2161 4540 mecum
2191 4497 2295 4551 est,

2414 4464 2603 4533 Ἀμήν.
2637 4466 2902 4536 [ipost-mre
2931 4468 3031 4540 τὴν
3075 4470 3227 4541 παρά
3263 4473 3345 4525 σοὶ
3396 4473 3713 4546 ἀδελφότητα·
3752 4479 3821 4531 ὅτι
3855 4494 3909 4530 σε

737 4567 797 4622 in
838 4568 1087 4624 Domino.
1129 4570 1322 4626 Valere
1356 4580 1429 4636 te,
1472 4572 1645 4628 nostri
1683 4589 2006 4639 memorem,
2042 4593 2236 4646 precor
2274 4595 2305 4632 a

2413 4554 2433 4623 ἡ
2462 4556 2487 4594 ⁸
2523 4557 2620 4608 σὺν
2653 4559 2783 4628 ἡμῖν
2809 4561 2865 4612 ὲν
2888 4561 3078 4632 Κυρίῳ
3108 4564 3522 4636 προσαγορεύει.
3555 4567 3812 4641 Ἐρῤῶσθαί
3832 4587 3902 4631 σε,

737 4658 988 4725 Domino.
1011 4662 1462 4719 reverendissime
1486 4665 1706 4736 Deoque
1733 4665 2086 4724 dilectissime
2111 4668 2298 4724 frater.

2400 4646 2493 4697 καὶ
2527 4648 2886 4718 μνημονεύειν
2919 4650 3099 4719 ἡμῶν,
3129 4651 3207 4724 τῷ
3243 4654 3433 4726 Κυρίῳ
3458 4654 3685 4729 εὔχομαι,
3706 4658 3899 4715 εὐλασίφ

2401 4754 2560 4792 στατε
2582 4742 2676 4794 καὶ
2709 4740 3092 4813 θεοφιλέστατε
3122 4744 3340 4814 ἀδελφέ.

1763 4972 1877 5044 99
1911 4973 2242 5032 EPISTOIA
2283 4977 2480 5033 XXXII
2521 4981 2612 5050 (of.
2657 4979 2848 5053 XXX).

1050 5097 1255 5162 CYRILDI
1293 5101 1355 5138 AD
1379 5100 1670 5140 ιυνεΝΑιειι
1702 5103 1986 5143 ΕΡΙὸΟΟΡυΙ
2020 5107 2083 5144 ΕΤ
2117 5108 2307 5147 Οετῐίκι

2413 5109 2624 5151 ΞΟΝΕΙΙᾹΙ
2662 5113 2896 5154 ιεοΑτοε
2923 5115 3440 5158 οοΝετλκτιῖιοΡοιηι
3469 5119 3632 5161 118805.

963 5267 965 5269 ι
1015 5197 1330 5252 Gratulatur
1349 5201 1412 5254 de
1449 5203 1708 5273 triumpho
1729 5207 1984 5269 veritatis,
2015 5224 2269 5280 suumque
2297 5213 2448 5281 facta:
2477 5213 2714 5267 electioni
2741 5224 2790 5267 et
2817 5216 3140 5270 ordinationi
3173 5234 3443 5273 assensum
3474 5219 3642 5290 prabet.

806 5305 1052 5361 Dominis
1097 5307 1552 5367 desiderabilibus
1590 5324 1644 5368 et
1685 5315 1777 5368 Dei
1824 5317 2130 5373 cultoribus
2181 5330 2236 5375 et
2282 5324 2672 5378 comministris
2707 5325 2979 5390 Juvenali,
3036 5327 3328 5394 Flaviano,
3386 5331 3605 5398 Arcadio,
3649 5333 3852 5406 Proiecto.

736 5399 943 5462 Firmo,
971 5399 1332 5468 Theodoreto,
1357 5407 1572 5472 Acacio,
1597 5417 1652 5464 et
1686 5411 1933 5483 Philippo
1967 5415 2308 5486 presbytero,
2345 5416 2577 5486 Cyrillus
2614 5421 2668 5473 in
2701 5421 2931 5474 Domino
2965 5421 3212 5476 salutem.

805 5513 854 5542 ³⁸
886 5513 985 5567 lsa.
1011 5531 1140 5578 χχιι,
1178 5517 1362 5580 ’15-25.

1819 5597 1990 5650 Varia:
2018 5599 2278 5655 lectiones
2305 5601 2511 5655 codicis
2549 5602 2908 5672 Seguicriani.

813 5687 841 5753 τ
870 5679 993 5732 ξδείν
1020 5682 1378 5750 ἀληθέστατον
1411 5687 1484 5753 ἐξ.

744 5749 880 5811 ειώς
917 5766 1024 5804 σου.
1089 5749 1462 5822 τάνθρωπος.’
1520 5761 1541 5797 κ
1575 5760 1625 5809 τὶ
1653 5749 1703 5824 ﬁ:

1567 5699 1584 5723 κ
1606 5691 1849 5770 ,πορεύου
1924 5707 1946 5733 η
1975 5693 2149 5763 Σομὰν
2183 5694 2213 5761 ἢ
2250 5697 2469 5750 Σοϐνάν.

2567 5697 2588 5735 δ
2627 5698 2688 5764 δὴ
2708 5697 2906 5764 Κύριος
2937 5699 3169 5753 ὲκδαλεί.
3217 5714 3236 5730 ν
3276 5702 3517 5772 ἄμετρον.
3574 5703 3668 5757 diu.
3703 5707 3834 5763 οστά·

3415 5908 3458 5942 κ
