4116 6318
233 354 334 413 I57

1621 351 1954 411 EPISTULA
1997 348 2238 406 XXXIII.

3421 343 3526 400 158

302 469 658 528 Salisfactum
685 469 848 525 nobis
869 477 955 526 est
979 469 1182 526 iterum
1209 478 1264 525 et
1288 469 1409 540 ipso
1443 443 1828 558 experimento
1860 479 1904 532 Α
1934 464 2312 535 cognovimus,
2349 459 2480 531 quia
2506 459 2713 514 veritas
2752 454 2889 516 vivit
2915 465 2972 510 et
3001 455 3192 520 vincit,
3222 455 3526 512 secundum

229 563 407 620 sancti
447 577 680 629 vocem;
719 563 931 618 resistit
965 571 1148 618 autem
1181 561 1233 618 ei
1263 562 1491 617 omnino
1520 559 1658 616 nihil
1694 578 1711 614 :
1743 569 1827 616 est

226 667 416 713 autem
449 654 534 710 sic
569 653 936 720 validissima,
965 665 1027 710 ut
1059 655 1308 727 insurgat
1338 653 1606 710 adversus
1628 668 1824 708 omnes

228 747 508 810 inimicos,
542 755 601 801 et
635 746 1011 802 resistentium
1035 745 1141 801 sibi
1163 747 1425 802 virtutem
1451 745 1647 800 solvat.
1681 744 1824 800 Ecce

225 838 403 905 enim,
439 854 570 896 ecce
598 840 736 895 false
769 839 994 910 quidem
1027 839 1368 911 loquentium
1400 854 1497 894 ora
1529 838 1823 905 obstruxit,

225 938 285 987 et
316 931 642 987 illicitarum
684 931 1155 1001 blasphemiarum
1197 931 1375 1000 caligo
1415 931 1692 995 cessavit;
1736 946 1826 984 re-

226 1022 518 1094 splenduit
564 1034 750 1079 autem
796 1022 1050 1078 veritatis
1092 1023 1409 1094 dogmatum
1445 1022 1824 1094 pulchritudo,

226 1112 502 1169 ordinato
529 1115 796 1184 episcopo
852 1111 1154 1169 secundum
1214 1111 1498 1168 decretum
1528 1113 1630 1168 Dei
1661 1120 1826 1183 atque

226 1205 532 1262 concilium
571 1219 670 1276 per
706 1206 1052 1261 sanctitatem
1083 1211 1326 1260 vestram
1365 1204 1827 1260 reverendissimo

226 1305 284 1353 et
323 1297 425 1353 Dei
479 1298 697 1353 cultore
747 1298 1093 1362 Maximiano,
1151 1312 1316 1367 quem
1353 1297 1518 1352 etiam
1561 1303 1619 1350 et
1667 1296 1829 1368 longa

224 1398 364 1445 mtas
389 1389 619 1445 ornavit
641 1405 750 1445 non
785 1391 843 1446 in
872 1389 1100 1446 desidiis
1117 1399 1173 1446 et
1197 1390 1412 1446 deliciis
1440 1389 1826 1453 constitutum,

227 1479 327 1535 sed
366 1480 427 1534 in
475 1480 764 1536 laboribus
805 1491 861 1537 et
907 1480 1159 1547 virtute;
1199 1489 1256 1536 et
1289 1481 1385 1552 qui
1431 1480 1601 1537 multa
1641 1496 1829 1536 rerum

227 1568 533 1625 decoratus
565 1578 650 1626 est
681 1586 814 1626 cura
838 1585 940 1642 pro
978 1572 1212 1628 veritate
1245 1579 1303 1626 et
1331 1571 1684 1643 dogmatibus
1706 1570 1826 1640 pie-

229 1659 380 1716 tatis.
415 1659 792 1734 Cougaudens
817 1661 988 1734 igitur
1027 1661 1304 1719 universis
1337 1662 1601 1720 Ecclesiis
1633 1671 1690 1717 et
1725 1676 1828 1732 po-

1934 556 2082 629 pulis
2110 553 2317 610 ibidem
2344 550 2681 615 constitutis,
2711 549 2909 604 merito
2932 547 3288 618 proclamabo
3313 566 3326 601 :
3373 567 3390 597 σ
3423 547 3527 603 Be-

1930 644 2186 702 nedictus
2233 644 2522 709 Dominus,
2565 642 2696 713 quia
2736 641 3003 706 visitavit,
3047 648 3105 694 et
3145 639 3277 694 fecit
3306 637 3528 694 redem-

1931 739 2179 810 ptionem
2211 737 2391 808 plebis
2418 751 2531 792 sum
2559 735 2625 789 ⁸⁸.
2672 755 2692 786 ι
2737 734 2859 793 Νοιι
2882 733 3032 790 enim
3063 738 3281 803 poterat
3317 729 3528 786 dormi-

1929 840 2047 887 tare
2099 833 2180 886 sic
2225 833 2404 886 bonus
2459 836 2669 900 pastor,
2723 834 2786 882 nt
2835 827 3007 883 etiam
3064 839 3224 880 suam
3287 822 3526 879 animum

1927 932 2160 995 poneret
2181 938 2283 994 pro
2307 921 2507 979 ovibus
2531 921 2582 953 "
2603 937 2618 987 ;
2643 928 2702 975 et
2735 935 2957 989 semper
2981 918 3293 974 salviticare
3322 917 3527 979 sciens,

1929 1015 2224 1087 malignam
2255 1014 2480 1086 quidem
2516 1013 2751 1068 bestiam
2799 1028 2829 1066 a
2875 1026 3034 1066 sacra
3069 1019 3126 1066 et
3162 1009 3354 1065 divina
3403 1007 3530 1063 aula

1929 1106 1992 1180 [Ῑ.
2033 1105 2216 1179 caula]
2259 1106 2484 1177 repulit,
2530 1103 3004 1175 sapientissimum
3041 1109 3227 1158 autem
3261 1109 3318 1156 et
3355 1100 3531 1156 totius

1929 1199 2153 1255 virtutis
2185 1198 2456 1270 insignem
2493 1205 2893 1268 praeceptorem
2930 1194 3119 1266 elegit,
3158 1207 3325 1264 quem
3360 1191 3530 1248 etiam

1929 1292 2211 1348 credimus
2238 1291 2493 1346 decorari
2529 1290 2586 1344 in
2612 1288 2764 1344 omni
2804 1288 2972 1353 bono,
3003 1296 3061 1342 et
3093 1284 3399 1342 venerabili
3442 1293 3520 1340 at-

1929 1398 2037 1452 que
2065 1382 2343 1453 pmcipua
2375 1381 2584 1436 virtute
2613 1379 2938 1451 pollentem,
2962 1377 3276 1450 gubernare
3302 1375 3406 1430 sub
3427 1389 3530 1431 sua

1931 1492 2095 1531 manu
2127 1476 2391 1547 populum
2422 1473 2807 1530 constitutum.
2837 1471 3148 1528 incolumes
3170 1485 3272 1526 vos
3315 1483 3437 1525 esse
3470 1468 3530 1524 in

1931 1569 2185 1636 Domino,
2225 1579 2283 1626 et
2309 1567 2488 1625 nostri
2518 1582 2813 1634 memores,
2848 1579 3093 1631 oramus,
3128 1559 3444 1620 charissimi
3471 1567 3530 1617 et

1931 1661 2417 1718 desideratissimi.

1567 1885 1907 1943 EPISTOLA
1945 1886 2190 1942 XXXIII.

1297 2016 1364 2057 an
1393 2016 1620 2057 acscwu
1651 2018 1982 2059 ssnmnxseu
2014 2017 2299 2060 EPISCOPUI
2341 1999 2440 2075 (ι).

225 2117 543 2189 Maesia
572 2117 727 2189 imp.,
737 2117 862 2188 jam
888 2135 922 2189 a
941 2115 1233 2189 (Reatina
1245 2132 1388 2186 papa
1405 2117 1657 2189 monitus,
1682 2118 1752 2171 ad
1764 2119 2156 2188 procurandum
2173 2118 2424 2174 Ecclesia:
2443 2131 2626 2188 pacem
2647 2113 2980 2172 Aristolaum
2995 2111 3263 2189 tribunum
3283 2115 3525 2189 miserat,

295 2189 387 2261 qui
424 2184 708 2261 Eii/ierint:
736 2184 925 2261 synodi
963 2188 1181 2261 decretis
1214 2184 1460 2261 insistens
1496 2184 1873 2261 Antiochice_et
1905 2189 2249 2246 Alexandria:
2273 2184 2484 2244 unionis
2505 2203 2634 2261 opus
2661 2194 2987 2261 perurgeret.
3008 2184 3526 2261 _Joannes,_accep_tis

296 2255 592 2341 meando-tis,
618 2255 880 2341 synodum
903 2259 1041 2341 cogit
1065 2259 1298 2341 primum
1323 2258 1634 2341 Antiochia,
1655 2271 1762 2313 tum
1783 2259 2002 2325 Berma',
2029 2261 2172 2328 apud
2183 2261 2451 2341 ‘Acacium
2475 2255 2794 2341 episcopum,
2815 2255 2907 2340 qui
2925 2257 3083 2310 totius
3109 2255 3294 2341 ευποέὶ
3315 2256 3528 2341 nomine

295 2345 330 2384 ο
349 2327 571 2402 _Cyrillo
592 2324 1197 2402 pastulaverat'ut,'sato
1231 2326 1464 2402 symbolo
1497 2328 1712 2383 Niceno
1742 2340 2002 2402 tanquam
2043 2324 2229 2402 regula
2261 2331 2388 2401 ﬁdei
2418 2324 2622 2402 agnito,
2648 2324 2753 2402 sua
2773 2324 2975 2402 scripta
3011 2324 3196 2380 contra
3223 2324 3526 2402 Nestorium

295 2396 438 2482 adita
469 2396 827 2482 retractant.
876 2398 970 2454 His
1011 2408 1189 2482 autem
1227 2396 1470 2482 Cyrinus.
1533 2396 1862 2468 acquiescere
1899 2401 2068 2457 noluit
2102 2396 2161 2456 ἐι
2202 2396 2394 2482 Acacio
2435 2396 2779 2482 respondens,
2804 2396 2892 2482 de'
2932 2406 3042 2451 tota
3082 2396 3277 2482 agendi
3299 2397 3529 2482 satione

295 2466 656 2524 Orientalium
683 2479 1017 2541 conquestus,
1039 2468 1200 2538 ﬁdem
1225 2466 1380 2524 suam
1414 2470 1566 2541 plene
1584 2466 1795 2542 purgat
1817 2490 1880 2526 ac
1902 2484 2162 2545 tanquam
2183 2475 2329 2543 pacis
2353 2466 2600 2527 ineunda
2624 2470 2980 2526 conditionem
3017 2467 3182 2538 exigit
3204 2475 3263 2520 ut
3292 2466 3527 2522 Nestorii

295 2538 673 2598 depositione“
697 2549 877 2595 ratam
905 2540 1134 2595 habeant
1156 2540 1376 2598 eiusque
1405 2541 1658 2598 deamata
1686 2543 1962 2598 damnent.

295 2538 673 2610 depositione“
697 2538 877 2595 ratam
905 2540 1134 2595 habeant
1156 2540 1376 2612 ejusque
1405 2538 1658 2613 dogmata
1686 2538 1962 2598 damnent.

292 2695 444 2769 ω’
482 2695 722 2752 Domino
753 2710 880 2751 meo
931 2697 1294 2755 dilectissimo
1316 2697 1475 2753 fratri
1508 2706 1565 2754 et
1589 2699 1823 2754 commi-
1855 2701 1902 2763 Β
1931 2715 2130 2756 vocum
2152 2699 2496 2757 novitatibus
2517 2701 2638 2772 ejus
2661 2698 3037 2770 producentes
3060 2696 3398 2752 contrariam
3425 2711 3525 2752 ve-

227 2787 514 2846 nistratori
541 2788 766 2854 Acacio,
791 2788 1052 2860 Cyrillus,
1075 2792 1132 2846 in
1161 2791 1396 2847 Domino
1423 2791 1678 2847 salutem.

295 2881 599 2938 Deceutem
624 2897 684 2937 se
707 2881 876 2936 etiam
901 2898 1053 2940 nunc
1076 2899 1267 2939 curam
1291 2883 1538 2955 suscepit
1561 2881 1827 2938 sanctitas

226 2985 342 3033 tua.
379 2973 628 3030 Intentio
653 2983 739 3030 est
761 2973 914 3029 enim
950 2975 1028 3030 illi
1057 2975 1367 3038 secundum
1392 2975 1596 3031 bonam
1625 2975 1827 3031 volun-

227 3077 400 3126 tatem
437 3066 746 3125 Salvator-is
767 3067 1018 3124 omnium
1048 3076 1304 3125 nostrum
1346 3067 1445 3124 Dei
1491 3075 1554 3122 ut
1591 3068 1827 3138 conjun-

227 3167 430 3230 gantur
451 3156 733 3221 Ecclesiae,
764 3165 823 3212 et
847 3164 911 3211 ut
935 3156 1003 3212 de
1026 3156 1212 3212 medio
1233 3155 1485 3227 quaedam
1524 3151 1618 3208 ﬂat
1653 3152 1829 3224 pusil-

226 3250 537 3314 Ianimitas,
566 3247 1008 3321 persuadeantur
1030 3262 1165 3304 vero
1185 3247 1242 3302 hi
1269 3245 1365 3319 qui
1397 3243 1603 3301 debent
1626 3242 1828 3297 unani-

229 3357 348 3400 mes
368 3356 516 3407 esse,
543 3349 710 3411 atque
739 3353 904 3396 omne
927 3339 1076 3410 quod
1117 3338 1410 3395 contristat
1433 3335 1745 3402 auferatur,
1773 3342 1830 3390 et

228 3449 294 3492 ea
335 3448 465 3506 qua
508 3433 760 3502 disrupta
799 3438 950 3496 sunt,
987 3430 1276 3486 charitatis
1319 3429 1558 3484 vinculis
1599 3430 1831 3482 restrin-

230 3535 453 3599 gantur.
500 3524 632 3589 Sed,
657 3525 801 3580 sicut
821 3523 1065 3588 videtur,
1103 3522 1356 3578 nonnulli
1376 3536 1569 3577 eorum
1592 3520 1687 3591 qui
1715 3519 1831 3576 illic

230 3627 360 3676 sunt
391 3617 660 3674 videntur
699 3615 924 3687 quidem
967 3615 1147 3688 putari
1189 3615 1258 3671 ad
1300 3613 1651 3686 superﬁciem
1683 3614 1829 3670 clare

232 3711 524 3783 iniungere
565 3709 634 3765 ad
682 3722 856 3780 usque
894 3718 1003 3771 tua:
1043 3706 1403 3780 perfectionis
1435 3707 1823 3772 intentionem,

231 3814 326 3861 aut
361 3806 541 3877 ipsam
567 3817 702 3858 vero
730 3801 923 3866 latent,
949 3810 1044 3856 aut
1069 3799 1227 3871 quasi
1254 3799 1432 3855 celare
1461 3815 1521 3855 se
1542 3799 1830 3855 studentes

233 3896 498 3955 efﬁciunt.
541 3895 620 3951 Ea
659 3909 899 3965 namque
928 3909 1091 3966 agere
1116 3899 1387 3962 expetunt
1413 3907 1537 3962 qua:
1563 3891 1684 3949 fieri
1714 3908 1828 3948 non

232 4004 464 4065 queunt.
496 3989 642 4058 Quid
685 3989 836 4046 aliud
877 3998 964 4045 est
1003 3987 1110 4043 nisi
1131 3987 1301 4042 rebus
1339 3985 1480 4058 ipsis
1524 3986 1827 4042 reclamare

232 4085 379 4159 quod
423 4084 583 4155 pacis
622 4082 887 4138 facienda:
915 4097 1026 4138 non
1068 4080 1309 4136 habeant
1347 4080 1725 4136 voluntatem?
1758 4079 1827 4135 Et
1854 4067 1896 4126 Ο

232 4177 348 4234 hac
371 4176 502 4232 dico
525 4174 816 4246 epistolam
846 4173 1096 4244 relegens
1115 4188 1146 4228 a
1170 4181 1260 4228 tua
1281 4171 1622 4244 perfectione
1650 4181 1828 4228 trans-

232 4273 478 4334 missam,
528 4283 632 4341 per
671 4281 836 4338 quam
878 4265 1048 4322 didici
1090 4273 1350 4336 expetere
1390 4265 1516 4321 illos
1558 4274 1620 4321 ut
1660 4279 1826 4320 omne

231 4363 608 4434 conscriptum
651 4371 710 4417 et
750 4361 930 4416 omnis
961 4359 1196 4431 epistola
1236 4375 1360 4431 quae
1387 4368 1517 4415 ante
1550 4358 1824 4432 synodum

231 4465 452 4526 peracta
477 4464 566 4512 est
587 4453 894 4525 adiudicari
917 4463 1015 4510 aut
1037 4451 1282 4525 abjurari
1314 4468 1346 4508 a
1375 4453 1538 4509 nobis
1562 4451 1821 4520 debeant,

232 4547 538 4604 consentiri
573 4555 761 4603 autem
797 4554 963 4602 rectm
1005 4545 1134 4602 fidei
1173 4545 1422 4619 symbolo
1455 4547 1604 4618 quod
1629 4546 1825 4603 defini-

234 4646 346 4695 tum
386 4649 475 4696 est
523 4638 832 4696 secundum
884 4647 1103 4709 tempus
1139 4653 1172 4693 a
1218 4638 1427 4695 sanctis
1459 4639 1719 4695 Patribus
1765 4639 1823 4696 in

231 4748 423 4806 magna
450 4733 671 4789 Nicaeus
695 4730 926 4805 synodo.
950 4729 1066 4803 Ego
1094 4746 1250 4796 vero,
1281 4730 1544 4800 quoniam
1567 4742 1820 4788 sanctum

231 4825 451 4898 quidem
473 4825 614 4882 illud
629 4826 941 4900 symbolum
962 4825 1164 4881 sufﬁcit
1201 4826 1269 4882 ad
1287 4842 1507 4884 omnem
1533 4827 1818 4883 scientiam

230 4915 452 4983 bonam,
488 4927 550 4974 et
587 4918 655 4974 de
694 4917 789 4976 illo
828 4918 970 4975 nihil
1001 4919 1230 4975 omnino
1271 4928 1377 4985 est,
1404 4918 1586 4975 dicam
1629 4920 1822 4991 utique

230 5021 389 5086 atque
411 5014 780 5081 consentiam,
802 5014 1022 5070 etiamsi
1046 5013 1325 5085 aliquibus
1349 5013 1474 5069 aliis
1497 5013 1605 5069 hoc
1629 5029 1824 5085 sapere

231 5102 453 5160 minime
491 5104 680 5161 videar
720 5113 818 5161 aut
851 5104 1060 5161 dicere.
1097 5103 1417 5160 Admiratus
1439 5118 1574 5158 vero
1605 5119 1726 5159 sum
1753 5103 1821 5158 il-

230 5195 338 5253 lud.
363 5197 627 5254 Nestorio
651 5198 800 5253 enim
843 5207 1086 5255 retortas
1109 5197 1232 5253 illas
1274 5203 1332 5252 et
1354 5196 1821 5252 abominandissi-

229 5302 341 5346 nas
357 5298 654 5346 eructante
674 5304 843 5346 voces
862 5298 1057 5345 contra
1081 5288 1330 5344 omnium
1355 5298 1608 5344 nostrum
1636 5287 1823 5345 Salva-

229 5387 404 5438 torem
427 5382 736 5449 Christum,
763 5391 822 5441 et
845 5383 950 5439 hoc
974 5397 1162 5438 coram
1196 5381 1464 5447 Ecclesia,
1493 5381 1820 5453 scripsimus

226 5489 343 5546 qua
370 5475 720 5548 scripsimus,
754 5472 1203 5531 contradicentes
1241 5472 1474 5538 scilicet,
1505 5481 1561 5529 et
1584 5473 1810 5544 pollutis

300 5611 343 5643 “
383 5611 518 5668 Luc.
550 5628 589 5676 ι,
627 5611 715 5667 68.
794 5613 840 5644 ³“
872 5612 1032 5669 Joan.
1069 5610 1239 5676 x,15.

1929 2789 2171 2843 ritatem.
2204 2789 2275 2845 Et
2316 2805 2418 2860 per
2445 2788 2680 2860 gratiam
2705 2787 2805 2844 Dei
2836 2802 3032 2843 omnes
3058 2787 3195 2857 ipsis
3228 2785 3526 2844 intenden-

1928 2889 2033 2946 tes,
2059 2881 2249 2952 plures
2271 2880 2496 2952 quidem
2530 2879 2720 2935 mirati
2744 2887 2895 2944 sunt,
2939 2887 2996 2935 et
3041 2887 3196 2935 recto
3239 2878 3527 2934 intellectu

1927 2972 2344 3028 honoraverunt
2372 2989 2495 3044 quae
2525 2989 2557 3029 a
2583 2972 2745 3028 nobis
2784 2971 2932 3028 dicta
2969 2980 3100 3027 sunt
3139 2979 3334 3026 contra
3371 2986 3524 3027 eum.

1929 3065 2037 3122 Sed
2064 3067 2255 3122 nescio
2279 3066 2413 3137 quid
2437 3065 2492 3120 bi
2524 3065 2620 3136 qui
2641 3080 2795 3121 nunc
2819 3064 3026 3120 debent
3057 3063 3527 3120 anathematizare

1927 3157 2140 3230 polluta
2163 3158 2312 3213 illius
2340 3157 2597 3230 dogmata
2638 3165 2696 3213 et
2737 3157 2807 3212 ab
2837 3157 2986 3212 illius
3005 3156 3291 3227 impietate
3323 3164 3527 3212 semet-

1926 3250 2078 3321 ipsos
2101 3250 2315 3307 alienos
2356 3249 2596 3316 eﬂlcere,
2622 3250 2690 3305 ad
2720 3265 2885 3305 omne
2909 3249 3251 3306 contrarium
3280 3248 3528 3305 studium

1928 3352 2340 3408 convertentes,
2388 3341 2750 3398 exterminari
2794 3350 3052 3413 quierunt
3084 3357 3208 3413 qua:
3261 3341 3530 3399 advenas

1928 3451 2058 3492 eum
2093 3437 2298 3507 scripta
2322 3445 2472 3493 sunt.
2506 3436 2680 3504 Quam
2715 3437 3012 3502 rationem,
3062 3451 3271 3507 quaso,
3325 3434 3380 3491 id
3425 3435 3528 3492 ba-

1926 3527 2062 3585 bet?
2089 3529 2354 3602 Intelligit
2373 3530 2523 3584 enim
2562 3529 2827 3585 sanctitas
2867 3539 2962 3584 tua
3000 3536 3264 3600 quantam
3303 3544 3397 3586 res
3424 3527 3528 3585 ba-

1928 3619 2058 3675 bcat
2103 3620 2589 3692 incongruitatem,
2643 3621 2689 3676 si
2743 3636 2847 3676 nos
2899 3635 3024 3692 quae
3075 3636 3177 3692 pro
3217 3629 3367 3677 recta
3421 3619 3529 3678 fide

1929 3714 2273 3785 scripsimus,
2308 3714 2571 3786 quoniam
2607 3723 2799 3771 nostra
2830 3723 2981 3782 sunt,
3012 3715 3372 3788 abnegemus.
3415 3715 3528 3773 imo

1929 3808 2115 3881 potius
2141 3825 2467 3866 accusemus
2487 3809 2633 3881 piam
2659 3808 2844 3865 ﬁdem.
2872 3809 3020 3882 Ergo
3045 3809 3093 3865 si
3129 3825 3188 3866 se
3212 3809 3306 3865 illa
3331 3820 3526 3866 contra

1929 3900 2247 3957 Nestorium
2285 3911 2435 3959 recte
2461 3918 2572 3958 non
2608 3901 2834 3968 habent,
2877 3902 2995 3959 sive
3023 3918 3147 3974 qua:
3175 3911 3368 3958 contra
3397 3919 3527 3974 per-

1930 4010 2091 4051 versa
2111 3997 2231 4067 ejus
2263 3995 2517 4068 dogmata
2544 3995 2748 4066 scripta
2775 4003 2923 4063 sunt,
2953 3995 3074 4052 sine
3111 4011 3279 4052 causa
3303 3997 3526 4068 deposi-

1930 4098 2020 4146 tus
2043 4098 2157 4158 est;
2196 4090 2307 4145 imo
2328 4089 2503 4166 magis
2525 4097 2581 4145 et
2611 4089 2704 4145 ille
2734 4089 2961 4160 quidem
2991 4089 3223 4146 forsitan
3258 4100 3407 4147 recte
3437 4105 3526 4146 sa-

1930 4184 2030 4255 pit.
2077 4183 2400 4238 Erravimus
2443 4191 2627 4238 autem
2669 4197 2793 4247 nos,
2836 4198 2949 4238 non
2992 4184 3044 4239 ei
3077 4183 3525 4244 consentientes.

1931 4276 2043 4331 imo
2067 4276 2164 4347 qui
2187 4276 2300 4348 iam
2329 4275 2655 4347 scripsimus
2697 4275 2786 4331 his
2818 4291 2942 4346 quae
2973 4275 3114 4332 dixit
3158 4275 3409 4331 adversa.
3459 4275 3528 4331 Et

1929 4379 2081 4425 certe
2115 4368 2359 4426 Nestorii
2407 4369 2568 4424 multi
2621 4367 2877 4425 feruntur
2912 4368 3132 4424 codices
3175 4367 3360 4422 omnia
3389 4382 3526 4424 con-

1927 4459 2225 4518 fundentes
2260 4469 2318 4518 et
2352 4460 2751 4532 perturbantes
2794 4459 3091 4515 Ecclesias.
3131 4458 3342 4514 Deinde
3383 4473 3530 4529 quo-

1921 4551 2093 4606 modo
2121 4566 2224 4606 nos
2256 4566 2320 4607 ea
2349 4566 2473 4622 qua:
2495 4559 2688 4606 contra
2715 4549 2898 4622 ipsum
2923 4557 3056 4604 sunt
3076 4549 3284 4620 scripta
3314 4547 3527 4604 delebi-

1926 4660 2074 4711 mus,
2098 4661 2221 4715 qum
2247 4644 2434 4701 forsan
2462 4643 2744 4716 aliquibus
2780 4646 3044 4716 iuvamen
3072 4643 3161 4700 vel
3188 4643 3360 4698 breve
3387 4657 3523 4698 con-

1927 4738 2052 4810 tigit
2083 4737 2344 4793 elﬁcere?
2375 4737 2636 4793 Pervidet
2689 4737 2858 4808 igitur
2891 4745 3006 4803 tua,
3058 4751 3182 4807 qum
3234 4734 3386 4792 omni
3433 4751 3522 4792 sa-

1926 4829 2134 4902 pientia
2157 4837 2242 4884 est
2265 4829 2448 4901 plena,
2481 4829 2750 4900 perfectio
2791 4827 2921 4900 quia
2968 4843 3087 4883 rem
3118 4827 3519 4898 impossibilen‘

1926 4929 2183 4994 quaerunt
2204 4929 2261 4978 et
2294 4931 2507 4978 tantum
2528 4923 2687 4995 longe
2717 4932 2847 4979 sunt
2869 4938 2900 4977 a
2921 4922 3208 4977 voluntate
3233 4920 3520 4993 mitigandi

1925 5017 2348 5089 interiacentem
2379 5015 2712 5072 discordiam
2741 5025 2803 5072 ut
2827 5031 2948 5072 eam
2977 5014 3253 5070 reducant
3274 5013 3341 5068 ad
3365 5013 3521 5086 prin-

1926 5109 2133 5180 cipium
2174 5109 2546 5166 contentionis
2575 5108 2723 5164 illius
2766 5124 2888 5180 quae
2927 5107 3144 5163 narrari
3176 5122 3287 5160 non
3317 5113 3519 5177 potest.

1923 5201 2038 5258 Cur
2059 5202 2210 5257 enim
2233 5217 2346 5257 non
2379 5201 2567 5272 potius
2593 5200 2661 5256 ad
2687 5200 3022 5272 Ephesinam
3053 5197 3404 5270 metropolim
3429 5213 3525 5253 vc-

1923 5293 2143 5349 nientcs
2173 5308 2300 5349 cum
2322 5291 2534 5364 synodo
2559 5309 2726 5348 unum
2759 5293 3041 5363 protulere
3077 5291 3360 5347 decretum
3386 5305 3520 5345 con-

1925 5392 2009 5440 tra
2042 5399 2170 5438 eum
2200 5383 2296 5456 qui
2323 5385 2454 5440 talia
2498 5393 2556 5439 et
2587 5394 2737 5440 tanta
2778 5383 2944 5454 impie
2985 5383 3347 5454 prmdicavit?
3382 5381 3524 5437 Nam

1929 5476 1976 5532 si
2020 5477 2103 5531 vel
2152 5477 2431 5533 modicum
2479 5477 2855 5542 tardaverant,
2905 5475 3039 5547 quid
3082 5474 3418 5547 prohibebat
3461 5482 3525 5528 ut

297 5721 372 5791 (Ι)
404 5723 488 5779 Ex
542 5721 819 5795 Synodico
850 5724 976 5780 adv.
1016 5732 1152 5794 trag.
1209 5720 1422 5784 Irentei,
1469 5735 1519 5777 c.
1554 5721 1644 5779 56.
1701 5723 1838 5782 Vide
1879 5725 2043 5782 etiam
2080 5741 2127 5781 c.
2165 5726 2252 5787 53,
2300 5726 2386 5788 54,
2430 5727 2516 5791 58,
2550 5727 2636 5787 60,
2690 5727 2787 5791 til,
2844 5726 2933 5790 62,
2978 5725 3091 5782 l08.
3149 5727 3303 5798 Apud
3347 5725 3518 5781 nam

230 5824 358 5872 tom.
393 5817 461 5871 ν.
