4146 6322
555 333 664 394 ιω

1549 332 1606 391 8.
1645 331 1922 392 (ιι-ιιιω
1961 330 2435 390 ALEXANDIUNI
2473 330 2795 391 ARCHIEP.

3735 336 3843 396 ίω

557 415 957 509 curminentaria
977 452 1338 526 inspicientes
1358 461 1640 525 gestorum
1665 451 2050 508 satisfacerent
2070 449 2152 506 eis
2183 459 2227 514 Α
2253 448 2678 530 oblitteraverit,
2702 455 2762 506 et
2790 446 3094 506 secundum
3125 447 3339 506 nullum
3369 445 3593 522 quidem
3611 446 3840 507 modum

556 557 683 615 quo
723 543 968 616 legitime
1009 544 1231 602 fuerant
1262 548 1427 612 facta,
1472 552 1530 600 et
1569 542 1972 608 consentirent,
2005 542 2151 599 sicut

559 630 697 701 dixi,
730 642 885 691 recto
925 641 984 693 et
1029 635 1181 707 quod
1222 635 1500 706 increpari
1547 650 1661 690 non
1710 633 1879 690 debet
1926 633 2152 690 decreto

557 727 925 785 cunctorum?
952 727 1063 785 Sed
1083 744 1115 785 e
1136 735 1352 794 contra,
1369 741 1478 784 nec
1500 725 1798 783 Dominum
1823 725 2149 799 cogitantes,

559 831 744 890 neque
794 833 1016 876 causam
1058 834 1163 892 pro
1196 834 1305 890 qua
1326 817 1643 891 congregati
1669 825 1801 873 sunt
1831 816 1978 889 (non
2003 819 2153 878 enim

560 909 631 985 de
665 911 945 968 communi
974 925 1308 983 quacunque
1347 923 1515 968 causa
1562 925 1749 968 sermo
1775 917 1918 968 erat.
1951 909 2050 966 sed
2081 909 2152 965 de

563 1001 696 1068 ﬁde,
721 1019 822 1076 per
838 1018 1002 1075 quam
1028 1003 1300 1059 mundum
1317 1002 1550 1060 salvavit
1563 1003 1713 1060 Deus
1736 1012 1795 1060 et
1811 1001 2018 1076 Pater),
2031 1017 2152 1058 om-

560 1110 690 1154 nem
716 1095 1048 1153 cruditatem
1076 1101 1138 1153 et
1161 1109 1328 1152 omne
1357 1095 1667 1174 fraternum
1690 1095 1882 1151 odium
1913 1094 1970 1151 in
1994 1093 2156 1151 nobis

563 1188 948 1255 ostenderunt,
975 1197 1088 1248 tam
1107 1197 1355 1247 sanctam
1394 1196 1452 1246 et
1483 1189 1857 1246 universalem
1886 1187 2156 1268 synodum

563 1280 1135 1340 excommunicatione
1158 1280 1519 1355 injuriantes,
1546 1289 1606 1337 et
1633 1281 1741 1338 hoc
1773 1281 1983 1352 absque
2003 1277 2155 1352 judi-

564 1372 672 1440 cio,
699 1389 864 1446 quam
898 1373 1067 1433 etiam
1100 1373 1256 1432 velut
1289 1374 1513 1430 immitti
1537 1373 1766 1431 dextera
1790 1371 2030 1446 gladium
2051 1384 2157 1428 sc—

562 1462 713 1520 vitie
748 1463 1088 1537 intingentes
1110 1463 1169 1520 in
1197 1479 1290 1520 me
1316 1478 1382 1520 ac
1414 1461 1868 1520 reverentissimo
1899 1460 2158 1532 episcopo

561 1551 872 1614 Memnone.
901 1555 1178 1612 Ponamas
1217 1555 1368 1612 enim
1390 1554 1521 1627 quia
1543 1553 1844 1611 secundum
1867 1549 2160 1608 veritatem

563 1654 622 1702 et
646 1646 847 1703 transit
874 1663 980 1704 nos
1005 1646 1215 1718 aliquid
1241 1646 1388 1718 quod
1419 1646 1486 1702 ad
1509 1643 1904 1701 rectitudinem
1929 1642 2159 1714 dogma-

563 1747 683 1795 tum
716 1740 978 1812 pertinet,
1005 1751 1101 1797 aut
1121 1740 1274 1796 circa
1306 1739 1446 1795 alios
1472 1737 1671 1796 modos
1692 1735 1928 1810 subjecti
1954 1733 2160 1806 aliqui-

565 1831 673 1888 bus
718 1805 900 1903 culpis
951 1805 1175 1888 eramus
1226 1832 1345 1888 sive
1396 1830 1660 1903 peccatis,
1712 1805 1827 1885 non
1875 1805 2160 1900 oportmet
2189 1805 2233 1862 Β

565 1923 762 1996 dignos
807 1923 927 1981 ileri
973 1922 1132 1996 prius
1170 1939 1428 1980 sermone
1471 1921 1780 1994 colloquii?
1822 1920 1992 1992 Atqui
2025 1921 2158 1976 dum

561 2023 716 2073 certe
751 2029 947 2072 omnes
974 2015 1408 2072 sustinuerimus
1434 2014 1778 2082 Nestorium,
1811 2013 1946 2070 dum
1981 2012 2160 2068 trien-

563 2104 691 2170 nale
709 2112 926 2175 tempus
944 2103 1384 2177 blasphemando
1397 2112 1774 2170 consumeret,
1787 2111 1847 2161 et
1867 2101 2160 2160 nobiscum

562 2210 701 2253 vero
720 2197 987 2253 sanctitas
1007 2205 1104 2253 tua
1124 2203 1183 2254 et
1201 2211 1366 2254 omne
1385 2195 1705 2263 concilium,
1728 2194 1964 2253 fecimus
1981 2194 2159 2250 abdu-

563 2301 693 2346 cere
720 2289 948 2362 quidem
979 2291 1136 2347 illum
1163 2289 1234 2347 ab
1264 2291 1368 2358 eis,
1409 2290 1814 2348 transformare
1840 2298 2026 2348 autem
2065 2306 2163 2362 po-

565 2381 681 2438 tius
710 2381 782 2439 ad
819 2382 911 2439 illa
942 2381 1196 2456 dogmata
1232 2397 1357 2456 qua
1399 2382 1470 2441 ad
1517 2383 1915 2441 rectitudinem
1951 2381 2162 2440 verita-

565 2478 793 2543 temque
825 2472 1148 2544 respiciunt.
1176 2474 1317 2530 Dum
1348 2490 1490 2532 vero
1513 2475 1862 2548 persistent,
1906 2484 1966 2532 et
1985 2474 2162 2532 multo

568 2562 846 2621 deteriora
878 2565 1049 2623 verbo
1080 2566 1365 2624 laberetur
1389 2568 1659 2626 adversus
1687 2568 1922 2642 gloriam
1951 2567 2161 2627 Christi

567 2666 626 2715 et
670 2657 728 2714 in
766 2659 884 2732 ipsa
915 2659 1287 2732 Ephesiorum
1320 2665 1638 2737 metropoli,
1667 2665 1738 2722 de
1777 2665 1997 2740 reliquo
2037 2674 2162 2724 tan-

568 2762 736 2820 quam
759 2749 1054 2809 incurabili
1087 2753 1354 2828 languore
1383 2755 1676 2814 detentum
1703 2767 1896 2815 sancta
1919 2757 2165 2832 synodus

567 2841 806 2899 removit
825 2859 858 2901 a
887 2844 1223 2904 sacerdotio.
1253 2846 1392 2904 Volo
1415 2856 1605 2906 autem
1626 2857 1780 2907 tuam
1806 2851 2166 2908 sanctitatem

570 2932 707 2990 utile
736 2930 813 3006 (l)
857 2934 1066 3006 aliquid
1098 2951 1559 3005 commemorare,
1606 2938 1756 3011 quod
1804 2939 1875 2995 ad
1920 2954 2166 3011 praesens

567 3026 814 3098 pertinet
838 3036 1075 3101 tempus.
1106 3028 1340 3097 Quando
1368 3029 1517 3087 enim
1541 3031 1601 3087 in
1625 3046 1822 3104 magna
1845 3030 2164 3089 Constanti-

466 3191 471 3197 .
569 3122 758 3194 nopoli
802 3130 994 3180 sancta
1021 3130 1208 3180 vestra
1247 3121 1502 3196 synodus
1524 3131 1858 3196 congregata
1895 3130 2002 3186 est.
2030 3132 2165 3180 tunc
2191 3149 2235 3209 (τ

571 3214 796 3286 quando
819 3215 1059 3273 Joannes
1085 3213 1168 3290 (2)
1195 3223 1283 3273 est
1303 3222 1618 3282 accusatus,
1639 3216 1843 3273 deinde
1861 3225 2015 3289 gesta
2033 3225 2166 3273 sunt

572 3324 746 3379 super
773 3323 841 3365 ω
868 3324 899 3364 a
926 3308 1116 3366 multis
1135 3309 1194 3364 in
1224 3309 1433 3380 scripto
1463 3311 1886 3376 commentaria,
1919 3325 2046 3368 cum
2075 3309 2166 3366 iu-

570 3409 761 3457 turum
791 3407 940 3457 esset
967 3411 1031 3458 ut
1057 3409 1248 3459 contra
1272 3417 1402 3459 eum
1433 3400 1685 3458 deiinitio
1711 3401 2079 3474 proferretur,
2109 3412 2168 3460 et

569 3505 753 3551 essem
785 3508 889 3567 ego
920 3509 1067 3550 unus
1107 3495 1409 3552 astantium
1454 3494 1528 3567 (3
1557 3497 1596 3561 l,
1644 3501 1765 3553 scio
1811 3510 1899 3552 me
1941 3496 2167 3554 audisse

573 3586 925 3642 sanctitatem
974 3592 1127 3642 tuam
1174 3594 1379 3643 sanctae
1434 3585 1646 3659 synodo
1704 3585 1787 3643 sic
1839 3586 2165 3645 dicentem:

574 3676 716 3746 Quia
740 3679 787 3735 si
808 3679 1000 3734 scirem
1035 3676 1178 3751 quod
1216 3695 1378 3744 nunc,
1411 3680 1458 3734 si
1485 3677 1685 3735 Ioanni
1705 3680 1918 3735 ueniam
1947 3679 2172 3753 largire-

572 3788 718 3850 μιν,
736 3769 926 3826 melior
948 3769 1100 3841 ﬁeret
1128 3769 1502 3844 semetipso,|et
1527 3771 1794 3827 recederet
1823 3789 1858 3827 a
1893 3773 2092 3829 duritia
2119 3781 2170 3828 et

575 3863 865 3935 asperitate
905 3878 1023 3935 qua:
1064 3865 1123 3922 in
1167 3879 1228 3919 eo
1271 3871 1370 3929 est,
1412 3879 1591 3919 omnes
1624 3879 1715 3919 vos
1761 3880 2034 3936 rogassem
2074 3882 2170 3937 pro

575 3971 659 4012 eo.
689 3955 1047 4013 admirabilis
1086 3971 1220 4029 ergo
1268 3955 1440 4013 etiam
1482 3955 1632 4013 circa
1659 3955 1768 4013 hoc
1794 3955 1999 4013 iterum
2024 3957 2174 4029 judi—

570 4057 699 4105 cata
729 4059 815 4106 est
836 4048 1102 4106 sanctitas
1141 4057 1258 4115 tua,
1292 4048 1499 4120 quippe
1529 4057 1594 4104 ut
1615 4064 1742 4120 quae
1781 4048 1990 4106 dixerit
2020 4049 2172 4106 veri.

573 4147 768 4196 tatem.
797 4138 943 4209 Quid
980 4139 1149 4213 igitur
1171 4138 1463 4205 oportebat
1495 4147 1744 4196 sanctam
1772 4140 2044 4212 synodum
2085 4139 2172 4198 fa-

492 4262 501 4271 -
572 4248 724 4296 cere.
749 4248 874 4304 quin
901 4232 1344 4305 impmnitcntem
1379 4239 1438 4290 et
1470 4233 1552 4290 sic
1591 4233 1934 4304 pertinacem
1965 4233 2176 4307 reperit

573 4324 733 4381 illum
757 4324 852 4396 qui
884 4332 1051 4382 recte
1075 4321 1206 4379 ﬁdei
1234 4323 1596 4395 repugnavit?
1623 4322 1896 4392 Quoniam
1930 4341 2061 4382 vere
2089 4325 2177 4381 dio

2254 551 2480 600 secutus
2507 539 2581 598 sit
2599 539 2760 606 illud,
2784 539 2960 597 altera
2974 553 3110 597 vero
3138 539 3392 613 quedam
3412 548 3472 599 et
3490 540 3845 616 degmatibus

2254 633 2515 694 Ecclesia:
2532 634 2826 707 peregrina
2853 633 3047 692 insane
3076 633 3308 692 auribus
3332 633 3642 694 insonuerit
3658 650 3842 710 popu-

2251 727 2455 786 lorum.
2485 727 2685 786 Actum
2711 734 2798 785 est
2815 726 2988 801 igitur
3017 728 3075 784 in
3106 727 3327 800 Epheso
3368 742 3538 801 super
3567 729 3677 788 hoc
3705 744 3844 802 pro-

2253 821 2440 893 prium
2471 828 2842 878 commentum
2880 829 3187 894 gestorum,
3230 819 3591 879 conﬂrmante
3634 822 3847 897 synodo

2253 911 2558 982 expositam
2586 908 2752 967 iidem
2779 925 2814 966 a
2841 909 3106 967 trecentis
3123 909 3314 968 decem
3340 918 3398 967 et
3426 919 3555 970 octo
3583 911 3849 970 Pstribus

2254 1002 2464 1060 nostris
2487 1002 2583 1076 qui
2605 1002 2752 1060 circa
2775 1016 2937 1059 suum
2966 1007 3185 1074 tempus
3216 1002 3296 1076 (ι)
3319 999 3378 1058 in
3401 1001 3584 1060 Nicen
3617 1016 3850 1076 congre-

2244 1094 2368 1166 gati
2395 1103 2546 1152 sunt.
2578 1093 2650 1151 Et
2686 1091 2866 1150 direxi
2891 1091 3020 1159 hoc,
3044 1099 3109 1147 ut
3139 1099 3234 1147 tua
3263 1090 3526 1149 sanctitas
3554 1085 3712 1148 bene
3745 1104 3846 1149 co-

2244 1194 2504 1258 gnoscat.
2523 1185 2664 1255 Quia
2679 1185 2830 1243 enim
2848 1191 3000 1242 recte
3017 1199 3077 1242 se
3093 1191 3262 1256 atque
3279 1181 3850 1254 irreprehensibilitor

2257 1275 2446 1344 habet,
2484 1279 2633 1336 clare
2661 1277 2780 1350 ipsa
2817 1275 2985 1334 lectio
3032 1275 3216 1333 docet.
3261 1275 3582 1348 Adjecimus
3624 1290 3758 1332 vero
3788 1281 3851 1332 st

2258 1377 2578 1427 sanctorum
2633 1370 3040 1442 beatorumque
3089 1369 3318 1426 Patruin
3377 1367 3695 1425 testimonia
3717 1407 3735 1434 ,
3784 1375 3852 1426 ut

2260 1462 2440 1520 sciant
2495 1461 2772 1520 adeuntes
2821 1461 3101 1535 quomodo
3157 1461 3537 1519 intellexerint
3589 1460 3672 1518 illi
3719 1458 3850 1519 ﬁdei

2261 1555 2569 1628 symbolum
2605 1555 2704 1628 qui
2748 1563 2808 1612 et
2847 1570 2953 1612 nos
2997 1555 3148 1628 ipsos
3190 1553 3474 1629 mysteriis
3504 1553 3850 1612 imbuerunt.

2262 1645 2434 1719 igitur
2459 1644 2594 1702 olim
2625 1652 2737 1701 tam
2774 1645 2883 1703 hoc
2915 1645 2986 1703 ab
3026 1643 3287 1702 omnibus
3327 1644 3496 1712 iacto,
3540 1659 3713 1718 quare
3737 1658 3852 1701 non

2263 1739 2438 1811 magis
2476 1746 2536 1795 et
2573 1739 2680 1811 ipsi
2714 1739 3074 1796 consentiunt
3099 1740 3124 1795 2
3154 1737 3213 1795 Si
3237 1737 3385 1796 enim
3415 1737 3566 1810 quod
3594 1737 3856 1795 omnibus

2261 1831 2470 1904 placuit
2497 1830 2568 1889 ab
2602 1831 2865 1889 omnibus
2893 1831 3278 1898 confirmetur,
3315 1829 3590 1888 obtinebit
3625 1829 3857 1888 omnino

2260 1936 2390 1994 pax,
2417 1919 2551 1977 dum
2579 1919 2807 1977 omnino
2842 1936 2876 1976 a
2916 1919 3072 1977 nullo
3112 1920 3165 1976 ei
3217 1920 3386 1978 fuerit
3423 1920 3854 1978 contradictum.

2260 2013 2436 2088 Igitur
2464 2022 2523 2071 et
2541 2015 2590 2070 si
2613 2014 2782 2072 nimis
2802 2015 2967 2088 plura
2996 2021 3056 2071 et
3078 2013 3240 2071 valde
3267 2013 3508 2086 pessima
3537 2021 3732 2071 contra
3753 2025 3862 2069 nos

2260 2106 2334 2163 ab
2352 2107 2436 2165 eis
2462 2106 2607 2164 facta
2629 2117 2781 2176 sunt,
2807 2114 2867 2165 et
2892 2106 3076 2164 omnis
3104 2105 3321 2179 species
3350 2105 3586 2162 adversa
3603 2099 3866 2162 humani-

2262 2198 2362 2256 tati
2399 2208 2612 2257 tentata
2654 2208 2764 2268 est,
2810 2198 2909 2262 sed
2954 2197 3376 2256 considerantes
3430 2198 3566 2270 quia
3620 2196 3736 2254 Deo
3790 2210 3862 2255 ao

2261 2293 2516 2363 piissimo
2557 2291 2846 2365 amicoque
2885 2290 3093 2349 Christi
3137 2290 3461 2363 imperatori
3503 2285 3859 2363 (placitum).

2260 2394 2321 2442 et
2352 2386 2536 2459 ipsum
2560 2401 2697 2443 vero
2714 2385 2865 2458 quod
2889 2384 3156 2443 Ecclesiis
3179 2384 3318 2442 utile
3345 2390 3453 2450 est,
3480 2392 3541 2440 et
3578 2391 3690 2439 tua
3729 2395 3860 2438 san-

2262 2469 2472 2537 ctitatis
2490 2478 2897 2536 admonitiones
2916 2478 3067 2536 omni
3092 2475 3406 2535 reverentia
3433 2474 3628 2550 dignas
3651 2473 3864 2531 haben-

2262 2577 2368 2637 tes,
2409 2579 2818 2642 consequenter
2847 2578 2912 2628 ut
2949 2570 3222 2628 fratribus
3270 2568 3601 2626 dimittimus
3641 2580 3765 2638 quas
3803 2563 3862 2622 in

2262 2679 2366 2720 nos
2411 2663 2830 2720 commiserunt.
2883 2661 3026 2719 illud
3076 2669 3264 2720 autem
3321 2659 3512 2733 potius
3559 2657 3864 2730 quaerimus

2263 2754 2412 2825 quod
2442 2755 2704 2812 omnibus
2743 2754 2969 2812 videtur
3014 2755 3160 2812 bene
3209 2762 3476 2825 recteque
3524 2767 3584 2810 se
3633 2749 3861 2808 habere.

2263 2843 2581 2918 Complacet
2619 2861 2756 2904 vero
2786 2848 2956 2904 etiam
2994 2846 3109 2906 Deo
3156 2845 3495 2904 amicissimo
3541 2842 3866 2916 imperatori

2265 2943 2330 2991 ut
2379 2937 2731 2994 consentiant
2781 2937 3116 3010 depositioni
3167 2934 3435 3001 Nestorii,
3493 2934 3866 2992 anathemati-

2266 3037 2459 3086 santes
2477 3030 2599 3102 ejus
2624 3028 2998 3104 blasphemias
3018 3038 3076 3089 et
3100 3030 3314 3104 polluta
3333 3029 3610 3103 dogmata.
3635 3029 3708 3086 Et
3724 3028 3868 3086 nihil

2267 3120 2417 3177 ultra
2441 3119 2732 3178 residuum
2758 3131 2847 3182 est
2871 3131 2935 3178 ut
2953 3121 3238 3180 contentio
3261 3120 3331 3178 de
3357 3119 3540 3178 medio
3561 3120 3866 3179 auferatur.

2266 3212 2582 3284 Recipient.
2622 3212 2770 3270 enim
2842 3212 3169 3286 semetipsas
3245 3211 3509 3271 Ecclesiae
3581 3211 3822 3269 invicem
3850 3252 3865 3280 ,

2265 3307 2492 3364 Christo
2519 3306 2604 3363 eis
2620 3305 2863 3365 donante
2891 3307 3183 3380 praemium
3215 3307 3389 3379 pacis.
3429 3303 3547 3362 Nec
3573 3319 3709 3362 vero
3730 3303 3868 3361 sim-

2268 3403 2489 3475 pliciter
2532 3402 2760 3474 quidem
2805 3402 3170 3460 alienantium
3216 3409 3275 3459 et
3324 3397 3868 3458 inconsideraton

2269 3503 2462 3551 contra
2490 3509 2593 3552 nos
2622 3501 2884 3551 evomant
2912 3495 3106 3562 verba,
3136 3509 3205 3551 ea
3225 3508 3351 3566 qum
3389 3498 3521 3549 sunt
3537 3489 3869 3564 Apollinarii

2268 3587 2358 3643 vel
2401 3586 2520 3643 Arii
2550 3587 2668 3644 sive
2695 3585 2957 3643 Eunomii
2983 3600 3072 3642 me
3098 3600 3295 3658 sapere
3321 3583 3696 3651 din‘amantes,
3725 3584 3871 3640 sicut

2271 3680 2331 3737 in
2354 3681 2575 3754 Epheso
2594 3680 3067 3754 conscripserunt.
3091 3681 3209 3753 Ego
3231 3695 3334 3752 per
3353 3677 3591 3753 gratiam
3616 3676 3868 3735 Salvato-

2272 3772 2352 3828 ris
2392 3788 2613 3845 semper
2643 3771 2722 3829 fui
2751 3781 2809 3829 et
2837 3772 3203 3839 orthodoxus,
3234 3770 3480 3829 nutritus
3506 3785 3642 3827 vero
3663 3785 3786 3827 sum
3813 3778 3872 3827 et

2273 3867 2422 3922 inter
2457 3882 2657 3924 manus
2699 3865 3139 3922 orthodoxorum
3187 3864 3382 3939 patris.
3429 3864 3500 3921 Et
3543 3877 3725 3936 neque
3774 3863 3870 3921 illa

2272 3974 2397 4030 quae
2432 3967 2564 4016 sunt
2585 3957 2913 4030 Apollinarii
2941 3958 3098 4029 sapui
3124 3971 3372 4029 unquam
3415 3973 3428 4010 :
3470 3953 3648 4011 absitl
3674 3967 3782 4010 nec
3803 3967 3871 4010 ea

2273 4067 2398 4122 quae
2427 4051 2658 4108 alterius
2683 4050 2985 4122 cujuslibet
3017 4049 3288 4107 haeretici.
3325 4049 3442 4106 [mo
3467 4063 3604 4106 vero
3634 4049 3870 4105 anathe-

2275 4145 2479 4201 matiso
2509 4144 2654 4202 illos.
2698 4144 2892 4217 Neque
2922 4143 3074 4200 enim
3111 4143 3477 4204 inanimatum
3507 4141 3635 4200 dico
3660 4141 3871 4200 Christi

2275 4253 2497 4311 corpus.
2522 4237 2809 4296 Conﬁteor
2850 4253 2988 4294 vero
3027 4237 3179 4310 quod
3223 4238 3530 4294 animatum
3570 4237 3643 4294 sit
3684 4236 3870 4294 anima

2277 4330 2555 4388 rationali.
2597 4330 2669 4386 Et
2687 4345 2870 4402 neque
2898 4329 3283 4388 confusionem
3329 4330 3420 4387 vel
3461 4331 3872 4389 confer-menta-

575 4416 656 4475 cit
681 4416 812 4491 quia
839 4423 1092 4488 oporteat
1114 4414 1218 4472 soli
1246 4413 1498 4489 symbolo
1516 4417 1859 4483 consentire,
1901 4416 1988 4473 vel
2020 4425 2173 4473 certe
2212 4499 2219 4500 γ
2278 4422 2486 4480 tionem
2513 4425 2602 4480 vel
2627 4421 2966 4480 refusionem
2989 4423 3191 4482 iactam
3215 4421 3509 4491 conﬁrmo,
3532 4423 3677 4482 sicut
3698 4425 3891 4500 aliqui.

577 4506 908 4579 expositioni
939 4504 1066 4562 ﬁdei
1097 4513 1474 4563 trecentorum
1499 4504 1692 4564 decem
1723 4514 1782 4564 et
1802 4517 1950 4575 octo,
1977 4517 2037 4565 et
2066 4524 2171 4581 ego
2203 4499 2248 4558 υ
2271 4514 2500 4583 dicunt;
2530 4516 3016 4573 inconvertibilem
3045 4532 3181 4574 vero
3210 4525 3266 4574 et
3295 4515 3701 4574 immutabilem
3733 4515 3869 4576 sub-

580 4599 652 4657 ad
681 4600 800 4657 haec
822 4599 948 4656 dico
970 4598 1102 4672 quia
1129 4598 1365 4656 intentio
1397 4598 1504 4655 fuit
1529 4615 1648 4656 una
1693 4609 1895 4657 sanctae
1935 4609 1995 4658 et
2040 4603 2172 4658 uni-

578 4692 780 4750 versati
801 4691 1010 4766 synodo
1034 4706 1159 4763 qua:
1186 4700 1513 4765 congregata
1530 4701 1618 4750 est
1648 4692 1706 4749 in
1742 4692 2024 4765 Ephesina
2049 4710 2172 4751 me-

579 4779 783 4853 tropoli
811 4787 873 4836 ut
894 4780 1204 4853 symbolum
1231 4779 1608 4850 conﬁrmaret,
1648 4790 1925 4855 quatenus
1960 4794 2019 4841 et
2049 4801 2172 4842 om-

579 4887 683 4930 nes
702 4872 778 4930 ita
809 4871 1210 4930 confiterentur
1239 4880 1297 4930 et
1322 4873 1621 4932 crederent
1659 4891 1724 4934 ac
1762 4876 2048 4943 docerent,
2073 4893 2175 4935 ne-

579 4981 691 5038 que
714 4965 930 5039 adjecto
953 4966 1224 5038 quolibet.
1252 4982 1435 5039 neque
1459 4967 1730 5026 detracto.
1763 4969 1887 5026 Non
1917 4970 2068 5027 enim
2086 4981 2173 5028 est

582 5057 823 5131 adjicere
848 5073 1018 5132 super
1039 5057 1199 5125 illud,
1227 5075 1335 5117 nec
1363 5067 1451 5117 est
1480 5061 1699 5119 auferre
1730 5062 1801 5118 ab
1822 5078 1912 5119 eo.
1935 5063 2172 5135 Propter

584 5140 694 5207 hoc
726 5151 875 5207 enim
913 5158 972 5207 et
1015 5159 1210 5208 contra
1248 5151 1568 5210 Nestorium
1608 5153 1859 5213 decrevit
1892 5156 2039 5213 sicut
2069 5157 2168 5229 qui

584 5256 699 5298 non
745 5241 984 5298 suaserit
1028 5241 1166 5299 illud
1188 5283 1206 5308 ,
1255 5244 1390 5314 quin
1435 5245 1620 5316 potius
1667 5247 1970 5306 removerit
2002 5255 2169 5320 atque

662 5397 741 5473 (Ι)
774 5397 1055 5476 Utile._Sic
1082 5415 1186 5476 nos
1206 5399 1644 5459 emendavimus.
1665 5402 1856 5476 Lupus
1876 5405 2024 5462 enim
2049 5408 2173 5464 edi-

590 5469 770 5536 derat,
798 5478 862 5524 ut
891 5469 1006 5537 ius,
1037 5471 1193 5527 nullo
1222 5487 1411 5529 sensu.

667 5541 744 5617 (2)
776 5540 1032 5617 Joannes.
1071 5540 1450 5617 Cognomento
1482 5541 1910 5617 Chrysostomus
1934 5589 1948 5612 ,
1987 5548 2173 5604 archi-

593 5611 2173 5739 ἓεέιεὲιῆνὲξδίὲἳὲίέἓῖξὲἓέἴὲίὲῗεῖἓέαέιξῖδὲθέὲἓειίίέίέξξὶῗ

596 5682 801 5756 synodi
815 5682 1017 5759 habite
1038 5682 1390 5759 in‘suburbio
1417 5682 1788 5759 Chalcedonis
1819 5682 2174 5759 quod'Quer-

600 5752 703 5818 cus
723 5753 1044 5829 vocabatur.
1089 5752 1328 5829 Cyrillus
1363 5755 1508 5829 hanc
1538 5756 1808 5829 synodum
1838 5752 2174 5815 vocatCon-

580 5823 1169 5896 'stantinopolitanani,
1205 5824 1333 5898 quia
1368 5823 1645 5885 Chalccdo
1688 5835 1774 5884 est
1813 5829 1992 5887 vicina
2032 5831 2177 5886 Con-

2276 4607 2473 4663 sistere
2514 4606 2820 4666 secundum
2867 4617 3123 4665 naturam
3155 4607 3256 4665 Dei
3285 4624 3600 4667 sermonem
3634 4610 3788 4676 novi,
3813 4618 3872 4668 et

2277 4699 2461 4755 omnis
2515 4699 2790 4770 passionis
2848 4676 3327 4786 i'nsusceptibilem
3382 4701 3689 4758 secundum
3737 4717 3869 4776 pro-

2277 4789 2454 4860 priam
2473 4798 2748 4849 naturam.
2779 4792 3123 4864 lmpassibile
3146 4793 3296 4850 enim
3331 4801 3418 4851 est
3441 4793 3590 4867 quod
3618 4795 3870 4853 divinum

2274 4891 2382 4950 est,
2406 4892 2464 4940 et
2485 4885 2865 4945 conversionis
2882 4886 3368 4944 obumbrationem
3393 4889 3623 4944 minime
3651 4887 3868 4947 sun‘ert.

2274 4976 2422 5045 Quin
2447 4978 2637 5050 potius
2663 4980 2965 5053 requiescit
2993 4981 3052 5038 in
3080 4981 3325 5053 propriis
3349 4980 3532 5040 bonis.
3555 4981 3683 5040 Hinc
3703 4982 3872 5041 habet

2275 5085 2412 5126 vero
2436 5069 2884 5142 inconvertibile,
2924 5074 2985 5130 in
3015 5073 3226 5147 quibus
3251 5082 3338 5132 est
3371 5074 3553 5149 (eius)
3593 5080 3868 5134 exsisteb-

2276 5160 2372 5216 tia.
2400 5159 2582 5220 Unum
2603 5178 2741 5220 vero
2761 5164 3021 5222 eumdem
3048 5163 3334 5222 Christum
3347 5157 3410 5221 et
3428 5165 3724 5222 Dominum
3747 5167 3872 5224 uni-

2274 5253 2521 5326 genitum
2545 5255 2646 5314 Dei
2673 5255 2894 5326 Filium,
2936 5257 3122 5330 ipsum
3159 5255 3286 5314 dico
3327 5273 3551 5329 passum
3573 5273 3678 5331 pro
3708 5257 3909 5362 nobis“

2282 5412 2659 5485 stantinopoli.

2355 5481 2571 5558 (ὅλιίξᾷο
2595 5501 2733 5540 unus
2762 5485 3077 5558 natantium.
3114 5485 3257 5542 Hinc
3288 5483 3868 5558 discimushCyt'illttm

2284 5552 2600 5611 interfuisse
2611 5555 2822 5630 synodo
2843 5556 2900 5611 in
2914 5564 3236 5630 qua'sanctu
3244 5555 3531 5630 sloannes
3543 5552 3871 5630 Chrysosto-

2284 5626 2656 5698 mnscxcepit
2689 5626 3018 5683 sententiam
3049 5626 3437 5698 depositionis.

2285 5765 2295 5774 υ
2355 5693 2374 5763 (
2387 5694 2430 5764 ι)
2455 5693 2610 5752 Circa
2632 5713 2789 5774 suum
2812 5705 3039 5768 tempus.
3062 5693 3249 5765 ld'est,
3275 5714 3370 5771 per
3392 5705 3654 5771 tempora,
3691 5703 3753 5754 ut
3771 5697 3868 5756 alii

2283 5767 2615 5835 interpretes
2638 5767 2799 5839 vulgo
2827 5767 3132 5826 verterunt.
