4116 6318
217 339 315 397 101
887 374 920 386 -

1597 326 1933 384 εΡιετοιΑ
1970 325 2210 384 XXXIV.

3419 323 3523 380 169

216 463 390 508 eane
421 446 735 505 secundum
777 443 1118 517 Scriptura.
1162 443 1281 500 sive
1323 440 1628 500 secundum
1671 440 1819 496 beati
1849 445 1897 505 Α
1924 440 2110 506 dictis,
2137 440 2234 511 qui
2255 452 2408 497 certe
2431 436 2666 496 subtiles
2680 441 3123 509 perscrutatores
3141 435 3521 508 sunt-dogma-

216 539 378 598 Petxi
435 550 635 594 vocem
660 536 728 591 ⁸³.
763 533 1151 608 Capitulorum
1204 547 1347 590 vero.
1394 531 1577 590 virtus
1626 539 1823 590 contra

215 631 341 689 acia
416 628 662 687 Nestorii
738 627 992 702 dogmata
1048 626 1382 699 scriptaest.
1459 623 1597 694 Qun
1665 623 1822 681 enim

214 719 314 777 ille
344 733 462 775 non
506 725 654 775 recte
677 716 818 774 dixit
844 732 910 774 ac
934 714 1191 788 scripsit,
1233 715 1357 788 ipsa
1397 713 1650 786 ejiciunt.
1710 712 1822 782 Qui

214 825 353 868 veru
393 809 868 872 anathematizant
898 816 1065 881 atque
1104 814 1310 881 negant
1350 807 1473 880 ejus
1511 805 1825 872 vesaniam,

212 903 527 961 cenabant
574 903 694 961 hac
743 917 868 975 qua
921 917 952 958 a
992 900 1158 959 nobis
1192 900 1404 972 scripta
1463 906 1596 956 sunt
1630 897 1819 955 incre-

211 1009 375 1067 pare.
413 995 701 1053 Videbunt
745 993 900 1051 enim
950 991 1321 1065 capitulorum
1367 1007 1533 1049 sensa
1566 989 1702 1048 solis
1749 988 1823 1044 il—

212 1084 330 1143 lius
370 1087 653 1143 contraire
699 1084 1076 1157 blasphemiis.
1112 1082 1350 1140 Reddita
1392 1096 1528 1139 vero
1569 1094 1821 1137 commu-

215 1175 389 1234 nione
421 1177 703 1249 tactaque
742 1173 889 1233 inter
934 1175 1212 1232 Ecclesias
1254 1188 1412 1247 pace,
1455 1171 1684 1244 quando
1727 1188 1817 1229 re-

214 1269 472 1326 scribere
518 1269 728 1341 absque
774 1268 1126 1341 suspectione
1175 1268 1420 1336 licuerit,
1469 1268 1561 1324 vel
1603 1266 1688 1324 eis
1720 1265 1818 1338 qui

214 1357 332 1417 illic
369 1368 504 1418 sunt
532 1359 603 1416 ad
627 1376 752 1427 nos,
791 1360 884 1418 vel
921 1359 1084 1416 nobis
1107 1374 1302 1416 rursus
1337 1359 1409 1416 ad
1443 1373 1561 1426 eos,
1591 1349 1735 1416 tunc'
1759 1363 1820 1415 et

214 1447 626 1510 satisfacientes
669 1449 953 1509 facillime.
980 1449 1335 1524 Quacumque
1368 1452 1596 1515 omnino
1621 1464 1817 1507 eorum

211 1559 337 1618 qua
366 1561 400 1600 a
431 1544 602 1601 nobis
623 1544 833 1616 scripta
878 1550 1007 1600 sunt
1043 1551 1196 1601 recte
1218 1557 1334 1599 non
1363 1542 1755 1615 intelliguntur
1783 1557 1815 1597 a

209 1637 578 1711 quibusdam,
608 1646 668 1693 et
695 1636 815 1694 hec
836 1635 1376 1693 excandidabuntur.
1401 1633 1818 1693 Satisfaciemus

205 1728 384 1795 enim,
417 1729 536 1786 Deo
587 1725 830 1792 favente,
880 1742 996 1784 non
1029 1727 1140 1801 jam
1172 1725 1318 1784 sicut
1352 1726 1813 1800 repugnantibus,

1927 541 2043 589 tum
2065 531 2402 588 divinorum.
2426 530 2496 587 Et
2526 529 2669 587 illud
2707 537 2894 586 autem
2905 542 3089 600 super
3107 527 3228 585 hac
3253 536 3349 585 tua
3386 528 3521 585 reli-

1919 625 2147 698 giositas
2183 626 2408 697 cogitet,
2453 623 2586 696 quia
2636 630 2858 696 oportet
2885 622 2964 678 ila
3011 621 3270 692 componi
3323 635 3517 691 pacem

1920 718 2035 772 Deo
2064 716 2528 774 amicissimorum
2552 707 2942 789 episcoporum
2954 721 3039 778 ,ut
3057 727 3170 772 non
3192 711 3291 767 ulli
3319 711 3517 784 displi-

1921 815 2044 863 ceat
2071 822 2269 863 eorum
2299 807 2397 878 qui
2430 822 2530 878 per
2557 814 2779 862 omnem
2808 805 3184 861 Romanorum
3210 812 3343 859 sunt
3365 804 3521 875 prin-

1921 899 2189 971 cipatum,
2211 905 2270 955 et
2297 897 2634 955 universalis
2667 896 2784 962 ﬂat,
2801 912 2873 952 ne
2901 896 3133 952 minima
3158 895 3401 952 scissura
3425 896 3518 952 in-

1918 998 2111 1062 gentes
2132 991 2324 1062 plures
2347 991 2482 1046 alias
2508 988 2696 1046 faciat.
2717 988 2957 1046 Omnino
2977 987 3126 1044 enim
3150 1003 3262 1043 non
3280 1000 3519 1044 consen-

1918 1081 2060 1137 tient
2081 1082 2126 1138 si
2158 1082 2265 1138 tale
2294 1081 2505 1154 aliquid
2528 1080 2698 1145 fuerit
2719 1081 2925 1137 factum
2952 1080 3103 1151 quod
3127 1094 3242 1135 non
3275 1094 3518 1151 sequens

1916 1174 2194 1230 videatur.
2247 1175 2317 1230 Et
2349 1174 2587 1230 maxime
2617 1168 2724 1230 hoc
2749 1172 2982 1244 cogitari
3009 1179 3250 1244 oportet.
3281 1170 3517 1228 Cunctis

1918 1278 2157 1336 namque
2190 1265 2530 1322 instantibus
2559 1266 2618 1321 in
2641 1266 2884 1336 Epheso,
2914 1271 2973 1319 et
3013 1278 3126 1319 non
3150 1263 3517 1335 acquiescen—

1918 1358 2068 1414 tibus
2095 1358 2509 1415 communicare
2535 1358 2624 1413 his
2651 1358 2747 1429 qui
2773 1373 2843 1414 ex
2874 1354 3101 1413 Oriente
3131 1363 3517 1427 sunt,'propo-

1915 1451 2184 1508 nentibus
2207 1466 2339 1506 vero
2363 1451 2495 1522 quia
2519 1465 2631 1506 non
2661 1450 2770 1506 erit
2803 1443 2959 1520 p‘rius
2984 1448 3091 1503 hoc
3114 1446 3222 1502 nisi
3248 1461 3514 1518 suscepe-

1917 1547 2028 1602 rint
2073 1544 2476 1616 depositionem
2531 1543 2772 1599 Nestorii
2819 1549 2878 1598 et
2922 1540 3517 1598 anathematizaverint

1916 1636 2210 1693 nobiscum
2241 1636 2497 1709 dogmata
2527 1636 2670 1707 ejus,
2711 1634 3014 1705 quomodo.
3045 1633 3155 1690 nisi
3197 1633 3306 1690 hoc
3342 1633 3515 1691 fuerit

1917 1728 2145 1794 factum,
2172 1743 2236 1784 ea
2261 1744 2384 1800 qua
2403 1727 2470 1783 ad
2493 1725 2940 1783 communionem
2958 1725 3242 1797 pertinent
3263 1726 3515 1782 stabunt?

206 1818 304 1875 aed
342 1817 820 1885 sicutl‘ratribus,
855 1818 988 1890 quia
1026 1798 1212 1877 omnia
1250 1826 1402 1875 recte
1441 1798 1702 1878 habeant.
1745 1819 1817 1874 Et
1845 1798 1888 1854 Β
1914 1820 2048 1888 Quis
2075 1827 2260 1876 autem
2279 1798 2402 1876 non
2430 1819 2693 1875 clamabit
2722 1828 2918 1876 contra
2941 1834 3065 1884 nos,
3097 1818 3231 1875 dum
3255 1820 3516 1890 perdide-

204 1924 406 1966 eorum
435 1924 566 1982 qua
587 1909 918 1982 scripsimus
951 1924 1071 1975 nos,
1095 1908 1339 1966 Nestorii
1360 1907 1614 1980 dogmata
1636 1909 1818 1980 impu-

207 1998 646 2076 gnantes,__nibil
674 2007 761 2055 est
782 1998 1011 2055 omnino
1044 1997 1192 2070 quod
1222 1997 1475 2055 dissonet
1498 1999 1587 2055 vel
1606 1999 1816 2055 sanctis

203 2075 526 2163 'Seripturis
561 2091 652 2146 vel
691 2097 848 2147 certe
888 2089 1016 2148 ﬁdei
1054 2088 1367 2147 deﬁnitioni
1405 2105 1529 2162 qua:
1566 2090 1816 2163 exposita

209 2190 294 2238 est
315 2199 350 2238 a
385 2181 602 2240 sanctis
622 2181 918 2239 Patribus:
955 2180 1079 2238 dico
1097 2190 1282 2238 autem
1304 2180 1415 2238 illis
1436 2182 1533 2252 qui
1554 2182 1610 2238 in
1633 2181 1816 2238 Nicaea

213 2276 312 2332 suo
341 2284 600 2347 tempore
624 2275 963 2348 congregati.
979 2282 1129 2331 sunt.
1155 2274 1358 2332 Nostra
1382 2273 1551 2346 igitur
1578 2273 1815 2331 intentio

210 2367 278 2423 ad
305 2382 506 2440 pacem
547 2382 610 2424 se
648 2367 822 2425 habet
845 2381 960 2424 non
992 2367 1262 2439 impetere
1299 2382 1425 2439 quae
1455 2375 1586 2423 sunt
1609 2365 1813 2430 deﬁni-

211 2467 285 2521 ta.
315 2457 396 2513 ita
429 2457 700 2515 videlicet
741 2458 788 2514 si
832 2454 1075 2517 Nestorii
1109 2457 1444 2531 depositioni
1495 2458 1814 2515 consentire

209 2547 492 2606 voluerint
521 2555 582 2603 et
627 2549 1099 2606 anathematizare
1143 2549 1518 2606 contaminata
1555 2548 1813 2622 dogmata

209 2639 329 2711 ejus
371 2649 436 2694 et
486 2639 904 2696 communicare
955 2646 1016 2716 at
1061 2638 1132 2696 ad
1183 2639 1542 2696 concordiam
1594 2640 1810 2706 venire,

209 2729 436 2789 Christo
460 2731 692 2803 iuvante
715 2733 786 2788 ad
811 2732 981 2798 idem,
1005 2731 1102 2804 qui
1125 2741 1214 2788 est
1251 2747 1358 2804 pax
1391 2739 1583 2788 nostra
1610 2746 1812 2804 secans

211 2821 341 2878 dum
369 2821 716 2894 Scripturas.
752 2823 851 2880 Eis
877 2838 1012 2883 vero
1057 2823 1152 2896 qui
1188 2823 1384 2880 dicunt
1429 2825 1560 2896 quia
1595 2830 1814 2896 oportet

210 2915 335 2988 ejici
354 2932 426 2973 ea
456 2932 583 2989 qua:
626 2923 823 2974 contra
852 2916 1062 2988 polluta
1093 2917 1334 2974 Nestorii
1376 2917 1630 2990 dogmata
1671 2916 1814 2973 scri-

211 3009 425 3084 psimus
446 3010 636 3065 nullus
661 3009 994 3080 acquiescet.
1018 3008 1381 3081 Apertissime
1396 3009 1544 3065 enim
1564 3008 1814 3081 elingues

1917 1913 2094 1968 rimus
2112 1913 2326 1969 animas
2344 1921 2584 1978 nostras,
2604 1920 2662 1968 et
2679 1908 3068 1985 negaverimus
3093 1920 3299 1969 rectam
3322 1911 3511 1980 ﬁdem,

1915 2013 1972 2061 et
1993 2019 2117 2076 quae
2151 2012 2302 2062 recte
2337 2003 2486 2060 dicta
2517 2003 2783 2060 omnibus
2811 2002 3147 2076 placuerunt
3184 2019 3290 2060 nos
3328 2006 3512 2077 ejece-

1915 2098 2113 2164 rimus,
2163 2089 2562 2169 tanquamnon
2591 2105 2741 2152 recte
2766 2097 2878 2152 sint
2904 2094 3090 2154 dicta?
3120 2096 3318 2153 Annon
3344 2111 3514 2168 Opor-

1917 2199 2016 2257 tet,
2045 2189 2187 2249 l‘acta
2208 2205 2366 2262 pace,
2394 2205 2500 2246 nos
2527 2189 2794 2262 epistolas
2823 2188 3047 2246 mittere
3074 2175 3164 2246 bis
3183 2190 3280 2261 qui
3305 2189 3514 2262 ubique

1915 2297 2084 2353 super
2105 2281 2246 2337 alios
2277 2280 2727 2353 religiosissimos
2751 2279 3045 2353 episcopos
3066 2281 3334 2348 eminent,
3363 2292 3425 2338 ut
3454 2289 3515 2340 et

1916 2372 2021 2444 ipsi
2061 2372 2370 2429 concordes
2393 2372 2579 2430 eﬂ‘ecti
2624 2371 2865 2430 reddant
2897 2374 2981 2430 eis
3023 2375 3516 2432 communionem?

1914 2457 2125 2515 Deinde
2150 2459 2279 2530 quis
2305 2459 2379 2515 sit
2407 2459 2506 2531 qui
2528 2461 2612 2516 eis
2637 2460 2872 2520 suadeat
2895 2462 2943 2523 si
2981 2464 3115 2536 quid
3152 2463 3361 2521 factum
3387 2465 3512 2522 fue-

1915 2550 1992 2606 rit
2021 2561 2226 2621 praetcr
2249 2552 2399 2624 quod
2426 2553 2689 2610 omnibus
2716 2553 2919 2627 placet,
2972 2566 3030 2612 et
3075 2557 3131 2612 in
3172 2573 3284 2629 quo
3314 2572 3514 2617 omnes

1914 2639 2252 2708 institerant,
2298 2651 2360 2698 ut
2400 2651 2688 2715 oporteret
2727 2640 3043 2716 depositum
3076 2645 3272 2703 haberi
3314 2646 3516 2706 Nesto-

1914 2732 2060 2790 rium
2085 2741 2145 2789 et
2185 2733 2653 2793 anathematizare
2694 2734 3104 2794 inanissimam
3141 2738 3266 2812 ejus
3298 2737 3513 2797 doctri-

1913 2839 2064 2893 nam,
2097 2825 2233 2898 quin
2268 2819 2456 2899 potius
2475 2827 2869 2886 verbositatem
2899 2841 3094 2886 contra
3118 2832 3370 2889 omnium
3411 2849 3518 2891 no-

1913 2927 2092 2975 strum
2151 2917 2493 2976 Salvatorem
2543 2919 2730 2977 Iesum
2766 2919 3096 2990 Christum?
3139 2921 3518 2999 Contristatos

1913 3023 2048 3064 vero
2085 3009 2255 3065 nimis
2295 3016 2353 3065 et
2400 3008 2832 3066 intolerabiliter
2869 3008 3123 3068 dolentes
3159 3020 3389 3084 propter
3417 3013 3513 3071 illa

211 3115 313 3196 nos
335 3115 466 3157 esse
488 3099 686 3155 volunt
715 3099 868 3155 illius
899 3096 1279 3196 blasphemiis,
1311 3103 1642 3196 cunctorum
1660 3113 1808 3153 nun-
1833 3136 1879 3196 ο
1914 3114 2037 3170 que
2065 3106 2261 3172 contra
2289 3115 2379 3156 me
2423 3108 2576 3173 gesta
2611 3107 2741 3157 sunt
2782 3099 2856 3157 ab
2885 3099 3266 3196 Orientalibus
3302 3111 3412 3160 tam
3442 3120 3513 3163 ex

214 3190 475 3248 dinantes
507 3190 966 3246 taciturnitatem.
1014 3187 1125 3244 Aut
1157 3186 1358 3245 forsan
1384 3189 1574 3260 magis
1613 3195 1673 3244 et
1705 3201 1812 3244 nos
1839 3186 1878 3196 “
1915 3190 2067 3246 clero
2084 3189 2430 3248 Alexandria
2450 3206 2618 3262 quam
2639 3201 2874 3249 cunctos
2892 3188 3231 3267 Agyptiacc
3253 3195 3515 3256 dimcesis

221 3279 644 3353 pemadendos
719 3287 980 3352 reputant
1038 3289 1102 3336 ut
1156 3293 1225 3336 ea
1276 3290 1403 3352 quas
1464 3288 1596 3336 sunt
1660 3279 1815 3336 illius

217 3372 519 3446 mphmus,
555 3371 602 3427 si
635 3386 760 3444 qua
802 3383 993 3427 nostra
1020 3376 1149 3427 sunt
1187 3368 1528 3442 abnegemus
1561 3375 1713 3426 recte
1753 3384 1814 3426 se

217 3473 380 3534 atque
425 3461 780 3518 immaculata
813 3459 1074 3517 habentia
1105 3467 1163 3517 et
1185 3451 1378 3518 contra
1421 3458 1572 3515 illius
1615 3473 1814 3515 vocum

216 3555 495 3610 novitates
549 3553 752 3610 stantia
806 3553 875 3610 ⁸⁵.
938 3553 997 3610 Si
1065 3569 1200 3612 vero
1257 3552 1480 3609 illorum
1540 3550 1640 3624 qui
1699 3550 1816 3608 illic

218 3656 344 3703 sunt
387 3644 642 3718 quidam,
692 3646 999 3703 secundum
1054 3647 1204 3718 quod
1244 3646 1328 3704 eis
1351 3644 1595 3711 videtur,
1620 3642 1811 3700 detra—

217 3731 357 3793 hat
387 3735 694 3808 aliquibus,
727 3735 800 3793 ad
838 3753 904 3795 ea
938 3753 1062 3810 qua
1100 3753 1207 3795 nec
1239 3736 1502 3794 convenit
1529 3743 1810 3792 transver-

219 3836 398 3886 tentes
423 3844 626 3887 sensus
653 3845 872 3897 eorum,
909 3829 1090 3887 sciant
1110 3830 1242 3903 quia
1263 3838 1468 3901 praeter
1485 3841 1681 3884 omnes
1714 3827 1813 3897 qui

221 3920 276 3976 in
303 3928 423 3977 toto
443 3921 588 3978 orbe
609 3931 742 3978 sunt
765 3923 870 3980 soli
903 3924 960 3980 bi
989 3929 1374 3997 perpetrantes
1397 3918 1639 3991 sapiunt.
1661 3917 1809 3975 Con-

219 4019 516 4076 cnaerunt
544 4012 695 4068 enim
732 4011 823 4068 his
847 4027 972 4084 quae
1009 4027 1042 4068 a
1079 4011 1246 4069 nobis
1284 4009 1431 4067 facta
1457 4017 1610 4075 sunt,
1633 4016 1811 4080 atque

220 4101 579 4174 censentium
616 4103 886 4170 universi,
935 4110 992 4164 et
1034 4113 1188 4161 recte
1236 4117 1298 4161 se
1347 4101 1704 4170 habeatibus,
1756 4109 1817 4159 et

1911 3279 2206 3354 episcopos
2254 3281 2705 3354 religiosissimos
2765 3286 2848 3340 sic
2902 3283 3182 3357 mitigavit
3251 3284 3514 3344 dominus

1915 3389 2072 3431 meus
2098 3374 2618 3432 admirandissimus
2639 3374 2904 3433 tribunus
2927 3373 3258 3445 Aristolaus,
3278 3384 3341 3434 ut
3368 3379 3512 3436 mihi

1915 3465 2086 3522 etiam
2110 3466 2449 3524 levissimam
2481 3467 2637 3540 pacis
2672 3466 2942 3526 facienda
2968 3465 3228 3526 reddent
3251 3470 3398 3526 viam
3452 3481 3514 3529 et

1917 3573 2112 3617 omnes
2135 3559 2394 3616 venirent
2417 3559 2476 3616 in
2499 3559 2819 3633 huiusmodi
2840 3561 3202 3618 voluntatem.
3241 3559 3312 3617 Et
3331 3561 3511 3633 pluri—

1917 3665 2071 3707 mum
2117 3649 2342 3722 quidem
2390 3664 2479 3707 me
2522 3648 2705 3707 fateor
2754 3650 2878 3723 ejus
2918 3649 3337 3707 admirabilitati
3386 3665 3511 3707 esse

1915 3741 2251 3809 debitorem,
2283 3741 2416 3815 quia
2442 3741 2610 3798 modo
2632 3740 2770 3798 mihi
2801 3741 2877 3798 sit
2897 3745 3206 3813 cooperans
3233 3739 3304 3797 ad
3322 3740 3510 3798 omnia

1916 3843 1973 3889 et
1997 3832 2442 3905 competentibus
2465 3832 2776 3889 rationibus
2799 3847 2926 3905 qua
2947 3829 3358 3889 conti-latebant
3377 3829 3512 3887 abo-

1917 3924 2134 3981 leverit.
2169 3923 2360 3981 Saluta
2400 3923 2814 3982 fraternitatem
2858 3938 2982 3996 qua
3020 3922 3169 3996 apud
3203 3929 3384 3980 teest.
3428 3920 3509 3982 Ta
3627 4009 3630 4012 ἢ

1917 4030 2040 4086 quae
2062 4015 2350 4074 nobiscum
2379 4023 2465 4074 est
2484 4015 2807 4074 fraternitas
2829 4015 2888 4073 in
2911 4015 3148 4073 Domino
3175 4015 3401 4074 salutat.

1460 4386 1612 4461 eo“
1647 4388 1995 4473 ms'rou‘
2022 4387 2264 4447 xxxrv.

1298 4537 1364 4577 an
1389 4537 1658 4579 usuum
1688 4539 1994 4583 causam
2025 4537 2314 4579 amcam
2347 4519 2447 4594 (l).

505 4660 737 4720 Nm
767 4659 912 4736 quod
933 4662 1164 4717 mitto
1201 4677 1323 4716 non.
1356 4660 1543 4732 recipit
1581 4661 1962 4734 propositiones
1991 4663 2110 4735 qua
2132 4679 2164 4717 α
2199 4658 2409 4716 Joanne
2433 4658 2755 4715 Antiochus
2772 4663 2896 4712 sant
2918 4654 3218 4712 destinato.

289 4800 554 4861 Piiaaimo
581 4805 642 4856 et
665 4800 913 4855 amatore
941 4794 1152 4854 Christi
1175 4796 1512 4867 imperatore
1537 4795 1813 4868 dirigente
1845 4805 1891 4861 ι)
1913 4815 2004 4857 me
2037 4797 2301 4860 dominus
2320 4811 2481 4853 meus
2510 4793 3041 4867 religiosissimns'et
3067 4791 3316 4865 optimus
3332 4807 3507 4863 sena;

225 4896 514 4955 dominum
569 4903 757 4948 meum
797 4889 1274 4974 mirandissimum
1315 4888 1606 4945 tribunum
1651 4898 1814 4945 nota-

228 4987 482 5055 riumque
525 4980 888 5047 Aristolaum,
931 4978 1311 5036 Christianum
1353 4977 1562 5042 virum,
1614 4984 1673 5032 et
1713 4992 1813 5049 pro

227 5075 376 5130 recta
403 5071 516 5128 ﬁde
554 5069 716 5127 valde
749 5075 1077 5135 certantem,
1121 5073 1187 5123 ut
1210 5065 1283 5123 ad
1307 5079 1504 5138 pacem
1527 5065 1817 5136 copularet

229 5163 525 5230 Ecclesiae,
549 5169 608 5219 et
637 5159 918 5218 scribente
941 5159 1090 5219 clare
1115 5157 1268 5232 quod
1301 5156 1686 5215 Antiochenus
1712 5157 1812 5216 de-

228 5257 384 5315 beret
414 5253 948 5328 pﬁua.subaeribere
975 5252 1207 5326 quidem
1225 5249 1467 5308 Nestorii
1496 5248 1812 5307 damnatio-

229 5364 376 5416 nem,
400 5348 869 5406 auatbematiaare
898 5361 1035 5405 vero
1053 5345 1287 5404 scelesta
1307 5343 1431 5416 eius
1450 5341 1708 5415 dogmata
1757 5353 1814 5400 et

233 5450 362 5498 tunc
401 5441 854 5498 communionem
895 5445 1147 5496 nostram
1188 5451 1460 5508 querere,
1490 5434 1710 5506 scripsit
1739 5437 1809 5493 ad

299 5595 347 5630 ⁸³
373 5595 397 5652 1
420 5595 569 5653 Petr.
604 5611 682 5663 tv,
711 5597 761 5652 l.
835 5594 1087 5651 “l'l‘im.
1115 5610 1189 5660 vr,
1216 5594 1308 5650 20.

1913 4891 2208 4963 episcOpus
2245 4887 2482 4945 Aeacius
2522 4887 2886 4958 incongruam
2918 4884 3215 4957 quamdam
3244 4890 3505 4961 proposi-

1913 4980 2320 5052 tionem,3quasi
2344 4977 2413 5036 ab
2432 4976 2680 5034 Orientis
2706 4976 3005 5049 episcopis,
3026 4975 3202 5049 magis
3224 4985 3433 5046 autem,
3457 4982 3505 5038 si

1911 5079 2135 5143 Oportet
2162 5070 2349 5126 dicere
2376 5067 2690 5133 veritatem,
2731 5066 2804 5122 ab
2846 5066 2931 5122 eis
2961 5066 3058 5138 qui
3097 5080 3167 5122 ea
3209 5082 3335 5139 qua
3376 5080 3508 5128 sum

1909 5162 2152 5222 Nestorii
2203 5168 2464 5234 saperent
2500 5175 2514 5214 :
2545 5173 2674 5216 nam
2710 5157 2847 5214 dum
2885 5171 2986 5215 eos
3024 5165 3309 5229 oporteret
3344 5161 3506 5233 aequi

1916 5251 2067 5326 quod
2094 5250 2371 5324 congruit,
2398 5258 2457 5305 et
2483 5245 2677 5323 (juxta)
2703 5245 3068 5303 intentionem
3090 5246 3327 5320 piissimi
3347 5249 3508 5321 prin-

1919 5345 2060 5418 cipis
2110 5343 2471 5414 omniumque
2532 5338 2971 5397 orthodoxorum
3031 5338 3508 5398 anathematizare

1916 5438 2151 5496 scelesta
2170 5436 2411 5494 Nestorii
2435 5435 2712 5507 dogmata,
2733 5447 2766 5490 e
2782 5433 3067 5490 contrario
3090 5440 3287 5506 petunt
3307 5447 3510 5494 vacare

301 5749 376 5816 ll)
399 5751 482 5810 Ex
513 5752 792 5816 Svnodico
833 5751 957 5809 adv.
984 5762 1122 5822 trag.
1157 5753 1367 5823 lrenaei,
1392 5769 1444 5812 c.
1477 5753 1599 5810 l08.
1630 5752 1803 5812 Mansi
1839 5753 1902 5823 ν,
1933 5753 2058 5811 887.
