4116 6318
717 284 816 341 165

1713 279 1772 339 S.
1811 277 2086 336 CYRIL'LI
2123 279 2587 338 ALEXANDle
2623 279 2940 338 ARCHIEP.

3872 285 4008 344 164

718 401 976 456 universa
1003 415 1126 471 quae
1157 415 1188 456 a
1211 401 1372 458 nobis
1400 400 1600 470 scripta
1628 404 1758 454 sunt
1776 398 1892 453 sive
1916 397 1975 453 in
1995 400 2159 455 tomis
2181 400 2294 454 sive
2323 406 2370 460 Α
2396 398 2580 455 bimus
2600 415 2665 456 ea
2685 413 2808 469 quae
2841 407 2970 454 sunt
2995 397 3256 464 Nestorii,
3281 407 3338 454 et
3379 397 3586 454 erimus
3625 398 4008 458 admirantes

717 493 772 546 in
796 491 1330 562 conscriptionibus;
1359 501 1418 548 et
1437 491 1536 557 sic,
1555 487 1830 560 inquiunt,
1855 486 2114 544 Ecclesiae
2133 502 2287 544 com-

717 582 1080 638 municabunt
1100 583 1166 639 ad
1189 584 1446 638 invicem.
1475 582 1590 637 Hoc
1612 589 1794 636 autem
1819 579 1972 634 clare
2001 578 2188 635 dicere
2207 585 2292 634 est

717 674 862 746 quod
888 685 1140 746 oporteat
1166 692 1265 732 nos
1291 684 1494 732 rectam
1525 673 1688 730 ﬁdem
1714 673 1988 744 denegare
2021 680 2077 728 et
2101 673 2292 728 Nesto-

719 768 787 824 rii
813 769 1126 824 consentire
1153 768 1529 838 blasphemiis.
1560 765 1616 822 Si
1640 765 1789 822 enim
1821 774 2012 822 nostra
2036 765 2293 822 extermi-

719 875 934 925 namus,
977 875 1099 930 quae
1141 875 1198 915 se
1237 859 1378 915 bene
1426 858 1636 915 habent
1677 867 1735 914 et
1778 857 2294 928 inexprobrabiliter

719 962 972 1008 asserunt
995 951 1281 1006 veritatem
1305 960 1363 1006 et
1391 961 1558 1008 recta
1580 949 1703 1006 iidei
1734 949 1994 1018 militant,
2016 949 2292 1022 approba-

2389 493 2511 565 ejus
2538 493 2823 548 insaniam.
2861 489 2970 547 Sed
3015 491 3234 547 illorum
3275 490 3499 562 quidem
3527 490 4006 562 propositionem

2386 581 3134 640 intelleximus.-Contristati
3161 583 3307 640 enim
3351 591 3481 638 sunt
3519 584 3666 654 quod
3697 583 4004 656 blasphe-

2389 687 2577 733 maute
2605 675 2880 742 Nestorio,
2915 675 2984 731 ab
3006 675 3330 732 orthodoxis
3370 684 3560 732 contra
3585 690 3712 732 eum
3747 692 4005 735 sermo-

2388 781 2489 821 nes
2522 766 2711 836 scripti
2764 773 2893 822 sunt
2940 774 2997 820 et
3045 765 3311 837 epistolae.
3363 765 3552 834 Qualia
3587 781 3721 823 vero
3759 775 3822 824 et
3874 783 4004 826 nos

2389 857 2776 928 scripserimus
2819 858 2959 914 sciet
2985 867 3078 914 tua
3105 858 3391 928 perfectio,
3426 858 3555 914 dum
3579 858 3782 930 legeris
3806 860 4001 930 paria

2389 963 2606 1005 eorum.
2629 949 2712 1005 0h
2739 950 2846 1006 hoc
2877 950 3027 1006 enim
3060 957 3168 1006 tua
3187 950 3284 1006 illa
3305 949 3651 1023 religiositati
3675 949 3893 1008 direxi.

1729 1224 1907 1309 θεολ
1945 1235 2281 1294 EPISTOLA
2316 1238 2510 1296 xxxv
2550 1237 2646 1309 (oi.
2685 1237 3012 1312 XXXI).~(l)

716 1375 740 1401 θ
765 1390 976 1432 JOANNIS
1008 1390 1326 1434 Απτιοοιιειιι
1356 1391 1591 1432 εριεεοιιι
1624 1390 2059 1440 εετειιοιιυιιουε
2085 1392 2171 1440 QUI
2206 1393 2309 1433 CUI
2357 1394 2479 1435 ILLO
2516 1394 2693 1434 εεΑιιτ
2723 1394 2789 1433 ΑΙ)
2831 1393 3037 1434 ιγετωί
3081 1392 3370 1436 ειηοοορυκ
3397 1394 3675 1448 ιιοιλιωι,
3702 1395 3993 1440 mnum

1531 1461 1935 1501 ALEHNDBINU!
1963 1462 2030 1500 ΕΤ
2063 1463 2396 1504 ΙΔΧΙΙΙΔΝυΙ
2427 1463 3122 1506 εοιιετλκτιηοιιοιιηιωι.

791 1586 1023 1641 Probare
1043 1603 1097 1642 se
1143 1587 1420 1641 declarant
1451 1584 1788 1659 depositionis
1800 1586 2126 1659 _sententiam
2169 1605 2200 1642 a
2233 1595 2418 1642 sancta
2452 1589 2651 1659 synodo
2675 1585 3246 1659 advqsuerestoriunt
3274 1586 3573 1659 prolatam,
3595 1606 3797 1646 necnon
3817 1591 3989 1647 blu-

1245 1659 1459 1728 pliemas
1499 1657 1613 1725 ejus
1645 1655 1912 1708 doctrinas
1943 1660 2419 1726 anathematizare,
2441 1655 2501 1711 εἰ
2521 1659 2766 1713 assentiri
2799 1657 3105 1712 Maximiani
3133 1655 3470 1714 ordtnntioni.

793 1810 1165 1870 Sanctissimis
1220 1813 1444 1883 Deoque
1495 1812 1868 1869 dilectissimis
1929 1811 2192 1869 fratribus
2243 1821 2302 1869 et

2468 1817 2594 1880 Τοῖς
2637 1817 2959 1882 δσιωτάτοις
2984 1817 3078 1873 καὶ
3112 1817 3548 1888 θεοφιλεστάτοις
3582 1814 3842 1886 ἀδελφοῖς
3879 1816 3988 1873 καὶ

717 1903 1202 1962 consacerdotibus
1229 1902 1422 1974 Xysto,
1453 1902 1660 1976 Cyrillo
1683 1913 1741 1958 et
1759 1901 2106 1966 Maximiano,
2127 1901 2294 1957 Joan-

718 2012 819 2052 nes
856 2005 913 2051 et
953 1994 1150 2065 reliqui
1190 2009 1383 2050 omnes
1415 1995 1511 2064 qui
1545 2008 1762 2050 mecum
1793 2000 1941 2058 sunt,
1976 1992 2033 2046 in
2066 1992 2298 2046 Domino

721 2088 971 2145 salutem.
1538 2115 1540 2118 ν
1751 2065 1782 2094 ⁵³

800 2181 852 2235 1.
893 2179 1162 2236 Omnibus
1192 2179 1286 2250 qui
1323 2175 1691 2234 sacerdotium
1730 2175 1912 2231 sortiti
1937 2184 2066 2232 sunt
2092 2183 2149 2230 et
2169 2174 2295 2245 qui-

728 2271 834 2328 bus
872 2271 1121 2326 divinum
1156 2272 1503 2341 episcopatus
1540 2268 1910 2324 ministerium
1954 2284 1985 2323 a
2013 2268 2295 2324 Salvatore

723 2363 971 2417 omnium
1007 2369 1252 2418 nostrum
1288 2358 1514 2416 Christo
1536 2359 1810 2415 creditum
1833 2369 1937 2424 est,
1973 2359 2215 2414 studium
2241 2369 2298 2415 et

717 2469 916 2524 scopus
942 2455 988 2509 is
1009 2467 1127 2509 esse
1148 2452 1334 2513 debet,
1358 2461 1421 2508 ut
1443 2453 1502 2507 in
1521 2460 1668 2507 recta
1695 2451 1800 2506 ﬁde
1821 2452 2113 2517 excellant,
2142 2467 2296 2508 eam-

718 2561 824 2618 que
851 2546 1083 2617 populos
1115 2546 1222 2601 sibi
1252 2543 1505 2600 subditos
1540 2543 1792 2598 doceant.
1818 2541 1955 2598 Cum
1990 2543 2174 2614 itaque
2209 2559 2297 2599 res

719 2639 796 2694 ita
839 2637 1061 2702 habeat,
1107 2651 1252 2691 anno
1295 2634 1370 2709 (2)
1409 2635 1617 2706 elapso,
1663 2649 1730 2689 ex
1759 2633 2298 2706 religiosissimorum

719 2729 1032 2798 Christique
1091 2727 1390 2782 amantium
1459 2726 1853 2793 imperatorum
1900 2725 2146 2791 decreto,
2197 2726 2297 2782 do-

721 2820 913 2875 ctrinae
953 2818 1191 2876 Nestorii
1236 2818 1444 2889 gratia,
1493 2819 1550 2873 in
1589 2818 1951 2888 Ephesiorum
2007 2819 2299 2890 metropoli

721 2909 978 2965 convenit
1020 2917 1206 2964 sancta
1253 2907 1495 2979 synodus
1525 2907 1635 2962 Deo
1667 2907 2153 2963 dilectissimorum
2184 2909 2300 2980 epi-

720 3018 1014 3074 scoporuiu
1046 3020 1058 3056 :
1107 3003 1203 3072 qui
1251 3017 1377 3057 cum
1425 3003 1617 3074 legatis
1660 3001 1736 3072 (5)
1768 3018 1798 3056 a
1825 3002 1998 3057 beatae
2022 3003 2300 3058 memoria:

719 3093 1035 3158 Caelestino,
1059 3093 1494 3164 1002Romana3
1525 3094 1680 3148 urbis
1710 3092 1987 3162 quondam
2014 3093 2292 3163 episcopo,

2398 1907 2834 1979 συλλειτουργοῖς
2879 1907 3068 1981 Ξύστῳ
3093 1949 3108 1974 ,
3159 1909 3415 1981 Κυρίλλῳ
3461 1909 3556 1964 καὶ
3600 1908 3945 1980 Μαξιμιανῷ
3964 1947 3985 1975 ,

2410 1999 2661 2073 Ἰωάννης
2687 2001 2780 2055 καὶ
2801 2001 2850 2054 οῖ
2879 2001 3056 2056 λοιποὶ
3082 2002 3284 2067 πάντες
3314 2003 3363 2057 οἱ
3397 2002 3494 2055 σὺν
3521 1999 3666 2072 litat,
3689 2001 3748 2054 έν
3776 2000 3986 2075 Κυρίῳ

2391 2089 2626 2161 χαίρειν.
2944 2100 2947 2103 ·

2466 2137 2574 2234 Krat
2601 2179 2802 2251 σπουδὴ
2823 2182 2918 2236 καὶ
2945 2181 3145 2247 σκοπὺς
3163 2185 3298 2238 πᾶσι
3321 2185 3432 2246 τοῖς
3455 2137 3704 2255 ἱερᾶσθαι
3717 2183 3979 2256 λαχοῦσι,

2395 2271 2490 2326 καὶ⁹
2515 2271 2614 2343 τὴν
2647 2271 2796 2327 Θείαν
2837 2275 2936 2340 τῆς
2973 2274 3276 2346 ἐπισκοπῆς
3306 2274 3648 2346 λειτουργίαν
3673 2291 3986 2330 πεπιστευ-

2398 2361 2580 2435 μένοις
2612 2364 2763 2432 παρὰ
2795 2364 2890 2416 τοῦ
2925 2365 3141 2417 πάντων
3170 2363 3328 2435 ἡμῶν
3359 2364 3612 2436 Σωτῆρος
3643 2363 3887 2436 Χριστοῦ
3917 2365 3988 2420 τὸ

2396 2458 2455 2511 ἑν
2493 2456 2626 2530 ὀρθῇ
2669 2455 2852 2510 πίστει
2889 2456 3234 2529 διαπρέπειν,
3268 2456 3411 2510 οὕτω
3449 2473 3509 2510 τε
3541 2456 3818 2511 διδάσκειν
3844 2458 3985 2524 τοὺς

2396 2549 2501 2604 ὑπὸ
2529 2551 2686 2619 χεῖρα
2708 2547 2886 2612 λαούς.
2914 2546 3070 2602 Οὕτω
3090 2548 3269 2602 τοίνυν
3293 2546 3508 2618 ἔχοντος
3527 2545 3622 2600 τοῦ
3649 2547 3983 2619 πράγματος

2398 2639 2538 2694 κατὰ
2567 2641 2630 2694 τὸ
2661 2639 2990 2713 παρῳχηκδς
3019 2639 3141 2705 έτος
3173 2642 3239 2694 έκ
3271 2639 3638 2710 θεσπίσματος
3676 2638 3786 2693 τῶν
3814 2639 3985 2694 εὐσε-

2398 2731 2675 2784 ϐεστάτων
2710 2731 2807 2784 καὶ
2852 2731 3212 2802 φιλοχρίστων
3245 2729 3530 2802 βασιλέων,
3583 2731 3714 2800 ἁγία
3755 2729 3982 2796 σύνοδος

2399 2821 2823 2892 θεοφιλεστάτων
2871 2821 3188 2876 ἐπισκόπων
3219 2818 3458 2892 συνήχθη
3490 2819 3632 2874 κατὰ
3669 2818 3767 2892 τὴν
3811 2820 3982 2890 Ἐφε-

2399 2911 2529 2965 σίων
2585 2910 2933 2983 μητρόπολιν,
2990 2911 3090 2982 τῆς
3142 2909 3284 2964 κατὰ
3333 2910 3627 2981 Νεπόριον
3667 2908 3984 2974 ὑποθέσεως

2399 3003 2577 3074 χάριν-
2603 3003 2652 3055 οῖ
2686 3000 2781 3056 καὶ
2815 2999 3273 3074 συνεδρεύσαντες
3305 3000 3422 3070 ἅμα
3453 3002 3567 3064 τοῖς
3591 2999 3984 3053 ἀποσταλεῖσιν

2398 3095 2634 3158 ἐκδίκοις
2653 3091 2906 3168 παρὰτοῦ
2931 3091 3032 3161 τῆς
3052 3091 3326 3163 μακαρίας
3350 3091 3573 3162 μνήμης
3601 3089 3979 3154 Κοιλεστίνου,

724 3187 907 3242 missis
946 3162 1094 3241 facto
1118 3162 1400 3249 consessu,
1440 3184 1586 3240 dicta
1610 3185 1971 3255 depositionis
2003 3162 2293 3250 sententia,

2398 3186 2491 3241 τοῦ
2528 3162 2821 3259 γενομένου
2860 3162 3160 3238 ἐπισκόπου
3192 3184 3293 3255 τῆς
3321 3183 3482 3253 ἁγίας
3519 3181 3805 3254 Ῥωμαίων
3853 3182 3984 3236 Ἐκ-

723 3279 1006 3348 ejecerunt
1051 3285 1416 3348 memoratum
1454 3275 1790 3338 Nestorium,
1829 3276 2014 3344 utqui
2071 3277 2295 3345 profana

730 3376 974 3423 uteretur
1001 3367 1272 3432 doctrina,
1295 3377 1351 3421 et
1374 3368 1562 3421 multis
1583 3367 1838 3423 seandalo
1877 3377 2043 3431 esset,
2082 3383 2147 3423 ac
2187 3384 2297 3424 non

729 3471 875 3516 recte
911 3461 1058 3515 circa
1107 3459 1268 3514 ﬁdem
1315 3460 1642 3516 ambularet.
1682 3462 1819 3516 Cum
1857 3477 1988 3516 vero
2025 3471 2082 3516 et
2110 3477 2209 3518 nos
2232 3478 2299 3517 eo

726 3563 1206 3620 properassemus,
1255 3565 1369 3603 rem
1419 3551 1758 3605 invenientes
1801 3549 2124 3615 confectam,
2159 3566 2299 3622 (egre

727 3640 972 3694 tulimus.
1014 3640 1125 3695 Hac
1168 3640 1235 3695 de
1285 3656 1448 3695 causa
1499 3655 1622 3695 cum
1662 3641 1804 3696 inter
1847 3657 1947 3696 nos
1971 3651 2028 3696 ct
2060 3652 2298 3698 sanctam

725 3732 990 3801 synodum
1019 3733 1388 3787 controversia
1421 3733 1840 3797 intercessisset,
1871 3749 1935 3788 ac
1967 3734 2135 3788 multa
2155 3735 2299 3788 ultro

726 3824 972 3890 citroque
1006 3823 1150 3876 dicta
1195 3832 1250 3876 et
1287 3822 1426 3876 facta
1454 3833 1661 3886 essent,
1694 3823 1762 3877 ad
1793 3833 2009 3877 nostras
2031 3822 2302 3877 Ecclesias

726 3927 789 3965 ac
825 3912 1072 3965 civitates
1116 3913 1321 3966 reversi
1363 3927 1551 3966 sumus
1580 3954 1593 3974 ,
1642 3928 1819 3982 neque
1865 3928 1962 3981 per
1996 3911 2049 3965 id
2087 3922 2301 3982 tempus

725 4009 958 4054 eatenus
999 4001 1377 4056 consensimus
1430 4011 1630 4056 sanctae
1684 4003 1918 4073 synodo,
1972 4011 2032 4056 ut
2080 4002 2302 4072 prolata:

725 4091 988 4150 adversus
1017 4090 1329 4145 Nestorium
1362 4091 1725 4160 depositionis
1757 4093 2044 4147 sententia:
2062 4092 2303 4148 subscri—

729 4184 1001 4238 heremus.

797 4371 852 4426 Ξ.
885 4370 1020 4427 Cum
1047 4373 1302 4428 Ecclesiae
1327 4372 1382 4428 in
1407 4389 1602 4442 graves
1630 4371 1932 4428 discordias
1957 4371 2299 4436 incidissent,

2399 3278 2648 3349 κλησίας,
2677 3276 2844 3349 ψήφῳ
2874 3275 3248 3347 καθαιρέσεως
3279 3273 3685 3344 ὑποὸεσλήκασι
3717 3273 3808 3326 τὸν
3837 3291 3980 3346 μνη·

2403 3372 2730 3444 μονευθέντα
2758 3371 3074 3444 Νεστόριον,
3124 3368 3197 3431 ὼς
3237 3366 3447 3439 βεδήλῳ
3477 3366 3797 3438 διδασκαλίᾳ
3827 3367 3978 3437 χριὶιν

2405 3481 2587 3536 μενον,
2622 3463 2719 3517 καὶ
2747 3460 3178 3516 σκανδαλίσαντα
3211 3460 3469 3524 πολλοὺς,
3499 3458 3594 3512 καὶ
3619 3459 3718 3511 οὐκ
3746 3458 3976 3528 ὀρθοπο-

2400 3557 2622 3610 δίσαντα
2667 3555 2796 3624 περὶ
2841 3553 2940 3624 τὴν
2982 3548 3185 3606 πίστιν.
3227 3551 3738 3621 Συνδεδραμηκότες
3778 3548 3832 3603 δὲ
3875 3549 3973 3604 καὶ

2402 3650 2596 3720 ἡμεῖς,
2642 3642 2760 3700 εἶτα
2799 3644 2959 3698 τοῦτο
3002 3645 3226 3713 γεγονὸς
3277 3643 3564 3714 εὑρόντες,
3599 3641 3966 3713 λελυπήμεθα.

2403 3741 2617 3810 Ταύτης
2639 3739 2803 3793 ἓνεκα
2822 3737 2920 3807 τῆς
2942 3721 3140 3800 αἰτίας,
3163 3735 3425 3806 διαφορᾶς
3452 3732 3654 3806 μεταξὺ
3676 3732 3975 3803 γενομένης

2401 3832 2560 3903 ἡμῶν
2586 3848 2646 3884 τε
2677 3830 2770 3884 καὶ
2804 3830 2904 3898 τῆς
2937 3829 3097 3896 ἁγίας
3132 3827 3371 3891 συνόδου,
3399 3827 3494 3880 καὶ
3531 3826 3740 3880 πολλῶν
3767 3825 3966 3897 μεταξὺ

2403 3922 2809 3994 πεπραγμένων
2855 3937 2913 3974 τε
2963 3920 3056 3972 καὶ
3097 3919 3422 3990 εἰρημένων,
3482 3919 3565 3983 είς
3619 3917 3718 3980 τὰς
3765 3916 3968 3972 ἑαυτῶν

2415 4013 2741 4084 Ἐκκλησίας
2767 4027 2826 4063 τε
2856 4011 2951 4064 καὶ
2983 4010 3166 4073 πόλεις
3195 4008 3634 4081 ὑπεστρέψαμεν,
3669 4009 3729 4062 οὐ
3761 4024 3967 4062 συνενεο

2402 4103 2621 4175 χθέντες
2646 4102 2706 4156 τὸ
2733 4102 3034 4172 τηνικαῦτα
3061 4104 3127 4172 τῇ
3160 4100 3291 4171 ἁγίᾳ
3329 4101 3532 4170 συνόδῳ
3555 4099 3620 4153 δι’
3653 4098 3968 4170 ὑπογραφῆς

2403 4200 2483 4262 είς
2529 4197 2630 4267 τὴν
2673 4195 3052 4266 έξενεχθεῖσαν
3091 4193 3229 4247 κατὰ
3276 4193 3572 4264 Νεστορίου
3604 4190 3965 4264 καθαιρέσεως

2401 4287 2598 4356 ψῆφονο

2472 4377 2830 4451 Διῃρημὲνων
2891 4375 3029 4447 πρὸς
3093 4373 3358 4443 διχόνοιαν
3430 4371 3541 4426 τῶν
3620 4372 3966 4444 Ἐκκλησιῶν,

727 4464 949 4533 quando
977 4479 1167 4519 omnes
1185 4465 1236 4518 id
1252 4465 1484 4520 maxime
1517 4481 1709 4520 curare
1741 4464 2048 4534 oportebat,
2070 4479 2301 4534 quomo-

2406 4469 2591 4539 ἐπειδὴ
2613 4467 2802 4520 τούτου
2829 4467 3062 4537 μάλιστα
3085 4466 3293 4529 πάντας
3315 4463 3596 4536 φροντίσαι
3621 4464 3807 4536 ἐχρῆν,
3827 4465 3965 4529 ὅπως

729 4556 823 4620 do,
849 4556 998 4610 omni
1023 4557 1333 4610 animorum
1359 4557 1700 4612 dissensione
1725 4557 1962 4620 sublata,
1989 4556 2056 4611 ad
2075 4563 2302 4612 concor-

729 4647 876 4704 diam
898 4646 1322 4712 adducerentur,
1340 4658 1502 4718 atque
1527 4657 1586 4702 ut
1607 4649 1709 4703 hoc
1729 4649 1883 4704 ﬁeret
1907 4646 2299 4718 religiosissimi

732 4755 800 4795 ac
825 4740 938 4795 Deo
959 4739 1320 4795 amantissimi
1346 4755 1501 4810 reges
1529 4740 1604 4809 (4)
1639 4741 2048 4811 praecepissent,
2076 4741 2302 4813 ejusque

730 4833 810 4889 rei
831 4834 1002 4904 gratia
1034 4833 1385 4903 spectabilem
1401 4835 1689 4888 tribunum
1720 4843 1776 4888 et
1795 4835 2068 4889 notarium
2093 4834 2301 4889 Aristo-

805 4996 881 5064 (i)
907 4994 1119 5062 Scripta
1150 4991 1296 5064 circa
1321 4993 1687 5064 initiumranni
1717 4992 1838 5045 455.

831 4996 851 5047 i
907 4996 1119 5062 Scripta
1151 4996 1296 5045 circa
1321 4996 1533 5046 initium
1560 4996 1687 5046 anni
1717 4996 1838 5045 455.

829 4996 883 5134 ἓξ
939 5066 1094 5117 Anno
1136 5063 1259 5134 Di,
1303 5063 1451 5134 Junii
1487 5063 1555 5115 29.
1595 5063 1704 5125 die,
1745 5064 1981 5134 primum
2040 5062 2300 5134 convenit

731 5131 1005 5203 Ephesina
1051 5132 1307 5201 synodus.
1359 5133 1436 5186 Ex
1483 5148 1592 5200 quo
1623 5133 1870 5203 sequitur
1893 5142 1972 5195 ut,
2007 5131 2051 5183 si
2080 5133 2298 5200 elapsus

733 5195 908 5257 annus
941 5204 1035 5255 hic
1074 5195 1403 5256 memoratus
1449 5195 1831 5270 intelligendus
1881 5205 1952 5256 sit
1995 5195 2295 5271 proximus,

734 5277 846 5326 hare
883 5273 1111 5341 epistula
1142 5273 1205 5324 ad
1243 5290 1444 5327 annum
1485 5273 1585 5325 452
1615 5273 1904 5341 pertineat.

803 5345 878 5411 (ὃ)
914 5340 1020 5396 Seu
1057 5344 1124 5394 ad
1163 5343 1393 5397 litteram
1437 5340 1696 5403 Graecam,
1735 5343 2106 5409 defensoribus.
2135 5340 2234 5406 Qui
2270 5358 2298 5394 a

730 5413 1026 5467 Caelestino
1061 5412 1125 5464 ad
1168 5414 1494 5481 Ephcsinam
1541 5413 1804 5483 synodum
1855 5412 2002 5465 missi
2045 5421 2193 5472 sunt,
2244 5412 2295 5483 in

729 5484 933 5538 (ir-necis
978 5483 1147 5552 ipsius
1181 5484 1392 5536 concilii
1447 5481 1580 5536 actis
1627 5497 1890 5549 nusquam
1934 5483 2155 5544 ἔκδικοι,
2204 5481 2297 5535 scd

733 5569 861 5606 vove
897 5551 1310 5606 L8lillﬂ"Gl‘&2(’l5
1343 5554 1744 5606 accmmumlatn
1777 5553 1996 5621 ληγάτοι
2018 5551 2295 5620 appellan-

798 5714 860 5769 (‘)
893 5709 956 5759 Et
987 5709 1202 5766 editione
1233 5708 1285 5756 Ρ.
1325 5707 1587 5780 (ὀιμιμιιιὶἐ
1632 5705 1773 5766 lgna}.
1822 5708 1950 5752 Ilum.
1989 5715 2118 5768 pud,

2409 4561 2748 4630 συναφθεῑεν,
2778 4562 2842 4612 ἑκ
2883 4558 3049 4630 μέσου
3085 4559 3389 4628 γενομένης
3432 4556 3700 4626 διχονοίας
3734 4556 3961 4627 ἁπάσης,

2406 4653 2500 4707 καὶ
2543 4651 2650 4704 τῶν
2699 4649 3132 4704 θεοσεὸεστάτων
3175 4649 3271 4705 καὶ
3314 4647 3671 4720 φιλοχρίστων
3716 4647 3962 4720 βασιλέων

2407 4743 2539 4795 αὐτὸ
2583 4740 2648 4811 δὴ
2681 4739 2839 4794 τοῦτο
2865 4742 3121 4810 γενέσθαι
3155 4739 3551 4804 θεσπισάντων,
3585 4741 3680 4796 καὶ
3711 4742 3789 4803 είς
3817 4736 3963 4794 τοῦτο

2407 4834 2773 4904 πεπομφότων
2804 4834 2898 4885 τὸν
2941 4832 3245 4903 Θαυμάσιον
3276 4829 3555 4901 τριὸοὗνον
3600 4832 3699 4885 καὶ
3733 4831 3966 4934 νοιιάριον

2411 4998 2520 5060 t_ur.
2579 4989 2897 5060 Quanquam
2938 5007 3064 5047 cum
3112 4991 3260 5046 missi
3310 4991 3419 5046 sint
3462 4996 3522 5042 ut
3573 4956 3958 5060 sententiam‘a

2407 5056 2702 5115 Caelestino
2725 5056 2986 5117 adversus
3009 5061 3320 5115 Nestorium
3339 5059 3606 5130 prolatam
3624 5056 3963 5112 defenderent

2409 5144 2472 5182 ac
2495 5130 2856 5193 vindicarent,
2888 5131 3090 5183 ἔκδικοι
3114 5147 3220 5184 non
3249 5133 3390 5186 male
3412 5135 3700 5182 vocantur.

2482 5200 2557 5270 (4)
2598 5201 2672 5255 Ea
2695 5201 2904 5255 scilicet
2933 5215 3106 5263 sacra,
3131 5217 3250 5270 quae
3281 5218 3335 5255 tu
3375 5206 3518 5269 part.
3551 5195 3750 5270 concil.
3776 5194 3956 5270 Ephes.

2324 5326 2328 5336 ς
2409 5264 2622 5350 capﬂl
2651 5270 2904 5350 habetur,
2930 5264 3202 5340 quamque
3235 5264 3521 5395 excipiunt
3554 5267 3676 5321 alia:
3703 5264 3818 5320 dua:
3839 5266 3958 5334 (una

2407 5357 2666 5394 llillllrtlnl
2693 5340 2757 5393 ad
2801 5340 3133 5395 Simeonem.
3167 5352 3221 5395 et
3249 5341 3316 5395 ad
3390 5352 3601 5395 caenum
3636 5335 3958 5392 Berteeusem

2407 5335 2666 5394 nimirum
2693 5340 2757 5393 ad
2801 5335 3133 5398 Simeonem:
3167 5352 3221 5397 et
3249 5341 3316 5396 ad
3344 5335 3601 5395 Acacium
3636 5335 3961 5392 Berteensem

2407 5411 2574 5464 altera
2582 5422 2621 5481 ).
2651 5411 2854 5480 quibus
2879 5409 3220 5466 Theodosius
3239 5425 3432 5466 eorum
3457 5421 3650 5481 preces
3681 5413 3735 5460 et
3757 5417 3960 5475 operam

2409 5476 2639 5546 rogatut
2667 5476 2908 5536 Iloaunes
2933 5495 2994 5533 ac
3036 5483 3167 5534 socii
3210 5481 3276 5536 ad
3323 5476 3676 5536 concordiam
3715 5487 3956 5532 revocen-

2410 5560 2514 5603 tur.
