4116 6318
672 361 777 420 171

1687 353 1741 408 S.
1783 349 2054 406 CYRILIJ
2097 346 2563 405 ALEXANDRINI
2603 350 2915 408 ARCHIEP.

3855 346 3985 402 I73

679 482 912 539 maxime
943 493 1138 534 curare
1169 475 1476 548 oportebat,
1505 479 1585 536 ut,
1618 471 1766 525 omni
1806 469 2116 523 animorum
2146 465 2258 520 dis-

2362 468 2510 533 ὄπως
2531 468 2871 538 συναφθεῐεν,
2901 470 2965 522 ὲκ
3000 470 3166 540 μέσου
3194 465 3494 539 γενομένης
3518 463 3785 538 διχονοίας
3809 465 3984 519 ﬁmi-

677 572 933 631 sensione
970 586 1002 626 e
1034 568 1217 625 medio
1251 566 1483 629 sublata,
1519 562 1725 619 Christi
1773 559 2030 614 Ecclesiae
2073 558 2256 613 denuo

675 662 1160 723 consociarentur;
1225 656 1439 725 ipsique
1495 650 1892 723 religiosissimi
1943 665 2008 705 ac
2052 647 2257 704 Christi

675 751 1038 808 amantissimi
1066 761 1223 818 reges
1247 747 1352 800 hoc
1379 745 1580 815 ipsum,
1596 751 1656 797 ut
1676 741 1855 807 ﬂeret,
1883 740 2256 804 mandassent,

675 848 906 918 ejusque
933 841 1012 897 rei
1047 839 1223 912 gratia
1245 837 1529 893 dominum
1559 850 1744 890 meum
1779 834 2260 905 praeclarissimum

675 945 730 992 et
753 933 1105 1006 spectabilem
1126 931 1408 986 tribunum
1431 938 1489 983 et
1506 925 1780 982 notarium
1803 926 2135 981 Aristoiaum
2157 924 2261 979 mi-

677 1025 896 1089 sissent,
923 1023 1041 1094 pias
1067 1020 1309 1090 ipsorum
1332 1019 1545 1074 litteras
1573 1017 1920 1083 aﬂ'erentem,
1951 1033 2074 1088 qua:
2101 1015 2258 1072 dein-

675 1130 806 1186 ceps
833 1129 933 1171 nos
967 1111 1262 1167 convenire
1285 1109 1566 1181 juberent,
1600 1117 1764 1179 atque
1789 1109 2047 1164 scandala
2078 1124 2110 1164 e
2141 1123 2258 1164 me-

677 1206 770 1261 dio
802 1204 990 1260 tollere
1040 1217 1370 1272 omnemque
1406 1201 1880 1271 perturbationem
1909 1210 1967 1255 et
1997 1199 2259 1254 offensio-

677 1313 804 1353 nem
833 1295 1122 1365 consopire
1150 1313 1162 1346 :
1190 1307 1291 1348 nos
1329 1292 1437 1362 piis
1475 1292 1676 1347 litteris
1703 1307 1918 1346 morem
1947 1303 2138 1362 gerere
2161 1305 2261 1344 vo-

676 1385 872 1448 lentes,
902 1392 1050 1437 recta
1081 1398 1210 1436 mox
1249 1382 1533 1436 dominum
1579 1396 1762 1436 meum
1801 1382 1914 1435 Deo
1953 1396 2054 1450 per
2077 1379 2261 1434 omnia

675 1475 1093 1531 dilectissimum
1123 1490 1187 1529 ac
1227 1474 1629 1530 sanctissimum
1672 1473 1989 1543 episcOpum
2029 1471 2259 1526 Paulum

677 1568 1010 1622 mittendum
1053 1565 1327 1622 duximus.
1379 1565 1536 1631 Quod
1581 1563 1870 1618 consilium
1913 1561 2262 1617 sanctissimo

674 1661 1036 1732 piissimoque
1059 1659 1204 1715 Patri
1235 1662 1422 1712 nostro
1447 1655 1667 1720 Acacio,
1694 1655 2016 1724 exterisque
2039 1655 2132 1725 qui
2157 1669 2259 1708 no-

666 1754 890 1808 'biscum
932 1759 1121 1814 erant,
1174 1750 1286 1804 Deo
1320 1746 1691 1802 dilectissimis
1741 1746 2014 1816 episcopis
2059 1746 2260 1815 proba-

676 1851 793 1898 tum
836 1841 958 1896 fuit.
1005 1840 1257 1895 Fecimus
1294 1847 1484 1894 autem
1528 1839 1636 1894 hoc
1676 1838 1901 1909 majoris
1943 1836 2255 1908 compendii
2289 1818 2335 1877 Β

673 1949 858 1998 causa,
889 1948 955 1988 eo
980 1931 1124 2002 quod
1162 1946 1285 2002 quae
1313 1947 1345 1986 a
1373 1930 1800 2001 religiosissimis
1831 1929 2258 2000 imperatoribus

673 2023 880 2080 nostris
914 2023 1124 2078 sancita
1165 2029 1313 2086 sunt,
1344 2021 1609 2091 perﬁcere
1638 2021 1800 2075 nobis
1831 2021 1966 2092 ipsis
1995 2021 2050 2074 in
2086 2034 2257 2073 unum

677 2115 833 2186 103
860 2113 1316 2170 convenientibus
1337 2128 1448 2168 non
1469 2113 1651 2168 liceat.
1678 2111 2053 2166 Mandavimus
2071 2119 2256 2165 autem

674 2208 778 2271 illi,
803 2215 864 2262 ut
890 2206 1009 2262 vice
1038 2213 1226 2260 nostra
1263 2215 1320 2260 et
1359 2220 1459 2275 pro
1501 2203 1658 2259 nobis
1704 2213 1761 2258 et
1801 2203 2024 2257 nomine
2067 2209 2257 2256 nostro

674 2299 974 2356 constituat
1003 2314 1123 2369 qua:
1148 2297 1215 2351 ad
1243 2313 1430 2367 pacem
1459 2296 1698 2362 faciunt;
1734 2295 1789 2350 id
1815 2295 1964 2366 quod
1991 2295 2156 2365 hujus
2179 2294 2257 2348 le-

662 2389 910 2461 gationis
941 2390 1272 2459 praecipuum
1309 2396 1473 2458 caput
1501 2397 1613 2454 est;
1639 2388 1912 2456 simulque
1935 2387 2125 2457 pietati
2150 2396 2257 2442 tua:

674 2482 931 2538 exhibeat
952 2482 1350 2551 expositionem
1374 2481 1442 2535 de
1464 2479 1683 2535 Domini
1705 2478 1876 2534 nostri
1899 2479 2028 2534 Jesu
2051 2478 2256 2534 Christi

674 2574 1050 2629 incarnatione
1102 2573 1452 2628 concorditer
1497 2587 1526 2625 a
1582 2571 1743 2626 nobis
1797 2571 2020 2626 editam.
2080 2570 2254 2637 Quam

673 2666 904 2737 proinde
922 2667 1114 2736 pietati
1141 2675 1248 2721 tua:
1272 2681 1368 2734 per
1389 2664 1713 2736 praedictum
1739 2663 2048 2734 piissimum
2073 2664 2253 2719 virum

673 2757 926 2812 misimus
969 2772 1090 2828 qua:
1122 2766 1207 2811 est
1243 2756 1359 2810 baac
1380 2771 1400 2809 ἐ

743 2952 820 3007 De
845 2950 1067 3021 Virgine
1101 2959 1287 3004 antem
1329 2948 1426 3003 Dei
1450 2944 1725 3003 Genitrice
1766 2941 1935 3002 Maria
1978 2945 2254 3018 quomodo

673 3043 978 3099 sentiamus
1019 3050 1075 3096 et
1103 3042 1419 3110 loquamur,
1464 3041 1642 3110 deque
1674 3041 1941 3110 unigeniti
1986 3040 2108 3094 Filii
2156 3040 2252 3094 Dci

674 3133 1074 3190 incarnationis
1120 3132 1305 3195 modo,
1353 3132 1688 3197 necessario,
1735 3147 1845 3185 non
1888 3130 2250 3185 additamenti

671 3222 816 3285 loco,
845 3220 941 3276 sed
967 3222 1127 3291 plena
1152 3221 1544 3276 satisfactionis
1567 3220 1741 3275 forma
1769 3221 2019 3276 dicemus
2063 3221 2252 3276 brevi-
2281 3191 2321 3246 η

673 3321 779 3376 tcr,
808 3312 971 3366 sicuti
994 3312 1062 3365 ab
1081 3311 1238 3365 initio
1259 3327 1324 3366 ex
1349 3312 1551 3367 divinis
1575 3311 1799 3366 Litteris
1826 3321 2252 3382 sanctorumque

671 3403 896 3457 Patrum
923 3403 1220 3458 traditione
1250 3404 1534 3458 hausimus
1560 3443 1574 3468 ,
1624 3403 1752 3459 ﬁdei
1777 3404 1833 3458 in
1855 3399 2041 3460 Nicaea
2068 3421 2098 3458 a
2129 3420 2254 3460 san-

673 3495 778 3549 ctis
809 3494 1064 3548 Patribus
1085 3495 1348 3563 exposita:
1370 3495 1508 3548 nihil
1535 3510 1762 3565 prorsus
1785 3497 2130 3567 adjicientes.
2156 3497 2253 3551 Illa

671 3585 844 3650 enim,
872 3593 934 3640 ut
953 3595 1116 3639 antea
1143 3584 1401 3650 diximus,
1440 3585 1508 3639 ad
1543 3601 1761 3642 omnem
1806 3589 2029 3657 pietatis
2068 3587 2256 3658 cogni-

674 3677 883 3731 tionem
936 3677 1226 3746 omnisque
1257 3675 1531 3731 haeretica:
1555 3690 1740 3746 pravae
1771 3678 2037 3734 doctrina:
2065 3679 2254 3748 depul-

673 3769 887 3824 sionem
910 3768 1131 3824 abunde
1157 3777 1240 3823 sat
1263 3777 1365 3824 est.
1393 3769 1505 3824 Nec
1528 3769 1617 3824 illa
1645 3770 1814 3824 etiam
1840 3786 1963 3840 quae
1991 3771 2255 3841 consequi

673 3874 784 3914 non
807 3874 1122 3930 possumus,
1155 3859 1416 3912 audacter
1448 3854 1858 3929 aggrediemur;
1892 3859 1988 3914 sed
2016 3860 2256 3930 propriae

676 3949 1012 4005 infirmitatis
1045 3949 1390 4005 confessione
1417 3950 1776 4006 cxcludemus
1799 3965 1896 4005 eos
1921 3951 2016 4021 qui
2047 3951 2254 4006 adoriri

673 4057 774 4097 nos
795 4043 985 4095 volunt
1013 4042 1068 4095 in
1092 4042 1177 4096 his
1199 4042 1254 4096 in
1284 4044 1485 4112 quibus
1508 4043 1925 4100 consideramus
1947 4059 2070 4114 qua:
2089 4059 2254 4098 sunra

671 4133 976 4187 humanum
1006 4143 1225 4204 captum
1252 4143 1400 4189 sunt.

741 4224 1084 4281 Conﬁtcmur
1103 4228 1272 4297 igitur
1291 4229 1583 4283 Dominum
1602 4236 1854 4283 nostrum
1883 4231 2071 4284 Jesum
2089 4228 2253 4284 Chri-

671 4320 1198 4390 Stum,unigenitum
1224 4321 1320 4374 Dei
1344 4321 1565 4381 Filium.
1584 4337 1705 4377 esse
1728 4323 1900 4377 Deum
1924 4321 2251 4392 perfectum,

671 4419 729 4467 et
751 4411 1028 4467 hominem
1061 4412 1367 4483 perfectum
1399 4431 1467 4469 ex
1505 4415 1688 4469 anima
1733 4415 1988 4470 rationali
2028 4423 2085 4470 et
2126 4431 2253 4471 cor-

2370 579 2488 631 σης,
2529 562 2623 615 καί¹
2660 560 2770 616 τῶν
2801 561 3209 618 εὐσεϐεστάτων
3265 561 3362 615 καὶ
3398 557 3760 630 φιλοχρίστων
3791 556 3977 626 βασι-

2361 653 2520 720 λέων,
2551 654 2684 708 αὐτδ
2709 652 2949 725 δήτοῦτο
2976 653 3230 723 γενέσθαι
3247 651 3646 717 θεπισάντων,
3667 649 3730 704 τὸ
3745 648 3974 704 ἑνῶσαι

2359 744 2457 808 τὰς
2498 744 2590 798 τοῦ
2620 743 2860 817 Χριστοῦ
2899 744 3247 816 Ἐκκλησίας,
3286 744 3380 797 καὶ
3409 743 3491 806 εἰς
3529 742 3659 795 αὐτὸ
3685 741 3751 812 δὴ
3787 740 3978 794 τοῦτο

2359 835 2796 891 ἀποστειλάντων
2828 835 2920 889 τὸν
2952 834 3144 908 κύριόν
3177 852 3303 907 μου,
3335 833 3431 887 καὶ
3463 832 3974 903 θαυμασιώτατον,

2361 929 2456 982 καὶ
2479 928 2839 1001 περίϐλεπτον
2861 926 3145 999 τριϐοῦνον
3167 926 3262 981 καὶ
3289 925 3538 998 νοτάριον
3572 921 3975 995 ’Δριστόλαον,

2361 1021 2761 1095 ἐπιφερόμενον
2784 1022 2847 1076 τὸ
2875 1021 3096 1086 εὐσεϐὲς
3121 1021 3302 1075 αὐτῶν
3331 1021 3573 1094 γράμμα
3599 1018 3663 1073 τδ
3691 1034 3973 1088 παρακε-

2362 1113 2519 1168 λεῦον
2541 1115 2794 1170 ἐντεῦθεν
2825 1115 2930 1187 ήδη
2957 1114 3233 1187 συμϐῆναι
3256 1115 3429 1184 ἡμᾶς,
3459 1113 3552 1168 καὶ
3582 1112 3862 1184 περιελεῖν
3891 1110 3976 1163 τὰ

2367 1206 2642 1260 σκάνδαλα
2676 1209 2741 1260 ὲκ
2771 1206 2868 1260 τοῦ
2901 1207 3092 1278 μέσου,
3131 1206 3226 1260 καὶ
3263 1205 3599 1261 κατευνάσαι
3632 1205 3820 1258 πᾶσαν
3853 1219 3973 1256 τα-

2367 1299 2542 1370 ραχὴν
2576 1297 2672 1352 καὶ
2713 1300 2894 1353 πᾶσαν
2927 1298 3138 1369 λύπην·
3168 1290 3212 1366 ᾧ
3245 1297 3486 1362 εἴκοντες
3519 1297 3738 1352 εὐσεϐεῖ
3763 1295 3973 1367 γράμ-

2368 1408 2522 1462 ματι,
2559 1389 2723 1455 εὐθὺς
2762 1392 2858 1444 καὶ
2913 1391 3255 1463 παραχρῆμα
3279 1388 3685 1460 ἀπεστείλαμεν
3723 1387 3820 1442 τὸν
3854 1386 3971 1441 κύ-

2365 1483 2480 1554 ριόν
2511 1499 2634 1551 μου,
2667 1481 2762 1536 καὶ
2794 1482 2936 1537 κατά
2975 1483 3154 1538 πάντα
3186 1481 3617 1550 θεοφιλέστατον,
3651 1481 3746 1534 καὶ
3774 1477 3969 1549 ἁγιώ-

2362 1591 2522 1628 τατον
2569 1575 2870 1627 ἐπίσκοπον
2903 1573 3146 1628 Παῦλοψ
3187 1573 3342 1628 τοῦτο
3387 1572 3690 1645 συναρέσαν
3736 1572 3839 1626 καὶ
3878 1570 3971 1641 τῷ

2363 1663 2652 1732 ἁγιωτάτῳ
2703 1664 2798 1716 καὶ
2838 1662 3242 1735 θεοφιλεστάτῳ
3280 1665 3562 1733 ὲπισκόπῳ
3591 1663 3761 1734 πατρί
3787 1662 3968 1734 ήμῶν

2374 1754 2635 1824 Ἀκακίῳ,
2672 1755 2768 1807 καὶ
2797 1756 2912 1818 τοῖς
2937 1754 3067 1826 παρ’
3097 1757 3232 1825 ήμῖν
3258 1754 3690 1824 θεοφιλεστάτοις
3720 1753 3966 1807 ἐπισκό-

2364 1862 2506 1908 ποις.
2553 1846 2726 1917 ’Υπὲρ
2769 1845 2828 1898 δὲ
2869 1846 3116 1910 πλείονος
3146 1847 3441 1917 συντομίας
3468 1857 3496 1896 (ι
3524 1846 3686 1900 τοῦτο
3718 1847 3970 1918 πεποιή-

2363 1953 2563 2006 καμεν,
2612 1937 2700 1990 διὰ
2741 1937 2804 1991 τδ
2839 1937 3206 2010 μὴδύνασθαι
3255 1940 3403 2009 ἡμᾶς
3448 1938 3830 2002 συνελθόντας,
3886 1937 3966 1992 τά

2361 2027 2724 2105 θεσπισθέντα
2753 2029 2860 2083 ὑπὸ
2882 2030 2994 2085 τῶν
3023 2030 3434 2084 εὐσεϐεστάτων
3463 2031 3620 2101 ήμῶν
3655 2028 3962 2100 βασιλέων,

2361 2120 2507 2174 κατά
2547 2122 2842 2192 πρόσωπον
2897 2121 2980 2184 είς
3018 2122 3193 2193 πέρας
3243 2122 3492 2190 ἀγαγεῖν.
3541 2121 3961 2194 Ἐντειλάμενοι

2363 2213 2537 2284 αὐτῷ,
2576 2214 2718 2267 ὥστε
2752 2213 2849 2268 καὶ
2881 2214 3000 2268 ἀνθ’
3030 2213 3210 2285 ήμῶν,
3238 2213 3332 2268 καὶ
3361 2213 3504 2286 ὑπὲρ
3534 2213 3711 2286 ήμῶν,
3746 2215 3847 2268 καὶ
3870 2216 3963 2280 είς

2363 2303 2658 2373 πρόσωπον
2696 2301 2968 2374 ἡμέτερον
3015 2312 3064 2370 τ,
3113 2303 3365 2358 τυπῶσαι
3411 2303 3512 2375 μὲν
3551 2304 3621 2359 τά
3667 2305 3800 2376 περὶ
3849 2303 3961 2375 τῆς

2359 2396 2604 2466 εἰρήνης,
2635 2395 2773 2467 ὅπερ
2822 2396 2941 2450 ἐστὶ
2969 2395 3404 2468 προηγούμενον,
3435 2396 3744 2467 ἐγχειρίσαι
3792 2397 3854 2452 δὲ
3880 2401 3958 2470 τῇ

2360 2491 2428 2558 σῇ
2458 2485 2738 2559 θεοσεϐείᾳ
2767 2487 2866 2560 τὴν
2896 2487 3114 2542 ἔκθεσιν
3141 2489 3240 2558 τὴν
3283 2488 3417 2560 παρ’
3442 2489 3604 2560 ἡμῶν
3637 2489 3960 2560 συμφώνως

2359 2579 2658 2650 γενομένην
2677 2597 2742 2633 πε
2751 2581 2808 2651 pl.
2837 2580 2936 2650 τῆς
2952 2580 2977 2632 ὲ
2992 2580 3420 2652 ιανθρωπήσεως
3439 2579 3533 2634 τοῦ
3554 2580 3762 2652 Κυρίου
3784 2580 3957 2653 ήμῶν

2373 2670 2548 2740 Ἰησοῦ
2580 2666 2840 2743 Χριστοῦ,
2882 2672 2949 2743 ήν
2992 2672 3395 2742 ἀπεστείλαμεν
3431 2675 3498 2743 τῇ
3547 2675 3611 2744 σῇ
3661 2672 3956 2745 θεοσεϐείᾳ

2358 2759 2447 2815 διὰ
2497 2761 2592 2815 τοῦ
2643 2762 3037 2834 προλεχθέντος
3089 2763 3507 2834 θεοφιλεστάτου
3558 2763 3774 2836 ἀνδρὸς,
3823 2764 3956 2835 ἥτις

2359 2854 2504 2907 ἐστὶν
2529 2853 2690 2924 αῦτηο

2432 2944 2570 3014 Περὶ
2591 2945 2647 2997 δὲ
2680 2944 2775 3014 τῆς
2809 2944 3074 2999 Θεοτόκου
3097 2947 3316 3018 Μαρίας
3339 2946 3640 3019 Παρθένου,
3672 2947 3823 3010 ὅπως
3851 2947 3954 3002 καί

2359 3033 2688 3105 φρονοῦμεν,
2715 3035 2809 3088 καὶ
2839 3034 3092 3106 λέγομεν,
3114 3038 3209 3090 τοῦ
3232 3055 3292 3092 τε
3322 3038 3525 3109 τρόπου
3547 3039 3646 3108 τῆς
3677 3037 3952 3110 ὲνανθρω-

2364 3127 2585 3196 πήσεως
2610 3125 2705 3178 τοῦ
2734 3128 3063 3196 μονογενοῦς
3094 3129 3223 3182 Υἰοῦ
3258 3129 3353 3183 τοῦ
3400 3129 3559 3197 Θεοῦ,
3608 3130 3948 3200 ἀναγκαίως,

2358 3215 2459 3268 οὐκ
2482 3217 2540 3270 ὲν
2569 3216 2889 3288 προσθήκης
2935 3219 3114 3290 μέρει,
3147 3219 3260 3273 ἀλλ’
3285 3221 3344 3273 ὲν
3381 3218 3754 3292 πληροφορίας
3784 3221 3946 3285 εῖδει,

2355 3307 2431 3371 ὼς
2458 3307 2666 3362 ἄνωθεν
2685 3307 2747 3361 ἐκ
2776 3325 2836 3362 τε
2852 3309 2962 3362 τῶν
2992 3310 3151 3363 θείων
3173 3311 3428 3382 Γραφῶν,
3455 3313 3519 3365 ἐκ
3545 3329 3606 3364 τε
3638 3312 3737 3381 τῆς
3766 3330 3948 3384 παρα-

2356 3392 2557 3462 δόσεως
2586 3395 2696 3450 τῶν
2715 3397 2888 3466 ἁγίων
2906 3399 3168 3469 Πατέρων
3183 3401 3584 3472 παρειληφότες
3603 3403 3944 3473 ἐσχήκαμεν,

2356 3488 2446 3542 διὰ
2477 3488 2727 3561 βραχέων
2758 3491 3016 3563 ὲρουμεν,
3045 3492 3198 3546 οὐδὲν
3226 3493 3284 3544 τὸ
3304 3493 3524 3546 σύνολον
3558 3492 3945 3566 προστιθέντες

2357 3584 2424 3651 τῇ
2453 3581 2564 3634 τῶν
2618 3581 2788 3644 ἁγίων
2834 3583 3094 3652 Πατέρων
3137 3583 3247 3636 τῶν
3297 3586 3355 3637 ὲν
3401 3586 3606 3657 Νικαίᾳ
3657 3584 3945 3657 ὲκτεθείσῃ

2359 3672 2560 3727 πίστει.
2626 3673 2713 3736 Ὠς
2761 3675 2869 3745 γὰρ
2915 3673 3162 3745 ἑφθημεν
3209 3675 3517 3747 εἰρηκότες,
3569 3676 3711 3748 πρὸς
3758 3677 3945 3730 πᾶσαν

2359 3764 2581 3836 ἐξαρκεῖ
2614 3767 2708 3819 καὶ
2738 3766 3023 3831 εὐσεϐείας
3047 3766 3268 3836 γνῶσιν,
3311 3768 3407 3821 καὶ
3436 3768 3618 3838 πάσης
3660 3767 3942 3839 αἰρετικῆς

2359 3856 2679 3923 κακοδοξίας
2701 3854 3059 3928 ἀποκήρυξιν.
3092 3857 3352 3928 Ἐροῦμεν
3381 3858 3437 3911 δὲ
3465 3861 3526 3912 ού
3556 3857 3941 3929 κατατολμῶν-

2356 3964 2447 4011 τες
2486 3948 2596 4002 τῶν
2645 3950 2976 4018 ἀνεφίκτων,
3011 3949 3150 4003 ἀλλά
3177 3952 3243 4020 τῇ
3278 3950 3539 4021 ὁμολογίᾳ
3587 3949 3687 4019 τῆς
3734 3949 3941 4015 οἰκείας

2358 4041 2644 4106 ἀσθενείας
2669 4043 3054 4107 ἀποκλείοντες
3074 4045 3187 4108 τοῖς
3213 4043 3540 4111 ὲπιφύεσθαι
3571 4041 3935 4113 βουλομένοις,

2288 4203 2290 4206 ι
2361 4134 2418 4186 ἐν
2445 4127 2526 4196 οἷς
2559 4135 2628 4187 τὰ
2651 4134 2793 4205 ὑπὲρ
2818 4133 3108 4206 ἄνθρωπον
3137 4134 3600 4205 διασκεπτόμεθα.

2441 4225 2846 4298 Ὀμολογοῦμεν
2871 4227 3161 4299 τοιγαροῦν
3185 4228 3277 4281 τὸν
3309 4228 3514 4299 Κύριον
3539 4228 3695 4300 ἡμῶν
3733 4229 3937 4300 Ἰησοῦν

2358 4319 2594 4389 Χριστὸν
2630 4319 2722 4374 τὸν
2761 4319 2891 4374 Υίδν
2925 4321 3019 4375 τοῦ
3066 4321 3203 4375 Θεοῦ
3238 4322 3328 4375 τὸν
3365 4322 3651 4392 μονογενῆ,
3681 4322 3810 4378 Θεὸν
3849 4324 3936 4378 τέ-

2359 4407 2523 4474 λειον,
2564 4411 2660 4464 καὶ
2687 4409 2974 4484 ἄνθρωπον
3011 4411 3219 4465 τέλειον
3282 4413 3346 4464 ὲκ
3377 4411 3556 4482 ψυχῆς
3596 4412 3815 4482 λογικῆς
3840 4416 3933 4468 καὶ

671 4517 806 4575 pore
835 4521 847 4556 :
877 4513 1004 4558 ante
1035 4504 1233 4560 saecula
1257 4505 1480 4573 quidem
1505 4521 1571 4559 ex
1597 4507 1758 4561 Patre
1782 4507 2086 4561 secundum
2115 4507 2256 4561 divi-

2363 4499 2634 4569 σώματος,
2660 4502 2766 4571 πρὸ
2794 4499 3008 4555 αἰώνων
3037 4501 3137 4572 μὲν
3168 4505 3231 4557 ὲκ
3247 4502 3340 4556 τοῦ
3373 4503 3588 4574 Πατρὸς
3615 4505 3934 4573 γεννηθέντα

671 4600 900 4653 nitatem
938 4601 1205 4669 genitum,
1239 4601 1534 4668 postremis
1572 4618 1704 4657 vero
1733 4601 2078 4671 temporibus
2100 4617 2256 4656 eum-

671 4690 797 4745 dem
837 4691 1014 4760 ipsnm
1042 4701 1266 4762 propter
1293 4708 1394 4746 nos
1421 4700 1476 4746 et
1501 4703 1725 4763 propter
1754 4703 1999 4747 nostram
2021 4694 2253 4748 salutem

671 4797 738 4838 ex
759 4782 926 4836 Maria
959 4783 1183 4853 Virgine
1227 4784 1532 4839 secundum
1572 4786 1970 4840 humanitatem
2004 4795 2194 4840 natum
2235 4805 2248 4841 :

670 4874 928 4930 eumdem
957 4876 1482 4932 consubstantialem
1526 4877 1676 4932 Patri
1716 4879 2020 4933 secundum
2054 4879 2254 4934 divini-

673 4973 863 5030 tatem,
893 4975 948 5020 et
968 4967 1494 5023 consubstantialem
1535 4969 1695 5024 nobis
1722 4969 2024 5024 secundum
2055 4971 2251 5025 huma-

673 5057 923 5112 nitatem.
993 5059 1278 5128 Siquidem
1321 5060 1553 5115 duarum
1597 5070 1920 5117 naturarum
1970 5061 2113 5117 facta
2170 5070 2256 5116 est

673 5148 806 5202 unio
833 5166 846 5201 :
879 5158 1104 5219 propter
1136 5150 1284 5221 quod
1313 5168 1481 5206 unum
1511 5151 1812 5218 Christum,
1836 5169 2006 5207 unum
2031 5153 2252 5219 Filium,

673 5254 846 5293 unum
869 5239 1160 5294 Dominum
1183 5241 1532 5296 conﬁtemur.
1561 5240 1875 5296 Secundum
1899 5242 2047 5298 hunc
2067 5243 2258 5296 incon-

672 5329 806 5385 fusa:
838 5330 1065 5385 unitatis
1104 5331 1446 5386 intellectum
1493 5331 1821 5387 conﬁtemur
1850 5340 2096 5387 sanctam
2126 5333 2251 5387 Vir-

671 5424 855 5493 ginem
883 5424 979 5478 Dei
1012 5423 1350 5480 Genitricem
1393 5441 1534 5491 esse,
1578 5435 1872 5497 propterea
1917 5427 2065 5496 quod
2108 5427 2255 5482 Deus

674 5514 917 5573 Verbum
947 5517 1294 5574 incarnatum
1317 5526 1421 5582 est,
1448 5529 1502 5574 et
1529 5519 1694 5574 homo
1723 5517 1949 5582 factum,
1971 5527 2027 5573 et
2047 5533 2115 5573 ex
2137 5517 2255 5588 ipsa

2362 4592 2506 4645 κατά
2544 4596 2645 4663 τὴν
2687 4593 2940 4664 θεότητα,
2981 4596 3068 4647 ἐπ’
3101 4596 3348 4667 ἐσχάτων
3380 4595 3439 4649 δὲ
3460 4595 3568 4649 τῶν
3597 4597 3813 4669 ήμερῶν
3843 4600 3932 4652 τὸν

2360 4685 2522 4738 αὐτὸν
2551 4684 2617 4738 δι’
2662 4685 2830 4757 ἡμᾶς,
2864 4687 2958 4739 καὶ
2991 4687 3077 4742 διά
3103 4687 3201 4759 τὴν
3238 4689 3513 4759 ἡμετέραν
3550 4689 3836 4762 σωτηρίαν,
3868 4693 3932 4746 ἐκ

2362 4777 2584 4849 Μαρίας
2609 4777 2712 4846 τῆς
2737 4777 3014 4849 Παρθένου
3042 4780 3185 4834 κατά
3225 4780 3323 4850 τὴν
3351 4781 3777 4853 ἀνθρωπότηταο
3807 4787 3933 4853 ὁμο-

2358 4868 2542 4923 ούσιον
2567 4869 2646 4940 τῷ
2677 4872 2855 4941 Πατρὶ
2903 4873 2995 4925 τὸν
3035 4873 3199 4926 αὐτὸν
3229 4872 3372 4926 κατά
3415 4875 3514 4946 τὴν
3568 4874 3813 4945 θεότητα.
3840 4876 3931 4930 καὶ

2357 4964 2644 5034 δμοούσιον
2690 4967 2822 5035 ἡμῖν
2881 4965 3025 5020 κατά
3075 4968 3172 5038 τὴν
3217 4967 3635 5040 ἀνθρωπότητα.
3686 4969 3786 5023 Δύο
3824 4968 3930 5040 γὰρ

2357 5055 2576 5126 φύσεων
2602 5057 2796 5122 Ξνωσις
2812 5057 3006 5128 γέγονε
3025 5076 3040 5090 ο
3065 5059 3147 5114 διὸ
3163 5059 3256 5114 καὶ
3278 5061 3373 5116 ἕνα
3400 5062 3656 5133 Χριστὸν,
3671 5063 3765 5116 ἕνα
3785 5062 3928 5128 Υἰδν,

2357 5147 2456 5201 ἕνα
2481 5147 2690 5221 Κύριον
2717 5149 3110 5221 ὁμολογοῦμεν.
3147 5153 3304 5207 Κατὰ
3333 5154 3540 5225 ταύτην
3575 5155 3675 5226 τῆς
3703 5153 3929 5225 ἀσυγχύ-

2355 5256 2450 5292 του
2476 5239 2723 5306 ἑνώσεως
2756 5242 2988 5309 ἔννοιαν,
3015 5243 3386 5317 ὁμολογοῦμεν
3407 5247 3507 5318 τὴν
3539 5247 3698 5317 ἀγίαν
3720 5247 3926 5318 Παρθί-

2361 5348 2451 5385 νον
2477 5331 2764 5401 Θεοτόκον,
2791 5333 2879 5388 διά
2901 5334 2963 5387 τὸ
2985 5335 3078 5388 τὸν
3096 5335 3230 5392 Θεὸν
3251 5338 3424 5406 Λόγον
3445 5339 3808 5412 σαρκωθῆναι,
3834 5342 3926 5398 καὶ

2364 5424 2807 5497 ὲνανθρωπῆσαι,
2842 5427 2939 5481 καὶ
2963 5426 3024 5492 ἐξ
3054 5428 3225 5501 αὐτῆς
3261 5431 3359 5503 τῆς
3393 5431 3707 5502 συλλήψεως
3740 5431 3924 5490 ἐνῶααι

2362 5516 2542 5588 ἑαυτῷ
2581 5519 2675 5573 τὸν
2705 5518 2764 5585 ἐξ
2794 5519 2965 5592 αὐτῆς
2999 5519 3272 5595 ληφθέντα
3304 5523 3452 5580 ναόν.
3485 5525 3599 5590 Τάς
3625 5524 3685 5580 δὲ
3713 5525 3926 5597 εὐαγγε-

1723 5677 1898 5734 \'ariae
1936 5678 2197 5732 lectiones
2220 5675 2426 5734 codicis
2455 5677 2821 5749 Seguieriani.

740 5803 768 5842 ει
807 5793 1121 5864 ἀσφαλείας.
1205 5806 1223 5834 τ
1263 5796 1542 5867 ὑμέτερον.
