  <div class='ocr_page' id='page_1' title='image "/cluster/home/n/w/nwhite01/storage/ocr_20150623/77/pst.000004029045/094.png"; bbox 0 0 4154 6322; ppageno 0'>
   <div class='ocr_carea' id='block_1_1' title="bbox 317 336 416 394">
    <p class='ocr_par' dir='ltr' id='par_1_1' title="bbox 317 336 416 394">
     <span class='ocr_line' id='line_1_1' title="bbox 317 336 416 394; baseline -0.01 0"><span class='ocrx_word' id='word_1_1' title='bbox 317 336 416 394; x_wconf 65' lang='grc' dir='ltr'>επ</span> 
     </span>
    </p>
   </div>
   <div class='ocr_carea' id='block_1_2' title="bbox 1640 330 1898 399">
    <p class='ocr_par' dir='ltr' id='par_1_2' title="bbox 1640 338 1898 399">
     <span class='ocr_line' id='line_1_2' title="bbox 1640 338 1898 399; baseline -0.004 0"><span class='ocrx_word' id='word_1_2' title='bbox 1640 338 1898 399; x_wconf 62' lang='grc' dir='ltr'>τριετοι</span> 
     </span>
    </p>
   </div>
   <div class='ocr_carea' id='block_1_3' title="bbox 1996 330 3561 399">
    <p class='ocr_par' dir='ltr' id='par_1_3' title="bbox 2013 330 3561 399">
     <span class='ocr_line' id='line_1_3' title="bbox 2013 330 3561 399; baseline -0.008 -2"><span class='ocrx_word' id='word_1_3' title='bbox 2013 341 2252 399; x_wconf 85' lang='lat' dir='ltr'><strong>XXXIX.</strong></span> <span class='ocrx_word' id='word_1_4' title='bbox 3466 330 3561 386; x_wconf 76' lang='grc' dir='ltr'>1τί</span> 
     </span>
    </p>
   </div>
   <div class='ocr_carea' id='block_1_4' title="bbox 316 450 1898 536">
    <p class='ocr_par' dir='ltr' id='par_1_4' title="bbox 316 461 1892 536">
     <span class='ocr_line' id='line_1_4' title="bbox 316 461 1892 536; baseline -0.003 -14"><span class='ocrx_word' id='word_1_5' title='bbox 316 466 496 536; x_wconf 80' lang='grc' dir='ltr'>λικάς,</span> <span class='ocrx_word' id='word_1_6' title='bbox 528 461 642 519; x_wconf 82' lang='grc' dir='ltr'>καὶ</span> <span class='ocrx_word' id='word_1_7' title='bbox 698 462 1063 528; x_wconf 72' lang='grc' dir='ltr'>ἀποπολικάς</span> <span class='ocrx_word' id='word_1_8' title='bbox 1108 462 1240 536; x_wconf 83' lang='grc' dir='ltr'><strong>περί</strong></span> <span class='ocrx_word' id='word_1_9' title='bbox 1286 461 1384 518; x_wconf 87' lang='grc' dir='ltr'><strong>τοῦ</strong></span> <span class='ocrx_word' id='word_1_10' title='bbox 1437 461 1642 534; x_wconf 79' lang='grc' dir='ltr'><strong>Κυρίου</strong></span> <span class='ocrx_word' id='word_1_11' title='bbox 1686 462 1892 532; x_wconf 79' lang='grc' dir='ltr'>φωνὰς,</span> 
     </span>
    </p>
   </div>
   <div class='ocr_carea' id='block_1_5' title="bbox 1996 450 3541 536">
    <p class='ocr_par' dir='ltr' id='par_1_5' title="bbox 1996 450 3541 535">
     <span class='ocr_line' id='line_1_5' title="bbox 1996 450 3541 535; baseline -0.01 -15"><span class='ocrx_word' id='word_1_12' title='bbox 1996 464 2357 535; x_wconf 88' lang='lat' dir='ltr'><strong>conceptione</strong></span> <span class='ocrx_word' id='word_1_13' title='bbox 2391 463 2568 518; x_wconf 87' lang='lat' dir='ltr'><strong>univit</strong></span> <span class='ocrx_word' id='word_1_14' title='bbox 2596 459 2702 516; x_wconf 83' lang='lat' dir='ltr'><strong>sibi</strong></span> <span class='ocrx_word' id='word_1_15' title='bbox 2734 457 3021 530; x_wconf 87' lang='lat' dir='ltr'><strong>templum,</strong></span> <span class='ocrx_word' id='word_1_16' title='bbox 3059 453 3209 526; x_wconf 89' lang='lat' dir='ltr'><strong>quod</strong></span> <span class='ocrx_word' id='word_1_17' title='bbox 3248 467 3317 508; x_wconf 78' lang='lat' dir='ltr'><strong>ex</strong></span> <span class='ocrx_word' id='word_1_18' title='bbox 3346 450 3450 506; x_wconf 86' lang='lat' dir='ltr'><strong>&#39;illa</strong></span> <span class='ocrx_word' id='word_1_19' title='bbox 3478 463 3541 505; x_wconf 81' lang='lat' dir='ltr'><strong>as</strong></span> 
     </span>
    </p>
   </div>
   <div class='ocr_carea' id='block_1_6' title="bbox 320 549 1896 631">
    <p class='ocr_par' dir='ltr' id='par_1_6' title="bbox 320 549 1896 631">
     <span class='ocr_line' id='line_1_6' title="bbox 320 549 1896 631; baseline -0.003 -19"><span class='ocrx_word' id='word_1_20' title='bbox 320 561 478 631; x_wconf 79' lang='grc' dir='ltr'>ίσμεν</span> <span class='ocrx_word' id='word_1_21' title='bbox 511 557 642 621; x_wconf 79' lang='grc' dir='ltr'>τοὺς</span> <span class='ocrx_word' id='word_1_22' title='bbox 680 549 964 626; x_wconf 83' lang='grc' dir='ltr'>θεόλόγους</span> <span class='ocrx_word' id='word_1_23' title='bbox 997 563 1021 592; x_wconf 67' lang='grc' dir='ltr'><strong>θ</strong></span> <span class='ocrx_word' id='word_1_24' title='bbox 1055 554 1252 627; x_wconf 76' lang='grc' dir='ltr'>ἄνδρας</span> <span class='ocrx_word' id='word_1_25' title='bbox 1277 555 1378 620; x_wconf 79' lang='grc' dir='ltr'>τὰς</span> <span class='ocrx_word' id='word_1_26' title='bbox 1408 553 1508 627; x_wconf 66' lang='grc' dir='ltr'>μιν</span> <span class='ocrx_word' id='word_1_27' title='bbox 1537 553 1896 610; x_wconf 74' lang='grc' dir='ltr'>καινοποιοῦν-</span> 
     </span>
    </p>
   </div>
   <div class='ocr_carea' id='block_1_7' title="bbox 318 645 1897 720">
    <p class='ocr_par' dir='ltr' id='par_1_7' title="bbox 318 645 1897 720">
     <span class='ocr_line' id='line_1_7' title="bbox 318 645 1897 720; baseline -0.001 -16"><span class='ocrx_word' id='word_1_28' title='bbox 318 669 438 715; x_wconf 87' lang='grc' dir='ltr'>τας,</span> <span class='ocrx_word' id='word_1_29' title='bbox 471 649 549 715; x_wconf 85' lang='grc' dir='ltr'><strong>ὡς</strong></span> <span class='ocrx_word' id='word_1_30' title='bbox 577 649 666 720; x_wconf 68' lang='grc' dir='ltr'><strong>ἐφ’</strong></span> <span class='ocrx_word' id='word_1_31' title='bbox 693 648 814 714; x_wconf 74' lang='grc' dir='ltr'>ἑνὸς</span> <span class='ocrx_word' id='word_1_32' title='bbox 845 645 1162 720; x_wconf 83' lang='grc' dir='ltr'>προσώπου,</span> <span class='ocrx_word' id='word_1_33' title='bbox 1191 649 1290 712; x_wconf 77' lang='grc' dir='ltr'><strong>τὰς</strong></span> <span class='ocrx_word' id='word_1_34' title='bbox 1313 648 1372 702; x_wconf 68' lang='grc' dir='ltr'><strong>δί</strong></span> <span class='ocrx_word' id='word_1_35' title='bbox 1411 646 1777 717; x_wconf 80' lang='grc' dir='ltr'>διαιροῦντας.</span> <span class='ocrx_word' id='word_1_36' title='bbox 1818 647 1897 710; x_wconf 82' lang='grc' dir='ltr'><strong>ὡς</strong></span> 
     </span>
    </p>
   </div>
   <div class='ocr_carea' id='block_1_8' title="bbox 1992 542 3560 626">
    <p class='ocr_par' dir='ltr' id='par_1_8' title="bbox 1992 542 3560 626">
     <span class='ocr_line' id='line_1_8' title="bbox 1992 542 3560 626; baseline -0.009 -15"><span class='ocrx_word' id='word_1_37' title='bbox 1992 557 2246 626; x_wconf 78' lang='lat' dir='ltr'><strong>sumpsit.</strong></span> <span class='ocrx_word' id='word_1_38' title='bbox 2276 554 2630 626; x_wconf 81' lang='lat' dir='ltr'><strong>Evangelicas</strong></span> <span class='ocrx_word' id='word_1_39' title='bbox 2671 560 2854 609; x_wconf 74' lang='lat' dir='ltr'><strong>autem</strong></span> <span class='ocrx_word' id='word_1_40' title='bbox 2893 558 2950 605; x_wconf 92' lang='lat' dir='ltr'><strong>et</strong></span> <span class='ocrx_word' id='word_1_41' title='bbox 2988 545 3316 621; x_wconf 86' lang='lat' dir='ltr'><strong>apostolicas</strong></span> <span class='ocrx_word' id='word_1_42' title='bbox 3356 543 3426 599; x_wconf 91' lang='lat' dir='ltr'><strong>de</strong></span> <span class='ocrx_word' id='word_1_43' title='bbox 3464 542 3560 598; x_wconf 92' lang='lat' dir='ltr'><strong>Do-</strong></span> 
     </span>
    </p>
   </div>
   <div class='ocr_carea' id='block_1_9' title="bbox 1993 633 3568 717">
    <p class='ocr_par' dir='ltr' id='par_1_9' title="bbox 1993 633 3568 717">
     <span class='ocr_line' id='line_1_9' title="bbox 1993 633 3568 717; baseline -0.01 -16"><span class='ocrx_word' id='word_1_44' title='bbox 1993 647 2147 701; x_wconf 89' lang='lat' dir='ltr'><strong>mino</strong></span> <span class='ocrx_word' id='word_1_45' title='bbox 2172 661 2359 711; x_wconf 89' lang='lat' dir='ltr'><strong>voces,</strong></span> <span class='ocrx_word' id='word_1_46' title='bbox 2391 646 2597 701; x_wconf 84' lang='lat' dir='ltr'><strong>scimus</strong></span> <span class='ocrx_word' id='word_1_47' title='bbox 2633 657 2826 717; x_wconf 74' lang='lat' dir='ltr'><strong>graves</strong></span> <span class='ocrx_word' id='word_1_48' title='bbox 2865 638 3152 709; x_wconf 73' lang='lat' dir='ltr'><strong>theologos</strong></span> <span class='ocrx_word' id='word_1_49' title='bbox 3179 637 3316 692; x_wconf 84' lang='lat' dir='ltr'><strong>alias</strong></span> <span class='ocrx_word' id='word_1_50' title='bbox 3345 633 3568 705; x_wconf 84' lang='lat' dir='ltr'><strong>quidem</strong></span> 
     </span>
    </p>
   </div>
   <div class='ocr_carea' id='block_1_10' title="bbox 318 733 1898 811">
    <p class='ocr_par' dir='ltr' id='par_1_10' title="bbox 318 735 1898 811">
     <span class='ocr_line' id='line_1_10' title="bbox 318 735 1898 811; baseline -0.004 -15"><span class='ocrx_word' id='word_1_51' title='bbox 318 742 413 796; x_wconf 73' lang='grc' dir='ltr'><strong>ὲπὶ</strong></span> <span class='ocrx_word' id='word_1_52' title='bbox 434 740 544 796; x_wconf 81' lang='grc' dir='ltr'>δύο</span> <span class='ocrx_word' id='word_1_53' title='bbox 584 740 834 811; x_wconf 78' lang='grc' dir='ltr'>φύσεων·</span> <span class='ocrx_word' id='word_1_54' title='bbox 873 738 966 793; x_wconf 76' lang='grc' dir='ltr'>καὶ</span> <span class='ocrx_word' id='word_1_55' title='bbox 998 739 1097 802; x_wconf 82' lang='grc' dir='ltr'><strong>τὰς</strong></span> <span class='ocrx_word' id='word_1_56' title='bbox 1129 739 1230 811; x_wconf 68' lang='grc' dir='ltr'>μιν</span> <span class='ocrx_word' id='word_1_57' title='bbox 1265 737 1588 811; x_wconf 76' lang='grc' dir='ltr'>θωπρεπείς</span> <span class='ocrx_word' id='word_1_58' title='bbox 1630 737 1772 792; x_wconf 90' lang='grc' dir='ltr'><strong>κατά</strong></span> <span class='ocrx_word' id='word_1_59' title='bbox 1799 735 1898 809; x_wconf 77' lang='grc' dir='ltr'>τὴν</span> 
     </span>
    </p>
   </div>
   <div class='ocr_carea' id='block_1_11' title="bbox 1996 733 3562 811">
    <p class='ocr_par' dir='ltr' id='par_1_11' title="bbox 1996 733 3562 807">
     <span class='ocr_line' id='line_1_11' title="bbox 1996 733 3562 807; baseline -0.01 -14"><span class='ocrx_word' id='word_1_60' title='bbox 1996 753 2317 794; x_wconf 85' lang='lat' dir='ltr'><strong>communes</strong></span> <span class='ocrx_word' id='word_1_61' title='bbox 2340 738 2538 803; x_wconf 77' lang='lat' dir='ltr'><strong>facere,</strong></span> <span class='ocrx_word' id='word_1_62' title='bbox 2562 745 2823 807; x_wconf 78' lang='lat' dir='ltr'><strong>tanquam</strong></span> <span class='ocrx_word' id='word_1_63' title='bbox 2844 733 2914 788; x_wconf 92' lang='lat' dir='ltr'><strong>ad</strong></span> <span class='ocrx_word' id='word_1_64' title='bbox 2937 745 3101 787; x_wconf 79' lang='lat' dir='ltr'><strong>unam</strong></span> <span class='ocrx_word' id='word_1_65' title='bbox 3125 741 3422 801; x_wconf 82' lang='lat' dir='ltr'><strong>personam</strong></span> <span class='ocrx_word' id='word_1_66' title='bbox 3445 739 3562 795; x_wconf 84' lang='lat' dir='ltr'><strong>per-</strong></span> 
     </span>
    </p>
   </div>
   <div class='ocr_carea' id='block_1_12' title="bbox 319 822 1898 905">
    <p class='ocr_par' dir='ltr' id='par_1_12' title="bbox 319 827 1898 905">
     <span class='ocr_line' id='line_1_12' title="bbox 319 827 1898 905; baseline -0.003 -19"><span class='ocrx_word' id='word_1_67' title='bbox 319 833 552 905; x_wconf 62' lang='grc' dir='ltr'>θεόνι-ητα</span> <span class='ocrx_word' id='word_1_68' title='bbox 603 831 700 886; x_wconf 90' lang='grc' dir='ltr'><strong>τοῦ</strong></span> <span class='ocrx_word' id='word_1_69' title='bbox 740 829 1002 902; x_wconf 76' lang='grc' dir='ltr'><strong>Χριστοῦ,</strong></span> <span class='ocrx_word' id='word_1_70' title='bbox 1051 830 1152 893; x_wconf 76' lang='grc' dir='ltr'><strong>τάς</strong></span> <span class='ocrx_word' id='word_1_71' title='bbox 1200 829 1258 884; x_wconf 73' lang='grc' dir='ltr'>δὲ</span> <span class='ocrx_word' id='word_1_72' title='bbox 1301 830 1565 895; x_wconf 80' lang='grc' dir='ltr'>ταπεινάς</span> <span class='ocrx_word' id='word_1_73' title='bbox 1611 827 1755 884; x_wconf 86' lang='grc' dir='ltr'><strong>κατά</strong></span> <span class='ocrx_word' id='word_1_74' title='bbox 1799 827 1898 898; x_wconf 81' lang='grc' dir='ltr'><strong>τὴν</strong></span> 
     </span>
    </p>
   </div>
   <div class='ocr_carea' id='block_1_13' title="bbox 1996 822 3571 905">
    <p class='ocr_par' dir='ltr' id='par_1_13' title="bbox 1997 822 3571 899">
     <span class='ocr_line' id='line_1_13' title="bbox 1997 822 3571 899; baseline -0.01 -15"><span class='ocrx_word' id='word_1_75' title='bbox 1997 830 2268 896; x_wconf 89' lang='lat' dir='ltr'><strong>tinentes;</strong></span> <span class='ocrx_word' id='word_1_76' title='bbox 2308 829 2444 884; x_wconf 88' lang='lat' dir='ltr'><strong>alias</strong></span> <span class='ocrx_word' id='word_1_77' title='bbox 2486 843 2642 892; x_wconf 85' lang='lat' dir='ltr'><strong>vero,</strong></span> <span class='ocrx_word' id='word_1_78' title='bbox 2691 832 2918 899; x_wconf 90' lang='lat' dir='ltr'><strong>propter</strong></span> <span class='ocrx_word' id='word_1_79' title='bbox 2962 822 3200 878; x_wconf 85' lang='lat' dir='ltr'><strong>duarum</strong></span> <span class='ocrx_word' id='word_1_80' title='bbox 3247 825 3571 875; x_wconf 72' lang='lat' dir='ltr'><strong>naturarum</strong></span> 
     </span>
    </p>
   </div>
   <div class='ocr_carea' id='block_1_14' title="bbox 317 920 1358 997">
    <p class='ocr_par' dir='ltr' id='par_1_14' title="bbox 317 920 1358 997">
     <span class='ocr_line' id='line_1_14' title="bbox 317 920 1358 997; baseline -0.006 -17"><span class='ocrx_word' id='word_1_81' title='bbox 317 925 416 980; x_wconf 85' lang='grc' dir='ltr'><strong>ἀνθ</strong></span> <span class='ocrx_word' id='word_1_82' title='bbox 424 925 717 997; x_wconf 78' lang='grc' dir='ltr'>ρωπότητα</span> <span class='ocrx_word' id='word_1_83' title='bbox 739 921 909 976; x_wconf 81' lang='grc' dir='ltr'>αὐτοῦ</span> <span class='ocrx_word' id='word_1_84' title='bbox 946 920 1358 994; x_wconf 80' lang='grc' dir='ltr'><strong>παραδιδόντας.</strong></span> 
     </span>
    </p>
   </div>
   <div class='ocr_carea' id='block_1_15' title="bbox 1999 907 3593 989">
    <p class='ocr_par' dir='ltr' id='par_1_15' title="bbox 1999 907 3593 989">
     <span class='ocr_line' id='line_1_15' title="bbox 1999 907 3593 989; baseline -0.01 -13"><span class='ocrx_word' id='word_1_85' title='bbox 1999 921 2399 986; x_wconf 82' lang='lat' dir='ltr'><strong>diversitatem,</strong></span> <span class='ocrx_word' id='word_1_86' title='bbox 2433 919 2652 976; x_wconf 89' lang='lat' dir='ltr'><strong>divisim</strong></span> <span class='ocrx_word' id='word_1_87' title='bbox 2694 930 3055 989; x_wconf 81' lang='lat' dir='ltr'><strong>nuncupare:</strong></span> <span class='ocrx_word' id='word_1_88' title='bbox 3086 921 3144 971; x_wconf 86' lang='lat' dir='ltr'><strong>et</strong></span> <span class='ocrx_word' id='word_1_89' title='bbox 3186 911 3310 968; x_wconf 88' lang='lat' dir='ltr'><strong>illas</strong></span> <span class='ocrx_word' id='word_1_90' title='bbox 3349 907 3593 980; x_wconf 77' lang='lat' dir='ltr'><strong>quidem.</strong></span> 
     </span>
    </p>
   </div>
   <div class='ocr_carea' id='block_1_16' title="bbox 317 999 3574 1086">
    <p class='ocr_par' dir='ltr' id='par_1_16' title="bbox 317 999 3574 1086">
     <span class='ocr_line' id='line_1_16' title="bbox 317 999 3574 1086; baseline -0.006 -13"><span class='ocrx_word' id='word_1_91' title='bbox 317 1031 442 1086; x_wconf 64' lang='lat' dir='ltr'><strong>qua</strong></span> <span class='ocrx_word' id='word_1_92' title='bbox 497 1016 613 1072; x_wconf 89' lang='lat' dir='ltr'><strong>Deo</strong></span> <span class='ocrx_word' id='word_1_93' title='bbox 651 1013 1009 1079; x_wconf 85' lang='lat' dir='ltr'><strong>conveniunt,</strong></span> <span class='ocrx_word' id='word_1_94' title='bbox 1049 1012 1117 1069; x_wconf 90' lang='lat' dir='ltr'><strong>ad</strong></span> <span class='ocrx_word' id='word_1_95' title='bbox 1194 1011 1403 1068; x_wconf 77' lang='lat' dir='ltr'><strong>Christi</strong></span> <span class='ocrx_word' id='word_1_96' title='bbox 1466 1012 1849 1082; x_wconf 67' lang='lat' dir='ltr'><strong>divinitatem;</strong></span> <span class='ocrx_word' id='word_1_97' title='bbox 1918 1014 2156 1070; x_wconf 85' lang='lat' dir='ltr'><strong>humiles</strong></span> <span class='ocrx_word' id='word_1_98' title='bbox 2211 1028 2346 1069; x_wconf 89' lang='lat' dir='ltr'><strong>vero</strong></span> <span class='ocrx_word' id='word_1_99' title='bbox 2383 1053 2400 1078; x_wconf 90' lang='lat'><strong>,</strong></span> <span class='ocrx_word' id='word_1_100' title='bbox 2473 1010 2542 1066; x_wconf 89' lang='lat' dir='ltr'><strong>ad</strong></span> <span class='ocrx_word' id='word_1_101' title='bbox 2604 1007 2852 1082; x_wconf 76' lang='lat' dir='ltr'><strong>ejusdem</strong></span> <span class='ocrx_word' id='word_1_102' title='bbox 2909 1004 3310 1062; x_wconf 76' lang='lat' dir='ltr'><strong>humanitatem</strong></span> <span class='ocrx_word' id='word_1_103' title='bbox 3363 999 3574 1056; x_wconf 77' lang='lat' dir='ltr'><strong>referre</strong></span> 
     </span>
    </p>
   </div>
   <div class='ocr_carea' id='block_1_17' title="bbox 323 1108 527 1164">
    <p class='ocr_par' dir='ltr' id='par_1_17' title="bbox 323 1108 527 1164">
     <span class='ocr_line' id='line_1_17' title="bbox 323 1108 527 1164; baseline -0.005 0"><span class='ocrx_word' id='word_1_104' title='bbox 323 1108 527 1164; x_wconf 87' lang='lat' dir='ltr'><strong>solere.</strong></span> 
     </span>
    </p>
   </div>
   <div class='ocr_carea' id='block_1_18' title="bbox 392 1194 1896 1269">
    <p class='ocr_par' dir='ltr' id='par_1_18' title="bbox 392 1194 1896 1269">
     <span class='ocr_line' id='line_1_18' title="bbox 392 1194 1896 1269; baseline 0 -17"><span class='ocrx_word' id='word_1_105' title='bbox 392 1194 505 1263; x_wconf 80' lang='grc' dir='ltr'>Ἧς</span> <span class='ocrx_word' id='word_1_106' title='bbox 530 1196 837 1269; x_wconf 74' lang='grc' dir='ltr'><strong>δεχθείσης,</strong></span> <span class='ocrx_word' id='word_1_107' title='bbox 873 1195 1191 1268; x_wconf 77' lang='grc' dir='ltr'><strong>συνήρεσεν,</strong></span> <span class='ocrx_word' id='word_1_108' title='bbox 1229 1196 1312 1261; x_wconf 88' lang='grc' dir='ltr'><strong>εἰς</strong></span> <span class='ocrx_word' id='word_1_109' title='bbox 1352 1195 1635 1269; x_wconf 83' lang='grc' dir='ltr'>ἀναίρεσιν</span> <span class='ocrx_word' id='word_1_110' title='bbox 1673 1195 1896 1269; x_wconf 82' lang='grc' dir='ltr'>ἀπάσης</span> 
     </span>
    </p>
   </div>
   <div class='ocr_carea' id='block_1_19' title="bbox 321 1283 1895 1360">
    <p class='ocr_par' dir='ltr' id='par_1_19' title="bbox 321 1283 1895 1360">
     <span class='ocr_line' id='line_1_19' title="bbox 321 1283 1895 1360; baseline -0.003 -17"><span class='ocrx_word' id='word_1_111' title='bbox 321 1287 680 1360; x_wconf 75' lang='grc' dir='ltr'><strong>φιλονεικίας,</strong></span> <span class='ocrx_word' id='word_1_112' title='bbox 701 1286 798 1341; x_wconf 79' lang='grc' dir='ltr'><strong>καί</strong></span> <span class='ocrx_word' id='word_1_113' title='bbox 824 1285 966 1356; x_wconf 72' lang='grc' dir='ltr'>ὑπὲρ</span> <span class='ocrx_word' id='word_1_114' title='bbox 1000 1284 1096 1338; x_wconf 91' lang='grc' dir='ltr'><strong>τοῦ</strong></span> <span class='ocrx_word' id='word_1_115' title='bbox 1128 1285 1228 1357; x_wconf 80' lang='grc' dir='ltr'><strong>τὴν</strong></span> <span class='ocrx_word' id='word_1_116' title='bbox 1255 1283 1644 1358; x_wconf 76' lang='grc' dir='ltr'>οἰκουμενικὴν</span> <span class='ocrx_word' id='word_1_117' title='bbox 1672 1287 1895 1360; x_wconf 80' lang='grc' dir='ltr'>εἰρήνην</span> 
     </span>
    </p>
   </div>
   <div class='ocr_carea' id='block_1_20' title="bbox 321 1375 1896 1453">
    <p class='ocr_par' dir='ltr' id='par_1_20' title="bbox 321 1375 1896 1453">
     <span class='ocr_line' id='line_1_20' title="bbox 321 1375 1896 1453; baseline -0.001 -19"><span class='ocrx_word' id='word_1_118' title='bbox 321 1378 690 1453; x_wconf 83' lang='grc' dir='ltr'>βραϐευθῆναι</span> <span class='ocrx_word' id='word_1_119' title='bbox 719 1379 739 1416; x_wconf 71' lang='grc' dir='ltr'><strong>ί</strong></span> <span class='ocrx_word' id='word_1_120' title='bbox 770 1381 890 1444; x_wconf 79' lang='grc' dir='ltr'>ταῖς</span> <span class='ocrx_word' id='word_1_121' title='bbox 908 1376 1005 1432; x_wconf 87' lang='grc' dir='ltr'><strong>τοῦ</strong></span> <span class='ocrx_word' id='word_1_122' title='bbox 1037 1375 1172 1431; x_wconf 85' lang='grc' dir='ltr'>Θεοῦ</span> <span class='ocrx_word' id='word_1_123' title='bbox 1189 1376 1377 1446; x_wconf 78' lang='grc' dir='ltr'>ἁγίαις</span> <span class='ocrx_word' id='word_1_124' title='bbox 1411 1376 1778 1447; x_wconf 82' lang='grc' dir='ltr'>Ἐκκλησίαις,</span> <span class='ocrx_word' id='word_1_125' title='bbox 1802 1377 1896 1432; x_wconf 80' lang='grc' dir='ltr'>καὶ</span> 
     </span>
    </p>
   </div>
   <div class='ocr_carea' id='block_1_21' title="bbox 317 1468 1896 1541">
    <p class='ocr_par' dir='ltr' id='par_1_21' title="bbox 317 1468 1896 1541">
     <span class='ocr_line' id='line_1_21' title="bbox 317 1468 1896 1541; baseline -0.004 -13"><span class='ocrx_word' id='word_1_126' title='bbox 317 1470 566 1529; x_wconf 70' lang='grc' dir='ltr'>ἐκποδὼν</span> <span class='ocrx_word' id='word_1_127' title='bbox 613 1470 684 1525; x_wconf 80' lang='grc' dir='ltr'><strong>τὰ</strong></span> <span class='ocrx_word' id='word_1_128' title='bbox 735 1470 1045 1541; x_wconf 73' lang='grc' dir='ltr'>ἀναφυιντα</span> <span class='ocrx_word' id='word_1_129' title='bbox 1099 1468 1355 1538; x_wconf 77' lang='grc' dir='ltr'>γενέσθαι</span> <span class='ocrx_word' id='word_1_130' title='bbox 1402 1469 1694 1535; x_wconf 79' lang='grc' dir='ltr'>σκάνδαλα,</span> <span class='ocrx_word' id='word_1_131' title='bbox 1751 1468 1896 1541; x_wconf 64' lang='grc' dir='ltr'>ἐχειν</span> 
     </span>
    </p>
   </div>
   <div class='ocr_carea' id='block_1_22' title="bbox 2075 1183 3576 1266">
    <p class='ocr_par' dir='ltr' id='par_1_22' title="bbox 2075 1183 3576 1266">
     <span class='ocr_line' id='line_1_22' title="bbox 2075 1183 3576 1266; baseline -0.007 -14"><span class='ocrx_word' id='word_1_132' title='bbox 2075 1193 2235 1266; x_wconf 68' lang='grc'><strong>104</strong></span> <span class='ocrx_word' id='word_1_133' title='bbox 2249 1193 2364 1250; x_wconf 85' lang='lat' dir='ltr'><strong>Hac</strong></span> <span class='ocrx_word' id='word_1_134' title='bbox 2388 1192 2495 1249; x_wconf 90' lang='lat' dir='ltr'><strong>ﬁde</strong></span> <span class='ocrx_word' id='word_1_135' title='bbox 2527 1201 2803 1263; x_wconf 87' lang='lat' dir='ltr'><strong>suscepta,</strong></span> <span class='ocrx_word' id='word_1_136' title='bbox 2840 1189 3050 1262; x_wconf 85' lang='lat' dir='ltr'><strong>placuit</strong></span> <span class='ocrx_word' id='word_1_137' title='bbox 3090 1186 3255 1243; x_wconf 88' lang='lat' dir='ltr'><strong>nobis</strong></span> <span class='ocrx_word' id='word_1_138' title='bbox 3297 1193 3362 1241; x_wconf 91' lang='lat' dir='ltr'><strong>ut</strong></span> <span class='ocrx_word' id='word_1_139' title='bbox 3392 1183 3576 1242; x_wconf 79' lang='lat' dir='ltr'><strong>omnis</strong></span> 
     </span>
    </p>
   </div>
   <div class='ocr_carea' id='block_1_23' title="bbox 1994 1274 3577 1352">
    <p class='ocr_par' dir='ltr' id='par_1_23' title="bbox 1994 1274 3577 1352">
     <span class='ocr_line' id='line_1_23' title="bbox 1994 1274 3577 1352; baseline -0.008 -11"><span class='ocrx_word' id='word_1_140' title='bbox 1994 1286 2219 1342; x_wconf 84' lang='lat' dir='ltr'><strong>tollatur</strong></span> <span class='ocrx_word' id='word_1_141' title='bbox 2231 1283 2973 1352; x_wconf 86' lang='lat' dir='ltr'><strong>contentio,universalisque</strong></span> <span class='ocrx_word' id='word_1_142' title='bbox 2985 1278 3190 1336; x_wconf 84' lang='lat' dir='ltr'><strong>sanctis</strong></span> <span class='ocrx_word' id='word_1_143' title='bbox 3199 1277 3298 1334; x_wconf 89' lang='lat' dir='ltr'><strong>Dei</strong></span> <span class='ocrx_word' id='word_1_144' title='bbox 3311 1274 3577 1333; x_wconf 88' lang='lat' dir='ltr'><strong>Ecclesiis</strong></span> 
     </span>
    </p>
   </div>
   <div class='ocr_carea' id='block_1_24' title="bbox 1992 1366 3576 1448">
    <p class='ocr_par' dir='ltr' id='par_1_24' title="bbox 1992 1366 3576 1448">
     <span class='ocr_line' id='line_1_24' title="bbox 1992 1366 3576 1448; baseline -0.006 -16"><span class='ocrx_word' id='word_1_145' title='bbox 1992 1392 2096 1448; x_wconf 84' lang='lat' dir='ltr'><strong>per</strong></span> <span class='ocrx_word' id='word_1_146' title='bbox 2120 1377 2311 1432; x_wconf 90' lang='lat' dir='ltr'><strong>orbem</strong></span> <span class='ocrx_word' id='word_1_147' title='bbox 2352 1375 2561 1448; x_wconf 85' lang='lat' dir='ltr'><strong>sparsis</strong></span> <span class='ocrx_word' id='word_1_148' title='bbox 2607 1391 2713 1446; x_wconf 86' lang='lat' dir='ltr'><strong>pax</strong></span> <span class='ocrx_word' id='word_1_149' title='bbox 2741 1375 3023 1439; x_wconf 87' lang='lat' dir='ltr'><strong>reddatur,</strong></span> <span class='ocrx_word' id='word_1_150' title='bbox 3054 1384 3270 1427; x_wconf 88' lang='lat' dir='ltr'><strong>necnon</strong></span> <span class='ocrx_word' id='word_1_151' title='bbox 3317 1366 3576 1424; x_wconf 78' lang='lat' dir='ltr'><strong>scandala</strong></span> 
     </span>
    </p>
   </div>
   <div class='ocr_carea' id='block_1_25' title="bbox 1996 1461 3576 1539">
    <p class='ocr_par' dir='ltr' id='par_1_25' title="bbox 1996 1461 3576 1539">
     <span class='ocr_line' id='line_1_25' title="bbox 1996 1461 3576 1539; baseline -0.006 -16"><span class='ocrx_word' id='word_1_152' title='bbox 1996 1469 2182 1523; x_wconf 88' lang='lat' dir='ltr'><strong>omnia</strong></span> <span class='ocrx_word' id='word_1_153' title='bbox 2211 1483 2333 1539; x_wconf 70' lang='lat' dir='ltr'><strong>quae</strong></span> <span class='ocrx_word' id='word_1_154' title='bbox 2357 1476 2547 1523; x_wconf 87' lang='lat' dir='ltr'><strong>exorta</strong></span> <span class='ocrx_word' id='word_1_155' title='bbox 2574 1474 2722 1532; x_wconf 91' lang='lat' dir='ltr'><strong>sunt,</strong></span> <span class='ocrx_word' id='word_1_156' title='bbox 2752 1481 2784 1523; x_wconf 92' lang='lat' dir='ltr'><strong>e</strong></span> <span class='ocrx_word' id='word_1_157' title='bbox 2810 1465 2993 1523; x_wconf 85' lang='lat' dir='ltr'><strong>medio</strong></span> <span class='ocrx_word' id='word_1_158' title='bbox 3014 1463 3355 1526; x_wconf 76' lang='lat' dir='ltr'><strong>auferantur,</strong></span> <span class='ocrx_word' id='word_1_159' title='bbox 3380 1461 3576 1516; x_wconf 88' lang='lat' dir='ltr'><strong>Nesto-</strong></span> 
     </span>
    </p>
   </div>
   <div class='ocr_carea' id='block_1_26' title="bbox 317 1552 1898 1636">
    <p class='ocr_par' dir='ltr' id='par_1_26' title="bbox 317 1559 1895 1636">
     <span class='ocr_line' id='line_1_26' title="bbox 317 1559 1895 1636; baseline -0.004 -17"><span class='ocrx_word' id='word_1_160' title='bbox 317 1567 467 1636; x_wconf 75' lang='grc' dir='ltr'>ἡμᾶς</span> <span class='ocrx_word' id='word_1_161' title='bbox 505 1563 804 1635; x_wconf 83' lang='grc' dir='ltr'>Νεστόριον</span> <span class='ocrx_word' id='word_1_162' title='bbox 847 1561 1252 1634; x_wconf 78' lang='grc' dir='ltr'><strong>καθῃρημένον,</strong></span> <span class='ocrx_word' id='word_1_163' title='bbox 1293 1559 1386 1614; x_wconf 82' lang='grc' dir='ltr'>τὸν</span> <span class='ocrx_word' id='word_1_164' title='bbox 1413 1559 1582 1615; x_wconf 76' lang='grc' dir='ltr'>πάλαι</span> <span class='ocrx_word' id='word_1_165' title='bbox 1607 1559 1895 1630; x_wconf 84' lang='grc' dir='ltr'>γενόμενον</span> 
     </span>
    </p>
   </div>
   <div class='ocr_carea' id='block_1_27' title="bbox 1996 1552 3575 1636">
    <p class='ocr_par' dir='ltr' id='par_1_27' title="bbox 1998 1553 3575 1627">
     <span class='ocr_line' id='line_1_27' title="bbox 1998 1553 3575 1627; baseline -0.004 -15"><span class='ocrx_word' id='word_1_166' title='bbox 1998 1557 2142 1612; x_wconf 90' lang='lat' dir='ltr'><strong>rium</strong></span> <span class='ocrx_word' id='word_1_167' title='bbox 2199 1557 2476 1627; x_wconf 88' lang='lat' dir='ltr'><strong>quondam</strong></span> <span class='ocrx_word' id='word_1_168' title='bbox 2528 1555 3199 1627; x_wconf 84' lang='lat' dir='ltr'><strong>Constantinopolitanum</strong></span> <span class='ocrx_word' id='word_1_169' title='bbox 3250 1553 3575 1625; x_wconf 86' lang='lat' dir='ltr'><strong>episcopum</strong></span> 
     </span>
    </p>
   </div>
   <div class='ocr_carea' id='block_1_28' title="bbox 318 1650 1889 1724">
    <p class='ocr_par' dir='ltr' id='par_1_28' title="bbox 318 1650 1889 1724">
     <span class='ocr_line' id='line_1_28' title="bbox 318 1650 1889 1724; baseline -0.002 -17"><span class='ocrx_word' id='word_1_170' title='bbox 318 1655 618 1708; x_wconf 69' lang='grc' dir='ltr'>ἐπίσκοπον</span> <span class='ocrx_word' id='word_1_171' title='bbox 642 1653 742 1724; x_wconf 83' lang='grc' dir='ltr'>τῆς</span> <span class='ocrx_word' id='word_1_172' title='bbox 773 1650 1431 1713; x_wconf 81' lang='grc' dir='ltr'>Κωνσταντινουπόλεως·</span> <span class='ocrx_word' id='word_1_173' title='bbox 1474 1650 1568 1703; x_wconf 79' lang='grc' dir='ltr'>καὶ</span> <span class='ocrx_word' id='word_1_174' title='bbox 1614 1650 1889 1719; x_wconf 83' lang='grc' dir='ltr'>ἀναθεμα-</span> 
     </span>
    </p>
   </div>
   <div class='ocr_carea' id='block_1_29' title="bbox 318 1740 1888 1815">
    <p class='ocr_par' dir='ltr' id='par_1_29' title="bbox 318 1740 1888 1815">
     <span class='ocr_line' id='line_1_29' title="bbox 318 1740 1888 1815; baseline -0.003 -17"><span class='ocrx_word' id='word_1_175' title='bbox 318 1744 540 1815; x_wconf 77' lang='grc' dir='ltr'>τίζομεν</span> <span class='ocrx_word' id='word_1_176' title='bbox 568 1742 670 1807; x_wconf 77' lang='grc' dir='ltr'><strong>τὰς</strong></span> <span class='ocrx_word' id='word_1_177' title='bbox 688 1742 898 1813; x_wconf 79' lang='grc' dir='ltr'>φαύλας</span> <span class='ocrx_word' id='word_1_178' title='bbox 926 1741 1090 1797; x_wconf 81' lang='grc' dir='ltr'>αὑτοῦ</span> <span class='ocrx_word' id='word_1_179' title='bbox 1117 1742 1213 1796; x_wconf 81' lang='grc' dir='ltr'><strong>καὶ</strong></span> <span class='ocrx_word' id='word_1_180' title='bbox 1245 1740 1506 1813; x_wconf 81' lang='grc' dir='ltr'>βεϐήλους</span> <span class='ocrx_word' id='word_1_181' title='bbox 1535 1741 1888 1810; x_wconf 82' lang='grc' dir='ltr'>κενοφωνίας,</span> 
     </span>
    </p>
   </div>
   <div class='ocr_carea' id='block_1_30' title="bbox 316 1831 1890 1906">
    <p class='ocr_par' dir='ltr' id='par_1_30' title="bbox 316 1831 1890 1906">
     <span class='ocr_line' id='line_1_30' title="bbox 316 1831 1890 1906; baseline -0.003 -16"><span class='ocrx_word' id='word_1_182' title='bbox 316 1835 404 1890; x_wconf 81' lang='grc' dir='ltr'>διὰ</span> <span class='ocrx_word' id='word_1_183' title='bbox 437 1835 499 1890; x_wconf 82' lang='grc' dir='ltr'>τὸ</span> <span class='ocrx_word' id='word_1_184' title='bbox 523 1835 622 1899; x_wconf 86' lang='grc' dir='ltr'><strong>τάς</strong></span> <span class='ocrx_word' id='word_1_185' title='bbox 648 1836 778 1905; x_wconf 82' lang='grc' dir='ltr'>παρ’</span> <span class='ocrx_word' id='word_1_186' title='bbox 807 1836 938 1906; x_wconf 80' lang='grc' dir='ltr'>ἡμῖν</span> <span class='ocrx_word' id='word_1_187' title='bbox 977 1833 1139 1902; x_wconf 85' lang='grc' dir='ltr'>ἁγίας</span> <span class='ocrx_word' id='word_1_188' title='bbox 1163 1832 1257 1886; x_wconf 89' lang='grc' dir='ltr'><strong>τοῦ</strong></span> <span class='ocrx_word' id='word_1_189' title='bbox 1277 1831 1414 1886; x_wconf 88' lang='grc' dir='ltr'>Θεοῦ</span> <span class='ocrx_word' id='word_1_190' title='bbox 1449 1831 1778 1904; x_wconf 81' lang='grc' dir='ltr'>Ἐκκλησίας</span> <span class='ocrx_word' id='word_1_191' title='bbox 1792 1833 1890 1904; x_wconf 82' lang='grc' dir='ltr'>τὴν</span> 
     </span>
    </p>
   </div>
   <div class='ocr_carea' id='block_1_31' title="bbox 314 1921 1891 2000">
    <p class='ocr_par' dir='ltr' id='par_1_31' title="bbox 314 1921 1891 2000">
     <span class='ocr_line' id='line_1_31' title="bbox 314 1921 1891 2000; baseline -0.001 -20"><span class='ocrx_word' id='word_1_192' title='bbox 314 1926 484 2000; x_wconf 65' lang='grc' dir='ltr'>ὀρθὴν</span> <span class='ocrx_word' id='word_1_193' title='bbox 511 1927 608 1980; x_wconf 77' lang='grc' dir='ltr'>καὶ</span> <span class='ocrx_word' id='word_1_194' title='bbox 632 1926 759 1997; x_wconf 83' lang='grc' dir='ltr'>ὑγιῆ</span> <span class='ocrx_word' id='word_1_195' title='bbox 787 1924 1078 1997; x_wconf 71' lang='grc' dir='ltr'>ἐσχηκέναι</span> <span class='ocrx_word' id='word_1_196' title='bbox 1096 1923 1298 1989; x_wconf 88' lang='grc' dir='ltr'>πίστιν,</span> <span class='ocrx_word' id='word_1_197' title='bbox 1333 1921 1428 1977; x_wconf 63' lang='grc' dir='ltr'><strong>κιιλ⁵</strong></span> <span class='ocrx_word' id='word_1_198' title='bbox 1453 1923 1766 1994; x_wconf 80' lang='grc' dir='ltr'>φυλάττειν,</span> <span class='ocrx_word' id='word_1_199' title='bbox 1798 1926 1891 1980; x_wconf 79' lang='grc' dir='ltr'>καὶ</span> 
     </span>
    </p>
   </div>
   <div class='ocr_carea' id='block_1_32' title="bbox 317 2013 1886 2090">
    <p class='ocr_par' dir='ltr' id='par_1_32' title="bbox 317 2013 1886 2090">
     <span class='ocr_line' id='line_1_32' title="bbox 317 2013 1886 2090; baseline 0.001 -19"><span class='ocrx_word' id='word_1_200' title='bbox 317 2017 674 2089; x_wconf 75' lang='grc' dir='ltr'>παραδιδόναι</span> <span class='ocrx_word' id='word_1_201' title='bbox 698 2018 810 2080; x_wconf 88' lang='grc' dir='ltr'>τοῖς</span> <span class='ocrx_word' id='word_1_202' title='bbox 835 2016 1007 2083; x_wconf 83' lang='grc' dir='ltr'>λαοίς,</span> <span class='ocrx_word' id='word_1_203' title='bbox 1033 2015 1178 2069; x_wconf 87' lang='grc' dir='ltr'>καθά</span> <span class='ocrx_word' id='word_1_204' title='bbox 1206 2015 1301 2068; x_wconf 76' lang='grc' dir='ltr'>καὶ</span> <span class='ocrx_word' id='word_1_205' title='bbox 1327 2016 1360 2085; x_wconf 81' lang='grc' dir='ltr'>ἡ</span> <span class='ocrx_word' id='word_1_206' title='bbox 1387 2013 1630 2088; x_wconf 77' lang='grc' dir='ltr'>ὑμετέρα</span> <span class='ocrx_word' id='word_1_207' title='bbox 1651 2016 1886 2090; x_wconf 82' lang='grc' dir='ltr'>ὁσιότης.</span> 
     </span>
    </p>
   </div>
   <div class='ocr_carea' id='block_1_33' title="bbox 316 2104 1891 2176">
    <p class='ocr_par' dir='ltr' id='par_1_33' title="bbox 316 2104 1891 2176">
     <span class='ocr_line' id='line_1_33' title="bbox 316 2104 1891 2176; baseline 0.001 -17"><span class='ocrx_word' id='word_1_208' title='bbox 316 2104 574 2159; x_wconf 86' lang='grc' dir='ltr'>Συναινοῦ</span> <span class='ocrx_word' id='word_1_209' title='bbox 584 2122 682 2176; x_wconf 87' lang='grc' dir='ltr'><strong>μεν</strong></span> <span class='ocrx_word' id='word_1_210' title='bbox 704 2105 762 2158; x_wconf 75' lang='grc' dir='ltr'>δὲ</span> <span class='ocrx_word' id='word_1_211' title='bbox 786 2106 882 2161; x_wconf 82' lang='grc' dir='ltr'><strong>καί</strong></span> <span class='ocrx_word' id='word_1_212' title='bbox 901 2108 968 2176; x_wconf 77' lang='grc' dir='ltr'>τῇ</span> <span class='ocrx_word' id='word_1_213' title='bbox 1003 2104 1307 2176; x_wconf 73' lang='grc' dir='ltr'>χειροτονίᾳ</span> <span class='ocrx_word' id='word_1_214' title='bbox 1341 2104 1436 2158; x_wconf 93' lang='grc' dir='ltr'><strong>τοῦ</strong></span> <span class='ocrx_word' id='word_1_215' title='bbox 1463 2105 1763 2161; x_wconf 80' lang='grc' dir='ltr'>όσιωτάτου</span> <span class='ocrx_word' id='word_1_216' title='bbox 1795 2107 1891 2162; x_wconf 78' lang='grc' dir='ltr'>καὶ</span> 
     </span>
    </p>
   </div>
   <div class='ocr_carea' id='block_1_34' title="bbox 318 2192 1890 2266">
    <p class='ocr_par' dir='ltr' id='par_1_34' title="bbox 318 2192 1890 2266">
     <span class='ocr_line' id='line_1_34' title="bbox 318 2192 1890 2266; baseline 0.002 -19"><span class='ocrx_word' id='word_1_217' title='bbox 318 2193 742 2264; x_wconf 77' lang='grc' dir='ltr'>θεοφιλεστάτου</span> <span class='ocrx_word' id='word_1_218' title='bbox 771 2193 1073 2247; x_wconf 71' lang='grc' dir='ltr'>ἐπισκόπου</span> <span class='ocrx_word' id='word_1_219' title='bbox 1096 2192 1442 2264; x_wconf 74' lang='grc' dir='ltr'>Μαξιμιανοῦ</span> <span class='ocrx_word' id='word_1_220' title='bbox 1472 2194 1570 2266; x_wconf 87' lang='grc' dir='ltr'>τῆς</span> <span class='ocrx_word' id='word_1_221' title='bbox 1596 2195 1890 2251; x_wconf 78' lang='grc' dir='ltr'>Κωνσταν-</span> 
     </span>
    </p>
   </div>
   <div class='ocr_carea' id='block_1_35' title="bbox 314 2283 1888 2356">
    <p class='ocr_par' dir='ltr' id='par_1_35' title="bbox 314 2283 1888 2356">
     <span class='ocr_line' id='line_1_35' title="bbox 314 2283 1888 2356; baseline 0.003 -18"><span class='ocrx_word' id='word_1_222' title='bbox 314 2285 678 2349; x_wconf 78' lang='grc' dir='ltr'>τινουπόλεως</span> <span class='ocrx_word' id='word_1_223' title='bbox 698 2285 861 2354; x_wconf 74' lang='grc' dir='ltr'>ἁγίας</span> <span class='ocrx_word' id='word_1_224' title='bbox 882 2283 977 2339; x_wconf 91' lang='grc' dir='ltr'><strong>τοῦ</strong></span> <span class='ocrx_word' id='word_1_225' title='bbox 999 2283 1131 2339; x_wconf 83' lang='grc' dir='ltr'>Θεοῦ</span> <span class='ocrx_word' id='word_1_226' title='bbox 1179 2283 1510 2356; x_wconf 85' lang='grc' dir='ltr'>Ἐκκλησίας</span> <span class='ocrx_word' id='word_1_227' title='bbox 1529 2302 1542 2317; x_wconf 87' lang='grc'><strong>·</strong></span> <span class='ocrx_word' id='word_1_228' title='bbox 1573 2285 1672 2340; x_wconf 75' lang='grc' dir='ltr'>καὶ</span> <span class='ocrx_word' id='word_1_229' title='bbox 1697 2304 1888 2343; x_wconf 80' lang='grc' dir='ltr'>κοινω-</span> 
     </span>
    </p>
   </div>
   <div class='ocr_carea' id='block_1_36' title="bbox 313 2375 1890 2453">
    <p class='ocr_par' dir='ltr' id='par_1_36' title="bbox 313 2375 1890 2453">
     <span class='ocr_line' id='line_1_36' title="bbox 313 2375 1890 2453; baseline 0.003 -23"><span class='ocrx_word' id='word_1_230' title='bbox 313 2376 456 2431; x_wconf 86' lang='grc' dir='ltr'><strong>νικοί</strong></span> <span class='ocrx_word' id='word_1_231' title='bbox 485 2387 516 2416; x_wconf 79' lang='grc' dir='ltr'><strong>ιι</strong></span> <span class='ocrx_word' id='word_1_232' title='bbox 544 2376 712 2430; x_wconf 79' lang='grc' dir='ltr'>πᾶσίν</span> <span class='ocrx_word' id='word_1_233' title='bbox 733 2377 904 2448; x_wconf 69' lang='grc' dir='ltr'>ἐσμεν</span> <span class='ocrx_word' id='word_1_234' title='bbox 927 2379 1040 2441; x_wconf 85' lang='grc' dir='ltr'><strong>τοίς</strong></span> <span class='ocrx_word' id='word_1_235' title='bbox 1061 2375 1205 2431; x_wconf 84' lang='grc' dir='ltr'><strong>κατά</strong></span> <span class='ocrx_word' id='word_1_236' title='bbox 1233 2378 1412 2431; x_wconf 80' lang='grc' dir='ltr'>πᾶσαν</span> <span class='ocrx_word' id='word_1_237' title='bbox 1435 2377 1535 2448; x_wconf 81' lang='grc' dir='ltr'>τὴν</span> <span class='ocrx_word' id='word_1_238' title='bbox 1563 2379 1890 2453; x_wconf 74' lang='grc' dir='ltr'>οἰκουμένην</span> 
     </span>
    </p>
   </div>
   <div class='ocr_carea' id='block_1_37' title="bbox 314 2465 1890 2542">
    <p class='ocr_par' dir='ltr' id='par_1_37' title="bbox 314 2465 1890 2542">
     <span class='ocr_line' id='line_1_37' title="bbox 314 2465 1890 2542; baseline 0.004 -23"><span class='ocrx_word' id='word_1_239' title='bbox 314 2465 758 2531; x_wconf 84' lang='grc' dir='ltr'>θεοσεϐεστάτοις</span> <span class='ocrx_word' id='word_1_240' title='bbox 788 2466 1126 2531; x_wconf 77' lang='grc' dir='ltr'>ἐπισκόποις,</span> <span class='ocrx_word' id='word_1_241' title='bbox 1162 2467 1277 2521; x_wconf 83' lang='grc' dir='ltr'>ὅσοι</span> <span class='ocrx_word' id='word_1_242' title='bbox 1301 2468 1399 2538; x_wconf 74' lang='grc' dir='ltr'>τὴν</span> <span class='ocrx_word' id='word_1_243' title='bbox 1425 2468 1592 2540; x_wconf 83' lang='grc' dir='ltr'>ὀρθὴν</span> <span class='ocrx_word' id='word_1_244' title='bbox 1614 2471 1708 2524; x_wconf 79' lang='grc' dir='ltr'>καὶ</span> <span class='ocrx_word' id='word_1_245' title='bbox 1739 2471 1890 2542; x_wconf 52' lang='lat' dir='ltr'><strong>ego-</strong></span> 
     </span>
    </p>
   </div>
   <div class='ocr_carea' id='block_1_38' title="bbox 317 2543 1891 2635">
    <p class='ocr_par' dir='ltr' id='par_1_38' title="bbox 317 2543 1891 2635">
     <span class='ocr_line' id='line_1_38' title="bbox 317 2543 1891 2635; baseline 0.005 -26"><span class='ocrx_word' id='word_1_246' title='bbox 317 2574 486 2627; x_wconf 85' lang='grc' dir='ltr'>μητον</span> <span class='ocrx_word' id='word_1_247' title='bbox 514 2567 542 2596; x_wconf 76' lang='grc' dir='ltr'><strong>ν</strong></span> <span class='ocrx_word' id='word_1_248' title='bbox 566 2557 752 2612; x_wconf 87' lang='grc' dir='ltr'>πίστιν</span> <span class='ocrx_word' id='word_1_249' title='bbox 783 2557 963 2628; x_wconf 74' lang='grc' dir='ltr'>ἔχουσί</span> <span class='ocrx_word' id='word_1_250' title='bbox 991 2575 1052 2611; x_wconf 90' lang='grc' dir='ltr'><strong>τε</strong></span> <span class='ocrx_word' id='word_1_251' title='bbox 1074 2557 1168 2612; x_wconf 86' lang='grc' dir='ltr'>καὶ</span> <span class='ocrx_word' id='word_1_252' title='bbox 1205 2566 1232 2595; x_wconf 73' lang='grc' dir='ltr'><strong>κ</strong></span> <span class='ocrx_word' id='word_1_253' title='bbox 1277 2543 1656 2628; x_wconf 79' lang='grc' dir='ltr'>κηρύττουσιν.</span> <span class='ocrx_word' id='word_1_254' title='bbox 1689 2562 1891 2635; x_wconf 77' lang='grc' dir='ltr'>Ἐρῤω-</span> 
     </span>
    </p>
   </div>
   <div class='ocr_carea' id='block_1_39' title="bbox 316 2647 1890 2723">
    <p class='ocr_par' dir='ltr' id='par_1_39' title="bbox 316 2647 1890 2723">
     <span class='ocr_line' id='line_1_39' title="bbox 316 2647 1890 2723; baseline 0.004 -22"><span class='ocrx_word' id='word_1_255' title='bbox 316 2647 508 2718; x_wconf 76' lang='grc' dir='ltr'>μὲνος,</span> <span class='ocrx_word' id='word_1_256' title='bbox 565 2648 1003 2722; x_wconf 78' lang='grc' dir='ltr'>ὕπερευχόμενος</span> <span class='ocrx_word' id='word_1_257' title='bbox 1052 2647 1211 2720; x_wconf 80' lang='grc' dir='ltr'>ἡμῶν</span> <span class='ocrx_word' id='word_1_258' title='bbox 1264 2648 1596 2723; x_wconf 84' lang='grc' dir='ltr'>διατελοίης,</span> <span class='ocrx_word' id='word_1_259' title='bbox 1653 2653 1890 2708; x_wconf 80' lang='grc' dir='ltr'>δέσποτα</span> 
     </span>
    </p>
   </div>
   <div class='ocr_carea' id='block_1_40' title="bbox 312 2737 1889 2815">
    <p class='ocr_par' dir='ltr' id='par_1_40' title="bbox 312 2737 1889 2815">
     <span class='ocr_line' id='line_1_40' title="bbox 312 2737 1889 2815; baseline 0.004 -23"><span class='ocrx_word' id='word_1_260' title='bbox 312 2737 701 2808; x_wconf 76' lang='grc' dir='ltr'>θεοφιλέστατε</span> <span class='ocrx_word' id='word_1_261' title='bbox 747 2739 844 2797; x_wconf 73' lang='grc' dir='ltr'>καὶ</span> <span class='ocrx_word' id='word_1_262' title='bbox 883 2738 1167 2806; x_wconf 85' lang='grc' dir='ltr'>όσιώτατε,</span> <span class='ocrx_word' id='word_1_263' title='bbox 1218 2739 1311 2795; x_wconf 88' lang='grc' dir='ltr'><strong>καί</strong></span> <span class='ocrx_word' id='word_1_264' title='bbox 1338 2742 1556 2799; x_wconf 87' lang='grc' dir='ltr'>πάντων</span> <span class='ocrx_word' id='word_1_265' title='bbox 1588 2744 1712 2815; x_wconf 71' lang='grc' dir='ltr'>ἐμοὶ</span> <span class='ocrx_word' id='word_1_266' title='bbox 1757 2762 1889 2814; x_wconf 84' lang='grc' dir='ltr'>γνη-</span> 
     </span>
    </p>
   </div>
   <div class='ocr_carea' id='block_1_41' title="bbox 308 2828 794 2902">
    <p class='ocr_par' dir='ltr' id='par_1_41' title="bbox 308 2828 794 2902">
     <span class='ocr_line' id='line_1_41' title="bbox 308 2828 794 2902; baseline 0.008 -20"><span class='ocrx_word' id='word_1_267' title='bbox 308 2828 540 2886; x_wconf 79' lang='grc' dir='ltr'>σιώτατε</span> <span class='ocrx_word' id='word_1_268' title='bbox 571 2828 794 2902; x_wconf 73' lang='grc' dir='ltr'>ἀδελφέ.</span> 
     </span>
    </p>
   </div>
   <div class='ocr_carea' id='block_1_42' title="bbox 1997 1642 3575 1718">
    <p class='ocr_par' dir='ltr' id='par_1_42' title="bbox 1997 1642 3575 1718">
     <span class='ocr_line' id='line_1_42' title="bbox 1997 1642 3575 1718; baseline -0.004 -18"><span class='ocrx_word' id='word_1_269' title='bbox 1997 1662 2097 1718; x_wconf 92' lang='lat' dir='ltr'><strong>pro</strong></span> <span class='ocrx_word' id='word_1_270' title='bbox 2119 1646 2369 1716; x_wconf 90' lang='lat' dir='ltr'><strong>deposito</strong></span> <span class='ocrx_word' id='word_1_271' title='bbox 2391 1646 2625 1714; x_wconf 88' lang='lat' dir='ltr'><strong>habere;</strong></span> <span class='ocrx_word' id='word_1_272' title='bbox 2665 1656 2781 1702; x_wconf 90' lang='lat' dir='ltr'><strong>tum</strong></span> <span class='ocrx_word' id='word_1_273' title='bbox 2810 1662 3010 1718; x_wconf 90' lang='lat' dir='ltr'><strong>pravas</strong></span> <span class='ocrx_word' id='word_1_274' title='bbox 3031 1645 3178 1700; x_wconf 88' lang='lat' dir='ltr'><strong>illius</strong></span> <span class='ocrx_word' id='word_1_275' title='bbox 3205 1642 3575 1715; x_wconf 77' lang='lat' dir='ltr'><strong>profanasque</strong></span> 
     </span>
    </p>
   </div>
   <div class='ocr_carea' id='block_1_43' title="bbox 1995 1728 3575 1807">
    <p class='ocr_par' dir='ltr' id='par_1_43' title="bbox 1995 1728 3575 1807">
     <span class='ocr_line' id='line_1_43' title="bbox 1995 1728 3575 1807; baseline -0.004 -14"><span class='ocrx_word' id='word_1_276' title='bbox 1995 1753 2192 1793; x_wconf 88' lang='lat' dir='ltr'><strong>vocum</strong></span> <span class='ocrx_word' id='word_1_277' title='bbox 2225 1737 2496 1792; x_wconf 86' lang='lat' dir='ltr'><strong>novitates</strong></span> <span class='ocrx_word' id='word_1_278' title='bbox 2520 1737 2565 1770; x_wconf 85' lang='grc'><strong><em>³³</em></strong></span> <span class='ocrx_word' id='word_1_279' title='bbox 2597 1737 3079 1800; x_wconf 86' lang='lat' dir='ltr'><strong>anathematizare,</strong></span> <span class='ocrx_word' id='word_1_280' title='bbox 3112 1742 3406 1807; x_wconf 88' lang='lat' dir='ltr'><strong>propterea</strong></span> <span class='ocrx_word' id='word_1_281' title='bbox 3424 1728 3575 1803; x_wconf 85' lang='lat' dir='ltr'><strong>quod</strong></span> 
     </span>
    </p>
   </div>
   <div class='ocr_carea' id='block_1_44' title="bbox 1995 1829 3576 1902">
    <p class='ocr_par' dir='ltr' id='par_1_44' title="bbox 1995 1829 3576 1902">
     <span class='ocr_line' id='line_1_44' title="bbox 1995 1829 3576 1902; baseline -0.005 -16"><span class='ocrx_word' id='word_1_282' title='bbox 1995 1831 2253 1886; x_wconf 68' lang='lat' dir='ltr'><strong>Ecclesiae</strong></span> <span class='ocrx_word' id='word_1_283' title='bbox 2277 1831 2394 1896; x_wconf 88' lang='lat' dir='ltr'><strong>Dei,</strong></span> <span class='ocrx_word' id='word_1_284' title='bbox 2421 1846 2543 1902; x_wconf 65' lang='lat' dir='ltr'><strong>quae</strong></span> <span class='ocrx_word' id='word_1_285' title='bbox 2565 1829 2710 1900; x_wconf 90' lang='lat' dir='ltr'><strong>apud</strong></span> <span class='ocrx_word' id='word_1_286' title='bbox 2735 1844 2840 1884; x_wconf 91' lang='lat' dir='ltr'><strong>nos</strong></span> <span class='ocrx_word' id='word_1_287' title='bbox 2862 1836 3010 1892; x_wconf 89' lang='lat' dir='ltr'><strong>sunt,</strong></span> <span class='ocrx_word' id='word_1_288' title='bbox 3035 1836 3244 1882; x_wconf 89' lang='lat' dir='ltr'><strong>rectam</strong></span> <span class='ocrx_word' id='word_1_289' title='bbox 3273 1837 3576 1894; x_wconf 86' lang='lat' dir='ltr'><strong>sanamque</strong></span> 
     </span>
    </p>
   </div>
   <div class='ocr_carea' id='block_1_45' title="bbox 1996 1919 3573 1994">
    <p class='ocr_par' dir='ltr' id='par_1_45' title="bbox 1996 1919 3573 1994">
     <span class='ocr_line' id='line_1_45' title="bbox 1996 1919 3573 1994; baseline -0.003 -16"><span class='ocrx_word' id='word_1_290' title='bbox 1996 1923 2158 1979; x_wconf 91' lang='lat' dir='ltr'><strong>ﬁdem</strong></span> <span class='ocrx_word' id='word_1_291' title='bbox 2213 1933 2458 1990; x_wconf 88' lang='lat' dir='ltr'><strong>teneant,</strong></span> <span class='ocrx_word' id='word_1_292' title='bbox 2513 1925 2772 1994; x_wconf 87' lang='lat' dir='ltr'><strong>illamque</strong></span> <span class='ocrx_word' id='word_1_293' title='bbox 2823 1924 3158 1988; x_wconf 86' lang='lat' dir='ltr'><strong>custodiant,</strong></span> <span class='ocrx_word' id='word_1_294' title='bbox 3211 1937 3279 1978; x_wconf 89' lang='lat' dir='ltr'><strong>ac</strong></span> <span class='ocrx_word' id='word_1_295' title='bbox 3330 1919 3573 1992; x_wconf 87' lang='lat' dir='ltr'><strong>populis,</strong></span> 
     </span>
    </p>
   </div>
   <div class='ocr_carea' id='block_1_46' title="bbox 1995 2007 3573 2085">
    <p class='ocr_par' dir='ltr' id='par_1_46' title="bbox 1995 2007 3573 2085">
     <span class='ocr_line' id='line_1_46' title="bbox 1995 2007 3573 2085; baseline -0.004 -15"><span class='ocrx_word' id='word_1_296' title='bbox 1995 2014 2458 2085; x_wconf 84' lang='lat' dir='ltr'><strong>quemadmodum</strong></span> <span class='ocrx_word' id='word_1_297' title='bbox 2506 2023 2564 2069; x_wconf 89' lang='lat' dir='ltr'><strong>et</strong></span> <span class='ocrx_word' id='word_1_298' title='bbox 2609 2022 2791 2070; x_wconf 81' lang='lat' dir='ltr'><strong>vestra</strong></span> <span class='ocrx_word' id='word_1_299' title='bbox 2842 2027 3060 2084; x_wconf 89' lang='lat' dir='ltr'><strong>quoque</strong></span> <span class='ocrx_word' id='word_1_300' title='bbox 3110 2009 3375 2067; x_wconf 84' lang='lat' dir='ltr'><strong>sanctitas</strong></span> <span class='ocrx_word' id='word_1_301' title='bbox 3418 2007 3573 2072; x_wconf 82' lang='lat' dir='ltr'><strong>facit,</strong></span> 
     </span>
    </p>
   </div>
   <div class='ocr_carea' id='block_1_47' title="bbox 1999 2103 3571 2174">
    <p class='ocr_par' dir='ltr' id='par_1_47' title="bbox 1999 2103 3571 2174">
     <span class='ocr_line' id='line_1_47' title="bbox 1999 2103 3571 2174; baseline -0.005 -13"><span class='ocrx_word' id='word_1_302' title='bbox 1999 2105 2639 2174; x_wconf 54' lang='lat' dir='ltr'><strong>tradantyConsentimus</strong></span> <span class='ocrx_word' id='word_1_303' title='bbox 2656 2113 2838 2160; x_wconf 89' lang='lat' dir='ltr'><strong>autem</strong></span> <span class='ocrx_word' id='word_1_304' title='bbox 2863 2113 2920 2160; x_wconf 88' lang='lat' dir='ltr'><strong>et</strong></span> <span class='ocrx_word' id='word_1_305' title='bbox 2935 2105 2992 2158; x_wconf 90' lang='lat' dir='ltr'><strong>in</strong></span> <span class='ocrx_word' id='word_1_306' title='bbox 3007 2103 3414 2158; x_wconf 88' lang='lat' dir='ltr'><strong>ordinationem</strong></span> <span class='ocrx_word' id='word_1_307' title='bbox 3430 2113 3571 2171; x_wconf 87' lang='lat' dir='ltr'><strong>quo-</strong></span> 
     </span>
    </p>
   </div>
   <div class='ocr_carea' id='block_1_48' title="bbox 1995 2177 3572 2267">
    <p class='ocr_par' dir='ltr' id='par_1_48' title="bbox 1995 2177 3572 2267">
     <span class='ocr_line' id='line_1_48' title="bbox 1995 2177 3572 2267; baseline -0.005 -16"><span class='ocrx_word' id='word_1_308' title='bbox 1995 2211 2102 2267; x_wconf 90' lang='lat' dir='ltr'><strong>que</strong></span> <span class='ocrx_word' id='word_1_309' title='bbox 2138 2177 2469 2252; x_wconf 86' lang='lat' dir='ltr'><strong>sanctissimi</strong></span> <span class='ocrx_word' id='word_1_310' title='bbox 2509 2196 2850 2267; x_wconf 84' lang='lat' dir='ltr'><strong>piissimique</strong></span> <span class='ocrx_word' id='word_1_311' title='bbox 2879 2194 3188 2249; x_wconf 84' lang='lat' dir='ltr'><strong>Maximiani</strong></span> <span class='ocrx_word' id='word_1_312' title='bbox 3227 2200 3430 2249; x_wconf 62' lang='lat' dir='ltr'><strong>sanctae</strong></span> <span class='ocrx_word' id='word_1_313' title='bbox 3473 2189 3572 2246; x_wconf 84' lang='lat' dir='ltr'><strong>Dei</strong></span> 
     </span>
    </p>
   </div>
   <div class='ocr_carea' id='block_1_49' title="bbox 1995 2286 3577 2359">
    <p class='ocr_par' dir='ltr' id='par_1_49' title="bbox 1995 2286 3577 2359">
     <span class='ocr_line' id='line_1_49' title="bbox 1995 2286 3577 2359; baseline -0.004 -15"><span class='ocrx_word' id='word_1_314' title='bbox 1995 2289 2255 2344; x_wconf 69' lang='lat' dir='ltr'><strong>Ecclesiae</strong></span> <span class='ocrx_word' id='word_1_315' title='bbox 2277 2287 2902 2359; x_wconf 64' lang='lat' dir='ltr'><strong>Constantinopolitanae</strong></span> <span class='ocrx_word' id='word_1_316' title='bbox 2922 2286 3166 2358; x_wconf 79' lang='lat' dir='ltr'><strong>episCOpi</strong></span> <span class='ocrx_word' id='word_1_317' title='bbox 3194 2304 3206 2339; x_wconf 92' lang='lat'>:</span> <span class='ocrx_word' id='word_1_318' title='bbox 3243 2293 3300 2340; x_wconf 90' lang='lat' dir='ltr'><strong>et</strong></span> <span class='ocrx_word' id='word_1_319' title='bbox 3327 2298 3577 2347; x_wconf 83' lang='lat' dir='ltr'><strong>commu-</strong></span> 
     </span>
    </p>
   </div>
   <div class='ocr_carea' id='block_1_50' title="bbox 1995 2375 3547 2450">
    <p class='ocr_par' dir='ltr' id='par_1_50' title="bbox 1995 2375 3547 2450">
     <span class='ocr_line' id='line_1_50' title="bbox 1995 2375 3547 2450; baseline -0.006 -12"><span class='ocrx_word' id='word_1_320' title='bbox 1995 2384 2244 2438; x_wconf 90' lang='lat' dir='ltr'><strong>nicamus</strong></span> <span class='ocrx_word' id='word_1_321' title='bbox 2280 2383 2553 2437; x_wconf 85' lang='lat' dir='ltr'><strong>universis</strong></span> <span class='ocrx_word' id='word_1_322' title='bbox 2592 2381 2744 2436; x_wconf 91' lang='lat' dir='ltr'><strong>orbis</strong></span> <span class='ocrx_word' id='word_1_323' title='bbox 2781 2389 2944 2436; x_wconf 71' lang='lat' dir='ltr'><strong>terra:</strong></span> <span class='ocrx_word' id='word_1_324' title='bbox 2987 2377 3415 2450; x_wconf 77' lang='lat' dir='ltr'><strong>religiosissimis</strong></span> <span class='ocrx_word' id='word_1_325' title='bbox 3456 2375 3547 2447; x_wconf 90' lang='lat' dir='ltr'><strong>epi</strong></span> 
     </span>
    </p>
   </div>
   <div class='ocr_carea' id='block_1_51' title="bbox 1997 2469 3577 2544">
    <p class='ocr_par' dir='ltr' id='par_1_51' title="bbox 1997 2469 3577 2544">
     <span class='ocr_line' id='line_1_51' title="bbox 1997 2469 3577 2544; baseline -0.003 -16"><span class='ocrx_word' id='word_1_326' title='bbox 1997 2475 2200 2544; x_wconf 87' lang='lat' dir='ltr'><strong>scopis,</strong></span> <span class='ocrx_word' id='word_1_327' title='bbox 2229 2481 2436 2528; x_wconf 89' lang='lat' dir='ltr'><strong>rectam</strong></span> <span class='ocrx_word' id='word_1_328' title='bbox 2463 2473 2907 2542; x_wconf 85' lang='lat' dir='ltr'><strong>inculpatamque</strong></span> <span class='ocrx_word' id='word_1_329' title='bbox 2947 2471 3111 2526; x_wconf 83' lang='lat' dir='ltr'><strong>ﬁdem</strong></span> <span class='ocrx_word' id='word_1_330' title='bbox 3145 2469 3480 2525; x_wconf 87' lang='lat' dir='ltr'><strong>habentibus</strong></span> <span class='ocrx_word' id='word_1_331' title='bbox 3517 2477 3577 2524; x_wconf 84' lang='lat' dir='ltr'><strong>et</strong></span> 
     </span>
    </p>
   </div>
   <div class='ocr_carea' id='block_1_52' title="bbox 1996 2562 3574 2637">
    <p class='ocr_par' dir='ltr' id='par_1_52' title="bbox 1996 2562 3574 2637">
     <span class='ocr_line' id='line_1_52' title="bbox 1996 2562 3574 2637; baseline -0.002 -16"><span class='ocrx_word' id='word_1_332' title='bbox 1996 2565 2438 2637; x_wconf 67' lang='lat' dir='ltr'><strong>praedicantibus.</strong></span> <span class='ocrx_word' id='word_1_333' title='bbox 2474 2565 2636 2629; x_wconf 76' lang='lat' dir='ltr'><strong>Vale,</strong></span> <span class='ocrx_word' id='word_1_334' title='bbox 2671 2565 2893 2620; x_wconf 89' lang='lat' dir='ltr'><strong>domine</strong></span> <span class='ocrx_word' id='word_1_335' title='bbox 2936 2564 3184 2634; x_wconf 86' lang='lat' dir='ltr'><strong>piissime</strong></span> <span class='ocrx_word' id='word_1_336' title='bbox 3230 2572 3287 2620; x_wconf 91' lang='lat' dir='ltr'><strong>et</strong></span> <span class='ocrx_word' id='word_1_337' title='bbox 3337 2562 3574 2618; x_wconf 85' lang='lat' dir='ltr'><strong>sanctis-</strong></span> 
     </span>
    </p>
   </div>
   <div class='ocr_carea' id='block_1_53' title="bbox 1997 2652 3574 2728">
    <p class='ocr_par' dir='ltr' id='par_1_53' title="bbox 1997 2652 3574 2728">
     <span class='ocr_line' id='line_1_53' title="bbox 1997 2652 3574 2728; baseline -0.001 -16"><span class='ocrx_word' id='word_1_338' title='bbox 1997 2659 2154 2722; x_wconf 87' lang='lat' dir='ltr'><strong>sime,</strong></span> <span class='ocrx_word' id='word_1_339' title='bbox 2209 2657 2487 2728; x_wconf 82' lang='lat' dir='ltr'><strong>fraterque</strong></span> <span class='ocrx_word' id='word_1_340' title='bbox 2529 2657 2665 2712; x_wconf 92' lang='lat' dir='ltr'><strong>mihi</strong></span> <span class='ocrx_word' id='word_1_341' title='bbox 2715 2655 3111 2721; x_wconf 87' lang='lat' dir='ltr'><strong>sincerissime,</strong></span> <span class='ocrx_word' id='word_1_342' title='bbox 3162 2671 3226 2712; x_wconf 87' lang='lat' dir='ltr'><strong>ac</strong></span> <span class='ocrx_word' id='word_1_343' title='bbox 3271 2670 3372 2726; x_wconf 91' lang='lat' dir='ltr'><strong>pro</strong></span> <span class='ocrx_word' id='word_1_344' title='bbox 3411 2652 3574 2711; x_wconf 85' lang='lat' dir='ltr'><strong>nobis</strong></span> 
     </span>
    </p>
   </div>
   <div class='ocr_carea' id='block_1_54' title="bbox 1997 2762 2359 2818">
    <p class='ocr_par' dir='ltr' id='par_1_54' title="bbox 1997 2762 2359 2818">
     <span class='ocr_line' id='line_1_54' title="bbox 1997 2762 2359 2818; baseline -0.003 -15"><span class='ocrx_word' id='word_1_345' title='bbox 1997 2762 2158 2803; x_wconf 88' lang='lat' dir='ltr'><strong>orare</strong></span> <span class='ocrx_word' id='word_1_346' title='bbox 2178 2764 2359 2818; x_wconf 76' lang='lat' dir='ltr'><strong>pergo.</strong></span> 
     </span>
    </p>
   </div>
   <div class='ocr_carea' id='block_1_55' title="bbox 1450 3164 2482 3242">
    <p class='ocr_par' dir='ltr' id='par_1_55' title="bbox 1450 3164 2482 3242">
     <span class='ocr_line' id='line_1_55' title="bbox 1450 3164 2482 3242; baseline 0 -20"><span class='ocrx_word' id='word_1_347' title='bbox 1450 3164 1786 3224; x_wconf 81' lang='lat' dir='ltr'><strong>EPISTOLA</strong></span> <span class='ocrx_word' id='word_1_348' title='bbox 1824 3167 2047 3224; x_wconf 68' lang='lat' dir='ltr'><strong>xxxnx</strong></span> <span class='ocrx_word' id='word_1_349' title='bbox 2089 3170 2179 3242; x_wconf 87' lang='grc' dir='ltr'>(οι.</span> <span class='ocrx_word' id='word_1_350' title='bbox 2224 3169 2482 3240; x_wconf 82' lang='lat' dir='ltr'><strong>xxxw).</strong></span> 
     </span>
    </p>
   </div>
   <div class='ocr_carea' id='block_1_56' title="bbox 777 3346 3153 3406">
    <p class='ocr_par' dir='ltr' id='par_1_56' title="bbox 777 3346 3153 3406">
     <span class='ocr_line' id='line_1_56' title="bbox 777 3346 3153 3406; baseline 0.006 -19"><span class='ocrx_word' id='word_1_351' title='bbox 777 3346 983 3406; x_wconf 63' lang='grc' dir='ltr'>εῐβιιιι</span> <span class='ocrx_word' id='word_1_352' title='bbox 1006 3349 1074 3389; x_wconf 80' lang='grc' dir='ltr'><strong>ΔΙ)</strong></span> <span class='ocrx_word' id='word_1_353' title='bbox 1105 3347 1337 3390; x_wconf 69' lang='grc' dir='ltr'>ιοΔΝΝειι</span> <span class='ocrx_word' id='word_1_354' title='bbox 1358 3349 1727 3392; x_wconf 67' lang='grc' dir='ltr'><strong>ΔΝΤΙΟΟΙῘΕΝΙΙΙ</strong></span> <span class='ocrx_word' id='word_1_355' title='bbox 1762 3351 2071 3403; x_wconf 70' lang='grc' dir='ltr'>εΡιεεοιιυιι,</span> <span class='ocrx_word' id='word_1_356' title='bbox 2102 3354 2250 3393; x_wconf 75' lang='lat' dir='ltr'>IISSA</span> <span class='ocrx_word' id='word_1_357' title='bbox 2271 3355 2369 3394; x_wconf 76' lang='lat' dir='ltr'><strong>PER</strong></span> <span class='ocrx_word' id='word_1_358' title='bbox 2397 3356 2599 3396; x_wconf 76' lang='lat' dir='ltr'><strong>PAULUI</strong></span> <span class='ocrx_word' id='word_1_359' title='bbox 2629 3357 2916 3398; x_wconf 72' lang='grc' dir='ltr'>Εριεεορωι</span> <span class='ocrx_word' id='word_1_360' title='bbox 2947 3359 3153 3400; x_wconf 64' lang='grc' dir='ltr'><strong>ΒΙΕΜΣ.</strong></span> 
     </span>
    </p>
   </div>
   <div class='ocr_carea' id='block_1_57' title="bbox 305 3505 3574 3599">
    <p class='ocr_par' dir='ltr' id='par_1_57' title="bbox 305 3505 3574 3599">
     <span class='ocr_line' id='line_1_57' title="bbox 305 3505 3574 3599; baseline 0.006 -36"><span class='ocrx_word' id='word_1_361' title='bbox 305 3505 614 3599; x_wconf 47' lang='lat' dir='ltr'><strong>Nomasque</strong></span> <span class='ocrx_word' id='word_1_362' title='bbox 652 3509 851 3593; x_wconf 62' lang='lat' dir='ltr'><strong>refellit</strong></span> <span class='ocrx_word' id='word_1_363' title='bbox 884 3512 1318 3599; x_wconf 66' lang='lat' dir='ltr'><strong>adversariorum</strong></span> <span class='ocrx_word' id='word_1_364' title='bbox 1338 3514 1638 3599; x_wconf 48' lang='lat' dir='ltr'><strong>ealu‘mnias</strong></span> <span class='ocrx_word' id='word_1_365' title='bbox 1684 3517 1774 3586; x_wconf 79' lang='lat' dir='ltr'><strong>qui</strong></span> <span class='ocrx_word' id='word_1_366' title='bbox 1813 3516 2123 3599; x_wconf 71' lang='lat' dir='ltr'><strong>objiciebant</strong></span> <span class='ocrx_word' id='word_1_367' title='bbox 2159 3520 2206 3572; x_wconf 81' lang='lat' dir='ltr'><strong>ei</strong></span> <span class='ocrx_word' id='word_1_368' title='bbox 2241 3520 2600 3599; x_wconf 45' lang='lat' dir='ltr'><strong>auertiones;</strong></span> <span class='ocrx_word' id='word_1_369' title='bbox 2644 3538 2662 3572; x_wconf 85' lang='grc' dir='ltr'><strong>ι</strong></span> <span class='ocrx_word' id='word_1_370' title='bbox 2700 3519 2894 3599; x_wconf 70' lang='lat' dir='ltr'><strong>Christi</strong></span> <span class='ocrx_word' id='word_1_371' title='bbox 2919 3538 3236 3599; x_wconf 82' lang='lat' dir='ltr'><strong>corpus_non</strong></span> <span class='ocrx_word' id='word_1_372' title='bbox 3265 3525 3418 3599; x_wconf 64' lang='lat' dir='ltr'><strong>etcB,</strong></span> <span class='ocrx_word' id='word_1_373' title='bbox 3457 3527 3574 3583; x_wconf 55' lang='lat' dir='ltr'><strong>Viro</strong></span> 
     </span>
    </p>
   </div>
   <div class='ocr_carea' id='block_1_58' title="bbox 407 3579 3576 3660">
    <p class='ocr_par' dir='ltr' id='par_1_58' title="bbox 407 3579 3576 3660">
     <span class='ocr_line' id='line_1_58' title="bbox 407 3579 3576 3660; baseline 0.006 -27"><span class='ocrx_word' id='word_1_374' title='bbox 407 3579 1152 3660; x_wconf 34' lang='lat' dir='ltr'><strong>ine-yg‘riasumptumhsed</strong></span> <span class='ocrx_word' id='word_1_375' title='bbox 1181 3599 1208 3636; x_wconf 89' lang='lat' dir='ltr'><strong>e</strong></span> <span class='ocrx_word' id='word_1_376' title='bbox 1253 3583 1381 3638; x_wconf 72' lang='lat' dir='ltr'><strong>caelo</strong></span> <span class='ocrx_word' id='word_1_377' title='bbox 1413 3584 1643 3660; x_wconf 74' lang='lat' dir='ltr'><strong>allatum</strong></span> <span class='ocrx_word' id='word_1_378' title='bbox 1682 3579 2002 3660; x_wconf 45' lang='lat' dir='ltr'><strong>exagitent</strong></span> <span class='ocrx_word' id='word_1_379' title='bbox 2046 3590 2454 3660; x_wconf 70' lang='lat' dir='ltr'><strong>concretionem,</strong></span> <span class='ocrx_word' id='word_1_380' title='bbox 2494 3589 2576 3644; x_wconf 81' lang='lat' dir='ltr'><strong>uel</strong></span> <span class='ocrx_word' id='word_1_381' title='bbox 2619 3579 3120 3660; x_wconf 58' lang='lat' dir='ltr'><strong>confusionemva</strong></span> <span class='ocrx_word' id='word_1_382' title='bbox 3164 3579 3576 3654; x_wconf 56' lang='lat' dir='ltr'><strong>communionem</strong></span> 
     </span>
    </p>
   </div>
   <div class='ocr_carea' id='block_1_59' title="bbox 374 3597 3576 3736">
    <p class='ocr_par' dir='ltr' id='par_1_59' title="bbox 374 3597 3576 3736">
     <span class='ocr_line' id='line_1_59' title="bbox 407 3597 3576 3660; baseline 0.006 -28"><span class='ocrx_word' id='word_1_383' title='bbox 407 3597 496 3634; x_wconf 81' lang='lat' dir='ltr'><strong>ine</strong></span> <span class='ocrx_word' id='word_1_384' title='bbox 522 3597 702 3635; x_wconf 72' lang='lat' dir='ltr'><strong>uana</strong></span> <span class='ocrx_word' id='word_1_385' title='bbox 725 3597 1012 3651; x_wconf 75' lang='lat' dir='ltr'><strong>sumptum,</strong></span> <span class='ocrx_word' id='word_1_386' title='bbox 1061 3597 1150 3637; x_wconf 84' lang='lat' dir='ltr'><strong>sea</strong></span> <span class='ocrx_word' id='word_1_387' title='bbox 1181 3599 1208 3636; x_wconf 90' lang='lat' dir='ltr'><strong>e</strong></span> <span class='ocrx_word' id='word_1_388' title='bbox 1253 3597 1381 3638; x_wconf 66' lang='lat' dir='ltr'><strong>casto</strong></span> <span class='ocrx_word' id='word_1_389' title='bbox 1413 3597 1643 3640; x_wconf 87' lang='lat' dir='ltr'><strong>auatum</strong></span> <span class='ocrx_word' id='word_1_390' title='bbox 1682 3602 1829 3652; x_wconf 78' lang='lat' dir='ltr'><strong>esse;</strong></span> <span class='ocrx_word' id='word_1_391' title='bbox 1872 3597 2002 3642; x_wconf 78' lang='lat' dir='ltr'><strong>item</strong></span> <span class='ocrx_word' id='word_1_392' title='bbox 2046 3597 2454 3654; x_wconf 78' lang='lat' dir='ltr'><strong>concretionem,</strong></span> <span class='ocrx_word' id='word_1_393' title='bbox 2494 3597 2576 3644; x_wconf 81' lang='lat' dir='ltr'><strong>uel</strong></span> <span class='ocrx_word' id='word_1_394' title='bbox 2619 3597 2997 3660; x_wconf 78' lang='lat' dir='ltr'><strong>confusionem,</strong></span> <span class='ocrx_word' id='word_1_395' title='bbox 3040 3597 3120 3647; x_wconf 80' lang='lat' dir='ltr'><strong>vel</strong></span> <span class='ocrx_word' id='word_1_396' title='bbox 3164 3598 3576 3654; x_wconf 80' lang='lat' dir='ltr'><strong>commistionem</strong></span> 
     </span>
     <span class='ocr_line' id='line_1_60' title="bbox 374 3597 3576 3736; baseline 0.006 -34"><span class='ocrx_word' id='word_1_397' title='bbox 374 3597 547 3704; x_wconf 33' lang='grc' dir='ltr'>ᾖσι-ω’</span> <span class='ocrx_word' id='word_1_398' title='bbox 577 3649 825 3736; x_wconf 41' lang='lat' dir='ltr'><strong>Dei‘cui‘i’t</strong></span> <span class='ocrx_word' id='word_1_399' title='bbox 843 3669 1001 3706; x_wconf 82' lang='lat' dir='ltr'><strong>carne</strong></span> <span class='ocrx_word' id='word_1_400' title='bbox 1022 3653 1630 3736; x_wconf 37' lang='lat' dir='ltr'><strong>factumesselndenique</strong></span> <span class='ocrx_word' id='word_1_401' title='bbox 1651 3655 1954 3736; x_wconf 48' lang='lat' dir='ltr'><strong>passionem</strong></span> <span class='ocrx_word' id='word_1_402' title='bbox 1976 3673 2086 3711; x_wconf 82' lang='lat' dir='ltr'><strong>esse</strong></span> <span class='ocrx_word' id='word_1_403' title='bbox 2112 3658 2474 3736; x_wconf 35' lang='lat' dir='ltr'><strong>divinitatem“;</strong></span> <span class='ocrx_word' id='word_1_404' title='bbox 2510 3678 2531 3736; x_wconf 70' lang='grc' dir='ltr'><strong>ι</strong></span> <span class='ocrx_word' id='word_1_405' title='bbox 2557 3677 2814 3736; x_wconf 73' lang='lat' dir='ltr'><strong>suamque</strong></span> <span class='ocrx_word' id='word_1_406' title='bbox 2838 3663 2982 3736; x_wconf 62' lang='lat' dir='ltr'><strong>circa</strong></span> <span class='ocrx_word' id='word_1_407' title='bbox 2994 3664 3113 3729; x_wconf 31' lang='lat' dir='ltr'><strong>.hwc</strong></span> <span class='ocrx_word' id='word_1_408' title='bbox 3147 3667 3396 3736; x_wconf 85' lang='lat' dir='ltr'><strong>dogmata</strong></span> <span class='ocrx_word' id='word_1_409' title='bbox 3424 3684 3576 3722; x_wconf 86' lang='lat' dir='ltr'><strong>men-</strong></span> 
     </span>
    </p>
   </div>
   <div class='ocr_carea' id='block_1_60' title="bbox 383 3721 3394 3800">
    <p class='ocr_par' dir='ltr' id='par_1_60' title="bbox 383 3721 3394 3800">
     <span class='ocr_line' id='line_1_61' title="bbox 383 3721 3394 3800; baseline 0.006 -27"><span class='ocrx_word' id='word_1_410' title='bbox 383 3728 487 3773; x_wconf 86' lang='lat' dir='ltr'><strong>tem</strong></span> <span class='ocrx_word' id='word_1_411' title='bbox 515 3721 710 3791; x_wconf 83' lang='lat' dir='ltr'><strong>aperit,</strong></span> <span class='ocrx_word' id='word_1_412' title='bbox 737 3721 1004 3790; x_wconf 74' lang='lat' dir='ltr'><strong>afﬁrmans</strong></span> <span class='ocrx_word' id='word_1_413' title='bbox 1016 3721 1072 3776; x_wconf 81' lang='lat' dir='ltr'><strong>se</strong></span> <span class='ocrx_word' id='word_1_414' title='bbox 1093 3723 1311 3778; x_wconf 81' lang='lat' dir='ltr'><strong>concilio</strong></span> <span class='ocrx_word' id='word_1_415' title='bbox 1335 3721 1551 3780; x_wconf 66' lang='lat' dir='ltr'><strong>Niceno</strong></span> <span class='ocrx_word' id='word_1_416' title='bbox 1573 3735 1622 3780; x_wconf 83' lang='lat' dir='ltr'><strong>et</strong></span> <span class='ocrx_word' id='word_1_417' title='bbox 1647 3721 1744 3782; x_wconf 82' lang='lat' dir='ltr'><strong>SS.</strong></span> <span class='ocrx_word' id='word_1_418' title='bbox 1765 3726 2033 3793; x_wconf 77' lang='lat' dir='ltr'><strong>Patribus,</strong></span> <span class='ocrx_word' id='word_1_419' title='bbox 2068 3729 2380 3782; x_wconf 81' lang='lat' dir='ltr'><strong>nominatim</strong></span> <span class='ocrx_word' id='word_1_420' title='bbox 2417 3721 2474 3784; x_wconf 29' lang='lat' dir='ltr'><strong>S&#39;.</strong></span> <span class='ocrx_word' id='word_1_421' title='bbox 2497 3721 2813 3794; x_wconf 60' lang='lat' dir='ltr'><strong>Athanasio,</strong></span> <span class='ocrx_word' id='word_1_422' title='bbox 2841 3725 3067 3800; x_wconf 77' lang='lat' dir='ltr'><strong>ﬁrmiter</strong></span> <span class='ocrx_word' id='word_1_423' title='bbox 3108 3721 3394 3790; x_wconf 54' lang='lat' dir='ltr'><strong>adhaerere.</strong></span> 
     </span>
    </p>
   </div>
   <div class='ocr_carea' id='block_1_61' title="bbox 387 3870 1898 3960">
    <p class='ocr_par' dir='ltr' id='par_1_61' title="bbox 387 3870 1893 3953">
     <span class='ocr_line' id='line_1_62' title="bbox 387 3870 1893 3953; baseline 0.009 -28"><span class='ocrx_word' id='word_1_424' title='bbox 387 3870 481 3943; x_wconf 86' lang='grc' dir='ltr'>Τῷ</span> <span class='ocrx_word' id='word_1_425' title='bbox 523 3873 700 3944; x_wconf 84' lang='grc' dir='ltr'>κυρίῳ</span> <span class='ocrx_word' id='word_1_426' title='bbox 736 3892 874 3946; x_wconf 83' lang='grc' dir='ltr'>μου,</span> <span class='ocrx_word' id='word_1_427' title='bbox 923 3877 1196 3949; x_wconf 80' lang='grc' dir='ltr'>ἀγαπητῷ</span> <span class='ocrx_word' id='word_1_428' title='bbox 1240 3879 1491 3953; x_wconf 80' lang='grc' dir='ltr'>ἀδελφῷ,</span> <span class='ocrx_word' id='word_1_429' title='bbox 1540 3881 1637 3937; x_wconf 82' lang='grc' dir='ltr'><strong>καί</strong></span> <span class='ocrx_word' id='word_1_430' title='bbox 1685 3882 1893 3938; x_wconf 84' lang='grc' dir='ltr'>συλλει-</span> 
     </span>
    </p>
   </div>
   <div class='ocr_carea' id='block_1_62' title="bbox 1996 3870 3576 3960">
    <p class='ocr_par' dir='ltr' id='par_1_62' title="bbox 2067 3883 3576 3960">
     <span class='ocr_line' id='line_1_63' title="bbox 2067 3883 3576 3960; baseline 0.007 -23"><span class='ocrx_word' id='word_1_431' title='bbox 2067 3883 2299 3939; x_wconf 92' lang='lat' dir='ltr'><strong>Domino</strong></span> <span class='ocrx_word' id='word_1_432' title='bbox 2319 3900 2464 3945; x_wconf 89' lang='lat' dir='ltr'><strong>meo.</strong></span> <span class='ocrx_word' id='word_1_433' title='bbox 2483 3885 2686 3942; x_wconf 88' lang='lat' dir='ltr'><strong>dilecto</strong></span> <span class='ocrx_word' id='word_1_434' title='bbox 2706 3886 2865 3942; x_wconf 83' lang='lat' dir='ltr'><strong>fratri</strong></span> <span class='ocrx_word' id='word_1_435' title='bbox 2886 3897 2942 3944; x_wconf 90' lang='lat' dir='ltr'><strong>et</strong></span> <span class='ocrx_word' id='word_1_436' title='bbox 2962 3891 3340 3948; x_wconf 89' lang='lat' dir='ltr'><strong>comministro</strong></span> <span class='ocrx_word' id='word_1_437' title='bbox 3356 3892 3576 3960; x_wconf 84' lang='lat' dir='ltr'><strong>Joanni,</strong></span> 
     </span>
    </p>
   </div>
   <div class='ocr_carea' id='block_1_63' title="bbox 314 3963 1675 4044">
    <p class='ocr_par' dir='ltr' id='par_1_63' title="bbox 314 3963 1675 4044">
     <span class='ocr_line' id='line_1_64' title="bbox 314 3963 1675 4044; baseline 0.007 -27"><span class='ocrx_word' id='word_1_438' title='bbox 314 3963 533 4035; x_wconf 85' lang='grc' dir='ltr'>τουργῷ</span> <span class='ocrx_word' id='word_1_439' title='bbox 571 3965 814 4040; x_wconf 81' lang='grc' dir='ltr'>Ἰωάννῃ,</span> <span class='ocrx_word' id='word_1_440' title='bbox 839 3966 1127 4039; x_wconf 81' lang='grc' dir='ltr'>Κύριλλος,</span> <span class='ocrx_word' id='word_1_441' title='bbox 1152 3969 1211 4022; x_wconf 74' lang='grc' dir='ltr'>ὲν</span> <span class='ocrx_word' id='word_1_442' title='bbox 1229 3970 1420 4042; x_wconf 80' lang='grc' dir='ltr'>Κυρίῳ</span> <span class='ocrx_word' id='word_1_443' title='bbox 1441 3971 1675 4044; x_wconf 86' lang='grc' dir='ltr'>χαίρειν.</span> 
     </span>
    </p>
   </div>
   <div class='ocr_carea' id='block_1_64' title="bbox 393 4056 1893 4137">
    <p class='ocr_par' dir='ltr' id='par_1_64' title="bbox 393 4056 1893 4137">
     <span class='ocr_line' id='line_1_65' title="bbox 393 4056 1893 4137; baseline 0.008 -28"><span class='ocrx_word' id='word_1_444' title='bbox 393 4075 414 4108; x_wconf 81' lang='grc' dir='ltr'><strong>ι</strong></span> <span class='ocrx_word' id='word_1_445' title='bbox 450 4056 948 4127; x_wconf 73' lang='grc' dir='ltr'>Εὐφραινίσθωσαν</span> <span class='ocrx_word' id='word_1_446' title='bbox 973 4061 1022 4114; x_wconf 85' lang='grc' dir='ltr'>οἱ</span> <span class='ocrx_word' id='word_1_447' title='bbox 1056 4061 1297 4130; x_wconf 80' lang='grc' dir='ltr'>οὐρανοὶ,</span> <span class='ocrx_word' id='word_1_448' title='bbox 1339 4063 1435 4117; x_wconf 88' lang='grc' dir='ltr'><strong>καί</strong></span> <span class='ocrx_word' id='word_1_449' title='bbox 1477 4064 1828 4133; x_wconf 86' lang='grc' dir='ltr'>ἀγαλλιάσθω</span> <span class='ocrx_word' id='word_1_450' title='bbox 1858 4068 1893 4137; x_wconf 79' lang='grc' dir='ltr'>ἡ</span> 
     </span>
    </p>
   </div>
   <div class='ocr_carea' id='block_1_65' title="bbox 317 4145 1896 4226">
    <p class='ocr_par' dir='ltr' id='par_1_65' title="bbox 317 4145 1896 4226">
     <span class='ocr_line' id='line_1_66' title="bbox 317 4145 1896 4226; baseline 0.007 -26"><span class='ocrx_word' id='word_1_451' title='bbox 317 4145 412 4218; x_wconf 81' lang='grc' dir='ltr'><strong>τῆ.</strong></span> <span class='ocrx_word' id='word_1_452' title='bbox 459 4164 481 4198; x_wconf 73' lang='grc' dir='ltr'><strong>ι</strong></span> <span class='ocrx_word' id='word_1_453' title='bbox 515 4145 749 4202; x_wconf 82' lang='grc' dir='ltr'>Λέλυται</span> <span class='ocrx_word' id='word_1_454' title='bbox 773 4148 883 4220; x_wconf 82' lang='grc' dir='ltr'>γὰρ</span> <span class='ocrx_word' id='word_1_455' title='bbox 904 4149 964 4203; x_wconf 85' lang='grc' dir='ltr'>τὸ</span> <span class='ocrx_word' id='word_1_456' title='bbox 991 4151 1306 4224; x_wconf 81' lang='grc' dir='ltr'>μεσότοιχον</span> <span class='ocrx_word' id='word_1_457' title='bbox 1338 4153 1435 4207; x_wconf 90' lang='grc' dir='ltr'><strong>τοῦ</strong></span> <span class='ocrx_word' id='word_1_458' title='bbox 1470 4156 1727 4226; x_wconf 80' lang='grc' dir='ltr'>φραγμοῦ</span> <span class='ocrx_word' id='word_1_459' title='bbox 1748 4197 1764 4224; x_wconf 86' lang='grc'><strong>,</strong></span> <span class='ocrx_word' id='word_1_460' title='bbox 1799 4157 1896 4210; x_wconf 75' lang='grc' dir='ltr'>καὶ</span> 
     </span>
    </p>
   </div>
   <div class='ocr_carea' id='block_1_66' title="bbox 317 4237 1895 4320">
    <p class='ocr_par' dir='ltr' id='par_1_66' title="bbox 317 4237 1895 4320">
     <span class='ocr_line' id='line_1_67' title="bbox 317 4237 1895 4320; baseline 0.008 -29"><span class='ocrx_word' id='word_1_461' title='bbox 317 4237 599 4293; x_wconf 73' lang='grc' dir='ltr'>πέπαυται</span> <span class='ocrx_word' id='word_1_462' title='bbox 628 4239 688 4293; x_wconf 79' lang='grc' dir='ltr'>τὸ</span> <span class='ocrx_word' id='word_1_463' title='bbox 708 4239 912 4295; x_wconf 81' lang='grc' dir='ltr'>λυποῦν</span> <span class='ocrx_word' id='word_1_464' title='bbox 933 4281 949 4308; x_wconf 96' lang='grc'><strong>,</strong></span> <span class='ocrx_word' id='word_1_465' title='bbox 980 4244 1074 4297; x_wconf 84' lang='grc' dir='ltr'><strong>καί</strong></span> <span class='ocrx_word' id='word_1_466' title='bbox 1092 4243 1361 4316; x_wconf 87' lang='grc' dir='ltr'>διχονοίας</span> <span class='ocrx_word' id='word_1_467' title='bbox 1381 4247 1602 4318; x_wconf 85' lang='grc' dir='ltr'>ἀπάσης</span> <span class='ocrx_word' id='word_1_468' title='bbox 1627 4249 1895 4320; x_wconf 79' lang='grc' dir='ltr'>ἀνῄρηται</span> 
     </span>
    </p>
   </div>
   <div class='ocr_carea' id='block_1_67' title="bbox 318 4330 1896 4411">
    <p class='ocr_par' dir='ltr' id='par_1_67' title="bbox 318 4330 1896 4411">
     <span class='ocr_line' id='line_1_68' title="bbox 318 4330 1896 4411; baseline 0.006 -28"><span class='ocrx_word' id='word_1_469' title='bbox 318 4330 540 4402; x_wconf 85' lang='grc' dir='ltr'>τρόπος,</span> <span class='ocrx_word' id='word_1_470' title='bbox 590 4331 686 4385; x_wconf 80' lang='grc' dir='ltr'><strong>τοῦ</strong></span> <span class='ocrx_word' id='word_1_471' title='bbox 720 4333 937 4389; x_wconf 87' lang='grc' dir='ltr'>πάντων</span> <span class='ocrx_word' id='word_1_472' title='bbox 975 4337 1007 4406; x_wconf 80' lang='grc' dir='ltr'><strong>ὴ</strong></span> <span class='ocrx_word' id='word_1_473' title='bbox 1018 4335 1133 4408; x_wconf 85' lang='grc' dir='ltr'><strong>μῶν</strong></span> <span class='ocrx_word' id='word_1_474' title='bbox 1188 4338 1439 4410; x_wconf 79' lang='grc' dir='ltr'>Σωτῆρος</span> <span class='ocrx_word' id='word_1_475' title='bbox 1461 4339 1722 4411; x_wconf 79' lang='grc' dir='ltr'>Χριστοῦ</span> <span class='ocrx_word' id='word_1_476' title='bbox 1774 4342 1896 4407; x_wconf 79' lang='grc' dir='ltr'>ταῖς</span> 
     </span>
    </p>
   </div>
   <div class='ocr_carea' id='block_1_68' title="bbox 319 4418 1892 4499">
    <p class='ocr_par' dir='ltr' id='par_1_68' title="bbox 319 4418 1892 4499">
     <span class='ocr_line' id='line_1_69' title="bbox 319 4418 1892 4499; baseline 0.009 -27"><span class='ocrx_word' id='word_1_477' title='bbox 319 4418 515 4473; x_wconf 69' lang='grc' dir='ltr'>ἑαυτοῦ</span> <span class='ocrx_word' id='word_1_478' title='bbox 555 4419 906 4494; x_wconf 86' lang='grc' dir='ltr'>Ἐκκλησίαις</span> <span class='ocrx_word' id='word_1_479' title='bbox 931 4423 1029 4495; x_wconf 80' lang='grc' dir='ltr'>τὴν</span> <span class='ocrx_word' id='word_1_480' title='bbox 1067 4428 1293 4498; x_wconf 84' lang='grc' dir='ltr'>εἰρήνην</span> <span class='ocrx_word' id='word_1_481' title='bbox 1324 4427 1758 4499; x_wconf 83' lang='grc' dir='ltr'>βραϐεύσαντος·</span> <span class='ocrx_word' id='word_1_482' title='bbox 1799 4449 1892 4486; x_wconf 88' lang='grc' dir='ltr'>κε-</span> 
     </span>
    </p>
   </div>
   <div class='ocr_carea' id='block_1_69' title="bbox 321 4509 1896 4589">
    <p class='ocr_par' dir='ltr' id='par_1_69' title="bbox 321 4509 1896 4589">
     <span class='ocr_line' id='line_1_70' title="bbox 321 4509 1896 4589; baseline 0.008 -24"><span class='ocrx_word' id='word_1_483' title='bbox 321 4509 601 4581; x_wconf 86' lang='grc' dir='ltr'>κληκότων</span> <span class='ocrx_word' id='word_1_484' title='bbox 620 4512 678 4566; x_wconf 76' lang='grc' dir='ltr'>δὲ</span> <span class='ocrx_word' id='word_1_485' title='bbox 705 4516 842 4586; x_wconf 77' lang='grc' dir='ltr'>πρὸς</span> <span class='ocrx_word' id='word_1_486' title='bbox 878 4516 1035 4570; x_wconf 90' lang='grc' dir='ltr'>τοῦτο</span> <span class='ocrx_word' id='word_1_487' title='bbox 1063 4519 1212 4589; x_wconf 73' lang='grc' dir='ltr'>ἡμᾶς</span> <span class='ocrx_word' id='word_1_488' title='bbox 1244 4520 1338 4573; x_wconf 81' lang='grc' dir='ltr'>καὶ</span> <span class='ocrx_word' id='word_1_489' title='bbox 1353 4520 1463 4573; x_wconf 86' lang='grc' dir='ltr'><strong>τῶν</strong></span> <span class='ocrx_word' id='word_1_490' title='bbox 1485 4521 1896 4579; x_wconf 85' lang='grc' dir='ltr'>εὐσεϐεστάτων</span> 
     </span>
    </p>
   </div>
   <div class='ocr_carea' id='block_1_70' title="bbox 321 4602 1895 4682">
    <p class='ocr_par' dir='ltr' id='par_1_70' title="bbox 321 4602 1895 4682">
     <span class='ocr_line' id='line_1_71' title="bbox 321 4602 1895 4682; baseline 0.008 -26"><span class='ocrx_word' id='word_1_491' title='bbox 321 4602 414 4656; x_wconf 77' lang='grc' dir='ltr'>καὶ</span> <span class='ocrx_word' id='word_1_492' title='bbox 434 4602 865 4671; x_wconf 76' lang='grc' dir='ltr'>θεοφιλεστάτων</span> <span class='ocrx_word' id='word_1_493' title='bbox 884 4607 1147 4679; x_wconf 68' lang='grc' dir='ltr'>βασιλέων</span> <span class='ocrx_word' id='word_1_494' title='bbox 1168 4649 1182 4673; x_wconf 88' lang='grc'><strong>,</strong></span> <span class='ocrx_word' id='word_1_495' title='bbox 1201 4610 1251 4662; x_wconf 82' lang='grc' dir='ltr'>οἳ</span> <span class='ocrx_word' id='word_1_496' title='bbox 1267 4613 1597 4682; x_wconf 80' lang='grc' dir='ltr'>προγονικῆς</span> <span class='ocrx_word' id='word_1_497' title='bbox 1614 4615 1895 4680; x_wconf 83' lang='grc' dir='ltr'>εὐσεϐείας</span> 
     </span>
    </p>
   </div>
   <div class='ocr_carea' id='block_1_71' title="bbox 318 4692 1894 4776">
    <p class='ocr_par' dir='ltr' id='par_1_71' title="bbox 318 4692 1894 4776">
     <span class='ocr_line' id='line_1_72' title="bbox 318 4692 1894 4776; baseline 0.009 -28"><span class='ocrx_word' id='word_1_498' title='bbox 318 4693 533 4766; x_wconf 76' lang='grc' dir='ltr'>ἄριστοι</span> <span class='ocrx_word' id='word_1_499' title='bbox 563 4692 804 4766; x_wconf 80' lang='grc' dir='ltr'>ζηλωταὶ</span> <span class='ocrx_word' id='word_1_500' title='bbox 826 4701 1135 4769; x_wconf 76' lang='grc' dir='ltr'>γεγονότες,</span> <span class='ocrx_word' id='word_1_501' title='bbox 1181 4703 1400 4775; x_wconf 85' lang='grc' dir='ltr'>ἀσφαλῆ</span> <span class='ocrx_word' id='word_1_502' title='bbox 1435 4706 1532 4776; x_wconf 88' lang='grc' dir='ltr'>μὲν</span> <span class='ocrx_word' id='word_1_503' title='bbox 1565 4707 1660 4761; x_wconf 77' lang='grc' dir='ltr'><strong>καί</strong></span> <span class='ocrx_word' id='word_1_504' title='bbox 1688 4708 1894 4761; x_wconf 87' lang='grc' dir='ltr'>ἀκατά-</span> 
     </span>
    </p>
   </div>
   <div class='ocr_carea' id='block_1_72' title="bbox 321 4790 1891 4870">
    <p class='ocr_par' dir='ltr' id='par_1_72' title="bbox 321 4790 1891 4870">
     <span class='ocr_line' id='line_1_73' title="bbox 321 4790 1891 4870; baseline 0.008 -30"><span class='ocrx_word' id='word_1_505' title='bbox 321 4803 535 4842; x_wconf 85' lang='grc' dir='ltr'>σειστον</span> <span class='ocrx_word' id='word_1_506' title='bbox 547 4791 645 4862; x_wconf 78' lang='grc' dir='ltr'>τὴν</span> <span class='ocrx_word' id='word_1_507' title='bbox 671 4790 838 4861; x_wconf 82' lang='grc' dir='ltr'>όρθὴν</span> <span class='ocrx_word' id='word_1_508' title='bbox 853 4792 912 4844; x_wconf 79' lang='grc' dir='ltr'>ὲν</span> <span class='ocrx_word' id='word_1_509' title='bbox 942 4790 1099 4856; x_wconf 84' lang='grc' dir='ltr'>ἰδίαις</span> <span class='ocrx_word' id='word_1_510' title='bbox 1113 4792 1314 4870; x_wconf 69' lang='grc' dir='ltr'>ψυχαῖς</span> <span class='ocrx_word' id='word_1_511' title='bbox 1330 4796 1658 4865; x_wconf 88' lang='grc' dir='ltr'>φυλάττουσι</span> <span class='ocrx_word' id='word_1_512' title='bbox 1677 4798 1858 4854; x_wconf 83' lang='grc' dir='ltr'>πίστιν</span> <span class='ocrx_word' id='word_1_513' title='bbox 1875 4840 1891 4864; x_wconf 86' lang='grc'><strong>,</strong></span> 
     </span>
    </p>
   </div>
   <div class='ocr_carea' id='block_1_73' title="bbox 322 4876 1895 4958">
    <p class='ocr_par' dir='ltr' id='par_1_73' title="bbox 322 4876 1895 4958">
     <span class='ocr_line' id='line_1_74' title="bbox 322 4876 1895 4958; baseline 0.009 -29"><span class='ocrx_word' id='word_1_514' title='bbox 322 4876 604 4950; x_wconf 73' lang='grc' dir='ltr'>ἰξαίρετον</span> <span class='ocrx_word' id='word_1_515' title='bbox 621 4878 681 4932; x_wconf 68' lang='grc' dir='ltr'>δὲ</span> <span class='ocrx_word' id='word_1_516' title='bbox 711 4878 991 4934; x_wconf 81' lang='grc' dir='ltr'>ποιοῦνται</span> <span class='ocrx_word' id='word_1_517' title='bbox 1018 4881 1275 4953; x_wconf 89' lang='grc' dir='ltr'>φροντίδα</span> <span class='ocrx_word' id='word_1_518' title='bbox 1299 4884 1398 4956; x_wconf 80' lang='grc' dir='ltr'>τὴν</span> <span class='ocrx_word' id='word_1_519' title='bbox 1424 4886 1563 4957; x_wconf 83' lang='grc' dir='ltr'>ὑπὲρ</span> <span class='ocrx_word' id='word_1_520' title='bbox 1582 4887 1692 4941; x_wconf 86' lang='grc' dir='ltr'><strong>τῶν</strong></span> <span class='ocrx_word' id='word_1_521' title='bbox 1722 4889 1895 4958; x_wconf 86' lang='grc' dir='ltr'>ἁγίων</span> 
     </span>
    </p>
   </div>
   <div class='ocr_carea' id='block_1_74' title="bbox 333 4967 1896 5052">
    <p class='ocr_par' dir='ltr' id='par_1_74' title="bbox 333 4967 1896 5052">
     <span class='ocr_line' id='line_1_75' title="bbox 333 4967 1896 5052; baseline 0.009 -30"><span class='ocrx_word' id='word_1_522' title='bbox 333 4967 692 5041; x_wconf 82' lang='grc' dir='ltr'>Ἐκκλησιῶν,</span> <span class='ocrx_word' id='word_1_523' title='bbox 731 4971 818 5024; x_wconf 85' lang='grc' dir='ltr'><strong>ῐνα</strong></span> <span class='ocrx_word' id='word_1_524' title='bbox 851 4972 1133 5044; x_wconf 86' lang='grc' dir='ltr'>διαϐόητον</span> <span class='ocrx_word' id='word_1_525' title='bbox 1157 4973 1355 5047; x_wconf 73' lang='grc' dir='ltr'>ἔχωσιν</span> <span class='ocrx_word' id='word_1_526' title='bbox 1385 4981 1464 5042; x_wconf 89' lang='grc' dir='ltr'><strong>εἰς</strong></span> <span class='ocrx_word' id='word_1_527' title='bbox 1487 4979 1659 5034; x_wconf 88' lang='grc' dir='ltr'>αἰῶνα</span> <span class='ocrx_word' id='word_1_528' title='bbox 1687 4981 1784 5052; x_wconf 81' lang='grc' dir='ltr'><strong>τὴν</strong></span> <span class='ocrx_word' id='word_1_529' title='bbox 1811 4981 1896 5035; x_wconf 87' lang='grc' dir='ltr'>δό-</span> 
     </span>
    </p>
   </div>
   <div class='ocr_carea' id='block_1_75' title="bbox 322 5057 1896 5142">
    <p class='ocr_par' dir='ltr' id='par_1_75' title="bbox 322 5057 1896 5142">
     <span class='ocr_line' id='line_1_76' title="bbox 322 5057 1896 5142; baseline 0.007 -29"><span class='ocrx_word' id='word_1_530' title='bbox 322 5057 417 5125; x_wconf 77' lang='grc' dir='ltr'><strong>ξαν</strong></span> <span class='ocrx_word' id='word_1_531' title='bbox 448 5062 544 5115; x_wconf 72' lang='grc' dir='ltr'><strong>καὶ</strong></span> <span class='ocrx_word' id='word_1_532' title='bbox 573 5061 977 5133; x_wconf 80' lang='grc' dir='ltr'>εὐκλεεστάτην</span> <span class='ocrx_word' id='word_1_533' title='bbox 999 5066 1321 5138; x_wconf 78' lang='grc' dir='ltr'>ἀποφήνωσι</span> <span class='ocrx_word' id='word_1_534' title='bbox 1358 5071 1456 5141; x_wconf 84' lang='grc' dir='ltr'>τὴν</span> <span class='ocrx_word' id='word_1_535' title='bbox 1497 5072 1705 5125; x_wconf 78' lang='grc' dir='ltr'>ἑαυτῶν</span> <span class='ocrx_word' id='word_1_536' title='bbox 1747 5073 1896 5142; x_wconf 83' lang='grc' dir='ltr'>βασι-</span> 
     </span>
    </p>
   </div>
   <div class='ocr_carea' id='block_1_76' title="bbox 319 5146 1895 5236">
    <p class='ocr_par' dir='ltr' id='par_1_76' title="bbox 319 5146 1895 5236">
     <span class='ocr_line' id='line_1_77' title="bbox 319 5146 1895 5236; baseline 0.01 -32"><span class='ocrx_word' id='word_1_537' title='bbox 319 5149 496 5206; x_wconf 80' lang='grc' dir='ltr'>λείαν·</span> <span class='ocrx_word' id='word_1_538' title='bbox 527 5146 609 5216; x_wconf 76' lang='grc' dir='ltr'>οἷς</span> <span class='ocrx_word' id='word_1_539' title='bbox 628 5153 722 5207; x_wconf 78' lang='grc' dir='ltr'>καὶ</span> <span class='ocrx_word' id='word_1_540' title='bbox 741 5153 902 5219; x_wconf 79' lang='grc' dir='ltr'>αὐτὸς</span> <span class='ocrx_word' id='word_1_541' title='bbox 934 5155 964 5208; x_wconf 90' lang='grc' dir='ltr'><strong>ό</strong></span> <span class='ocrx_word' id='word_1_542' title='bbox 989 5155 1098 5210; x_wconf 84' lang='grc' dir='ltr'>τῶν</span> <span class='ocrx_word' id='word_1_543' title='bbox 1118 5156 1402 5230; x_wconf 83' lang='grc' dir='ltr'>δυνάμεων</span> <span class='ocrx_word' id='word_1_544' title='bbox 1426 5162 1662 5232; x_wconf 80' lang='grc' dir='ltr'>Χριστὸς</span> <span class='ocrx_word' id='word_1_545' title='bbox 1687 5163 1895 5236; x_wconf 82' lang='grc' dir='ltr'>Κύριος</span> 
     </span>
    </p>
   </div>
   <div class='ocr_carea' id='block_1_77' title="bbox 323 5227 1973 5327">
    <p class='ocr_par' dir='ltr' id='par_1_77' title="bbox 323 5227 1973 5327">
     <span class='ocr_line' id='line_1_78' title="bbox 323 5227 1973 5327; baseline 0.01 -31"><span class='ocrx_word' id='word_1_546' title='bbox 323 5243 556 5316; x_wconf 78' lang='grc' dir='ltr'>πλουσίᾳ</span> <span class='ocrx_word' id='word_1_547' title='bbox 602 5245 749 5316; x_wconf 76' lang='grc' dir='ltr'>χειρὶ</span> <span class='ocrx_word' id='word_1_548' title='bbox 778 5245 1022 5318; x_wconf 81' lang='grc' dir='ltr'>διανιμει</span> <span class='ocrx_word' id='word_1_549' title='bbox 1050 5248 1121 5302; x_wconf 81' lang='grc' dir='ltr'>τὰ</span> <span class='ocrx_word' id='word_1_550' title='bbox 1158 5227 1360 5321; x_wconf 81' lang='grc' dir='ltr'>ἀγαθὰ,</span> <span class='ocrx_word' id='word_1_551' title='bbox 1417 5227 1513 5308; x_wconf 49' lang='lat' dir='ltr'><strong>ut</strong></span> <span class='ocrx_word' id='word_1_552' title='bbox 1553 5254 1736 5309; x_wconf 87' lang='grc' dir='ltr'>δίδωσι</span> <span class='ocrx_word' id='word_1_553' title='bbox 1778 5227 1896 5327; x_wconf 56' lang='grc' dir='ltr'>’μὲν</span> <span class='ocrx_word' id='word_1_554' title='bbox 1927 5227 1973 5284; x_wconf 74' lang='grc' dir='ltr'><strong>θ</strong></span> 
     </span>
    </p>
   </div>
   <div class='ocr_carea' id='block_1_78' title="bbox 321 5338 1897 5418">
    <p class='ocr_par' dir='ltr' id='par_1_78' title="bbox 321 5338 1897 5418">
     <span class='ocr_line' id='line_1_79' title="bbox 321 5338 1897 5418; baseline 0.008 -28"><span class='ocrx_word' id='word_1_555' title='bbox 321 5340 693 5410; x_wconf 81' lang='grc' dir='ltr'>κατακρατεῖν</span> <span class='ocrx_word' id='word_1_556' title='bbox 716 5338 826 5394; x_wconf 84' lang='grc' dir='ltr'><strong>τῶν</strong></span> <span class='ocrx_word' id='word_1_557' title='bbox 848 5338 1284 5414; x_wconf 83' lang='grc' dir='ltr'>ἀνθεστηκότων,</span> <span class='ocrx_word' id='word_1_558' title='bbox 1319 5346 1605 5418; x_wconf 74' lang='grc' dir='ltr'>χαρίζεται</span> <span class='ocrx_word' id='word_1_559' title='bbox 1641 5347 1698 5402; x_wconf 82' lang='grc' dir='ltr'>δὲ</span> <span class='ocrx_word' id='word_1_560' title='bbox 1727 5352 1786 5402; x_wconf 85' lang='grc' dir='ltr'>τὸ</span> <span class='ocrx_word' id='word_1_561' title='bbox 1818 5368 1897 5403; x_wconf 83' lang='grc' dir='ltr'>νι-</span> 
     </span>
    </p>
   </div>
   <div class='ocr_carea' id='block_1_79' title="bbox 1995 3975 2880 4048">
    <p class='ocr_par' dir='ltr' id='par_1_79' title="bbox 1995 3975 2880 4048">
     <span class='ocr_line' id='line_1_80' title="bbox 1995 3975 2880 4048; baseline 0.003 -16"><span class='ocrx_word' id='word_1_562' title='bbox 1995 3975 2253 4048; x_wconf 84' lang='lat' dir='ltr'><strong>Cyrillus,</strong></span> <span class='ocrx_word' id='word_1_563' title='bbox 2282 3977 2339 4032; x_wconf 88' lang='lat' dir='ltr'><strong>in</strong></span> <span class='ocrx_word' id='word_1_564' title='bbox 2365 3976 2600 4033; x_wconf 89' lang='lat' dir='ltr'><strong>Domino</strong></span> <span class='ocrx_word' id='word_1_565' title='bbox 2628 3980 2880 4035; x_wconf 86' lang='lat' dir='ltr'><strong>salutem.</strong></span> 
     </span>
    </p>
   </div>
   <div class='ocr_carea' id='block_1_80' title="bbox 2072 4069 3579 4136">
    <p class='ocr_par' dir='ltr' id='par_1_80' title="bbox 2072 4069 3579 4136">
     <span class='ocr_line' id='line_1_81' title="bbox 2072 4069 3579 4136; baseline 0.011 -17"><span class='ocrx_word' id='word_1_566' title='bbox 2072 4087 2090 4119; x_wconf 86' lang='grc'><strong>‹</strong></span> <span class='ocrx_word' id='word_1_567' title='bbox 2129 4069 2417 4125; x_wconf 71' lang='lat' dir='ltr'><strong>Ltetentur</strong></span> <span class='ocrx_word' id='word_1_568' title='bbox 2459 4071 2605 4136; x_wconf 62' lang='lat' dir='ltr'><strong>caeli,</strong></span> <span class='ocrx_word' id='word_1_569' title='bbox 2641 4079 2697 4126; x_wconf 89' lang='lat' dir='ltr'><strong>et</strong></span> <span class='ocrx_word' id='word_1_570' title='bbox 2724 4075 2961 4129; x_wconf 81' lang='lat' dir='ltr'><strong>exsultet</strong></span> <span class='ocrx_word' id='word_1_571' title='bbox 3009 4084 3156 4131; x_wconf 88' lang='lat' dir='ltr'><strong>terra</strong></span> <span class='ocrx_word' id='word_1_572' title='bbox 3179 4077 3242 4130; x_wconf 69' lang='grc'><strong>³³.</strong></span> <span class='ocrx_word' id='word_1_573' title='bbox 3279 4097 3296 4129; x_wconf 83' lang='grc' dir='ltr'><strong>ι</strong></span> <span class='ocrx_word' id='word_1_574' title='bbox 3351 4078 3579 4136; x_wconf 80' lang='lat' dir='ltr'><strong>Solutus</strong></span> 
     </span>
    </p>
   </div>
   <div class='ocr_carea' id='block_1_81' title="bbox 1994 4161 3577 4238">
    <p class='ocr_par' dir='ltr' id='par_1_81' title="bbox 1994 4161 3577 4238">
     <span class='ocr_line' id='line_1_82' title="bbox 1994 4161 3577 4238; baseline 0.007 -25"><span class='ocrx_word' id='word_1_575' title='bbox 1994 4169 2080 4214; x_wconf 89' lang='lat' dir='ltr'><strong>est</strong></span> <span class='ocrx_word' id='word_1_576' title='bbox 2109 4162 2257 4215; x_wconf 89' lang='lat' dir='ltr'><strong>enim</strong></span> <span class='ocrx_word' id='word_1_577' title='bbox 2292 4161 2510 4217; x_wconf 89' lang='lat' dir='ltr'><strong>medius</strong></span> <span class='ocrx_word' id='word_1_578' title='bbox 2536 4165 2718 4233; x_wconf 89' lang='lat' dir='ltr'><strong>paries</strong></span> <span class='ocrx_word' id='word_1_579' title='bbox 2740 4165 2990 4221; x_wconf 66' lang='lat' dir='ltr'><strong>maceria:</strong></span> <span class='ocrx_word' id='word_1_580' title='bbox 3013 4167 3077 4232; x_wconf 86' lang='grc'><strong>³⁷,</strong></span> <span class='ocrx_word' id='word_1_581' title='bbox 3114 4176 3170 4221; x_wconf 91' lang='lat' dir='ltr'><strong>et</strong></span> <span class='ocrx_word' id='word_1_582' title='bbox 3194 4168 3341 4238; x_wconf 92' lang='lat' dir='ltr'><strong>quod</strong></span> <span class='ocrx_word' id='word_1_583' title='bbox 3369 4183 3577 4224; x_wconf 66' lang='lat' dir='ltr'><strong>maero-</strong></span> 
     </span>
    </p>
   </div>
   <div class='ocr_carea' id='block_1_82' title="bbox 1998 4251 3580 4331">
    <p class='ocr_par' dir='ltr' id='par_1_82' title="bbox 1998 4251 3580 4331">
     <span class='ocr_line' id='line_1_83' title="bbox 1998 4251 3580 4331; baseline 0.008 -27"><span class='ocrx_word' id='word_1_584' title='bbox 1998 4266 2114 4305; x_wconf 92' lang='lat' dir='ltr'><strong>rem</strong></span> <span class='ocrx_word' id='word_1_585' title='bbox 2147 4251 2431 4318; x_wconf 82' lang='lat' dir='ltr'><strong>aﬁ&#39;erebat,</strong></span> <span class='ocrx_word' id='word_1_586' title='bbox 2456 4255 2794 4325; x_wconf 86' lang='lat' dir='ltr'><strong>conquievit,</strong></span> <span class='ocrx_word' id='word_1_587' title='bbox 2821 4264 2877 4311; x_wconf 93' lang='lat' dir='ltr'><strong>et</strong></span> <span class='ocrx_word' id='word_1_588' title='bbox 2903 4271 3065 4311; x_wconf 90' lang='lat' dir='ltr'><strong>omne</strong></span> <span class='ocrx_word' id='word_1_589' title='bbox 3097 4258 3454 4314; x_wconf 84' lang='lat' dir='ltr'><strong>dissidiorum</strong></span> <span class='ocrx_word' id='word_1_590' title='bbox 3485 4273 3580 4331; x_wconf 76' lang='lat' dir='ltr'><strong>ge-</strong></span> 
     </span>
    </p>
   </div>
   <div class='ocr_carea' id='block_1_83' title="bbox 1995 4342 3580 4411">
    <p class='ocr_par' dir='ltr' id='par_1_83' title="bbox 1995 4342 3580 4411">
     <span class='ocr_line' id='line_1_84' title="bbox 1995 4342 3580 4411; baseline 0.008 -17"><span class='ocrx_word' id='word_1_591' title='bbox 1995 4356 2102 4395; x_wconf 91' lang='lat' dir='ltr'><strong>nus</strong></span> <span class='ocrx_word' id='word_1_592' title='bbox 2158 4342 2434 4399; x_wconf 90' lang='lat' dir='ltr'><strong>sublatum</strong></span> <span class='ocrx_word' id='word_1_593' title='bbox 2498 4354 2620 4411; x_wconf 91' lang='lat' dir='ltr'><strong>est,</strong></span> <span class='ocrx_word' id='word_1_594' title='bbox 2679 4347 2926 4402; x_wconf 90' lang='lat' dir='ltr'><strong>omnium</strong></span> <span class='ocrx_word' id='word_1_595' title='bbox 2987 4358 3238 4404; x_wconf 90' lang='lat' dir='ltr'><strong>nostrum</strong></span> <span class='ocrx_word' id='word_1_596' title='bbox 3295 4349 3580 4406; x_wconf 81' lang='lat' dir='ltr'><strong>Salvatore</strong></span> 
     </span>
    </p>
   </div>
   <div class='ocr_carea' id='block_1_84' title="bbox 1995 4431 3580 4514">
    <p class='ocr_par' dir='ltr' id='par_1_84' title="bbox 1995 4431 3580 4514">
     <span class='ocr_line' id='line_1_85' title="bbox 1995 4431 3580 4514; baseline 0.008 -27"><span class='ocrx_word' id='word_1_597' title='bbox 1995 4431 2216 4488; x_wconf 89' lang='lat' dir='ltr'><strong>Christo</strong></span> <span class='ocrx_word' id='word_1_598' title='bbox 2245 4450 2436 4504; x_wconf 85' lang='lat' dir='ltr'><strong>pacem</strong></span> <span class='ocrx_word' id='word_1_599' title='bbox 2466 4436 2726 4492; x_wconf 87' lang='lat' dir='ltr'><strong>Ecclesiis</strong></span> <span class='ocrx_word' id='word_1_600' title='bbox 2748 4439 2864 4493; x_wconf 91' lang='lat' dir='ltr'><strong>suis</strong></span> <span class='ocrx_word' id='word_1_601' title='bbox 2886 4440 3185 4506; x_wconf 71' lang='lat' dir='ltr'><strong>trimente,</strong></span> <span class='ocrx_word' id='word_1_602' title='bbox 3224 4441 3580 4514; x_wconf 78' lang='lat' dir='ltr'><strong>religiosissi-</strong></span> 
     </span>
    </p>
   </div>
   <div class='ocr_carea' id='block_1_85' title="bbox 1997 4524 3580 4603">
    <p class='ocr_par' dir='ltr' id='par_1_85' title="bbox 1997 4524 3580 4603">
     <span class='ocr_line' id='line_1_86' title="bbox 1997 4524 3580 4603; baseline 0.008 -26"><span class='ocrx_word' id='word_1_603' title='bbox 1997 4524 2102 4578; x_wconf 91' lang='lat' dir='ltr'><strong>mis</strong></span> <span class='ocrx_word' id='word_1_604' title='bbox 2127 4533 2312 4581; x_wconf 90' lang='lat' dir='ltr'><strong>autem</strong></span> <span class='ocrx_word' id='word_1_605' title='bbox 2343 4527 2565 4598; x_wconf 91' lang='lat' dir='ltr'><strong>Deoque</strong></span> <span class='ocrx_word' id='word_1_606' title='bbox 2613 4529 2993 4587; x_wconf 80' lang='lat' dir='ltr'><strong>dilectissimis</strong></span> <span class='ocrx_word' id='word_1_607' title='bbox 3015 4533 3448 4603; x_wconf 89' lang='lat' dir='ltr'><strong>imperatoribus</strong></span> <span class='ocrx_word' id='word_1_608' title='bbox 3472 4549 3580 4590; x_wconf 88' lang='lat' dir='ltr'><strong>no-</strong></span> 
     </span>
    </p>
   </div>
   <div class='ocr_carea' id='block_1_86' title="bbox 1997 4619 3581 4697">
    <p class='ocr_par' dir='ltr' id='par_1_86' title="bbox 1997 4619 3581 4697">
     <span class='ocr_line' id='line_1_87' title="bbox 1997 4619 3581 4697; baseline 0.006 -25"><span class='ocrx_word' id='word_1_609' title='bbox 1997 4619 2124 4674; x_wconf 89' lang='lat' dir='ltr'><strong>stris</strong></span> <span class='ocrx_word' id='word_1_610' title='bbox 2148 4619 2217 4674; x_wconf 87' lang='lat' dir='ltr'><strong>ad</strong></span> <span class='ocrx_word' id='word_1_611' title='bbox 2245 4619 2297 4674; x_wconf 91' lang='lat' dir='ltr'><strong>id</strong></span> <span class='ocrx_word' id='word_1_612' title='bbox 2328 4635 2428 4675; x_wconf 92' lang='lat' dir='ltr'><strong>nos</strong></span> <span class='ocrx_word' id='word_1_613' title='bbox 2463 4623 2789 4678; x_wconf 81' lang='lat' dir='ltr'><strong>vocantibus</strong></span> <span class='ocrx_word' id='word_1_614' title='bbox 2813 4642 2824 4677; x_wconf 91' lang='lat'><strong>:</strong></span> <span class='ocrx_word' id='word_1_615' title='bbox 2848 4624 3088 4693; x_wconf 88' lang='lat' dir='ltr'><strong>quicum</strong></span> <span class='ocrx_word' id='word_1_616' title='bbox 3107 4625 3269 4680; x_wconf 65' lang='lat' dir='ltr'><strong>avita:</strong></span> <span class='ocrx_word' id='word_1_617' title='bbox 3291 4626 3581 4697; x_wconf 73' lang='lat' dir='ltr'><strong>religionis</strong></span> 
     </span>
    </p>
   </div>
   <div class='ocr_carea' id='block_1_87' title="bbox 1996 4711 3580 4781">
    <p class='ocr_par' dir='ltr' id='par_1_87' title="bbox 1996 4711 3580 4781">
     <span class='ocr_line' id='line_1_88' title="bbox 1996 4711 3580 4781; baseline 0.008 -18"><span class='ocrx_word' id='word_1_618' title='bbox 1996 4711 2187 4781; x_wconf 90' lang='lat' dir='ltr'><strong>optimi</strong></span> <span class='ocrx_word' id='word_1_619' title='bbox 2224 4713 2574 4768; x_wconf 64' lang='lat' dir='ltr'><strong>aemulatores</strong></span> <span class='ocrx_word' id='word_1_620' title='bbox 2603 4715 2889 4781; x_wconf 88' lang='lat' dir='ltr'><strong>exsistant,</strong></span> <span class='ocrx_word' id='word_1_621' title='bbox 2928 4715 3092 4772; x_wconf 87' lang='lat' dir='ltr'><strong>ﬁdem</strong></span> <span class='ocrx_word' id='word_1_622' title='bbox 3135 4726 3341 4774; x_wconf 85' lang='lat' dir='ltr'><strong>rectam</strong></span> <span class='ocrx_word' id='word_1_623' title='bbox 3379 4720 3580 4777; x_wconf 87' lang='lat' dir='ltr'><strong>animis</strong></span> 
     </span>
    </p>
   </div>
   <div class='ocr_carea' id='block_1_88' title="bbox 1997 4802 3579 4880">
    <p class='ocr_par' dir='ltr' id='par_1_88' title="bbox 1997 4802 3579 4880">
     <span class='ocr_line' id='line_1_89' title="bbox 1997 4802 3579 4880; baseline 0.006 -22"><span class='ocrx_word' id='word_1_624' title='bbox 1997 4803 2112 4858; x_wconf 88' lang='lat' dir='ltr'><strong>suis</strong></span> <span class='ocrx_word' id='word_1_625' title='bbox 2152 4802 2365 4860; x_wconf 85' lang='lat' dir='ltr'><strong>ﬁrmam</strong></span> <span class='ocrx_word' id='word_1_626' title='bbox 2398 4804 2789 4876; x_wconf 87' lang='lat' dir='ltr'><strong>immotamque</strong></span> <span class='ocrx_word' id='word_1_627' title='bbox 2822 4808 3141 4863; x_wconf 90' lang='lat' dir='ltr'><strong>custodiunt</strong></span> <span class='ocrx_word' id='word_1_628' title='bbox 3168 4828 3180 4863; x_wconf 88' lang='lat'><strong>:</strong></span> <span class='ocrx_word' id='word_1_629' title='bbox 3214 4812 3350 4880; x_wconf 88' lang='lat' dir='ltr'><strong>quin</strong></span> <span class='ocrx_word' id='word_1_630' title='bbox 3375 4810 3432 4867; x_wconf 85' lang='lat' dir='ltr'><strong>et</strong></span> <span class='ocrx_word' id='word_1_631' title='bbox 3461 4813 3579 4867; x_wconf 87' lang='lat' dir='ltr'><strong>sin-</strong></span> 
     </span>
    </p>
   </div>
   <div class='ocr_carea' id='block_1_89' title="bbox 1995 4895 3579 4975">
    <p class='ocr_par' dir='ltr' id='par_1_89' title="bbox 1995 4895 3579 4975">
     <span class='ocr_line' id='line_1_90' title="bbox 1995 4895 3579 4975; baseline 0.006 -26"><span class='ocrx_word' id='word_1_632' title='bbox 1995 4895 2240 4966; x_wconf 75' lang='lat' dir='ltr'><strong>gularem</strong></span> <span class='ocrx_word' id='word_1_633' title='bbox 2263 4913 2480 4967; x_wconf 89' lang='lat' dir='ltr'><strong>quoque</strong></span> <span class='ocrx_word' id='word_1_634' title='bbox 2508 4900 2713 4953; x_wconf 90' lang='lat' dir='ltr'><strong>sanctis</strong></span> <span class='ocrx_word' id='word_1_635' title='bbox 2732 4901 2994 4955; x_wconf 89' lang='lat' dir='ltr'><strong>Ecclesiis</strong></span> <span class='ocrx_word' id='word_1_636' title='bbox 3016 4918 3204 4958; x_wconf 90' lang='lat' dir='ltr'><strong>curam</strong></span> <span class='ocrx_word' id='word_1_637' title='bbox 3229 4903 3579 4975; x_wconf 85' lang='lat' dir='ltr'><strong>impendunt,</strong></span> 
     </span>
    </p>
   </div>
   <div class='ocr_carea' id='block_1_90' title="bbox 1997 4987 3582 5066">
    <p class='ocr_par' dir='ltr' id='par_1_90' title="bbox 1997 4987 3582 5066">
     <span class='ocr_line' id='line_1_91' title="bbox 1997 4987 3582 5066; baseline 0.008 -27"><span class='ocrx_word' id='word_1_638' title='bbox 1997 4995 2058 5040; x_wconf 89' lang='lat' dir='ltr'><strong>ut</strong></span> <span class='ocrx_word' id='word_1_639' title='bbox 2091 4987 2511 5044; x_wconf 87' lang='lat' dir='ltr'><strong>celeberrimam</strong></span> <span class='ocrx_word' id='word_1_640' title='bbox 2553 4990 2784 5061; x_wconf 81' lang='lat' dir='ltr'><strong>gloriam</strong></span> <span class='ocrx_word' id='word_1_641' title='bbox 2822 4992 3108 5049; x_wconf 88' lang='lat' dir='ltr'><strong>obtineant</strong></span> <span class='ocrx_word' id='word_1_642' title='bbox 3143 5005 3488 5066; x_wconf 88' lang='lat' dir='ltr'><strong>perpetuam,</strong></span> <span class='ocrx_word' id='word_1_643' title='bbox 3523 5005 3582 5051; x_wconf 77' lang='lat' dir='ltr'><strong>et</strong></span> 
     </span>
    </p>
   </div>
   <div class='ocr_carea' id='block_1_91' title="bbox 1998 5082 3580 5158">
    <p class='ocr_par' dir='ltr' id='par_1_91' title="bbox 1998 5082 3580 5158">
     <span class='ocr_line' id='line_1_92' title="bbox 1998 5082 3580 5158; baseline 0.007 -25"><span class='ocrx_word' id='word_1_644' title='bbox 1998 5094 2228 5150; x_wconf 79' lang='lat' dir='ltr'><strong>regnum</strong></span> <span class='ocrx_word' id='word_1_645' title='bbox 2276 5095 2438 5136; x_wconf 89' lang='lat' dir='ltr'><strong>suum</strong></span> <span class='ocrx_word' id='word_1_646' title='bbox 2475 5082 2924 5139; x_wconf 84' lang='lat' dir='ltr'><strong>ﬂorentissimum</strong></span> <span class='ocrx_word' id='word_1_647' title='bbox 2972 5090 3347 5142; x_wconf 88' lang='lat' dir='ltr'><strong>constituant:</strong></span> <span class='ocrx_word' id='word_1_648' title='bbox 3376 5089 3580 5158; x_wconf 88' lang='lat' dir='ltr'><strong>quibus</strong></span> 
     </span>
    </p>
   </div>
   <div class='ocr_carea' id='block_1_92' title="bbox 2002 5173 3580 5244">
    <p class='ocr_par' dir='ltr' id='par_1_92' title="bbox 2002 5173 3580 5244">
     <span class='ocr_line' id='line_1_93' title="bbox 2002 5173 3580 5244; baseline 0.005 -18"><span class='ocrx_word' id='word_1_649' title='bbox 2002 5181 2058 5226; x_wconf 91' lang='lat' dir='ltr'><strong>et</strong></span> <span class='ocrx_word' id='word_1_650' title='bbox 2108 5173 2225 5243; x_wconf 91' lang='lat' dir='ltr'><strong>ipse</strong></span> <span class='ocrx_word' id='word_1_651' title='bbox 2285 5188 2647 5244; x_wconf 89' lang='lat' dir='ltr'><strong>supemarum</strong></span> <span class='ocrx_word' id='word_1_652' title='bbox 2692 5177 2961 5233; x_wconf 86' lang='lat' dir='ltr'><strong>virtutum</strong></span> <span class='ocrx_word' id='word_1_653' title='bbox 3012 5180 3276 5234; x_wconf 90' lang='lat' dir='ltr'><strong>Dominus</strong></span> <span class='ocrx_word' id='word_1_654' title='bbox 3326 5179 3580 5236; x_wconf 82' lang='lat' dir='ltr'><strong>Christus</strong></span> 
     </span>
    </p>
   </div>
   <div class='ocr_carea' id='block_1_93' title="bbox 2003 5263 3579 5342">
    <p class='ocr_par' dir='ltr' id='par_1_93' title="bbox 2003 5263 3579 5342">
     <span class='ocr_line' id='line_1_94' title="bbox 2003 5263 3579 5342; baseline 0.004 -23"><span class='ocrx_word' id='word_1_655' title='bbox 2003 5263 2153 5335; x_wconf 75' lang='lat' dir='ltr'><strong>larga</strong></span> <span class='ocrx_word' id='word_1_656' title='bbox 2190 5281 2354 5321; x_wconf 89' lang='lat' dir='ltr'><strong>manu</strong></span> <span class='ocrx_word' id='word_1_657' title='bbox 2388 5266 2632 5337; x_wconf 89' lang='lat' dir='ltr'><strong>impertit</strong></span> <span class='ocrx_word' id='word_1_658' title='bbox 2669 5267 2833 5334; x_wconf 88' lang='lat' dir='ltr'><strong>bona,</strong></span> <span class='ocrx_word' id='word_1_659' title='bbox 2865 5269 3068 5339; x_wconf 88' lang='lat' dir='ltr'><strong>datque</strong></span> <span class='ocrx_word' id='word_1_660' title='bbox 3098 5271 3263 5342; x_wconf 89' lang='lat' dir='ltr'><strong>potiri</strong></span> <span class='ocrx_word' id='word_1_661' title='bbox 3305 5271 3579 5338; x_wconf 86' lang='lat' dir='ltr'><strong>hostibus,</strong></span> 
     </span>
    </p>
   </div>
   <div class='ocr_carea' id='block_1_94' title="bbox 2003 5354 3580 5428">
    <p class='ocr_par' dir='ltr' id='par_1_94' title="bbox 2003 5354 3580 5428">
     <span class='ocr_line' id='line_1_95' title="bbox 2003 5354 3580 5428; baseline 0.006 -21"><span class='ocrx_word' id='word_1_662' title='bbox 2003 5368 2066 5408; x_wconf 88' lang='lat' dir='ltr'><strong>ac</strong></span> <span class='ocrx_word' id='word_1_663' title='bbox 2091 5354 2382 5410; x_wconf 86' lang='lat' dir='ltr'><strong>victoriam</strong></span> <span class='ocrx_word' id='word_1_664' title='bbox 2432 5356 2620 5412; x_wconf 89' lang='lat' dir='ltr'><strong>donat.</strong></span> <span class='ocrx_word' id='word_1_665' title='bbox 2663 5359 2780 5415; x_wconf 87' lang='lat' dir='ltr'><strong>Non</strong></span> <span class='ocrx_word' id='word_1_666' title='bbox 2826 5360 2974 5414; x_wconf 85' lang='lat' dir='ltr'><strong>enim</strong></span> <span class='ocrx_word' id='word_1_667' title='bbox 3021 5363 3307 5428; x_wconf 87' lang='lat' dir='ltr'><strong>mentitur,</strong></span> <span class='ocrx_word' id='word_1_668' title='bbox 3345 5363 3580 5418; x_wconf 83' lang='lat' dir='ltr'><strong>dicens:</strong></span> 
     </span>
    </p>
   </div>
   <div class='ocr_carea' id='block_1_95' title="bbox 391 5489 2007 5571">
    <p class='ocr_par' dir='ltr' id='par_1_95' title="bbox 391 5489 2007 5571">
     <span class='ocr_line' id='line_1_96' title="bbox 391 5489 2007 5571; baseline 0.011 -29"><span class='ocrx_word' id='word_1_669' title='bbox 391 5490 436 5522; x_wconf 86' lang='grc'><strong><em>³⁸</em></strong></span> <span class='ocrx_word' id='word_1_670' title='bbox 471 5490 492 5544; x_wconf 92' lang='lat' dir='ltr'><strong>l</strong></span> <span class='ocrx_word' id='word_1_671' title='bbox 521 5489 662 5545; x_wconf 87' lang='lat' dir='ltr'><strong>Tim.</strong></span> <span class='ocrx_word' id='word_1_672' title='bbox 691 5507 766 5556; x_wconf 74' lang='grc' dir='ltr'><strong>τι,</strong></span> <span class='ocrx_word' id='word_1_673' title='bbox 794 5491 885 5548; x_wconf 74' lang='lat'><strong>20.</strong></span> <span class='ocrx_word' id='word_1_674' title='bbox 962 5491 1008 5526; x_wconf 81' lang='grc'><strong><em>³⁸</em></strong></span> <span class='ocrx_word' id='word_1_675' title='bbox 1035 5493 1178 5552; x_wconf 82' lang='lat' dir='ltr'><strong>Psal.</strong></span> <span class='ocrx_word' id='word_1_676' title='bbox 1208 5512 1329 5565; x_wconf 88' lang='lat' dir='ltr'><strong>xcv,</strong></span> <span class='ocrx_word' id='word_1_677' title='bbox 1368 5498 1449 5552; x_wconf 86' lang='lat' dir='ltr'><strong>ll.</strong></span> <span class='ocrx_word' id='word_1_678' title='bbox 1530 5501 1574 5532; x_wconf 86' lang='grc'><strong>³⁷</strong></span> <span class='ocrx_word' id='word_1_679' title='bbox 1604 5501 1805 5571; x_wconf 85' lang='lat' dir='ltr'><strong>Ephes.</strong></span> <span class='ocrx_word' id='word_1_680' title='bbox 1834 5519 1892 5570; x_wconf 87' lang='grc' dir='ltr'><strong>ιι,</strong></span> <span class='ocrx_word' id='word_1_681' title='bbox 1925 5505 2007 5559; x_wconf 63' lang='lat' dir='ltr'><strong>li.</strong></span> 
     </span>
    </p>
   </div>
   <div class='ocr_carea' id='block_1_96' title="bbox 1384 5653 2480 5732">
    <p class='ocr_par' dir='ltr' id='par_1_96' title="bbox 1384 5653 2480 5732">
     <span class='ocr_line' id='line_1_97' title="bbox 1384 5653 2480 5732; baseline 0.007 -23"><span class='ocrx_word' id='word_1_682' title='bbox 1384 5653 1558 5710; x_wconf 67' lang='lat' dir='ltr'><strong>Variae</strong></span> <span class='ocrx_word' id='word_1_683' title='bbox 1591 5654 1856 5713; x_wconf 85' lang='lat' dir='ltr'><strong>lectiones</strong></span> <span class='ocrx_word' id='word_1_684' title='bbox 1884 5658 2091 5714; x_wconf 86' lang='lat' dir='ltr'><strong>codicis</strong></span> <span class='ocrx_word' id='word_1_685' title='bbox 2121 5658 2480 5732; x_wconf 80' lang='lat' dir='ltr'><strong>Seguieriani.</strong></span> 
     </span>
    </p>
   </div>
   <div class='ocr_carea' id='block_1_97' title="bbox 392 5753 2662 5850">
    <p class='ocr_par' dir='ltr' id='par_1_97' title="bbox 392 5753 2662 5850">
     <span class='ocr_line' id='line_1_98' title="bbox 392 5753 2662 5850; baseline 0.007 -33"><span class='ocrx_word' id='word_1_686' title='bbox 392 5769 418 5803; x_wconf 72' lang='grc' dir='ltr'><strong>ο</strong></span> <span class='ocrx_word' id='word_1_687' title='bbox 447 5753 770 5836; x_wconf 76' lang='grc' dir='ltr'>θεηγόρὸυς.</span> <span class='ocrx_word' id='word_1_688' title='bbox 853 5767 869 5802; x_wconf 75' lang='grc'>⁸</span> <span class='ocrx_word' id='word_1_689' title='bbox 901 5764 1264 5842; x_wconf 76' lang='grc' dir='ltr'>βεϐαιωθῆναι</span> <span class='ocrx_word' id='word_1_690' title='bbox 1343 5782 1364 5808; x_wconf 65' lang='grc' dir='ltr'>οι</span> <span class='ocrx_word' id='word_1_691' title='bbox 1396 5775 1656 5828; x_wconf 67' lang='grc' dir='ltr'>κοινωνοὶ.</span> <span class='ocrx_word' id='word_1_692' title='bbox 1739 5783 1762 5810; x_wconf 90' lang='lat'>&#39;</span> <span class='ocrx_word' id='word_1_693' title='bbox 1793 5773 1974 5847; x_wconf 72' lang='grc' dir='ltr'>ἔχουσί</span> <span class='ocrx_word' id='word_1_694' title='bbox 2000 5793 2076 5832; x_wconf 79' lang='grc' dir='ltr'><strong>τε.</strong></span> <span class='ocrx_word' id='word_1_695' title='bbox 2157 5785 2182 5814; x_wconf 72' lang='grc' dir='ltr'>ι</span> <span class='ocrx_word' id='word_1_696' title='bbox 2208 5776 2433 5850; x_wconf 79' lang='grc' dir='ltr'>τηροῦσι</span> <span class='ocrx_word' id='word_1_697' title='bbox 2463 5778 2662 5834; x_wconf 81' lang='grc' dir='ltr'>πίστιν.</span> 
     </span>
    </p>
   </div>
  </div>
