4154 6322
622 387 725 443 175

1635 380 1693 434 S.
1731 376 2007 434 CYRlLLl
2044 374 2511 433 ALEXANDRINI
2549 363 2865 430 ARCHIEP.

3741 374 3847 429 {16

628 519 646 553 ε
681 497 813 554 Vivo
834 512 957 572 ego,
998 496 1134 554 dicit
1168 498 1450 558 Dominus.
1476 496 1603 566 quia
1625 495 1994 567 gloriﬁcantes
2024 491 2182 565 105

2284 494 2406 566 κᾷν.
2438 493 2514 549 οὐ
2556 489 2666 564 γὰρ
2701 489 2768 546 ἂν
2807 487 3165 561 διαψεύσηται
3206 488 3382 558 λέγων
3421 487 3508 545 δτι
3535 507 3558 542 ε
3589 485 3676 543 Ζῶ
3711 485 3845 558 ἑγὼ,

617 605 706 648 me
719 588 1038 662 gloriﬁsabo
1059 589 1142 644 "'.
1172 608 1191 641 ι
1223 587 1358 644 Cum
1386 587 1569 657 itaque
1591 585 1854 642 Dominus
1875 599 2033 642 meus
2049 583 2182 640 reli-

619 679 965 750 giosissimus
1008 679 1209 734 Paulus
1252 677 1629 734 comminister
1659 683 1716 732 et
1747 675 1920 732 frater
1953 677 2184 733 Alexan-

618 768 796 823 driam
856 769 1144 834 venisset,
1193 782 1386 839 magna
1442 766 1611 822 animi
1664 767 1947 838 voluptate
1999 765 2182 823 affecti

619 873 830 920 sumus,
856 872 960 912 nec
980 857 1275 922 immerito,
1300 865 1489 928 utpote
1511 872 1637 913 cum
1665 857 1789 912 talis
1805 857 1892 913 vir
1914 858 2184 914 mediator

617 954 765 1000 esset
808 945 1186 1016 interpositus,
1232 953 1290 1002 et
1318 947 1575 1018 majores,
1612 960 1778 1017 quam
1813 961 1915 1018 pro
1945 946 2179 1013 viribus,

619 1038 836 1093 labores
859 1037 1014 1093 adire
1035 1051 1204 1094 ausus
1230 1045 1398 1103 esset,
1421 1044 1484 1093 ut
1500 1035 1706 1092 diaboli
1729 1037 1993 1094 invidiam
2022 1053 2184 1108 supe-

620 1137 789 1194 raret,
819 1143 885 1185 ac
912 1128 1185 1200 disiuncta
1211 1129 1589 1200 coniungeret,
1620 1133 1949 1198 nostrasque
1992 1135 2050 1183 et
2086 1141 2182 1182 ve-

619 1228 764 1278 stras
805 1220 1100 1288 Ecclesias,
1147 1235 1271 1292 qua:
1320 1220 1734 1276 iutervenerant
1783 1219 2184 1276 oﬁ'ensionibus

620 1310 871 1378 sublatis,
892 1311 1186 1368 wncordia
1206 1319 1263 1368 et
1281 1325 1415 1382 pace
1439 1317 1750 1367 coronaret.
1770 1308 1982 1377 Quibus
1999 1317 2183 1365 autem

620 1407 690 1464 de
737 1407 922 1462 causis
965 1404 1075 1461 illa
1121 1404 1388 1460 dissidere
1416 1403 1707 1474 cmperint,
1754 1417 2183 1460 commemorare

619 1510 1090 1570 supervacaneum
1119 1503 1224 1553 est.
1253 1493 1628 1566 Opportunius
1646 1503 1834 1552 autem
1869 1509 2069 1550 censeo
2088 1534 2102 1559 ,
2136 1495 2183 1549 si

618 1605 687 1647 ea
713 1590 1036 1654 sentiamus,
1069 1588 1138 1644 de
1168 1588 1236 1644 iis
1261 1587 1552 1658 loquamur
1586 1602 1707 1659 quae
1749 1587 1902 1659 pacis
1948 1588 2182 1657 tempori

620 1682 976 1738 conveniunt.
1000 1679 1267 1737 Oblectati
1296 1695 1490 1736 sumus
1509 1679 1696 1750 itaque
1724 1677 2015 1735 memorati
2046 1678 2182 1749 piis-

620 1774 748 1831 simi
769 1775 875 1829 viri
903 1785 1197 1843 congressu
1228 1790 1245 1826 :
1277 1772 1372 1843 qui
1395 1771 1629 1828 fortasse
1659 1787 1771 1828 non
1799 1787 1968 1843 parva
2001 1781 2181 1828 certa-

619 1866 768 1922 mina
793 1881 852 1922 se
875 1864 1156 1920 obiturum
1181 1863 1585 1935 suspicabatur,
1610 1871 1672 1918 ut
1698 1863 1863 1919 nobis
1885 1862 2182 1935 persuade-

618 1963 726 2022 ret,
759 1967 898 2026 opus
926 1969 1047 2010 esse
1091 1963 1155 2010 ut
1179 1953 1234 2009 in
1264 1954 1616 2010 concordiam
1655 1964 1713 2011 et
1748 1969 1938 2026 pacem
1977 1967 2182 2011 conne-

618 2054 906 2104 cterentur
929 2044 1206 2110 Ecclesiae,
1250 2044 1646 2116 tollereturque
1688 2045 1974 2100 hominum
2017 2045 2182 2101 aliter

619 2136 978 2195 sentientium
1006 2135 1211 2202 irrisio,
1237 2150 1302 2191 ac
1327 2134 1611 2191 diabolicae
1637 2133 2007 2206 improbitatis
2035 2135 2184 2192 acies

618 2226 1032 2286 tetunderetur.
1059 2225 1260 2282 Verum
1294 2227 1369 2281 ita
1400 2239 1503 2281 nos
1529 2225 1599 2281 ad
1638 2240 1760 2281 eam
1804 2240 1922 2282 rem
1961 2235 2184 2297 paratos

617 2324 907 2391 comperit,
943 2325 1008 2373 ut
1038 2316 1249 2373 nullum
1294 2317 1517 2388 penitus
1549 2316 1794 2373 laborem
1835 2317 2179 2374 sustinuerit.

619 2408 889 2466 Iemores
929 2407 1080 2463 enim
1123 2422 1313 2464 sumus
1360 2407 1664 2464 Salvatoris
1695 2407 1872 2470 nostri
1896 2407 2132 2465 dicentis
2162 2424 2179 2463 :
2275 2403 2278 2405 λ

627 2520 648 2554 ε
684 2500 878 2556 Pacem
919 2514 1096 2555 meam
1139 2498 1213 2554 do
1255 2499 1436 2566 vobis,
1483 2515 1676 2571 pacem
1700 2513 1878 2556 meam
1927 2511 2185 2572 relinquo

620 2587 778 2646 vobis
796 2587 863 2645 ⁸⁸.
900 2608 920 2642 ι
961 2586 1103 2656 Quin
1133 2588 1315 2644 edocti
1340 2603 1558 2659 quoque
1579 2604 1788 2655 sumus,
1817 2596 1878 2646 ut
1916 2590 1975 2646 in
1998 2594 2184 2661 quotl-

618 2679 801 2737 dianis
834 2677 1245 2752 precationibus
1271 2677 1558 2734 dicamus:
1595 2697 1615 2731 ε
1651 2678 1883 2735 Domine
1907 2679 2054 2744 Deus
2079 2694 2183 2736 no-

619 2781 755 2838 ster,
781 2786 971 2845 pacem
1002 2769 1072 2826 da
1101 2770 1292 2837 nobis;
1339 2770 1523 2827 omnia
1568 2771 1716 2828 enim
1755 2771 2044 2828 reddidisti
2083 2786 2184 2827 no-

621 2864 710 2922 bis
732 2865 798 2919 “.
829 2882 849 2916 ι
889 2862 1149 2934 Quisquis
1175 2861 1342 2934 igitur
1365 2863 1514 2933 pacis
1551 2878 1674 2934 qua
1711 2879 1742 2919 a
1768 2863 1882 2920 Deo
1920 2865 2184 2921 tribuitur

620 2954 898 3027 particeps
940 2960 1046 3018 est,
1087 2952 1295 3009 nullius
1341 2954 1474 3009 boni
1521 2954 1808 3027 indigebit.
1849 2955 2005 3023 Quod
2051 2971 2184 3013 vero

620 3045 990 3102 Ecclesiarum
1043 3043 1313 3101 dissensio
1363 3045 1636 3116 superﬂua
1681 3062 1910 3117 prorsus
1947 3056 2004 3103 et
2046 3049 2185 3105 citra

622 3137 789 3193 ullam
821 3137 1022 3208 iustam
1049 3151 1265 3192 causam
1291 3135 1577 3202 acciderit,
1605 3137 1660 3192 id
1691 3152 1758 3193 ea
1785 3139 1994 3205 charta,
2019 3156 2184 3211 quam

620 3227 879 3286 dominus
940 3241 1095 3282 mens
1152 3225 1596 3298 religiosissimus
1645 3229 1935 3300 episcopus
1983 3231 2184 3287 Paulus

621 3334 772 3376 nunc
815 3319 1019 3384 attulit,
1065 3318 1348 3375 evidenter
1385 3321 1761 3391 c0gnovimus,
1791 3337 1914 3393 qua
1941 3323 2183 3394 irrepre-

623 3409 955 3467 hensibilem
1004 3409 1251 3467 continet
1299 3409 1427 3466 ﬁdei
1475 3412 1914 3481 confessionem;
1951 3430 2184 3486 eamque

621 3517 746 3559 cum
774 3517 806 3557 a
827 3509 919 3558 tua
952 3503 1259 3569 sanctitate,
1288 3511 1402 3558 tum
1426 3519 1457 3558 a
1483 3505 1696 3560 ceteris
1714 3521 1934 3577 quoque
1962 3507 2183 3579 religio-

620 3593 856 3651 sissimis
879 3593 1155 3665 episcopis
1184 3595 1278 3665 qui
1317 3594 1433 3650 illic
1461 3593 1686 3666 degunt,
1716 3599 2071 3669 compositam
2093 3614 2184 3655 as-

623 3687 882 3744 serebat:
916 3701 1081 3758 quam
1102 3686 1268 3742 etiam
1305 3685 1375 3741 ad
1399 3687 1627 3742 verbum
1671 3672 1803 3744 huic
1835 3698 2038 3746 nostra
2064 3692 2185 3762 epi-

622 3778 774 3835 stola
795 3777 1038 3834 inserere
1051 3776 1276 3847 placuit.
1297 3775 1474 3833 liabet
1487 3786 1669 3832 autem
1685 3777 1833 3835 hunc
1852 3778 1909 3834 in
1929 3779 2151 3836 modum
2169 3798 2183 3836 :

691 3871 769 3926 De
794 3868 1017 3942 Virgine
1042 3877 1225 3925 autem
1253 3869 1349 3925 Dei
1373 3867 1653 3926 Genitrice
1673 3872 1951 3942 quomodo
1982 3874 2190 3929 sentia-

623 3978 748 4019 mus
773 3969 831 4018 et
857 3962 1165 4032 loquamur,
1199 3960 1376 4033 deque
1405 3962 1674 4035 unigeniti
1703 3963 1825 4020 Filii
1869 3965 1968 4022 Dei
2005 3966 2186 4024 incar-

622 4052 863 4111 nationis
891 4050 1076 4118 modo,
1117 4052 1447 4120 necessario,
1487 4069 1600 4112 non
1643 4056 1802 4126 quasi
1846 4056 2053 4129 aliquid
2093 4056 2190 4113 ad-

619 4147 932 4220 iungamus,
966 4143 1064 4200 sed
1089 4144 1147 4200 in
1182 4144 1573 4202 satisfactionis
1609 4145 1806 4215 forma,
1831 4156 1894 4204 ut
1919 4149 2031 4220 jam
2060 4147 2187 4204 inde

622 4235 694 4293 ab
715 4235 875 4292 initio
912 4249 982 4291 ex
1024 4233 1226 4291 divinis
1255 4234 1480 4294 Litteris
1506 4246 1929 4310 sanctorumque
1964 4238 2187 4295 Patrum

625 4327 920 4384 traditione
975 4327 1286 4399 accepimus
1313 4368 1329 4395 ,
1390 4327 1632 4386 breviter
1697 4329 1944 4388 dicemus
1974 4372 1991 4398 ,
2046 4331 2187 4388 nihil

626 4417 852 4473 omnino
877 4415 1144 4474 addentes
1171 4416 1298 4474 ﬁdei
1328 4418 1385 4474 in
1421 4418 1601 4476 Nicaea
1627 4436 1662 4475 a
1701 4421 1904 4479 sanctis
1931 4421 2186 4480 Patribus

2285 583 2436 655 λέγει
2467 582 2706 656 Κύριον
2743 580 2827 636 δτι
2873 582 3002 644 τοὺς
3046 578 3375 648 δοξάσαντάς
3431 595 3501 650 με
3542 577 3771 644 δοξάσω.
3821 593 3842 630 s

2296 673 2653 747 Ἀφικομένου
2690 672 2872 727 τοίνυν
2905 672 2985 736 είς
3015 669 3116 741 τὴν
3161 667 3570 741 Ἀλεξάνδρειαν
3603 667 3700 724 τοῦ
3743 685 3845 723 κυ-

2286 767 2404 841 ρίου
2473 783 2575 838 μου
2627 762 2725 821 τοῦ
2789 762 3208 834 θεοφιλεστάτου
3262 760 3679 833 συλλειτουργοῦ
3752 757 3850 814 καὶ

2282 858 2517 930 ἀδελφοῦ
2531 855 2767 920 Παύλου,
2788 854 3054 928 θυμηδίας
3070 850 3506 926 έμπεπλήσμεθα
3525 853 3620 906 καὶ
3641 850 3850 922 σφόδρα

2282 951 2526 1016 εἰκότως,
2559 951 2633 1015 ὡς
2661 947 2854 1020 ἀνδρὸς
2894 946 3138 1001 τοιούτω
3179 943 3575 1016 μεσιτεύοντος.
3614 941 3851 1005 καὶτοῖς

2282 1040 2424 1113 ὕπερ
2465 1039 2692 1112 δύναμιν
2729 1039 2912 1102 πόνοις
2944 1036 3200 1107 ἑλομένου
3228 1034 3598 1107 προσομιλεῖν,
3643 1031 3730 1086 ῐνα
3756 1029 3851 1084 τὸν

2283 1138 2377 1192 τοῦ
2411 1136 2664 1192 διαϐόλου
2695 1135 2892 1206 νικήσῃ
2941 1132 3156 1202 φθόνον,
3185 1131 3280 1185 καὶ
3309 1129 3522 1201 συνάψῃ
3551 1127 3623 1182 τά
3658 1125 3850 1198 διῃρη-

2285 1228 2444 1301 μένα,
2475 1228 2570 1282 καὶ
2596 1227 2668 1282 τά
2705 1224 2907 1300 μεταξὺ
2941 1220 3299 1295 διερριμμένα
3328 1227 3356 1268 1
3391 1218 3660 1274 σκάνδαλα
3689 1233 3848 1289 περι-

2283 1316 2441 1384 ελὼν,
2488 1317 2711 1389 ὁμονοίᾳ
2741 1315 2836 1370 καὶ
2875 1315 3064 1387 εἰρήνῃ
3109 1309 3426 1383 στεφανώσῃ
3473 1312 3574 1374 τάς
3615 1326 3677 1364 τε
3717 1307 3849 1380 παρ’

2283 1413 2434 1482 ήμῐν,
2461 1408 2558 1463 καὶ
2591 1407 2691 1472 τὰς
2724 1407 2853 1478 παρ’
2886 1407 3015 1476 ὑμῖν
3062 1402 3404 1475 ἐκκλησίας.
3437 1401 3570 1456 τίνα
3606 1401 3703 1471 μιν
3740 1401 3850 1474 γὰρ

2283 1501 2564 1574 διῄρηνται
2605 1497 2834 1570 τρόπον,
2880 1495 3133 1566 περιττὸν
3176 1495 3372 1549 εἰπεῖν.
3401 1492 3613 1565 Χρῆναι
3637 1491 3692 1545 δι
3721 1491 3853 1544 ὐπο-

2282 1590 2543 1662 λαμϐἀνω
2587 1588 2656 1643 τά
2697 1586 2775 1659 τῷ
2819 1585 2920 1656 τῆς
2956 1585 3182 1657 είρήνης
3209 1587 3491 1655 πρέποντι
3519 1580 3717 1653 καιρῷ.
3757 1580 3851 1635 καὶ

2284 1684 2498 1756 φρονεῖν
2527 1679 2622 1736 καὶ
2647 1680 2846 1734 λαλεῖν.
2876 1677 3165 1748 Ἦσθημεν
3180 1677 3361 1731 τοίνυν
3381 1677 3448 1747 τῇ
3473 1673 3731 1745 συντυχία
3755 1667 3851 1726 τοῦ

2288 1771 2750 1846 μνημονευθέντος
2779 1766 3201 1825 θεοσεϐεσταπου
3232 1765 3421 1838 ἀνδρός
3440 1781 3455 1798 ’
3482 1763 3543 1828 δς
3568 1765 3707 1834 τάχα
3749 1779 3852 1817 που

2283 1867 2380 1922 καὶ
2405 1865 2624 1936 ἀγῶνας
2654 1863 2799 1931 ῑξειν
2837 1861 2898 1916 οὒ
2931 1859 3160 1934 μικροὺς
3185 1858 3504 1929 ὑπενόησεν,
3544 1855 3853 1912 ἀναπείθων

2281 1959 2452 2032 ἡμᾶς,
2481 1957 2564 2012 δτι
2590 1954 2698 2028 χρὴ
2720 1953 2956 2024 συνάψαι
2975 1952 3114 2025 πρὸς
3140 1953 3368 2023 ειρήνην
3382 1949 3478 2013 τὰς
3505 1947 3853 2017 Ἕκκλησίας,

2283 2051 2380 2106 καὶ
2405 2048 2499 2104 τδν
2519 2045 2627 2102 τῶν
2647 2044 2971 2118 ἑτεροδόξων
3008 2042 3268 2114 ἀφανίσαι
3293 2039 3529 2111 γέλωτα,
3558 2035 3853 2109 ἀπαμϐλῦ-

2281 2141 2371 2198 ναί
2402 2158 2463 2196 τε
2510 2139 2644 2213 πρὸς
2677 2138 2853 2210 τούτῳ
2891 2136 2994 2208 τῆς
3023 2133 3117 2191 τοῦ
3147 2132 3396 2189 διαϐόλου
3428 2129 3756 2202 δυστροπίας
3790 2128 3856 2184 sb

2281 2235 2526 2305 κέντρον.
2571 2231 2834 2303 Ἑτοίμως
2857 2229 2916 2284 τι
2951 2227 3126 2293 οὕτως
3152 2227 3374 2299 έχοντας
3401 2223 3497 2280 ini
3515 2223 3688 2294 τούτῳ
3724 2235 3858 2275 κατε

2284 2511 2384 2584 τὴν
2420 2512 2559 2584 ιμήν
2591 2511 2786 2583 δίδωμι
2832 2510 2994 2581 ὑμῖν·
3046 2509 3270 2581 είρήνην
3304 2504 3406 2578 τήν

2287 2603 2439 2675 ὑμῖν.
2481 2621 2501 2654 ι
2534 2601 2904 2672 Δεδιδάγμεθα
2941 2599 2999 2655 δὲ
3037 2601 3133 2654 καὶ
3166 2598 3349 2668 λέγειν
3388 2599 3447 2652 έν
3491 2593 3818 2667 προσευχαῖς

2291 2711 2311 2747 ι
2349 2690 2521 2765 Κύριε
2547 2694 2576 2748 ό
2615 2692 2749 2756 Θεὸς
2780 2691 2959 2764 ήμῶν,
2994 2691 3217 2763 είρήνην
3248 2688 3338 2754 δὸς
3361 2689 3517 2760 ήμῐνο
3548 2686 3723 2741 πάντα
3747 2683 3857 2754 γάρ

2285 2783 2576 2848 ἀπέδωκας
2595 2784 2750 2855 ήμῐν.
2782 2800 2802 2835 s
2830 2780 2994 2835 Ὥστε
3021 2781 3077 2836 εί
3100 2798 3186 2845 τις
3213 2782 3273 2835 έν
3296 2777 3509 2849 μεθέξει
3531 2779 3738 2847 γένοιτο
3755 2776 3858 2846 τῆς

2285 2871 2440 2946 παρὰ
2487 2871 2623 2927 Θεοῦ
2669 2869 3082 2944 χορηγουμένης
3119 2872 3362 2942 είρήνης,
3406 2868 3660 2940 ἀνενδεὴς
3701 2865 3856 2920 ισται

2286 2962 2486 3027 παντὸς
2525 2962 2768 3032 ἀγαθοῦ.,
2789 2961 2912 3015 Ὅτι
2939 2959 2997 3014 δὶ
3035 2959 3264 3033 περιττὴ
3317 2957 3599 3022 παντελῶς
3637 2956 3730 3010 καὶ
3755 2955 3855 3010 οὐκ

2287 3055 2598 3127 εὐάφορμος
2642 3055 2678 3127 ή
2728 3052 2839 3107 τῶν
2889 3050 3227 3124 Ἐκκλησιῶν
3279 3048 3596 3121 διχοστασία
3639 3045 3854 3117 γέγονε,

2287 3147 2402 3201 νυνὶ
2444 3145 2680 3217 μάλιστα
2709 3140 3270 3215 πεπληροφορήμεθα,
3297 3140 3390 3195 τοῦ
3411 3139 3602 3213 κυρίου
3631 3154 3732 3210 μου
3758 3133 3852 3191 τοῦ

2285 3239 2675 3294 εὐσεϐεστάτου
2697 3235 2912 3292 Παύλου
2929 3234 3227 3289 ἐπισκόπου
3255 3233 3465 3304 χάρτην
3493 3229 3857 3304 προκομίσανο

2283 3349 2375 3396 τος
2410 3340 2462 3396 ι,
2487 3329 2806 3401 ἀδιάϐλητον
2828 3327 3021 3400 έχοντα
3049 3328 3144 3400 τῆς
3164 3326 3396 3389 πίστεως
3417 3325 3516 3396 τὴν
3542 3321 3852 3396 ὁμολογίαν,

2283 3425 2379 3478 καὶ
2407 3423 2612 3494 ταύτην
2657 3421 3018 3493 συντετάχθαι
3061 3417 3546 3490 διαϐεϐαιουμένου
3595 3415 3748 3487 παρά
3793 3429 3854 3470 τε

2281 3513 2386 3586 τῆς
2411 3513 2513 3584 σῆς
2556 3514 2854 3584 ὁσιότητος,
2889 3512 2986 3567 καὶ
3027 3511 3138 3567 τῶν
3185 3509 3374 3565 αὐτόθι
3424 3506 3856 3579 θεοφιλεστάτων

2283 3604 2615 3659 έπισκόπων.
2651 3603 2806 3675 Ἔχει
2833 3601 2892 3657 δὲ
2928 3600 3099 3664 οὕτως
3132 3602 3166 3671 ή
3197 3601 3511 3670 συγγραφὴ,
3539 3597 3634 3654 καὶ
3665 3596 3858 3663 αὑταῖς

2283 3695 2495 3764 λέξεσιν
2516 3695 2818 3751 έντέθειται
2851 3693 2977 3768 τῇδε
3007 3692 3165 3767 ήμῶν
3188 3695 3256 3765 τῇ
3282 3691 3564 3763 tuto-com-

2358 3879 2496 3952 Περὶ
2524 3878 2584 3934 δι
2611 3879 2713 3950 τῆς
2754 3876 3019 3932 Θεοτόκου
3063 3873 3344 3948 Παρθένου
3369 3872 3518 3937 ὅπως
3572 3870 3669 3926 καὶ
3723 3885 3860 3944 φρο-

2287 3970 2504 4043 νοῦμεν.
2540 3970 2635 4025 καὶ
2665 3970 2918 4040 λέγομεν,
2951 3965 3046 4022 τοῦ
3071 3983 3130 4021 τε
3150 3965 3350 4038 τρόπου
3377 3964 3476 4036 τῆς
3505 3961 3859 4035 ένανθρωπήο

2292 4078 2432 4127 σεως
2457 4060 2549 4116 τοῦ
2576 4057 2900 4133 μονογενοῦς
2932 4055 3064 4112 rio":
3088 4055 3184 4112 τοῦ
3216 4053 3378 4121 Θεοῦ,
3402 4053 3734 4123 ἀναγκαίως.
3758 4052 3860 4108 οὐκ

2287 4171 2346 4206 εν
2374 4153 2693 4224 προσθήκης
2729 4150 2908 4222 μέρει,
2943 4148 3059 4204 ἀλλ’
3099 4150 3160 4203 ιν
3194 4145 3567 4220 πληροφορίας
3607 4144 3759 4208 εῖδει,
3781 4143 3860 4210 ὡς

2286 4241 2495 4296 ἀνωθεν
2527 4241 2592 4296 lx
2612 4257 2674 4295 τε
2705 4240 2817 4295 τῶν
2854 4239 3015 4295 θείων
3040 4239 3294 4313 ΓραφιῖΝ,
3321 4237 3386 4293 εκ
3417 4253 3479 4292 τε
3503 4236 3603 4310 τῆς
3629 4234 3864 4308 παραδό-

2288 4349 2426 4397 σεως
2452 4332 2562 4387 τῶν
2592 4331 2765 4402 ἀγίων
2789 4331 3052 4405 Πατέρων
3087 4327 3487 4404 παρειληφότες
3521 4328 3860 4400 ισχήκαμεν,

2286 4423 2374 4478 διὰ
2391 4422 2638 4496 βραχέων
2665 4421 2927 4496 έροῦμεν,
2958 4421 3112 4477 οὑδιν
3143 4421 3207 4476 τὸ
3231 4418 3451 4475 σύνολον
3480 4415 3861 4490 προστιθέντες

625 4507 904 4578 exposita.
927 4506 1025 4563 illa
1043 4521 1300 4580 namque,
1323 4517 1386 4565 ut
1413 4510 1570 4581 prius
1597 4509 1806 4566 dictum
1831 4518 1916 4567 est
1942 4526 1975 4568 a
2002 4511 2183 4578 nobis,

2287 4517 2356 4589 τῇ
2395 4513 2507 4570 τῶν
2535 4515 2728 4587 ιάγίων
2769 4513 3031 4586 Πατέρων
3066 4513 3177 4570 τῶν
3217 4514 3277 4568 έν
3318 4510 3525 4584 Nimio
3570 4509 3858 4583 έκτεθείσῃ

623 4598 696 4656 ad
715 4610 936 4656 omnem
957 4597 1179 4670 pietatis
1209 4598 1579 4671 cognitionem
1605 4600 1895 4672 omnisque
1911 4601 2184 4660 heretica

622 4687 910 4764 pravitatis
941 4688 1101 4762 ιω
1125 4688 1511 4747 minutionem
1548 4689 1768 4749 sumcit.
1793 4690 2052 4750 Dicemus
2082 4708 2182 4749 au-

621 4787 733 4838 tem
755 4793 865 4837 non
887 4779 1046 4851 quasi
1063 4794 1132 4837 ea
1151 4780 1532 4854 aggrediamur
1549 4796 1673 4854 quc
1689 4792 1912 4856 captum
1935 4793 2182 4840 nostrum

619 4870 916 4938 excedunt,
955 4869 1056 4929 sed
1093 4880 1156 4928 ut
1184 4873 1421 4944 proer
1459 4874 1798 4933 inﬁrmitatis
1835 4875 2180 4935 confessione

618 4960 978 5020 excludamns
1035 4975 1135 5019 eos
1191 4962 1289 5034 qui
1348 4978 1452 5021 nos
1498 4963 1705 5022 adoriri
1740 4965 1933 5034 velint,
1983 4966 2078 5022 ubi
2111 4983 2175 5024 ea

618 5057 1031 5116 consideramus
1074 5071 1197 5130 qua
1259 5056 1553 5116 humanam
1606 5058 2026 5134 intelligentiam
2081 5075 2176 5117 su-

619 5161 835 5226 perant.

687 5244 1028 5304 Conﬁtemur
1083 5245 1272 5318 itaque
1347 5246 1640 5304 Dominum
1684 5255 1936 5306 nostrum
1996 5248 2182 5305 Iesum

618 5336 898 5394 Christum
927 5337 1126 5394 Filium
1151 5338 1246 5394 Dei
1278 5338 1641 5411 unigenitum,
1679 5339 1853 5397 Deum
1889 5354 2011 5398 esse
2054 5355 2184 5412 per-

621 5429 846 5493 fectum.
876 5438 934 5485 et
959 5427 1236 5486 hominem
1263 5431 1567 5488 perfectum
1606 5446 1672 5487 ex
1712 5433 1896 5488 anima
1927 5432 2185 5489 rationali

2289 4609 2490 4662 πίστει.
2539 4607 2629 4673 Ὦς
2675 4607 2787 4678 γὰρ
2831 4605 3075 4679 ιφθημεν
3113 4603 3422 4680 είρηκότες,
3479 4601 3620 4676 πρὸς
3676 4603 3860 4657 πᾶσαν

2289 4698 2514 4771 έξαρκεί
2536 4699 2633 4754 καὶ
2659 4695 2948 4762 εὐσεϐείας
2974 4694 3198 4768 γνῶσιν,
3226 4694 3409 4765 πάσης
3448 4691 3548 4749 καὶ
3578 4689 3863 4763 αίρετικῆς

2289 4786 2610 4856 κακοδοξίας
2650 4787 3010 4862 ἀποκήρυξιν.
3073 4787 3341 4860 ’Βροῦμεν
3379 4785 3440 4842 ει
3489 4786 3553 4840 οὗ
3601 4782 3864 4839 κατατολ-

2294 4879 2503 4951 μῶντες
2547 4879 2658 4935 τῶν
2693 4880 3024 4951 ἀνεφίκτων.
3052 4877 3189 4935 ἀλλὰ
3231 4878 3300 4951 τῇ
3336 4875 3602 4950 ὁμολογίᾳ
3651 4872 3753 4945 τῆς
3785 4873 3866 4929 οί-

2281 4969 2436 5034 κείας
2466 4968 2776 5038 ἀσθενείας,
2806 4969 3192 5035 ἀποκλείοντες
3229 4971 3344 5034 τοῖς
3376 4964 3704 5039 ιπιφύεσθαι
3743 4963 3867 5036 βου-

2279 5059 2548 5134 λομένοις,
2583 5062 2643 5118 έν
2674 5055 2757 5127 οἷς
2783 5061 2854 5118 τά
2900 5059 3042 5135 ὑπὲρ
3080 5058 3367 5134 ἄνθρωπον
3400 5054 3862 5129 διασκεπτόμεθα.

2367 5245 2770 5321 ὀμολογοῦμεν
2794 5242 3086 5316 τοιγαροῦν
3109 5243 3204 5299 τδν
3229 5243 3436 5316 Κύριον
3469 5241 3629 5314 ήμῶν
3657 5239 3865 5311 Ἰησοῦν

2285 5340 2543 5412 Χριστὸν,
2585 5340 2679 5395 τδν
2735 5338 2867 5393 Tios
2915 5336 3014 5392 τοῦ
3077 5336 3214 5392 Θεοῦ
3264 5336 3359 5390 τδν
3409 5332 3699 5408 μονογενῆ,
3731 5330 3864 5386 Θεὸν

2287 5432 2510 5497 τέλειον,
2561 5432 2658 5486 καὶ
2702 5427 2990 5501 ἄνθρωπον
3049 5426 3252 5484 τέλειον
3303 5427 3370 5481 tu
3413 5423 3595 5497 ψυχῆς
3638 5420 3864 5495 λογικῆς

689 5585 754 5616 ³⁷’
787 5584 808 5639 1
842 5584 973 5656 Reg.
999 5600 1056 5650 ιι,
1078 5584 1166 5639 30.
1255 5583 1301 5618 ³⁸
1330 5584 1482 5641 Joan.
1531 5600 1640 5650 ιιν,
1681 5585 1771 5641 27.
1844 5585 1888 5618 ’ν
1913 5585 2015 5641 lsa.
2040 5602 2182 5651 xxvi,
2209 5586 2296 5642 12.

1670 5703 1844 5760 Varia:
1876 5704 2137 5760 lectiones
2175 5703 2381 5760 codicis
2407 5702 2765 5766 Seguicriani.

692 5824 723 5868 1
741 5818 1018 5888 γεγονότα.
1095 5828 1118 5855 ³
1151 5818 1632 5906 προσκομίσαντες.
