  <div class='ocr_page' id='page_1' title='image "/cluster/home/n/w/nwhite01/storage/ocr_20150623/77/pst.000004029045/096.png"; bbox 0 0 4116 6318; ppageno 0'>
   <div class='ocr_carea' id='block_1_1' title="bbox 273 339 363 396">
    <p class='ocr_par' dir='ltr' id='par_1_1' title="bbox 273 339 363 396">
     <span class='ocr_line' id='line_1_1' title="bbox 273 339 363 396; baseline 0.011 -1"><span class='ocrx_word' id='word_1_1' title='bbox 273 339 363 396; x_wconf 76' lang='grc'><strong>177</strong></span> 
     </span>
    </p>
   </div>
   <div class='ocr_carea' id='block_1_2' title="bbox 1609 338 2224 398">
    <p class='ocr_par' dir='ltr' id='par_1_2' title="bbox 1609 338 2224 398">
     <span class='ocr_line' id='line_1_2' title="bbox 1609 338 2224 398; baseline -0.007 0"><span class='ocrx_word' id='word_1_2' title='bbox 1609 340 1945 398; x_wconf 74' lang='lat' dir='ltr'><strong>EPISTULA</strong></span> <span class='ocrx_word' id='word_1_3' title='bbox 1981 338 2224 397; x_wconf 71' lang='lat' dir='ltr'><strong>XXXIX.</strong></span> 
     </span>
    </p>
   </div>
   <div class='ocr_carea' id='block_1_3' title="bbox 3416 340 3518 397">
    <p class='ocr_par' dir='ltr' id='par_1_3' title="bbox 3416 340 3518 397">
     <span class='ocr_line' id='line_1_3' title="bbox 3416 340 3518 397; baseline -0.01 0"><span class='ocrx_word' id='word_1_4' title='bbox 3416 340 3518 397; x_wconf 68' lang='grc'><strong>178</strong></span> 
     </span>
    </p>
   </div>
   <div class='ocr_carea' id='block_1_4' title="bbox 269 407 1846 530">
    <p class='ocr_par' dir='ltr' id='par_1_4' title="bbox 269 455 1842 530">
     <span class='ocr_line' id='line_1_4' title="bbox 269 455 1842 530; baseline -0.003 -17"><span class='ocrx_word' id='word_1_5' title='bbox 269 460 354 514; x_wconf 69' lang='grc' dir='ltr'><strong>καὶ</strong></span> <span class='ocrx_word' id='word_1_6' title='bbox 379 457 666 529; x_wconf 76' lang='grc' dir='ltr'><strong>σώματος’</strong></span> <span class='ocrx_word' id='word_1_7' title='bbox 690 475 799 530; x_wconf 83' lang='grc' dir='ltr'><strong>προ</strong></span> <span class='ocrx_word' id='word_1_8' title='bbox 823 457 1036 512; x_wconf 85' lang='grc' dir='ltr'><strong>αίὼνων</strong></span> <span class='ocrx_word' id='word_1_9' title='bbox 1063 455 1162 529; x_wconf 74' lang='grc' dir='ltr'><strong>μιν</strong></span> <span class='ocrx_word' id='word_1_10' title='bbox 1187 457 1252 512; x_wconf 77' lang='grc' dir='ltr'><strong>ἐκ</strong></span> <span class='ocrx_word' id='word_1_11' title='bbox 1277 457 1372 512; x_wconf 85' lang='grc' dir='ltr'><strong>τοῦ</strong></span> <span class='ocrx_word' id='word_1_12' title='bbox 1404 457 1616 528; x_wconf 74' lang='grc' dir='ltr'><strong>Πατρὸς</strong></span> <span class='ocrx_word' id='word_1_13' title='bbox 1647 473 1842 526; x_wconf 86' lang='grc' dir='ltr'><strong>γεννη-</strong></span> 
     </span>
    </p>
   </div>
   <div class='ocr_carea' id='block_1_5' title="bbox 1946 407 3520 530">
    <p class='ocr_par' dir='ltr' id='par_1_5' title="bbox 1946 453 3520 526">
     <span class='ocr_line' id='line_1_5' title="bbox 1946 453 3520 526; baseline 0.001 -14"><span class='ocrx_word' id='word_1_14' title='bbox 1946 466 1998 512; x_wconf 89' lang='lat' dir='ltr'><strong>et</strong></span> <span class='ocrx_word' id='word_1_15' title='bbox 2041 459 2276 526; x_wconf 82' lang='lat' dir='ltr'><strong>corpore</strong></span> <span class='ocrx_word' id='word_1_16' title='bbox 2325 455 2721 520; x_wconf 82' lang='lat' dir='ltr'><strong>constitutum;</strong></span> <span class='ocrx_word' id='word_1_17' title='bbox 2750 460 2895 517; x_wconf 81' lang='lat' dir='ltr'><strong>ante</strong></span> <span class='ocrx_word' id='word_1_18' title='bbox 2944 455 3142 511; x_wconf 64' lang='lat' dir='ltr'><strong>secula</strong></span> <span class='ocrx_word' id='word_1_19' title='bbox 3183 453 3409 526; x_wconf 78' lang='lat' dir='ltr'><strong>quidem</strong></span> <span class='ocrx_word' id='word_1_20' title='bbox 3449 473 3520 514; x_wconf 80' lang='lat' dir='ltr'><strong>ex</strong></span> 
     </span>
    </p>
   </div>
   <div class='ocr_carea' id='block_1_6' title="bbox 268 544 1844 620">
    <p class='ocr_par' dir='ltr' id='par_1_6' title="bbox 268 544 1844 620">
     <span class='ocr_line' id='line_1_6' title="bbox 268 544 1844 620; baseline -0.001 -20"><span class='ocrx_word' id='word_1_21' title='bbox 268 545 422 601; x_wconf 77' lang='grc' dir='ltr'><strong>θέντα</strong></span> <span class='ocrx_word' id='word_1_22' title='bbox 444 545 594 600; x_wconf 75' lang='grc' dir='ltr'><strong>κατὰ.</strong></span> <span class='ocrx_word' id='word_1_23' title='bbox 617 544 723 619; x_wconf 73' lang='grc' dir='ltr'><strong>τὴν</strong></span> <span class='ocrx_word' id='word_1_24' title='bbox 751 546 1004 620; x_wconf 88' lang='grc' dir='ltr'><strong>θεότητα,</strong></span> <span class='ocrx_word' id='word_1_25' title='bbox 1033 548 1119 600; x_wconf 77' lang='grc' dir='ltr'><strong>ἐπ’</strong></span> <span class='ocrx_word' id='word_1_26' title='bbox 1145 548 1387 619; x_wconf 82' lang='grc' dir='ltr'><strong>ἐσχάτων</strong></span> <span class='ocrx_word' id='word_1_27' title='bbox 1415 547 1472 601; x_wconf 74' lang='grc' dir='ltr'><strong>δὲ</strong></span> <span class='ocrx_word' id='word_1_28' title='bbox 1493 546 1600 600; x_wconf 84' lang='grc' dir='ltr'><strong>τῶν</strong></span> <span class='ocrx_word' id='word_1_29' title='bbox 1621 546 1844 618; x_wconf 73' lang='grc' dir='ltr'><strong>ἡμερῶν</strong></span> 
     </span>
    </p>
   </div>
   <div class='ocr_carea' id='block_1_7' title="bbox 266 636 1845 713">
    <p class='ocr_par' dir='ltr' id='par_1_7' title="bbox 266 636 1845 713">
     <span class='ocr_line' id='line_1_7' title="bbox 266 636 1845 713; baseline 0.002 -22"><span class='ocrx_word' id='word_1_30' title='bbox 266 637 352 691; x_wconf 69' lang='grc' dir='ltr'><strong>τὸν</strong></span> <span class='ocrx_word' id='word_1_31' title='bbox 373 636 539 692; x_wconf 75' lang='grc' dir='ltr'><strong>αὐτὸν</strong></span> <span class='ocrx_word' id='word_1_32' title='bbox 574 636 646 693; x_wconf 84' lang='grc' dir='ltr'><strong>δι’</strong></span> <span class='ocrx_word' id='word_1_33' title='bbox 677 641 844 712; x_wconf 77' lang='grc' dir='ltr'><strong>ημᾶς,</strong></span> <span class='ocrx_word' id='word_1_34' title='bbox 883 640 978 693; x_wconf 82' lang='grc' dir='ltr'><strong>καὶ</strong></span> <span class='ocrx_word' id='word_1_35' title='bbox 1001 639 1091 694; x_wconf 75' lang='grc' dir='ltr'><strong>διὰ</strong></span> <span class='ocrx_word' id='word_1_36' title='bbox 1115 639 1213 712; x_wconf 80' lang='grc' dir='ltr'><strong>τὴν</strong></span> <span class='ocrx_word' id='word_1_37' title='bbox 1239 641 1516 713; x_wconf 77' lang='grc' dir='ltr'><strong>ἡμετέραν</strong></span> <span class='ocrx_word' id='word_1_38' title='bbox 1546 640 1845 711; x_wconf 80' lang='grc' dir='ltr'><strong>σωτηρίαν,</strong></span> 
     </span>
    </p>
   </div>
   <div class='ocr_carea' id='block_1_8' title="bbox 266 726 1840 804">
    <p class='ocr_par' dir='ltr' id='par_1_8' title="bbox 266 726 1840 804">
     <span class='ocr_line' id='line_1_8' title="bbox 266 726 1840 804; baseline 0.004 -24"><span class='ocrx_word' id='word_1_39' title='bbox 266 728 328 782; x_wconf 70' lang='grc' dir='ltr'><strong>ἐκ</strong></span> <span class='ocrx_word' id='word_1_40' title='bbox 363 726 592 800; x_wconf 66' lang='grc' dir='ltr'><strong>Παρίας</strong></span> <span class='ocrx_word' id='word_1_41' title='bbox 636 730 741 802; x_wconf 81' lang='grc' dir='ltr'><strong>τῆς</strong></span> <span class='ocrx_word' id='word_1_42' title='bbox 780 729 1058 802; x_wconf 75' lang='grc' dir='ltr'><strong>Παρθένου</strong></span> <span class='ocrx_word' id='word_1_43' title='bbox 1101 732 1242 788; x_wconf 82' lang='grc' dir='ltr'><strong>κατὰ</strong></span> <span class='ocrx_word' id='word_1_44' title='bbox 1286 731 1382 802; x_wconf 84' lang='grc' dir='ltr'><strong>τὴν</strong></span> <span class='ocrx_word' id='word_1_45' title='bbox 1408 731 1840 804; x_wconf 79' lang='grc' dir='ltr'><strong>ἁνθρωπότητα·</strong></span> 
     </span>
    </p>
   </div>
   <div class='ocr_carea' id='block_1_9' title="bbox 262 819 1848 896">
    <p class='ocr_par' dir='ltr' id='par_1_9' title="bbox 262 819 1848 896">
     <span class='ocr_line' id='line_1_9' title="bbox 262 819 1848 896; baseline 0.002 -23"><span class='ocrx_word' id='word_1_46' title='bbox 262 819 547 891; x_wconf 76' lang='grc' dir='ltr'><strong>έμοούσιον</strong></span> <span class='ocrx_word' id='word_1_47' title='bbox 597 822 678 889; x_wconf 77' lang='grc' dir='ltr'><strong>τῷ</strong></span> <span class='ocrx_word' id='word_1_48' title='bbox 720 822 898 895; x_wconf 79' lang='grc' dir='ltr'><strong>Πατρὶ</strong></span> <span class='ocrx_word' id='word_1_49' title='bbox 944 822 1042 878; x_wconf 79' lang='grc' dir='ltr'><strong>τὸν</strong></span> <span class='ocrx_word' id='word_1_50' title='bbox 1073 824 1234 878; x_wconf 77' lang='grc' dir='ltr'><strong>αὑτὸν</strong></span> <span class='ocrx_word' id='word_1_51' title='bbox 1278 823 1422 878; x_wconf 80' lang='grc' dir='ltr'><strong>κατὰ</strong></span> <span class='ocrx_word' id='word_1_52' title='bbox 1460 823 1560 896; x_wconf 82' lang='grc' dir='ltr'><strong>τὴν</strong></span> <span class='ocrx_word' id='word_1_53' title='bbox 1589 821 1848 895; x_wconf 84' lang='grc' dir='ltr'><strong>θεότητα,</strong></span> 
     </span>
    </p>
   </div>
   <div class='ocr_carea' id='block_1_10' title="bbox 264 908 1841 987">
    <p class='ocr_par' dir='ltr' id='par_1_10' title="bbox 264 908 1841 987">
     <span class='ocr_line' id='line_1_10' title="bbox 264 908 1841 987; baseline 0.001 -22"><span class='ocrx_word' id='word_1_54' title='bbox 264 908 358 965; x_wconf 73' lang='grc' dir='ltr'><strong>καὶ</strong></span> <span class='ocrx_word' id='word_1_55' title='bbox 392 911 684 981; x_wconf 80' lang='grc' dir='ltr'><strong>δμοούσιον</strong></span> <span class='ocrx_word' id='word_1_56' title='bbox 712 914 845 984; x_wconf 74' lang='grc' dir='ltr'><strong>ἡμῖν</strong></span> <span class='ocrx_word' id='word_1_57' title='bbox 866 914 1006 969; x_wconf 79' lang='grc' dir='ltr'><strong>κατὰ</strong></span> <span class='ocrx_word' id='word_1_58' title='bbox 1025 914 1126 987; x_wconf 77' lang='grc' dir='ltr'><strong>τὴν</strong></span> <span class='ocrx_word' id='word_1_59' title='bbox 1150 913 1565 985; x_wconf 80' lang='grc' dir='ltr'><strong>ἁνθρωπότητα.</strong></span> <span class='ocrx_word' id='word_1_60' title='bbox 1607 911 1713 966; x_wconf 92' lang='grc' dir='ltr'><strong>Δύο</strong></span> <span class='ocrx_word' id='word_1_61' title='bbox 1733 911 1841 986; x_wconf 82' lang='grc' dir='ltr'><strong>γὰρ</strong></span> 
     </span>
    </p>
   </div>
   <div class='ocr_carea' id='block_1_11' title="bbox 261 999 1854 1076">
    <p class='ocr_par' dir='ltr' id='par_1_11' title="bbox 261 999 1854 1076">
     <span class='ocr_line' id='line_1_11' title="bbox 261 999 1854 1076; baseline 0.003 -22"><span class='ocrx_word' id='word_1_62' title='bbox 261 999 479 1070; x_wconf 80' lang='grc' dir='ltr'><strong>φύσεων</strong></span> <span class='ocrx_word' id='word_1_63' title='bbox 509 1001 705 1067; x_wconf 74' lang='grc' dir='ltr'><strong>ἐνωσις</strong></span> <span class='ocrx_word' id='word_1_64' title='bbox 732 1003 928 1074; x_wconf 80' lang='grc' dir='ltr'><strong>γέγονε</strong></span> <span class='ocrx_word' id='word_1_65' title='bbox 948 1021 962 1036; x_wconf 90' lang='grc'>·</span> <span class='ocrx_word' id='word_1_66' title='bbox 1002 1006 1082 1060; x_wconf 81' lang='grc' dir='ltr'><strong>διδ</strong></span> <span class='ocrx_word' id='word_1_67' title='bbox 1118 1005 1218 1059; x_wconf 69' lang='grc' dir='ltr'><strong>ἕνα</strong></span> <span class='ocrx_word' id='word_1_68' title='bbox 1265 1004 1519 1076; x_wconf 79' lang='grc' dir='ltr'><strong>Χριστὸν,</strong></span> <span class='ocrx_word' id='word_1_69' title='bbox 1564 1005 1661 1058; x_wconf 77' lang='grc' dir='ltr'><strong>ινα</strong></span> <span class='ocrx_word' id='word_1_70' title='bbox 1689 1003 1854 1074; x_wconf 60' lang='grc' dir='ltr'><strong>Υίδν,</strong></span> 
     </span>
    </p>
   </div>
   <div class='ocr_carea' id='block_1_12' title="bbox 259 1091 1843 1167">
    <p class='ocr_par' dir='ltr' id='par_1_12' title="bbox 259 1091 1843 1167">
     <span class='ocr_line' id='line_1_12' title="bbox 259 1091 1843 1167; baseline 0.002 -21"><span class='ocrx_word' id='word_1_71' title='bbox 259 1091 359 1147; x_wconf 72' lang='grc' dir='ltr'><strong>ινα</strong></span> <span class='ocrx_word' id='word_1_72' title='bbox 418 1092 625 1162; x_wconf 76' lang='grc' dir='ltr'><strong>Κύριον</strong></span> <span class='ocrx_word' id='word_1_73' title='bbox 676 1093 1068 1167; x_wconf 78' lang='grc' dir='ltr'><strong>ὁμολογοῦμεν.</strong></span> <span class='ocrx_word' id='word_1_74' title='bbox 1115 1094 1272 1149; x_wconf 80' lang='grc' dir='ltr'><strong>Κατὰ</strong></span> <span class='ocrx_word' id='word_1_75' title='bbox 1315 1093 1523 1164; x_wconf 87' lang='grc' dir='ltr'><strong>ταύτην</strong></span> <span class='ocrx_word' id='word_1_76' title='bbox 1583 1093 1680 1166; x_wconf 85' lang='grc' dir='ltr'><strong>τὴν</strong></span> <span class='ocrx_word' id='word_1_77' title='bbox 1742 1094 1843 1166; x_wconf 81' lang='grc' dir='ltr'><strong>τῆς</strong></span> 
     </span>
    </p>
   </div>
   <div class='ocr_carea' id='block_1_13' title="bbox 258 1184 1844 1258">
    <p class='ocr_par' dir='ltr' id='par_1_13' title="bbox 258 1184 1844 1258">
     <span class='ocr_line' id='line_1_13' title="bbox 258 1184 1844 1258; baseline 0.002 -19"><span class='ocrx_word' id='word_1_78' title='bbox 258 1184 569 1256; x_wconf 72' lang='grc' dir='ltr'><strong>ἁσυγχύτου</strong></span> <span class='ocrx_word' id='word_1_79' title='bbox 603 1184 853 1252; x_wconf 81' lang='grc' dir='ltr'><strong>ἐνὼσεως</strong></span> <span class='ocrx_word' id='word_1_80' title='bbox 898 1187 1106 1241; x_wconf 65' lang='grc' dir='ltr'><strong>ἔννοιαν</strong></span> <span class='ocrx_word' id='word_1_81' title='bbox 1137 1185 1509 1258; x_wconf 82' lang='grc' dir='ltr'><strong>ὁμολογοῦμεν</strong></span> <span class='ocrx_word' id='word_1_82' title='bbox 1539 1187 1641 1258; x_wconf 78' lang='grc' dir='ltr'><strong>τὴν</strong></span> <span class='ocrx_word' id='word_1_83' title='bbox 1683 1186 1844 1256; x_wconf 81' lang='grc' dir='ltr'><strong>ἁγίαν</strong></span> 
     </span>
    </p>
   </div>
   <div class='ocr_carea' id='block_1_14' title="bbox 259 1275 1841 1351">
    <p class='ocr_par' dir='ltr' id='par_1_14' title="bbox 259 1275 1841 1351">
     <span class='ocr_line' id='line_1_14' title="bbox 259 1275 1841 1351; baseline 0.001 -21"><span class='ocrx_word' id='word_1_84' title='bbox 259 1275 544 1348; x_wconf 73' lang='grc' dir='ltr'><strong>Παρθένον</strong></span> <span class='ocrx_word' id='word_1_85' title='bbox 590 1277 874 1345; x_wconf 74' lang='grc' dir='ltr'><strong>Θεοτόκον,</strong></span> <span class='ocrx_word' id='word_1_86' title='bbox 903 1279 991 1333; x_wconf 77' lang='grc' dir='ltr'><strong>διὰ</strong></span> <span class='ocrx_word' id='word_1_87' title='bbox 1032 1281 1094 1333; x_wconf 78' lang='grc' dir='ltr'><strong>τὸ</strong></span> <span class='ocrx_word' id='word_1_88' title='bbox 1124 1279 1216 1332; x_wconf 85' lang='grc' dir='ltr'><strong>τὸν</strong></span> <span class='ocrx_word' id='word_1_89' title='bbox 1255 1276 1390 1332; x_wconf 79' lang='grc' dir='ltr'><strong>Θεὸν</strong></span> <span class='ocrx_word' id='word_1_90' title='bbox 1419 1279 1841 1351; x_wconf 78' lang='grc' dir='ltr'><strong>Λόγονσαρκω-</strong></span> 
     </span>
    </p>
   </div>
   <div class='ocr_carea' id='block_1_15' title="bbox 260 1367 1844 1445">
    <p class='ocr_par' dir='ltr' id='par_1_15' title="bbox 260 1367 1844 1445">
     <span class='ocr_line' id='line_1_15' title="bbox 260 1367 1844 1445; baseline 0.001 -25"><span class='ocrx_word' id='word_1_91' title='bbox 260 1367 447 1437; x_wconf 82' lang='grc' dir='ltr'><strong>θῆναι,</strong></span> <span class='ocrx_word' id='word_1_92' title='bbox 477 1368 572 1424; x_wconf 74' lang='grc' dir='ltr'><strong>καὶ</strong></span> <span class='ocrx_word' id='word_1_93' title='bbox 595 1369 1040 1442; x_wconf 77' lang='grc' dir='ltr'><strong>ἐνανθρωπῆσαι,</strong></span> <span class='ocrx_word' id='word_1_94' title='bbox 1071 1372 1168 1424; x_wconf 69' lang='grc' dir='ltr'><strong>καὶ</strong></span> <span class='ocrx_word' id='word_1_95' title='bbox 1197 1371 1258 1439; x_wconf 81' lang='grc' dir='ltr'><strong>ἐξ</strong></span> <span class='ocrx_word' id='word_1_96' title='bbox 1301 1370 1475 1445; x_wconf 81' lang='grc' dir='ltr'><strong>αὐτῆς</strong></span> <span class='ocrx_word' id='word_1_97' title='bbox 1513 1371 1615 1440; x_wconf 84' lang='grc' dir='ltr'><strong>τῆς</strong></span> <span class='ocrx_word' id='word_1_98' title='bbox 1647 1369 1844 1440; x_wconf 84' lang='grc' dir='ltr'><strong>συλλή-</strong></span> 
     </span>
    </p>
   </div>
   <div class='ocr_carea' id='block_1_16' title="bbox 257 1457 1840 1533">
    <p class='ocr_par' dir='ltr' id='par_1_16' title="bbox 257 1457 1840 1533">
     <span class='ocr_line' id='line_1_16' title="bbox 257 1457 1840 1533; baseline 0.001 -20"><span class='ocrx_word' id='word_1_99' title='bbox 257 1457 406 1528; x_wconf 77' lang='grc' dir='ltr'><strong>ψεως</strong></span> <span class='ocrx_word' id='word_1_100' title='bbox 461 1458 660 1514; x_wconf 80' lang='grc' dir='ltr'><strong>ἐνῶσαι</strong></span> <span class='ocrx_word' id='word_1_101' title='bbox 706 1461 886 1533; x_wconf 82' lang='grc' dir='ltr'><strong>ἐαυτῷ</strong></span> <span class='ocrx_word' id='word_1_102' title='bbox 933 1461 1024 1516; x_wconf 78' lang='grc' dir='ltr'><strong>τὸν</strong></span> <span class='ocrx_word' id='word_1_103' title='bbox 1063 1463 1122 1527; x_wconf 76' lang='grc' dir='ltr'><strong>ἐξ</strong></span> <span class='ocrx_word' id='word_1_104' title='bbox 1154 1461 1324 1533; x_wconf 83' lang='grc' dir='ltr'><strong>αὐτης</strong></span> <span class='ocrx_word' id='word_1_105' title='bbox 1365 1461 1640 1532; x_wconf 73' lang='grc' dir='ltr'><strong>ληφθέντα</strong></span> <span class='ocrx_word' id='word_1_106' title='bbox 1691 1460 1840 1514; x_wconf 87' lang='grc' dir='ltr'><strong>ναόν.</strong></span> 
     </span>
    </p>
   </div>
   <div class='ocr_carea' id='block_1_17' title="bbox 257 1548 1844 1622">
    <p class='ocr_par' dir='ltr' id='par_1_17' title="bbox 257 1548 1844 1622">
     <span class='ocr_line' id='line_1_17' title="bbox 257 1548 1844 1622; baseline 0 -18"><span class='ocrx_word' id='word_1_107' title='bbox 257 1549 369 1614; x_wconf 79' lang='grc' dir='ltr'><strong>Τὰς</strong></span> <span class='ocrx_word' id='word_1_108' title='bbox 402 1550 462 1605; x_wconf 73' lang='grc' dir='ltr'><strong>δέ</strong></span> <span class='ocrx_word' id='word_1_109' title='bbox 489 1551 854 1620; x_wconf 80' lang='grc' dir='ltr'><strong>εὐαγγελικὰς</strong></span> <span class='ocrx_word' id='word_1_110' title='bbox 887 1551 985 1606; x_wconf 79' lang='grc' dir='ltr'><strong>καὶ</strong></span> <span class='ocrx_word' id='word_1_111' title='bbox 1015 1551 1381 1616; x_wconf 70' lang='grc' dir='ltr'><strong>ἁποστολικὰς</strong></span> <span class='ocrx_word' id='word_1_112' title='bbox 1407 1551 1537 1622; x_wconf 76' lang='grc' dir='ltr'><strong>περὶ</strong></span> <span class='ocrx_word' id='word_1_113' title='bbox 1581 1548 1676 1605; x_wconf 89' lang='grc' dir='ltr'><strong>τοῦ</strong></span> <span class='ocrx_word' id='word_1_114' title='bbox 1729 1551 1844 1604; x_wconf 79' lang='grc' dir='ltr'><strong>Κυ-</strong></span> 
     </span>
    </p>
   </div>
   <div class='ocr_carea' id='block_1_18' title="bbox 259 1641 1843 1716">
    <p class='ocr_par' dir='ltr' id='par_1_18' title="bbox 259 1641 1843 1716">
     <span class='ocr_line' id='line_1_18' title="bbox 259 1641 1843 1716; baseline 0.002 -23"><span class='ocrx_word' id='word_1_115' title='bbox 259 1641 378 1714; x_wconf 88' lang='grc' dir='ltr'><strong>ρίου</strong></span> <span class='ocrx_word' id='word_1_116' title='bbox 411 1644 615 1710; x_wconf 67' lang='grc' dir='ltr'><strong>φωνὰς,</strong></span> <span class='ocrx_word' id='word_1_117' title='bbox 647 1645 804 1716; x_wconf 75' lang='grc' dir='ltr'><strong>ἴσμεν</strong></span> <span class='ocrx_word' id='word_1_118' title='bbox 856 1645 983 1709; x_wconf 77' lang='grc' dir='ltr'><strong>τοὺς</strong></span> <span class='ocrx_word' id='word_1_119' title='bbox 1016 1644 1332 1713; x_wconf 81' lang='grc' dir='ltr'><strong>θεολόγους·</strong></span> <span class='ocrx_word' id='word_1_120' title='bbox 1359 1643 1582 1716; x_wconf 74' lang='grc' dir='ltr'><strong>ἄνδρας,</strong></span> <span class='ocrx_word' id='word_1_121' title='bbox 1614 1642 1714 1707; x_wconf 84' lang='grc' dir='ltr'><strong>τὰς</strong></span> <span class='ocrx_word' id='word_1_122' title='bbox 1742 1641 1843 1713; x_wconf 62' lang='grc' dir='ltr'><strong>μέν</strong></span> 
     </span>
    </p>
   </div>
   <div class='ocr_carea' id='block_1_19' title="bbox 257 1735 1844 1809">
    <p class='ocr_par' dir='ltr' id='par_1_19' title="bbox 257 1735 1844 1809">
     <span class='ocr_line' id='line_1_19' title="bbox 257 1735 1844 1809; baseline 0.003 -23"><span class='ocrx_word' id='word_1_123' title='bbox 257 1736 730 1802; x_wconf 81' lang='grc' dir='ltr'><strong>κοινοποιοῦντας,</strong></span> <span class='ocrx_word' id='word_1_124' title='bbox 751 1737 828 1800; x_wconf 85' lang='grc' dir='ltr'><strong>ὠς</strong></span> <span class='ocrx_word' id='word_1_125' title='bbox 861 1739 950 1809; x_wconf 82' lang='grc' dir='ltr'><strong>ἐφ’</strong></span> <span class='ocrx_word' id='word_1_126' title='bbox 982 1738 1102 1803; x_wconf 77' lang='grc' dir='ltr'><strong>ἑνὸς</strong></span> <span class='ocrx_word' id='word_1_127' title='bbox 1148 1737 1472 1809; x_wconf 73' lang='grc' dir='ltr'><strong>προσώπου,</strong></span> <span class='ocrx_word' id='word_1_128' title='bbox 1501 1736 1600 1801; x_wconf 76' lang='grc' dir='ltr'><strong>τὰς</strong></span> <span class='ocrx_word' id='word_1_129' title='bbox 1626 1735 1684 1790; x_wconf 74' lang='grc' dir='ltr'><strong>δὲ</strong></span> <span class='ocrx_word' id='word_1_130' title='bbox 1706 1736 1844 1790; x_wconf 85' lang='grc' dir='ltr'><strong>διαι·</strong></span> 
     </span>
    </p>
   </div>
   <div class='ocr_carea' id='block_1_20' title="bbox 258 1826 1838 1903">
    <p class='ocr_par' dir='ltr' id='par_1_20' title="bbox 258 1826 1838 1903">
     <span class='ocr_line' id='line_1_20' title="bbox 258 1826 1838 1903; baseline 0.002 -23"><span class='ocrx_word' id='word_1_131' title='bbox 258 1826 510 1903; x_wconf 88' lang='grc' dir='ltr'><strong>ροῦντας.</strong></span> <span class='ocrx_word' id='word_1_132' title='bbox 548 1828 624 1892; x_wconf 79' lang='grc' dir='ltr'><strong>ὡς</strong></span> <span class='ocrx_word' id='word_1_133' title='bbox 658 1831 752 1884; x_wconf 70' lang='grc' dir='ltr'><strong>ἐπὶ</strong></span> <span class='ocrx_word' id='word_1_134' title='bbox 794 1831 887 1886; x_wconf 92' lang='grc' dir='ltr'><strong>δύο</strong></span> <span class='ocrx_word' id='word_1_135' title='bbox 935 1833 1152 1900; x_wconf 82' lang='grc' dir='ltr'><strong>φύσεων</strong></span> <span class='ocrx_word' id='word_1_136' title='bbox 1173 1850 1186 1863; x_wconf 89' lang='grc'><strong>·</strong></span> <span class='ocrx_word' id='word_1_137' title='bbox 1217 1833 1313 1888; x_wconf 72' lang='grc' dir='ltr'><strong>καὶ</strong></span> <span class='ocrx_word' id='word_1_138' title='bbox 1342 1832 1440 1896; x_wconf 82' lang='grc' dir='ltr'><strong>τὰς</strong></span> <span class='ocrx_word' id='word_1_139' title='bbox 1473 1831 1570 1902; x_wconf 75' lang='grc' dir='ltr'><strong>μὲν</strong></span> <span class='ocrx_word' id='word_1_140' title='bbox 1604 1829 1838 1901; x_wconf 79' lang='grc' dir='ltr'><strong>θεοπρε-</strong></span> 
     </span>
    </p>
   </div>
   <div class='ocr_carea' id='block_1_21' title="bbox 256 1921 1841 1996">
    <p class='ocr_par' dir='ltr' id='par_1_21' title="bbox 256 1921 1841 1996">
     <span class='ocr_line' id='line_1_21' title="bbox 256 1921 1841 1996; baseline 0.003 -23"><span class='ocrx_word' id='word_1_141' title='bbox 256 1923 376 1983; x_wconf 67' lang='grc' dir='ltr'><strong>κείς</strong></span> <span class='ocrx_word' id='word_1_142' title='bbox 409 1921 556 1976; x_wconf 83' lang='grc' dir='ltr'><strong>κατὰ</strong></span> <span class='ocrx_word' id='word_1_143' title='bbox 583 1922 684 1993; x_wconf 77' lang='grc' dir='ltr'><strong>τὴν</strong></span> <span class='ocrx_word' id='word_1_144' title='bbox 734 1922 966 1995; x_wconf 84' lang='grc' dir='ltr'><strong>θεότητα</strong></span> <span class='ocrx_word' id='word_1_145' title='bbox 1011 1923 1107 1979; x_wconf 89' lang='grc' dir='ltr'><strong>τοῦ</strong></span> <span class='ocrx_word' id='word_1_146' title='bbox 1147 1924 1408 1996; x_wconf 77' lang='grc' dir='ltr'><strong>Χριστοῦ,</strong></span> <span class='ocrx_word' id='word_1_147' title='bbox 1431 1923 1530 1987; x_wconf 81' lang='grc' dir='ltr'><strong>τὰς</strong></span> <span class='ocrx_word' id='word_1_148' title='bbox 1565 1922 1625 1977; x_wconf 74' lang='grc' dir='ltr'><strong>δέ</strong></span> <span class='ocrx_word' id='word_1_149' title='bbox 1651 1938 1841 1977; x_wconf 81' lang='grc' dir='ltr'><strong>ταπει-</strong></span> 
     </span>
    </p>
   </div>
   <div class='ocr_carea' id='block_1_22' title="bbox 257 2009 1727 2086">
    <p class='ocr_par' dir='ltr' id='par_1_22' title="bbox 257 2009 1727 2086">
     <span class='ocr_line' id='line_1_22' title="bbox 257 2009 1727 2086; baseline 0.001 -22"><span class='ocrx_word' id='word_1_150' title='bbox 257 2009 352 2075; x_wconf 80' lang='grc' dir='ltr'><strong>νὰς</strong></span> <span class='ocrx_word' id='word_1_151' title='bbox 385 2012 533 2066; x_wconf 75' lang='grc' dir='ltr'><strong>κατὰ</strong></span> <span class='ocrx_word' id='word_1_152' title='bbox 559 2013 659 2067; x_wconf 67' lang='grc' dir='ltr'><strong>τὴν</strong></span> <span class='ocrx_word' id='word_1_153' title='bbox 685 2013 1090 2084; x_wconf 64' lang='grc' dir='ltr'><strong>ἀνθρωπότντα</strong></span> <span class='ocrx_word' id='word_1_154' title='bbox 1122 2012 1290 2069; x_wconf 82' lang='grc' dir='ltr'><strong>αὐτοῦ</strong></span> <span class='ocrx_word' id='word_1_155' title='bbox 1317 2011 1727 2086; x_wconf 74' lang='grc' dir='ltr'><strong>παραδιδόντας.</strong></span> 
     </span>
    </p>
   </div>
   <div class='ocr_carea' id='block_1_23' title="bbox 325 2282 1851 2361">
    <p class='ocr_par' dir='ltr' id='par_1_23' title="bbox 325 2282 1851 2361">
     <span class='ocr_line' id='line_1_23' title="bbox 325 2282 1851 2361; baseline 0.005 -25"><span class='ocrx_word' id='word_1_156' title='bbox 325 2282 568 2347; x_wconf 77' lang='grc' dir='ltr'><strong>Ταύταις</strong></span> <span class='ocrx_word' id='word_1_157' title='bbox 629 2284 785 2355; x_wconf 82' lang='grc' dir='ltr'><strong>ὑμῶν</strong></span> <span class='ocrx_word' id='word_1_158' title='bbox 845 2285 1158 2356; x_wconf 70' lang='grc' dir='ltr'><strong>ἐντυχόντες</strong></span> <span class='ocrx_word' id='word_1_159' title='bbox 1211 2291 1334 2352; x_wconf 82' lang='grc' dir='ltr'><strong>ταῖς</strong></span> <span class='ocrx_word' id='word_1_160' title='bbox 1385 2289 1558 2361; x_wconf 89' lang='grc' dir='ltr'><strong>ίεραῖς</strong></span> <span class='ocrx_word' id='word_1_161' title='bbox 1611 2292 1851 2360; x_wconf 73' lang='grc' dir='ltr'><strong>φωναῖς,</strong></span> 
     </span>
    </p>
   </div>
   <div class='ocr_carea' id='block_1_24' title="bbox 257 2373 1843 2451">
    <p class='ocr_par' dir='ltr' id='par_1_24' title="bbox 257 2373 1843 2451">
     <span class='ocr_line' id='line_1_24' title="bbox 257 2373 1843 2451; baseline 0.004 -23"><span class='ocrx_word' id='word_1_162' title='bbox 257 2373 399 2429; x_wconf 73' lang='grc' dir='ltr'><strong>οὕτω</strong></span> <span class='ocrx_word' id='word_1_163' title='bbox 445 2392 507 2428; x_wconf 88' lang='grc' dir='ltr'><strong>τε</strong></span> <span class='ocrx_word' id='word_1_164' title='bbox 556 2375 650 2428; x_wconf 68' lang='grc' dir='ltr'><strong>καὶ</strong></span> <span class='ocrx_word' id='word_1_165' title='bbox 690 2376 918 2441; x_wconf 79' lang='grc' dir='ltr'><strong>ἑαυτοὺς</strong></span> <span class='ocrx_word' id='word_1_166' title='bbox 970 2376 1300 2448; x_wconf 80' lang='grc' dir='ltr'><strong>φρονοῦντας</strong></span> <span class='ocrx_word' id='word_1_167' title='bbox 1344 2379 1689 2451; x_wconf 78' lang='grc' dir='ltr'><strong>εὑρίσκοντες</strong></span> <span class='ocrx_word' id='word_1_168' title='bbox 1739 2377 1843 2449; x_wconf 79' lang='grc' dir='ltr'><strong>(εἷς</strong></span> 
     </span>
    </p>
   </div>
   <div class='ocr_carea' id='block_1_25' title="bbox 261 2463 1845 2543">
    <p class='ocr_par' dir='ltr' id='par_1_25' title="bbox 261 2463 1845 2543">
     <span class='ocr_line' id='line_1_25' title="bbox 261 2463 1845 2543; baseline 0.004 -25"><span class='ocrx_word' id='word_1_169' title='bbox 261 2463 370 2534; x_wconf 70' lang='grc' dir='ltr'><strong>γὰρ</strong></span> <span class='ocrx_word' id='word_1_170' title='bbox 417 2464 648 2536; x_wconf 78' lang='grc' dir='ltr'><strong>Κύριος,</strong></span> <span class='ocrx_word' id='word_1_171' title='bbox 687 2465 787 2536; x_wconf 90' lang='grc' dir='ltr'><strong>μία</strong></span> <span class='ocrx_word' id='word_1_172' title='bbox 819 2467 1024 2532; x_wconf 77' lang='grc' dir='ltr'><strong>πίστις,</strong></span> <span class='ocrx_word' id='word_1_173' title='bbox 1066 2468 1123 2522; x_wconf 82' lang='grc' dir='ltr'><strong>ἓν</strong></span> <span class='ocrx_word' id='word_1_174' title='bbox 1155 2469 1484 2540; x_wconf 79' lang='grc' dir='ltr'><strong>βάπτισμα),</strong></span> <span class='ocrx_word' id='word_1_175' title='bbox 1515 2470 1845 2543; x_wconf 77' lang='grc' dir='ltr'><strong>ἐδοξάσαμεν</strong></span> 
     </span>
    </p>
   </div>
   <div class='ocr_carea' id='block_1_26' title="bbox 257 2555 1842 2634">
    <p class='ocr_par' dir='ltr' id='par_1_26' title="bbox 257 2555 1842 2634">
     <span class='ocr_line' id='line_1_26' title="bbox 257 2555 1842 2634; baseline 0.005 -26"><span class='ocrx_word' id='word_1_176' title='bbox 257 2555 347 2608; x_wconf 75' lang='grc' dir='ltr'><strong>τὸν</strong></span> <span class='ocrx_word' id='word_1_177' title='bbox 399 2555 511 2608; x_wconf 80' lang='grc' dir='ltr'><strong>τῶν</strong></span> <span class='ocrx_word' id='word_1_178' title='bbox 571 2555 708 2609; x_wconf 88' lang='grc' dir='ltr'><strong>δλων</strong></span> <span class='ocrx_word' id='word_1_179' title='bbox 748 2556 978 2628; x_wconf 81' lang='grc' dir='ltr'><strong>Σωτῆρα</strong></span> <span class='ocrx_word' id='word_1_180' title='bbox 1017 2559 1180 2624; x_wconf 84' lang='grc' dir='ltr'><strong>Θεὸν,</strong></span> <span class='ocrx_word' id='word_1_181' title='bbox 1221 2558 1472 2632; x_wconf 80' lang='grc' dir='ltr'><strong>ἀλλήλοις</strong></span> <span class='ocrx_word' id='word_1_182' title='bbox 1512 2562 1842 2634; x_wconf 84' lang='grc' dir='ltr'><strong>συγχαίρον·</strong></span> 
     </span>
    </p>
   </div>
   <div class='ocr_carea' id='block_1_27' title="bbox 258 2645 1842 2724">
    <p class='ocr_par' dir='ltr' id='par_1_27' title="bbox 258 2645 1842 2724">
     <span class='ocr_line' id='line_1_27' title="bbox 258 2645 1842 2724; baseline 0.006 -27"><span class='ocrx_word' id='word_1_183' title='bbox 258 2660 368 2708; x_wconf 81' lang='grc' dir='ltr'><strong>τες.</strong></span> <span class='ocrx_word' id='word_1_184' title='bbox 400 2647 482 2698; x_wconf 81' lang='grc' dir='ltr'><strong>ὅτι</strong></span> <span class='ocrx_word' id='word_1_185' title='bbox 519 2648 638 2709; x_wconf 85' lang='grc' dir='ltr'><strong>ταῖς</strong></span> <span class='ocrx_word' id='word_1_186' title='bbox 667 2645 1049 2712; x_wconf 82' lang='grc' dir='ltr'><strong>θεοπνεύστοις</strong></span> <span class='ocrx_word' id='word_1_187' title='bbox 1080 2649 1340 2722; x_wconf 72' lang='grc' dir='ltr'><strong>Γραφαῖς,</strong></span> <span class='ocrx_word' id='word_1_188' title='bbox 1373 2652 1468 2706; x_wconf 73' lang='grc' dir='ltr'><strong>καὶ</strong></span> <span class='ocrx_word' id='word_1_189' title='bbox 1497 2655 1562 2724; x_wconf 75' lang='grc' dir='ltr'><strong>τῇ</strong></span> <span class='ocrx_word' id='word_1_190' title='bbox 1599 2652 1842 2724; x_wconf 86' lang='grc' dir='ltr'><strong>παραδό-</strong></span> 
     </span>
    </p>
   </div>
   <div class='ocr_carea' id='block_1_28' title="bbox 261 2736 1839 2814">
    <p class='ocr_par' dir='ltr' id='par_1_28' title="bbox 261 2736 1839 2814">
     <span class='ocr_line' id='line_1_28' title="bbox 261 2736 1839 2814; baseline 0.006 -25"><span class='ocrx_word' id='word_1_191' title='bbox 261 2752 341 2790; x_wconf 84' lang='grc' dir='ltr'><strong>σει</strong></span> <span class='ocrx_word' id='word_1_192' title='bbox 369 2736 481 2789; x_wconf 82' lang='grc' dir='ltr'><strong>τῶν</strong></span> <span class='ocrx_word' id='word_1_193' title='bbox 505 2737 678 2804; x_wconf 82' lang='grc' dir='ltr'><strong>ἁγίων</strong></span> <span class='ocrx_word' id='word_1_194' title='bbox 703 2741 734 2808; x_wconf 82' lang='grc' dir='ltr'><strong>ή</strong></span> <span class='ocrx_word' id='word_1_195' title='bbox 746 2738 863 2808; x_wconf 83' lang='grc' dir='ltr'><strong>μῶν</strong></span> <span class='ocrx_word' id='word_1_196' title='bbox 897 2739 1175 2811; x_wconf 83' lang='grc' dir='ltr'><strong>Πατέρων,</strong></span> <span class='ocrx_word' id='word_1_197' title='bbox 1212 2741 1620 2810; x_wconf 71' lang='grc' dir='ltr'><strong>συμϐαίνουσαν</strong></span> <span class='ocrx_word' id='word_1_198' title='bbox 1657 2743 1839 2814; x_wconf 73' lang='grc' dir='ltr'><strong>έχουσι</strong></span> 
     </span>
    </p>
   </div>
   <div class='ocr_carea' id='block_1_29' title="bbox 261 2830 1837 2907">
    <p class='ocr_par' dir='ltr' id='par_1_29' title="bbox 261 2830 1837 2907">
     <span class='ocr_line' id='line_1_29' title="bbox 261 2830 1837 2907; baseline 0.007 -26"><span class='ocrx_word' id='word_1_199' title='bbox 261 2830 447 2882; x_wconf 80' lang='grc' dir='ltr'><strong>πίστιν</strong></span> <span class='ocrx_word' id='word_1_200' title='bbox 485 2830 551 2882; x_wconf 87' lang='grc' dir='ltr'><strong>αῖ</strong></span> <span class='ocrx_word' id='word_1_201' title='bbox 579 2846 638 2882; x_wconf 92' lang='grc' dir='ltr'><strong>τε</strong></span> <span class='ocrx_word' id='word_1_202' title='bbox 662 2830 790 2903; x_wconf 80' lang='grc' dir='ltr'><strong>παρ’</strong></span> <span class='ocrx_word' id='word_1_203' title='bbox 815 2832 949 2901; x_wconf 77' lang='grc' dir='ltr'><strong>ἡμῖν</strong></span> <span class='ocrx_word' id='word_1_204' title='bbox 971 2833 1064 2885; x_wconf 79' lang='grc' dir='ltr'><strong>καὶ</strong></span> <span class='ocrx_word' id='word_1_205' title='bbox 1089 2833 1288 2906; x_wconf 87' lang='grc' dir='ltr'><strong>αίπαρ’</strong></span> <span class='ocrx_word' id='word_1_206' title='bbox 1316 2834 1446 2905; x_wconf 84' lang='grc' dir='ltr'><strong>ὑμῖν</strong></span> <span class='ocrx_word' id='word_1_207' title='bbox 1492 2835 1837 2907; x_wconf 84' lang='grc' dir='ltr'><strong>Ἐκκλησίαι.</strong></span> 
     </span>
    </p>
   </div>
   <div class='ocr_carea' id='block_1_30' title="bbox 273 2919 1842 2994">
    <p class='ocr_par' dir='ltr' id='par_1_30' title="bbox 273 2919 1842 2994">
     <span class='ocr_line' id='line_1_30' title="bbox 273 2919 1842 2994; baseline 0.006 -20"><span class='ocrx_word' id='word_1_208' title='bbox 273 2920 492 2991; x_wconf 78' lang='grc' dir='ltr'><strong>Ἐπειδὴ</strong></span> <span class='ocrx_word' id='word_1_209' title='bbox 515 2919 570 2974; x_wconf 74' lang='grc' dir='ltr'><strong>δέ</strong></span> <span class='ocrx_word' id='word_1_210' title='bbox 596 2922 877 2992; x_wconf 79' lang='grc' dir='ltr'><strong>ἐπυθόμην</strong></span> <span class='ocrx_word' id='word_1_211' title='bbox 907 2922 1015 2976; x_wconf 87' lang='grc' dir='ltr'><strong>τῶν</strong></span> <span class='ocrx_word' id='word_1_212' title='bbox 1056 2923 1368 2994; x_wconf 71' lang='grc' dir='ltr'><strong>φιλοψογεῖν</strong></span> <span class='ocrx_word' id='word_1_213' title='bbox 1396 2925 1665 2982; x_wconf 84' lang='grc' dir='ltr'><strong>είωθότων</strong></span> <span class='ocrx_word' id='word_1_214' title='bbox 1688 2929 1842 2993; x_wconf 84' lang='grc' dir='ltr'><strong>τινὰς</strong></span> 
     </span>
    </p>
   </div>
   <div class='ocr_carea' id='block_1_31' title="bbox 263 3011 1850 3091">
    <p class='ocr_par' dir='ltr' id='par_1_31' title="bbox 263 3011 1850 3091">
     <span class='ocr_line' id='line_1_31' title="bbox 263 3011 1850 3091; baseline 0.006 -28"><span class='ocrx_word' id='word_1_215' title='bbox 263 3011 490 3082; x_wconf 80' lang='grc' dir='ltr'><strong>σφηκῶν</strong></span> <span class='ocrx_word' id='word_1_216' title='bbox 521 3012 728 3083; x_wconf 75' lang='grc' dir='ltr'><strong>ἀγρίων</strong></span> <span class='ocrx_word' id='word_1_217' title='bbox 771 3011 930 3085; x_wconf 88' lang='grc' dir='ltr'><strong>δίκην</strong></span> <span class='ocrx_word' id='word_1_218' title='bbox 970 3015 1350 3086; x_wconf 76' lang='grc' dir='ltr'><strong>περιϐομϐεῖν,</strong></span> <span class='ocrx_word' id='word_1_219' title='bbox 1391 3019 1486 3072; x_wconf 75' lang='grc' dir='ltr'><strong>καὶ</strong></span> <span class='ocrx_word' id='word_1_220' title='bbox 1532 3019 1850 3091; x_wconf 81' lang='grc' dir='ltr'><strong>μοχθηροὺς</strong></span> 
     </span>
    </p>
   </div>
   <div class='ocr_carea' id='block_1_32' title="bbox 1943 545 3522 618">
    <p class='ocr_par' dir='ltr' id='par_1_32' title="bbox 1943 545 3522 618">
     <span class='ocr_line' id='line_1_32' title="bbox 1943 545 3522 618; baseline 0.003 -15"><span class='ocrx_word' id='word_1_221' title='bbox 1943 547 2105 604; x_wconf 91' lang='lat' dir='ltr'><strong>Patre</strong></span> <span class='ocrx_word' id='word_1_222' title='bbox 2132 555 2324 602; x_wconf 88' lang='lat' dir='ltr'><strong>natum</strong></span> <span class='ocrx_word' id='word_1_223' title='bbox 2347 545 2652 602; x_wconf 88' lang='lat' dir='ltr'><strong>secundum</strong></span> <span class='ocrx_word' id='word_1_224' title='bbox 2676 546 3045 612; x_wconf 72' lang='lat' dir='ltr'><strong>divinitatem,</strong></span> <span class='ocrx_word' id='word_1_225' title='bbox 3068 547 3367 618; x_wconf 89' lang='lat' dir='ltr'><strong>postremis</strong></span> <span class='ocrx_word' id='word_1_226' title='bbox 3384 564 3522 607; x_wconf 88' lang='lat' dir='ltr'><strong>vero</strong></span> 
     </span>
    </p>
   </div>
   <div class='ocr_carea' id='block_1_33' title="bbox 1941 638 3520 710">
    <p class='ocr_par' dir='ltr' id='par_1_33' title="bbox 1941 638 3520 710">
     <span class='ocr_line' id='line_1_33' title="bbox 1941 638 3520 710; baseline 0.002 -16"><span class='ocrx_word' id='word_1_227' title='bbox 1941 639 2288 709; x_wconf 75' lang='lat' dir='ltr'><strong>temporibus</strong></span> <span class='ocrx_word' id='word_1_228' title='bbox 2305 638 2562 694; x_wconf 91' lang='lat' dir='ltr'><strong>eumdem</strong></span> <span class='ocrx_word' id='word_1_229' title='bbox 2587 639 2767 710; x_wconf 89' lang='lat' dir='ltr'><strong>ipsum</strong></span> <span class='ocrx_word' id='word_1_230' title='bbox 2784 646 3009 710; x_wconf 91' lang='lat' dir='ltr'><strong>propter</strong></span> <span class='ocrx_word' id='word_1_231' title='bbox 3023 645 3270 694; x_wconf 89' lang='lat' dir='ltr'><strong>nostram</strong></span> <span class='ocrx_word' id='word_1_232' title='bbox 3286 641 3520 697; x_wconf 90' lang='lat' dir='ltr'><strong>salutem</strong></span> 
     </span>
    </p>
   </div>
   <div class='ocr_carea' id='block_1_34' title="bbox 1940 730 3521 802">
    <p class='ocr_par' dir='ltr' id='par_1_34' title="bbox 1940 730 3521 802">
     <span class='ocr_line' id='line_1_34' title="bbox 1940 730 3521 802; baseline 0.003 -16"><span class='ocrx_word' id='word_1_233' title='bbox 1940 747 2010 786; x_wconf 81' lang='lat' dir='ltr'><strong>ex</strong></span> <span class='ocrx_word' id='word_1_234' title='bbox 2031 730 2202 786; x_wconf 71' lang='lat' dir='ltr'><strong>Maria</strong></span> <span class='ocrx_word' id='word_1_235' title='bbox 2225 731 2449 802; x_wconf 74' lang='lat' dir='ltr'><strong>Virgine</strong></span> <span class='ocrx_word' id='word_1_236' title='bbox 2472 730 2777 787; x_wconf 85' lang='lat' dir='ltr'><strong>secundum</strong></span> <span class='ocrx_word' id='word_1_237' title='bbox 2801 730 3201 787; x_wconf 78' lang='lat' dir='ltr'><strong>humanitatem</strong></span> <span class='ocrx_word' id='word_1_238' title='bbox 3225 749 3239 786; x_wconf 91' lang='lat'><strong>:</strong></span> <span class='ocrx_word' id='word_1_239' title='bbox 3263 733 3521 790; x_wconf 89' lang='lat' dir='ltr'><strong>eumdem</strong></span> 
     </span>
    </p>
   </div>
   <div class='ocr_carea' id='block_1_35' title="bbox 1943 819 3520 886">
    <p class='ocr_par' dir='ltr' id='par_1_35' title="bbox 1943 819 3520 886">
     <span class='ocr_line' id='line_1_35' title="bbox 1943 819 3520 886; baseline -0.001 -8"><span class='ocrx_word' id='word_1_240' title='bbox 1943 819 2092 878; x_wconf 84' lang='lat' dir='ltr'><strong>Patri</strong></span> <span class='ocrx_word' id='word_1_241' title='bbox 2118 822 2650 879; x_wconf 80' lang='lat' dir='ltr'><strong>consubstantialem</strong></span> <span class='ocrx_word' id='word_1_242' title='bbox 2687 821 2990 878; x_wconf 91' lang='lat' dir='ltr'><strong>secundum</strong></span> <span class='ocrx_word' id='word_1_243' title='bbox 3022 821 3395 886; x_wconf 82' lang='lat' dir='ltr'><strong>divinitatem,</strong></span> <span class='ocrx_word' id='word_1_244' title='bbox 3417 836 3520 876; x_wconf 87' lang='lat' dir='ltr'><strong>no-</strong></span> 
     </span>
    </p>
   </div>
   <div class='ocr_carea' id='block_1_36' title="bbox 1941 912 3518 971">
    <p class='ocr_par' dir='ltr' id='par_1_36' title="bbox 1941 912 3518 971">
     <span class='ocr_line' id='line_1_36' title="bbox 1941 912 3518 971; baseline 0 -3"><span class='ocrx_word' id='word_1_245' title='bbox 1941 912 2030 968; x_wconf 91' lang='lat' dir='ltr'><strong>bis</strong></span> <span class='ocrx_word' id='word_1_246' title='bbox 2073 913 2207 969; x_wconf 91' lang='lat' dir='ltr'><strong>item</strong></span> <span class='ocrx_word' id='word_1_247' title='bbox 2275 913 2695 971; x_wconf 83' lang='lat' dir='ltr'><strong>coessentialem</strong></span> <span class='ocrx_word' id='word_1_248' title='bbox 2743 912 3048 968; x_wconf 86' lang='lat' dir='ltr'><strong>secundum</strong></span> <span class='ocrx_word' id='word_1_249' title='bbox 3093 912 3518 968; x_wconf 79' lang='lat' dir='ltr'><strong>humanitatem.</strong></span> 
     </span>
    </p>
   </div>
   <div class='ocr_carea' id='block_1_37' title="bbox 1941 1002 3520 1075">
    <p class='ocr_par' dir='ltr' id='par_1_37' title="bbox 1941 1002 3520 1075">
     <span class='ocr_line' id='line_1_37' title="bbox 1941 1002 3520 1075; baseline -0.002 -15"><span class='ocrx_word' id='word_1_250' title='bbox 1941 1003 2229 1075; x_wconf 85' lang='lat' dir='ltr'><strong>Siquidem</strong></span> <span class='ocrx_word' id='word_1_251' title='bbox 2273 1003 2512 1060; x_wconf 85' lang='lat' dir='ltr'><strong>duarum</strong></span> <span class='ocrx_word' id='word_1_252' title='bbox 2557 1013 2882 1060; x_wconf 79' lang='lat' dir='ltr'><strong>naturarum</strong></span> <span class='ocrx_word' id='word_1_253' title='bbox 2929 1003 3073 1059; x_wconf 79' lang='lat' dir='ltr'><strong>facta</strong></span> <span class='ocrx_word' id='word_1_254' title='bbox 3105 1010 3194 1060; x_wconf 91' lang='lat' dir='ltr'><strong>est</strong></span> <span class='ocrx_word' id='word_1_255' title='bbox 3237 1002 3371 1058; x_wconf 90' lang='lat' dir='ltr'><strong>unio</strong></span> <span class='ocrx_word' id='word_1_256' title='bbox 3411 1020 3425 1057; x_wconf 89' lang='lat'><strong>:</strong></span> <span class='ocrx_word' id='word_1_257' title='bbox 3462 1007 3520 1058; x_wconf 82' lang='lat' dir='ltr'><strong>et</strong></span> 
     </span>
    </p>
   </div>
   <div class='ocr_carea' id='block_1_38' title="bbox 1940 1094 3518 1168">
    <p class='ocr_par' dir='ltr' id='par_1_38' title="bbox 1940 1094 3518 1168">
     <span class='ocr_line' id='line_1_38' title="bbox 1940 1094 3518 1168; baseline -0.001 -18"><span class='ocrx_word' id='word_1_258' title='bbox 1940 1106 2248 1168; x_wconf 81' lang='lat' dir='ltr'><strong>propterea</strong></span> <span class='ocrx_word' id='word_1_259' title='bbox 2284 1111 2458 1151; x_wconf 85' lang='lat' dir='ltr'><strong>unum</strong></span> <span class='ocrx_word' id='word_1_260' title='bbox 2493 1095 2798 1161; x_wconf 77' lang='lat' dir='ltr'><strong>Christum,</strong></span> <span class='ocrx_word' id='word_1_261' title='bbox 2843 1111 3017 1151; x_wconf 88' lang='lat' dir='ltr'><strong>unum</strong></span> <span class='ocrx_word' id='word_1_262' title='bbox 3067 1094 3293 1158; x_wconf 82' lang='lat' dir='ltr'><strong>Filium,</strong></span> <span class='ocrx_word' id='word_1_263' title='bbox 3346 1106 3518 1149; x_wconf 87' lang='lat' dir='ltr'><strong>unum</strong></span> 
     </span>
    </p>
   </div>
   <div class='ocr_carea' id='block_1_39' title="bbox 1939 1183 3524 1243">
    <p class='ocr_par' dir='ltr' id='par_1_39' title="bbox 1939 1183 3524 1243">
     <span class='ocr_line' id='line_1_39' title="bbox 1939 1183 3524 1243; baseline -0.002 -1"><span class='ocrx_word' id='word_1_264' title='bbox 1939 1186 2236 1242; x_wconf 89' lang='lat' dir='ltr'><strong>Dominum</strong></span> <span class='ocrx_word' id='word_1_265' title='bbox 2285 1185 2632 1242; x_wconf 78' lang='lat' dir='ltr'><strong>conﬁtemur.</strong></span> <span class='ocrx_word' id='word_1_266' title='bbox 2682 1185 2999 1243; x_wconf 85' lang='lat' dir='ltr'><strong>Secundum</strong></span> <span class='ocrx_word' id='word_1_267' title='bbox 3040 1184 3191 1240; x_wconf 92' lang='lat' dir='ltr'><strong>hunc</strong></span> <span class='ocrx_word' id='word_1_268' title='bbox 3223 1183 3524 1239; x_wconf 71' lang='lat' dir='ltr'><strong>inconfusa</strong></span> 
     </span>
    </p>
   </div>
   <div class='ocr_carea' id='block_1_40' title="bbox 1940 1276 3522 1348">
    <p class='ocr_par' dir='ltr' id='par_1_40' title="bbox 1940 1276 3522 1348">
     <span class='ocr_line' id='line_1_40' title="bbox 1940 1276 3522 1348; baseline -0.003 -12"><span class='ocrx_word' id='word_1_269' title='bbox 1940 1280 2171 1336; x_wconf 75' lang='lat' dir='ltr'><strong>unitatis</strong></span> <span class='ocrx_word' id='word_1_270' title='bbox 2216 1278 2580 1345; x_wconf 88' lang='lat' dir='ltr'><strong>intellectum,</strong></span> <span class='ocrx_word' id='word_1_271' title='bbox 2613 1289 2857 1335; x_wconf 85' lang='lat' dir='ltr'><strong>sanctam</strong></span> <span class='ocrx_word' id='word_1_272' title='bbox 2899 1277 3183 1348; x_wconf 73' lang='lat' dir='ltr'><strong>Virginem</strong></span> <span class='ocrx_word' id='word_1_273' title='bbox 3229 1276 3522 1347; x_wconf 89' lang='lat' dir='ltr'><strong>Deiparam</strong></span> 
     </span>
    </p>
   </div>
   <div class='ocr_carea' id='block_1_41' title="bbox 1939 1366 3522 1441">
    <p class='ocr_par' dir='ltr' id='par_1_41' title="bbox 1939 1366 3522 1441">
     <span class='ocr_line' id='line_1_41' title="bbox 1939 1366 3522 1441; baseline -0.004 -13"><span class='ocrx_word' id='word_1_274' title='bbox 1939 1387 2063 1428; x_wconf 86' lang='lat' dir='ltr'><strong>esse</strong></span> <span class='ocrx_word' id='word_1_275' title='bbox 2093 1369 2446 1436; x_wconf 83' lang='lat' dir='ltr'><strong>conﬁtemur,</strong></span> <span class='ocrx_word' id='word_1_276' title='bbox 2477 1377 2772 1441; x_wconf 82' lang='lat' dir='ltr'><strong>propterea</strong></span> <span class='ocrx_word' id='word_1_277' title='bbox 2796 1369 2945 1440; x_wconf 85' lang='lat' dir='ltr'><strong>quod</strong></span> <span class='ocrx_word' id='word_1_278' title='bbox 2982 1369 3130 1424; x_wconf 88' lang='lat' dir='ltr'><strong>Deus</strong></span> <span class='ocrx_word' id='word_1_279' title='bbox 3153 1367 3398 1425; x_wconf 71' lang='lat' dir='ltr'><strong>Verbum</strong></span> <span class='ocrx_word' id='word_1_280' title='bbox 3431 1366 3522 1422; x_wconf 86' lang='lat' dir='ltr'><strong>in-</strong></span> 
     </span>
    </p>
   </div>
   <div class='ocr_carea' id='block_1_42' title="bbox 1940 1461 3648 1542">
    <p class='ocr_par' dir='ltr' id='par_1_42' title="bbox 1940 1461 3648 1542">
     <span class='ocr_line' id='line_1_42' title="bbox 1940 1461 3648 1542; baseline -0.004 -21"><span class='ocrx_word' id='word_1_281' title='bbox 1940 1471 2225 1521; x_wconf 87' lang='lat' dir='ltr'><strong>carnatum</strong></span> <span class='ocrx_word' id='word_1_282' title='bbox 2247 1465 2320 1520; x_wconf 87' lang='lat' dir='ltr'><strong>sit</strong></span> <span class='ocrx_word' id='word_1_283' title='bbox 2343 1471 2402 1519; x_wconf 91' lang='lat' dir='ltr'><strong>et</strong></span> <span class='ocrx_word' id='word_1_284' title='bbox 2430 1463 2597 1518; x_wconf 88' lang='lat' dir='ltr'><strong>homo</strong></span> <span class='ocrx_word' id='word_1_285' title='bbox 2624 1461 2852 1527; x_wconf 79' lang='lat' dir='ltr'><strong>factum,</strong></span> <span class='ocrx_word' id='word_1_286' title='bbox 2889 1471 2947 1517; x_wconf 91' lang='lat' dir='ltr'><strong>et</strong></span> <span class='ocrx_word' id='word_1_287' title='bbox 2978 1477 3047 1517; x_wconf 81' lang='lat' dir='ltr'><strong>ex</strong></span> <span class='ocrx_word' id='word_1_288' title='bbox 3088 1462 3209 1532; x_wconf 87' lang='lat' dir='ltr'><strong>ipso</strong></span> <span class='ocrx_word' id='word_1_289' title='bbox 3250 1466 3521 1530; x_wconf 86' lang='lat' dir='ltr'><strong>conceptu</strong></span> <span class='ocrx_word' id='word_1_290' title='bbox 3639 1534 3648 1542; x_wconf 82' lang='lat'><strong>_</strong></span> 
     </span>
    </p>
   </div>
   <div class='ocr_carea' id='block_1_43' title="bbox 1940 1550 3524 1626">
    <p class='ocr_par' dir='ltr' id='par_1_43' title="bbox 1940 1550 3524 1626">
     <span class='ocr_line' id='line_1_43' title="bbox 1940 1550 3524 1626; baseline -0.002 -16"><span class='ocrx_word' id='word_1_291' title='bbox 1940 1556 2207 1626; x_wconf 88' lang='lat' dir='ltr'><strong>templum</strong></span> <span class='ocrx_word' id='word_1_292' title='bbox 2230 1571 2300 1611; x_wconf 81' lang='lat' dir='ltr'><strong>ex</strong></span> <span class='ocrx_word' id='word_1_293' title='bbox 2327 1555 2723 1626; x_wconf 87' lang='lat' dir='ltr'><strong>illasumptum</strong></span> <span class='ocrx_word' id='word_1_294' title='bbox 2747 1553 3138 1610; x_wconf 81' lang='lat' dir='ltr'><strong>sibiuniverit.</strong></span> <span class='ocrx_word' id='word_1_295' title='bbox 3164 1550 3524 1624; x_wconf 72' lang='lat' dir='ltr'><strong>Evangelicaa</strong></span> 
     </span>
    </p>
   </div>
   <div class='ocr_carea' id='block_1_44' title="bbox 1940 1642 3521 1718">
    <p class='ocr_par' dir='ltr' id='par_1_44' title="bbox 1940 1642 3521 1718">
     <span class='ocr_line' id='line_1_44' title="bbox 1940 1642 3521 1718; baseline -0.003 -16"><span class='ocrx_word' id='word_1_296' title='bbox 1940 1655 2122 1703; x_wconf 88' lang='lat' dir='ltr'><strong>autem</strong></span> <span class='ocrx_word' id='word_1_297' title='bbox 2144 1656 2201 1703; x_wconf 91' lang='lat' dir='ltr'><strong>et</strong></span> <span class='ocrx_word' id='word_1_298' title='bbox 2223 1648 2552 1718; x_wconf 88' lang='lat' dir='ltr'><strong>apostolicas</strong></span> <span class='ocrx_word' id='word_1_299' title='bbox 2579 1646 2648 1702; x_wconf 90' lang='lat' dir='ltr'><strong>de</strong></span> <span class='ocrx_word' id='word_1_300' title='bbox 2670 1645 2904 1701; x_wconf 87' lang='lat' dir='ltr'><strong>Domino</strong></span> <span class='ocrx_word' id='word_1_301' title='bbox 2923 1659 3106 1710; x_wconf 86' lang='lat' dir='ltr'><strong>voces,</strong></span> <span class='ocrx_word' id='word_1_302' title='bbox 3123 1644 3329 1701; x_wconf 84' lang='lat' dir='ltr'><strong>scimus</strong></span> <span class='ocrx_word' id='word_1_303' title='bbox 3361 1642 3521 1699; x_wconf 88' lang='lat' dir='ltr'><strong>theo-</strong></span> 
     </span>
    </p>
   </div>
   <div class='ocr_carea' id='block_1_45' title="bbox 1941 1736 3521 1811">
    <p class='ocr_par' dir='ltr' id='par_1_45' title="bbox 1941 1736 3521 1811">
     <span class='ocr_line' id='line_1_45' title="bbox 1941 1736 3521 1811; baseline -0.003 -17"><span class='ocrx_word' id='word_1_304' title='bbox 1941 1739 2096 1810; x_wconf 88' lang='lat' dir='ltr'><strong>logos</strong></span> <span class='ocrx_word' id='word_1_305' title='bbox 2144 1739 2281 1795; x_wconf 88' lang='lat' dir='ltr'><strong>alias</strong></span> <span class='ocrx_word' id='word_1_306' title='bbox 2331 1739 2557 1811; x_wconf 89' lang='lat' dir='ltr'><strong>quidem</strong></span> <span class='ocrx_word' id='word_1_307' title='bbox 2607 1746 2867 1810; x_wconf 82' lang='lat' dir='ltr'><strong>tauquam</strong></span> <span class='ocrx_word' id='word_1_308' title='bbox 2913 1736 2982 1792; x_wconf 88' lang='lat' dir='ltr'><strong>ad</strong></span> <span class='ocrx_word' id='word_1_309' title='bbox 3023 1751 3188 1792; x_wconf 85' lang='lat' dir='ltr'><strong>uuam</strong></span> <span class='ocrx_word' id='word_1_310' title='bbox 3225 1748 3521 1807; x_wconf 87' lang='lat' dir='ltr'><strong>personam</strong></span> 
     </span>
    </p>
   </div>
   <div class='ocr_carea' id='block_1_46' title="bbox 1943 1828 3522 1902">
    <p class='ocr_par' dir='ltr' id='par_1_46' title="bbox 1943 1828 3522 1902">
     <span class='ocr_line' id='line_1_46' title="bbox 1943 1828 3522 1902; baseline -0.004 -17"><span class='ocrx_word' id='word_1_311' title='bbox 1943 1831 2307 1902; x_wconf 86' lang='lat' dir='ltr'><strong>pertinentes,</strong></span> <span class='ocrx_word' id='word_1_312' title='bbox 2343 1845 2666 1887; x_wconf 87' lang='lat' dir='ltr'><strong>communes</strong></span> <span class='ocrx_word' id='word_1_313' title='bbox 2690 1830 2904 1896; x_wconf 77' lang='lat' dir='ltr'><strong>facere;</strong></span> <span class='ocrx_word' id='word_1_314' title='bbox 2933 1828 3068 1884; x_wconf 83' lang='lat' dir='ltr'><strong>alias</strong></span> <span class='ocrx_word' id='word_1_315' title='bbox 3090 1842 3224 1883; x_wconf 84' lang='lat' dir='ltr'><strong>vero</strong></span> <span class='ocrx_word' id='word_1_316' title='bbox 3259 1834 3522 1897; x_wconf 88' lang='lat' dir='ltr'><strong>tanquam</strong></span> 
     </span>
    </p>
   </div>
   <div class='ocr_carea' id='block_1_47' title="bbox 1943 1918 3524 1990">
    <p class='ocr_par' dir='ltr' id='par_1_47' title="bbox 1943 1918 3524 1990">
     <span class='ocr_line' id='line_1_47' title="bbox 1943 1918 3524 1990; baseline -0.003 -12"><span class='ocrx_word' id='word_1_317' title='bbox 1943 1923 2000 1977; x_wconf 88' lang='lat' dir='ltr'><strong>in</strong></span> <span class='ocrx_word' id='word_1_318' title='bbox 2027 1922 2244 1978; x_wconf 89' lang='lat' dir='ltr'><strong>duabus</strong></span> <span class='ocrx_word' id='word_1_319' title='bbox 2267 1922 2484 1977; x_wconf 89' lang='lat' dir='ltr'><strong>naturis</strong></span> <span class='ocrx_word' id='word_1_320' title='bbox 2505 1921 2725 1976; x_wconf 87' lang='lat' dir='ltr'><strong>divisim</strong></span> <span class='ocrx_word' id='word_1_321' title='bbox 2745 1934 3016 1989; x_wconf 88' lang='lat' dir='ltr'><strong>usurpare</strong></span> <span class='ocrx_word' id='word_1_322' title='bbox 3041 1935 3054 1972; x_wconf 74' lang='grc' dir='ltr'>ε</span> <span class='ocrx_word' id='word_1_323' title='bbox 3079 1928 3142 1980; x_wconf 84' lang='lat' dir='ltr'><strong>et</strong></span> <span class='ocrx_word' id='word_1_324' title='bbox 3161 1918 3283 1974; x_wconf 82' lang='lat' dir='ltr'><strong>illas</strong></span> <span class='ocrx_word' id='word_1_325' title='bbox 3300 1918 3524 1990; x_wconf 86' lang='lat' dir='ltr'><strong>quidem</strong></span> 
     </span>
    </p>
   </div>
   <div class='ocr_carea' id='block_1_48' title="bbox 1943 2009 3524 2084">
    <p class='ocr_par' dir='ltr' id='par_1_48' title="bbox 1943 2009 3524 2084">
     <span class='ocr_line' id='line_1_48' title="bbox 1943 2009 3524 2084; baseline 0 -17"><span class='ocrx_word' id='word_1_326' title='bbox 1943 2014 2058 2068; x_wconf 92' lang='lat' dir='ltr'><strong>Deo</strong></span> <span class='ocrx_word' id='word_1_327' title='bbox 2113 2013 2310 2084; x_wconf 87' lang='lat' dir='ltr'><strong>dignas</strong></span> <span class='ocrx_word' id='word_1_328' title='bbox 2363 2012 2669 2068; x_wconf 87' lang='lat' dir='ltr'><strong>secundum</strong></span> <span class='ocrx_word' id='word_1_329' title='bbox 2715 2009 2923 2068; x_wconf 83' lang='lat' dir='ltr'><strong>Christi</strong></span> <span class='ocrx_word' id='word_1_330' title='bbox 2973 2010 3355 2078; x_wconf 82' lang='lat' dir='ltr'><strong>divinitatem;</strong></span> <span class='ocrx_word' id='word_1_331' title='bbox 3386 2010 3524 2067; x_wconf 86' lang='lat' dir='ltr'><strong>alias</strong></span> 
     </span>
    </p>
   </div>
   <div class='ocr_carea' id='block_1_49' title="bbox 1942 2100 3523 2159">
    <p class='ocr_par' dir='ltr' id='par_1_49' title="bbox 1942 2100 3523 2159">
     <span class='ocr_line' id='line_1_49' title="bbox 1942 2100 3523 2159; baseline -0.003 0"><span class='ocrx_word' id='word_1_332' title='bbox 1942 2118 2076 2159; x_wconf 82' lang='lat' dir='ltr'><strong>vero</strong></span> <span class='ocrx_word' id='word_1_333' title='bbox 2112 2105 2363 2159; x_wconf 87' lang='lat' dir='ltr'><strong>humiles.</strong></span> <span class='ocrx_word' id='word_1_334' title='bbox 2400 2102 2702 2159; x_wconf 85' lang='lat' dir='ltr'><strong>secundum</strong></span> <span class='ocrx_word' id='word_1_335' title='bbox 2757 2100 2907 2157; x_wconf 89' lang='lat' dir='ltr'><strong>illius</strong></span> <span class='ocrx_word' id='word_1_336' title='bbox 2954 2101 3356 2156; x_wconf 76' lang='lat' dir='ltr'><strong>humanitatem</strong></span> <span class='ocrx_word' id='word_1_337' title='bbox 3407 2107 3523 2155; x_wconf 85' lang='lat' dir='ltr'><strong>tra-</strong></span> 
     </span>
    </p>
   </div>
   <div class='ocr_carea' id='block_1_50' title="bbox 1945 2193 2114 2250">
    <p class='ocr_par' dir='ltr' id='par_1_50' title="bbox 1945 2193 2114 2250">
     <span class='ocr_line' id='line_1_50' title="bbox 1945 2193 2114 2250; baseline -0.012 0"><span class='ocrx_word' id='word_1_338' title='bbox 1945 2193 2114 2250; x_wconf 62' lang='lat' dir='ltr'><strong>dere-</strong></span> 
     </span>
    </p>
   </div>
   <div class='ocr_carea' id='block_1_51' title="bbox 2019 2283 3535 2357">
    <p class='ocr_par' dir='ltr' id='par_1_51' title="bbox 2019 2283 3535 2357">
     <span class='ocr_line' id='line_1_51' title="bbox 2019 2283 3535 2357; baseline -0.003 -15"><span class='ocrx_word' id='word_1_339' title='bbox 2019 2285 2159 2342; x_wconf 85' lang='lat' dir='ltr'><strong>Cum</strong></span> <span class='ocrx_word' id='word_1_340' title='bbox 2182 2287 2295 2342; x_wconf 83' lang='lat' dir='ltr'><strong>has.</strong></span> <span class='ocrx_word' id='word_1_341' title='bbox 2311 2301 2444 2357; x_wconf 83' lang='lat' dir='ltr'><strong>ergo</strong></span> <span class='ocrx_word' id='word_1_342' title='bbox 2469 2301 2655 2341; x_wconf 88' lang='lat' dir='ltr'><strong>sacras</strong></span> <span class='ocrx_word' id='word_1_343' title='bbox 2674 2293 2887 2340; x_wconf 87' lang='lat' dir='ltr'><strong>vestras</strong></span> <span class='ocrx_word' id='word_1_344' title='bbox 2912 2299 3077 2340; x_wconf 77' lang='lat' dir='ltr'><strong>voces</strong></span> <span class='ocrx_word' id='word_1_345' title='bbox 3104 2283 3446 2355; x_wconf 85' lang='lat' dir='ltr'><strong>legissemus,</strong></span> <span class='ocrx_word' id='word_1_346' title='bbox 3467 2291 3535 2341; x_wconf 75' lang='lat' dir='ltr'><strong>et</strong></span> 
     </span>
    </p>
   </div>
   <div class='ocr_carea' id='block_1_52' title="bbox 1945 2374 3525 2447">
    <p class='ocr_par' dir='ltr' id='par_1_52' title="bbox 1945 2374 3525 2447">
     <span class='ocr_line' id='line_1_52' title="bbox 1945 2374 3525 2447; baseline 0.001 -17"><span class='ocrx_word' id='word_1_347' title='bbox 1945 2391 2049 2432; x_wconf 90' lang='lat' dir='ltr'><strong>nos</strong></span> <span class='ocrx_word' id='word_1_348' title='bbox 2075 2376 2226 2446; x_wconf 90' lang='lat' dir='ltr'><strong>ipsos</strong></span> <span class='ocrx_word' id='word_1_349' title='bbox 2253 2390 2475 2447; x_wconf 90' lang='lat' dir='ltr'><strong>quoque</strong></span> <span class='ocrx_word' id='word_1_350' title='bbox 2514 2391 2627 2430; x_wconf 87' lang='lat' dir='ltr'><strong>non</strong></span> <span class='ocrx_word' id='word_1_351' title='bbox 2658 2375 2820 2430; x_wconf 87' lang='lat' dir='ltr'><strong>aliter</strong></span> <span class='ocrx_word' id='word_1_352' title='bbox 2857 2376 3062 2432; x_wconf 90' lang='lat' dir='ltr'><strong>sentire</strong></span> <span class='ocrx_word' id='word_1_353' title='bbox 3103 2374 3525 2432; x_wconf 79' lang='lat' dir='ltr'><strong>animadvertis-</strong></span> 
     </span>
    </p>
   </div>
   <div class='ocr_carea' id='block_1_53' title="bbox 1943 2466 3528 2538">
    <p class='ocr_par' dir='ltr' id='par_1_53' title="bbox 1943 2466 3528 2538">
     <span class='ocr_line' id='line_1_53' title="bbox 1943 2466 3528 2538; baseline -0.001 -14"><span class='ocrx_word' id='word_1_354' title='bbox 1943 2483 2131 2524; x_wconf 85' lang='lat' dir='ltr'><strong>semus</strong></span> <span class='ocrx_word' id='word_1_355' title='bbox 2165 2467 2227 2538; x_wconf 85' lang='grc' dir='ltr'><strong>(ι</strong></span> <span class='ocrx_word' id='word_1_356' title='bbox 2268 2484 2414 2523; x_wconf 88' lang='lat' dir='ltr'><strong>unus</strong></span> <span class='ocrx_word' id='word_1_357' title='bbox 2444 2474 2532 2522; x_wconf 89' lang='lat' dir='ltr'><strong>est</strong></span> <span class='ocrx_word' id='word_1_358' title='bbox 2580 2467 2729 2522; x_wconf 89' lang='lat' dir='ltr'><strong>enim</strong></span> <span class='ocrx_word' id='word_1_359' title='bbox 2779 2467 3066 2535; x_wconf 73' lang='lat' dir='ltr'><strong>Dominus,</strong></span> <span class='ocrx_word' id='word_1_360' title='bbox 3139 2483 3246 2522; x_wconf 87' lang='lat' dir='ltr'><strong>una</strong></span> <span class='ocrx_word' id='word_1_361' title='bbox 3292 2466 3428 2522; x_wconf 79' lang='lat' dir='ltr'><strong>ﬁdes</strong></span> <span class='ocrx_word' id='word_1_362' title='bbox 3469 2478 3528 2523; x_wconf 88' lang='lat' dir='ltr'><strong>et</strong></span> 
     </span>
    </p>
   </div>
   <div class='ocr_carea' id='block_1_54' title="bbox 1943 2557 3497 2630">
    <p class='ocr_par' dir='ltr' id='par_1_54' title="bbox 1943 2557 3497 2630">
     <span class='ocr_line' id='line_1_54' title="bbox 1943 2557 3497 2630; baseline 0.001 -17"><span class='ocrx_word' id='word_1_363' title='bbox 1943 2574 2118 2613; x_wconf 92' lang='lat' dir='ltr'><strong>unum</strong></span> <span class='ocrx_word' id='word_1_364' title='bbox 2148 2559 2419 2630; x_wconf 89' lang='lat' dir='ltr'><strong>baptisma</strong></span> <span class='ocrx_word' id='word_1_365' title='bbox 2443 2557 2533 2627; x_wconf 73' lang='grc'>⁸⁰);</span> <span class='ocrx_word' id='word_1_366' title='bbox 2556 2577 2574 2610; x_wconf 71' lang='grc' dir='ltr'><strong>ι</strong></span> <span class='ocrx_word' id='word_1_367' title='bbox 2603 2557 3028 2629; x_wconf 75' lang='lat' dir='ltr'><strong>gloriﬁcavimus</strong></span> <span class='ocrx_word' id='word_1_368' title='bbox 3051 2558 3299 2614; x_wconf 88' lang='lat' dir='ltr'><strong>omnium</strong></span> <span class='ocrx_word' id='word_1_369' title='bbox 3338 2557 3497 2614; x_wconf 85' lang='lat' dir='ltr'><strong>Salva</strong></span> 
     </span>
    </p>
   </div>
   <div class='ocr_carea' id='block_1_55' title="bbox 1943 2649 3524 2723">
    <p class='ocr_par' dir='ltr' id='par_1_55' title="bbox 1943 2649 3524 2723">
     <span class='ocr_line' id='line_1_55' title="bbox 1943 2649 3524 2723; baseline 0 -16"><span class='ocrx_word' id='word_1_370' title='bbox 1943 2661 2121 2708; x_wconf 90' lang='lat' dir='ltr'><strong>torem</strong></span> <span class='ocrx_word' id='word_1_371' title='bbox 2150 2652 2345 2716; x_wconf 90' lang='lat' dir='ltr'><strong>Deum,</strong></span> <span class='ocrx_word' id='word_1_372' title='bbox 2388 2650 2550 2705; x_wconf 90' lang='lat' dir='ltr'><strong>nobis</strong></span> <span class='ocrx_word' id='word_1_373' title='bbox 2596 2649 2830 2706; x_wconf 83' lang='lat' dir='ltr'><strong>invicem</strong></span> <span class='ocrx_word' id='word_1_374' title='bbox 2875 2651 3343 2722; x_wconf 85' lang='lat' dir='ltr'><strong>congratulantes,</strong></span> <span class='ocrx_word' id='word_1_375' title='bbox 3375 2651 3524 2723; x_wconf 90' lang='lat' dir='ltr'><strong>quod</strong></span> 
     </span>
    </p>
   </div>
   <div class='ocr_carea' id='block_1_56' title="bbox 1944 2741 3528 2813">
    <p class='ocr_par' dir='ltr' id='par_1_56' title="bbox 1944 2741 3528 2813">
     <span class='ocr_line' id='line_1_56' title="bbox 1944 2741 3528 2813; baseline 0 -15"><span class='ocrx_word' id='word_1_376' title='bbox 1944 2751 2148 2799; x_wconf 72' lang='lat' dir='ltr'><strong>nostrae</strong></span> <span class='ocrx_word' id='word_1_377' title='bbox 2207 2751 2512 2813; x_wconf 67' lang='lat' dir='ltr'><strong>vestraeque</strong></span> <span class='ocrx_word' id='word_1_378' title='bbox 2548 2741 2808 2797; x_wconf 69' lang='lat' dir='ltr'><strong>Ecclesia:</strong></span> <span class='ocrx_word' id='word_1_379' title='bbox 2837 2741 3001 2796; x_wconf 80' lang='lat' dir='ltr'><strong>ﬁdem</strong></span> <span class='ocrx_word' id='word_1_380' title='bbox 3034 2741 3240 2799; x_wconf 85' lang='lat' dir='ltr'><strong>divinis</strong></span> <span class='ocrx_word' id='word_1_381' title='bbox 3273 2742 3528 2813; x_wconf 79' lang='lat' dir='ltr'><strong>Scriptu-</strong></span> 
     </span>
    </p>
   </div>
   <div class='ocr_carea' id='block_1_57' title="bbox 1945 2829 3530 2901">
    <p class='ocr_par' dir='ltr' id='par_1_57' title="bbox 1945 2829 3530 2901">
     <span class='ocr_line' id='line_1_57' title="bbox 1945 2829 3530 2901; baseline 0 -15"><span class='ocrx_word' id='word_1_382' title='bbox 1945 2832 2023 2887; x_wconf 91' lang='lat' dir='ltr'><strong>ris</strong></span> <span class='ocrx_word' id='word_1_383' title='bbox 2072 2840 2502 2901; x_wconf 89' lang='lat' dir='ltr'><strong>sanctorumque</strong></span> <span class='ocrx_word' id='word_1_384' title='bbox 2539 2831 2765 2885; x_wconf 88' lang='lat' dir='ltr'><strong>Patrum</strong></span> <span class='ocrx_word' id='word_1_385' title='bbox 2794 2829 3188 2886; x_wconf 86' lang='lat' dir='ltr'><strong>traditionibus</strong></span> <span class='ocrx_word' id='word_1_386' title='bbox 3215 2845 3530 2901; x_wconf 87' lang='lat' dir='ltr'><strong>congruen-</strong></span> 
     </span>
    </p>
   </div>
   <div class='ocr_carea' id='block_1_58' title="bbox 1943 2921 3534 2993">
    <p class='ocr_par' dir='ltr' id='par_1_58' title="bbox 1943 2921 3534 2993">
     <span class='ocr_line' id='line_1_58' title="bbox 1943 2921 3534 2993; baseline -0.001 -15"><span class='ocrx_word' id='word_1_387' title='bbox 1943 2933 2055 2979; x_wconf 92' lang='lat' dir='ltr'><strong>tem</strong></span> <span class='ocrx_word' id='word_1_388' title='bbox 2104 2923 2364 2980; x_wconf 84' lang='lat' dir='ltr'><strong>habeant.</strong></span> <span class='ocrx_word' id='word_1_389' title='bbox 2424 2921 2694 2990; x_wconf 86' lang='lat' dir='ltr'><strong>Quoniam</strong></span> <span class='ocrx_word' id='word_1_390' title='bbox 2770 2936 2906 2977; x_wconf 87' lang='lat' dir='ltr'><strong>vero</strong></span> <span class='ocrx_word' id='word_1_391' title='bbox 2955 2921 3198 2993; x_wconf 88' lang='lat' dir='ltr'><strong>comperi</strong></span> <span class='ocrx_word' id='word_1_392' title='bbox 3261 2921 3534 2992; x_wconf 86' lang='lat' dir='ltr'><strong>quosdam</strong></span> 
     </span>
    </p>
   </div>
   <div class='ocr_carea' id='block_1_59' title="bbox 1945 3015 3529 3088">
    <p class='ocr_par' dir='ltr' id='par_1_59' title="bbox 1945 3015 3529 3088">
     <span class='ocr_line' id='line_1_59' title="bbox 1945 3015 3529 3088; baseline -0.002 -16"><span class='ocrx_word' id='word_1_393' title='bbox 1945 3032 2014 3073; x_wconf 82' lang='lat' dir='ltr'><strong>ex</strong></span> <span class='ocrx_word' id='word_1_394' title='bbox 2043 3018 2132 3082; x_wconf 90' lang='lat' dir='ltr'><strong>iis,</strong></span> <span class='ocrx_word' id='word_1_395' title='bbox 2159 3018 2364 3088; x_wconf 89' lang='lat' dir='ltr'><strong>quibus</strong></span> <span class='ocrx_word' id='word_1_396' title='bbox 2399 3017 2645 3072; x_wconf 87' lang='lat' dir='ltr'><strong>cavillari</strong></span> <span class='ocrx_word' id='word_1_397' title='bbox 2696 3030 2818 3071; x_wconf 92' lang='lat' dir='ltr'><strong>mos</strong></span> <span class='ocrx_word' id='word_1_398' title='bbox 2869 3023 2974 3081; x_wconf 89' lang='lat' dir='ltr'><strong>est,</strong></span> <span class='ocrx_word' id='word_1_399' title='bbox 3031 3015 3205 3070; x_wconf 89' lang='lat' dir='ltr'><strong>instar</strong></span> <span class='ocrx_word' id='word_1_400' title='bbox 3229 3016 3529 3085; x_wconf 86' lang='lat' dir='ltr'><strong>agrestium</strong></span> 
     </span>
    </p>
   </div>
   <div class='ocr_carea' id='block_1_60' title="bbox 261 3101 1846 3192">
    <p class='ocr_par' dir='ltr' id='par_1_60' title="bbox 261 3101 1840 3181">
     <span class='ocr_line' id='line_1_60' title="bbox 261 3101 1840 3181; baseline 0.007 -27"><span class='ocrx_word' id='word_1_401' title='bbox 261 3101 590 3174; x_wconf 79' lang='grc' dir='ltr'><strong>ἐρεύγεσθαι</strong></span> <span class='ocrx_word' id='word_1_402' title='bbox 630 3105 748 3156; x_wconf 83' lang='grc' dir='ltr'><strong>κατ’</strong></span> <span class='ocrx_word' id='word_1_403' title='bbox 770 3103 906 3173; x_wconf 87' lang='grc' dir='ltr'><strong>ἐμοῦ</strong></span> <span class='ocrx_word' id='word_1_404' title='bbox 931 3104 1141 3174; x_wconf 81' lang='grc' dir='ltr'><strong>λόγους,</strong></span> <span class='ocrx_word' id='word_1_405' title='bbox 1162 3106 1238 3171; x_wconf 84' lang='grc' dir='ltr'><strong>ὼς</strong></span> <span class='ocrx_word' id='word_1_406' title='bbox 1264 3108 1322 3175; x_wconf 82' lang='grc' dir='ltr'><strong>ἐξ</strong></span> <span class='ocrx_word' id='word_1_407' title='bbox 1354 3109 1584 3181; x_wconf 89' lang='grc' dir='ltr'><strong>ούρανοῦ</strong></span> <span class='ocrx_word' id='word_1_408' title='bbox 1606 3128 1840 3166; x_wconf 81' lang='grc' dir='ltr'><strong>κατακο·</strong></span> 
     </span>
    </p>
   </div>
   <div class='ocr_carea' id='block_1_61' title="bbox 1946 3101 3530 3192">
    <p class='ocr_par' dir='ltr' id='par_1_61' title="bbox 1949 3107 3530 3179">
     <span class='ocr_line' id='line_1_61' title="bbox 1949 3107 3530 3179; baseline -0.003 -16"><span class='ocrx_word' id='word_1_409' title='bbox 1949 3124 2246 3179; x_wconf 88' lang='lat' dir='ltr'><strong>vesparum</strong></span> <span class='ocrx_word' id='word_1_410' title='bbox 2285 3109 2783 3179; x_wconf 65' lang='lat' dir='ltr'><strong>circumstrepere,</strong></span> <span class='ocrx_word' id='word_1_411' title='bbox 2812 3107 3207 3177; x_wconf 88' lang='lat' dir='ltr'><strong>improbosque</strong></span> <span class='ocrx_word' id='word_1_412' title='bbox 3246 3120 3530 3161; x_wconf 90' lang='lat' dir='ltr'><strong>sermones</strong></span> 
     </span>
    </p>
   </div>
   <div class='ocr_carea' id='block_1_62' title="bbox 266 3193 1848 3272">
    <p class='ocr_par' dir='ltr' id='par_1_62' title="bbox 266 3193 1848 3272">
     <span class='ocr_line' id='line_1_62' title="bbox 266 3193 1848 3272; baseline 0.008 -26"><span class='ocrx_word' id='word_1_413' title='bbox 266 3193 489 3264; x_wconf 80' lang='grc' dir='ltr'><strong>μισθὲν,</strong></span> <span class='ocrx_word' id='word_1_414' title='bbox 523 3194 620 3247; x_wconf 68' lang='grc' dir='ltr'><strong>καὶ</strong></span> <span class='ocrx_word' id='word_1_415' title='bbox 657 3196 757 3249; x_wconf 87' lang='grc' dir='ltr'><strong>ούκ</strong></span> <span class='ocrx_word' id='word_1_416' title='bbox 787 3197 852 3250; x_wconf 80' lang='grc' dir='ltr'><strong>ἐκ</strong></span> <span class='ocrx_word' id='word_1_417' title='bbox 886 3196 986 3264; x_wconf 81' lang='grc' dir='ltr'><strong>τῆς</strong></span> <span class='ocrx_word' id='word_1_418' title='bbox 1011 3197 1172 3265; x_wconf 84' lang='grc' dir='ltr'><strong>ἁγίας</strong></span> <span class='ocrx_word' id='word_1_419' title='bbox 1198 3199 1474 3271; x_wconf 83' lang='grc' dir='ltr'><strong>Παρθένου</strong></span> <span class='ocrx_word' id='word_1_420' title='bbox 1505 3201 1755 3272; x_wconf 86' lang='grc' dir='ltr'><strong>λέγοντος</strong></span> <span class='ocrx_word' id='word_1_421' title='bbox 1787 3204 1848 3258; x_wconf 75' lang='grc' dir='ltr'><strong>τὸ</strong></span> 
     </span>
    </p>
   </div>
   <div class='ocr_carea' id='block_1_63' title="bbox 264 3287 1846 3367">
    <p class='ocr_par' dir='ltr' id='par_1_63' title="bbox 264 3287 1846 3367">
     <span class='ocr_line' id='line_1_63' title="bbox 264 3287 1846 3367; baseline 0.006 -26"><span class='ocrx_word' id='word_1_422' title='bbox 264 3287 418 3356; x_wconf 71' lang='grc' dir='ltr'><strong>ἄτιον</strong></span> <span class='ocrx_word' id='word_1_423' title='bbox 456 3287 617 3357; x_wconf 82' lang='grc' dir='ltr'><strong>σῶμα</strong></span> <span class='ocrx_word' id='word_1_424' title='bbox 655 3288 920 3362; x_wconf 79' lang='grc' dir='ltr'><strong>Χριστοῦ,</strong></span> <span class='ocrx_word' id='word_1_425' title='bbox 951 3290 1060 3344; x_wconf 85' lang='grc' dir='ltr'><strong>δεῖν</strong></span> <span class='ocrx_word' id='word_1_426' title='bbox 1088 3290 1273 3363; x_wconf 80' lang='grc' dir='ltr'><strong>ᾠήθην</strong></span> <span class='ocrx_word' id='word_1_427' title='bbox 1306 3292 1460 3362; x_wconf 85' lang='grc' dir='ltr'><strong>ὀλίγα</strong></span> <span class='ocrx_word' id='word_1_428' title='bbox 1500 3297 1631 3367; x_wconf 80' lang='grc' dir='ltr'><strong>περὶ</strong></span> <span class='ocrx_word' id='word_1_429' title='bbox 1655 3297 1846 3350; x_wconf 90' lang='grc' dir='ltr'><strong>τούτου</strong></span> 
     </span>
    </p>
   </div>
   <div class='ocr_carea' id='block_1_64' title="bbox 263 3376 1849 3456">
    <p class='ocr_par' dir='ltr' id='par_1_64' title="bbox 263 3376 1849 3456">
     <span class='ocr_line' id='line_1_64' title="bbox 263 3376 1849 3456; baseline 0.009 -26"><span class='ocrx_word' id='word_1_430' title='bbox 263 3378 403 3450; x_wconf 75' lang='grc' dir='ltr'><strong>πρὸς</strong></span> <span class='ocrx_word' id='word_1_431' title='bbox 432 3378 636 3442; x_wconf 76' lang='grc' dir='ltr'><strong>αὐτοὺς</strong></span> <span class='ocrx_word' id='word_1_432' title='bbox 657 3381 853 3434; x_wconf 86' lang='grc' dir='ltr'><strong>είπεῖν.</strong></span> <span class='ocrx_word' id='word_1_433' title='bbox 881 3376 953 3434; x_wconf 79' lang='grc' dir='ltr'><strong><em>Ὦ</em></strong></span> <span class='ocrx_word' id='word_1_434' title='bbox 979 3382 1218 3453; x_wconf 84' lang='grc' dir='ltr'><strong>ἀνόητοι,</strong></span> <span class='ocrx_word' id='word_1_435' title='bbox 1252 3385 1346 3438; x_wconf 81' lang='grc' dir='ltr'><strong>καὶ</strong></span> <span class='ocrx_word' id='word_1_436' title='bbox 1369 3386 1530 3456; x_wconf 86' lang='grc' dir='ltr'><strong>μόνον</strong></span> <span class='ocrx_word' id='word_1_437' title='bbox 1555 3388 1756 3453; x_wconf 80' lang='grc' dir='ltr'><strong>ειδότες</strong></span> <span class='ocrx_word' id='word_1_438' title='bbox 1787 3390 1849 3444; x_wconf 80' lang='grc' dir='ltr'><strong>τὸ</strong></span> 
     </span>
    </p>
   </div>
   <div class='ocr_carea' id='block_1_65' title="bbox 265 3471 1846 3549">
    <p class='ocr_par' dir='ltr' id='par_1_65' title="bbox 265 3471 1846 3549">
     <span class='ocr_line' id='line_1_65' title="bbox 265 3471 1846 3549; baseline 0.008 -28"><span class='ocrx_word' id='word_1_439' title='bbox 265 3472 644 3538; x_wconf 77' lang='grc' dir='ltr'><strong>συκοφαντεῖν,</strong></span> <span class='ocrx_word' id='word_1_440' title='bbox 693 3471 815 3535; x_wconf 85' lang='grc' dir='ltr'><strong>πῶς</strong></span> <span class='ocrx_word' id='word_1_441' title='bbox 852 3473 933 3535; x_wconf 82' lang='grc' dir='ltr'><strong>είς</strong></span> <span class='ocrx_word' id='word_1_442' title='bbox 975 3471 1134 3527; x_wconf 89' lang='grc' dir='ltr'><strong>τοῦτο</strong></span> <span class='ocrx_word' id='word_1_443' title='bbox 1180 3476 1560 3547; x_wconf 81' lang='grc' dir='ltr'><strong>παρηνέχθητε</strong></span> <span class='ocrx_word' id='word_1_444' title='bbox 1599 3477 1846 3549; x_wconf 82' lang='grc' dir='ltr'><strong>γνώμης,</strong></span> 
     </span>
    </p>
   </div>
   <div class='ocr_carea' id='block_1_66' title="bbox 263 3558 1850 3642">
    <p class='ocr_par' dir='ltr' id='par_1_66' title="bbox 263 3558 1850 3642">
     <span class='ocr_line' id='line_1_66' title="bbox 263 3558 1850 3642; baseline 0.009 -31"><span class='ocrx_word' id='word_1_445' title='bbox 263 3559 357 3612; x_wconf 76' lang='grc' dir='ltr'><strong>καὶ</strong></span> <span class='ocrx_word' id='word_1_446' title='bbox 403 3558 674 3630; x_wconf 75' lang='grc' dir='ltr'><strong>τοσαύτην</strong></span> <span class='ocrx_word' id='word_1_447' title='bbox 712 3561 1041 3632; x_wconf 83' lang='grc' dir='ltr'><strong>νενοσήκατε</strong></span> <span class='ocrx_word' id='word_1_448' title='bbox 1083 3561 1182 3634; x_wconf 81' lang='grc' dir='ltr'><strong>τὴν</strong></span> <span class='ocrx_word' id='word_1_449' title='bbox 1232 3565 1479 3637; x_wconf 88' lang='grc' dir='ltr'><strong>μωρίαν;</strong></span> <span class='ocrx_word' id='word_1_450' title='bbox 1531 3568 1682 3622; x_wconf 76' lang='grc' dir='ltr'><strong>Ἔδει</strong></span> <span class='ocrx_word' id='word_1_451' title='bbox 1716 3571 1850 3642; x_wconf 85' lang='grc' dir='ltr'><strong>γὰρ,</strong></span> 
     </span>
    </p>
   </div>
   <div class='ocr_carea' id='block_1_67' title="bbox 263 3650 1849 3732">
    <p class='ocr_par' dir='ltr' id='par_1_67' title="bbox 263 3650 1849 3732">
     <span class='ocr_line' id='line_1_67' title="bbox 263 3650 1849 3732; baseline 0.006 -27"><span class='ocrx_word' id='word_1_452' title='bbox 263 3651 368 3705; x_wconf 71' lang='grc' dir='ltr'><strong>εδει</strong></span> <span class='ocrx_word' id='word_1_453' title='bbox 409 3650 598 3720; x_wconf 77' lang='grc' dir='ltr'><strong>σαφῶς</strong></span> <span class='ocrx_word' id='word_1_454' title='bbox 621 3654 840 3715; x_wconf 85' lang='grc' dir='ltr'><strong>ἐννοεῖν,</strong></span> <span class='ocrx_word' id='word_1_455' title='bbox 868 3653 952 3707; x_wconf 89' lang='grc' dir='ltr'><strong>δτι</strong></span> <span class='ocrx_word' id='word_1_456' title='bbox 992 3653 1179 3724; x_wconf 77' lang='grc' dir='ltr'><strong>σχεδὸν</strong></span> <span class='ocrx_word' id='word_1_457' title='bbox 1212 3656 1361 3720; x_wconf 76' lang='grc' dir='ltr'><strong>ἄπας</strong></span> <span class='ocrx_word' id='word_1_458' title='bbox 1389 3658 1520 3727; x_wconf 79' lang='grc' dir='ltr'><strong>ἡμῖν</strong></span> <span class='ocrx_word' id='word_1_459' title='bbox 1546 3660 1573 3712; x_wconf 84' lang='grc' dir='ltr'><strong>δ</strong></span> <span class='ocrx_word' id='word_1_460' title='bbox 1597 3661 1724 3732; x_wconf 74' lang='grc' dir='ltr'><strong>περὶ</strong></span> <span class='ocrx_word' id='word_1_461' title='bbox 1750 3663 1849 3732; x_wconf 80' lang='grc' dir='ltr'><strong>τῆς</strong></span> 
     </span>
    </p>
   </div>
   <div class='ocr_carea' id='block_1_68' title="bbox 265 3736 1844 3816">
    <p class='ocr_par' dir='ltr' id='par_1_68' title="bbox 265 3736 1844 3816">
     <span class='ocr_line' id='line_1_68' title="bbox 265 3736 1844 3816; baseline 0.009 -26"><span class='ocrx_word' id='word_1_462' title='bbox 265 3736 507 3800; x_wconf 80' lang='grc' dir='ltr'><strong>πίστεως</strong></span> <span class='ocrx_word' id='word_1_463' title='bbox 547 3738 696 3805; x_wconf 84' lang='grc' dir='ltr'><strong>ἀγὼν</strong></span> <span class='ocrx_word' id='word_1_464' title='bbox 729 3739 1188 3812; x_wconf 85' lang='grc' dir='ltr'><strong>συγκεκρότηται,</strong></span> <span class='ocrx_word' id='word_1_465' title='bbox 1213 3742 1717 3816; x_wconf 78' lang='grc' dir='ltr'><strong>διαδεδαιουμένοις</strong></span> <span class='ocrx_word' id='word_1_466' title='bbox 1762 3750 1844 3804; x_wconf 84' lang='grc' dir='ltr'><strong>ὅτι</strong></span> 
     </span>
    </p>
   </div>
   <div class='ocr_carea' id='block_1_69' title="bbox 266 3826 1850 3911">
    <p class='ocr_par' dir='ltr' id='par_1_69' title="bbox 266 3826 1850 3911">
     <span class='ocr_line' id='line_1_69' title="bbox 266 3826 1850 3911; baseline 0.01 -31"><span class='ocrx_word' id='word_1_467' title='bbox 266 3826 530 3892; x_wconf 83' lang='grc' dir='ltr'><strong>Θεοτόκος</strong></span> <span class='ocrx_word' id='word_1_468' title='bbox 560 3829 706 3881; x_wconf 66' lang='grc' dir='ltr'><strong>ἐστὶν</strong></span> <span class='ocrx_word' id='word_1_469' title='bbox 729 3831 764 3901; x_wconf 77' lang='grc' dir='ltr'>ἠ</span> <span class='ocrx_word' id='word_1_470' title='bbox 797 3830 928 3899; x_wconf 79' lang='grc' dir='ltr'><strong>ἁγία</strong></span> <span class='ocrx_word' id='word_1_471' title='bbox 963 3831 1261 3902; x_wconf 88' lang='grc' dir='ltr'><strong>Παρθένος.</strong></span> <span class='ocrx_word' id='word_1_472' title='bbox 1305 3836 1448 3890; x_wconf 79' lang='grc' dir='ltr'><strong>Ἀλλ’</strong></span> <span class='ocrx_word' id='word_1_473' title='bbox 1477 3839 1636 3911; x_wconf 84' lang='grc' dir='ltr'><strong>εῖπερ</strong></span> <span class='ocrx_word' id='word_1_474' title='bbox 1673 3842 1732 3907; x_wconf 80' lang='grc' dir='ltr'><strong>ἐξ</strong></span> <span class='ocrx_word' id='word_1_475' title='bbox 1760 3844 1850 3896; x_wconf 89' lang='grc' dir='ltr'><strong>ού-</strong></span> 
     </span>
    </p>
   </div>
   <div class='ocr_carea' id='block_1_70' title="bbox 269 3918 1851 4003">
    <p class='ocr_par' dir='ltr' id='par_1_70' title="bbox 269 3918 1851 4003">
     <span class='ocr_line' id='line_1_70' title="bbox 269 3918 1851 4003; baseline 0.009 -32"><span class='ocrx_word' id='word_1_476' title='bbox 269 3918 455 3990; x_wconf 89' lang='grc' dir='ltr'><strong>ρανοῦ,</strong></span> <span class='ocrx_word' id='word_1_477' title='bbox 484 3919 579 3972; x_wconf 81' lang='grc' dir='ltr'><strong>καὶ</strong></span> <span class='ocrx_word' id='word_1_478' title='bbox 608 3919 709 3973; x_wconf 81' lang='grc' dir='ltr'><strong>οὐκ</strong></span> <span class='ocrx_word' id='word_1_479' title='bbox 743 3921 801 3988; x_wconf 80' lang='grc' dir='ltr'><strong>ἐξ</strong></span> <span class='ocrx_word' id='word_1_480' title='bbox 829 3923 1001 3993; x_wconf 72' lang='grc' dir='ltr'><strong>αὐτῆς</strong></span> <span class='ocrx_word' id='word_1_481' title='bbox 1026 3922 1086 3975; x_wconf 77' lang='grc' dir='ltr'><strong>τὸ</strong></span> <span class='ocrx_word' id='word_1_482' title='bbox 1124 3922 1280 3992; x_wconf 74' lang='grc' dir='ltr'><strong>ἅγιον</strong></span> <span class='ocrx_word' id='word_1_483' title='bbox 1311 3927 1472 3997; x_wconf 86' lang='grc' dir='ltr'><strong>σῶμα</strong></span> <span class='ocrx_word' id='word_1_484' title='bbox 1524 3932 1851 4003; x_wconf 83' lang='grc' dir='ltr'><strong>γεγενῆσθαί</strong></span> 
     </span>
    </p>
   </div>
   <div class='ocr_carea' id='block_1_71' title="bbox 269 4011 1850 4090">
    <p class='ocr_par' dir='ltr' id='par_1_71' title="bbox 269 4011 1850 4090">
     <span class='ocr_line' id='line_1_71' title="bbox 269 4011 1850 4090; baseline 0.01 -27"><span class='ocrx_word' id='word_1_485' title='bbox 269 4028 450 4081; x_wconf 82' lang='grc' dir='ltr'><strong>φαμεν</strong></span> <span class='ocrx_word' id='word_1_486' title='bbox 476 4011 574 4065; x_wconf 88' lang='grc' dir='ltr'><strong>τοῦ</strong></span> <span class='ocrx_word' id='word_1_487' title='bbox 608 4013 827 4067; x_wconf 81' lang='grc' dir='ltr'><strong>πάντων</strong></span> <span class='ocrx_word' id='word_1_488' title='bbox 857 4014 1016 4086; x_wconf 77' lang='grc' dir='ltr'><strong>ἡμῶν</strong></span> <span class='ocrx_word' id='word_1_489' title='bbox 1060 4017 1314 4088; x_wconf 83' lang='grc' dir='ltr'><strong>Σωτῆρος</strong></span> <span class='ocrx_word' id='word_1_490' title='bbox 1340 4019 1604 4090; x_wconf 80' lang='grc' dir='ltr'><strong>Χριστοῦ,</strong></span> <span class='ocrx_word' id='word_1_491' title='bbox 1638 4023 1756 4088; x_wconf 80' lang='grc' dir='ltr'><strong>πῶς</strong></span> <span class='ocrx_word' id='word_1_492' title='bbox 1784 4024 1850 4079; x_wconf 78' lang='grc' dir='ltr'><strong>ἂν</strong></span> 
     </span>
    </p>
   </div>
   <div class='ocr_carea' id='block_1_72' title="bbox 267 4102 1848 4186">
    <p class='ocr_par' dir='ltr' id='par_1_72' title="bbox 267 4102 1848 4186">
     <span class='ocr_line' id='line_1_72' title="bbox 267 4102 1848 4186; baseline 0.009 -30"><span class='ocrx_word' id='word_1_493' title='bbox 267 4103 346 4156; x_wconf 79' lang='grc' dir='ltr'><strong>ἐτι</strong></span> <span class='ocrx_word' id='word_1_494' title='bbox 379 4106 555 4158; x_wconf 86' lang='grc' dir='ltr'><strong>νοοῖτο</strong></span> <span class='ocrx_word' id='word_1_495' title='bbox 599 4102 892 4171; x_wconf 72' lang='grc' dir='ltr'><strong>Θεοτόκοςς</strong></span> <span class='ocrx_word' id='word_1_496' title='bbox 923 4106 1057 4160; x_wconf 88' lang='grc' dir='ltr'><strong>Τίνα</strong></span> <span class='ocrx_word' id='word_1_497' title='bbox 1103 4106 1216 4179; x_wconf 86' lang='grc' dir='ltr'><strong>γὰρ</strong></span> <span class='ocrx_word' id='word_1_498' title='bbox 1244 4109 1383 4174; x_wconf 82' lang='grc' dir='ltr'><strong>ὅλως</strong></span> <span class='ocrx_word' id='word_1_499' title='bbox 1423 4111 1665 4178; x_wconf 75' lang='grc' dir='ltr'><strong>τέτοκεν,</strong></span> <span class='ocrx_word' id='word_1_500' title='bbox 1692 4117 1741 4169; x_wconf 91' lang='grc' dir='ltr'><strong>εί</strong></span> <span class='ocrx_word' id='word_1_501' title='bbox 1773 4118 1848 4186; x_wconf 78' lang='grc' dir='ltr'><strong>μή</strong></span> 
     </span>
    </p>
   </div>
   <div class='ocr_carea' id='block_1_73' title="bbox 266 4194 1849 4278">
    <p class='ocr_par' dir='ltr' id='par_1_73' title="bbox 266 4194 1849 4278">
     <span class='ocr_line' id='line_1_73' title="bbox 266 4194 1849 4278; baseline 0.008 -30"><span class='ocrx_word' id='word_1_502' title='bbox 266 4197 414 4248; x_wconf 76' lang='grc' dir='ltr'><strong>ἐστιν</strong></span> <span class='ocrx_word' id='word_1_503' title='bbox 451 4194 675 4266; x_wconf 77' lang='grc' dir='ltr'><strong>ἀληθὲς,</strong></span> <span class='ocrx_word' id='word_1_504' title='bbox 716 4198 798 4251; x_wconf 85' lang='grc' dir='ltr'><strong>ὅτι</strong></span> <span class='ocrx_word' id='word_1_505' title='bbox 849 4197 1148 4268; x_wconf 77' lang='grc' dir='ltr'><strong>γεγέννηκε</strong></span> <span class='ocrx_word' id='word_1_506' title='bbox 1188 4201 1328 4256; x_wconf 80' lang='grc' dir='ltr'><strong>κατὰ</strong></span> <span class='ocrx_word' id='word_1_507' title='bbox 1359 4204 1541 4275; x_wconf 79' lang='grc' dir='ltr'><strong>σάρκα</strong></span> <span class='ocrx_word' id='word_1_508' title='bbox 1582 4205 1674 4260; x_wconf 82' lang='grc' dir='ltr'><strong>τὸν</strong></span> <span class='ocrx_word' id='word_1_509' title='bbox 1720 4208 1849 4278; x_wconf 88' lang='grc' dir='ltr'><strong>Ἐμ-</strong></span> 
     </span>
    </p>
   </div>
   <div class='ocr_carea' id='block_1_74' title="bbox 269 4287 1850 4370">
    <p class='ocr_par' dir='ltr' id='par_1_74' title="bbox 269 4287 1850 4370">
     <span class='ocr_line' id='line_1_74' title="bbox 269 4287 1850 4370; baseline 0.008 -31"><span class='ocrx_word' id='word_1_510' title='bbox 269 4288 546 4359; x_wconf 76' lang='grc' dir='ltr'><strong>μανουήλς</strong></span> <span class='ocrx_word' id='word_1_511' title='bbox 602 4287 960 4343; x_wconf 80' lang='grc' dir='ltr'><strong>Γελάσθωσαν</strong></span> <span class='ocrx_word' id='word_1_512' title='bbox 1009 4289 1188 4344; x_wconf 87' lang='grc' dir='ltr'><strong>τοίνυν</strong></span> <span class='ocrx_word' id='word_1_513' title='bbox 1241 4293 1292 4345; x_wconf 87' lang='grc' dir='ltr'><strong>οἱ</strong></span> <span class='ocrx_word' id='word_1_514' title='bbox 1337 4294 1510 4348; x_wconf 86' lang='grc' dir='ltr'><strong>ταῦτα</strong></span> <span class='ocrx_word' id='word_1_515' title='bbox 1558 4297 1685 4370; x_wconf 80' lang='grc' dir='ltr'><strong>περὶ</strong></span> <span class='ocrx_word' id='word_1_516' title='bbox 1713 4297 1850 4368; x_wconf 84' lang='grc' dir='ltr'><strong>ἐμοῦ</strong></span> 
     </span>
    </p>
   </div>
   <div class='ocr_carea' id='block_1_75' title="bbox 267 4379 1848 4460">
    <p class='ocr_par' dir='ltr' id='par_1_75' title="bbox 267 4379 1848 4460">
     <span class='ocr_line' id='line_1_75' title="bbox 267 4379 1848 4460; baseline 0.007 -28"><span class='ocrx_word' id='word_1_517' title='bbox 267 4380 738 4450; x_wconf 80' lang='grc' dir='ltr'><strong>πεφλυαρηκότες.</strong></span> <span class='ocrx_word' id='word_1_518' title='bbox 776 4381 852 4433; x_wconf 83' lang='grc' dir='ltr'><strong>Ού</strong></span> <span class='ocrx_word' id='word_1_519' title='bbox 881 4379 990 4452; x_wconf 81' lang='grc' dir='ltr'><strong>γὰρ</strong></span> <span class='ocrx_word' id='word_1_520' title='bbox 1025 4381 1278 4452; x_wconf 79' lang='grc' dir='ltr'><strong>ψεύδεται</strong></span> <span class='ocrx_word' id='word_1_521' title='bbox 1304 4384 1480 4453; x_wconf 83' lang='grc' dir='ltr'><strong>λέγων</strong></span> <span class='ocrx_word' id='word_1_522' title='bbox 1521 4387 1549 4439; x_wconf 84' lang='grc' dir='ltr'><strong>ὁ</strong></span> <span class='ocrx_word' id='word_1_523' title='bbox 1581 4389 1848 4460; x_wconf 79' lang='grc' dir='ltr'><strong>μακάριος</strong></span> 
     </span>
    </p>
   </div>
   <div class='ocr_carea' id='block_1_76' title="bbox 1949 3197 3531 3271">
    <p class='ocr_par' dir='ltr' id='par_1_76' title="bbox 1949 3197 3531 3271">
     <span class='ocr_line' id='line_1_76' title="bbox 1949 3197 3531 3271; baseline -0.003 -15"><span class='ocrx_word' id='word_1_524' title='bbox 1949 3210 2140 3256; x_wconf 89' lang='lat' dir='ltr'><strong>contra</strong></span> <span class='ocrx_word' id='word_1_525' title='bbox 2166 3215 2254 3256; x_wconf 90' lang='lat' dir='ltr'><strong>me</strong></span> <span class='ocrx_word' id='word_1_526' title='bbox 2279 3210 2554 3263; x_wconf 89' lang='lat' dir='ltr'><strong>eructare,</strong></span> <span class='ocrx_word' id='word_1_527' title='bbox 2578 3201 2736 3271; x_wconf 89' lang='lat' dir='ltr'><strong>quasi</strong></span> <span class='ocrx_word' id='word_1_528' title='bbox 2762 3199 3002 3254; x_wconf 90' lang='lat' dir='ltr'><strong>dicerem</strong></span> <span class='ocrx_word' id='word_1_529' title='bbox 3050 3208 3299 3254; x_wconf 87' lang='lat' dir='ltr'><strong>sanctum</strong></span> <span class='ocrx_word' id='word_1_530' title='bbox 3322 3197 3531 3254; x_wconf 82' lang='lat' dir='ltr'><strong>Christi</strong></span> 
     </span>
    </p>
   </div>
   <div class='ocr_carea' id='block_1_77' title="bbox 1950 3288 3528 3365">
    <p class='ocr_par' dir='ltr' id='par_1_77' title="bbox 1950 3288 3528 3365">
     <span class='ocr_line' id='line_1_77' title="bbox 1950 3288 3528 3365; baseline -0.003 -17"><span class='ocrx_word' id='word_1_531' title='bbox 1950 3309 2153 3365; x_wconf 87' lang='lat' dir='ltr'><strong>corpus</strong></span> <span class='ocrx_word' id='word_1_532' title='bbox 2181 3308 2293 3348; x_wconf 92' lang='lat' dir='ltr'><strong>non</strong></span> <span class='ocrx_word' id='word_1_533' title='bbox 2318 3309 2396 3348; x_wconf 70' lang='lat' dir='ltr'><strong>ex</strong></span> <span class='ocrx_word' id='word_1_534' title='bbox 2417 3301 2604 3348; x_wconf 90' lang='lat' dir='ltr'><strong>sancta</strong></span> <span class='ocrx_word' id='word_1_535' title='bbox 2626 3292 2850 3362; x_wconf 67' lang='lat' dir='ltr'><strong>Virgine</strong></span> <span class='ocrx_word' id='word_1_536' title='bbox 2877 3301 3178 3362; x_wconf 82' lang='lat' dir='ltr'><strong>sumptum,</strong></span> <span class='ocrx_word' id='word_1_537' title='bbox 3212 3291 3308 3346; x_wconf 91' lang='lat' dir='ltr'><strong>sed</strong></span> <span class='ocrx_word' id='word_1_538' title='bbox 3334 3306 3365 3346; x_wconf 88' lang='lat' dir='ltr'><strong>e</strong></span> <span class='ocrx_word' id='word_1_539' title='bbox 3388 3288 3528 3344; x_wconf 70' lang='lat' dir='ltr'><strong>caelo</strong></span> 
     </span>
    </p>
   </div>
   <div class='ocr_carea' id='block_1_78' title="bbox 1950 3381 3531 3454">
    <p class='ocr_par' dir='ltr' id='par_1_78' title="bbox 1950 3381 3531 3454">
     <span class='ocr_line' id='line_1_78' title="bbox 1950 3381 3531 3454; baseline -0.001 -15"><span class='ocrx_word' id='word_1_540' title='bbox 1950 3385 2198 3449; x_wconf 88' lang='lat' dir='ltr'><strong>allatum,</strong></span> <span class='ocrx_word' id='word_1_541' title='bbox 2227 3399 2351 3440; x_wconf 85' lang='lat' dir='ltr'><strong>esse</strong></span> <span class='ocrx_word' id='word_1_542' title='bbox 2381 3398 2562 3454; x_wconf 79' lang='lat' dir='ltr'><strong>opera:</strong></span> <span class='ocrx_word' id='word_1_543' title='bbox 2590 3383 2832 3452; x_wconf 90' lang='lat' dir='ltr'><strong>pretium</strong></span> <span class='ocrx_word' id='word_1_544' title='bbox 2872 3391 3026 3438; x_wconf 87' lang='lat' dir='ltr'><strong>ratus</strong></span> <span class='ocrx_word' id='word_1_545' title='bbox 3063 3397 3186 3438; x_wconf 88' lang='lat' dir='ltr'><strong>sum</strong></span> <span class='ocrx_word' id='word_1_546' title='bbox 3226 3397 3398 3452; x_wconf 88' lang='lat' dir='ltr'><strong>pauca</strong></span> <span class='ocrx_word' id='word_1_547' title='bbox 3426 3381 3531 3437; x_wconf 90' lang='lat' dir='ltr'><strong>hac</strong></span> 
     </span>
    </p>
   </div>
   <div class='ocr_carea' id='block_1_79' title="bbox 1950 3473 3528 3538">
    <p class='ocr_par' dir='ltr' id='par_1_79' title="bbox 1950 3473 3528 3538">
     <span class='ocr_line' id='line_1_79' title="bbox 1950 3473 3528 3538; baseline -0.003 -6"><span class='ocrx_word' id='word_1_548' title='bbox 1950 3477 2017 3532; x_wconf 89' lang='lat' dir='ltr'><strong>de</strong></span> <span class='ocrx_word' id='word_1_549' title='bbox 2049 3493 2108 3531; x_wconf 82' lang='lat' dir='ltr'><strong>re</strong></span> <span class='ocrx_word' id='word_1_550' title='bbox 2145 3484 2338 3532; x_wconf 89' lang='lat' dir='ltr'><strong>contra</strong></span> <span class='ocrx_word' id='word_1_551' title='bbox 2371 3476 2494 3530; x_wconf 89' lang='lat' dir='ltr'><strong>illos</strong></span> <span class='ocrx_word' id='word_1_552' title='bbox 2521 3475 2814 3530; x_wconf 89' lang='lat' dir='ltr'><strong>disserere.</strong></span> <span class='ocrx_word' id='word_1_553' title='bbox 2863 3473 2908 3530; x_wconf 93' lang='grc' dir='ltr'><strong>Ο</strong></span> <span class='ocrx_word' id='word_1_554' title='bbox 2953 3474 3156 3538; x_wconf 89' lang='lat' dir='ltr'><strong>stolidi,</strong></span> <span class='ocrx_word' id='word_1_555' title='bbox 3207 3481 3264 3529; x_wconf 89' lang='lat' dir='ltr'><strong>et</strong></span> <span class='ocrx_word' id='word_1_556' title='bbox 3314 3481 3528 3528; x_wconf 90' lang='lat' dir='ltr'><strong>tantum</strong></span> 
     </span>
    </p>
   </div>
   <div class='ocr_carea' id='block_1_80' title="bbox 1950 3561 3530 3636">
    <p class='ocr_par' dir='ltr' id='par_1_80' title="bbox 1950 3561 3530 3636">
     <span class='ocr_line' id='line_1_80' title="bbox 1950 3561 3530 3636; baseline -0.003 -13"><span class='ocrx_word' id='word_1_557' title='bbox 1950 3565 2324 3623; x_wconf 88' lang='lat' dir='ltr'><strong>calumniandi</strong></span> <span class='ocrx_word' id='word_1_558' title='bbox 2351 3565 2551 3636; x_wconf 88' lang='lat' dir='ltr'><strong>periti,</strong></span> <span class='ocrx_word' id='word_1_559' title='bbox 2581 3564 2862 3634; x_wconf 91' lang='lat' dir='ltr'><strong>quomodo</strong></span> <span class='ocrx_word' id='word_1_560' title='bbox 2894 3563 2948 3617; x_wconf 90' lang='lat' dir='ltr'><strong>in</strong></span> <span class='ocrx_word' id='word_1_561' title='bbox 2973 3564 3116 3619; x_wconf 85' lang='lat' dir='ltr'><strong>hanc</strong></span> <span class='ocrx_word' id='word_1_562' title='bbox 3150 3561 3371 3618; x_wconf 84' lang='lat' dir='ltr'><strong>abducti</strong></span> <span class='ocrx_word' id='word_1_563' title='bbox 3395 3561 3530 3618; x_wconf 88' lang='lat' dir='ltr'><strong>estis</strong></span> 
     </span>
    </p>
   </div>
   <div class='ocr_carea' id='block_1_81' title="bbox 1949 3653 3529 3727">
    <p class='ocr_par' dir='ltr' id='par_1_81' title="bbox 1949 3653 3529 3727">
     <span class='ocr_line' id='line_1_81' title="bbox 1949 3653 3529 3727; baseline -0.004 -13"><span class='ocrx_word' id='word_1_564' title='bbox 1949 3658 2314 3714; x_wconf 81' lang='lat' dir='ltr'><strong>sententiam?</strong></span> <span class='ocrx_word' id='word_1_565' title='bbox 2329 3657 2619 3727; x_wconf 81' lang='lat' dir='ltr'><strong>quomodo</strong></span> <span class='ocrx_word' id='word_1_566' title='bbox 2642 3659 2700 3713; x_wconf 87' lang='lat' dir='ltr'><strong>in</strong></span> <span class='ocrx_word' id='word_1_567' title='bbox 2736 3665 2900 3712; x_wconf 78' lang='lat' dir='ltr'><strong>tanta:</strong></span> <span class='ocrx_word' id='word_1_568' title='bbox 2923 3655 3250 3725; x_wconf 71' lang='lat' dir='ltr'><strong>insipientia:</strong></span> <span class='ocrx_word' id='word_1_569' title='bbox 3271 3653 3529 3709; x_wconf 88' lang='lat' dir='ltr'><strong>morbum</strong></span> 
     </span>
    </p>
   </div>
   <div class='ocr_carea' id='block_1_82' title="bbox 1951 3743 3527 3818">
    <p class='ocr_par' dir='ltr' id='par_1_82' title="bbox 1951 3743 3527 3818">
     <span class='ocr_line' id='line_1_82' title="bbox 1951 3743 3527 3818; baseline -0.003 -15"><span class='ocrx_word' id='word_1_570' title='bbox 1951 3747 2264 3803; x_wconf 84' lang='lat' dir='ltr'><strong>incidistis?</strong></span> <span class='ocrx_word' id='word_1_571' title='bbox 2289 3747 2603 3818; x_wconf 80' lang='lat' dir='ltr'><strong>Intelligere</strong></span> <span class='ocrx_word' id='word_1_572' title='bbox 2641 3761 2878 3816; x_wconf 83' lang='lat' dir='ltr'><strong>namque</strong></span> <span class='ocrx_word' id='word_1_573' title='bbox 2917 3746 3079 3815; x_wconf 85' lang='lat' dir='ltr'><strong>plane</strong></span> <span class='ocrx_word' id='word_1_574' title='bbox 3108 3744 3351 3816; x_wconf 85' lang='lat' dir='ltr'><strong>oportuit</strong></span> <span class='ocrx_word' id='word_1_575' title='bbox 3398 3743 3527 3798; x_wconf 93' lang='lat' dir='ltr'><strong>uni-</strong></span> 
     </span>
    </p>
   </div>
   <div class='ocr_carea' id='block_1_83' title="bbox 1949 3836 3527 3908">
    <p class='ocr_par' dir='ltr' id='par_1_83' title="bbox 1949 3836 3527 3908">
     <span class='ocr_line' id='line_1_83' title="bbox 1949 3836 3527 3908; baseline -0.001 -14"><span class='ocrx_word' id='word_1_576' title='bbox 1949 3855 2172 3894; x_wconf 83' lang='lat' dir='ltr'><strong>versum</strong></span> <span class='ocrx_word' id='word_1_577' title='bbox 2203 3839 2319 3893; x_wconf 83' lang='lat' dir='ltr'><strong>fere</strong></span> <span class='ocrx_word' id='word_1_578' title='bbox 2351 3847 2631 3893; x_wconf 85' lang='lat' dir='ltr'><strong>certamen</strong></span> <span class='ocrx_word' id='word_1_579' title='bbox 2655 3853 2757 3908; x_wconf 90' lang='lat' dir='ltr'><strong>pro</strong></span> <span class='ocrx_word' id='word_1_580' title='bbox 2784 3837 2890 3893; x_wconf 79' lang='lat' dir='ltr'><strong>ﬁde</strong></span> <span class='ocrx_word' id='word_1_581' title='bbox 2927 3853 2967 3892; x_wconf 89' lang='lat' dir='ltr'><strong>a-</strong></span> <span class='ocrx_word' id='word_1_582' title='bbox 2994 3836 3156 3892; x_wconf 88' lang='lat' dir='ltr'><strong>nobis</strong></span> <span class='ocrx_word' id='word_1_583' title='bbox 3187 3852 3307 3892; x_wconf 88' lang='lat' dir='ltr'><strong>esse</strong></span> <span class='ocrx_word' id='word_1_584' title='bbox 3337 3851 3527 3892; x_wconf 88' lang='lat' dir='ltr'><strong>susce-</strong></span> 
     </span>
    </p>
   </div>
   <div class='ocr_carea' id='block_1_84' title="bbox 1951 3927 3530 4002">
    <p class='ocr_par' dir='ltr' id='par_1_84' title="bbox 1951 3927 3530 4002">
     <span class='ocr_line' id='line_1_84' title="bbox 1951 3927 3530 4002; baseline -0.001 -17"><span class='ocrx_word' id='word_1_585' title='bbox 1951 3939 2130 4002; x_wconf 90' lang='lat' dir='ltr'><strong>ptum,</strong></span> <span class='ocrx_word' id='word_1_586' title='bbox 2165 3928 2314 4000; x_wconf 89' lang='lat' dir='ltr'><strong>quod</strong></span> <span class='ocrx_word' id='word_1_587' title='bbox 2336 3938 2582 3984; x_wconf 90' lang='lat' dir='ltr'><strong>sanctam</strong></span> <span class='ocrx_word' id='word_1_588' title='bbox 2609 3927 2891 3999; x_wconf 69' lang='lat' dir='ltr'><strong>Virginem</strong></span> <span class='ocrx_word' id='word_1_589' title='bbox 2921 3927 3016 3982; x_wconf 87' lang='lat' dir='ltr'><strong>Dei</strong></span> <span class='ocrx_word' id='word_1_590' title='bbox 3045 3927 3382 3982; x_wconf 86' lang='lat' dir='ltr'><strong>Genitricem</strong></span> <span class='ocrx_word' id='word_1_591' title='bbox 3407 3942 3530 3984; x_wconf 88' lang='lat' dir='ltr'><strong>esse</strong></span> 
     </span>
    </p>
   </div>
   <div class='ocr_carea' id='block_1_85' title="bbox 1951 4018 3528 4088">
    <p class='ocr_par' dir='ltr' id='par_1_85' title="bbox 1951 4018 3528 4088">
     <span class='ocr_line' id='line_1_85' title="bbox 1951 4018 3528 4088; baseline -0.003 -11"><span class='ocrx_word' id='word_1_592' title='bbox 1951 4029 2269 4077; x_wconf 88' lang='lat' dir='ltr'><strong>constanter</strong></span> <span class='ocrx_word' id='word_1_593' title='bbox 2302 4018 2740 4074; x_wconf 81' lang='lat' dir='ltr'><strong>aﬂirmamus.At</strong></span> <span class='ocrx_word' id='word_1_594' title='bbox 2762 4019 2808 4073; x_wconf 89' lang='lat' dir='ltr'><strong>si</strong></span> <span class='ocrx_word' id='word_1_595' title='bbox 2842 4026 3090 4073; x_wconf 89' lang='lat' dir='ltr'><strong>sanctum</strong></span> <span class='ocrx_word' id='word_1_596' title='bbox 3116 4032 3319 4088; x_wconf 89' lang='lat' dir='ltr'><strong>corpus</strong></span> <span class='ocrx_word' id='word_1_597' title='bbox 3355 4018 3528 4072; x_wconf 89' lang='lat' dir='ltr'><strong>nostri</strong></span> 
     </span>
    </p>
   </div>
   <div class='ocr_carea' id='block_1_86' title="bbox 1951 4109 3524 4179">
    <p class='ocr_par' dir='ltr' id='par_1_86' title="bbox 1951 4109 3524 4179">
     <span class='ocr_line' id='line_1_86' title="bbox 1951 4109 3524 4179; baseline -0.004 -11"><span class='ocrx_word' id='word_1_598' title='bbox 1951 4113 2195 4168; x_wconf 90' lang='lat' dir='ltr'><strong>omnium</strong></span> <span class='ocrx_word' id='word_1_599' title='bbox 2235 4111 2538 4166; x_wconf 85' lang='lat' dir='ltr'><strong>Salvatoris</strong></span> <span class='ocrx_word' id='word_1_600' title='bbox 2561 4109 2768 4165; x_wconf 88' lang='lat' dir='ltr'><strong>Christi</strong></span> <span class='ocrx_word' id='word_1_601' title='bbox 2815 4125 2927 4164; x_wconf 93' lang='lat' dir='ltr'><strong>non</strong></span> <span class='ocrx_word' id='word_1_602' title='bbox 2955 4125 3022 4163; x_wconf 78' lang='lat' dir='ltr'><strong>ex</strong></span> <span class='ocrx_word' id='word_1_603' title='bbox 3052 4109 3272 4179; x_wconf 79' lang='lat' dir='ltr'><strong>Virgine</strong></span> <span class='ocrx_word' id='word_1_604' title='bbox 3313 4117 3524 4173; x_wconf 88' lang='lat' dir='ltr'><strong>natum,</strong></span> 
     </span>
    </p>
   </div>
   <div class='ocr_carea' id='block_1_87' title="bbox 1955 4201 3526 4275">
    <p class='ocr_par' dir='ltr' id='par_1_87' title="bbox 1955 4201 3526 4275">
     <span class='ocr_line' id='line_1_87' title="bbox 1955 4201 3526 4275; baseline -0.004 -13"><span class='ocrx_word' id='word_1_605' title='bbox 1955 4206 2111 4275; x_wconf 82' lang='lat'><strong>107</strong></span> <span class='ocrx_word' id='word_1_606' title='bbox 2136 4205 2232 4259; x_wconf 89' lang='lat' dir='ltr'><strong>sed</strong></span> <span class='ocrx_word' id='word_1_607' title='bbox 2256 4221 2286 4259; x_wconf 90' lang='lat' dir='ltr'><strong>e</strong></span> <span class='ocrx_word' id='word_1_608' title='bbox 2312 4205 2454 4260; x_wconf 70' lang='lat' dir='ltr'><strong>ccelo</strong></span> <span class='ocrx_word' id='word_1_609' title='bbox 2471 4204 2694 4260; x_wconf 87' lang='lat' dir='ltr'><strong>allatum</strong></span> <span class='ocrx_word' id='word_1_610' title='bbox 2725 4203 3046 4268; x_wconf 88' lang='lat' dir='ltr'><strong>asserimus,</strong></span> <span class='ocrx_word' id='word_1_611' title='bbox 3073 4201 3349 4274; x_wconf 89' lang='lat' dir='ltr'><strong>quomodo</strong></span> <span class='ocrx_word' id='word_1_612' title='bbox 3378 4203 3526 4257; x_wconf 89' lang='lat' dir='ltr'><strong>illam</strong></span> 
     </span>
    </p>
   </div>
   <div class='ocr_carea' id='block_1_88' title="bbox 1949 4292 3527 4365">
    <p class='ocr_par' dir='ltr' id='par_1_88' title="bbox 1949 4292 3527 4365">
     <span class='ocr_line' id='line_1_88' title="bbox 1949 4292 3527 4365; baseline -0.003 -14"><span class='ocrx_word' id='word_1_613' title='bbox 1949 4296 2047 4351; x_wconf 88' lang='lat' dir='ltr'><strong>Dei</strong></span> <span class='ocrx_word' id='word_1_614' title='bbox 2059 4294 2393 4351; x_wconf 88' lang='lat' dir='ltr'><strong>Genitricem</strong></span> <span class='ocrx_word' id='word_1_615' title='bbox 2407 4309 2526 4349; x_wconf 89' lang='lat' dir='ltr'><strong>esse</strong></span> <span class='ocrx_word' id='word_1_616' title='bbox 2544 4294 2941 4365; x_wconf 84' lang='lat' dir='ltr'><strong>intelligemus?</strong></span> <span class='ocrx_word' id='word_1_617' title='bbox 2956 4292 3130 4359; x_wconf 85' lang='lat' dir='ltr'><strong>Quem</strong></span> <span class='ocrx_word' id='word_1_618' title='bbox 3146 4293 3292 4347; x_wconf 88' lang='lat' dir='ltr'><strong>enim</strong></span> <span class='ocrx_word' id='word_1_619' title='bbox 3308 4292 3527 4348; x_wconf 89' lang='lat' dir='ltr'><strong>tandem</strong></span> 
     </span>
    </p>
   </div>
   <div class='ocr_carea' id='block_1_89' title="bbox 1952 4385 3531 4458">
    <p class='ocr_par' dir='ltr' id='par_1_89' title="bbox 1952 4385 3531 4458">
     <span class='ocr_line' id='line_1_89' title="bbox 1952 4385 3531 4458; baseline -0.001 -16"><span class='ocrx_word' id='word_1_620' title='bbox 1952 4388 2043 4443; x_wconf 87' lang='lat' dir='ltr'><strong>illa</strong></span> <span class='ocrx_word' id='word_1_621' title='bbox 2073 4388 2310 4458; x_wconf 90' lang='lat' dir='ltr'><strong>peperit,</strong></span> <span class='ocrx_word' id='word_1_622' title='bbox 2330 4387 2375 4441; x_wconf 88' lang='lat' dir='ltr'><strong>si</strong></span> <span class='ocrx_word' id='word_1_623' title='bbox 2401 4385 3136 4442; x_wconf 87' lang='lat' dir='ltr'><strong>Emmanuelemsecundum</strong></span> <span class='ocrx_word' id='word_1_624' title='bbox 3158 4400 3379 4440; x_wconf 86' lang='lat' dir='ltr'><strong>carnem</strong></span> <span class='ocrx_word' id='word_1_625' title='bbox 3401 4401 3531 4440; x_wconf 86' lang='lat' dir='ltr'><strong>vere</strong></span> 
     </span>
    </p>
   </div>
   <div class='ocr_carea' id='block_1_90' title="bbox 268 4468 1846 4551">
    <p class='ocr_par' dir='ltr' id='par_1_90' title="bbox 268 4468 1846 4551">
     <span class='ocr_line' id='line_1_90' title="bbox 268 4468 1846 4551; baseline 0.006 -28"><span class='ocrx_word' id='word_1_626' title='bbox 268 4469 557 4539; x_wconf 79' lang='grc' dir='ltr'><strong>προφήτης</strong></span> <span class='ocrx_word' id='word_1_627' title='bbox 596 4468 854 4533; x_wconf 78' lang='grc' dir='ltr'><strong>Ἠσαίαςο</strong></span> <span class='ocrx_word' id='word_1_628' title='bbox 909 4487 928 4522; x_wconf 79' lang='grc' dir='ltr'><strong>ι</strong></span> <span class='ocrx_word' id='word_1_629' title='bbox 966 4470 1098 4526; x_wconf 76' lang='grc' dir='ltr'><strong>Ἰδοὺ</strong></span> <span class='ocrx_word' id='word_1_630' title='bbox 1154 4473 1188 4543; x_wconf 84' lang='grc' dir='ltr'>ἡ</span> <span class='ocrx_word' id='word_1_631' title='bbox 1224 4473 1504 4544; x_wconf 78' lang='grc' dir='ltr'><strong>Παρθένος</strong></span> <span class='ocrx_word' id='word_1_632' title='bbox 1550 4477 1610 4530; x_wconf 82' lang='grc' dir='ltr'><strong>ἐν</strong></span> <span class='ocrx_word' id='word_1_633' title='bbox 1647 4479 1846 4551; x_wconf 79' lang='grc' dir='ltr'><strong>γαστρὶ</strong></span> 
     </span>
    </p>
   </div>
   <div class='ocr_carea' id='block_1_91' title="bbox 1946 4468 3529 4551">
    <p class='ocr_par' dir='ltr' id='par_1_91' title="bbox 1952 4476 3529 4550">
     <span class='ocr_line' id='line_1_91' title="bbox 1952 4476 3529 4550; baseline -0.001 -16"><span class='ocrx_word' id='word_1_634' title='bbox 1952 4496 2065 4535; x_wconf 92' lang='lat' dir='ltr'><strong>non</strong></span> <span class='ocrx_word' id='word_1_635' title='bbox 2096 4479 2348 4550; x_wconf 85' lang='lat' dir='ltr'><strong>peperit?</strong></span> <span class='ocrx_word' id='word_1_636' title='bbox 2395 4478 2531 4534; x_wconf 82' lang='lat' dir='ltr'><strong>Risu</strong></span> <span class='ocrx_word' id='word_1_637' title='bbox 2587 4478 2821 4549; x_wconf 92' lang='lat' dir='ltr'><strong>proinde</strong></span> <span class='ocrx_word' id='word_1_638' title='bbox 2862 4476 3192 4548; x_wconf 84' lang='lat' dir='ltr'><strong>explodendi</strong></span> <span class='ocrx_word' id='word_1_639' title='bbox 3232 4485 3381 4541; x_wconf 90' lang='lat' dir='ltr'><strong>sunt,</strong></span> <span class='ocrx_word' id='word_1_640' title='bbox 3432 4477 3529 4546; x_wconf 87' lang='lat' dir='ltr'><strong>qui</strong></span> 
     </span>
    </p>
   </div>
   <div class='ocr_carea' id='block_1_92' title="bbox 266 4560 1855 4641">
    <p class='ocr_par' dir='ltr' id='par_1_92' title="bbox 266 4560 1855 4641">
     <span class='ocr_line' id='line_1_92' title="bbox 266 4560 1855 4641; baseline 0.007 -27"><span class='ocrx_word' id='word_1_641' title='bbox 266 4561 394 4626; x_wconf 76' lang='grc' dir='ltr'><strong>ἰξει,</strong></span> <span class='ocrx_word' id='word_1_642' title='bbox 450 4560 550 4614; x_wconf 77' lang='grc' dir='ltr'><strong>καὶ</strong></span> <span class='ocrx_word' id='word_1_643' title='bbox 600 4561 818 4628; x_wconf 77' lang='grc' dir='ltr'><strong>τέξεται</strong></span> <span class='ocrx_word' id='word_1_644' title='bbox 862 4561 1014 4627; x_wconf 83' lang='grc' dir='ltr'><strong>Υίὸν,</strong></span> <span class='ocrx_word' id='word_1_645' title='bbox 1087 4562 1183 4617; x_wconf 72' lang='grc' dir='ltr'><strong>καὶ</strong></span> <span class='ocrx_word' id='word_1_646' title='bbox 1227 4564 1517 4621; x_wconf 85' lang='grc' dir='ltr'><strong>καλέσουσι</strong></span> <span class='ocrx_word' id='word_1_647' title='bbox 1579 4567 1662 4622; x_wconf 81' lang='grc' dir='ltr'><strong>τδ⁶</strong></span> <span class='ocrx_word' id='word_1_648' title='bbox 1684 4570 1855 4641; x_wconf 75' lang='grc' dir='ltr'><strong>ὄνομα</strong></span> 
     </span>
    </p>
   </div>
   <div class='ocr_carea' id='block_1_93' title="bbox 265 4650 1860 4729">
    <p class='ocr_par' dir='ltr' id='par_1_93' title="bbox 265 4650 1860 4729">
     <span class='ocr_line' id='line_1_93' title="bbox 265 4650 1860 4729; baseline 0.008 -23"><span class='ocrx_word' id='word_1_649' title='bbox 265 4650 434 4706; x_wconf 80' lang='grc' dir='ltr'><strong>αὐτοῦ</strong></span> <span class='ocrx_word' id='word_1_650' title='bbox 487 4652 870 4724; x_wconf 83' lang='grc' dir='ltr'><strong>Ἐμμανουήλ·</strong></span> <span class='ocrx_word' id='word_1_651' title='bbox 904 4654 932 4706; x_wconf 86' lang='grc' dir='ltr'><strong>δ</strong></span> <span class='ocrx_word' id='word_1_652' title='bbox 958 4655 1074 4708; x_wconf 77' lang='grc' dir='ltr'><strong>ἐστι</strong></span> <span class='ocrx_word' id='word_1_653' title='bbox 1104 4654 1670 4729; x_wconf 83' lang='grc' dir='ltr'><strong>μεθερμηνευόμενον,</strong></span> <span class='ocrx_word' id='word_1_654' title='bbox 1711 4665 1860 4718; x_wconf 72' lang='grc' dir='ltr'><strong>Μεθ’</strong></span> 
     </span>
    </p>
   </div>
   <div class='ocr_carea' id='block_1_94' title="bbox 267 4741 1846 4822">
    <p class='ocr_par' dir='ltr' id='par_1_94' title="bbox 267 4741 1846 4822">
     <span class='ocr_line' id='line_1_94' title="bbox 267 4741 1846 4822; baseline 0.007 -27"><span class='ocrx_word' id='word_1_655' title='bbox 267 4741 438 4811; x_wconf 71' lang='grc' dir='ltr'><strong>ἡμῶν</strong></span> <span class='ocrx_word' id='word_1_656' title='bbox 476 4745 511 4796; x_wconf 80' lang='grc' dir='ltr'><strong>ό</strong></span> <span class='ocrx_word' id='word_1_657' title='bbox 542 4743 705 4808; x_wconf 78' lang='grc' dir='ltr'><strong>Θεός.</strong></span> <span class='ocrx_word' id='word_1_658' title='bbox 732 4762 752 4796; x_wconf 75' lang='grc' dir='ltr'><strong>ι</strong></span> <span class='ocrx_word' id='word_1_659' title='bbox 802 4743 1081 4814; x_wconf 77' lang='grc' dir='ltr'><strong>’Δληθεύει</strong></span> <span class='ocrx_word' id='word_1_660' title='bbox 1112 4745 1172 4799; x_wconf 82' lang='grc' dir='ltr'><strong>δέ</strong></span> <span class='ocrx_word' id='word_1_661' title='bbox 1216 4747 1436 4812; x_wconf 82' lang='grc' dir='ltr'><strong>πάντως</strong></span> <span class='ocrx_word' id='word_1_662' title='bbox 1469 4749 1566 4803; x_wconf 78' lang='grc' dir='ltr'><strong>καὶ</strong></span> <span class='ocrx_word' id='word_1_663' title='bbox 1612 4753 1641 4804; x_wconf 85' lang='grc' dir='ltr'><strong>ό</strong></span> <span class='ocrx_word' id='word_1_664' title='bbox 1691 4750 1846 4822; x_wconf 73' lang='grc' dir='ltr'><strong>ἅγιος</strong></span> 
     </span>
    </p>
   </div>
   <div class='ocr_carea' id='block_1_95' title="bbox 271 4832 1854 4916">
    <p class='ocr_par' dir='ltr' id='par_1_95' title="bbox 271 4832 1854 4916">
     <span class='ocr_line' id='line_1_95' title="bbox 271 4832 1854 4916; baseline 0.007 -30"><span class='ocrx_word' id='word_1_665' title='bbox 271 4832 530 4905; x_wconf 80' lang='grc' dir='ltr'><strong>Γασριὴλ,</strong></span> <span class='ocrx_word' id='word_1_666' title='bbox 570 4834 707 4906; x_wconf 75' lang='grc' dir='ltr'><strong>πρὸς</strong></span> <span class='ocrx_word' id='word_1_667' title='bbox 743 4834 842 4907; x_wconf 74' lang='grc' dir='ltr'><strong>τὴν</strong></span> <span class='ocrx_word' id='word_1_668' title='bbox 879 4836 1156 4906; x_wconf 85' lang='grc' dir='ltr'><strong>μακαρίαν</strong></span> <span class='ocrx_word' id='word_1_669' title='bbox 1186 4837 1464 4910; x_wconf 78' lang='grc' dir='ltr'><strong>Παρθένον</strong></span> <span class='ocrx_word' id='word_1_670' title='bbox 1492 4840 1661 4895; x_wconf 84' lang='grc' dir='ltr'><strong>είπών</strong></span> <span class='ocrx_word' id='word_1_671' title='bbox 1681 4860 1695 4874; x_wconf 91' lang='grc'><strong>·</strong></span> <span class='ocrx_word' id='word_1_672' title='bbox 1729 4844 1854 4916; x_wconf 62' lang='lat' dir='ltr'><strong>«Mi;</strong></span> 
     </span>
    </p>
   </div>
   <div class='ocr_carea' id='block_1_96' title="bbox 270 4921 1849 5008">
    <p class='ocr_par' dir='ltr' id='par_1_96' title="bbox 270 4921 1849 5008">
     <span class='ocr_line' id='line_1_96' title="bbox 270 4921 1849 5008; baseline 0.009 -31"><span class='ocrx_word' id='word_1_673' title='bbox 270 4925 458 4994; x_wconf 76' lang='grc' dir='ltr'><strong>φοϐοῦ,</strong></span> <span class='ocrx_word' id='word_1_674' title='bbox 488 4927 754 4998; x_wconf 78' lang='grc' dir='ltr'><strong>Μαριάμο</strong></span> <span class='ocrx_word' id='word_1_675' title='bbox 784 4921 942 4998; x_wconf 74' lang='grc' dir='ltr'><strong>εὗρες</strong></span> <span class='ocrx_word' id='word_1_676' title='bbox 961 4928 1069 5000; x_wconf 78' lang='grc' dir='ltr'><strong>γὰρ</strong></span> <span class='ocrx_word' id='word_1_677' title='bbox 1099 4929 1259 5003; x_wconf 82' lang='grc' dir='ltr'><strong>χάριν</strong></span> <span class='ocrx_word' id='word_1_678' title='bbox 1279 4931 1431 5004; x_wconf 76' lang='grc' dir='ltr'><strong>παρὰ</strong></span> <span class='ocrx_word' id='word_1_679' title='bbox 1462 4933 1540 5006; x_wconf 84' lang='grc' dir='ltr'><strong>τῷ</strong></span> <span class='ocrx_word' id='word_1_680' title='bbox 1560 4935 1682 5008; x_wconf 86' lang='grc' dir='ltr'><strong>Θεῷ</strong></span> <span class='ocrx_word' id='word_1_681' title='bbox 1704 4953 1719 4968; x_wconf 77' lang='grc' dir='ltr'><strong>ο</strong></span> <span class='ocrx_word' id='word_1_682' title='bbox 1751 4939 1849 4991; x_wconf 74' lang='grc' dir='ltr'><strong>καὶ</strong></span> 
     </span>
    </p>
   </div>
   <div class='ocr_carea' id='block_1_97' title="bbox 272 5017 1852 5098">
    <p class='ocr_par' dir='ltr' id='par_1_97' title="bbox 272 5017 1852 5098">
     <span class='ocr_line' id='line_1_97' title="bbox 272 5017 1852 5098; baseline 0.006 -25"><span class='ocrx_word' id='word_1_683' title='bbox 272 5019 382 5073; x_wconf 63' lang='lat' dir='ltr'><strong>Boi:</strong></span> <span class='ocrx_word' id='word_1_684' title='bbox 430 5017 674 5098; x_wconf 72' lang='grc' dir='ltr'><strong>συλλήψῃ</strong></span> <span class='ocrx_word' id='word_1_685' title='bbox 721 5020 780 5073; x_wconf 80' lang='grc' dir='ltr'><strong>ἐν</strong></span> <span class='ocrx_word' id='word_1_686' title='bbox 824 5022 1044 5093; x_wconf 75' lang='grc' dir='ltr'><strong>γαστρὶ,</strong></span> <span class='ocrx_word' id='word_1_687' title='bbox 1078 5023 1170 5077; x_wconf 75' lang='grc' dir='ltr'><strong>καὶ</strong></span> <span class='ocrx_word' id='word_1_688' title='bbox 1213 5024 1346 5098; x_wconf 74' lang='grc' dir='ltr'><strong>τέξῃ</strong></span> <span class='ocrx_word' id='word_1_689' title='bbox 1386 5025 1536 5090; x_wconf 81' lang='grc' dir='ltr'><strong>Υίὸν,</strong></span> <span class='ocrx_word' id='word_1_690' title='bbox 1565 5027 1663 5081; x_wconf 73' lang='grc' dir='ltr'><strong>καὶ</strong></span> <span class='ocrx_word' id='word_1_691' title='bbox 1691 5028 1852 5082; x_wconf 84' lang='grc' dir='ltr'><strong>καλέ-</strong></span> 
     </span>
    </p>
   </div>
   <div class='ocr_carea' id='block_1_98' title="bbox 274 5108 1854 5182">
    <p class='ocr_par' dir='ltr' id='par_1_98' title="bbox 274 5108 1854 5182">
     <span class='ocr_line' id='line_1_98' title="bbox 274 5108 1854 5182; baseline 0.006 -18"><span class='ocrx_word' id='word_1_692' title='bbox 274 5125 383 5174; x_wconf 82' lang='grc' dir='ltr'><strong>σεις</strong></span> <span class='ocrx_word' id='word_1_693' title='bbox 416 5108 476 5162; x_wconf 81' lang='grc' dir='ltr'><strong>τδ</strong></span> <span class='ocrx_word' id='word_1_694' title='bbox 503 5109 671 5180; x_wconf 75' lang='grc' dir='ltr'><strong>δνομᾳ</strong></span> <span class='ocrx_word' id='word_1_695' title='bbox 697 5110 862 5164; x_wconf 82' lang='grc' dir='ltr'><strong>αὑτοῦ</strong></span> <span class='ocrx_word' id='word_1_696' title='bbox 902 5112 1108 5182; x_wconf 80' lang='grc' dir='ltr'><strong>Ἰησοῦν</strong></span> <span class='ocrx_word' id='word_1_697' title='bbox 1129 5129 1143 5146; x_wconf 80' lang='grc'><em>’</em></span> <span class='ocrx_word' id='word_1_698' title='bbox 1168 5114 1334 5179; x_wconf 81' lang='grc' dir='ltr'><strong>αὐτὸς</strong></span> <span class='ocrx_word' id='word_1_699' title='bbox 1388 5115 1550 5170; x_wconf 81' lang='grc' dir='ltr'><strong>σώσει</strong></span> <span class='ocrx_word' id='word_1_700' title='bbox 1592 5117 1685 5172; x_wconf 81' lang='grc' dir='ltr'><strong>τὸν</strong></span> <span class='ocrx_word' id='word_1_701' title='bbox 1726 5118 1854 5174; x_wconf 76' lang='grc' dir='ltr'><strong>λαὸν</strong></span> 
     </span>
    </p>
   </div>
   <div class='ocr_carea' id='block_1_99' title="bbox 272 5197 1856 5281">
    <p class='ocr_par' dir='ltr' id='par_1_99' title="bbox 272 5197 1856 5281">
     <span class='ocr_line' id='line_1_99' title="bbox 272 5197 1856 5281; baseline 0.008 -29"><span class='ocrx_word' id='word_1_702' title='bbox 272 5197 440 5252; x_wconf 73' lang='grc' dir='ltr'><strong>αὑτοῦ</strong></span> <span class='ocrx_word' id='word_1_703' title='bbox 474 5199 582 5253; x_wconf 78' lang='grc' dir='ltr'><strong>ἀπὸ</strong></span> <span class='ocrx_word' id='word_1_704' title='bbox 627 5199 738 5254; x_wconf 84' lang='grc' dir='ltr'><strong>τῶν</strong></span> <span class='ocrx_word' id='word_1_705' title='bbox 787 5202 1074 5273; x_wconf 82' lang='grc' dir='ltr'><strong>ἁμαρτιῶν</strong></span> <span class='ocrx_word' id='word_1_706' title='bbox 1120 5205 1326 5261; x_wconf 84' lang='grc' dir='ltr'><strong>αὐτῶν.</strong></span> <span class='ocrx_word' id='word_1_707' title='bbox 1352 5226 1371 5258; x_wconf 71' lang='grc' dir='ltr'><strong>ι</strong></span> <span class='ocrx_word' id='word_1_708' title='bbox 1403 5207 1571 5262; x_wconf 89' lang='grc' dir='ltr'><strong>Ὅταν</strong></span> <span class='ocrx_word' id='word_1_709' title='bbox 1599 5209 1656 5263; x_wconf 80' lang='grc' dir='ltr'><strong>δὲ</strong></span> <span class='ocrx_word' id='word_1_710' title='bbox 1683 5210 1856 5281; x_wconf 79' lang='grc' dir='ltr'><strong>λέγω·</strong></span> 
     </span>
    </p>
   </div>
   <div class='ocr_carea' id='block_1_100' title="bbox 278 5289 1857 5373">
    <p class='ocr_par' dir='ltr' id='par_1_100' title="bbox 278 5289 1857 5373">
     <span class='ocr_line' id='line_1_100' title="bbox 278 5289 1857 5373; baseline 0.009 -32"><span class='ocrx_word' id='word_1_711' title='bbox 278 5307 397 5360; x_wconf 85' lang='grc' dir='ltr'><strong>μεν,</strong></span> <span class='ocrx_word' id='word_1_712' title='bbox 427 5289 488 5356; x_wconf 81' lang='grc' dir='ltr'><strong>ἐξ</strong></span> <span class='ocrx_word' id='word_1_713' title='bbox 517 5291 769 5363; x_wconf 78' lang='grc' dir='ltr'><strong>ούρανοῦ,</strong></span> <span class='ocrx_word' id='word_1_714' title='bbox 801 5295 897 5347; x_wconf 75' lang='grc' dir='ltr'><strong>καὶ</strong></span> <span class='ocrx_word' id='word_1_715' title='bbox 924 5295 1131 5348; x_wconf 79' lang='grc' dir='ltr'><strong>ἄνωθεν</strong></span> <span class='ocrx_word' id='word_1_716' title='bbox 1175 5297 1266 5350; x_wconf 85' lang='grc' dir='ltr'><strong>τὸν</strong></span> <span class='ocrx_word' id='word_1_717' title='bbox 1298 5297 1503 5370; x_wconf 74' lang='grc' dir='ltr'><strong>Κύριον</strong></span> <span class='ocrx_word' id='word_1_718' title='bbox 1557 5300 1716 5373; x_wconf 80' lang='grc' dir='ltr'><strong>ἡμῶν</strong></span> <span class='ocrx_word' id='word_1_719' title='bbox 1752 5304 1857 5373; x_wconf 85' lang='grc' dir='ltr'><strong>ἰη-</strong></span> 
     </span>
    </p>
   </div>
   <div class='ocr_carea' id='block_1_101' title="bbox 279 5380 1858 5463">
    <p class='ocr_par' dir='ltr' id='par_1_101' title="bbox 279 5380 1858 5463">
     <span class='ocr_line' id='line_1_101' title="bbox 279 5380 1858 5463; baseline 0.009 -30"><span class='ocrx_word' id='word_1_720' title='bbox 279 5380 405 5435; x_wconf 83' lang='grc' dir='ltr'><strong>σοῦν</strong></span> <span class='ocrx_word' id='word_1_721' title='bbox 444 5383 695 5453; x_wconf 81' lang='grc' dir='ltr'><strong>Χριστὸν,</strong></span> <span class='ocrx_word' id='word_1_722' title='bbox 726 5387 824 5455; x_wconf 81' lang='grc' dir='ltr'><strong>οὐχ</strong></span> <span class='ocrx_word' id='word_1_723' title='bbox 861 5384 938 5448; x_wconf 83' lang='grc' dir='ltr'><strong>ὡς</strong></span> <span class='ocrx_word' id='word_1_724' title='bbox 998 5385 1223 5451; x_wconf 76' lang='grc' dir='ltr'><strong>ἄνωθεν,</strong></span> <span class='ocrx_word' id='word_1_725' title='bbox 1265 5389 1361 5444; x_wconf 77' lang='grc' dir='ltr'><strong>καὶ</strong></span> <span class='ocrx_word' id='word_1_726' title='bbox 1385 5389 1444 5456; x_wconf 82' lang='grc' dir='ltr'><strong>ἐξ</strong></span> <span class='ocrx_word' id='word_1_727' title='bbox 1469 5390 1699 5463; x_wconf 87' lang='grc' dir='ltr'><strong>οὐρανοῦ</strong></span> <span class='ocrx_word' id='word_1_728' title='bbox 1728 5410 1858 5447; x_wconf 79' lang='grc' dir='ltr'><strong>κατ·</strong></span> 
     </span>
    </p>
   </div>
   <div class='ocr_carea' id='block_1_102' title="bbox 349 5533 1850 5610">
    <p class='ocr_par' dir='ltr' id='par_1_102' title="bbox 349 5533 1850 5610">
     <span class='ocr_line' id='line_1_102' title="bbox 349 5533 1850 5610; baseline 0.009 -21"><span class='ocrx_word' id='word_1_729' title='bbox 349 5533 614 5607; x_wconf 67' lang='lat' dir='ltr'><strong>uEphea.</strong></span> <span class='ocrx_word' id='word_1_730' title='bbox 651 5555 722 5603; x_wconf 81' lang='lat' dir='ltr'><strong>Iv,</strong></span> <span class='ocrx_word' id='word_1_731' title='bbox 763 5540 818 5605; x_wconf 87' lang='lat'><strong>5,</strong></span> <span class='ocrx_word' id='word_1_732' title='bbox 853 5540 904 5593; x_wconf 86' lang='lat'><strong>6.</strong></span> <span class='ocrx_word' id='word_1_733' title='bbox 985 5540 1024 5572; x_wconf 75' lang='lat'><em>“</em></span> <span class='ocrx_word' id='word_1_734' title='bbox 1068 5539 1167 5596; x_wconf 89' lang='lat' dir='ltr'><strong>lsa.</strong></span> <span class='ocrx_word' id='word_1_735' title='bbox 1203 5558 1294 5597; x_wconf 79' lang='lat' dir='ltr'><strong>vn.</strong></span> <span class='ocrx_word' id='word_1_736' title='bbox 1337 5543 1434 5609; x_wconf 61' lang='lat' dir='ltr'><strong>ll;</strong></span> <span class='ocrx_word' id='word_1_737' title='bbox 1470 5544 1661 5602; x_wconf 78' lang='lat' dir='ltr'><strong>Matth.</strong></span> <span class='ocrx_word' id='word_1_738' title='bbox 1694 5565 1731 5610; x_wconf 83' lang='grc' dir='ltr'><strong>ι,</strong></span> <span class='ocrx_word' id='word_1_739' title='bbox 1763 5549 1850 5602; x_wconf 72' lang='grc'><strong>25.</strong></span> 
     </span>
    </p>
   </div>
   <div class='ocr_carea' id='block_1_103' title="bbox 1953 4559 3529 4642">
    <p class='ocr_par' dir='ltr' id='par_1_103' title="bbox 1953 4559 3529 4642">
     <span class='ocr_line' id='line_1_103' title="bbox 1953 4559 3529 4642; baseline -0.003 -18"><span class='ocrx_word' id='word_1_740' title='bbox 1953 4570 2222 4642; x_wconf 83' lang='lat' dir='ltr'><strong>ejusmodi</strong></span> <span class='ocrx_word' id='word_1_741' title='bbox 2261 4559 2439 4639; x_wconf 66' lang='lat' dir='ltr'><strong>nugas</strong></span> <span class='ocrx_word' id='word_1_742' title='bbox 2468 4577 2660 4624; x_wconf 85' lang='lat' dir='ltr'><strong>contra</strong></span> <span class='ocrx_word' id='word_1_743' title='bbox 2701 4584 2789 4622; x_wconf 90' lang='lat' dir='ltr'><strong>me</strong></span> <span class='ocrx_word' id='word_1_744' title='bbox 2830 4567 3097 4636; x_wconf 88' lang='lat' dir='ltr'><strong>garriunt.</strong></span> <span class='ocrx_word' id='word_1_745' title='bbox 3148 4567 3336 4636; x_wconf 89' lang='lat' dir='ltr'><strong>Neque</strong></span> <span class='ocrx_word' id='word_1_746' title='bbox 3379 4567 3529 4621; x_wconf 90' lang='lat' dir='ltr'><strong>enim</strong></span> 
     </span>
    </p>
   </div>
   <div class='ocr_carea' id='block_1_104' title="bbox 1955 4662 3529 4736">
    <p class='ocr_par' dir='ltr' id='par_1_104' title="bbox 1955 4662 3529 4736">
     <span class='ocr_line' id='line_1_104' title="bbox 1955 4662 3529 4736; baseline -0.002 -17"><span class='ocrx_word' id='word_1_747' title='bbox 1955 4669 2222 4721; x_wconf 89' lang='lat' dir='ltr'><strong>mentitur</strong></span> <span class='ocrx_word' id='word_1_748' title='bbox 2266 4666 2464 4720; x_wconf 85' lang='lat' dir='ltr'><strong>beatus</strong></span> <span class='ocrx_word' id='word_1_749' title='bbox 2504 4666 2776 4736; x_wconf 88' lang='lat' dir='ltr'><strong>propheta</strong></span> <span class='ocrx_word' id='word_1_750' title='bbox 2808 4665 2975 4720; x_wconf 83' lang='lat' dir='ltr'><strong>Isaias</strong></span> <span class='ocrx_word' id='word_1_751' title='bbox 3014 4665 3147 4720; x_wconf 89' lang='lat' dir='ltr'><strong>dum</strong></span> <span class='ocrx_word' id='word_1_752' title='bbox 3176 4663 3254 4718; x_wconf 90' lang='lat' dir='ltr'><strong>ait</strong></span> <span class='ocrx_word' id='word_1_753' title='bbox 3283 4681 3295 4716; x_wconf 89' lang='lat'><strong>:</strong></span> <span class='ocrx_word' id='word_1_754' title='bbox 3336 4681 3354 4713; x_wconf 75' lang='grc' dir='ltr'><strong>ι</strong></span> <span class='ocrx_word' id='word_1_755' title='bbox 3387 4662 3529 4716; x_wconf 84' lang='lat' dir='ltr'><strong>Ecce</strong></span> 
     </span>
    </p>
   </div>
   <div class='ocr_carea' id='block_1_105' title="bbox 1952 4755 3532 4828">
    <p class='ocr_par' dir='ltr' id='par_1_105' title="bbox 1952 4755 3532 4828">
     <span class='ocr_line' id='line_1_105' title="bbox 1952 4755 3532 4828; baseline -0.001 -16"><span class='ocrx_word' id='word_1_756' title='bbox 1952 4759 2105 4828; x_wconf 83' lang='lat' dir='ltr'><strong>virgo</strong></span> <span class='ocrx_word' id='word_1_757' title='bbox 2135 4757 2192 4812; x_wconf 91' lang='lat' dir='ltr'><strong>in</strong></span> <span class='ocrx_word' id='word_1_758' title='bbox 2219 4766 2377 4812; x_wconf 86' lang='lat' dir='ltr'><strong>utero</strong></span> <span class='ocrx_word' id='word_1_759' title='bbox 2403 4757 2650 4823; x_wconf 85' lang='lat' dir='ltr'><strong>habebit,</strong></span> <span class='ocrx_word' id='word_1_760' title='bbox 2672 4767 2729 4813; x_wconf 91' lang='lat' dir='ltr'><strong>et</strong></span> <span class='ocrx_word' id='word_1_761' title='bbox 2748 4757 2927 4828; x_wconf 89' lang='lat' dir='ltr'><strong>pariet</strong></span> <span class='ocrx_word' id='word_1_762' title='bbox 2947 4757 3150 4822; x_wconf 78' lang='lat' dir='ltr'><strong>illium;</strong></span> <span class='ocrx_word' id='word_1_763' title='bbox 3175 4766 3232 4811; x_wconf 90' lang='lat' dir='ltr'><strong>et</strong></span> <span class='ocrx_word' id='word_1_764' title='bbox 3256 4755 3532 4811; x_wconf 83' lang='lat' dir='ltr'><strong>vocabunt</strong></span> 
     </span>
    </p>
   </div>
   <div class='ocr_carea' id='block_1_106' title="bbox 1951 4847 3530 4920">
    <p class='ocr_par' dir='ltr' id='par_1_106' title="bbox 1951 4847 3530 4920">
     <span class='ocr_line' id='line_1_106' title="bbox 1951 4847 3530 4920; baseline -0.001 -18"><span class='ocrx_word' id='word_1_765' title='bbox 1951 4864 2152 4903; x_wconf 89' lang='lat' dir='ltr'><strong>nomen</strong></span> <span class='ocrx_word' id='word_1_766' title='bbox 2197 4849 2318 4919; x_wconf 87' lang='lat' dir='ltr'><strong>ejus</strong></span> <span class='ocrx_word' id='word_1_767' title='bbox 2370 4849 2717 4917; x_wconf 88' lang='lat' dir='ltr'><strong>Emmanuel,</strong></span> <span class='ocrx_word' id='word_1_768' title='bbox 2774 4849 2922 4920; x_wconf 86' lang='lat' dir='ltr'><strong>quod</strong></span> <span class='ocrx_word' id='word_1_769' title='bbox 2959 4857 3045 4904; x_wconf 89' lang='lat' dir='ltr'><strong>est</strong></span> <span class='ocrx_word' id='word_1_770' title='bbox 3108 4847 3530 4918; x_wconf 87' lang='lat' dir='ltr'><strong>interpretatum</strong></span> 
     </span>
    </p>
   </div>
   <div class='ocr_carea' id='block_1_107' title="bbox 1954 4938 3531 5011">
    <p class='ocr_par' dir='ltr' id='par_1_107' title="bbox 1954 4938 3531 5011">
     <span class='ocr_line' id='line_1_107' title="bbox 1954 4938 3531 5011; baseline -0.001 -17"><span class='ocrx_word' id='word_1_771' title='bbox 1954 4939 2231 4994; x_wconf 80' lang='lat' dir='ltr'><strong>Nobiscum</strong></span> <span class='ocrx_word' id='word_1_772' title='bbox 2260 4939 2400 4994; x_wconf 74' lang='lat' dir='ltr'><strong>Deus</strong></span> <span class='ocrx_word' id='word_1_773' title='bbox 2435 4941 2500 4994; x_wconf 75' lang='lat'><strong>“.</strong></span> <span class='ocrx_word' id='word_1_774' title='bbox 2545 4960 2564 4993; x_wconf 77' lang='grc' dir='ltr'><strong>ι</strong></span> <span class='ocrx_word' id='word_1_775' title='bbox 2603 4941 2744 4996; x_wconf 83' lang='lat' dir='ltr'><strong>Vera</strong></span> <span class='ocrx_word' id='word_1_776' title='bbox 2763 4956 2983 5011; x_wconf 90' lang='lat' dir='ltr'><strong>quoque</strong></span> <span class='ocrx_word' id='word_1_777' title='bbox 3006 4955 3235 5011; x_wconf 88' lang='lat' dir='ltr'><strong>prorsus</strong></span> <span class='ocrx_word' id='word_1_778' title='bbox 3271 4938 3531 5009; x_wconf 69' lang='lat' dir='ltr'><strong>praedicat</strong></span> 
     </span>
    </p>
   </div>
   <div class='ocr_carea' id='block_1_108' title="bbox 1950 5031 3523 5104">
    <p class='ocr_par' dir='ltr' id='par_1_108' title="bbox 1950 5031 3523 5104">
     <span class='ocr_line' id='line_1_108' title="bbox 1950 5031 3523 5104; baseline -0.002 -17"><span class='ocrx_word' id='word_1_779' title='bbox 1950 5039 2007 5087; x_wconf 88' lang='lat' dir='ltr'><strong>et</strong></span> <span class='ocrx_word' id='word_1_780' title='bbox 2032 5039 2256 5088; x_wconf 86' lang='lat' dir='ltr'><strong>sanctus</strong></span> <span class='ocrx_word' id='word_1_781' title='bbox 2265 5031 2506 5097; x_wconf 89' lang='lat' dir='ltr'><strong>Gabriel,</strong></span> <span class='ocrx_word' id='word_1_782' title='bbox 2524 5031 2656 5087; x_wconf 93' lang='lat' dir='ltr'><strong>dum</strong></span> <span class='ocrx_word' id='word_1_783' title='bbox 2670 5031 2886 5088; x_wconf 89' lang='lat' dir='ltr'><strong>beatam</strong></span> <span class='ocrx_word' id='word_1_784' title='bbox 2903 5033 3180 5104; x_wconf 83' lang='lat' dir='ltr'><strong>Virginem</strong></span> <span class='ocrx_word' id='word_1_785' title='bbox 3200 5033 3274 5087; x_wconf 89' lang='lat' dir='ltr'><strong>ita</strong></span> <span class='ocrx_word' id='word_1_786' title='bbox 3289 5031 3489 5086; x_wconf 79' lang='lat' dir='ltr'><strong>an‘atur</strong></span> <span class='ocrx_word' id='word_1_787' title='bbox 3511 5049 3523 5084; x_wconf 91' lang='lat'><strong>:</strong></span> 
     </span>
    </p>
   </div>
   <div class='ocr_carea' id='block_1_109' title="bbox 1960 5123 3527 5194">
    <p class='ocr_par' dir='ltr' id='par_1_109' title="bbox 1960 5123 3527 5194">
     <span class='ocr_line' id='line_1_109' title="bbox 1960 5123 3527 5194; baseline -0.001 -17"><span class='ocrx_word' id='word_1_788' title='bbox 1960 5145 1978 5177; x_wconf 77' lang='grc' dir='ltr'><strong>ι</strong></span> <span class='ocrx_word' id='word_1_789' title='bbox 2016 5126 2096 5181; x_wconf 87' lang='lat' dir='ltr'><strong>Ne</strong></span> <span class='ocrx_word' id='word_1_790' title='bbox 2127 5125 2340 5190; x_wconf 89' lang='lat' dir='ltr'><strong>timeas,</strong></span> <span class='ocrx_word' id='word_1_791' title='bbox 2382 5124 2582 5192; x_wconf 83' lang='lat' dir='ltr'><strong>Maria;</strong></span> <span class='ocrx_word' id='word_1_792' title='bbox 2616 5123 2876 5180; x_wconf 89' lang='lat' dir='ltr'><strong>invenisti</strong></span> <span class='ocrx_word' id='word_1_793' title='bbox 2916 5126 3064 5180; x_wconf 89' lang='lat' dir='ltr'><strong>enim</strong></span> <span class='ocrx_word' id='word_1_794' title='bbox 3113 5124 3342 5194; x_wconf 85' lang='lat' dir='ltr'><strong>gratiam</strong></span> <span class='ocrx_word' id='word_1_795' title='bbox 3383 5123 3527 5192; x_wconf 87' lang='lat' dir='ltr'><strong>apud</strong></span> 
     </span>
    </p>
   </div>
   <div class='ocr_carea' id='block_1_110' title="bbox 1952 5214 3530 5288">
    <p class='ocr_par' dir='ltr' id='par_1_110' title="bbox 1952 5214 3530 5288">
     <span class='ocr_line' id='line_1_110' title="bbox 1952 5214 3530 5288; baseline -0.003 -14"><span class='ocrx_word' id='word_1_796' title='bbox 1952 5219 2145 5274; x_wconf 89' lang='lat' dir='ltr'><strong>Deum.</strong></span> <span class='ocrx_word' id='word_1_797' title='bbox 2177 5217 2318 5272; x_wconf 87' lang='lat' dir='ltr'><strong>Ecce</strong></span> <span class='ocrx_word' id='word_1_798' title='bbox 2347 5218 2626 5288; x_wconf 86' lang='lat' dir='ltr'><strong>concipies</strong></span> <span class='ocrx_word' id='word_1_799' title='bbox 2665 5218 2720 5272; x_wconf 92' lang='lat' dir='ltr'><strong>in</strong></span> <span class='ocrx_word' id='word_1_800' title='bbox 2743 5226 2921 5281; x_wconf 88' lang='lat' dir='ltr'><strong>utero,</strong></span> <span class='ocrx_word' id='word_1_801' title='bbox 2948 5225 3005 5270; x_wconf 91' lang='lat' dir='ltr'><strong>et</strong></span> <span class='ocrx_word' id='word_1_802' title='bbox 3044 5217 3227 5286; x_wconf 89' lang='lat' dir='ltr'><strong>paries</strong></span> <span class='ocrx_word' id='word_1_803' title='bbox 3257 5214 3450 5280; x_wconf 81' lang='lat' dir='ltr'><strong>ﬁlium,</strong></span> <span class='ocrx_word' id='word_1_804' title='bbox 3472 5224 3530 5270; x_wconf 91' lang='lat' dir='ltr'><strong>et</strong></span> 
     </span>
    </p>
   </div>
   <div class='ocr_carea' id='block_1_111' title="bbox 1953 5306 3529 5379">
    <p class='ocr_par' dir='ltr' id='par_1_111' title="bbox 1953 5306 3529 5379">
     <span class='ocr_line' id='line_1_111' title="bbox 1953 5306 3529 5379; baseline -0.001 -17"><span class='ocrx_word' id='word_1_805' title='bbox 1953 5307 2179 5363; x_wconf 86' lang='lat' dir='ltr'><strong>vocabis</strong></span> <span class='ocrx_word' id='word_1_806' title='bbox 2206 5323 2408 5364; x_wconf 91' lang='lat' dir='ltr'><strong>nomen</strong></span> <span class='ocrx_word' id='word_1_807' title='bbox 2427 5309 2548 5379; x_wconf 87' lang='lat' dir='ltr'><strong>ejus</strong></span> <span class='ocrx_word' id='word_1_808' title='bbox 2562 5309 2771 5364; x_wconf 87' lang='lat' dir='ltr'><strong>Jesum.</strong></span> <span class='ocrx_word' id='word_1_809' title='bbox 2803 5307 2924 5377; x_wconf 85' lang='lat' dir='ltr'><strong>Ipse</strong></span> <span class='ocrx_word' id='word_1_810' title='bbox 2948 5307 3096 5362; x_wconf 90' lang='lat' dir='ltr'><strong>enim</strong></span> <span class='ocrx_word' id='word_1_811' title='bbox 3124 5307 3336 5363; x_wconf 81' lang='lat' dir='ltr'><strong>salvum</strong></span> <span class='ocrx_word' id='word_1_812' title='bbox 3366 5306 3529 5362; x_wconf 74' lang='lat' dir='ltr'><strong>faciet</strong></span> 
     </span>
    </p>
   </div>
   <div class='ocr_carea' id='block_1_112' title="bbox 1955 5397 3528 5468">
    <p class='ocr_par' dir='ltr' id='par_1_112' title="bbox 1955 5397 3528 5468">
     <span class='ocr_line' id='line_1_112' title="bbox 1955 5397 3528 5468; baseline 0 -18"><span class='ocrx_word' id='word_1_813' title='bbox 1955 5397 2218 5467; x_wconf 89' lang='lat' dir='ltr'><strong>populum</strong></span> <span class='ocrx_word' id='word_1_814' title='bbox 2255 5413 2417 5452; x_wconf 89' lang='lat' dir='ltr'><strong>suum</strong></span> <span class='ocrx_word' id='word_1_815' title='bbox 2452 5414 2484 5452; x_wconf 90' lang='lat' dir='ltr'><strong>a</strong></span> <span class='ocrx_word' id='word_1_816' title='bbox 2519 5398 2762 5468; x_wconf 82' lang='lat' dir='ltr'><strong>peccatis</strong></span> <span class='ocrx_word' id='word_1_817' title='bbox 2789 5398 3060 5453; x_wconf 77' lang='lat' dir='ltr'><strong>eorum“.</strong></span> <span class='ocrx_word' id='word_1_818' title='bbox 3100 5417 3119 5450; x_wconf 75' lang='grc' dir='ltr'><strong>ι</strong></span> <span class='ocrx_word' id='word_1_819' title='bbox 3161 5397 3300 5454; x_wconf 88' lang='lat' dir='ltr'><strong>Cum</strong></span> <span class='ocrx_word' id='word_1_820' title='bbox 3342 5405 3528 5454; x_wconf 79' lang='lat' dir='ltr'><strong>autem</strong></span> 
     </span>
    </p>
   </div>
   <div class='ocr_carea' id='block_1_113' title="bbox 1933 5550 2321 5616">
    <p class='ocr_par' dir='ltr' id='par_1_113' title="bbox 1933 5550 2321 5616">
     <span class='ocr_line' id='line_1_113' title="bbox 1933 5550 2321 5616; baseline 0 -12"><span class='ocrx_word' id='word_1_821' title='bbox 1933 5552 1978 5581; x_wconf 69' lang='grc' dir='ltr'><strong>δ’</strong></span> <span class='ocrx_word' id='word_1_822' title='bbox 2010 5550 2144 5606; x_wconf 90' lang='lat' dir='ltr'><strong>Luc.</strong></span> <span class='ocrx_word' id='word_1_823' title='bbox 2174 5568 2212 5616; x_wconf 84' lang='grc' dir='ltr'><strong>ι,</strong></span> <span class='ocrx_word' id='word_1_824' title='bbox 2233 5552 2321 5605; x_wconf 79' lang='lat' dir='ltr'><strong>5i.</strong></span> 
     </span>
    </p>
   </div>
   <div class='ocr_carea' id='block_1_114' title="bbox 1337 5661 2424 5739">
    <p class='ocr_par' dir='ltr' id='par_1_114' title="bbox 1337 5661 2424 5739">
     <span class='ocr_line' id='line_1_114' title="bbox 1337 5661 2424 5739; baseline 0.004 -22"><span class='ocrx_word' id='word_1_825' title='bbox 1337 5661 1514 5720; x_wconf 54' lang='lat' dir='ltr'><strong>Varia</strong></span> <span class='ocrx_word' id='word_1_826' title='bbox 1543 5665 1806 5722; x_wconf 89' lang='lat' dir='ltr'><strong>lectiones</strong></span> <span class='ocrx_word' id='word_1_827' title='bbox 1835 5668 2039 5724; x_wconf 85' lang='lat' dir='ltr'><strong>codicis</strong></span> <span class='ocrx_word' id='word_1_828' title='bbox 2061 5665 2424 5739; x_wconf 78' lang='lat' dir='ltr'><strong>Seguieriani.</strong></span> 
     </span>
    </p>
   </div>
   <div class='ocr_carea' id='block_1_115' title="bbox 355 5764 716 5837">
    <p class='ocr_par' dir='ltr' id='par_1_115' title="bbox 355 5764 716 5837">
     <span class='ocr_line' id='line_1_115' title="bbox 355 5764 716 5837; baseline 0.008 -18"><span class='ocrx_word' id='word_1_829' title='bbox 355 5775 379 5805; x_wconf 78' lang='grc'><strong>⁸</strong></span> <span class='ocrx_word' id='word_1_830' title='bbox 413 5764 716 5837; x_wconf 73' lang='grc' dir='ltr'><strong>θεηγόρους.</strong></span> 
     </span>
    </p>
   </div>
  </div>
