4126 6314
625 385 726 446 ιιιυ

1596 379 1652 434 S.
1696 376 1969 436 CYlilLLI
2006 374 2827 433 ALEXANDRINIARCHIEP.

3752 366 3874 428 180

618 503 911 562 Dominum
947 509 1197 558 nostrum
1228 501 1413 558 Iesum
1429 499 1708 558 Christum
1731 516 1761 556 e
1782 500 1922 557 malo
1948 509 2005 555 et
2031 515 2062 555 e
2084 515 2180 554 su-

2293 496 2595 568 ινεχθείσης
2627 499 2726 568 τῆς
2749 495 2912 564 ἁγίας
2947 493 3111 548 αὑτοῦ
3147 492 3370 565 σαρκὸς,
3397 489 3625 546 τοιαῦτά
3652 506 3871 560 φαμεν,

617 595 804 669 pernis
846 592 1196 650 descendisse
1244 592 1498 659 dicimus,
1539 609 1647 647 non
1696 594 1770 648 ita
1804 593 1909 647 hoc
1948 591 2184 646 dicimus

618 686 772 758 quasi
795 693 1040 741 sanctam
1067 685 1214 740 illius
1244 699 1465 740 carnem
1494 700 1732 754 superne
1762 692 1820 738 et
1845 699 1877 738 e
1898 684 2037 740 οωιο
2059 683 2185 738 alla-

618 785 728 832 tam
761 775 1070 848 signiﬁcare
1087 776 1339 840 velimus,
1369 775 1465 830 sed
1506 776 1692 846 potius
1718 775 1937 831 beatum
1957 775 2184 831 Paulum

619 867 905 946 sequimur
933 867 1136 922 diserte
1169 866 1588 936 praedicantem:
1626 885 1646 917 ι
1681 867 1900 922 Primus
1924 868 2090 933 homo
2117 867 2187 922 de

619 966 786 1024 terra,
833 966 1118 1022 terrenus;
1151 957 1426 1012 secundus
1462 959 1629 1013 homo
1661 959 1730 1016 de
1747 958 1888 1015 caelo
1909 958 1973 1013 ⁸³.
2012 978 2031 1011 ι
2073 959 2188 1014 Me-

619 1046 882 1101 minimus
902 1045 1067 1102 etiam
1113 1045 1287 1116 ipsius
1323 1046 1624 1102 Salvatoris
1651 1047 1926 1102 dicentis:
1953 1066 1972 1100 ι
2014 1047 2187 1103 Nemo

619 1132 868 1192 ascendit
894 1136 950 1190 in
977 1135 1327 1201 cminm,nisi
1359 1136 1454 1208 qui
1490 1137 1777 1193 descendit
1804 1137 1873 1194 de
1902 1140 2063 1203 ctelo,
2095 1139 2187 1194 Fi-

620 1226 731 1284 lius
761 1226 1081 1282 hominis“.
1120 1246 1140 1279 ι
1166 1227 1427 1294 Quamvis
1457 1229 1604 1284 enim
1636 1245 1704 1284 ex
1732 1238 1923 1286 sancta
1941 1231 2186 1302 Virgine,

619 1327 687 1375 ut
714 1316 877 1374 modo
892 1317 1028 1383 dixi,
1050 1319 1354 1375 secundum
1386 1335 1608 1376 carnem
1642 1329 1806 1378 natus
1830 1322 1922 1388 sit,
1949 1329 2190 1378 attamen

620 1409 752 1482 quia
779 1409 924 1465 Deus
955 1410 1197 1467 Verbum
1232 1428 1267 1468 e
1301 1413 1558 1484 supernis
1593 1413 1852 1484 deorsum
1880 1415 2188 1481 descendit,

481 1562 500 1584 ρ
620 1498 917 1569 servilique
962 1498 1138 1555 forma
1187 1510 1500 1574 assumpta,
1539 1503 1895 1576 semetipsum
1937 1506 2190 1561 exinani-

619 1589 702 1645 vit
713 1590 781 1656 ⁸³,
797 1606 862 1646 ac
879 1590 1051 1647 Filius
1067 1592 1310 1649 hominis
1325 1595 1634 1666 appellatus
1648 1594 1775 1660 fuit,
1795 1611 2026 1652 manens
2041 1596 2193 1668 quod

620 1687 764 1744 erat,
796 1678 904 1735 hoc
923 1687 1009 1735 est
1027 1679 1172 1736 Deus
1191 1680 1574 1752 (immutabilis
1586 1682 1734 1740 enim
1753 1683 2190 1742 et'inalterabilis

619 1779 709 1828 est
740 1771 1042 1828 secundum
1076 1773 1354 1844 propriam
1387 1775 1700 1848 naturam);
1737 1783 1996 1848 tanquam
2042 1794 2188 1834 unus

2286 589 2542 661 ἑπόμενοι
2568 588 2624 643 δὲ
2668 587 2870 660 μᾶλλον
2897 586 2977 657 τῷ
3009 584 3282 656 θεσπεσίῳ
3309 582 3529 654 Παύλῳ,
3563 581 3875 650 διακεκρα-

2284 682 2403 750 γότι
2432 680 2648 751 σαφῶς·
2687 699 2708 732 ι
2741 680 2800 733 '0
2831 679 3048 750 πρῶτος
3081 677 3385 750 Δἄνθρωπος
3415 676 3481 730 ἑκ
3524 668 3627 745 γῆς
3651 672 3870 744 χοϊκός·

2283 772 2313 825 6
2340 771 2589 843 δεύτερος
2627 769 2915 841 ἅνθρωπος
2955 769 3057 837 ὶξδ
3085 766 3338 840 ούρανοῦ.
3366 786 3386 820 ι
3421 763 3770 836 Μεμνήμεθα
3808 761 3878 816 ἃ

2285 865 2381 919 καὶ
2416 863 2581 919 αὑτοῦ
2610 863 2710 918 τοῦ
2737 862 2990 934 Σωτῆρος
3025 859 3274 930 λέγοντος
3294 873 3308 888 ο
3347 878 3365 911 ι
3392 856 3502 913 Καὶ
3526 855 3703 920 οὐδεὶς
3739 856 3882 910 ἀναν

2284 953 2517 1025 ϐέϐηκεν
2539 957 2619 1019 είς
2641 953 2734 1007 τὸν
2764 951 3016 1022 οὐρανὸν,
3046 952 3096 1004 εί
3127 949 3202 1021 μὴ
3239 951 3269 1004 6
3299 949 3364 1002 tat
3383 945 3477 1001 τοῦ
3505 942 3738 1016 ούρανοῦ
3766 958 3879 997 κα-

2283 1046 2474 1114 ταϐὰς,
2515 1049 2545 1101 ό
2593 1045 2717 1110 Υἱὸς
2759 1043 2854 1099 τοῦ
2895 1039 3206 1114 ἀνθρώπου.
3228 1059 3250 1094 ι
3293 1040 3488 1095 Καίτοι
3537 1035 3877 1107 γεγέννηται

2285 1134 2432 1190 κατὰ
2477 1135 2678 1205 σάρκα,
2725 1133 2976 1204 καθάπερ
3017 1131 3155 1202 ἔφην
3203 1129 3426 1201 ἀρτίως,
3460 1130 3526 1183 tit
3561 1127 3660 1198 τ’ῆς
3702 1123 3878 1194 ἁγίαις

2287 1227 2592 1298 Παρθένου·
2620 1226 2822 1298 ἐπειδὴ
2851 1225 2909 1280 ἃ
2953 1222 3179 1284 ἀνωθεν.
3209 1221 3307 1277 καὶ
3332 1219 3394 1286 ιε
3418 1215 3651 1291 ούρανοῦ
3695 1233 3876 1272 κατα-

2288 1319 2603 1390 φοιτήσαςό
2632 1317 2764 1382 Θεὸς
2792 1317 2966 1388 Λόγος
3011 1314 3321 1370 κεκένωκεν
3372 1313 3588 1379 ἑαυτὸν,
3651 1308 3876 1383 μορφὴν

2287 1411 2476 1466 δούλου
2525 1409 2727 1474 λαϐὼν,
2771 1409 2869 1464 καὶ
2913 1406 3316 1480 ιιιχρημάτικεν
3365 1402 3496 1466 Υἱὸς
3546 1399 3874 1472 ανθρώπου,

2293 1503 2431 1578 μετὰ
2460 1501 2554 1558 τοῦ
2599 1505 2778 1575 μεῖναι
2812 1500 2842 1554 6
2887 1496 2978 1573 ἧν,
3009 1499 3157 1554 τοῦτ’
3194 1498 3311 1552 εστι
3381 1495 3517 1560 Θεὸς
3573 1493 3878 1565 (ἄτρεπτος

2288 1595 2398 1668 γὰρ
2427 1596 2520 1650 καὶ
2545 1593 2899 1657 ἀναλλοίωτος
2923 1591 3067 1646 κατὰ
3102 1589 3265 1661 φύσιν
3291 1585 3485 1659 εστὶν),
3517 1584 3596 1650 ὡς
3637 1578 3718 1650 εἷς
3762 1582 3874 1656 ῆὸη

2288 1685 2577 1759 νοούμενος
2603 1685 2742 1757 μετὰ
2767 1683 2870 1756 τῆς
2901 1680 3042 1747 ιδίας
3079 1680 3303 1754 σαρκὸς,
3333 1679 3400 1747 ιε
3421 1674 3656 1750 οὐρανοῦ
3703 1674 3876 1740 λίγε-

2289 1794 2380 1832 ται
2402 1774 2702 1830 κατελθεῐν.
2743 1774 3068 1846 Ὦνόμασται
3093 1771 3152 1825 δὲ
3180 1769 3276 1825 καὶ
3308 1768 3595 1841 ἄνθρωπος
3623 1764 3684 1829 ιε
3702 1764 3878 1837 οὐρα.

615 1863 731 1935 jam
750 1879 879 1920 cum
905 1837 1125 1936 propria
1143 1837 1313 1921 carne
1328 1837 1732 1934 consideratus,
1750 1883 1782 1924 e
1962 1868 2193 1926 descen-

2297 1868 2414 1935 νοῦ,
2437 1867 2645 1933 τελειος
2671 1865 2750 1921 ὢν
2775 1867 2833 1922 ιν
2865 1837 3103 1936 θεότητι,
3143 1859 3241 1918 καὶ
3281 1837 3491 1925 τέλειος
3515 1861 3545 1914 6
3575 1857 3737 1921 αὐτὸς
3763 1859 3874 1910 ινα

622 1954 771 2011 disse
802 1954 1027 2011 dicitur.
1057 1953 1386 2012 Nominatur
1397 1965 1583 2012 autem
1617 1965 1676 2012 et
1691 1957 1859 2014 homo
1888 1974 2108 2030 quoque
2127 1960 2196 2016 de

621 2044 782 2110 calo,
809 2045 1011 2118 quippe
1041 2061 1168 2103 cum
1201 2045 1480 2118 perfectus
1506 2047 1566 2104 in
1585 2047 1874 2105 divinitate
1902 2050 1992 2116 sit,
2020 2051 2197 2107 idem-

621 2151 733 2206 que
770 2137 828 2192 in
865 2136 1210 2194 humanitate
1249 2137 1559 2209 perfectus,
1593 2148 1651 2195 et
1692 2149 1954 2210 tanquam
1979 2141 2053 2198 in
2087 2157 2196 2198 una

620 2241 857 2298 persona
878 2227 1237 2300 intelligatur.
1272 2230 1425 2287 Unus
1445 2239 1532 2286 est
1556 2230 1704 2286 enim
1735 2231 2001 2288 Dominus
2031 2233 2196 2290 Jesus

618 2315 898 2384 Christus,
915 2320 1172 2390 quamvis
1193 2328 1517 2376 naturarum
1554 2319 1868 2378 diﬂ‘erentia
1898 2338 2010 2399 non
2034 2323 2194 2395 igno-

621 2416 796 2473 retur,
827 2424 859 2465 e
890 2408 1092 2480 quibus
1126 2409 1564 2481 inexplicabilem
1611 2411 1760 2468 illam
1809 2413 2072 2470 unionem
2109 2413 2192 2470 fa-

622 2505 766 2554 ctam
793 2497 961 2557 fuisse
988 2500 1240 2557 dicimus.
1265 2502 1380 2557 'hra
1406 2518 1539 2558 vero
1570 2505 1830 2561 sanctitas
1850 2505 2070 2561 illorum
2097 2521 2194 2562 ora

621 2593 982 2662 comprimere
1017 2592 1293 2665 dignetur,
1327 2595 1424 2664 qui
1444 2597 1873 2662 concretionem,
1894 2598 1981 2654 vel
2003 2598 2196 2655 confu—

621 2683 855 2748 sionem,
905 2684 993 2740 vel
1036 2685 1477 2741 commistionem
1514 2687 1676 2743 Verbi
1727 2689 1826 2745 Dei
1871 2705 1996 2747 cum
2025 2707 2194 2750 carne

621 2771 820 2828 factam
851 2788 974 2830 esse
1011 2774 1222 2831 dicunt.
1251 2776 1563 2840 Verisimile
1580 2795 1818 2852 namque
1849 2792 1934 2838 est
1951 2786 2193 2842 nonnul-

620 2862 705 2920 los
730 2878 875 2931 esse,
919 2865 1016 2937 qui
1054 2866 1161 2923 ista
1189 2883 1410 2939 quoque
1432 2869 1501 2925 de
1534 2886 1624 2928 me
1657 2873 1715 2928 in
1749 2873 1945 2946 vulgus
1963 2876 2192 2947 iactent,

620 2956 779 3028 quasi
829 2957 961 3014 talia
1009 2958 1276 3015 senserim
1321 2968 1418 3017 aut
1491 2961 1748 3020 dixerim.
1831 2966 2002 3038 Atqui
2068 2978 2193 3025 tan-

621 3056 741 3103 tum
788 3048 946 3105 abest
995 3059 1059 3105 ut
1114 3051 1387 3123 ejusmodi
1453 3054 1736 3126 quidpiam
1801 3059 2057 3127 sentiam,
2131 3071 2194 3118 ut

2297 1958 2698 2031 ἀνθρωπότητι,
2733 1954 2831 2012 καὶ
2863 1955 2940 2020 ὡς
2988 1955 3049 2010 ἄν
3092 1953 3176 2008 lvi
3228 1951 3507 2025 προσώπῳ
3556 1949 3872 2021 νοούμενος.

2297 2046 2392 2116 Εἷς
2411 2050 2520 2121 γὰρ
2541 2050 2745 2122 Κύριος
2786 2046 2992 2120 Ἰησοῦς
3027 2043 3284 2119 Χριστδς,
3314 2042 3419 2099 κᾶν
3442 2043 3477 2114 ἡ
3500 2041 3610 2096 τῶν
3653 2041 3877 2113 φύσεων

2301 2141 2378 2214 μὴ
2413 2141 2677 2213 ἀγνοῆται
2709 2138 2962 2211 διαφορὰ,
3011 2137 3072 2202 ιξ
3102 2130 3179 2192 ὧν
3207 2136 3308 2207 τὴν
3337 2134 3650 2216 ἀπόρρητον
3675 2131 3876 2187 ῑνωσιν

2298 2234 2611 2308 πεπραχθαι
2651 2233 2853 2304 φαμέν.
2893 2230 3032 2295 Τοὺς
3059 2230 3118 2286 δι
3145 2227 3401 2298 λέγοντας
3439 2226 3523 2281 ότι
3570 2225 3792 2297 κρᾶσις,
3833 2221 3874 2294 ἢ

2297 2326 2580 2396 σύγχυσις,
2619 2324 2654 2395 ἢ
2708 2321 2924 2394 φυρμὺς
2963 2321 3183 2391 ἐγίνετο
3217 2317 3312 2373 τοῦ
3338 2315 3482 2372 Θεοῦ
3512 2316 3692 2386 Λόγου
3720 2313 3865 2387 πρὸς

2294 2417 2395 2491 τὴν
2419 2416 2623 2488 σάρκα,
2653 2413 3045 2482 καταξιωσάτω
3071 2413 3107 2483 ἡ
3130 2408 3198 2482 σὴ
3221 2409 3440 2480 ὁσιότης
3468 2404 3871 2477 ιπιστομίζειν.

2293 2508 2456 2573 Εἰκὸς
2484 2507 2594 2580 γάρ
2638 2523 2792 2570 τινας
2817 2504 2914 2559 καὶ
2949 2501 3123 2558 ταῦτα
3171 2499 3300 2573 περὶ
3323 2497 3461 2571 ιμοῦ
3493 2497 3764 2570 θρυλλεῐν,
3792 2496 3875 2560 ὡς

2292 2600 2328 2670 ἢ
2390 2595 2819 2671 πεφρονηκότος.
2875 2594 2911 2666 ἢ
2941 2592 3248 2666 ιίρηιιότος.
3304 2587 3447 2658 Ἐγὼ
3503 2588 3563 2642 δι
3614 2584 3875 2642 τοσοῦτον

2294 2689 2579 2761 ἀφέστηκα
2620 2685 2716 2743 τοῦ
2744 2684 3011 2759 φρονῆσαί
3050 2699 3105 2737 τι
3150 2680 3411 2748 τοιοῦτον,
3437 2678 3579 2734 ὥστε
3613 2678 3712 2733 καὶ
3743 2675 3876 2749 μαε-

2294 2781 2486 2838 νεσθαι
2503 2780 2710 2853 νομίζω
2735 2778 2863 2842 τοὺς
2889 2775 3174 2849 οἰηθέντας
3201 2772 3361 2841 ὅλως,
3388 2772 3472 2828 ότι
3492 2768 3701 2844 τροπῆς
3730 2769 3875 2824 ἀπο-

2297 2875 2540 2944 σκίασμα
2572 2871 2700 2944 περὶ
2734 2869 2838 2942 τὴν
2866 2869 2962 2922 τοῦ
3002 2866 3141 2922 Θεοῦ
3169 2864 3346 2935 Λόγου
3387 2860 3550 2935 φύσιν
3595 2859 3875 2932 συμϐῆναι

2293 2966 2533 3033 δύναται,
2561 2963 2731 3020 Μόνιι
2761 2961 2873 3034 γὰρ
2894 2961 2924 3015 6
2952 2959 3100 3012 ἐστιν
3132 2955 3244 3024 ἀεὶ,
3277 2954 3374 3010 καὶ
3400 2953 3501 3017 sint
3537 2949 3830 3025 ἠλλοίωται
3852 2963 3870 2979 °
3917 2998 3920 3000 .

2293 3055 2410 3112 ἀλλ’
2433 3053 2544 3110 οὐδ’
2557 3052 2626 3108 ἃν
2645 3048 2964 3119 ἀλλοιωθείη
2982 3045 3224 3112 πώποτε,
3251 3043 3346 3098 καὶ
3376 3039 3683 3113 μεταϐολῆς
3709 3037 3872 3093 εσται

618 3155 719 3198 eos
772 3142 938 3198 etiam
989 3142 1232 3200 insanire
1282 3145 1614 3214 existimem,
1657 3150 1759 3221 qui
1799 3151 1889 3207 vel
1951 3153 2190 3225 aliquam

2296 3145 2540 3218 δεκτική.
2587 3143 2798 3212 ’Δπαθῆ
2823 3141 2881 3195 δι
2907 3139 3047 3212 πρὸς
3073 3137 3249 3210 τούτῳ
3269 3135 3382 3230 τὺνῄ
3397 3133 3494 3189 τοῦ
3514 3131 3654 3230 βιοῦ
3685 3131 3870 3230 Λόγον

620 3235 999 3292 conversionis
1061 3236 1536 3296 adumbrationem
1607 3243 1666 3297 in
1739 3242 1983 3300 divinam
2059 3247 2194 3302 Ver-

621 3331 681 3387 bi
723 3340 976 3388 naturam
999 3334 1197 3391 cadere
1243 3350 1404 3412 posse
1434 3337 1804 3409 suspicantur.
1836 3339 2020 3396 Manet
2043 3342 2192 3412 enim

623 3423 719 3481 illa
741 3424 888 3496 quod
906 3433 994 3481 est
1022 3440 1272 3497 semper;
1317 3445 1495 3501 neque
1526 3429 1754 3488 alterata
1780 3441 1884 3498 est,
1916 3433 2079 3505 108
2098 3435 2194 3491 sed

621 3530 804 3587 neque
832 3531 1072 3588 unquam
1101 3518 1451 3586 alterabitnr,
1477 3537 1658 3594 neque
1681 3523 1848 3580 ullius
1876 3526 1984 3581 erit
2014 3536 2193 3582 muta-

623 3605 793 3662 tionis
817 3621 1005 3678 capax.
1056 3608 1364 3680 hnpatihile
1397 3620 1663 3686 pmterea
1694 3614 1876 3691 ipsum
1921 3613 2018 3672 Dei
2053 3617 2194 3673 Ver-

623 3695 758 3752 bum
781 3694 1108 3753 coniitemur
1128 3714 1343 3764 omnes,
1368 3699 1586 3756 etiamsi
1619 3701 1933 3759 admirabili
1958 3704 2195 3775 quadam

622 3787 892 3860 sapientia
934 3791 1257 3861 mysterium
1293 3792 1400 3848 hoc
1431 3792 1549 3864 ipse
1589 3792 1935 3866 dispensans,
1969 3811 2065 3852 eas
2090 3796 2196 3853 sibi

623 3875 903 3933 ascribere
961 3889 1221 3935 cernatur
1259 3881 1565 3952 passiones,
1592 3898 1716 3962 qua
1759 3884 1998 3962 propria:
2043 3885 2198 3942 carni

623 3967 964 4025 acciderunt.
1004 3969 1144 4026 Hinc
1193 3986 1414 4044 quoque
1454 3961 1894 4046 sapientissimus
1944 3977 2143 4034 Petrus
2179 3996 2193 4032 :

621 4059 862 4125 Christo,
884 4060 1200 4134 inquit,pro
1221 4063 1380 4120 nobis
1405 4079 1567 4143 passo
1589 4065 1648 4122 bi
1671 4082 1858 4134 carne,
1879 4084 1994 4125 non
2012 4077 2197 4128 autem

624 4153 682 4209 in
713 4151 803 4208 illa
845 4152 1113 4209 ineﬂabili
1139 4154 1445 4213 divinitatis
1469 4166 1670 4216 natura
1692 4160 1758 4217 “.
1786 4161 1861 4218 Ut
1889 4163 2039 4218 enim
2077 4163 2198 4232 ipse

626 4244 870 4300 omnium
899 4245 1149 4303 Salvator
1178 4262 1298 4303 esse
1321 4248 1600 4316 credatur,
1626 4253 2028 4325 dispensatoris
2054 4272 2194 4328 qua-

626 4335 749 4395 dam
771 4337 1237 4408 appropriatione,
1255 4341 1492 4412 propria:
1512 4343 1694 4400 carnis
1712 4345 2018 4415 passiones,
2041 4348 2198 4418 quasi

624 4426 875 4496 proprias
889 4426 944 4482 in
971 4428 1233 4499 seipsum,
1259 4437 1322 4484 ut
1350 4431 1464 4502 jam
1489 4431 1623 4498 dixi,
1655 4433 1846 4490 refert.
1876 4434 2196 4507 Cujusmodi

2296 3236 2563 3310 ὑπάρχειν
2610 3230 2982 3306 ὁμολογοῦμεν
3009 3231 3265 3292 ἅπαντας,
3315 3224 3423 3281 κᾶν
3479 3225 3531 3280 εί
3575 3224 3876 3293 πανσόφως

2295 3329 2457 3394 αὐτὸς
2505 3326 2804 3397 οίκονομῶν
2851 3323 2912 3378 τὺ
2969 3320 3283 3395 μυστήριον,
3308 3316 3490 3390 ἑαυτῷ
3546 3314 3876 3390 προσνέμων

2295 3419 2470 3492 όρῷτο
2499 3418 2572 3473 τὰ
2627 3417 2734 3489 [die
2761 3414 2928 3487 σαρκὶ
2956 3410 3342 3485 συμϐεϐηκότα
3367 3407 3540 3481 πάθη.
3567 3406 3761 3481 Ταύτῃ
3785 3422 3872 3461 τοι

2297 3512 2393 3566 καὶ
2428 3513 2458 3566 6
2493 3511 2769 3578 πάνσοφος
2815 3507 3042 3579 Πότρος,
3086 3501 3351 3576 Χριστοῦ,
3402 3500 3558 3577 φησι,
3604 3498 3874 3564 παθόντος

2299 3603 2485 3676 σαρκὶ,
2519 3602 2614 3657 καὶ
2644 3601 2766 3673 οὐχὶ
2784 3601 2853 3672 τῇ
2878 3599 3035 3669 φύσει
3058 3597 3158 3669 τῆς
3177 3595 3421 3669 ἀρρήτου
3452 3592 3723 3665 θεότητος.
3754 3592 3872 3648 Ἵνα

2298 3695 2408 3767 γὰρ
2439 3693 2601 3760 αὐτὸς
2635 3693 2748 3747 τῶν
2786 3690 2924 3746 ὅλων
2950 3688 3140 3763 Σωτὴρ
3171 3682 3315 3742 εἶναι
3355 3685 3700 3756 πιστεύηται,
3746 3683 3872 3737 κατ’

2297 3787 2572 3843 οίιιείωσιν
2617 3782 2969 3856 οἰκονομικὴν
2995 3783 3077 3846 είς
3124 3780 3338 3845 ἑαυτὸν,
3363 3778 3439 3844 ὡς
3490 3777 3649 3849 ιφην,
3676 3775 3748 3831 τὰ
3770 3775 3873 3848 τῆς

2302 3878 2441 3945 ιδίας
2483 3877 2686 3952 σαρκὸς
2734 3874 2995 3946 ἀναφέρει
3045 3873 3216 3944 πάθη.
3254 3869 3464 3926 ὀποῑόν
3501 3869 3620 3923 ἔστι
3687 3867 3750 3922 τὸ
3781 3866 3873 3923 διὰ

2297 3971 2399 4044 τῆς
2431 3969 2526 4025 τοῦ
2556 3969 2836 4042 προφήτου
2884 3965 3068 4037 φωνῆς
3093 3959 3681 4036 προαναφωνούμενον,
3711 3957 3788 4022 ὡς
3809 3956 3872 4024 ιε

2300 4063 2497 4120 αὐτοῦ·
2536 4082 2555 4116 ι
2578 4062 2684 4118 Τδν
2728 4058 2896 4115 νῶτόν
2945 4075 3049 4140 μου
3089 4054 3297 4111 δέδωκα
3323 4053 3406 4118 είς
3438 4052 3735 4125 μάστιγας,
3767 4048 3870 4114 τὰς

2297 4157 2356 4211 δὲ
2387 4156 2642 4226 σιαγόνας
2668 4170 2771 4226 μου
2795 4152 2877 4217 είς
2904 4151 3246 4224 ῥαπίσματα,
3265 4145 3327 4201 τδ
3355 4145 3423 4201 δι·
3442 4143 3734 4218 πρόσωπόν
3761 4158 3866 4212 μου

2298 4250 2399 4306 οὐκ
2423 4245 2744 4319 ἀπέστρεψα
2779 4244 2887 4299 ἀπὸ
2915 4241 3177 4314 αἰσχύνης
3224 4237 3658 4311 ἐμπτυσμάτων.
3679 4253 3699 4287 ι
3739 4235 3873 4288 Ὀτι

2298 4342 2358 4396 δὲ
2395 4341 2516 4404 ταῖς
2548 4337 2660 4392 τῶν
2687 4334 2856 4406 ἁγίων
2892 4333 3152 4406 Πατὲρων
3177 4330 3357 4399 δόξαις
3383 4325 3632 4399 ἑπόμεθα
3663 4340 3871 4380 παντα·

2300 4432 2418 4505 χοῦ,
2475 4431 2707 4504 μάλιστα
2754 4429 2813 4482 δὲ
2865 4425 2962 4481 τοῦ
3020 4423 3291 4496 μακαρίου
3355 4421 3454 4475 καὶ
3507 4418 3872 4490 πανευφήμου

623 4525 710 4572 est
731 4517 887 4582 illud,
914 4517 1063 4589 quod
1085 4519 1240 4575 velut
1266 4535 1335 4576 ex
1356 4521 1506 4578 illius
1535 4539 1768 4594 persona
1794 4541 1894 4596 per
1914 4527 2193 4598 propheta:

2299 4524 2517 4596 Πατρός
2545 4521 2701 4596 ἡμῶν
2737 4518 3078 4584 ’Δθανασίου,
3106 4515 3167 4569 τὸ
3192 4513 3337 4570 κατὰ
3360 4530 3416 4567 τι
3439 4511 3571 4582 γοῦν
3595 4509 3729 4574 ὅλως
3767 4508 3876 4576 ἐξω

623 4617 816 4661 vocem
842 4606 1040 4662 alicubi
1065 4608 1380 4680 praedicitur
1410 4627 1432 4663 :-
1460 4630 1480 4662 ι
1517 4612 1749 4669 Dorsum
1775 4629 1958 4669 meum
1978 4615 2109 4672 dedi
2125 4617 2195 4671 ad

623 4698 859 4769 ﬂagella,
884 4707 942 4753 et
985 4701 1232 4758 maxilias
1254 4718 1405 4759 meas
1439 4704 1507 4760 ad
1538 4706 1749 4776 alapas,
1785 4705 1982 4761 faciem
2012 4718 2194 4764 autem

624 4804 803 4847 meam
833 4805 946 4846 non
975 4794 1148 4849 averti
1170 4810 1201 4849 a
1223 4795 1546 4852 confusione
1568 4807 1856 4868 sputorum
1876 4799 1942 4853 ".
1973 4819 1992 4851 ι
2040 4799 2196 4866 Quod

623 4896 758 4939 vero
789 4891 1107 4939 sanctorum
1130 4885 1374 4952 Patrum,
1404 4888 1641 4945 maxime
1672 4899 1855 4946 autem
1879 4891 2026 4946 beati
2049 4893 2194 4947 cele-

626 4972 964 5044 berrimique
995 4975 1176 5031 Patris
1205 4979 1381 5033 nostri
1417 4979 1725 5046 Athanasii,
1747 4984 2053 5039 sententias
2074 4983 2198 5039 ubi-

624 5078 732 5132 que
762 5079 1076 5134 sequamur,
1101 5073 1158 5122 et
1198 5082 1489 5124 caveamus
1527 5086 1596 5126 ne
1641 5072 1733 5128 vel"
1756 5074 1982 5129 minima
2028 5075 2087 5130 in
2139 5090 2197 5130 re

624 5155 984 5222 declinemus,
1011 5158 1065 5214 id
1099 5166 1196 5213 tua
1213 5160 1436 5229 quidem
1460 5163 1722 5219 sanctitas
1746 5175 1900 5222 certo
1931 5167 2036 5222 sibi
2070 5183 2196 5238 per-

625 5245 874 5310 suadeat,
910 5262 1091 5317 neque
1133 5248 1274 5305 alius
1301 5250 1591 5321 quisquam
1617 5255 1875 5326 ambigat.
1921 5255 2088 5310 Multa
2112 5256 2198 5311 his

625 5335 1000 5406 adjunxissem
1047 5337 1264 5394 illorum
1313 5341 1646 5408 testimonia,
1693 5343 1857 5399 ﬁdem
1902 5345 2034 5401 huic
2069 5361 2196 5401 ora-

627 5424 762 5480 tioni
791 5440 927 5482 meae
953 5427 1276 5494 concilians,
1307 5431 1414 5486 nisi
1443 5433 1761 5490 metuissem
1787 5452 1858 5491 ne
1886 5436 2194 5493 litterarum

2297 4614 2560 4689 φέρεσθαι
2608 4610 3052 4682 παραιτούμενοι,
3102 4605 3383 4662 πεπείσθω
3432 4601 3532 4674 μὲν
3556 4603 3591 4672 η
3630 4599 3700 4671 σὴ
3725 4599 3873 4654 όσιόο

2297 4726 2424 4778 της.
2457 4704 2780 4769 ὲνδοιαξέτω
2828 4704 2888 4764 δὲ
2930 4702 3040 4755 τῶν
3085 4699 3260 4757 ἄλλων
3311 4694 3518 4770 μηδείς.
3573 4692 3872 4766 Παρὲθηκα

2297 4799 2341 4852 δ’
2375 4797 2441 4852 ἂν
2471 4796 2566 4853 καὶ
2597 4796 2824 4866 χρήσεις
2847 4790 3030 4848 αὐτῶν
3068 4790 3290 4856 πολλὰς,
3336 4787 3465 4850 τοὺς
3515 4779 3756 4855 ιμαυτοῦ
3785 4779 3875 4833 λό-

2297 4907 2430 4959 γους
2466 4887 2528 4954 ὲξ
2556 4886 2733 4943 αὐτῶν
2763 4883 3146 4954 πιστούμενος,
3167 4883 3217 4935 εί
3253 4878 3330 4951 μὴ
3356 4877 3418 4932 τδ
3446 4877 3621 4949 μῆκος
3652 4870 3874 4926 ἐδεδίειν

2297 4983 2394 5038 τοῦ
2441 4980 2793 5054 γράμματος,
2842 4978 2918 5050 μὴ
2967 4978 3075 5048 ἄρα
3129 4991 3248 5038 πως
3304 4971 3530 5044 γίνηται
3572 4968 3660 5025 διὰ
3712 4965 3874 5021 τοῦτο

2297 5071 2621 5146 προσκορές.
2657 5071 2770 5126 Καὶ
2817 5071 2939 5124 κατ’
2972 5067 3165 5122 οὐδένα
3215 5064 3274 5119 δὲ
3313 5063 3514 5136 τρόπον
3547 5059 3871 5116 σαλεύεσθαι

2296 5163 2435 5234 πρός
2492 5178 2654 5215 τινων
2699 5159 3008 5232 ἀνεχόμεθα
3035 5157 3134 5228 τὴν
3167 5155 3478 5228 ὁρισθεῖσαν
3499 5154 3714 5219 πίστιν,
3750 5150 3872 5222 ῆτοι

2295 5256 2355 5309 τὸ
2390 5254 2492 5325 τῆς
2526 5254 2760 5319 πίστεως
2807 5251 3096 5324 σύμϐολον,
3146 5249 3296 5319 παρά
3335 5246 3446 5300 τῶν
3490 5245 3663 5315 ἁγίων
3713 5242 3871 5314 ἡμῶν

2296 5344 2577 5415 Πατέρων,
2606 5343 2714 5400 τῶν
2737 5345 2796 5398 ὲν
2827 5341 3034 5413 Νικαίᾳ
3068 5339 3429 5394 συνελθόντων
3455 5336 3598 5391 κατὰ
3623 5333 3866 5407 καιρούς.

2295 5436 2437 5490 Oli-re
2489 5433 2594 5504 μὴν
2625 5433 3000 5505 ιπιτρέπομεν
3047 5431 3284 5499 ἑαυτοῖς,
3316 5428 3352 5502 ἢ
3389 5427 3623 5500 ἑτέροις,
3655 5423 3689 5496 ἢ
3725 5423 3871 5494 λέξιν

699 5582 745 5615 ⁸³
770 5583 790 5639 1
818 5583 944 5642 Cor.
977 5601 1044 5639 xv
1096 5588 1183 5642 Π.
1261 5589 1480 5644 “Joan.
1512 5607 1569 5646 ιιι
1624 5592 1708 5646 l5.
1785 5592 1830 5626 “
1855 5592 2179 5665 Philippi],

2342 5592 2428 5648 ⁸⁸1
2460 5591 2604 5646 Petr.
2642 5607 2713 5655 iV,
2743 5590 2795 5644 1.
2874 5587 2920 5620 ³⁷
2953 5587 3054 5643 lsa.
3084 5603 3135 5642 ι.
3167 5585 3221 5641 6.

1679 5732 1850 5788 νοτία»
1881 5734 2140 5788 lectiones
2162 5734 2367 5789 codicis
2406 5729 2767 5803 Seguieriani.

721 5817 747 5860 δ
784 5821 810 5871 ό
836 5817 1041 5890 κύριος,
1070 5818 1146 5885 ἐξ.
1228 5831 1248 5860 ε
1281 5819 1355 5874 ὥν
1373 5821 1452 5876 ὲν.
