4126 6314
615 331 722 392 185
1642 330 1702 391 S.
1733 328 2012 390 CYlllLLl
2047 328 2520 388 ALEXAme
2556 328 2880 389 ARCHIEP.

3771 329 3880 389 186

612 447 762 506 deat.
793 447 934 506 Cum
965 461 1101 505 vero
1114 456 1340 522 tempus
1359 448 1634 506 salutandi
1670 448 1986 506 facultatem
2005 447 2190 514 ofert,

2304 463 2474 519 ματος
2497 446 2867 520 διακομιστῶν
2893 449 2928 520 ή
2960 448 3178 513 σπάνις.
3203 446 3412 522 Καιροῦ
3439 448 3497 504 δὲ
3530 447 3593 504 τὸ
3618 446 3882 504 δύνασθαι

611 550 732 597 tum
751 554 817 596 ea
840 554 932 596 res
959 555 1072 612 pro
1089 540 1358 614 inspirata
1384 541 1737 614 iucundoque
1757 543 1918 599 lucro
1941 541 2200 598 habenda

2304 541 2620 610 προσειπεῖν
2649 539 3018 611 είσφόροντος.
3045 539 3259 614 εὕρεμα
3304 541 3579 614 προσηνδς
3606 538 3884 594 ποιεῖσθαι

608 639 717 699 est,
731 639 789 689 et
820 631 892 688 ad
906 641 1034 689 vota
1052 633 1194 691 adeo
1225 643 1482 706 exoptata
1510 635 1749 692 libenter
1788 644 1876 693 est
1898 651 2199 692 accurren-

2304 630 2576 702 προσήκει
2605 631 2668 685 τὸ
2702 632 2957 704 πρᾶγμα,
2989 632 3086 688 καὶ
3113 652 3138 682 ο
3161 635 3275 699 τοῖς
3303 631 3451 688 οὕτω
3473 630 3823 706 τριποθήτοις
3856 630 3880 671 ί

609 723 766 782 dum.
798 725 1060 798 llajorcm
1091 727 1281 801 itaque
1314 729 1373 786 in
1393 729 1623 787 modum
1645 731 1954 788 sanctitatis
1978 739 2092 787 tua:
2106 730 2198 787 lit-

2304 720 2553 792 ἀσμένως
2579 721 2874 795 ιπιπηδᾷν.
2913 720 3137 788 Ἡσθεὶς
3193 722 3261 798 δὴ
3312 717 3409 779 οὖν
3438 723 3580 792 ἄγαν
3628 721 3718 778 ἰπὶ
3761 721 3884 784 τοις

611 813 749 871 teris
767 814 958 872 latitia
998 817 1232 875 aﬂectus
1261 833 1408 886 sum,
1432 828 1491 876 et
1519 819 1824 877 admiratus
1844 821 2196 878 aﬂ'ectionem

2304 813 2454 888 παρά
2500 817 2604 888 τῆς
2648 815 2753 885 σῆς
2797 815 3140 889 τελειότητος
3179 815 3637 888 ἀπεσταλμένοις.
3666 815 3762 870 καὶ
3784 829 3882 869 τε·

610 904 784 961 animi
803 906 906 971 tui,
926 906 1226 964 arbitratus
1239 923 1364 965 sum
1379 918 1700 981 pacatarum
1716 908 2091 967 Ecclesiarum
2107 925 2199 966 ra-

2304 903 2598 978 θαυμακὼς
2637 905 2739 978 τὴν
2785 905 3045 970 διάθεσιν,
3074 906 3185 961 δεῖν
3235 905 3430 979 ᾠήθην
3466 905 3566 977 τῆς
3592 903 3702 960 τῶν
3750 903 3884 959 Ἐκ-

612 998 821 1055 tionem
859 1007 918 1056 et
963 999 1190 1056 modum
1214 1000 1520 1074 integritati
1569 1010 1678 1058 tua:
1721 1001 1914 1058 ordine
1958 1001 2202 1073 panden-

2304 996 2537 1072 ιελησιῶν
2579 999 2804 1072 είρήνης
2841 998 3244 1086 ’καταμηνύσαι
3278 999 3372 1054 τὸν
3415 997 3646 1074 τρόπον·
3671 994 3888 1052 ἕκαπά

610 1089 769 1155 dum,
802 1088 1152 1163 singulaque,
1176 1101 1239 1147 ut
1263 1102 1417 1165 gesta
1451 1101 1605 1158 sunt,
1643 1093 1939 1150 indicanda
1973 1109 2118 1150 esse.

679 1183 1149 1256 Religiosissimus
1165 1193 1226 1241 et
1238 1184 1443 1242 Christi
1466 1187 1879 1245 amantissimus
1899 1188 2204 1259 imperator

609 1274 760 1348 quod
785 1275 1082 1347 plurimam
1107 1284 1166 1331 et
1190 1278 1560 1334 necessariam
1584 1286 1899 1335 sanctarum
1922 1279 2197 1337 Ecclesia-

611 1381 737 1424 rum
767 1382 956 1424 curam
987 1377 1232 1441 gereret,
1259 1369 1480 1427 illarum
1509 1370 1912 1428 dissensionem
1935 1372 2196 1429 intolera-

606 1459 780 1517 bilem
804 1459 1110 1532 judicabat.
1134 1461 1219 1517 Ad
1247 1476 1308 1518 se
1328 1479 1462 1536 ergo
1481 1479 1772 1521 accersens
1793 1466 2194 1523 reverendissi-

607 1567 762 1608 mum
788 1553 1307 1627 pientissimumque
1333 1555 1601 1613 Ecclesia:
1618 1558 1780 1629 110
1801 1557 2196 1616 Constantino-

608 1645 873 1717 politanae
924 1647 1248 1720 episcopum
1301 1646 1723 1716 Maximianum,
1778 1664 1844 1705 ac
1892 1650 2032 1706 alios
2083 1666 2196 1707 non

609 1752 843 1810 paucos,
866 1739 966 1810 qui
1000 1755 1105 1811 pro
1141 1748 1393 1812 tempore
1431 1739 1640 1796 ibidem
1685 1741 2191 1820 corpperiebantur,

2293 1110 2378 1160 τε,
2405 1096 2556 1159 ὅπως
2587 1093 2806 1164 γέγονε,
2833 1093 3086 1150 διειπείν.

2377 1185 2438 1242 ’0
2458 1186 2844 1252 εὐσεϐέστατος
2857 1187 2954 1242 καὶ
2969 1186 3313 1260 φιλόχριστος
3333 1184 3604 1257 βασιλεὺς,
3625 1183 3726 1256 τὴν
3740 1181 3888 1256 ὕπερ

2293 1278 2404 1333 τῶν
2426 1279 2601 1349 ἀγίων
2635 1276 2979 1352 Ἐκκλησιῶν
3026 1277 3286 1351 φροντίδα
3320 1276 3584 1348 πλείστην
3626 1278 3758 1345 ὅσην
3785 1273 3889 1328 καὶ

2294 1370 2601 1440 ἀναγκαίαν
2621 1369 2964 1442 ποιούμενος,
2989 1370 3054 1426 ού
3072 1369 3315 1444 φορητὴν
3334 1370 3522 1442 ήγεῖτο
3542 1366 3642 1440 τὴν
3672 1365 3888 1421 τούτων

2293 1463 2576 1536 ϐιχόνοιαν.
2613 1463 3131 1536 Μεταπεμψάμενος
3168 1462 3349 1519 τοίνυν
3374 1461 3468 1515 τδν
3489 1459 3890 1515 εὐλαϐέστατον

2294 1558 2390 1614 καὶ
2414 1559 2834 1614 θεοσεϐέστατον
2889 1557 3191 1613 ἐπίσκοπον
3229 1555 3332 1627 τῆς
3377 1552 3540 1625 ἁγίας
3591 1552 3887 1606 [immu—

2293 1649 2678 1705 τινουπολιτῶν
2716 1649 3043 1721 Ἐκκλησίας
3068 1646 3430 1720 Μαξιμιανδν,
3463 1644 3558 1699 καὶ
3587 1639 3893 1718 ἑτέρουςδδ

2295 1744 2586 1808 πλείστους
2611 1744 2722 1798 τῶν
2763 1742 2956 1799 αὐτόθι
2994 1739 3468 1812 κατειλημμένων,
3493 1736 3621 1792 τίνα
3660 1735 3725 1806 δὴ
3765 1730 3891 1806 τρό-

608 1831 762 1888 serio
788 1847 917 1889 eum
937 1833 1049 1891 illis
1067 1833 1436 1911 consultabat,
1459 1850 1702 1906 quornm
1733 1845 1895 1908 pacto
1919 1836 2196 1894 Ecclesia-

2304 1853 2401 1891 πον
2427 1837 2496 1891 iit
2531 1837 2703 1909 μέσου
2741 1837 2842 1907 μὲν
2865 1835 3066 1906 γένοιτ’
3090 1834 3158 1890 ἀν
3184 1832 3296 1887 τῶν
3341 1826 3682 1911 Ἐκκλησιῶν
3705 1828 3739 1896 ή
3767 1825 3891 1882 θιαο

608 1939 739 1980 rum
764 1924 1057 1982 dissidium
1085 1941 1118 1983 e
1147 1926 1334 1984 medio
1365 1926 1506 1993 tolli,
1533 1926 1958 2000 divinorumque
1990 1937 2197 2002 myste-

610 2016 827 2074 riorum
862 2016 1103 2076 ministri
1140 2019 1211 2075 ad
1255 2019 1610 2077 concordiam
1646 2031 1705 2076 et
1743 2036 1933 2092 pacem
1973 2030 2200 2092 possent

611 2107 811 2181 redigi.
844 2108 930 2166 illi
970 2126 1106 2167 vero
1143 2127 1258 2167 non
1296 2111 1462 2168 aliter
1499 2129 1743 2184 unquam
1775 2113 1833 2169 id
1864 2113 1990 2170 ﬁeri
2013 2129 2197 2186 posse,

609 2216 795 2273 neque
827 2202 989 2274 prius
1028 2203 1162 2260 illos
1195 2203 1266 2260 de
1307 2204 1511 2276 quibus
1545 2206 1832 2278 agebatur,
1868 2205 1926 2262 in
1963 2222 2198 2263 concor-

609 2292 763 2351 diam
787 2304 1055 2353 venturos
1082 2295 1325 2362 aiebant,
1350 2312 1518 2371 quam
1555 2299 1936 2355 unanimitatis
1971 2307 2029 2355 et
2061 2315 2204 2356 con-

611 2401 762 2444 sonat
791 2386 925 2444 ﬁdei
942 2388 1236 2445 vinculum-
1271 2389 1342 2447 iis
1375 2391 1749 2465 praefulgeret,
1778 2401 1835 2448 ct
1869 2394 2025 2464 quasi
2061 2410 2202 2465 pne-

609 2477 853 2536 ferretur
879 2498 901 2534 τ
921 2490 978 2536 et
1006 2490 1266 2554 oportere
1291 2483 1515 2540 aiebant
1557 2493 1620 2540 ut
1640 2485 2020 2556 pientissimus
2036 2486 2202 2542 Joan-

608 2585 712 2628 nes
735 2571 1116 2630 Antiochenus
1141 2576 1633 2632 anathematizaret
1657 2576 1898 2632 Nestorii
1922 2577 2197 2649 dogmata,

608 2677 678 2720 ac
705 2663 916 2735 scripto
952 2664 1109 2720 illius
1127 2663 1532 2738 depositionem
1572 2667 1932 2739 approbaret..
1953 2667 2069 2723 Hoc
2097 2684 2199 2724 au-

610 2763 726 2811 tem
771 2754 842 2812 ab
884 2755 980 2812 illo
1029 2756 1356 2828 impetrato,
1401 2759 1724 2832 episcopum
1768 2759 2199 2816 Alexandrinum

610 2849 854 2928 privatas
893 2848 1232 2909 oﬂ'ensiones
1273 2852 1546 2909 oblivioni
1586 2853 1941 2921 traditurum,
1970 2861 2028 2910 et
2063 2867 2200 2909 eon-

612 2939 891 3007 tumelias,
930 2929 1064 2998 licet
1099 2957 1181 2998 cae
1218 2943 1554 3015 gravissimae
1582 2952 1641 3000 et
1669 2944 1920 3000 maxima:
1952 2943 2200 3000 exstitis-

611 3035 759 3094 sent,
785 3043 926 3100 quas
954 3029 1158 3102 Ephesi
1189 3047 1484 3104 perpessus
1519 3033 1725 3101 fuerat,
1758 3041 1988 3106 propter
2014 3034 2200 3091 chari-

613 3127 784 3177 tatem
819 3121 983 3177 nihili
1023 3122 1322 3181 facturum.
1355 3125 1496 3183 Cum
1535 3127 1724 3198 itaque
1757 3122 2203 3200 religiOsissimus

614 3213 919 3286 imperator
940 3214 1012 3272 iis
1035 3218 1350 3282 assemiret,
1382 3234 1745 3291 magnamque
1770 3235 1840 3275 ex
1867 3235 1937 3276 co
1967 3219 2202 3277 consilio

612 3305 954 3377 voluptatem
977 3318 1226 3380 caperet,
1249 3311 1454 3369 missus
1480 3320 1586 3379 est,
1610 3313 1705 3384 qui
1734 3313 1842 3370 hoc
1869 3313 2050 3385 ipsum
2073 3329 2202 3385 pcr-

614 3395 826 3463 tlceret,
863 3396 1123 3456 dominus
1161 3416 1320 3458 meus
1363 3402 1816 3473 praeclarissimas
1854 3404 2114 3461 tribunus
2147 3413 2206 3461 et

614 3484 874 3541 notarius
895 3485 1227 3545 Aristolaus.
1257 3490 1623 3563 Posteaquam
1657 3508 1794 3550 vero
1831 3494 2206 3551 Orientalibus

617 3574 831 3649 regium
856 3576 1142 3636 decretum
1168 3582 1478 3652 expositum
1499 3590 1606 3650 est,
1627 3591 1686 3640 et
1707 3592 1971 3656 tanquam
1997 3584 2205 3641 factum

617 3682 690 3723 ex
717 3683 910 3724 comm
939 3671 1329 3742 episcoporum
1362 3675 1638 3730 sententia
1675 3676 1773 3747 qui
1811 3675 2205 3733 Constantino-

616 3757 731 3830 poli
766 3757 1035 3828 aderam;
1078 3762 1312 3817 consilio
1355 3763 1543 3819 nescio
1584 3780 1697 3836 quo
1735 3765 1882 3837 apud
1921 3766 2206 3823 sanctissi—

619 3865 771 3906 mum
809 3851 1231 3925 piissimumquc
1261 3854 1681 3913 Berrhmensem
1719 3858 2040 3930 episcopum
2069 3859 2210 3931 Apa-

619 3943 769 3999 cium
793 3945 1097 4016 congressi,
1147 3946 1319 4003 scribi
1353 3948 1420 4003 ad
1448 3964 1537 4004 mc
1558 3958 1849 4017 curarunt,
1882 3951 2206 4008 conventio—

618 4034 711 4091 nis
761 4034 1009 4103 modum,
1044 4036 1100 4092 id
1135 4046 1222 4093 est
1274 4047 1587 4098 sanctarum
1628 4042 2002 4101 Ecclesiarum
2033 4043 2205 4113 pacis,

621 4127 736 4184 nisi
776 4142 847 4184 eo
893 4127 1059 4184 modo
1095 4145 1261 4200 quem
1307 4131 1413 4202 ipsi
1460 4133 1905 4204 praescriberent,
1942 4133 2062 4190 ﬁeri
2095 4147 2209 4192 non

620 4222 847 4279 debere.
884 4222 1018 4279 Erat
1055 4233 1242 4280 autem
1285 4239 1364 4279 ea
1392 4224 1588 4296 petitio
1628 4225 1811 4297 gravis
1849 4241 1916 4281 ac
1956 4225 2204 4281 molesta.

621 4313 891 4372 Yolebant
913 4314 1064 4372 enim
1101 4331 1166 4371 ea
1201 4315 1386 4372 omnia
1413 4317 1650 4382 aboleri,
1675 4333 1797 4389 qua:
1821 4319 1912 4373 vel
1936 4317 2206 4389 epistolis,

618 4407 714 4465 vel
744 4407 930 4474 tomis,
953 4409 1042 4464 vel
1070 4408 1229 4465 libris
1253 4410 1658 4482 evulgaveram,
1685 4419 1743 4466 et
1771 4411 1875 4467 soli
1910 4409 2059 4476 ﬁdei,
2087 4427 2222 4482 quas

2226 3180 2275 3246 C

2299 1930 2466 2001 φορὰ,
2522 1929 2890 2002 κεκλήσονται
2937 1929 2996 1983 δὲ
3046 1927 3186 2000 πρὸς
3233 1925 3460 1998 είρήνην
3500 1923 3551 1976 oi
3580 1920 3692 1975 τῶν
3721 1918 3893 1973 θείων

2302 2020 2576 2093 ἱερουργοὶ
2613 2018 2951 2092 μυστηρίων,
2985 2015 3361 2071 διεσκέπτετο.
3408 2014 3474 2067 Οί
3529 2011 3588 2065 δὲ
3644 2008 3891 2079 ἔφασκον

2298 2113 2376 2177 ὡς
2419 2113 2522 2168 οὐκ
2563 2111 2631 2168 ἂν
2695 2111 2900 2181 ἑτέρως
2942 2109 3154 2180 γένοιτο
3183 2106 3343 2162 τοῦτό
3392 2122 3549 2171 ποτε,
3576 2102 3687 2158 οὐδ’
3711 2101 3777 2158 ἀν
3801 2101 3892 2163 είς

2298 2205 2602 2279 ὁμοψυχίαν
2627 2203 2834 2260 ἔλθοιεν
2881 2201 2983 2275 τὴν
3032 2201 3171 2275 πρὸς
3194 2197 3460 2273 ἀλλήλους
3487 2198 3541 2253 oi
3589 2193 3721 2269 περὶ
3747 2187 3824 2251 ὧν
3855 2195 3894 2248 ὀ

2298 2301 2478 2371 λόγος,
2510 2300 2588 2372 μὴ
2640 2296 3137 2371 προανατείλαντος
3178 2294 3384 2361 αὐτοῖς,
3416 2291 3511 2348 καὶ
3541 2289 3707 2346 οἱονεὶ
3749 2303 3893 2359 προ-

2299 2391 2796 2464 εισκεκομισμένου
2825 2387 2919 2443 τοῦ
2957 2387 3264 2459 συνδέσμου
3311 2386 3413 2458 τῆς
3450 2381 3754 2457 ὁμαίιυχίας
3788 2378 3894 2435 καὶ

2298 2483 2622 2556 ὄμοπιστίας
2643 2498 2657 2511 ·
2689 2480 2928 2553 ἔφασκόν
2955 2495 3018 2533 τε
3053 2478 3140 2533 ὅτι
3169 2478 3263 2531 τὸν
3294 2479 3396 2548 τῆς
3420 2473 3734 2536 θεοσεϐείας
3784 2469 3893 2540 ἐμ-

2301 2576 2465 2631 πλεον
2495 2575 2796 2630 ἐπίσκοπον
2837 2573 3123 2643 Ἰωάννην,
3167 2570 3259 2624 τὸν
3296 2566 3651 2638 Ἀντιοχείας,
3685 2561 3891 2618 ἀναθε-

2303 2666 2528 2736 ματίσαι
2555 2664 2736 2720 δεῖτά
2781 2663 3083 2737 Νεστορίου
3128 2661 3398 2732 δόγματα,
3454 2659 3552 2714 καὶ
3591 2654 3894 2727 ὶγγράφως

2299 2758 2634 2831 ὁμολογῆσαι
2656 2757 2759 2829 τὴν
2805 2755 3128 2828 καθαίρεσιν
3175 2750 3365 2808 αὐτοῦ,
3403 2750 3538 2816 Καὶ,
3567 2748 3631 2804 τό
3658 2764 3724 2818 γε
3750 2742 3894 2821 ἧκον

2301 2855 2383 2918 είς
2397 2851 2577 2917 λύπας
2607 2850 2766 2916 ίὸίας,
2782 2851 2812 2904 ὁ
2825 2851 2927 2920 τῆς
2965 2845 3376 2923 Ἀλεξανδρείας
3395 2844 3692 2906 ἐπίσκοπος
3708 2842 3894 2928 ἀμνη-

2304 2945 2532 3018 μονήσει
2575 2959 2635 2997 τε
2661 2941 2750 2996 διὰ
2776 2941 2881 3010 τὴν
2929 2939 3176 3012 ἀγάπην,
3203 2938 3299 2993 καὶ
3340 2936 3475 3009 παρ’
3499 2934 3653 2990 οὐδὲν
3678 2933 3894 3006 ἡγήσε-

2301 3052 2392 3088 ται
2415 3034 2481 3105 τδ
2506 3033 2764 3106 ὑϐρίσθαι
2808 3032 2950 3086 κατά
2987 3030 3087 3102 τὴν
3128 3028 3395 3098 Ἐφεσίων
3416 3041 3430 3055 ⁶
3463 3025 3643 3080 καίτοι
3665 3023 3891 3095 παγχά-

2301 3125 2467 3181 λεπόν
2488 3142 2550 3180 τε
2590 3125 2687 3179 καὶ
2713 3123 2993 3178 δύσοιστον
3029 3121 3110 3176 δν.
3131 3119 3552 3183 Συναινέσαντος
3578 3115 3757 3171 τοίνυν
3793 3117 3896 3170 καὶ

2302 3221 2564 3295 ἡσθέντος
2610 3218 2753 3288 ἀγαν
2800 3217 2895 3271 επὶ
2925 3214 3138 3279 τούτοις
3170 3211 3266 3267 τοῦ
3296 3207 3694 3266 εὐσεϐεστάτου
3728 3206 3892 3278 βασι-

2302 3315 2459 3380 λέως,
2504 3310 2785 3383 ἀπεστάλη
2818 3308 2953 3362 αὐτὸ
2997 3306 3159 3361 τοῦτο
3207 3301 3577 3376 κατορθώσων
3613 3301 3642 3353 ὁ
3692 3297 3892 3369 κύριός

2307 3425 2434 3481 μους
2456 3407 2485 3462 δ
2506 3401 2956 3475 θαυμασιώτατος,
3001 3395 3284 3471 τριϐούνος
3321 3394 3417 3449 καὶ
3456 3393 3706 3465 ωτάριος
3737 3391 3893 3481 ’Δρι-

2305 3480 2554 3561 στόλαος.
2591 3490 2811 3562 Ἐπειδὴ
2837 3490 2896 3544 δὲ
2918 3490 3034 3553 τοῖς
3065 3486 3206 3542 κατά
3231 3485 3331 3569 τὴν
3356 3483 3498 3556 ἑῴαν
3520 3482 3583 3537 τδ
3609 3480 3896 3554 βασιλικδν

2306 3587 2570 3658 ἐφανίσθη
2619 3584 2922 3655 θέσπισμα,
2955 3580 3053 3636 καὶ
3098 3580 3175 3645 ὡς
3226 3577 3366 3650 μετά
3392 3574 3617 3648 γνώμης
3666 3573 3894 3644 γεγονὸς

2305 3682 2412 3735 τῶν
2451 3678 2788 3752 εὑρεθέντων
2832 3674 3148 3730 ἐπισκόπων
3172 3671 3316 3728 κατὰ
3334 3668 3435 3743 τὴν
3465 3667 3710 3739 μεγάλην
3732 3667 3896 3721 Κων-

2307 3767 2776 3835 σταντινούπολιν,
2805 3765 2906 3820 ούκ
2928 3762 3025 3819 οἷδ’
3055 3765 3084 3818 ὃ
3104 3780 3156 3816 τι
3196 3763 3594 3831 σκοπήσαντες,
3621 3757 3895 3829 συνήχθη-

2309 3881 2406 3918 σαν
2444 3862 2544 3933 μὲν
2587 3860 2727 3934 πρὸς
2769 3859 2864 3914 τδν
2891 3855 3187 3911 ὁσιώτατον
3216 3854 3312 3909 καὶ
3334 3851 3754 3908 θεοσεϐέστατον
3789 3848 3896 3919 τῆς
3925 3900 3934 3907 ,

2306 3952 2611 4027 Βερροιέων
2651 3949 2950 4003 ἐπίσκοπον
2981 3946 3260 4007 ’Δκάκιον,
3295 3942 3506 4016 γράψαι
3553 3957 3618 3994 τε
3647 3939 3782 4012 πρός
3822 3955 3895 4011 με

2307 4040 2729 4115 παρεσκεύασαν
2774 4040 2858 4094 ὅτι
2893 4038 2985 4092 τὸν
3025 4038 3126 4109 τῆς
3174 4035 3498 4107 συμϐάσεως
3525 4032 3744 4103 τρόπον,
3771 4031 3895 4102 ἦτοι

2307 4134 2402 4188 τὸν
2428 4132 2530 4204 τῆς
2561 4132 2784 4204 εἰρήνης
2819 4130 2929 4184 τῶν
2956 4128 3128 4198 ἀγίων
3163 4125 3524 4198 Ἐκκλησιῶν,
3550 4124 3650 4194 οὐχ
3688 4121 3894 4194 ἑτέρως

2308 4222 2566 4295 γενέσθαι
2586 4222 2878 4296 προσήκει,
2910 4223 2960 4275 εί
2984 4219 3060 4292 μὴ
3079 4218 3221 4274 κατά
3237 4219 3298 4272 τὸ
3328 4217 3512 4281 αὐτοῖς
3531 4215 3745 4270 δοκοῦν.
3775 4210 3890 4268 Ἦν

2309 4320 2366 4376 δὲ
2405 4320 2471 4391 δὴ
2513 4320 2625 4392 ἄρα
2678 4317 2838 4374 τοῦτο
2878 4317 3159 4389 φορτικὸν,
3207 4316 3303 4370 καὶ
3350 4313 3492 4386 βαρῦ
3539 4311 3603 4366 τὸ
3657 4311 3892 4383 αἴτημα.

2314 4412 2542 4468 Ἦθελον
2570 4413 2699 4485 γὰρ,
2734 4411 2978 4483 ἀργῆσαι
3022 4409 3122 4482 μὲν
3161 4407 3458 4479 σύμπαντα
3497 4405 3568 4460 τά
3605 4404 3896 4476 παρ’ἐμοῦ

620 4516 653 4562 a
681 4502 888 4558 sanctis
914 4501 1174 4560 Patribus
1202 4503 1410 4562 nostris
1435 4503 1630 4560 Nicaeae
1663 4503 1813 4561 edita
1845 4505 2044 4572 fuerat,
2073 4522 2204 4562 con-

2312 4505 2596 4578 γραφέντα
2624 4503 2681 4557 εν
2700 4521 2759 4559 τε
2788 4506 2876 4557 ἐπι
2887 4502 3123 4568 στολαῖς,
3151 4501 3248 4555 καὶ
3279 4500 3490 4571 τόμοις,
3517 4497 3614 4552 καὶ
3642 4495 3894 4567 βιϐλίοις,

619 4594 850 4652 sentire.
879 4594 1008 4667 Ego
1021 4609 1155 4652 vero
1184 4595 1253 4651 ad
1283 4596 1388 4652 ista
1420 4595 1497 4652 ita
1529 4596 1791 4669 rescripsi
1822 4615 1836 4652 :
1865 4596 2210 4670 Expositioui

621 4684 774 4752 ﬁdei,
805 4702 972 4759 quam
1019 4687 1228 4744 Nicani
1275 4688 1466 4748 Patres
1505 4689 1825 4757 ediderunt,
1865 4691 2212 4749 adhammus

619 4795 837 4847 omnes,
853 4781 994 4859 nihil
1008 4796 1240 4854 prorsus
1252 4798 1448 4840 eorum
1466 4783 1672 4856 qum-iu
1695 4785 2208 4857 ipsaicontinentur,

617 4871 1020 4931 labefactantcs
1059 4890 1074 4930 :
1105 4884 1240 4933 sunt
1266 4875 1425 4935 enim
1448 4891 1515 4934 ea
1551 4877 1739 4934 omnia
1771 4886 1923 4935 recte
1959 4879 2210 4951 inculpa-

618 4973 786 5038 teque
836 4963 1061 5032 tradita,
1107 4982 1303 5038 neque
1336 4976 1528 5025 tutum.
1561 4978 1670 5036 est,
1709 4979 1837 5042 post
1882 4971 2035 5027 illam
2079 4971 2209 5028 ﬁdei

617 5059 945 5126 editionem,
965 5058 1269 5132 quidquam
1289 5060 1474 5119 adhuc
1495 5062 1771 5120 curiosius
1795 5071 2055 5120 tractare.
2077 5063 2210 5132 Quae

616 5164 754 5208 vero
783 5157 938 5207 recte
965 5158 1161 5207 contra
1185 5150 1427 5207 Nestorii
1456 5151 1830 5224 blasphemias
1865 5155 2208 5226 scripsimus,

616 5255 684 5296 ea
709 5237 995 5310 ejusmodi
1016 5253 1166 5305 esse,
1190 5248 1254 5296 ut
1279 5239 1432 5295 nulla
1456 5238 1620 5296 nobis
1647 5240 1861 5298 ratione
1886 5241 2210 5312 persuaderi

615 5330 814 5402 possit,
841 5340 906 5386 ut
930 5338 1083 5387 recte
1109 5330 1328 5403 scripta.
1343 5346 1468 5389 esse
1492 5342 1779 5404 negemus.
1797 5331 1951 5405 Opus
1978 5334 2212 5404 proinde

617 5420 794 5492 magis
809 5429 1032 5487 esse,ut
1050 5420 1155 5492 ipsi
1168 5421 1332 5493 juxta
1342 5421 1674 5492 pientissimi
1688 5421 2006 5494 Christique
2024 5437 2214 5478 aman-

618 5514 689 5570 tis
705 5513 1381 5586 imperatorisdecretum,
1396 5522 1708 5584 salictaque
1716 5514 1911 5590 synodi
1923 5514 2215 5586 Ephesium

2313 4599 2452 4671 μόνῃ
2496 4596 2555 4651 δὲ
2587 4595 2781 4668 ἐκείνη
2823 4593 3114 4648 συνθέσθαι
3138 4595 3205 4664 τῇ
3254 4592 3314 4646 ὲν
3351 4591 3559 4661 Νικαίᾳ
3601 4588 3753 4658 παρά
3785 4587 3898 4642 τῶν

2310 4691 2481 4762 ἁγίων
2529 4689 2688 4761 ήμῶν
2752 4687 3014 4758 Πατὲρων
3063 4684 3346 4757 ὁρισθείσῃ
3389 4683 3592 4736 πίστει.
3633 4681 3778 4749 Ἐγὼ
3835 4679 3897 4733 δὲ

2309 4782 2449 4856 πρὸς
2490 4779 2666 4836 ταῦτα
2703 4777 2966 4849 γέγραφα
3004 4776 3088 4830 ὅτι
3138 4776 3218 4848 Τῇ
3272 4774 3369 4846 μὲν
3415 4771 3629 4827 ἐκθέσει
3672 4770 3773 4843 τῆς
3811 4768 3902 4822 πί-

2311 4890 2504 4938 στεως,
2528 4875 2596 4945 τῇ
2623 4867 2904 4945 ὁρισθείσῃ
2930 4867 3083 4940 παρά
3109 4866 3220 4921 τῶν
3265 4864 3437 4934 ἀγίων
3460 4862 3722 4936 Πατὲρων
3752 4859 3903 4916 κατά

2314 4963 2417 5036 τὴν
2465 4962 2719 5018 Νικαέων
2778 4959 2973 5025 πόλιν,
3037 4955 3286 5029 ἑπόμεθα
3345 4956 3587 5021 πάντες.
3637 4954 3790 5010 ούδὶν
3834 4953 3901 5009 sb

2315 5057 2580 5131 παράπαν
2610 5055 2721 5109 τῶν
2776 5055 2836 5108 ὲν
2885 5052 3025 5124 αὐτῇ
3053 5050 3324 5122 κειμένων
3345 5046 3816 5123 παρασαλεύοντες
3833 5047 3898 5092 3-

2312 5150 2427 5222 ἔχει
2448 5149 2555 5221 γὰρ
2588 5148 2767 5203 πάντα
2802 5146 2998 5219 ὀρθῶς,
3024 5144 3118 5198 καὶ
3144 5143 3403 5213 ἀλήπτως
3422 5158 3437 5173 ·
3473 5142 3569 5195 καὶ
3593 5139 3654 5194 τὸ
3680 5137 3875 5212 περίερ

2313 5257 2410 5310 γον
2438 5241 2519 5296 lc:
2543 5241 2662 5311 μετ’
2683 5240 2920 5310 ἐκείνην,
2944 5239 3045 5292 οὐκ
3072 5237 3331 5306 ἀσφαλές.
3362 5237 3432 5289 ’Δ
3452 5235 3512 5290 δι
3537 5232 3903 5305 γεγράφαμεν

2313 5332 2492 5404 ὀρθῶς
2524 5330 2669 5387 κατά
2717 5332 2829 5388 τῶν
2881 5331 2975 5384 τοῦ
3015 5328 3313 5400 Νεστορίου
3347 5323 3694 5397 δυσφημιῶν,
3720 5323 3904 5387 οὐδεὶς

2314 5425 2463 5494 ἡμᾶς
2491 5422 2778 5478 ἀναπείσει
2804 5421 2961 5490 λόγος
2983 5420 3036 5483 δ,
3061 5420 3138 5484 ὡς
3164 5420 3266 5473 οὐκ
3286 5412 3346 5472 εὖ
3365 5417 3676 5485 γεγόνασιν,
3699 5413 3898 5468 είπεϊν·

2316 5515 2514 5587 χρῆναι
2541 5515 2600 5569 δὲ
2635 5513 2839 5586 μᾶλλον
2870 5513 3091 5576 αὐτοὺς,
3139 5510 3283 5565 κατά
3311 5525 3375 5579 γε
3401 5509 3464 5564 τὸ
3483 5507 3644 5574 δόξαν
3681 5506 3777 5560 καὶ
3818 5506 3904 5576 τῷ

1715 5673 1891 5730 Varia:
1919 5673 2187 5729 lectiones
2215 5672 2423 5729 codicis
2453 5669 2816 5745 Seguicriani.

695 5841 717 5872 ο
745 5838 1007 5906 προήκει
1036 5829 1297 5886 ποιεῖσθαι
1335 5831 1394 5886 τὸ
1427 5828 1680 5903 γράμμα,
1711 5830 1835 5884 καί..
1906 5828 1923 5867 ί
1960 5833 2065 5894 τοῖς
2096 5826 2457 5901 τριποθήτοις.

2544 5829 2569 5866 ⁵
2610 5822 3111 5898 παρασημαίνοντε;
3186 5821 3324 5874 δὸλε
3345 5868 3360 5885 ,
