4126 6314
261 369 355 430 ιω

1671 370 2010 431 ι-ςιιιετοω
2046 369 2164 428 XL.

252 485 628 561 εόσεδεστάτφ
666 488 763 545 καὶ
804 487 1135 563 φιλοχρίστῳ
1171 489 1399 561 βασιλεῖ,
1461 490 1559 545 καὶ
1597 489 1737 560 αὐτῇ
1765 489 1817 542 δὶ

1925 485 2289 552 sanctionem,
2319 485 2363 556 ι
2375 485 2418 556 ι
2430 485 2474 556 ι
2496 483 2650 541 illum
2667 481 2762 556 qui
2777 491 2972 540 contra
2982 480 3284 540 Salvatoris
3307 480 3519 540 Christi

247 584 311 654 τῇ
336 583 470 655 ἁγίᾳ
490 582 721 655 συνόδῳ.
746 585 815 656 τῇ
840 585 984 640 κατὰ
1001 584 1103 656 τὴν
1137 583 1404 654 Ἐφεσίων
1421 583 1575 639 πόλιν
1591 599 1829 654 συναγη-

245 672 509 745 γερμόνῃ,
557 675 785 745 ποιῆσαι
829 675 846 716 '—
903 674 1004 745 μὲν
1052 675 1440 750 ἀποκήρυκτον
1478 673 1574 729 τὸν
1620 676 1688 747 τῇ
1731 669 1832 728 τοῦ

246 761 504 835 Σωτῆρος
549 763 676 837 δόξῃ
727 765 1151 837 μεμαχημένον,
1193 767 1595 840 ἀναθεματίσαι
1638 765 1696 821 δὲ
1734 767 1831 822 καὶ⁵

241 852 341 916 τάς
361 853 618 917 ἀνοσίους
657 855 826 912 αὐτοῦ
870 855 1219 929 δυσφημίας,
1250 858 1588 933 ὁμολογῆσαί
1634 877 1694 915 τε
1729 860 1831 932 τὴν

241 943 566 1018 καθαίρεσιν
621 945 791 1002 αὑτοῦ
811 985 828 1012 ,
879 950 976 1004 καὶ
1024 951 1336 1006 συναινέσαι
1384 954 1452 1024 τῇ
1523 951 1832 1026 χειροτονίᾳ

237 1037 334 1093 τοῦ
365 1039 671 1094 δσιωτάτου
729 1042 826 1095 καὶ
858 1042 1280 1098 θεοσεδεστάτου
1307 1044 1610 1099 ἐπισκόπου
1650 1041 1827 1110 Meﬁt-

241 1130 460 1199 μιανοῦ.
502 1130 722 1187 Τούτων
748 1132 930 1190 τοίνυν
967 1134 1152 1201 αὐτοῖς
1180 1135 1290 1190 τῶν
1315 1137 1661 1208 γραμμάτων
1688 1137 1831 1195 ἀπος

237 1221 543 1292 δοθέντων,
579 1225 946 1298 πεπόμφασιν
981 1230 1062 1292 είς
1118 1228 1219 1301 τὴν
1282 1228 1694 1302 Ἀλεξάνδρειαν
1735 1229 1828 1285 τὸν

237 1315 642 1372 εὐλαϐέστατον
675 1318 772 1373 καὶ
809 1318 1223 1390 θεοφιλέστατον
1272 1321 1574 1377 istim-nov
1615 1320 1828 1376 Παῦλον

234 1406 340 1478 τῆς
381 1407 729 1478 Ὲμησηνῶν·
761 1410 898 1484 πρὸς
928 1411 990 1464 δν
1019 1415 1262 1468 πλεῖστοι
1293 1413 1395 1485 μὶν
1425 1415 1563 1478 ὅσοι,
1594 1415 1690 1470 καὶ
1722 1430 1826 1486 μα-

236 1500 364 1573 κροὶ
412 1503 675 1571 γεγόνασι
727 1502 878 1573 λόγοι
922 1505 1054 1577 περὶ
1088 1505 1200 1560 τῶν
1248 1507 1393 1561 κατά
1423 1506 1524 1580 τὴν
1562 1506 1827 1574 Ἐφεσίων

234 1592 458 1665 ἀνόμως
499 1592 515 1645 i
554 1596 652 1649 καὶ
677 1595 742 1650 οὒ
790 1596 1145 1668 καθηκόντως
1173 1599 1482 1683 εἰρημένων
1506 1616 1568 1654 τε
1607 1602 1704 1654 καὶ
1728 1614 1828 1653 πε·

235 1686 596 1757 πραγμίνων.
661 1687 883 1760 Ἐπειδὴ
941 1688 999 1744 at
1023 1689 1232 1744 τούτων
1281 1692 1784 1764 ἀμνημονήσαντας
1807 1730 1824 1755 ,

230 1774 344 1830 τῶν
377 1779 827 1852 ἀναγκαιοτέρων
871 1779 1092 1852 ἔχεσθαι
1138 1781 1342 1852 μᾶλλον
1383 1783 1552 1855 ἐχρῆν
1587 1783 1823 1837 σπουδα-

1930 578 2161 651 gloriam
2177 578 2461 650 pugnavit,
2477 577 2765 649 ejicerent.
2783 576 3090 647 impiasque
3106 574 3257 630 illius
3272 574 3525 647 blasphe-

1902 673 2077 774 ‘mias'
2096 672 2445 728 mathemata
2472 671 2898 736 insectarentur,
2929 670 3162 743 ejusque
3188 668 3522 760 depositioni

1929 764 2327 830 consentirent,
2374 779 2440 820 ac
2499 763 2833 820 sanctissimi
2882 763 3228 835 piissimique
3274 761 3522 836 episcopi

1929 852 2244 909 Maximiani
2293 853 2702 910 ordinationem
2750 854 3143 926 approbarent.
3199 852 3298 909 His
3336 853 3523 925 itaque

1929 945 2132 1001 litteris
2185 944 2294 1001 sibi
2341 945 2601 1011 redditis,
2642 946 2915 1001 miserunt
2959 943 3348 1001 Alexandriam
3386 944 3520 1002 reli-

1927 1039 2302 1112 giosissimum
2335 1047 2393 1095 et
2421 1039 2733 1110 piissimum
2758 1039 3080 1111 episcopum
3109 1038 3342 1094 Paulum
3364 1036 3520 1094 Emi-

1927 1145 2146 1196 senum,
2171 1145 2298 1185 cum
2337 1144 2450 1201 quo
2482 1129 2582 1186 diu
2615 1130 2960 1194 multumque
2993 1127 3063 1184 de
3097 1128 3169 1184 iis
3197 1127 3370 1184 rebus
3399 1128 3520 1186 dis-

1926 1223 2101 1288 serui,
2116 1238 2240 1294 que
2260 1223 2467 1295 Ephesi
2492 1231 2694 1295 praeter
2712 1223 2802 1294 ius
2820 1229 2879 1278 et
2897 1219 3138 1277 oﬂicium
3156 1219 3317 1276 dieue
3339 1219 3522 1277 iacta-

1926 1330 2035 1387 que
2075 1315 2318 1371 fuerant.
2351 1312 2492 1380 Quia
2532 1328 2666 1370 vero
2704 1312 2831 1368 istis
2864 1309 3128 1366 oblivioni
3164 1308 3516 1375 eontraditis,

1928 1405 1998 1463 iis
2022 1406 2209 1482 potius
2231 1407 2382 1463 curis
2405 1405 2772 1462 insistendum
2802 1404 3120 1469 videbatur,
3143 1418 3267 1475 quae
3294 1402 3521 1474 majoris

1926 1496 2191 1551 momenti
2227 1511 2293 1551 ac
2321 1495 2586 1566 ponderis
2615 1504 2792 1562 erant,
2833 1494 3193 1566 interrogavi,
3245 1493 3519 1567 numquid

1926 1589 2240 1646 litterarum
2283 1605 2315 1645 a
2356 1589 2609 1660 piissimo
2637 1589 2848 1645 Joanne
2889 1589 3150 1660 episcopo
3189 1589 3467 1644 attulisset
3499 1604 3516 1644 :

1925 1695 2053 1735 mox
2092 1680 2184 1736 ille
2224 1679 2516 1751 epistolam
2563 1678 2828 1744 reddidit,
2863 1694 2977 1735 non
3013 1694 3080 1735 ea
3127 1696 3250 1751 quae
3275 1680 3519 1738 debebat

1926 1777 2221 1832 habentem
2240 1815 2257 1843 ,
2296 1775 2401 1831 sed-
2433 1775 2622 1847 potius
2658 1790 2766 1832 non
2804 1790 2916 1846 quo
2953 1775 3320 1832 conveniebat
3352 1774 3519 1835 modo

233 1867 484 1938 σμάτων,
547 1848 801 1943 ἠρώτων,
847 1848 1330 1945 είηὲπικομίζεται
1375 1848 1686 1945 γράμματα
1726 1872 1817 1928 τοῦ

1925 1868 2187 1925 dictatam
2231 1885 2245 1922 :
2297 1867 2770 1939 complectebatur
2822 1866 2972 1922 enim
3028 1865 3357 1924 irritationis
3402 1867 3519 1925 vim

230 1955 654 2016 θεοσεσεστάτου
683 1962 987 2018 ἐπισκόπου
1016 1963 1287 2021 Ἰωάννουο
1309 1959 1431 2019 εἶτα
1445 1967 1568 2037 ἐμοὶ
1589 1963 1824 2036 προεκό-

231 2067 391 2122 μισεν
430 2052 746 2127 επιστολὴν,
777 2053 815 2110 ἀ
858 2055 959 2127 μιν
999 2057 1165 2132 ἐχρῆν
1215 2057 1386 2128 ἔχειν,
1429 2057 1531 2112 οὐκ
1566 2056 1819 2128 ἔχουσαν,

227 2143 710 2218 ὕπαγορευθεϊσαν
738 2146 798 2201 δὲ
829 2147 1050 2219 μᾶλλον,
1101 2148 1166 2204 οὐ
1198 2148 1323 2203 καθ’
1354 2148 1416 2204 δν
1451 2148 1562 2203 ἔδει
1593 2149 1817 2221 τρόπον·

228 2234 590 2306 παροξυσμοῦ
611 2237 744 2308 γὰρ,
766 2237 830 2292 οὐ
855 2238 1277 2310 παρακλήσεως,
1295 2231 1411 2311 εἶχε
1429 2239 1684 2312 δύναμιν.
1708 2242 1822 2297 Καὶ

224 2327 433 2398 ταύτην
466 2328 530 2383 οὐ
558 2330 954 2402 προσηκάμηνο
979 2330 1159 2385 καίτοι
1193 2347 1258 2400 γε
1293 2331 1433 2399 δέον,
1463 2335 1586 2397 ταῖς
1621 2333 1819 2387 ἀπολο-

227 2419 374 2490 γίαις
390 2419 496 2492 τὴν
526 2420 667 2493 ἐμὴν
696 2422 1139 2494 καταγοητεῦσαι
1162 2423 1469 2498 λύπην,τὴν
1493 2425 1586 2480 ἐπί
1612 2443 1678 2496 γε
1704 2429 1821 2491 τοῖς

227 2511 490 2584 φθάσασι,
537 2513 634 2568 καὶ
677 2516 810 2585 παρ’
837 2515 1020 2570 αὐτῶν
1064 2518 1316 2586 γεγονόσι
1344 2517 1486 2572 κατά
1515 2519 1619 2591 τὴν
1657 2519 1816 2589 Ἐφε-

228 2603 382 2660 σίωνο
433 2604 536 2659 καὶ
567 2605 903 2678 εὐαφόρμως
946 2605 1189 2676 ἔφασκον
1242 2607 1649 2680 παροξυνθῆναι
1694 2608 1816 2664 κατ’

228 2696 386 2769 δμοῦ.
432 2696 530 2753 διά
563 2714 647 2753 τοι
695 2699 790 2752 τὸν
819 2697 983 2769 ζῆλον
1018 2699 1112 2754 τὸν
1152 2700 1294 2772 ὑπὲρ
1337 2699 1450 2754 τῶν
1501 2698 1665 2770 ίερῶν
1736 2700 1818 2755 δο-

226 2787 475 2860 γμάτων.
521 2787 663 2843 ‘AD.’
692 2789 911 2860 ἢκουον,
945 2789 1212 2846 δτιοθτεό
1243 2789 1403 2862 ζῆλος
1430 2791 1630 2857 αὐτοὺς
1660 2789 1815 2847 κεκί-

228 2895 390 2952 νηκεν
437 2881 468 2934 ό
526 2878 700 2945 θεῖος,
736 2879 860 2934 οὗτε
904 2882 1013 2936 τῶν
1058 2881 1158 2953 τῆς
1211 2881 1473 2947 ἀληθείας
1525 2883 1814 2955 δογμάτων

229 2970 699 3044 δπερμαχόμενοι,
740 2973 1124 3030 συνετάττοντο
1160 2975 1284 3031 κατ’
1330 2975 1488 3048 ἐμοῦ,
1521 2977 1659 3032 ἀλλὰ
1691 2981 1815 3044 ταῖς

228 3063 534 3137 ἀνθρώπων
557 3064 802 3131 εἴξαντες
830 3066 1169 3132 κολακείαις,
1202 3068 1297 3123 καὶ
1326 3069 1427 3134 τὰς
1453 3069 1565 3125 τῶν
1595 3070 1803 3143 ίσχυόνο

225 3169 332 3260 των
382 3155 449 3209 τὸ
486 3155 745 3260 τηνικάδε
793 3156 981 3228 φιλίας
1030 3159 1120 3228 ἐφ’
1177 3160 1406 3226 ἑαυτοὺς
1450 3162 1810 3233 ἀρπάζοντες.
1840 3201 1884 3260 C

227 3246 416 3320 Ὅμως
469 3248 568 3303 τοῦ
609 3248 1030 3305 θεοσεόεστάτου
1087 3251 1305 3306 Παύλου
1359 3253 1664 3310 ἐπισκόπου
1711 3255 1811 3326 φά-

227 3355 470 3404 σκοντος,
521 3340 756 3413 ἑτοίμως
793 3339 962 3414 ἔχειν,
1007 3341 1427 3414 ἀναθεματίζειν
1472 3344 1574 3410 τὰς
1605 3346 1812 3401 Νεστο-

229 3430 344 3504 ρίου
371 3430 715 3504 δυσφημίας,
739 3435 831 3488 καὶ
861 3432 1144 3506 ὁμολογεῖν
1174 3433 1340 3489 αὐτοῦ
1365 3435 1464 3510 τὴν
1494 3437 1813 3510 καθαίρεσιν

225 3523 542 3596 ιγγράφως,
584 3526 679 3579 καὶ
719 3525 878 3582 τοῦτο
900 3526 1041 3599 δρᾷν
1070 3527 1213 3601 ὑπὲρ
1249 3528 1490 3596 πάντων,
1523 3532 1617 3586 καὶ
1648 3532 1725 3598 ὡς
1747 3534 1814 3588 ὲκ

225 3615 523 3690 προσώπου
549 3617 770 3672 πάντων
795 3618 904 3674 τῶν
935 3618 1080 3674 κατά
1106 3618 1204 3691 τὴν
1244 3620 1537 3696 Ἀνατολὴν
1559 3625 1811 3679 θεοσεϐε-

227 3707 438 3763 στάτων
459 3709 802 3775 ἐπισκόπων,
827 3710 1232 3784 ἀντενήνεγμαι
1261 3710 1315 3780 ιι,
1341 3712 1518 3783 λέγων
1553 3715 1646 3771 τὸν
1681 3717 1814 3790 παρ’

225 3798 391 3856 αὑτοῦ
419 3799 893 3873 προκομιζόμενον
917 3803 1128 3877 χάρτην
1155 3809 1286 3877 περὶ
1309 3806 1525 3875 τούτου,
1553 3808 1813 3881 ἀρκέσειν

225 3894 372 3968 αὖτῷ
403 3895 555 3968 μόνῳ
592 3896 730 3968 πρὸς
754 3895 817 3950 τὸ
850 3897 1047 3970 χρῆναι
1076 3900 1257 3970 τυχεῖν
1284 3900 1384 3972 τῆς
1406 3901 1558 3975 παρὰ
1591 3902 1812 3958 πάντων

226 3988 382 4062 ἡμῶν
416 3987 726 4052 κοινωνίας.
772 3989 1203 4062 Διεδεδαιούμην
1253 3991 1334 4058 δὲ,
1368 3992 1453 4048 ὅτι
1495 3993 1721 4059 πάντως
1752 4012 1810 4047 τε

226 4082 318 4136 καὶ
338 4080 520 4152 πάντη
541 4079 818 4152 ἔγγραφον
837 4081 1133 4152 ὁμολογίαν
1155 4083 1287 4155 περὶ
1310 4084 1517 4140 τούτων
1545 4086 1809 4141 ἐκθέσθαι

224 4173 496 4246 προσήκει
535 4173 627 4227 τὸν
656 4173 1055 4230 εὐλαϐέστατον
1105 4175 1201 4229 καὶ
1248 4174 1668 4232 θεοσεϐέστατον
1708 4178 1811 4251 τῆς

235 4262 556 4334 Ἀντιοχέων
613 4263 913 4318 ἐπίσκοπον
958 4264 1232 4334 Ἰωάννην.
1272 4267 1339 4320 '0
1371 4267 1436 4339 δὴ
1459 4269 1555 4322 καὶ
1593 4269 1806 4338 γέγονε·

225 4359 320 4412 καὶ
360 4358 645 4411 πέπαυται
680 4357 743 4412 τὺ
792 4358 1146 4430 μεσολαϐοῦν,
1195 4361 1289 4416 καὶ
1316 4361 1615 4434 ἁναφοιτᾷν
1645 4363 1804 4436 ἀλλή-

224 4449 328 4506 λων
355 4449 656 4504 ἀναπεϊθον
684 4449 784 4516 τὰς
831 4449 1179 4523 Ἐκκλησίας.
1236 4454 1379 4508 Ἀλλ’
1403 4450 1472 4526 ἦν
1508 4455 1808 4527 οὐδαμόθεν

1924 1961 2110 2030 potius
2149 1975 2315 2032 quam
2358 1960 2782 2017 exhortationis.
2832 1959 2986 2016 Hanc
3030 1959 3219 2031 itaque
3263 1976 3376 2016 non
3419 1975 3516 2018 ac-

1924 2052 2138 2122 ceptavi
2166 2071 2181 2108 :
2213 2069 2340 2109 nam
2381 2068 2508 2110 cum
2551 2067 2730 2108 meam
2773 2052 2943 2108 animi
2969 2053 3378 2125 rgritudinem,
3405 2069 3518 2125 qua

1924 2144 2135 2200 fueram
2161 2145 2395 2201 allectus
2419 2161 2490 2202 ex
2520 2145 2589 2201 iis
2619 2161 2742 2217 quae
2769 2154 3185 2216 pracesserant,
3209 2155 3267 2202 et
3289 2144 3361 2200 ab
3381 2145 3519 2216 ipsis

1922 2237 2126 2308 Ephesi
2158 2237 2302 2295 facta
2331 2237 2572 2300 fuerant,
2604 2237 2961 2294 excusatione
2991 2237 3175 2308 aliqua
3199 2235 3516 2293 demulcere

1922 2329 2265 2395 debuissent,
2288 2338 2502 2385 tantum
2527 2329 2686 2386 abest
2711 2337 2773 2384 ut
2803 2327 2859 2384 id
2891 2328 3148 2393 fecerint,
3174 2337 3236 2384 ut
3273 2343 3333 2384 se
3371 2342 3515 2399 quo—

1921 2434 2030 2489 que
2054 2425 2282 2490 propter
2305 2433 2593 2475 sacrorum
2613 2419 2931 2490 dogmatum
2957 2419 3136 2475 zelum
3157 2421 3282 2491 jure
3305 2419 3516 2490 optimo

1919 2509 2058 2564 mihi
2101 2509 2487 2565 succensuisse
2529 2508 2804 2565 dicerent.
2840 2511 2912 2563 At
2954 2525 3023 2564 ex
3061 2523 3151 2564 me
3191 2506 3513 2573 audiebant,

1917 2616 2023 2658 nec
2065 2600 2317 2656 divinum
2359 2601 2540 2657 zelum
2580 2600 2730 2672 ipsos
2771 2600 3031 2667 movisse,
3067 2617 3172 2658 nec
3219 2600 3369 2672 quod
3413 2615 3517 2671 pro

1917 2693 2171 2749 veritatis
2217 2692 2568 2764 dogmatibus
2612 2702 2947 2764 pugnarent,
2997 2694 3173 2749 aciem
3216 2692 3515 2748 adversum

1917 2801 2006 2841 me
2042 2800 2374 2856 componere
2411 2803 2424 2839 :
2456 2785 2555 2841 sed
2594 2785 2743 2857 quod
2783 2786 3072 2843 hominum
3121 2786 3514 2843 assentationi-

1917 2876 2024 2931 bus
2059 2876 2243 2931 locum
2279 2875 2501 2941 darent,
2529 2892 2594 2933 ac
2631 2892 2827 2932 eorum
2853 2876 2950 2949 qui
2983 2885 3118 2934 tunc
3149 2885 3403 2948 potentes
3434 2878 3518 2934 vi-

1917 2967 2213 3035 debantur,
2249 2968 2520 3025 amicitias
2555 2969 2663 3024 sibi
2703 2969 3084 3025 conciliarent.
3118 2970 3516 3026 Verumtamen

1916 3079 2044 3120 cum
2079 3061 2530 3135 religiosissimus
2562 3061 2859 3133 episcopus
2899 3062 3106 3118 Paulus
3139 3071 3393 3133 paratum
3425 3064 3513 3119 di-

1917 3163 2070 3212 ceret
2095 3155 2339 3212 Nestorii
2367 3154 2741 3226 blasphemias
2763 3154 3253 3222 anathematizam,
3281 3156 3516 3227 scripto-

1916 3264 2024 3321 que
2057 3251 2113 3304 in
2145 3248 2295 3303 illius
2326 3246 2733 3318 depositionem
2763 3247 3102 3314 consentire,
3137 3256 3304 3319 atque
3325 3248 3379 3304 id
3411 3262 3516 3320 pro

1916 3340 2194 3406 omnibus,
2220 3349 2277 3396 et
2305 3347 2564 3411 tanquam
2583 3355 2649 3395 ex
2673 3340 2953 3395 communi
2979 3341 3226 3397 omnium
3253 3340 3512 3398 Orienta-

1914 3434 2052 3490 lium
2095 3433 2642 3504 religiosissimorum
2688 3433 3077 3504 episcoporum
3113 3450 3350 3505 persona
3389 3451 3513 3492 sese

1913 3525 2096 3581 facere
2141 3523 2473 3589 allirmaret;
2520 3523 2830 3580 inferebam
2879 3539 3103 3580 rursum
3149 3525 3400 3581 chartam
3441 3535 3512 3583 ab

1915 3618 2035 3690 ipso
2056 3627 2324 3690 prolatam
2351 3619 2455 3690 ipsi
2483 3620 2587 3676 soli
2616 3621 2684 3676 ad
2716 3637 2888 3676 unum
2917 3621 3023 3677 hoc
3051 3621 3325 3692 suiﬁcere,
3358 3635 3420 3680 ut
3455 3626 3513 3682 in

1913 3711 2164 3768 omnium
2202 3726 2456 3766 nosu'um
2499 3713 2947 3770 communionem
2989 3716 3353 3787 reciperetur.
3394 3717 3512 3774 Mo-

1911 3803 1999 3859 dis
2033 3812 2219 3859 autem
2257 3804 2518 3859 omnibus
2555 3820 2695 3877 opus
2732 3821 2854 3864 esse
2886 3806 3247 3874 aﬂirmabam,
3273 3803 3340 3864 ‘ut
3379 3809 3511 3865 reli-

1912 3895 2258 3968 giosissimus
2289 3895 2904 3969 reverendissimusque
2931 3900 3172 3957 Joannes
3203 3900 3478 3958 Antioche

1911 4003 2017 4044 nus
2041 3989 2338 4061 episcopus
2367 3989 2631 4060 scriptam
2665 3990 2755 4047 his
2793 3991 2863 4047 de
2900 3993 3070 4049 rebus
3105 3994 3509 4051 confessionem

1909 4079 2120 4136 ederet.
2159 4081 2218 4136 ld
2260 4081 2407 4153 quod
2439 4082 2551 4152 jam
2584 4083 2792 4139 factum
2825 4095 2944 4151 est;
2983 4086 3333 4158 cessavitque
3362 4088 3511 4159 quod

1910 4172 2188 4229 Ecclesias
2231 4174 2604 4246 disjungebat,
2647 4182 2706 4231 et
2744 4193 2776 4232 a
2815 4192 2874 4233 se
2910 4177 3148 4234 invicem
3189 4179 3509 4236 divellebat.

1910 4265 2116 4321 Verum
2165 4266 2483 4323 nullatenus
2542 4267 2775 4323 dubium
2834 4278 2956 4325 erat
3000 4269 3118 4326 fore
3164 4279 3225 4326 ut
3266 4271 3507 4329 Nestorii

1912 4358 2384 4429 blasphemiarum
2439 4370 2881 4432 prOpugnatores
2923 4362 3134 4418 invidia
3185 4365 3507 4421 extabesce-

1910 4460 2053 4517 rent,
2079 4450 2174 4507 ubi
2217 4453 2460 4524 primum
2502 4464 2820 4511 sanctarum
2864 4456 3240 4513 Ecclesiarum
3279 4475 3384 4529 pax
3417 4476 3508 4516 re-

224 4539 550 4612 ἀμφίδολον,
577 4540 662 4594 ὃτι
682 4539 794 4594 τῶν
818 4541 1119 4613 Νεστορίου
1144 4542 1474 4615 δυσφημιῶν
1534 4546 1663 4610 τοὺς
1696 4546 1802 4600 ὑπ-

1916 4545 2347 4617 dintegraretur.
2379 4546 2593 4614 Quibus
2621 4564 2754 4604 sane
2790 4550 3061 4621 ejusmodi
3096 4551 3379 4623 quidpiam
3413 4569 3507 4610 ac-

224 4630 502 4697 ασπιστάς
532 4632 857 4705 κατατήξειν
884 4633 1079 4706 ἔμελλε
1110 4635 1226 4691 τῶν
1257 4637 1430 4705 ἁγίων
1469 4637 1808 4711 Ἐκκλησιῶν

225 4727 500 4800 ηείρήνη.
530 4723 639 4780 Καί
671 4744 764 4798 μοι
787 4727 1005 4782 δοκοῦσι
1031 4728 1272 4784 τοιοῦτόν
1299 4748 1353 4784 τι
1382 4731 1599 4799 παθεῖν,
1625 4732 1808 4787 ὁποῖόν

224 4831 276 4869 τι
319 4813 645 4886 συμϐαίνειν
694 4815 816 4880 ἔθος
861 4819 976 4881 τοῖς
1017 4818 1276 4890 νήχεσθαι
1339 4819 1439 4892 μὲν
1477 4820 1581 4875 οὐκ
1619 4821 1806 4891 εἰδόσι,

225 4906 361 4972 νεώς
389 4902 410 4946 ι
442 4921 510 4974 γε
551 4905 658 4979 μὴν
685 4907 967 4981 ἀδοκήτως
993 4910 1448 4985 ἀπολισθήσασιν.
1482 4911 1548 4968 Οἵ
1584 4914 1809 4971 ἐπειδὰν

227 4998 694 5069 καταπνίγωνται,
721 5000 888 5066 πόδας
928 5017 990 5056 τε
1030 5003 1125 5058 καὶ
1176 5006 1365 5076 χεῖρας
1399 4999 1518 5076 ⁸ὧδε
1581 5008 1807 5063 κάκεῖσε

225 5091 674 5168 διαῤῥιπτοῢντες
718 5093 990 5162 ἀτάκτως,
1033 5097 1128 5151 τοῦ
1166 5073 1576 5171 παρατυχόντος
1622 5099 1804 5167 ἁπλῶς

229 5188 671 5259 ίπιδράττονται,
720 5187 1144 5260 φιλοψυχοῦντες
1191 5190 1244 5246 οἱ
1293 5190 1539 5247 δείλαιοι.
1579 5193 1654 5249 Ἦ
1703 5195 1806 5248 οὐκ

230 5281 428 5353 ἀληθὲς
472 5281 669 5346 diu“.
712 5279 789 5344 ὡς
817 5278 1211 5353 τεθορὺὃηνται
1264 5281 1386 5336 λίαν
1409 5325 1424 5349 ,
1458 5284 1805 5352 ἐκπεσόντες,

230 5373 318 5427 καὶ
371 5368 772 5442 μεμονωμένοι,
805 5370 904 5424 καὶ
951 5367 1057 5436 ἐξω
1083 5371 1372 5441 γεγονότες
1411 5371 1522 5426 τῶν
1569 5373 1805 5447 Ἐκκλη-

232 5464 384 5530 σιῶν,
416 5463 486 5527 ἃς
514 5460 769 5534 ὶνόμιξον
810 5461 1032 5518 ἔσεσθαι
1061 5464 1199 5535 πρὸς
1230 5465 1552 5538 ἐπικουρίαν
1585 5468 1807 5535 αὐτοῖς

233 5557 299 5607 ’τι
321 5555 426 5609 οὐκ
467 5553 817 5626 ἀσχάλλουσι,
849 5555 944 5609 καὶ
987 5553 1147 5610 τοῦτο
1190 5556 1252 5610 οὐ
1283 5557 1559 5630 φορητῶς,
1594 5559 1810 5630 ἀποπη-

1906 4637 2110 4694 cidisse
2167 4639 2390 4695 videtur
2442 4641 2613 4707 mihi,
2665 4642 2974 4713 cujusmodi
3038 4643 3146 4698 illis
3210 4646 3508 4703 usuvenire

1905 4731 2046 4786 solet
2076 4731 2256 4802 112,
2284 4733 2380 4804 qui
2412 4750 2538 4789 cum
2573 4743 2768 4790 natare
2801 4736 3072 4800 nesciant,
3105 4753 3136 4792 e
3161 4738 3288 4792 navi
3317 4746 3503 4795 tamen

1905 4822 2089 4879 subito
2139 4823 2382 4896 prolapsi
2423 4835 2574 4883 sunt.
2621 4827 2688 4882 Hi
2739 4828 2889 4883 enim
2928 4837 3286 4900 posteaquam
3331 4832 3504 4903 mergi

1907 4916 2200 4988 incipiunt,
2249 4918 2418 4989 pedes
2468 4936 2773 4992 manusque
2823 4922 2927 4976 hac
2970 4922 3096 4978 illac
3139 4923 3505 4994 incomposite

1902 5008 2131 5080 jactant,
2161 5010 2577 5084 retinendaaque
2607 5014 2735 5069 vitae
2767 5014 2974 5086 cupidi,
3001 5015 3270 5087 quidquid
3303 5017 3358 5070 in
3383 5033 3503 5071 ma-

1908 5116 2016 5156 nus
2042 5101 2184 5160 forte
2212 5105 2450 5170 venerit,
2486 5105 2542 5160 id
2577 5114 2786 5163 temere
2829 5107 3105 5178 arripiunt
3142 5109 3352 5163 miseri.
3394 5107 3508 5164 Au-

1909 5210 2022 5250 non
2059 5211 2189 5251 vere
2228 5196 2336 5251 dici
2381 5204 2567 5268 potest
2597 5213 2694 5255 eos
2754 5200 3114 5256 vehementer
3150 5199 3508 5271 perturbatos

1911 5294 2404 5360 consternatosque
2446 5304 2590 5356 esse,
2635 5291 2784 5362 quod
2828 5305 2888 5346 se
2937 5290 3218 5348 desolatos
3252 5299 3308 5346 et
3348 5299 3504 5348 extra

1909 5393 2005 5434 eas
2025 5380 2289 5436 ecclesias
2310 5382 2518 5452 ejectos
2545 5383 2842 5454 pulsosque
2870 5383 3339 5447 animadvertunt,
3365 5399 3505 5453 quas

1909 5469 2015 5523 sibi
2065 5470 2384 5542 adjumento
2444 5472 2660 5530 futuras
2716 5475 3049 5544 sperabant?
3097 5473 3275 5542 Quid?
3316 5488 3500 5530 annon

1911 5563 2289 5634 indignissime
2328 5565 2535 5634 ierunt,
2575 5582 2700 5622 cum
2742 5567 2934 5623 vident
2969 5583 3108 5638 quos
3142 5565 3499 5632 scduxerant,

1303 5712 1476 5770 Variae
1493 5714 1760 5771 lectiones
1783 5717 1987 5773 codicis
2019 5718 2386 5791 Seguieriani.

307 5827 643 5886 ἱκοιείσθαι.
722 5827 737 5880 i
777 5827 964 5900 ὠμῶς.
1044 5828 1066 5867 ⁸
1100 5829 1488 5901 ἀντενήνεγκα.
1577 5832 1590 5871 ι
1625 5829 1790 5905 ὅμως.
