4126 6314
606 369 707 428 187

1627 367 1685 426 8.
1726 368 2000 428 ογιιιιω
2041 367 2511 430 ALEXANDRINI
2550 366 2869 424 ARCHIEP.

3754 359 3863 414 188

599 489 960 563 profanisque
982 488 1099 545 suis
1116 503 1313 545 vocum
1343 488 1681 546 novitatibus
1707 490 1756 524 ”
1777 491 2184 562 quodammodo

2299 493 2490 556 ἰῶντας
2526 489 2708 546 αὐτῶν
2745 489 2875 553 τοὺς
2910 484 3294 558 ἠπατημένους
3330 483 3585 556 ὁρῶντες,
3617 481 3710 535 καὶ
3745 480 3862 534 λοι-

599 584 935 640 temulentos
983 583 1370 648 reddiderant,
1417 598 1448 638 a
1498 599 1556 638 se
1604 584 1834 649 resilire,
1862 592 1918 640 et
1954 586 2065 656 jam
2108 585 2179 641 ad

599 675 850 732 veritatis
901 674 1256 730 sobrietatem
1318 674 1533 731 redire?
1567 675 1730 746 Atqui
1769 687 2179 747 peropportune

603 764 714 821 illis
750 764 916 836 objici
958 773 1159 836 potest,
1189 765 1338 835 quod
1372 766 1695 836 prophetica
1729 781 1864 823 voce
1900 768 2180 838 proditum

601 865 783 914 exstat
831 875 844 911 :
897 876 916 908 ι
966 857 1420 927 Congregamini,
1475 858 1691 928 inquit,
1742 869 1800 916 et
1823 862 2178 933 colligamini,

602 964 740 1022 gens
784 947 1094 1012 inerudita,
1144 955 1440 1018 antequam
1492 948 1802 1006 eﬁiciamini
1856 953 2026 1008 veluti
2081 952 2182 1008 ﬂos

606 1039 879 1094 transiens
911 1037 979 1092 “.
1020 1058 1039 1090 ι
1093 1039 1299 1110 thuid
1336 1040 1484 1095 enim
1525 1041 1831 1097 alienorum
1875 1045 2181 1100 vo‘mituum

605 1128 734 1186 facti
766 1137 897 1185 sunt
935 1131 1193 1201 parasiti,
1226 1146 1330 1185 nec
1362 1130 1652 1202 pudeﬁunt
1687 1133 1865 1188 alieno
1893 1117 2052 1189 caeno
2084 1150 2184 1190 sua

606 1219 850 1292 ipsorum
867 1221 1033 1276 corda
1063 1220 1462 1278 deluadantesh
1484 1221 1670 1287 Sardi,
1700 1223 1906 1287 audite,
1933 1233 2008 1289 et,
2032 1226 2181 1290 unci,

607 1319 669 1366 ut
705 1311 942 1367 videatis
984 1311 1248 1382 suspicite
1277 1313 1347 1370 ".
1400 1311 1611 1368 Sentite
1667 1313 1735 1368 de
1785 1313 2019 1369 Domino
2065 1330 2187 1384 quae

605 1419 736 1459 vera
777 1412 940 1466 sunt,
991 1411 1050 1459 et
1094 1404 1150 1459 in
1203 1405 1556 1476 simplicitate
1602 1405 1788 1460 cordis
1835 1405 2063 1474 quaerite
2116 1405 2184 1460 il-

607 1495 722 1550 lum
747 1496 812 1549 ".
850 1516 867 1545 ι
919 1495 1052 1563 Qua
1086 1498 1235 1552 enim
1275 1497 1432 1552 vobis
1469 1505 1555 1552 est
1600 1497 1982 1566 multiplicium
2027 1496 2186 1552 adin-

606 1588 929 1644 ventionum
960 1597 1018 1644 et
1051 1604 1434 1659 perversurum
1469 1589 1790 1658 opinionum
1824 1588 2066 1644 utilitas?
2104 1599 2188 1644 ut-

605 1680 742 1754 quid
774 1688 981 1736 rectam
1011 1683 1386 1750 vituperantes
1419 1681 1690 1747 semitam,
1723 1681 1978 1736 incurvas
2006 1680 2188 1736 facitis

606 1781 821 1830 vestras
848 1773 1058 1828 orbitas
1090 1773 1172 1826 '7?
1211 1790 1229 1824 ι
1259 1771 1468 1829 Novate
1508 1773 1666 1828 vobis
1698 1773 1830 1844 ipsis
1856 1774 2095 1840 novalia,
2131 1783 2188 1829 et

2283 584 2386 638 πδν
2411 582 2789 653 ἀνανήφοντας
2815 581 2896 643 είς
2919 579 3180 650 ἀλήθειαν
3207 579 3333 640 τοὺς
3359 578 3483 640 ταῖς
3518 575 3649 645 παρ’
3678 573 3865 629 αὐτῶν

2284 673 2531 748 βεϐήλοις
2554 671 2943 742 καινοφωνίαις
2982 668 3142 723 οἱονεί
3167 684 3283 732 πως
3309 663 3863 737 ἑκμεμεθυσμένους;

2282 766 2479 821 Καίτοι
2513 765 2648 836 φαίη
2673 781 2759 827 τις
2789 762 2856 817 ἂν
2885 761 3092 828 αὐτοῖς,
3128 761 3224 816 καί
3269 759 3394 813 λίαν
3434 758 3528 812 ἐπὶ
3559 754 3772 828 καιροῦ,
3797 754 3866 809 τὸ

2280 857 2370 912 διὰ
2395 857 2496 928 τῆς
2519 855 2617 910 τοῦ
2649 855 2929 927 προφήτου
2956 853 3160 924 φωνῆς·
3187 869 3208 905 ι
3242 849 3574 921 Συνάχθητε,
3613 847 3708 902 καὶ
3739 864 3869 901 συν-

2281 948 2493 1020 δὲθητε,
2531 948 2594 1003 τὸ
2641 947 2793 1011 ἔθνος
2825 944 2886 1000 τὸ
2925 945 3284 1009 ἀπαίδευτον,
3318 942 3424 1015 πρὸ
3464 940 3560 994 τοῦ
3607 937 3867 1009 γενέσθαι

2283 1042 2430 1112 ὑμᾶς
2458 1041 2594 1095 ὡσεὶ
2619 1039 2778 1104 ἀνθος
2805 1035 3340 1111 παραπορευόμενον.
3379 1051 3398 1086 ι
3429 1031 3529 1088 Διά
3556 1031 3610 1085 τί
3635 1029 3745 1100 γάρ
3769 1044 3867 1098 γε-

2283 1133 2504 1201 γόνασιν
2535 1131 2832 1204 ἀλλοτρίων
2871 1129 3082 1200 ἐμέτων
3110 1127 3429 1199 παράσιτοι,
3453 1126 3553 1180 οὐκ
3580 1121 3869 1193 αίσχύνον-

2283 1241 2376 1278 ται
2417 1225 2475 1278 δὲ
2513 1227 2629 1288 τοῖς
2677 1223 2866 1285 ἑτέρου
2912 1220 3196 1294 βορϐόροις
3226 1218 3328 1282 τὰς
3381 1216 3594 1274 ἑαυτῶν
3637 1212 3872 1286 καρδίας

2285 1315 2775 1387 καταμιαίνοντες;
2802 1333 2822 1368 ι
2841 1315 2905 1369 Oi
2922 1313 3118 1383 κωφοὶ,
3145 1309 3440 1374 ἀκούσατε,
3467 1309 3562 1363 καὶ
3577 1308 3627 1361 οῖ
3651 1305 3869 1376 τυφλοὶ.

2289 1406 2632 1477 ἀναϐλέψατε
2671 1405 2820 1460 ίδεῖν.
2849 1405 3161 1478 Φρονήσατε
3201 1402 3331 1475 πιρὶ
3368 1398 3465 1455 τοῦ
3503 1399 3709 1472 Κυρίου
3736 1398 3876 1469 ἀλη-

2289 1498 2379 1569 θῆ’
2426 1497 2524 1552 καὶ
2574 1500 2633 1551 ὲν
2681 1495 2948 1566 ἁπλότητι
2989 1494 3218 1567 καρδίας
3265 1492 3541 1564 ζητήσατε
3600 1490 3784 1547 αὐτόν.
3842 1508 3866 1542 ι

2288 1589 2424 1644 Ποία
2475 1588 2585 1662 γάρ
2627 1588 2787 1660 χρεία
2827 1587 3185 1643 πολυπλόκων
3232 1585 3366 1657 ύμῖν
3403 1582 3726 1657 εὑρεμάτων
3775 1581 3878 1636 καὶ

2287 1681 2462 1752 λόγων
2494 1679 2978 1754 διεστραμμίνωνς
3009 1680 3064 1734 τί
3091 1679 3194 1751 τὴν
3229 1679 3318 1733 tn’
3339 1674 3467 1733 ιύθὺ
3491 1672 3878 1749 περιυϐρίζον-

2286 1791 2378 1840 τες
2409 1773 2619 1846 τρίϐον,
2657 1771 2957 1844 καμπύλας
2991 1773 3198 1826 ποιεῖτε
3240 1771 3344 1836 τάς
3370 1768 3583 1824 ἑαυτῶν
3617 1767 3875 1838 τροχιάς;

608 1866 782 1922 nolite
831 1865 1104 1921 seminare
1154 1863 1298 1919 inter
1344 1863 1530 1935 spinas
1557 1863 1625 1918 ⁸³.
1666 1883 1685 1914 ι
1729 1863 2188 1935 Quandoquidem

2299 1885 2315 1919 ι
2351 1865 2608 1920 Νεώσατε
2645 1866 2856 1929 ἑαυτοῖς
2893 1863 3171 1936 νεὼματα,
3217 1863 3314 1918 καὶ
3372 1860 3447 1933 μὴ
3497 1859 3751 1931 σπείρετε
3779 1858 3872 1913 ἀπ’

608 1957 963 2013 vehementer
986 1965 1215 2028 propter
1235 1967 1552 2012 sanctarum
1573 1955 1946 2012 Ecclesiarum
1975 1971 2184 2026 pacem,

609 2055 672 2102 ut
701 2045 836 2112 dixi,
865 2045 1226 2113 consternati,
1258 2060 1355 2102 eos
1386 2044 1482 2116 qui
1511 2045 1704 2102 eadem
1740 2061 1865 2101 cum
1899 2045 2033 2116 ipsis
2062 2061 2190 2101 sen-

608 2133 714 2189 tire
754 2135 970 2200 nolunt,
1001 2134 1434 2190 malitiosissime
1467 2134 1734 2201 lacerant,
1767 2145 2192 2207 sanctorumque

607 2224 1019 2296 episcoporum,
1057 2224 1444 2292 Orientalium,
1469 2227 1714 2298 inquam,
1749 2227 2055 2298 apologiam
2080 2244 2194 2282 non

611 2315 821 2386 absque
842 2318 1212 2374 auiarulentia
1235 2318 1627 2388 proscindunt;
1657 2318 2018 2389 eamdemque
2041 2318 2110 2374 ad
2137 2317 2193 2373 id

610 2407 760 2478 quod
813 2408 919 2464 sibi
973 2417 1188 2480 gratum
1239 2410 1588 2480 amicumque
1641 2420 1728 2467 est
1778 2411 2192 2484 detorquentes,

613 2514 890 2570 praveque
925 2499 1375 2571 interpretantes,
1402 2517 1434 2556 a
1465 2501 1706 2558 Nestorii
1743 2518 1941 2558 vocum
1975 2506 2194 2562 novita-

612 2589 762 2646 tibus
799 2606 911 2646 non
949 2591 1250 2647 abhorrere
1285 2590 1648 2647 contendunt.
1679 2590 1823 2659 Quin
1845 2601 1904 2648 et
1925 2609 2027 2649 nos
2055 2611 2196 2664 quo-

609 2695 720 2750 que
762 2695 870 2736 una
907 2679 1246 2752 vituperant,
1273 2681 1433 2751 quasi
1467 2681 1534 2735 iis
1565 2697 1686 2751 qua:
1707 2683 1821 2752 jam
1851 2681 2195 2752 scripsimus,

613 2771 896 2827 contraria
925 2773 1277 2828 senserimus.
1306 2772 1556 2843 Intelligo
1580 2787 1712 2828 vero
1744 2781 1802 2830 et
1839 2773 1945 2830 hoc
1976 2790 2197 2845 quoque

616 2861 743 2920 illos
761 2863 922 2919 nobis
940 2863 1201 2935 obiicere,
1227 2879 1427 2936 nempe
1449 2864 1598 2935 quod
1622 2863 1752 2919 ﬁdei
1773 2865 2196 2936 expositionem,

615 2951 733 3008 sive
779 2968 982 3008 novum
1032 2954 1342 3026 symbolum
1387 2955 1791 3026 receperimus,
1838 2956 1996 3027 quasi
2041 2966 2201 3014 vetus

2291 1957 2576 2023 ἀκάνθαις.
2616 1976 2636 2010 ι
2679 1956 2960 2020 ’Δλύοντες
2989 1955 3121 2027 γάρ,
3154 1955 3232 2019 ὡς
3268 1955 3427 2024 εφην,
3461 1954 3554 2007 ἐπὶ
3582 1953 3651 2022 τῇ
3681 1949 3880 2023 είρήνῃ

2289 2052 2402 2107 τῶν
2451 2051 2625 2121 ἀγίων
2663 2049 3024 2122 Ἐκκλησιῶν,
3076 2049 3204 2112 τοὺς
3245 2046 3321 2120 μὴ
3365 2045 3772 2117 ἀνασχομένους
3806 2043 3882 2097 τά

2292 2143 2383 2198 ίσα
2412 2144 2630 2214 φρονεῖν
2659 2141 2880 2208 αὐτοῖς,
2929 2140 3348 2212 κακουργότατα
3391 2135 3738 2207 διασύρουσι·
3780 2133 3884 2189 καὶ

2293 2233 2726 2306 καταγορεύουσι
2765 2233 2980 2306 πικρῶς
3037 2233 3139 2304 τῆς
3188 2229 3484 2300 ἀπολογίας
3539 2227 3650 2282 τῶν
3703 2226 3885 2296 ἀγίων

2292 2328 2632 2391 ὶπισκόπων,
2666 2327 2776 2381 τῶν
2812 2325 2923 2382 ἀπὸ
2965 2325 3067 2396 τῆς
3103 2325 3250 2396 ἑῴας
3304 2322 3468 2394 φημί·
3498 2317 3618 2375 εἶτα
3663 2317 3890 2391 περιέλ-

2297 2437 2481 2486 ιιοντες
2505 2417 2676 2490 αὐτὴν
2709 2416 2850 2489 πρὸς
2883 2417 2946 2472 τδ
2975 2416 3189 2480 ἑαυτοῖς
3222 2413 3322 2484 ἡδύ
3349 2430 3409 2466 τε
3444 2412 3540 2465 καὶ
3573 2409 3747 2480 φίλον,
3785 2406 3890 2462 καὶ

2293 2513 2541 2577 νοοῦντες
2569 2512 2671 2566 οὐκ
2703 2510 2902 2582 ὀρθῶς,
2954 2509 3056 2563 οὐκ
3102 2507 3420 2578 ἀπᾳδόντως
3450 2503 3704 2574 γενέσθαι
3748 2500 3891 2570 φασὶ

2294 2607 2416 2669 ταῖς
2443 2601 2742 2674 Νεστορίου
2785 2598 3143 2670 κενοφωνίαις
3193 2606 3255 2650 ³³.
3304 2593 3791 2665 Συγκαταψόγουσι
3825 2589 3891 2645 δὲ

2296 2696 2392 2752 καὶ
2421 2696 2572 2767 ἡμᾶς
2609 2693 2686 2759 ὡς
2711 2689 2796 2756 οἷς
2820 2691 2922 2764 ἠδη
2955 2690 3342 2762 γεγράφαμεν,
3376 2685 3786 2759 πεφροντικότας
3813 2681 3893 2736 τὰ

2297 2791 2538 2844 ὲναντια.
2562 2784 2840 2842 Μανθάνω
2867 2782 2943 2848 δὲ,
2967 2782 3050 2837 ὅτι
3080 2780 3305 2836 κάκεῖνό
3325 2794 3492 2848 φασιν
3539 2777 3624 2831 ότι
3649 2775 3893 2838 πίστεως

2298 2881 2540 2947 ἔκθεσιν,
2571 2880 2694 2952 ἦτοι
2731 2876 3003 2949 σύμβολον
3035 2873 3242 2938 καινὸν,
3277 2871 3484 2944 ἀρτίως
3520 2866 3896 2939 κατεδεξάμε-

2301 2975 2393 3042 θα,
2424 2974 2570 3045 τάχα
2601 2987 2707 3026 που
2739 2970 2802 3024 τὸ
2842 2969 3072 3042 ἀρχαῖον
3097 2966 3296 3029 tacetve,
3331 2964 3429 3018 καὶ
3459 2961 3655 3016 σεπτὸν
3681 2960 3891 3031 ἀτιμά-

616 3043 754 3100 illud
779 3045 1264 3118 venerandumque
1285 3047 1587 3120 aspernati.
1609 3048 1681 3103 At
1707 3068 1725 3100 ι
1751 3049 1956 3106 stultus
1976 3050 2198 3121 quidem

2304 3043 2668 3131 nuncmihi.
2705 3079 2725 3115 ι
2769 3063 2800 3117 ό
2847 3061 2947 3131 μὶν
2997 3057 3180 3131 μωρὸς
3225 3055 3385 3129 μωρά
3423 3054 3678 3126 λαλήσειο
3721 3053 3817 3107 καὶ
3853 3053 3895 3124 ἡ

616 3137 786 3194 stulta
817 3138 1096 3209 loquetur,
1129 3148 1187 3195 et
1216 3155 1314 3195 cor
1347 3140 1497 3196 illius
1519 3156 1662 3197 vana
1689 3141 2047 3198 meditabitur
2073 3142 2140 3196 ”.
2173 3162 2192 3194 ι

2302 3159 2502 3232 καρδία
2531 3155 2697 3211 αὐτοῦ
2731 3153 2938 3226 μάταια
2981 3152 3189 3221 νοήσει.
3230 3167 3251 3201 ι
3285 3146 3435 3219 Πλὴν
3479 3145 3657 3201 ικεῖνό
3684 3159 3891 3216 φαμεν⁶

616 3228 758 3285 llud
794 3231 1174 3287 tantummodo
1201 3231 1438 3288 dicimus
1462 3247 1586 3298 nos,
1622 3248 1802 3303 neque
1832 3249 2031 3289 novam
2070 3233 2199 3290 ﬁdei

2299 3223 2649 3310 03"!!!“th
2697 3223 2916 3300 ἔκθεσιν
2965 3239 3256 3314 ὲξῄτηνται
3323 3236 3453 3308 παρ’
3487 3234 3646 3307 ἡμῶν
3708 3249 3893 3301 τινες,

617 3322 1020 3393 expositionem
1049 3324 1119 3379 ab
1144 3324 1258 3380 ullo
1285 3326 1554 3396 exegisse,
1583 3340 1762 3396 neque
1789 3325 1859 3380 ab
1887 3325 2010 3381 aliis
2039 3326 2199 3380 inno-

2302 3340 2471 3411 ἧγουν
2493 3347 2523 3375 ιι
2551 3330 3046 3405 καινοτομηθεῖσαν
3082 3326 3214 3398 παρ’
3232 3325 3438 3396 ἑτέρων
3461 3320 3894 3393 κατεδεξάμεθα.

617 3423 804 3471 vatam
840 3415 1152 3472 admisisse.
1194 3416 1404 3473 Suﬁicit
1434 3417 1583 3474 enim
1627 3418 1788 3474 nobis
1828 3418 2011 3473 divina
2052 3418 2199 3483 Scri-

2315 3430 2559 3501 ’Δπόχρη
2603 3425 2714 3498 γὰρ
2764 3424 2892 3496 ἡμῖν
2928 3423 2965 3495 ἡ
3000 3419 3357 3482 θεόπνευστος
3399 3414 3612 3489 Γραφὴ,
3657 3413 3750 3468 καὶ
3780 3412 3900 3467 τῶν

618 3515 805 3580 ptura,
830 3515 1258 3579 sanctorumque
1296 3510 1518 3566 Patrum
1550 3510 1865 3581 prudentia,
1890 3518 1947 3566 et
1982 3511 2199 3584 symbo-

2304 3519 2477 3590 ἀγίων
2508 3516 2773 3589 Πατέρων
2812 3516 2848 3585 ἠ
2887 3513 3070 3586 νῆψις,
3096 3513 3194 3568 καὶ
3219 3510 3283 3564 τὸ
3312 3509 3452 3582 πρὸς
3471 3505 3760 3564 πανοτιοῦν
3782 3506 3901 3562 τῶν

621 3599 737 3656 lum
763 3598 892 3655 ﬁdei
919 3600 990 3655 ad
1013 3601 1201 3656 omnia
1226 3610 1376 3658 recta
1398 3602 1653 3674 dogmata
1679 3612 1806 3673 apte
1833 3603 2051 3674 riteque
2075 3619 2199 3660 eon-

2306 3611 2543 3683 ἑχόντων
2579 3606 2760 3680 ὀρθῶς
2796 3601 3286 3677 εκτετορνευμινον
3333 3600 3435 3672 τῆς
3481 3599 3716 3662 πίστεως
3757 3594 3906 3668 σύμ-

622 3691 926 3748 ciunatum.
943 3689 1082 3759 Quia
1107 3708 1239 3748 vero
1267 3694 1600 3750 sanctissimi
1627 3694 1925 3751 orientales
1937 3696 2199 3767 episcopi,

2309 3701 2484 3757 σολον.
2513 3698 2734 3771 Ἐπειδὴ
2749 3698 2808 3752 δὲ
2832 3692 2972 3770 ἦσαν
2999 3695 3049 3750 οι
3078 3693 3222 3750 κατά
3237 3691 3336 3765 τὴν
3358 3689 3654 3762 ’Δνατολὴν
3675 3685 3906 3741 eortina-

625 3798 752 3840 cum
797 3783 996 3854 Ephesi
1043 3794 1249 3852 essent,
1294 3801 1328 3842 a
1371 3786 1534 3842 nobis
1587 3786 1745 3858 113
1782 3783 2208 3856 dissentiebant,

626 3889 802 3944 eaque
840 3873 909 3930 de
941 3890 1125 3943 causa,
1151 3876 1310 3948 quasi
1352 3876 1823 3949 blasphemiarum
1849 3879 2090 3937 Nestorii
2125 3881 2208 3936 la-

627 3966 787 4036 queis
821 3966 1020 4022 irretiti
1062 3975 1405 4035 tenerentur,
1442 3970 1685 4040 suspecti
1709 3979 1903 4040 erant;
1930 3980 1993 4026 ut
2013 3987 2082 4028 eo
2103 3973 2212 4029 cri-

628 4059 778 4115 mine
824 4074 885 4115 se
928 4060 1249 4128 liberarent,
1288 4062 1691 4134 inculpataeque
1719 4063 1847 4120 ﬁdei
1869 4067 2212 4123 amatoribus

629 4167 730 4223 per
749 4151 934 4207 omnia
956 4151 1356 4222 satisfacerent,
1380 4170 1445 4211 ac
1463 4155 1801 4212 Nestoriame
1829 4156 2126 4225 impietatis
2153 4173 2214 4214 se

629 4253 886 4315 expertes
899 4260 1019 4301 esse
1037 4245 1414 4313 ostenderent,
1433 4248 1741 4319 apologiam
1760 4257 2210 4319 composuerunt,

633 4346 693 4393 et
723 4336 778 4392 id
798 4337 1022 4408 quidem
1049 4338 1347 4395 admodum
1376 4340 1696 4410 prudenter,
1727 4348 1942 4396 tantum
1973 4340 2132 4396 abest
2154 4349 2218 4396 ut

637 4431 745 4487 hoc
772 4431 1003 4486 istorum
1032 4429 1237 4486 factum
1273 4431 1457 4503 aliqua
1490 4433 1716 4488 omnino
1745 4440 1875 4488 nota
1901 4439 1998 4489 aut
2025 4448 2215 4504 repre-

639 4520 905 4577 hensione
925 4521 1152 4592 dignum
1169 4521 1442 4578 videatur.
1464 4521 1605 4589 Quid
1628 4522 1797 4588 enim,
1815 4525 1860 4579 si
1885 4524 2002 4593 ipse
2023 4523 2217 4580 Nesto-

638 4612 756 4667 rius
785 4628 854 4668 eo
885 4623 1152 4684 tempore,
1189 4629 1300 4684 quo
1334 4629 1365 4669 a
1405 4615 1567 4670 nobis
1601 4615 1859 4670 omnibus
1896 4614 1977 4670 illi
2014 4630 2216 4685 propo—

638 4703 906 4767 nebatur,‘
915 4712 1171 4775 oportere
1193 4713 1256 4760 ut
1272 4721 1370 4762 sua
1395 4706 1511 4776 ipse
1533 4705 1786 4777 dogmata
1803 4706 2216 4772 condemnaret,

637 4793 1038 4864 veritatemque
1067 4793 1514 4865 amplecteretur,
1543 4796 1806 4866 scriptam
1843 4795 1914 4851 iis
1946 4795 2016 4851 de
2053 4796 2222 4853 rebus

637 4886 1043 4942 confessionem
1081 4887 1445 4952 exhibuisset,
1478 4889 1750 4960 quispiam
1789 4889 2039 4946 dicturus
2077 4901 2218 4955 erat,

2309 3812 2393 3848 τοι
2417 3794 2706 3850 ἐπίσκοποι
2734 3788 3146 3862 διχονοήσαντες
3165 3785 3303 3859 πρὸς
3317 3784 3468 3858 ἡμᾶς
3498 3781 3642 3837 κατά
3665 3779 3765 3852 τὴν
3785 3778 3906 3834 τῶν

2323 3883 2611 3955 Ἐφεσίων,
2648 3882 2745 3939 καὶ
2767 3881 3028 3954 γεγόνασί
3062 3895 3180 3942 πως
3207 3877 3267 3932 ὲν
3303 3874 3512 3947 ὑποψίᾳ
3546 3871 3642 3928 τοῦ
3673 3872 3767 3926 καὶ
3805 3872 3905 3925 ιν-

2310 3976 2513 4032 αλῶναι
2539 3973 2754 4048 βρόχοις
2777 3973 2888 4027 τῶν
2914 3969 3212 4042 Νεστορίου
3233 3963 3762 4040 δυσφημιιῖιν,ταύτῃ
3786 3979 3900 4027 τοι,

2312 4070 2408 4125 καὶ
2458 4068 2604 4140 μάλα
2633 4067 2942 4139 ἐμφρόνως,
2980 4063 3056 4128 ῶς
3081 4061 3517 4126 ἀπαλλάττοντες
3550 4059 3776 4122 ἑαυτοὺς
3795 4057 3906 4127 τῆς

2313 4163 2409 4216 ἰπὶ
2437 4162 2650 4226 τούτοις
2678 4159 2879 4224 αἰτίας,
2915 4156 3155 4230 καὶ-,τοὺς
3193 4155 3294 4227 τῆς
3319 4154 3628 4227 ἀμωμήτου
3658 4151 3903 4214 πίστεως

2315 4252 2552 4326 ὶραστάς
2617 4250 2988 4324 πληροφορεῖν
3041 4247 3459 4312 σπουδάζοντες,
3502 4244 3586 4297 ὅτι
3616 4243 3718 4313 τῆς
3751 4241 3906 4295 ὲκεί-

2314 4361 2408 4398 νου
2453 4342 2739 4415 βδελυρίας
2785 4341 3036 4413 ἀμοιρεῖν
3076 4337 3387 4409 ἐγνώκασι,
3430 4335 3756 4406 πεποίηνται
3800 4333 3907 4406 τὴν

2317 4431 2642 4499 ἀπολογίαν·
2674 4431 2770 4486 καὶ
2802 4429 2863 4483 τὸ
2903 4426 3095 4500 χρῆμά
3125 4429 3243 4481 ἐστι
3274 4425 3433 4495 λόγου
3473 4442 3532 4478 τε
3567 4424 3771 4489 παντὸς
3805 4426 3910 4480 καὶ

2250 4573 2292 4629 D
2323 4524 2516 4597 μώμου
2552 4524 2795 4596 μακράν.
2824 4517 2976 4595 *Δρα
3010 4522 3118 4594 γάρ
3150 4521 3200 4575 εί
3239 4520 3335 4575 καὶ
3365 4526 3393 4556 °
3421 4516 3911 4629 autbc'Nta'copiec

2320 4618 2444 4671 κατ’
2473 4617 2649 4670 ἐκεῖνο
2677 4614 2893 4688 καιροῦ,
2925 4614 3050 4669 καθ’
3093 4613 3155 4667 ὃν
3201 4611 3354 4683 αύτῷ
3382 4609 3722 4682 προετείνετο
3751 4611 3909 4680 παρὰ

2325 4707 2540 4763 πάντων
2565 4706 2725 4778 ήμῶν
2744 4705 2808 4760 τὸ
2829 4705 3032 4777 χρῆναι
3056 4699 3544 4775 καταψηφίσασθαι
3571 4699 3682 4756 τῶν
3707 4698 3911 4756 ἑαυτοῦ

2322 4797 2635 4871 δογμάτων,
2675 4798 2774 4856 καὶ
2802 4795 3127 4852 ἀνθελέσθαι
3170 4796 3272 4869 τὴν
3318 4793 3913 4867 ἀλήθειανΛγγραφον

2324 4891 2623 4963 ἐποιήσατο
2662 4889 2764 4962 τὴν
2793 4890 2889 4943 επὶ
2912 4888 3126 4953 τούτοις
3153 4887 3466 4960 ὁμολογίαν,
3511 4885 3609 4940 καὶ
3645 4885 3807 4939 αὑτὸν
3838 4884 3915 4940 ἂν
3989 4955 3994 4960 ν

643 4979 798 5035 ἰΙΙιιιιι
832 4995 1037 5036 novum
1077 4978 1205 5036 ﬁdei
1245 4981 1552 5053 symbolum
1593 4982 1755 5037 nobis
1787 4983 2183 5054 conscripsisse

2323 4999 2408 5046 τις
2443 4982 2547 5054 ἐφη
2594 4981 2830 5046 πίστεως
2879 4983 3014 5053 ἡμῖν
3061 4980 3454 5052 καινπομῆσαι
3505 4976 3809 5051 σύμϐολονς
3840 4977 3892 5034 ἰ’

641 5070 784 5136 Quid
818 5070 986 5143 igitur
1023 5079 1232 5128 temere
1262 5074 1526 5130 conviciis
1565 5075 1907 5130 insectantur
1933 5076 2219 5132 sanctissi-

644 5176 765 5217 mos
790 5162 1084 5219 Phoenicia
1106 5163 1414 5235 episcopos,
1438 5181 1632 5222 eorum
1658 5182 1988 5223 consensum
2016 5183 2221 5224 novum

643 5253 955 5325 symbolum
983 5255 1342 5326 appellantes,
1373 5273 1538 5328 quem
1578 5259 1653 5314 illi
1689 5259 1903 5315 utiliter
1935 5269 1992 5316 et
2025 5276 2220 5317 neces-

643 5345 792 5402 sario
832 5345 1148 5414 ediderunt,
1180 5356 1241 5404 ut
1275 5349 1539 5405 nimirum
1576 5367 1635 5408 se
1670 5360 1990 5423 purgarent,
2019 5368 2223 5424 eosque

2326 5075 2505 5130 τοίνυν
2527 5073 2981 5148 διαλοιδοροῦνται
3001 5074 3180 5146 μάτην
3205 5072 3421 5128 ἔκθεσιν
3441 5070 3739 5144 συμϐόλου,
3781 5086 3904 5124 και-

2327 5169 2427 5239 νὴν
2456 5167 2816 5240 ὀνομάζοντες
2834 5168 2936 5240 τὴν
2967 5167 3271 5222 συναίνεσιν
3291 5165 3402 5222 τῶν
3433 5165 3578 5220 κατά
3609 5164 3710 5236 τὴν
3733 5165 3918 5219 Φοινί-

2329 5279 2435 5334 κην
2477 5260 2918 5316 θεοσεδεστάτων
2947 5259 3283 5323 ὶπισιιόπων,
3314 5261 3382 5330 ἢν
3413 5257 3740 5329 πεποίηνται
3774 5272 3917 5328 χρη-

2333 5355 2510 5426 σίμως
2537 5371 2597 5408 τε
2644 5355 2740 5408 καὶ
2777 5352 3120 5422 ἀναγκαίως,
3147 5348 3578 5424 ἀπολογούμενοί
3607 5367 3668 5404 τε
3696 5349 3791 5404 καὶ
3820 5348 3917 5403 θε-

718 5505 805 5580 ξ³1
831 5505 975 5562 Tim.
997 5506 1186 5580 v1.20.
1263 5509 1309 5541 “
1333 5507 1573 5580 Soplion.
1617 5525 1675 5574 ιι,
1723 5509 1775 5575 l,
1807 5509 1862 5564 2.
1943 5510 1987 5542 "
2017 5509 2119 5564 lsa.
2151 5525 2277 5575 xui,
2307 5509 2391 5564 l8.
2471 5509 2517 5541 “
2543 5508 2673 5580 Sap.
2709 5525 2747 5573 ι,
2781 5507 2831 5562 l.
2912 5507 2959 5542 "
2994 5507 3156 5566 Prov.
3196 5524 3267 5576 Iv,
3294 5507 3378 5564 25.
3463 5507 3512 5540 "
3529 5505 3732 5563 Jercm.
3757 5500 3915 5570 11,8.

649 5577 698 5610 ⁶⁹
720 5576 825 5633 Isa.
853 5593 1017 5641 xxx",
1039 5577 1092 5633 6.

1715 5689 1886 5746 Variae
1918 5689 2184 5745 lectiones
2217 5691 2425 5750 codicis
2455 5692 2816 5765 Seguieriani.

721 5817 762 5848 ιι
785 5807 882 5874 τὰς
908 5807 1199 5878 Νεστορίου
1229 5805 1604 5877 καινοφωνίας.
1684 5816 1710 5844 η
1738 5805 1772 5876 ἢ
1801 5806 1950 5876 γοῦν.
2017 5816 2042 5843 ο
2072 5806 2191 5862 κᾶν.
