4126 6314
1586 368 1925 427 EPISTOLA
1964 369 2077 426 XL.

3341 366 3448 426 190

183 463 654 564 ραπεύοντεςτοὺς
691 489 1002 564 οίηθέντας,
1033 492 1116 546 ὅτι
1148 491 1271 556 ταῖς
1302 488 1598 564 Νεστορίρυ
1631 490 1757 545 ἀκο-

1873 488 2257 554 iemulcerent,
2285 487 2382 560 qui
2422 487 2574 560 ipsos
2603 502 2776 544 vanas
2806 502 2971 545 voces
3002 502 3038 544 ε
3069 485 3327 546 Nestorio
3358 486 3448 542 in-

180 581 413 640 λουθοῦσι
461 582 862 654 καινοιρωνίαις
893 595 958 652 P;
1010 585 1076 637 Ἦ
1117 582 1218 654 μὶν
1254 582 1366 657 γὰρ
1400 581 1536 654 ἁγία
1561 583 1656 638 καὶ
1682 585 1756 638 oi-

180 675 472 748 κουμενικὴ
502 674 748 741 σύνοδος,
765 678 802 750 ἡ
827 676 970 732 κατὰ
983 675 1082 748 τὴν
1104 676 1371 748 Ἐφεσίων
1393 676 1551 732 πόλιν
1578 693 1757 731 συνει-

172 767 402 840 λεγμένη
417 807 436 833 ,
472 768 809 840 προενόησεν
857 769 1175 839 ἀναγκαίως
1211 767 1305 824 τοῦ
1348 767 1427 841 μὴ
1455 769 1590 834 δεῖν,
1634 769 1756 834 ταῖς

188 858 536 931 Ἐκκλησίαις
567 858 666 914 τοῦ
711 858 850 914 Θεοῦ
894 859 1132 925 πίστεως
1155 859 1373 916 ἔκθεσιν
1413 860 1610 932 έτέραν
1637 861 1756 914 εἰσ-

175 948 455 1022 κρίνεσθαι
500 951 656 1024 παρὰ
697 967 764 1020 γε
805 949 906 1023 τὴν
945 947 1133 1008 οὖσαν·
1169 953 1238 1025 ἢν
1281 953 1332 1007 oi
1363 951 1756 1024 τρισμακάριοι

177 1039 435 1111 Πατέρες,
476 1042 538 1096 έν
583 1040 730 1112 ἁγίῳ
771 1039 1057 1113 Ηνεύματι
1102 1041 1415 1108 λαλοῦντες,
1463 1041 1754 1115 ὡρίσαντο.

175 1129 236 1185 οι
261 1146 326 1200 γε
380 1131 497 1204 μὴν
534 1129 708 1195 hae,
767 1129 871 1186 οὐκ
918 1125 1017 1186 οἷδ’
1045 1133 1217 1197 ὅπως,
1245 1131 1382 1203 πρὸς
1410 1129 1580 1201 αὐτὴν
1611 1130 1760 1201 διχοο

175 1222 334 1294 νοήσα
473 1261 488 1286 ,
518 1219 809 1292 γεγονότες
832 1221 891 1275 δέ
922 1219 1018 1276 καὶ
1049 1220 1111 1276 έν
1135 1219 1396 1290 ὑποψίαις
1420 1219 1516 1274 τοῦ
1564 1218 1641 1292 μὴ
1673 1218 1762 1291 ὁρ-

175 1313 275 1368 θῶς
300 1239 528 1368 etiam
558 1314 797 1368 φοονεῐν.
836 1314 975 1368 μήτε
1024 1311 1131 1368 μὴν
1150 1314 1262 1368 τοῖς
1295 1310 1674 1368 ἁποστολικοίς
1696 1327 1759 1365 τε

175 1313 275 1379 θῶς
300 1310 528 1368 έλέεθαι
558 1314 797 1386 φρονείν,
835 1314 975 1386 μήτε
1023 1311 1131 1386 μὴν
1150 1314 1262 1377 τοῖς
1295 1310 1674 1376 ἁποστολικοίς
1696 1327 1759 1365 τε

178 1404 265 1459 καὶ
288 1403 676 1473 εὐαγγελικοῐς
701 1404 932 1459 ἕπεσθαι
957 1404 1245 1476 δόγμασιν,
1283 1399 1395 1477 ἄρα
1424 1403 1757 1470 σιωπῶντες,

177 1491 576 1562 ἀπηλλάγησαν
600 1489 669 1545 ἃν
697 1491 798 1563 τῆς
826 1492 923 1546 έπὶ
947 1491 1122 1564 τούτῳ
1153 1492 1464 1559 δυσκλείας,
1491 1491 1527 1563 ἢ
1557 1492 1760 1563 μᾶλλον

176 1583 630 1656 ἀπολογούμενοι,
679 1584 777 1639 καὶ
827 1587 928 1658 τῆς
976 1583 1205 1657 ένούσης
1243 1585 1430 1649 αὐτοῖς
1470 1583 1632 1657 δόξης
1658 1584 1760 1654 τὴν

176 1675 402 1747 δύναμιν
419 1673 859 1748 ὲμφανίζοντεςς
891 1675 1082 1731 Καίτοι
1108 1674 1391 1746 γέγραφεν
1413 1675 1443 1730 ὁ
1473 1671 1763 1737 θεσπέσιος

181 1765 448 1837 μαθητής·
482 1783 505 1818 ι
555 1764 807 1836 Ἕτοιμοι
841 1765 932 1820 ἀεὶ
973 1764 1114 1836 πρὸς
1148 1763 1449 1833 ἀπολογίαν
1478 1762 1644 1816 παντὶ
1682 1759 1763 1833 τῷ

176 1855 591 1927 αίτοῦντιύμᾶς
651 1854 815 1918 λόγον
853 1854 978 1928 περὶ
1011 1855 1113 1928 τῆς
1163 1856 1222 1909 έν
1270 1854 1403 1925 ὑμῖν
1451 1853 1687 1918 ἐλπίδος.
1733 1871 1754 1905 ι
1790 1847 1834 1904 Β

187 1945 244 2001 ⁸0
267 1946 327 2002 ει
350 1955 384 1998 1
409 1944 574 2001 τοῦτο
605 1944 741 2019 δρᾷν
774 1945 1070 2018 ᾑρημένος,
1100 1946 1417 2017 καινουργεῖ
1451 1942 1552 2014 μὲν
1581 1942 1758 2008 οὐδὲν,

177 2039 286 2094 ἀλλ’
304 2039 434 2094 οὐδὲ
454 2037 694 2103 πίστεως
710 2037 927 2096 ἔκθεσιν
951 2038 1146 2110 δρᾶται
1171 2033 1532 2107 καινοτομῶνο
1553 2033 1762 2106 έναργῆ

179 2130 232 2183 δι
277 2129 488 2199 μᾶλλον
532 2128 826 2200 καθίστησι
873 2130 986 2194 τοῖς
1029 2127 1316 2202 ἐρομένοις
1358 2124 1555 2194 αὐτὸν,
1589 2124 1659 2196 ἢν
1693 2123 1764 2180 ἂν

179 2221 286 2292 έχοι
321 2221 518 2274 πίστιν
545 2220 676 2292 περὶ
701 2219 963 2292 Χριστοῦ.

254 2314 574 2385 Ἐπυθὸμην
601 2313 660 2367 δέ
693 2311 834 2384 πρὸς
851 2310 1086 2377 τούτοις,
1119 2310 1204 2366 δτι
1226 2309 1352 2378 ταῖς
1373 2308 1484 2364 τῶν
1511 2306 1766 2362 θεοσεϐε-

182 2407 387 2461 στάτων
423 2405 746 2460 έπισκόπων
772 2402 1101 2476 ὀμοψυχίαις
1137 2402 1202 2457 οὐ
1235 2401 1483 2472 μετρίως
1543 2400 1768 2454 ἐπιστυ-

180 2501 474 2572 γνάζοντες
504 2500 554 2554 οι
586 2499 685 2568 τῆς
714 2496 972 2570 ἀληθείας
1000 2495 1209 2569 ἐχθροὶ,
1235 2497 1349 2551 ἄνω
1386 2511 1449 2548 τε
1481 2492 1579 2548 καὶ
1611 2492 1766 2548 κάτω

179 2593 479 2650 διακυκῶσι
508 2591 579 2646 τὰ
609 2591 810 2656 πάντα,
839 2591 934 2645 καὶ
963 2590 1078 2652 τοῖς
1095 2587 1334 2652 ἀνοσίοις
1363 2585 1576 2641 ἑαυτῶν
1595 2584 1766 2658 εὑρή-

185 2703 312 2758 μασι
352 2695 380 2726 ³
408 2682 694 2757 συμϐῆναί
727 2698 863 2754 φασι
892 2682 991 2753 τῆς
1023 2680 1156 2753 παρ’
1178 2678 1360 2735 αὐτῶν
1388 2676 1767 2749 γεγενημένης

180 2777 474 2851 ὁμολογίας
524 2775 626 2848 τὴν
668 2773 922 2846 δύναμινο
960 2773 1030 2845 ἢν
1057 2772 1152 2826 hri.
1180 2772 1249 2843 τῇ
1281 2770 1416 2843 ὀρθῇ
1438 2767 1767 2838 πεποίηνται

183 2867 382 2931 πίστει,
416 2860 874 2936 καινοτομοῦντες
905 2861 1027 2934 μὲν,
1075 2860 1153 2926 ὡς
1190 2859 1547 2934 έφην,“ἧγουν
1593 2873 1768 2929 προσ-

184 2959 483 3029 επάγοντες
509 2957 625 3020 τοῖς
644 2952 1227 3025 πῦαιδιωρισμένοις,
1251 2952 1315 3007 τδ
1336 2951 1559 3022 σύμπαν
1591 2948 1767 3015 οὐδὲν,

183 3051 440 3122 ἑπόμενοι
469 3048 530 3104 Si
565 3046 764 3120 μᾶλλον
804 3047 922 3110 τοῖς
949 3044 1060 3102 τῶν
1092 3045 1266 3115 ἁγίων
1289 3042 1553 3116 Πατέρων
1575 3042 1768 3097 ἀνεπι-

185 3142 448 3213 πλήκτοις
495 3139 782 3210 δόγμασιν.
815 3137 936 3193 Ἵνα
978 3137 1036 3191 δὲ
1073 3136 1509 3208 ψευδοεποῦντας
1533 3134 1772 3205 ιλέγχω-

185 3250 304 3306 μεν,
333 3231 505 3305 φέρε,
543 3230 965 3305 παραγάγωμεν
1007 3229 1091 3294 είς
1121 3227 1286 3300 μέσον
1337 3227 1439 3292 τὰς
1470 3225 1768 3298 Νεστορίου

187 3322 481 3397 φλυαρίας,
514 3321 612 3378 καὶ
640 3320 741 3387 τὰς
791 3320 999 3377 τούτων
1027 3319 1242 3392 φωνάς.
1299 3316 1561 3385 Ἐκδείξει
1599 3316 1711 3390 γὰρ
1744 3326 1768 3356 ³

186 3409 304 3484 ὧδε,
332 3414 434 3471 καὶ
455 3413 560 3486 οὐχ
587 3411 811 3486 ἑτέρως,
850 3411 915 3468 τὸ
942 3411 1142 3484 ἀληθὲς
1166 3413 1201 3483 ὴ
1233 3409 1488 3482 βάσανος.

251 3505 472 3565 οὐκοῦν
500 3504 796 3578 Νεστόριος
841 3505 941 3576 μεν
968 3503 1208 3577 ἀναιρῶν
1238 3504 1317 3566 εις
1347 3501 1494 3558 ἅπαν
1524 3500 1776 3574 εὑρίσκε-

184 3619 276 3658 ται
301 3599 400 3656 τοῦ
431 3597 759 3672 μονογενοῦς
800 3596 934 3652 Υὶοῦ
981 3595 1078 3652 τοῦ
1122 3593 1259 3651 Θεοῦ
1287 3594 1386 3667 τὴν
1415 3595 1559 3653 κατὰ
1595 3593 1776 3667 σάρκα

187 3693 472 3766 γέννησιν·
493 3691 556 3746 ού
581 3689 694 3761 γάρ
719 3706 803 3745 τοι
832 3686 1089 3759 τετέχθαι
1112 3685 1278 3759 φησὶν
1302 3686 1466 3741 αὐτὸν
1502 3687 1568 3741 tat
1588 3701 1779 3755 γυναι-

187 3788 305 3852 κὸς,
332 3784 484 3842 κατὰ
498 3785 597 3849 τὰς
609 3784 853 3856 Γραφάς.
889 3781 1038 3854 Ἔφη
1060 3779 1170 3852 γὰρ
1191 3778 1355 3835 οὕτω
1388 3779 1464 3834 Τὸ
1495 3778 1780 3852 προελθεῖν

187 3879 279 3932 τὸν
312 3876 455 3933 Θεδν
501 3877 568 3931 tat
591 3876 690 3948 τῆς
729 3871 1100 3946 Χριστοτόιοου
1138 3870 1441 3945 Παρθένου,
1477 3869 1633 3942 παρὰ
1680 3869 1781 3941 τῆς

189 3967 339 4032 θείας
385 3965 676 4039 ιὰδάχθην
704 3964 946 4038 Γραφῆς·
975 3963 1038 4018 τὸ
1083 3962 1141 4017 δι
1177 3961 1507 4033 γεννηθῆναι
1543 3960 1681 4015 Θεὸν
1719 3959 1783 4028 te

189 4055 384 4129 αὐτῆς,
415 4053 655 4127 οὐδαμοῦ
691 4056 713 4093 τ
766 4053 1076 4126 ἐδιδάχθην.
1139 4053 1231 4109 Ἐν
1281 4053 1448 4126 ἑτέρᾳ
1498 4051 1558 4107 δὲ
1617 4051 1783 4108 πάλιν

191 4148 481 4220 ιξηγήσειο
514 4144 765 4218 οὐδαμοῦ
787 4145 969 4200 τοίνυν
1000 4145 1036 4217 ἡ
1063 4144 1183 4220 θέα
1209 4144 1406 4217 Γραφὴ
1432 4144 1566 4200 Θεὸν
1594 4146 1661 4200 tu
1685 4144 1784 4216 τῆς

168 4239 568 4314 ’Χριστοτόκου
595 4227 875 4310 Παρθένου
907 4237 1058 4306 λέγει
1078 4223 1466 4309 γεγεννῆσθαι,
1486 4237 1627 4294 ἀλλὰ
1651 4238 1785 4311 Χρι-

167 4333 320 4390 σὸν
354 4329 589 4402 Ἰησοῦν,
615 4329 765 4396 Υιδν,
797 4331 894 4385 καὶ
914 4329 1142 4402 Κύριον.
1164 4331 1290 4385 Ὀτι
1311 4329 1367 4385 δὲ
1393 4329 1566 4386 ταῦτα
1587 4329 1786 4401 λέγων,

191 4427 271 4492 είς
304 4423 466 4486 υἱοὺς
490 4421 587 4477 δύο
623 4420 836 4494 μερίζει
858 4420 952 4477 τὸν
991 4421 1110 4488 ἕνα,
1139 4420 1237 4476 καὶ
1262 4420 1450 4491 ἕτερον
1478 4420 1580 4492 μὲν
1601 4420 1788 4486 ίδικῶς

1855 582 2050 638 ductas
2073 581 2381 653 approbare
2405 567 2899 638 existimaveram?
2922 580 3124 638 Sancta
3151 580 3358 654 quippe
3386 587 3448 637 et

1855 675 2197 731 mcumenica
2232 673 2477 748 synodus
2517 690 2641 746 quae
2677 673 2886 745 Ephesi
2933 681 3272 730 convenerat
3288 713 3304 738 ,
3341 687 3444 730 ne-

1854 765 2096 823 cessario
2130 766 2395 837 providit,
2436 782 2550 822 non
2604 774 2859 838 oportere
2889 764 3053 821 aliam
3076 763 3205 820 ﬁdei
3227 762 3449 835 exposi-

1853 853 2063 909 tionem
2083 853 2141 908 in
2162 853 2437 940 Ecclesias
2450 856 2547 911 Dei
2572 856 2798 921 inferre,
2825 862 3029 926 praeter
3045 870 3170 910 eam
3195 870 3318 925 quae
3330 854 3445 926 jam

1855 945 2143 1012 exstabat;
2200 961 2366 1016 quam
2407 946 2713 1002 beatissimi
2741 947 2934 1002 Patres
2964 945 3141 1001 nostri
3172 944 3230 1000 in
3255 951 3448 1000 sancto

1858 1037 2066 1109 Spiritu
2093 1035 2682 1095 locuti‘deﬁniverant.
2715 1037 2799 1093 illi
2825 1046 3010 1094 tamen
3030 1036 3101 1092 ab
3123 1037 3228 1094 hac
3249 1034 3446 1102 semel,

1854 1131 2046 1188 nescio
2067 1147 2178 1202 quo
2198 1130 2384 1196 modo,
2406 1129 2826 1196 dissentientes,
2841 1138 2900 1186 et
2921 1127 3070 1200 quod
3091 1143 3274 1199 neque
3295 1136 3449 1184 recte

1856 1224 2150 1290 sentirent,
2183 1238 2365 1294 neque
2397 1222 2713 1295 apostolicis
2748 1228 2806 1278 et
2840 1219 3176 1292 evangelicis
3217 1218 3448 1292 dogma-

1857 1314 2009 1370 tibus
2031 1315 2400 1381 adbzererent,
2425 1316 2482 1369 in
2511 1313 2884 1385 suspicionem
2904 1310 3151 1376 adducti,
3193 1308 3450 1380 nunquid

1858 1405 2236 1460 taciturnitate
2257 1403 2328 1459 ab
2348 1403 2455 1460 hac
2473 1403 2840 1476 ignominiosa
2862 1410 2992 1458 nota
3016 1417 3074 1457 se
3097 1401 3448 1465 liberassent,

1861 1513 1933 1553 an
1957 1498 2120 1569 plena
2147 1497 2336 1568 potius
2367 1496 2743 1553 satisfactione
2778 1510 3002 1568 suaeque
3032 1493 3320 1552 sententia:
3349 1492 3450 1549 de-

1861 1589 2205 1645 claratione?
2238 1588 2408 1660 Atqui
2454 1587 2679 1644 divinus
2717 1587 2934 1644 Christi
2966 1585 3272 1658 discipulus
3307 1584 3452 1642 scri-

1860 1691 2016 1753 ptum
2059 1679 2287 1751 reliquit
2309 1698 2328 1734 :
2367 1699 2388 1732 ι
2426 1679 2612 1736 Parati
2650 1694 2870 1752 semper
2907 1677 2980 1736 ad
3017 1675 3452 1735 satisfactionem

1863 1774 2015 1830 omni
2039 1773 2287 1845 poscenti
2308 1787 2410 1827 vos
2432 1771 2703 1828 rationem
2729 1771 2800 1828 de
2823 1787 2912 1838 ea,
2938 1785 3062 1842 qua:
3083 1770 3142 1826 in
3159 1767 3318 1825 vobis
3344 1775 3450 1834 est,

1861 1880 1957 1936 spe
1978 1864 2046 1920 ⁸⁸.
2078 1884 2096 1917 ι
2134 1863 2245 1932 Qui
2265 1879 2400 1937 ergo
2429 1863 2538 1920 hoc
2559 1866 2682 1921 vult
2707 1863 2911 1928 facere,
2937 1862 3078 1919 nihil
3102 1863 3297 1933 utique
3320 1860 3453 1917 novi
3499 1876 3503 1878 ·

1861 1957 2110 2022 molitur,
2134 1971 2240 2013 nec
2265 1949 2405 2013 ﬁdei
2421 1956 2826 2028 expositionem
2853 1955 3122 2010 innovare
3145 1952 3458 2025 deprehen-

1862 2049 2014 2104 ditur
2035 2066 2055 2102 τ
2071 2047 2175 2104 sed
2189 2047 2376 2119 potius
2395 2062 2540 2114 eam,
2557 2045 2814 2118 quamde
2831 2045 3056 2103 Christo
3074 2043 3243 2102 habet
3263 2042 3451 2110 ﬁdem,

1863 2139 2337 2212 interrogantibus
2360 2139 2714 2211 perspicuam
2739 2137 2942 2195 reddit.

1933 2313 2136 2371 Audivi
2190 2323 2461 2385 pmtema
2519 2313 2774 2370 veritatis
2826 2312 3017 2370 hostes
3079 2310 3458 2384 piissimorum

1863 2406 2252 2477 episcoporum
2295 2403 2650 2460 concordiam
2694 2401 2982 2475 aegerrime
3032 2402 3203 2469 ferre,
3237 2409 3295 2458 et
3329 2417 3458 2459 sur-

1864 2511 1988 2552 sum
2017 2512 2084 2553 ac
2108 2496 2371 2552 deorsum
2394 2494 2631 2550 miscere
2653 2494 2861 2560 omnia,
2887 2502 3054 2565 atque
3067 2493 3300 2566 jactare,
3323 2509 3460 2552 con-

1865 2589 2142 2656 fessionis,
2177 2603 2344 2660 quam
2381 2587 2462 2643 illi
2491 2587 2560 2643 de
2589 2595 2742 2643 recta
2768 2584 2898 2651 ﬁde,
2920 2586 3083 2652 nihil,
3110 2594 3173 2642 ut
3209 2585 3346 2652 dixi,
3370 2586 3462 2643 in-

1865 2689 2155 2747 novantes,
2185 2681 2293 2736 hoc
2324 2690 2431 2745 est,
2460 2678 2600 2735 nihil
2636 2678 2706 2734 ad
2742 2693 2810 2735 ea
2845 2693 2969 2749 qua
3003 2677 3136 2733 olim
3162 2677 3464 2735 constituta

1867 2782 2017 2842 sunt,
2041 2772 2386 2844 adjicientes,
2410 2771 2507 2827 sed
2529 2771 2718 2842 potius
2741 2768 3040 2841 inculpatis
3066 2768 3230 2844 ιιι,
3245 2777 3467 2826 sancto-

1868 2879 1992 2920 rum
2038 2860 2265 2919 Patrum
2315 2860 2668 2933 dogmatibus
2711 2859 3088 2926 adherentes,
3135 2859 3461 2926 ediderunt,

1869 2971 2095 3012 sensum
2135 2962 2194 3010 et
2225 2953 2344 3008 vim
2386 2967 2514 3008 cum
2558 2951 2746 3023 impiis
2789 2951 2915 3007 suis
2953 2951 3285 3008 commentis
3328 2966 3468 3008 con-

1870 3063 2092 3120 gruere.
2120 3047 2327 3103 Verum
2360 3052 2421 3100 ut
2451 3044 2744 3101 mendacia
2784 3042 3009 3100 illorum
3047 3052 3238 3115 aperte
3273 3051 3469 3100 osten-

1872 3139 2103 3205 damus,
2152 3136 2395 3194 Nestorii
2452 3148 2627 3208 nugas
2673 3135 3008 3205 illorumque
3057 3134 3364 3191 sententias
3410 3135 3468 3192 in

1871 3228 2118 3286 medium
2149 3228 2470 3285 aﬁ'eramus.
2500 3228 2616 3284 Hac
2645 3242 2759 3284 una
2781 3227 2937 3284 enim
2959 3226 3196 3296 ratione,
3220 3242 3332 3284 non
3365 3227 3471 3284 ali-

1874 3327 1980 3390 ter,
2003 3319 2211 3378 veritas
2237 3320 2550 3376 examinata
2577 3318 2804 3392 pateﬁet

1943 3499 2234 3557 Nestorius
2271 3499 2458 3570 itaque
2494 3497 2769 3570 unigeniti
2813 3497 2942 3555 Filii
2983 3497 3085 3555 Dei
3122 3499 3472 3556 nativitatem

1870 3591 2185 3649 secundum
2225 3606 2452 3648 carnem
2487 3606 2717 3662 prorsus
2743 3605 2778 3647 e
2803 3590 2989 3647 medio
3015 3591 3212 3648 tollere
3245 3606 3474 3663 compe-

1875 3685 2022 3742 ritur
2050 3703 2066 3740 :
2098 3693 2265 3757 negat
2290 3685 2442 3742 enim
2463 3685 2618 3740 illum
2639 3699 2708 3741 ex
2729 3684 2968 3740 muliere
2993 3682 3300 3740 secundum
3324 3683 3478 3741 Scri-

1877 3783 2075 3848 pturas
2109 3783 2323 3832 natum.
2361 3773 2544 3832 Verba
2584 3774 2736 3831 illius
2781 3775 2866 3830 sic
2907 3773 3117 3831 habent
3152 3791 3167 3830 :
3197 3775 3372 3831 Deum
3410 3790 3482 3832 ex

1879 3866 2226 3954 Christipara
2251 3866 2478 3941 Virgine
2502 3865 2867 3939 processisse,
2889 3881 2959 3922 ex
2980 3865 3169 3923 divina
3193 3866 3482 3938 Scriptura

1868 3959 2113 4016 edoctus
2147 3974 2271 4016 sum
2304 3976 2319 4013 :
2361 3965 2418 4013 at
2442 3973 2574 4015 vero
2601 3959 2776 4015 Deum
2804 3973 2873 4015 ex
2906 3957 3025 4030 ipsa
3047 3958 3296 4030 genitum
3334 3973 3480 4024 esse,

1883 4050 1939 4106 id
1964 4066 2240 4122 nusquam
2270 4049 2505 4105 edoctus
2532 4064 2676 4105 sum.
2718 4049 2790 4105 Et
2822 4048 2879 4104 in
2914 4049 3020 4104 alia
3044 4048 3282 4120 quadam
3315 4063 3486 4118 expo-

1887 4141 2089 4199 sitione
2126 4157 2352 4198 rursum
2382 4159 2394 4194 :
2429 4140 2716 4212 Nusquam
2761 4140 2931 4213 igitur
2971 4140 3157 4196 divina
3199 4139 3488 4210 Scriptura

1886 4236 2061 4292 Deum
2098 4251 2167 4291 ex
2204 4234 2550 4304 Christipara
2593 4233 2821 4305 Virgine
2868 4233 3114 4305 genitum
3159 4248 3282 4288 esse
3324 4232 3485 4297 dicit,

1888 4327 1987 4384 sed
2015 4327 2205 4385 Iesum
2233 4325 2542 4390 Christum,
2574 4325 2799 4392 Filium,
2834 4324 3152 4381 Dominum.
3184 4323 3342 4391 Quod
3385 4340 3487 4378 au—

1890 4425 2003 4472 tem
2029 4416 2161 4472 dum
2190 4418 2268 4472 ita
2291 4415 2451 4481 dicit,
2479 4415 2635 4471 illum
2660 4415 2755 4486 qui
2792 4431 2937 4471 unus
2965 4423 3071 4479 est,
3094 4414 3151 4469 in
3178 4414 3318 4469 duos
3348 4413 3491 4470 ﬁlios

194 4515 336 4573 εἷναί
387 4532 555 4588 φησιν
589 4513 737 4580 Υῑδν,
792 4513 889 4568 καὶ
920 4511 1178 4583 Χριστὸν,
1208 4513 1302 4568 καὶ
1331 4511 1558 4585 Κύριον,
1592 4511 1686 4568 τὸν
1722 4512 1775 4565 ἐκ

1892 4508 2153 4576 divellat;
2195 4516 2254 4564 et
2284 4508 2455 4563 alium
2483 4507 2711 4580 quidem
2746 4507 3013 4573 Verbum,
3046 4506 3193 4577 quod
3224 4521 3292 4561 ex
3326 4506 3492 4561 Patre

193 4605 330 4663 Θεοῦ
355 4604 575 4680 Πατρδς
603 4604 932 4674 γεννηθέντα
951 4604 1146 4684 Ιςόγον,
1176 4605 1366 4677 ἕτερον
1396 4603 1455 4659 δὲ
1484 4604 1650 4660 πάλιν
1678 4603 1788 4660 ἀνὰ

202 4699 372 4773 μέρος
403 4715 465 4753 τε
510 4697 605 4753 καὶ
638 4695 825 4762 tamn;
841 4695 993 4762 Υίδν,
1028 4697 1122 4751 καὶ
1149 4697 1408 4771 Χριστὸν,
1430 4696 1527 4751 καὶ
1559 4697 1789 4770 Κύριον,

195 4791 290 4848 τὸν
332 4792 404 4845 lx
445 4789 551 4861 τῆς
578 4790 742 4859 ἁγίας
787 4787 1092 4862 Παρθένου,
1127 4789 1246 4854 ὡς
1272 4789 1348 4844 ἂν
1364 4789 1658 4845 ένδοιάσειέ
1682 4807 1790 4856 τις,
1829 4849 1834 4854 ,

200 4881 338 4937 αὐτὸ
357 4881 431 4954 δὴ
454 4879 626 4934 τοῦτο
651 4878 840 4949 σαφῶς
871 4877 1156 4950 μονονουχὶ
1183 4876 1417 4948 βοῶντος
1446 4877 1698 4946 έκείνου;
1727 4877 1793 4934 Οί

180 4974 261 5029 ﬁt
289 4973 560 5030 Θεοτόοοον
581 4971 910 5044 ὀνομάζουσι
940 4971 1041 5044 τὴν
1071 4969 1235 5041 ἁγίαν
1257 4969 1557 5042 Παρθένον,
1596 4969 1696 5024 ἱνα
1731 4985 1794 5023 τε

210 5061 348 5121 εῐναί
394 5082 560 5135 φασιν
586 5065 738 5130 Υίδν,
777 5065 873 5120 καὶ
903 5064 1161 5138 Χριστδν,
1195 5064 1292 5118 καὶ
1316 5063 1548 5138 Κύριον,
1583 5062 1795 5116 τέλειον

212 5160 269 5214 ιν
297 5160 539 5231 θεότητι,
564 5156 772 5212 τέλειον
794 5158 854 5211 έν
877 5157 1282 5229 ἀνθρωπότητι,
1316 5156 1414 5212 ἃτε
1450 5155 1516 5229 δὴ
1538 5154 1636 5210 καὶ
1664 5153 1795 5224 ὲψυο

213 5253 471 5326 καομένης
494 5250 662 5306 αὐτοῦ
700 5251 804 5320 τῆς
843 5249 1047 5322 σαρκὸς
1091 5248 1243 5321 ψυχῇ
1293 5248 1479 5320 νοερᾷ.
1523 5248 1648 5302 Ὀτι
1685 5246 1797 5318 γὰρ

213 5342 312 5414 οὐχ
327 5340 518 5414 ιτερόν
543 5355 710 5409 φασιν
738 5334 878 5394 εῖναι
1074 5339 1170 5394 τὸν
1196 5341 1262 5392 ἑκ
1289 5336 1427 5392 Θεοῦ
1455 5338 1670 5408 Πατρὺς
1694 5337 1801 5391 Ao-

190 5447 330 5502 -γον,
358 5432 551 5504 ιτερον
565 5430 632 5485 δὲ
650 5429 922 5486 «annos
940 5430 1006 5485 lx
1020 5431 1121 5498 τῆς
1140 5429 1306 5500 ἁγίας
1327 5428 1633 5497 Παοθένου,
1654 5428 1800 5484 καθὰ

292 5592 336 5625 ⁶⁶
360 5593 381 5649 Ι
406 5591 554 5648 Petr.
599 5607 677 5656 ιη,
709 5589 798 5645 15.

1894 4600 2144 4672 genitum
2179 4609 2284 4667 est,
2317 4616 2572 4657 seorsum
2612 4616 2714 4671 per
2755 4615 2815 4656 se
2859 4607 3164 4671 sumptum,
3198 4598 3401 4654 Filium
3437 4606 3494 4654 et

1895 4691 2179 4748 Christum
2205 4701 2265 4748 et
2289 4691 2584 4747 Dominum
2609 4690 2790 4757 dicat;
2823 4690 2991 4746 alium
3022 4705 3219 4746 rursus
3243 4705 3494 4745 seorsum

1898 4802 2000 4857 per
2020 4800 2078 4842 se
2099 4783 2303 4841 Filium
2325 4791 2382 4838 et
2403 4782 2686 4839 Christum
2706 4791 2765 4838 et
2785 4782 3104 4847 Dominum,
3127 4781 3220 4852 qui
3252 4796 3283 4836 e
3307 4789 3496 4835 sancta

1899 4878 2125 4950 Virgine
2161 4886 2323 4932 natus
2357 4883 2462 4940 est,
2489 4875 2580 4930 cui
2608 4874 2841 4930 dubium
2869 4891 2992 4931 esse
3014 4881 3217 4945 potest,
3241 4888 3367 4927 cum
3390 4872 3498 4928 hoc

1901 4972 2084 5043 ipsum
2118 4970 2210 5027 ille
2237 4979 2454 5026 tantum
2484 4984 2595 5024 non
2617 4969 2761 5024 elata
2783 4983 2921 5024 voce
2945 4965 3178 5032 clamet?
3200 4963 3283 5019 llli
3310 4973 3498 5018 autem

1903 5073 2148 5121 sanctam
2179 5062 2464 5134 Virginem
2502 5060 2796 5131 Deiparam
2845 5059 3168 5121 nominant,
3213 5069 3500 5125 unumque

1903 5155 2108 5212 Filium
2143 5161 2201 5209 et
2231 5152 2514 5209 Christum
2558 5160 2617 5206 et
2653 5149 2952 5206 Dominum
2996 5161 3120 5203 esse
3161 5143 3499 5216 praedicant;

1905 5246 2212 5319 perfectum
2252 5245 2310 5300 in
2340 5244 2654 5308 divinitate,
2685 5241 2994 5314 perfectum
3033 5238 3091 5294 in
3132 5235 3501 5301 humanitate,

1906 5354 1976 5394 eo
2010 5338 2161 5408 quod
2195 5352 2328 5392 caro
2370 5335 2518 5392 illius
2561 5333 2905 5403 intelligente
2944 5330 3128 5386 anima
3169 5327 3339 5385 fuerit
3377 5325 3501 5382 ani-

1911 5439 2077 5486 mata.
2122 5429 2280 5497 Quod
2319 5429 2470 5484 enim
2513 5443 2623 5483 non
2664 5426 2837 5481 alium
2879 5438 3005 5480 esse
3044 5422 3234 5479 dicant
3275 5419 3501 5486 Filium,

1300 5700 1478 5756 Variae
1504 5701 1628 5756 lecti
1670 5715 1772 5756 ncs
1799 5697 2008 5756 codicis
2032 5699 2404 5770 Seguieriani.

289 5836 320 5883 r
347 5821 808 5885 κατακολουθοῦσι
838 5820 1212 5895 ιιενοφωνὶαις.
1294 5831 1324 5873 't
1344 5821 1474 5877 αὐτὸ
1509 5821 1594 5895 δή.

1681 5833 1701 5861 τ
1731 5821 2018 5896 εὐρὲμασι.
2095 5822 2118 5856 ³
2146 5820 2407 5891 ἁνδείξειν
2437 5819 2502 5876 ἂν
2543 5817 2671 5890 γὰρ.

2813 5815 3086 5888 οὐδαμῶς.
