4154 6322
651 373 750 432 191

1674 363 1729 421 S.
1772 349 2056 421 CYRILIJ
2087 359 2557 419 ALEXANDle
2595 360 2912 420 ARCHIEP.

3801 347 3905 404 19.!

650 485 788 544 illud
820 500 887 541 ex
925 484 1038 540 Deo
1064 481 1225 538 Patre
1262 476 1519 539 Verbum,
1545 484 1602 531 et
1633 474 1801 530 alium
1842 488 2033 529 rursus
2071 472 2225 528 illum

2334 470 2605 542 Νεστορίῳ
2638 471 2804 538 δοκεῖ,
2834 473 2933 528 Eva
2956 472 3014 527 δέ
3046 472 3266 544 μᾶλλον,
3293 471 3499 528 καὶτὸν
3525 466 3707 534 αὐτὸν,
3727 467 3902 537 σαφὲς

645 593 715 636 ex
754 585 941 635 sancta
975 573 1202 646 Virgine
1240 579 1452 637 natum,
1493 566 1654 624 sicuti
1691 566 1948 623 Nestorio
1983 565 2224 629 videtur,

648 669 748 726 sed
791 668 977 740 potius
1023 681 1194 722 unum
1231 663 1617 732 eumdemque,
1660 660 1714 715 id
1753 658 2015 730 perfacile
2051 674 2117 714 ex
2160 656 2227 712 iis

649 774 774 836 qua:
813 767 1248 832 consequuntur,
1293 770 1622 828 cognoscere
1665 753 1816 808 licet.
1862 753 2229 823 Explanantes

646 855 796 912 enim
835 855 1086 926 quisnam
1128 851 1234 916 sit,
1289 847 1587 919 adjiciunt,
1640 844 1789 918 quod
1839 843 2118 916 perlectus
2168 849 2230 897 ut

649 947 814 1012 Deus,
837 953 895 1002 et
923 943 1203 1017 perfectus
1234 941 1401 998 etiam
1433 947 1497 995 ut
1521 940 1686 994 homo
1713 955 1726 991 :
1751 937 1848 1008 qui
1875 943 2002 992 ante
2033 934 2229 992 secula

649 1039 953 1097 secundum
975 1035 1320 1092 divinitatem
1345 1041 1507 1089 natus
1524 1040 1696 1087 estex
1713 1029 1894 1094 Patre,
1915 1026 2230 1084 novissimis

647 1136 834 1185 autem
863 1127 1062 1183 diebus
1093 1134 1321 1198 propter
1346 1139 1448 1180 nos
1482 1133 1538 1180 et
1563 1129 1788 1194 propter
1808 1129 2054 1176 nostram
2081 1120 2228 1175 salu-

651 1227 760 1277 tem
804 1235 873 1275 ex
926 1227 1115 1275 sancta
1153 1217 1378 1288 Virgine
1433 1214 1737 1272 secundum
1787 1211 2224 1269 humanitatem:

650 1311 796 1368 idem
828 1310 974 1368 Patri
1005 1307 1495 1366 consubstantialis
1525 1305 1828 1363 secundum
1863 1305 2228 1370 divinitatem,

648 1410 707 1458 et
735 1400 899 1457 nobis
929 1398 1310 1456 coessentialis
1341 1396 1645 1454 secundum
1669 1396 2087 1452 humanitatem.
2128 1394 2229 1449 Mi-

649 1491 798 1553 nime
819 1492 1004 1563 itaque
1032 1505 1202 1546 unum
1236 1489 1432 1545 Filium
1470 1497 1528 1544 et
1559 1487 1838 1544 Christum
1862 1496 1918 1542 et
1939 1487 2232 1542 Dominum

649 1584 837 1641 Jesum
877 1585 932 1639 in
971 1584 1110 1639 duos
1148 1581 1403 1638 dividunt
1436 1598 1449 1634 :
1479 1579 1573 1636 sed
1605 1580 1856 1636 eumdem
1889 1594 2011 1635 esse
2041 1579 2233 1634 dicunt

651 1675 809 1731 iilum
848 1674 942 1747 qui
971 1683 1100 1730 ante
1132 1671 1328 1729 saecula
1350 1678 1406 1726 et
1428 1671 1520 1742 qui
1540 1671 1832 1742 postremis
1863 1672 2230 1742 temporibus,

648 1767 917 1824 nimirum
952 1782 1019 1822 ex
1056 1766 1169 1821 Deo
1197 1764 1360 1821 Patre
1389 1771 1452 1818 ut
1475 1764 1667 1830 Deum,
1691 1772 1748 1820 et
1773 1781 1840 1820 ex
1872 1765 2107 1821 muliere
2141 1780 2231 1821 se-

651 1854 891 1912 cundum
916 1870 1137 1912 carnem
1165 1862 1227 1909 ut
1261 1853 1562 1909 hominem.
1592 1851 1878 1920 Quomodo
1901 1853 2050 1910 enim
2073 1853 2234 1910 nobis

651 1946 954 2004 secundum
1004 1945 1404 2001 humanitatem
1446 1945 1823 2001 coessentialis
1872 1945 2233 2017 intelligatur,

651 2038 768 2112 qui,
789 2038 1092 2095 secundum
1108 2037 1475 2103 divinitatem,
1496 2038 1740 2109 inquam,
1759 2054 1827 2094 ex
1842 2038 2000 2094 Patre
2018 2037 2235 2108 genitus

648 2140 753 2195 cst,
779 2131 885 2186 nisi
912 2130 1058 2186 idem
1087 2131 1233 2188 Deus
1258 2131 1421 2186 simul
1455 2137 1512 2186 et
1544 2129 1710 2185 homo
1744 2144 1864 2185 esse
1897 2129 2235 2201 intelligatur

648 2238 715 2279 ac
733 2223 985 2278 dicatur?
1007 2223 1134 2279 Haec
1152 2239 1286 2278 vero
1310 2224 1471 2295 longe
1495 2223 1657 2278 aliter
1679 2237 1736 2277 se
1757 2221 1960 2277 habere
1981 2221 2235 2283 Nestorio

646 2314 927 2380 videntur,
939 2316 981 2384 1
994 2314 1094 2386 15
1108 2315 1218 2370 imo
1234 2329 1364 2370 vero
1379 2314 1498 2385 ejus
1514 2314 1782 2369 sententia
1798 2313 1887 2369 his
1900 2313 2123 2369 omnino
2136 2313 2234 2368 ad-

648 2407 1113 2477 versaturJtaque
1125 2407 1180 2462 in
1195 2405 1427 2463 ecclesia
1441 2404 1852 2472 edisserens,ita
1867 2403 2051 2460 dicere
2068 2420 2236 2460 ausus

648 2509 735 2557 est
761 2519 774 2556 :
795 2501 1092 2572 Propterea
1116 2503 1284 2557 etiam
1307 2502 1454 2558 Deus
1475 2501 1716 2558 Verbum
1739 2500 2056 2556 nominatur
2079 2499 2237 2556 Chri-

648 2601 787 2658 stus,
806 2594 933 2663 quia
959 2603 1278 2665 perpetuam
1304 2610 1429 2649 cum
1442 2594 1663 2651 Christo
1682 2594 2124 2665 conjunctionem
2142 2593 2237 2650 ha-

647 2686 762 2742 bet.
797 2686 1036 2741 Rursum
1067 2703 1080 2739 :
1108 2685 1455 2742 lnconl'usam
1494 2686 1677 2756 itaque
1712 2695 2036 2740 naturarum
2062 2700 2234 2756 copu-

648 2775 756 2831 lam
784 2775 1139 2831 retineamus.
1166 2775 1538 2831 Conﬂteamur
1567 2777 1622 2830 in
1647 2775 1868 2831 homine
1895 2775 2068 2830 Deum
2097 2794 2109 2830 :
2138 2792 2235 2832 ve-

648 2882 913 2922 neremur
949 2867 1228 2922 hominem
1257 2867 1433 2932 illum,
1461 2867 1558 2938 qui
1589 2875 1815 2938 propter
1839 2867 2082 2924 divinam
2109 2884 2235 2924 cum

651 2956 1026 3026 omnipotente
1083 2955 1196 3013 Deo
1249 2955 1694 3024 conjunctionem
1745 2953 1909 3009 simul
1951 2953 2232 3008 adoratur.

654 3046 828 3101 Audis
875 3046 1030 3117 igitur
1100 3061 1263 3116 quam
1324 3046 1560 3101 absurde
1615 3044 1907 3115 loquatur?
1967 3044 2236 3115 Equidem

2326 559 2395 614 ἀν
2431 561 2659 631 γένοιτο,
2705 561 2803 615 καὶ
2854 560 3000 633 μάλα
3049 561 3264 634 ῥαδίως.
3298 561 3389 618 διά
3427 577 3490 630 γε
3526 557 3637 613 τῶν
3678 555 3900 629 ἐφεξῆς.

2328 654 2748 726 Προσεπάγουσι
2773 653 2903 727 γὰρ,
2939 655 3026 720 τίς
3053 655 3120 710 ἀν
3152 657 3260 728 εῖη,
3293 654 3669 726 σημαίνοντες·
3698 651 3780 706 δτι
3812 650 3906 705 τέ-

2328 747 2490 819 λειος,
2533 746 2609 812 ώς
2644 747 2798 814 Θεὸς,
2851 747 3056 814 τέλειος
3091 749 3150 804 δέ
3202 748 3296 803 καὶ
3325 746 3402 811 ὡς
3444 746 3763 819 ἄνθρωπος·
3811 740 3906 798 τὸν

2330 840 2437 912 πρὸ
2496 839 2708 895 αίώνων
2761 839 2862 912 μὲν
2900 841 2964 894 ἐκ
3000 839 3094 894 τοῦ
3136 839 3349 911 Πατρδς
3377 837 3725 910 γεννηθέντα,
3760 835 3905 890 κατά

2327 930 2428 1003 τὴν
2457 932 2710 1004 θεότητα,
2737 934 2825 987 ἐπ’
2855 932 3102 1003 ἐσχάτων
3133 932 3190 987 δὲ
3235 931 3344 987 τῶν
3371 929 3596 1004 ἡμερῶν
3631 929 3701 983 δι’
3731 927 3904 1000 ἡμᾶς.

2331 1025 2428 1079 καὶ
2471 1025 2561 1080 διὰ
2604 1025 2705 1097 τὴν
2750 1025 3024 1097 ἡμετέραν
3079 1025 3380 1096 σωτηρίαν,
3441 1025 3508 1078 ἐκ
3549 1023 3766 1093 Μαρίας
3803 1019 3908 1092 τῆς

2331 1119 2492 1187 ἁγίας
2521 1118 2820 1193 Παρθένου,
2853 1117 2996 1173 κατὰ
3029 1117 3129 1189 τὴν
3168 1117 3586 1189 ἀνθρωπότητα·
3617 1113 3907 1186 ὁμοούσιον

2329 1210 2407 1281 τῷ
2447 1212 2623 1284 Πατρὶ
2650 1211 2742 1265 τὸν
2768 1210 2931 1266 αὐτὸν
2959 1209 3107 1266 κατὰ
3153 1209 3253 1282 τὴν
3291 1210 3544 1282 θεότητα,
3579 1209 3675 1264 καὶ
3709 1206 3909 1279 ὁμοούο

2332 1316 2447 1354 σιον
2467 1301 2598 1371 ἡμῖν
2618 1300 2762 1355 κατὰ
2786 1300 2884 1372 τὴν
2907 1299 3321 1373 ἀνθρωπότητα.
3348 1299 3560 1355 Οὐκοῦν
3576 1299 3777 1371 ἥκιστα
3807 1297 3909 1371 μὶν

2331 1394 2408 1457 εί,
2460 1391 2554 1448 δύο
2593 1393 2862 1464 διαιροῦσι
2901 1394 2992 1449 τὸν
3042 1393 3140 1448 Eva
3193 1393 3344 1457 Υίὸν,
3387 1394 3481 1448 καὶ
3511 1390 3764 1465 Χριστὸν,
3811 1392 3910 1448 καὶ

2331 1484 2536 1555 Κύριον
2588 1484 2816 1555 Ἰησοῦνο
2867 1483 2958 1538 τὸν
3010 1482 3174 1539 αὐτὸν
3223 1482 3281 1538 δέ
3327 1478 3469 1538 εἷναί
3500 1500 3634 1553 φασι
3663 1482 3756 1538 τὸν
3801 1480 3912 1552 πρδ

2333 1573 2564 1642 αἰώνων,
2595 1577 2690 1631 καὶ
2721 1577 2778 1630 ἐν
2800 1576 3073 1647 ἐσχάτοις.
3100 1574 3256 1646 δῆλον
3287 1575 3365 1642 δὲ,
3397 1575 3479 1630 ὅτι
3512 1575 3605 1629 τδν
3627 1581 3657 1613 ι
3681 1575 3746 1629 ἐκ
3773 1573 3910 1629 Θεοῦ

2331 1668 2566 1741 Πατρὸς,
2611 1668 2687 1734 ὡς
2720 1667 2873 1733 Θεὸν,
2914 1667 3010 1722 καὶ
3047 1667 3112 1721 ἐκ
3149 1668 3406 1735 γυναικὸς
3436 1666 3576 1722 κατὰ
3611 1666 3810 1739 σάρκα,
3834 1664 3915 1728 ὼς

2332 1759 2641 1832 ἄνθρωπον.
2699 1761 2822 1824 Πῶς
2870 1759 2980 1831 γὰρ
3029 1759 3096 1814 ἂν
3149 1762 3323 1814 νοοῖτο
3359 1760 3497 1832 πρὸς
3530 1760 3679 1829 ἡμᾶς
3717 1756 3916 1828 ὁμοσύ-

2338 1870 2451 1918 σιος
2477 1849 2618 1907 εἶναι
2670 1853 2809 1908 κατά
2856 1852 2953 1924 τὴν
3002 1852 3434 1925 ἀνθρωπὸτητα,
3486 1853 3663 1906 καίτοι
3719 1867 3915 1922 γεννη-

2336 1944 2450 2010 θεὶς
2477 1947 2541 2001 ἐκ
2568 1946 2783 2018 Πατρδς
2829 1945 2972 2000 κατά
3018 1963 3104 2015 γε,
3145 1964 3218 2017 φη
3230 1947 3312 2017 μὶ,
3344 1946 3441 2017 τὴν
3467 1944 3727 2016 θεότητα,
3758 1945 3806 1998 εί
3837 1943 3915 2016 μὴ

2334 2040 2508 2092 νοοῖτο
2539 2039 2632 2092 καὶ
2679 2037 2888 2108 λέγοιτο
2927 2038 3055 2103 Θεὸς
3113 2056 3174 2092 τε
3220 2037 3357 2110 ὁμοῦ
3429 2039 3526 2092 καὶ
3568 2037 3855 2112 ἄνθρωπος
3886 2038 3918 2091 ὁ

2333 2130 2538 2196 αύτός;
2576 2130 2717 2186 Ἀλλ’
2753 2132 2850 2202 οὐχ
2901 2125 3004 2185 ὧδε
3030 2131 3182 2185 ταῦτ’
3216 2131 3360 2202 ἔχειν
3397 2130 3678 2202 Νεστορίῳ
3724 2130 3915 2185 δοκεῖ·

2334 2219 2636 2291 τέτραπται
2670 2222 2725 2276 δέ
2765 2223 2964 2294 μᾶλλον
3003 2225 3032 2278 ὁ
3068 2222 3268 2288 σκοπὸς
3299 2221 3447 2294 αὐτῷ
3478 2222 3618 2292 πρὸς
3659 2224 3768 2276 πᾶν
3793 2223 3920 2277 τού-

2335 2313 2568 2368 ναντίον.
2632 2316 2775 2394 Ἔφη
2827 2316 2979 2383 γοῦν,
3029 2316 3116 2369 ἐπ’
3167 2314 3462 2383 ἐκκλησίας
3511 2314 3916 2386 ἐξηγούμενος·
3968 2329 3983 2353 ο

2334 2403 2437 2458 Διά
2487 2404 2649 2458 τοῦτο
2697 2407 2792 2458 καὶ
2823 2406 3058 2477 Χριστὸς
3093 2409 3122 2460 ὁ
3167 2406 3300 2470 Θεὸς
3346 2407 3522 2476 Δὸγος
3569 2404 3918 2476 ὀνομάζεται,

2338 2494 2635 2567 ἐπειδήπερ
2667 2497 2781 2567 ἔχει
2807 2498 2906 2568 τὴν
2935 2498 3233 2567 συνάφειαν
3263 2498 3364 2569 τὴν
3397 2499 3535 2570 πρὸς
3565 2497 3656 2551 τὸν
3683 2498 3922 2569 Χριστὸν

2334 2587 2578 2660 διηνεκῆ.
2634 2589 2744 2642 Καὶ
2799 2589 2989 2644 πάλιν
3035 2589 3367 2660 Ἀσύγχυτον
3421 2590 3606 2644 τοίνυν
3656 2588 3756 2660 τὴν
3809 2587 3924 2645 τῶν

2335 2682 2551 2751 φύσεων
2614 2680 2872 2752 τηρῶμεν
2934 2683 3258 2750 συνάφειαν·
3305 2680 3662 2753 ὁμολογῶμεν
3709 2680 3802 2734 τὸν
3861 2681 3924 2735 ἐν

2334 2771 2610 2845 ἀνθρώπῳ
2639 2772 2771 2827 Θεόν
2791 2787 2808 2804 ⁶
2860 2772 3108 2844 σέϐωμεν
3142 2773 3234 2827 τὸν
3263 2776 3328 2844 τῇ
3376 2772 3498 2842 θείᾳ
3545 2771 3810 2846 συναφείᾳ
3843 2771 3926 2845 τῷ

2336 2866 2742 2936 παντοκράτορι
2793 2863 2913 2935 Θεῷ
2964 2864 3552 2936 συμπροσκυνούμενον
3609 2864 3923 2934 ἄνθρωπον.

2349 2956 2513 3029 Ὁρᾷς
2568 2965 2595 2991 '
2653 2952 2747 3010 οὖν
2794 2958 2917 3010 ὅσον
2963 2956 3077 3028 ἔχει
3121 2956 3182 3010 τὸ
3215 2957 3425 3028 ἀπηχὲς
3467 2958 3496 3010 ὁ
3533 2955 3690 3025 λόγος
3734 2953 3924 3026 absit;

2337 3047 2666 3111 Δυσσεϐείας
2689 3047 2800 3118 γὰρ
2829 3047 2929 3119 τῆς
2959 3048 3222 3102 ἀνωτάτω
3256 3047 3626 3119 μεμέστωται.
3659 3047 3792 3102 Θεὸν
3823 3049 3927 3121 μὲν

655 3136 816 3206 plena
856 3135 1155 3206 impietatis
1179 3143 1264 3190 est
1291 3135 1410 3206 ejus
1437 3134 1635 3188 oratio.
1665 3133 1835 3188 Docet
1870 3147 2107 3202 namque
2136 3133 2233 3188 Dei

2341 3139 2520 3204 ίδικῶς
2550 3152 2576 3181 ι
2603 3139 2968 3211 ὀνομάζεσθαί
2990 3157 3125 3210 φησι
3151 3139 3243 3194 τὸν
3269 3140 3363 3195 τοῦ
3388 3141 3524 3194 Θεοῦ
3549 3141 3745 3211 Λόγον,
3778 3142 3926 3213 ἔχειν

654 3226 898 3282 Verbum
945 3242 1192 3281 seorsum
1237 3241 1336 3296 per
1374 3241 1432 3280 se
1477 3225 1646 3280 Deum
1679 3225 1986 3292 nominari;
2031 3225 2235 3281 habere

652 3332 838 3371 autem
867 3331 992 3372 cum
1025 3314 1246 3371 Christo
1288 3324 1608 3385 perpetuam
1641 3314 2236 3383 copulationem.—Num

649 3407 819 3479 igitur
860 3424 969 3462 non
1010 3407 1148 3462 duos
1187 3407 1424 3462 christos
1458 3406 1798 3476 apertissime
1832 3405 2003 3462 dicit?
2043 3406 2238 3464 Nonne

650 3497 929 3553 hominem
957 3513 1064 3552 una
1089 3514 1214 3553 cum
1235 3499 1348 3553 Deo
1373 3496 1735 3562 adorandum,
1754 3498 1940 3553 nescio
1958 3498 2238 3569 quomodo

649 3603 708 3643 sc
731 3587 913 3643 colere
934 3587 1548 3658 proﬁtetur?Numquid
1574 3589 1677 3643 ista
1697 3589 1769 3644 iis
1792 3599 2020 3661 cognata
2040 3589 2236 3647 viden-

655 3688 766 3743 tur,
798 3695 921 3750 quae
962 3680 1031 3735 ab
1070 3679 1442 3735 Orientalibus
1477 3687 1606 3735 sunt
1645 3681 1861 3751 posita?
1888 3681 2081 3738 Nonne
2107 3698 2236 3739 sen-

650 3771 839 3827 tentiis
868 3771 1149 3843 pugnant?
1173 3770 1269 3826 llle
1305 3787 1541 3842 namque
1584 3772 1723 3828 duos
1761 3773 2000 3829 christos
2032 3774 2236 3831 diserte

649 3861 928 3931 ponit;illi
955 3877 1086 3917 vero
1116 3877 1285 3916 unum
1306 3870 1517 3918 tantum
1542 3862 1845 3930 Christum,
1863 3873 1920 3920 et
1940 3865 2162 3932 Filium,
2181 3876 2238 3922 et

652 3952 845 4018 Deum,
871 3954 1230 4009 etDominum
1258 3971 1316 4010 se
1340 3955 1571 4011 adorare
1601 3957 1962 4013 conﬁtentur:
1981 3959 2237 4015 eumdem

650 4059 718 4099 ex
747 4045 907 4102 Patre
950 4047 1253 4102 secundum
1299 4048 1664 4114 divinitatem,
1689 4058 1745 4104 et
1776 4065 1844 4105 ex
1883 4060 2070 4107 sancta
2112 4052 2237 4107 Vir-

649 4137 776 4208 gine
799 4138 1101 4193 secundum
1127 4139 1545 4197 humanitatem.
1577 4143 1710 4197 Nam
1741 4143 1845 4199 etsi
1873 4143 2106 4199 duarum
2136 4160 2236 4199 na-

649 4236 901 4283 turarum
933 4230 1192 4286 unionem
1225 4231 1422 4288 factam
1452 4235 1834 4304 praedicemus,
1866 4252 2037 4292 unum
2054 4246 2235 4292 tamen

649 4321 954 4389 Christum,
981 4335 1037 4380 et
1067 4342 1238 4381 unum
1264 4327 1487 4392 Filium,
1515 4338 1572 4384 et
1597 4346 1766 4386 unum
1794 4331 2087 4386 Dominum
2114 4347 2238 4401 per-

650 4415 840 4485 spicue
884 4415 1228 4486 proﬁtemur.
1260 4418 1503 4474 Verbum
1543 4421 1691 4475 enim
1727 4421 1931 4477 factum
1959 4431 2045 4477 est
2068 4436 2234 4487 caro,

2338 3231 2393 3286 δὲ
2416 3231 2514 3304 τὴν
2541 3231 2837 3301 συνάφειαν
2860 3229 2960 3303 τὴν
2985 3231 3122 3304 πρὸς
3146 3231 3236 3284 τὸν
3258 3232 3498 3306 Χριστὸν
3518 3233 3764 3304 διηνεκῆ.
3797 3229 3926 3308 Ἆρ’

2338 3318 2433 3378 οὖν
2463 3324 2524 3377 ού
2572 3323 2666 3377 δύο
2703 3322 2976 3396 Χριστοὺς
3025 3323 3404 3396 ἐναργέστατα
3445 3324 3634 3394 λέγει;
3671 3327 3786 3380 υύκ
3827 3325 3927 3382 ἀν-

2340 3415 2557 3486 θρωπον
2607 3415 2728 3488 Θεῷ
2786 3414 3376 3487 συμπροσκυνούμενον
3417 3416 3619 3481 σέϐειν,
3672 3403 3776 3472 οὖκ
3825 3412 3927 3472 οἷδ’

2338 3507 2510 3573 ὅπως,
2541 3508 2834 3580 ὁμολογεῖς
2863 3507 3028 3561 Ταῦτ’
3046 3508 3146 3562 οὐκ
3163 3507 3375 3580 ἀδελφὰ
3400 3513 3512 3573 τοῖς
3537 3512 3667 3580 παρ’
3696 3511 3928 3567 ἐκείνων

2337 3597 2568 3664 opacat;
2604 3595 2718 3650 Ούκ
2775 3595 3181 3664 ἀντεξάγουσαν
3213 3596 3324 3668 ἔχει
3372 3599 3511 3669 πρὸς
3560 3599 3767 3669 ἄλληλα
3817 3601 3929 3657 τῶν

2338 3687 2556 3740 ἐννοιῶν
2582 3686 2681 3757 τὴν
2705 3684 2935 3759 δύναμιν
2959 3704 2974 3754 ;
3005 3687 3064 3740 Ὀ
3088 3686 3189 3758 μέν
3218 3688 3326 3758 γὰρ
3342 3688 3435 3743 δύο
3464 3689 3629 3760 φησὶν
3656 3691 3927 3762 ἐναργῶς,

2337 3778 2386 3832 oi
2416 3777 2475 3832 δὲ
2507 3777 2742 3850 Χριστὸν
2789 3777 2904 3842 ἕνα,
2947 3779 3042 3832 καὶ⁵
3075 3779 3225 3844 Υίὸν,
3254 3781 3351 3834 καὶ
3395 3782 3549 3844 Θεὸν.
3581 3783 3676 3836 καὶ
3719 3784 3928 3857 Κύριον

2337 3867 2664 3940 ὁμολογοῦσι
2723 3872 3073 3944 προσκυνεῖν,
3106 3869 3198 3924 τὸν
3243 3869 3408 3924 αύτδν
3437 3872 3499 3924 ἐκ
3539 3873 3754 3945 Πατρὺς
3783 3875 3927 3930 κατὰ

2337 3962 2437 4034 τὴν
2469 3962 2720 4033 θεότητα,
2762 3963 2857 4017 καὶ
2890 3965 2955 4018 ἐκ
3002 3962 3106 4033 τῆς
3141 3963 3307 4032 ἁγίας
3348 3963 3627 4034 Παρθένου
3657 3965 3800 4019 κατά
3821 3965 3927 4037 τὴν

2338 4053 2758 4126 ἀνθρωπότητα.
2787 4055 2893 4109 Δύο
2922 4055 3020 4126 μὲν
3049 4053 3160 4126 γὰρ
3190 4054 3406 4123 φύσεων
3436 4056 3630 4110 ἕνωσιν
3669 4056 3926 4126 γενέσθαι

2340 4145 2552 4216 φαμέν
2594 4145 2737 4216 πλὴν
2769 4145 2864 4199 ἕνα
2919 4147 3178 4219 Χριστὸν,
3218 4147 3313 4200 καὶ
3357 4146 3454 4200 ἕνα
3497 4146 3648 4211 Υίὺν,
3689 4149 3785 4202 καὶ
3826 4149 3927 4205 ἕνα

2337 4237 2544 4312 Κύριον
2583 4236 2956 4310 ὁμολογοῦμεν
2985 4237 3196 4306 σαφῶς.
3243 4237 3439 4306 Γέγονε
3464 4237 3570 4309 γὰρ
3611 4238 3749 4310 σὰρξ
3769 4241 3798 4292 ὁ
3823 4241 3926 4293 A6-

2338 4345 2455 4397 γος,
2495 4327 2637 4382 κατὰ
2670 4326 2772 4392 τάς
2818 4327 3042 4400 Γραφὰς
3085 4328 3180 4382 καὶ
3229 4327 3502 4394 σύμϐασιν
3548 4329 3923 4401 οἰκονομικὴν,

2339 4421 2436 4474 xal.
2465 4420 2799 4492 ἀπόρρητον,
2838 4419 3056 4491 ἀληθῶς
3082 4419 3401 4491 πεπρᾶχθαι
3443 4419 3625 4490 φαμὲν
3655 4419 3925 4490 ἀνομοίων

651 4506 955 4562 secundum
991 4507 1303 4580 Scripturas
1345 4511 1411 4576 ⁶¹,
1452 4512 1858 4584 coitionemque
1890 4514 2234 4585 dispensato-

2340 4512 2678 4583 πραγμάτων
2719 4512 2798 4576 είς
2847 4511 3044 4565 ἕνωσιν
3092 4509 3482 4564 ἀδιάσπαστον.
3533 4509 3612 4565 Οὐ
3669 4510 3778 4583 γάρ
3817 4527 3923 4575 τοι,

652 4599 822 4664 riam,
858 4606 914 4653 et
943 4615 1138 4656 revera
1180 4601 1511 4659 ineffabilem
1534 4645 1548 4669 ,
1585 4605 1781 4659 factam
1829 4621 1949 4661 esse
1993 4605 2237 4662 dissimi-

2337 4603 2482 4659 κατά
2529 4620 2686 4667 τινας
2717 4602 2827 4658 τῶν
2889 4604 3265 4674 ἀρχαιοτέρων
3316 4602 3633 4674 αίρετικῶν,
3687 4603 3748 4668 ἐξ
3789 4602 3925 4669 ιδίας

650 4689 788 4746 lium
837 4705 1018 4746 rerum
1065 4692 1135 4748 ad
1183 4694 1509 4751 indivulsam
1547 4700 1806 4753 unionem
1839 4697 2096 4753 fatemur.
2127 4698 2237 4754 Ne-

2335 4696 2576 4751 λαϐὁντα
2598 4695 2842 4764 φύσεως,
2877 4695 3023 4749 τοῦτ’
3058 4694 3196 4759 ἔστι,
3225 4696 3326 4767 τῆς
3354 4694 3570 4764 θεῖκῆς.
3600 4694 3779 4766 ἐαυτῷ
3823 4713 3925 4750 κα-

652 4796 761 4852 que
785 4781 932 4836 enim
959 4797 1082 4838 cum
1113 4785 1311 4856 priscis
1333 4787 1663 4857 quibusdam
1690 4788 1964 4845 haereticis
1990 4789 2084 4845 Dei
2107 4790 2237 4846 Ver-

2337 4777 2674 4841 τασκευάσαι
2702 4786 2763 4840 τὸ
2806 4787 2970 4858 σῶμα
2994 4785 3088 4838 τὸν
3117 4786 3212 4840 τοῦ
3253 4785 3390 4839 Θεοῦ
3421 4786 3594 4855 Λόγον
3628 4787 3925 4857 ὑπονοήσο·

651 4871 784 4928 bum
815 4889 883 4928 ex
907 4875 1150 4943 propria,
1189 4876 1294 4933 hoc
1332 4887 1438 4945 est,
1482 4894 1550 4935 ex
1580 4880 1766 4937 divina
1792 4890 2008 4948 natura,
2041 4898 2237 4954 corpus

2344 4895 2445 4950 μεν
2465 4893 2478 4908 ⁸
2510 4877 2768 4949 ἑπόμενοι
2795 4879 2853 4933 δὲ
2883 4879 3134 4950 πανταχῆ
3183 4881 3305 4943 ταῖς
3353 4877 3733 4944 θεοπνεύστοις
3779 4880 3925 4952 Γρα-

652 4966 756 5023 sibi
788 4968 1165 5025 construxisse
1197 4972 1514 5040 putabimus
1543 4990 1557 5028 :
1582 4974 1676 5029 sed
1701 4975 1904 5032 divinis
1938 4975 2237 5048 Scripturis

2341 4972 2489 5040 φαῖς,
2519 4972 2583 5024 ἐκ
2605 4970 2704 5040 τῆς
2725 4971 2888 5040 ἁγίας
2906 4966 3183 5042 Παρθένου
3203 4970 3386 5024 λαϐεῖν
3409 4970 3573 5024 αὐτὸν
3592 4970 3692 5042 τὴν
3719 4973 3920 5043 σάρκα,

654 5053 862 5123 ubique
888 5055 1255 5122 adhaerentes,
1280 5073 1348 5114 ex
1371 5071 1559 5121 sancta
1581 5062 1803 5134 Virgine
1830 5080 2052 5120 carnem
2079 5081 2237 5122 acce-

2341 5061 2826 5134 διαϐεϐαιούμεθα.
2857 5063 3042 5137 Ταύτῃ
3079 5081 3161 5118 τοι
3191 5065 3277 5127 τὰ,
3309 5064 3370 5130 ἐξ
3397 5057 3473 5118 ῶν
3505 5065 3650 5118 ἐστιν
3670 5065 3700 5119 ὁ
3729 5059 3812 5128 εἷς
3829 5065 3924 5120 καὶ

651 5144 799 5214 pisse
823 5153 1137 5201 constanter
1161 5146 1509 5206 alﬁrmamus.
1533 5151 1880 5225 Quapropter
1909 5169 1995 5219 ea,
2021 5169 2090 5210 ex
2115 5155 2237 5226 qui-

2344 5153 2507 5223 μόνος
2536 5153 2685 5219 Υίὸς,
2729 5155 2825 5208 καὶ
2858 5153 3062 5224 Κύριος
3109 5154 3312 5225 Ἰησοῦς
3351 5154 3605 5227 Χριστὸς,
3638 5154 3715 5218 ὡς
3744 5157 3802 5208 ἐν
3833 5156 3924 5210 ἐν·

656 5234 762 5289 hus
789 5243 874 5290 est
901 5251 1044 5293 unus
1070 5246 1127 5293 et
1150 5239 1301 5295 solus
1318 5241 1500 5298 .Filius
1522 5258 1585 5298 ac
1613 5243 1877 5302 Dominus
1901 5246 2062 5303 Iesus
2082 5247 2237 5304 Chri-

2339 5243 2511 5309 νοίαις
2556 5244 2859 5316 δεχόμενοι,
2913 5245 3010 5299 δύο
3057 5246 3154 5317 μὲν
3206 5247 3398 5315 φύσεις
3441 5247 3684 5318 ήνῶσθαί
3714 5266 3920 5320 φαμεν,

653 5335 792 5391 stus,
822 5325 954 5382 dum
989 5329 1412 5400 cogitationibus
1440 5336 1925 5405 apprehendimus,
1956 5337 2094 5394 duas
2116 5341 2237 5410 qui-

2342 5338 2482 5408 μετὰ
2511 5339 2569 5392 δέ
2597 5355 2659 5406 γε
2692 5339 2793 5410 τὴν
2843 5338 3058 5406 ἕνωσιν,
3091 5340 3168 5402 ὼς
3200 5339 3552 5413 ἀνῃρημένης
3581 5340 3684 5413 ήδη
3708 5342 3808 5412 τῆς
3838 5343 3924 5407 είς

652 5417 779 5474 dem
809 5428 1034 5476 naturas
1057 5421 1238 5479 unitas
1259 5440 1381 5482 esse
1413 5427 1666 5494 dicimus,
1704 5446 1895 5485 verum
1937 5441 2061 5500 post
2099 5432 2237 5485 hanc

2337 5431 2429 5484 δύο
2473 5431 2760 5502 δια-τομῆς,
2814 5431 2942 5500 μίαν
2977 5427 3113 5484 εἶναι
3155 5431 3482 5502 πιστεύομεν
3519 5432 3619 5504 τὴν
3659 5431 3755 5486 τοῦ
3786 5432 3919 5488 Υίοῧ

725 5575 766 5606 ⁶¹
800 5576 956 5632 Joan.
985 5594 1021 5641 ι,
1063 5579 1149 5633 Η.

1741 5675 1913 5730 Variae
1947 5675 2209 5730 lectiones
2238 5676 2444 5733 codicis
2472 5677 2836 5749 chuieriani.

727 5822 754 5852 ι
787 5811 1024 5882 δηλονότι
1058 5813 1164 5866 τόν.
1244 5822 1270 5851 ν
1305 5815 1424 5867 51w
1450 5813 1581 5884 ἔχει.
1625 5827 1646 5855 π
1685 5815 1916 5886 Χριστος
1942 5814 2040 5884 μὲν
2072 5815 2174 5883 γάρ
2204 5811 2401 5878 ίδικῶς.
