  <div class='ocr_page' id='page_1' title='image "/cluster/home/n/w/nwhite01/storage/ocr_20150623/77/pst.000004029045/104.png"; bbox 0 0 4154 6322; ppageno 0'>
   <div class='ocr_carea' id='block_1_1' title="bbox 246 342 332 401">
    <p class='ocr_par' dir='ltr' id='par_1_1' title="bbox 246 342 332 401">
     <span class='ocr_line' id='line_1_1' title="bbox 246 342 332 401; baseline 0 0"><span class='ocrx_word' id='word_1_1' title='bbox 246 342 332 401; x_wconf 72' lang='grc'><strong>133</strong></span> 
     </span>
    </p>
   </div>
   <div class='ocr_carea' id='block_1_2' title="bbox 1641 343 2125 403">
    <p class='ocr_par' dir='ltr' id='par_1_2' title="bbox 1641 343 2125 403">
     <span class='ocr_line' id='line_1_2' title="bbox 1641 343 2125 403; baseline -0.006 0"><span class='ocrx_word' id='word_1_2' title='bbox 1641 344 1975 403; x_wconf 67' lang='grc' dir='ltr'>εηετοιλ</span> <span class='ocrx_word' id='word_1_3' title='bbox 2013 343 2125 401; x_wconf 70' lang='lat' dir='ltr'><strong>XL.</strong></span> 
     </span>
    </p>
   </div>
   <div class='ocr_carea' id='block_1_3' title="bbox 3392 350 3496 408">
    <p class='ocr_par' dir='ltr' id='par_1_3' title="bbox 3392 350 3496 408">
     <span class='ocr_line' id='line_1_3' title="bbox 3392 350 3496 408; baseline -0.019 0"><span class='ocrx_word' id='word_1_4' title='bbox 3392 350 3496 408; x_wconf 72' lang='grc'><strong>194</strong></span> 
     </span>
    </p>
   </div>
   <div class='ocr_carea' id='block_1_4' title="bbox 241 457 1813 534">
    <p class='ocr_par' dir='ltr' id='par_1_4' title="bbox 241 459 1806 534">
     <span class='ocr_line' id='line_1_4' title="bbox 241 459 1806 534; baseline 0.001 -19"><span class='ocrx_word' id='word_1_5' title='bbox 241 459 416 532; x_wconf 68' lang='grc' dir='ltr'><strong>νύσιν,</strong></span> <span class='ocrx_word' id='word_1_6' title='bbox 437 460 519 526; x_wconf 76' lang='grc' dir='ltr'><strong>ὥς</strong></span> <span class='ocrx_word' id='word_1_7' title='bbox 553 460 699 528; x_wconf 63' lang='grc' dir='ltr'>ἐιδς,</span> <span class='ocrx_word' id='word_1_8' title='bbox 728 461 870 534; x_wconf 77' lang='grc' dir='ltr'>πλὴν</span> <span class='ocrx_word' id='word_1_9' title='bbox 899 460 1442 533; x_wconf 70' lang='grc' dir='ltr'>ινανθρωπησαντος,</span> <span class='ocrx_word' id='word_1_10' title='bbox 1478 479 1571 516; x_wconf 80' lang='grc' dir='ltr'><strong>και</strong></span> <span class='ocrx_word' id='word_1_11' title='bbox 1606 478 1806 534; x_wconf 89' lang='grc' dir='ltr'><strong>σεσαρ-</strong></span> 
     </span>
    </p>
   </div>
   <div class='ocr_carea' id='block_1_5' title="bbox 1913 457 3498 534">
    <p class='ocr_par' dir='ltr' id='par_1_5' title="bbox 1913 457 3498 533">
     <span class='ocr_line' id='line_1_5' title="bbox 1913 457 3498 533; baseline 0.003 -19"><span class='ocrx_word' id='word_1_12' title='bbox 1913 457 2299 514; x_wconf 80' lang='lat' dir='ltr'><strong>adunationem</strong></span> <span class='ocrx_word' id='word_1_13' title='bbox 2321 499 2336 526; x_wconf 92' lang='lat'><strong>,</strong></span> <span class='ocrx_word' id='word_1_14' title='bbox 2382 465 2642 531; x_wconf 83' lang='lat' dir='ltr'><strong>tanquam</strong></span> <span class='ocrx_word' id='word_1_15' title='bbox 2687 458 2902 515; x_wconf 89' lang='lat' dir='ltr'><strong>sublata</strong></span> <span class='ocrx_word' id='word_1_16' title='bbox 2941 459 3052 533; x_wconf 66' lang='lat' dir='ltr'><strong>iam</strong></span> <span class='ocrx_word' id='word_1_17' title='bbox 3095 459 3155 517; x_wconf 88' lang='lat' dir='ltr'><strong>in</strong></span> <span class='ocrx_word' id='word_1_18' title='bbox 3217 458 3359 518; x_wconf 88' lang='lat' dir='ltr'><strong>duas</strong></span> <span class='ocrx_word' id='word_1_19' title='bbox 3404 476 3498 519; x_wconf 87' lang='lat' dir='ltr'><strong>se-</strong></span> 
     </span>
    </p>
   </div>
   <div class='ocr_carea' id='block_1_6' title="bbox 239 551 1809 625">
    <p class='ocr_par' dir='ltr' id='par_1_6' title="bbox 239 551 1809 625">
     <span class='ocr_line' id='line_1_6' title="bbox 239 551 1809 625; baseline -0.001 -17"><span class='ocrx_word' id='word_1_20' title='bbox 239 552 499 625; x_wconf 67' lang='grc' dir='ltr'>κωμόνου.</span> <span class='ocrx_word' id='word_1_21' title='bbox 527 551 595 606; x_wconf 76' lang='grc' dir='ltr'><strong>ΕΙ</strong></span> <span class='ocrx_word' id='word_1_22' title='bbox 620 552 677 607; x_wconf 76' lang='grc' dir='ltr'><strong>δι</strong></span> <span class='ocrx_word' id='word_1_23' title='bbox 696 551 761 625; x_wconf 76' lang='grc' dir='ltr'><strong>δὴ</strong></span> <span class='ocrx_word' id='word_1_24' title='bbox 783 551 994 622; x_wconf 79' lang='grc' dir='ltr'>λόγοιτο</span> <span class='ocrx_word' id='word_1_25' title='bbox 1025 551 1398 624; x_wconf 76' lang='grc' dir='ltr'>σαρκωθῆναι,</span> <span class='ocrx_word' id='word_1_26' title='bbox 1422 553 1518 608; x_wconf 77' lang='grc' dir='ltr'>καὶ</span> <span class='ocrx_word' id='word_1_27' title='bbox 1542 553 1809 625; x_wconf 73' lang='grc' dir='ltr'>ενανθρω-</span> 
     </span>
    </p>
   </div>
   <div class='ocr_carea' id='block_1_7' title="bbox 237 640 1808 715">
    <p class='ocr_par' dir='ltr' id='par_1_7' title="bbox 237 640 1808 715">
     <span class='ocr_line' id='line_1_7' title="bbox 237 640 1808 715; baseline 0 -18"><span class='ocrx_word' id='word_1_28' title='bbox 237 641 404 714; x_wconf 75' lang='grc' dir='ltr'><strong>πῆσαι</strong></span> <span class='ocrx_word' id='word_1_29' title='bbox 453 641 591 707; x_wconf 74' lang='grc' dir='ltr'>Θεὸς</span> <span class='ocrx_word' id='word_1_30' title='bbox 630 641 710 697; x_wconf 81' lang='grc' dir='ltr'>ὣν</span> <span class='ocrx_word' id='word_1_31' title='bbox 756 643 786 696; x_wconf 80' lang='grc' dir='ltr'><strong>ό</strong></span> <span class='ocrx_word' id='word_1_32' title='bbox 839 642 1035 712; x_wconf 87' lang='grc' dir='ltr'>Λόγος,</span> <span class='ocrx_word' id='word_1_33' title='bbox 1083 641 1383 715; x_wconf 74' lang='grc' dir='ltr'>θιερῤίφθω</span> <span class='ocrx_word' id='word_1_34' title='bbox 1434 659 1539 696; x_wconf 81' lang='grc' dir='ltr'><strong>που</strong></span> <span class='ocrx_word' id='word_1_35' title='bbox 1589 640 1808 714; x_wconf 77' lang='grc' dir='ltr'>μακρὰν</span> 
     </span>
    </p>
   </div>
   <div class='ocr_carea' id='block_1_8' title="bbox 236 730 1808 806">
    <p class='ocr_par' dir='ltr' id='par_1_8' title="bbox 236 730 1808 806">
     <span class='ocr_line' id='line_1_8' title="bbox 236 730 1808 806; baseline 0.001 -19"><span class='ocrx_word' id='word_1_36' title='bbox 236 737 433 806; x_wconf 70' lang='grc' dir='ltr'>τροπῆς</span> <span class='ocrx_word' id='word_1_37' title='bbox 458 733 667 804; x_wconf 77' lang='grc' dir='ltr'>ὑποψία</span> <span class='ocrx_word' id='word_1_38' title='bbox 689 733 995 806; x_wconf 74' lang='grc' dir='ltr'>(μεμόνηκε</span> <span class='ocrx_word' id='word_1_39' title='bbox 1019 733 1130 806; x_wconf 86' lang='grc' dir='ltr'>γάρ</span> <span class='ocrx_word' id='word_1_40' title='bbox 1145 734 1284 805; x_wconf 75' lang='grc' dir='ltr'>ὅπερ</span> <span class='ocrx_word' id='word_1_41' title='bbox 1299 730 1416 806; x_wconf 75' lang='grc' dir='ltr'><strong>ἦν).</strong></span> <span class='ocrx_word' id='word_1_42' title='bbox 1440 733 1808 806; x_wconf 76' lang='grc' dir='ltr'>όμολογείσθω</span> 
     </span>
    </p>
   </div>
   <div class='ocr_carea' id='block_1_9' title="bbox 235 821 1804 898">
    <p class='ocr_par' dir='ltr' id='par_1_9' title="bbox 235 821 1804 898">
     <span class='ocr_line' id='line_1_9' title="bbox 235 821 1804 898; baseline 0.003 -21"><span class='ocrx_word' id='word_1_43' title='bbox 235 821 286 877; x_wconf 77' lang='grc' dir='ltr'><strong>δι</strong></span> <span class='ocrx_word' id='word_1_44' title='bbox 314 822 451 894; x_wconf 78' lang='grc' dir='ltr'>πρὸς</span> <span class='ocrx_word' id='word_1_45' title='bbox 497 823 658 896; x_wconf 78' lang='grc' dir='ltr'>ήμῶν</span> <span class='ocrx_word' id='word_1_46' title='bbox 706 825 801 878; x_wconf 83' lang='grc' dir='ltr'>καὶ</span> <span class='ocrx_word' id='word_1_47' title='bbox 828 822 1136 896; x_wconf 77' lang='grc' dir='ltr'>ἀσύγχυτος</span> <span class='ocrx_word' id='word_1_48' title='bbox 1182 825 1462 892; x_wconf 75' lang='grc' dir='ltr'>παντελῶς</span> <span class='ocrx_word' id='word_1_49' title='bbox 1505 827 1540 898; x_wconf 77' lang='grc' dir='ltr'><strong>ἡ</strong></span> <span class='ocrx_word' id='word_1_50' title='bbox 1588 827 1804 889; x_wconf 81' lang='grc' dir='ltr'><strong>ενωσις.</strong></span> 
     </span>
    </p>
   </div>
   <div class='ocr_carea' id='block_1_10' title="bbox 246 914 1808 990">
    <p class='ocr_par' dir='ltr' id='par_1_10' title="bbox 246 914 1808 990">
     <span class='ocr_line' id='line_1_10' title="bbox 246 914 1808 990; baseline 0.002 -21"><span class='ocrx_word' id='word_1_51' title='bbox 246 914 400 969; x_wconf 81' lang='grc' dir='ltr'>Ἀλλά</span> <span class='ocrx_word' id='word_1_52' title='bbox 425 915 540 989; x_wconf 91' lang='grc' dir='ltr'>γάρ</span> <span class='ocrx_word' id='word_1_53' title='bbox 582 915 715 981; x_wconf 82' lang='grc' dir='ltr'><strong>τσως</strong></span> <span class='ocrx_word' id='word_1_54' title='bbox 741 917 902 986; x_wconf 80' lang='grc' dir='ltr'>φαίεν</span> <span class='ocrx_word' id='word_1_55' title='bbox 948 915 1016 972; x_wconf 79' lang='grc' dir='ltr'><strong>ἀν</strong></span> <span class='ocrx_word' id='word_1_56' title='bbox 1058 919 1109 972; x_wconf 87' lang='lat' dir='ltr'><strong>oi</strong></span> <span class='ocrx_word' id='word_1_57' title='bbox 1153 915 1224 971; x_wconf 79' lang='grc' dir='ltr'><strong>δι’</strong></span> <span class='ocrx_word' id='word_1_58' title='bbox 1251 917 1534 983; x_wconf 72' lang='grc' dir='ltr'>εναντίας’</span> <span class='ocrx_word' id='word_1_59' title='bbox 1575 917 1707 972; x_wconf 78' lang='grc' dir='ltr'><strong>Ἰδοὺ</strong></span> <span class='ocrx_word' id='word_1_60' title='bbox 1740 917 1808 990; x_wconf 74' lang='grc' dir='ltr'><strong>δὴ</strong></span> 
     </span>
    </p>
   </div>
   <div class='ocr_carea' id='block_1_11' title="bbox 235 1006 1804 1082">
    <p class='ocr_par' dir='ltr' id='par_1_11' title="bbox 235 1006 1804 1082">
     <span class='ocr_line' id='line_1_11' title="bbox 235 1006 1804 1082; baseline 0.004 -22"><span class='ocrx_word' id='word_1_61' title='bbox 235 1006 414 1076; x_wconf 79' lang='grc' dir='ltr'>σαφῶς</span> <span class='ocrx_word' id='word_1_62' title='bbox 443 1009 496 1063; x_wconf 91' lang='lat' dir='ltr'><strong>ol</strong></span> <span class='ocrx_word' id='word_1_63' title='bbox 521 1009 622 1078; x_wconf 81' lang='grc' dir='ltr'><strong>τῆς</strong></span> <span class='ocrx_word' id='word_1_64' title='bbox 653 1007 823 1079; x_wconf 80' lang='grc' dir='ltr'><strong>ὀρθῆς</strong></span> <span class='ocrx_word' id='word_1_65' title='bbox 845 1007 1084 1070; x_wconf 82' lang='grc' dir='ltr'>πίστεως</span> <span class='ocrx_word' id='word_1_66' title='bbox 1102 1009 1201 1081; x_wconf 77' lang='grc' dir='ltr'>τὴν</span> <span class='ocrx_word' id='word_1_67' title='bbox 1229 1009 1523 1081; x_wconf 85' lang='grc' dir='ltr'>όμολογίαν</span> <span class='ocrx_word' id='word_1_68' title='bbox 1544 1011 1804 1082; x_wconf 79' lang='grc' dir='ltr'>ποιούμε·</span> 
     </span>
    </p>
   </div>
   <div class='ocr_carea' id='block_1_12' title="bbox 234 1097 1805 1174">
    <p class='ocr_par' dir='ltr' id='par_1_12' title="bbox 234 1097 1805 1174">
     <span class='ocr_line' id='line_1_12' title="bbox 234 1097 1805 1174; baseline 0.001 -22"><span class='ocrx_word' id='word_1_69' title='bbox 234 1113 328 1161; x_wconf 87' lang='grc' dir='ltr'><strong>νοι.</strong></span> <span class='ocrx_word' id='word_1_70' title='bbox 358 1097 456 1154; x_wconf 74' lang='grc' dir='ltr'><strong>δύο</strong></span> <span class='ocrx_word' id='word_1_71' title='bbox 489 1099 589 1171; x_wconf 71' lang='grc' dir='ltr'>μιν</span> <span class='ocrx_word' id='word_1_72' title='bbox 630 1098 962 1170; x_wconf 78' lang='grc' dir='ltr'><strong>ὀνομάζουσι</strong></span> <span class='ocrx_word' id='word_1_73' title='bbox 1005 1099 1220 1170; x_wconf 76' lang='grc' dir='ltr'>φύσεις,</span> <span class='ocrx_word' id='word_1_74' title='bbox 1262 1099 1554 1174; x_wconf 73' lang='grc' dir='ltr'><strong>διῃρῆσθαι</strong></span> <span class='ocrx_word' id='word_1_75' title='bbox 1597 1101 1655 1155; x_wconf 79' lang='grc' dir='ltr'><strong>δι</strong></span> <span class='ocrx_word' id='word_1_76' title='bbox 1705 1099 1805 1165; x_wconf 88' lang='grc' dir='ltr'><strong>τάς</strong></span> 
     </span>
    </p>
   </div>
   <div class='ocr_carea' id='block_1_13' title="bbox 231 1187 1806 1266">
    <p class='ocr_par' dir='ltr' id='par_1_13' title="bbox 231 1187 1806 1266">
     <span class='ocr_line' id='line_1_13' title="bbox 231 1187 1806 1266; baseline 0.002 -22"><span class='ocrx_word' id='word_1_77' title='bbox 231 1187 334 1244; x_wconf 79' lang='grc' dir='ltr'><strong>τῶν</strong></span> <span class='ocrx_word' id='word_1_78' title='bbox 362 1188 645 1264; x_wconf 83' lang='grc' dir='ltr'>θεηγόρων</span> <span class='ocrx_word' id='word_1_79' title='bbox 677 1190 864 1260; x_wconf 79' lang='grc' dir='ltr'><strong>φωνὰς</strong></span> <span class='ocrx_word' id='word_1_80' title='bbox 893 1190 1274 1256; x_wconf 81' lang='grc' dir='ltr'>διατείνονται,</span> <span class='ocrx_word' id='word_1_81' title='bbox 1303 1192 1448 1247; x_wconf 85' lang='grc' dir='ltr'><strong>κατά</strong></span> <span class='ocrx_word' id='word_1_82' title='bbox 1473 1208 1538 1264; x_wconf 89' lang='grc' dir='ltr'><strong>γε</strong></span> <span class='ocrx_word' id='word_1_83' title='bbox 1563 1192 1662 1266; x_wconf 80' lang='grc' dir='ltr'>τὴν</span> <span class='ocrx_word' id='word_1_84' title='bbox 1687 1193 1806 1248; x_wconf 77' lang='grc' dir='ltr'><strong>δια-</strong></span> 
     </span>
    </p>
   </div>
   <div class='ocr_carea' id='block_1_14' title="bbox 235 1274 1802 1352">
    <p class='ocr_par' dir='ltr' id='par_1_14' title="bbox 235 1274 1802 1352">
     <span class='ocr_line' id='line_1_14' title="bbox 235 1274 1802 1352; baseline 0.002 -18"><span class='ocrx_word' id='word_1_85' title='bbox 235 1279 400 1352; x_wconf 73' lang='grc' dir='ltr'>φορὰν</span> <span class='ocrx_word' id='word_1_86' title='bbox 426 1281 630 1338; x_wconf 75' lang='grc' dir='ltr'>αὐτῶν.</span> <span class='ocrx_word' id='word_1_87' title='bbox 654 1274 792 1338; x_wconf 80' lang='grc' dir='ltr'>Εῐτα</span> <span class='ocrx_word' id='word_1_88' title='bbox 810 1281 928 1346; x_wconf 83' lang='grc' dir='ltr'>πῶς</span> <span class='ocrx_word' id='word_1_89' title='bbox 943 1281 1044 1336; x_wconf 78' lang='grc' dir='ltr'><strong>οὐκ</strong></span> <span class='ocrx_word' id='word_1_90' title='bbox 1068 1281 1288 1336; x_wconf 73' lang='grc' dir='ltr'>ιναντία</span> <span class='ocrx_word' id='word_1_91' title='bbox 1313 1279 1488 1337; x_wconf 77' lang='grc' dir='ltr'>ταῦτα</span> <span class='ocrx_word' id='word_1_92' title='bbox 1514 1284 1628 1346; x_wconf 75' lang='grc' dir='ltr'>τοῖς</span> <span class='ocrx_word' id='word_1_93' title='bbox 1655 1284 1802 1350; x_wconf 73' lang='grc' dir='ltr'><strong>σοιςς</strong></span> 
     </span>
    </p>
   </div>
   <div class='ocr_carea' id='block_1_15' title="bbox 232 1370 1801 1446">
    <p class='ocr_par' dir='ltr' id='par_1_15' title="bbox 232 1370 1801 1446">
     <span class='ocr_line' id='line_1_15' title="bbox 232 1370 1801 1446; baseline 0.001 -17"><span class='ocrx_word' id='word_1_94' title='bbox 232 1370 360 1429; x_wconf 64' lang='lat' dir='ltr'><strong>om</strong></span> <span class='ocrx_word' id='word_1_95' title='bbox 386 1373 499 1444; x_wconf 84' lang='grc' dir='ltr'>γάρ</span> <span class='ocrx_word' id='word_1_96' title='bbox 518 1371 688 1444; x_wconf 76' lang='grc' dir='ltr'>ἀνόχῃ</span> <span class='ocrx_word' id='word_1_97' title='bbox 719 1370 1033 1444; x_wconf 76' lang='grc' dir='ltr'><strong>προσώποις</strong></span> <span class='ocrx_word' id='word_1_98' title='bbox 1054 1371 1229 1438; x_wconf 75' lang='grc' dir='ltr'>δυσὶν,</span> <span class='ocrx_word' id='word_1_99' title='bbox 1255 1373 1423 1446; x_wconf 61' lang='grc' dir='ltr'><strong>1ιγουν</strong></span> <span class='ocrx_word' id='word_1_100' title='bbox 1453 1374 1801 1443; x_wconf 75' lang='grc' dir='ltr'>ὑποστάσεσι,</span> 
     </span>
    </p>
   </div>
   <div class='ocr_carea' id='block_1_16' title="bbox 231 1455 1803 1537">
    <p class='ocr_par' dir='ltr' id='par_1_16' title="bbox 231 1455 1803 1537">
     <span class='ocr_line' id='line_1_16' title="bbox 231 1455 1803 1537; baseline 0.002 -19"><span class='ocrx_word' id='word_1_101' title='bbox 231 1462 326 1528; x_wconf 75' lang='grc' dir='ltr'>τὰς</span> <span class='ocrx_word' id='word_1_102' title='bbox 354 1461 542 1534; x_wconf 68' lang='grc' dir='ltr'><strong>φωνὰς</strong></span> <span class='ocrx_word' id='word_1_103' title='bbox 585 1461 884 1535; x_wconf 72' lang='grc' dir='ltr'>διανόμειν.</span> <span class='ocrx_word' id='word_1_104' title='bbox 929 1463 1090 1530; x_wconf 68' lang='grc' dir='ltr'>Ἀλλ’,</span> <span class='ocrx_word' id='word_1_105' title='bbox 1120 1455 1168 1519; x_wconf 75' lang='grc' dir='ltr'>ὦ</span> <span class='ocrx_word' id='word_1_106' title='bbox 1198 1462 1488 1534; x_wconf 68' lang='grc' dir='ltr'>βέλτιστοι,</span> <span class='ocrx_word' id='word_1_107' title='bbox 1519 1465 1686 1537; x_wconf 80' lang='grc' dir='ltr'>φαίην</span> <span class='ocrx_word' id='word_1_108' title='bbox 1713 1464 1803 1530; x_wconf 81' lang='grc' dir='ltr'><strong>ἀν,</strong></span> 
     </span>
    </p>
   </div>
   <div class='ocr_carea' id='block_1_17' title="bbox 233 1553 1806 1627">
    <p class='ocr_par' dir='ltr' id='par_1_17' title="bbox 233 1553 1806 1627">
     <span class='ocr_line' id='line_1_17' title="bbox 233 1553 1806 1627; baseline 0.001 -17"><span class='ocrx_word' id='word_1_109' title='bbox 233 1554 593 1627; x_wconf 76' lang='grc' dir='ltr'>γεγράφαμεν</span> <span class='ocrx_word' id='word_1_110' title='bbox 634 1555 695 1608; x_wconf 70' lang='grc' dir='ltr'><strong>εν</strong></span> <span class='ocrx_word' id='word_1_111' title='bbox 720 1556 835 1620; x_wconf 71' lang='grc' dir='ltr'>τοῖς</span> <span class='ocrx_word' id='word_1_112' title='bbox 873 1553 1227 1625; x_wconf 77' lang='grc' dir='ltr'>κεφαλαίοις·</span> <span class='ocrx_word' id='word_1_113' title='bbox 1264 1557 1331 1612; x_wconf 77' lang='grc' dir='ltr'>ει</span> <span class='ocrx_word' id='word_1_114' title='bbox 1365 1573 1450 1621; x_wconf 85' lang='grc' dir='ltr'>τις</span> <span class='ocrx_word' id='word_1_115' title='bbox 1491 1558 1806 1627; x_wconf 83' lang='grc' dir='ltr'><strong>προσώποις</strong></span> 
     </span>
    </p>
   </div>
   <div class='ocr_carea' id='block_1_18' title="bbox 232 1627 1806 1720">
    <p class='ocr_par' dir='ltr' id='par_1_18' title="bbox 232 1627 1806 1720">
     <span class='ocr_line' id='line_1_18' title="bbox 232 1627 1806 1720; baseline 0.002 -20"><span class='ocrx_word' id='word_1_116' title='bbox 232 1645 398 1713; x_wconf 78' lang='grc' dir='ltr'>δυσὶν,</span> <span class='ocrx_word' id='word_1_117' title='bbox 434 1647 608 1720; x_wconf 73' lang='grc' dir='ltr'>ἧγουν</span> <span class='ocrx_word' id='word_1_118' title='bbox 646 1645 1008 1713; x_wconf 75' lang='grc' dir='ltr'>ὑποστάσεσι,</span> <span class='ocrx_word' id='word_1_119' title='bbox 1032 1646 1280 1720; x_wconf 74' lang='grc' dir='ltr'>διανιμει</span> <span class='ocrx_word' id='word_1_120' title='bbox 1315 1649 1417 1714; x_wconf 76' lang='grc' dir='ltr'><strong>τὰς</strong></span> <span class='ocrx_word' id='word_1_121' title='bbox 1454 1627 1662 1719; x_wconf 60' lang='grc' dir='ltr'>φωνεῖς,</span> <span class='ocrx_word' id='word_1_122' title='bbox 1709 1649 1806 1704; x_wconf 84' lang='grc' dir='ltr'>καὶ</span> 
     </span>
    </p>
   </div>
   <div class='ocr_carea' id='block_1_19' title="bbox 1912 547 3499 626">
    <p class='ocr_par' dir='ltr' id='par_1_19' title="bbox 1912 547 3499 626">
     <span class='ocr_line' id='line_1_19' title="bbox 1912 547 3499 626; baseline 0.004 -22"><span class='ocrx_word' id='word_1_123' title='bbox 1912 547 2117 614; x_wconf 96' lang='lat' dir='ltr'><strong>ctione,</strong></span> <span class='ocrx_word' id='word_1_124' title='bbox 2150 564 2314 605; x_wconf 89' lang='lat' dir='ltr'><strong>unam</strong></span> <span class='ocrx_word' id='word_1_125' title='bbox 2335 565 2459 606; x_wconf 82' lang='lat' dir='ltr'><strong>esse</strong></span> <span class='ocrx_word' id='word_1_126' title='bbox 2484 549 2762 606; x_wconf 76' lang='lat' dir='ltr'><strong>credimus</strong></span> <span class='ocrx_word' id='word_1_127' title='bbox 2780 549 2904 606; x_wconf 83' lang='lat' dir='ltr'><strong>Filii</strong></span> <span class='ocrx_word' id='word_1_128' title='bbox 2933 560 3209 619; x_wconf 86' lang='lat' dir='ltr'><strong>naturam,</strong></span> <span class='ocrx_word' id='word_1_129' title='bbox 3236 561 3499 626; x_wconf 89' lang='lat' dir='ltr'><strong>tanquam</strong></span> 
     </span>
    </p>
   </div>
   <div class='ocr_carea' id='block_1_20' title="bbox 1909 641 3500 720">
    <p class='ocr_par' dir='ltr' id='par_1_20' title="bbox 1909 641 3500 720">
     <span class='ocr_line' id='line_1_20' title="bbox 1909 641 3500 720; baseline 0.004 -24"><span class='ocrx_word' id='word_1_130' title='bbox 1909 641 2094 706; x_wconf 89' lang='lat' dir='ltr'><strong>unius,</strong></span> <span class='ocrx_word' id='word_1_131' title='bbox 2125 658 2316 698; x_wconf 81' lang='lat' dir='ltr'><strong>verum</strong></span> <span class='ocrx_word' id='word_1_132' title='bbox 2363 642 2704 700; x_wconf 88' lang='lat' dir='ltr'><strong>inhumanati</strong></span> <span class='ocrx_word' id='word_1_133' title='bbox 2749 653 2808 701; x_wconf 90' lang='lat' dir='ltr'><strong>et</strong></span> <span class='ocrx_word' id='word_1_134' title='bbox 2852 643 3141 700; x_wconf 90' lang='lat' dir='ltr'><strong>incarnati.</strong></span> <span class='ocrx_word' id='word_1_135' title='bbox 3186 643 3327 716; x_wconf 78' lang='lat' dir='ltr'><strong>Cum</strong></span> <span class='ocrx_word' id='word_1_136' title='bbox 3365 660 3500 720; x_wconf 65' lang='lat' dir='ltr'><strong>ergo</strong></span> 
     </span>
    </p>
   </div>
   <div class='ocr_carea' id='block_1_21' title="bbox 1907 729 3496 802">
    <p class='ocr_par' dir='ltr' id='par_1_21' title="bbox 1907 729 3496 802">
     <span class='ocr_line' id='line_1_21' title="bbox 1907 729 3496 802; baseline 0.003 -16"><span class='ocrx_word' id='word_1_137' title='bbox 1907 729 2053 786; x_wconf 89' lang='lat' dir='ltr'><strong>Deus</strong></span> <span class='ocrx_word' id='word_1_138' title='bbox 2080 731 2320 788; x_wconf 83' lang='lat' dir='ltr'><strong>Verbum</strong></span> <span class='ocrx_word' id='word_1_139' title='bbox 2355 733 2775 790; x_wconf 86' lang='lat' dir='ltr'><strong>inhumanatum</strong></span> <span class='ocrx_word' id='word_1_140' title='bbox 2807 740 2865 789; x_wconf 90' lang='lat' dir='ltr'><strong>et</strong></span> <span class='ocrx_word' id='word_1_141' title='bbox 2900 733 3244 789; x_wconf 89' lang='lat' dir='ltr'><strong>incarnatum</strong></span> <span class='ocrx_word' id='word_1_142' title='bbox 3269 733 3496 802; x_wconf 85' lang='lat' dir='ltr'><strong>dicitur,</strong></span> 
     </span>
    </p>
   </div>
   <div class='ocr_carea' id='block_1_22' title="bbox 1906 819 3502 898">
    <p class='ocr_par' dir='ltr' id='par_1_22' title="bbox 1906 819 3502 898">
     <span class='ocr_line' id='line_1_22' title="bbox 1906 819 3502 898; baseline 0.004 -22"><span class='ocrx_word' id='word_1_143' title='bbox 1906 823 2099 892; x_wconf 85' lang='lat' dir='ltr'><strong>procul</strong></span> <span class='ocrx_word' id='word_1_144' title='bbox 2127 819 2362 880; x_wconf 82' lang='lat' dir='ltr'><strong>facessat</strong></span> <span class='ocrx_word' id='word_1_145' title='bbox 2385 825 2568 881; x_wconf 90' lang='lat' dir='ltr'><strong>omnis</strong></span> <span class='ocrx_word' id='word_1_146' title='bbox 2590 823 2971 882; x_wconf 79' lang='lat' dir='ltr'><strong>conversionis</strong></span> <span class='ocrx_word' id='word_1_147' title='bbox 3007 824 3249 898; x_wconf 79' lang='lat' dir='ltr'><strong>suspicio</strong></span> <span class='ocrx_word' id='word_1_148' title='bbox 3276 824 3502 897; x_wconf 83' lang='lat' dir='ltr'><strong>(mansit</strong></span> 
     </span>
    </p>
   </div>
   <div class='ocr_carea' id='block_1_23' title="bbox 1905 915 3497 990">
    <p class='ocr_par' dir='ltr' id='par_1_23' title="bbox 1905 915 3497 990">
     <span class='ocr_line' id='line_1_23' title="bbox 1905 915 3497 990; baseline 0.003 -20"><span class='ocrx_word' id='word_1_149' title='bbox 1905 915 2054 971; x_wconf 86' lang='lat' dir='ltr'><strong>enim</strong></span> <span class='ocrx_word' id='word_1_150' title='bbox 2077 916 2224 988; x_wconf 90' lang='lat' dir='ltr'><strong>quod</strong></span> <span class='ocrx_word' id='word_1_151' title='bbox 2245 918 2473 990; x_wconf 88' lang='lat' dir='ltr'><strong>erat),et</strong></span> <span class='ocrx_word' id='word_1_152' title='bbox 2495 917 2627 974; x_wconf 91' lang='lat' dir='ltr'><strong>unio</strong></span> <span class='ocrx_word' id='word_1_153' title='bbox 2649 916 2989 974; x_wconf 77' lang='lat' dir='ltr'><strong>confusionis</strong></span> <span class='ocrx_word' id='word_1_154' title='bbox 3012 918 3194 974; x_wconf 88' lang='lat' dir='ltr'><strong>omnis</strong></span> <span class='ocrx_word' id='word_1_155' title='bbox 3214 917 3377 988; x_wconf 82' lang='lat' dir='ltr'><strong>plane</strong></span> <span class='ocrx_word' id='word_1_156' title='bbox 3398 931 3497 974; x_wconf 87' lang='lat' dir='ltr'><strong>ex-</strong></span> 
     </span>
    </p>
   </div>
   <div class='ocr_carea' id='block_1_24' title="bbox 1905 1007 3498 1081">
    <p class='ocr_par' dir='ltr' id='par_1_24' title="bbox 1905 1007 3498 1081">
     <span class='ocr_line' id='line_1_24' title="bbox 1905 1007 3498 1081; baseline 0.001 -19"><span class='ocrx_word' id='word_1_157' title='bbox 1905 1021 2035 1078; x_wconf 87' lang='lat' dir='ltr'><strong>pers</strong></span> <span class='ocrx_word' id='word_1_158' title='bbox 2056 1022 2088 1062; x_wconf 90' lang='lat' dir='ltr'><strong>a</strong></span> <span class='ocrx_word' id='word_1_159' title='bbox 2113 1007 2276 1064; x_wconf 92' lang='lat' dir='ltr'><strong>nobis</strong></span> <span class='ocrx_word' id='word_1_160' title='bbox 2294 1017 2640 1081; x_wconf 73' lang='lat' dir='ltr'><strong>agnoscatur.</strong></span> <span class='ocrx_word' id='word_1_161' title='bbox 2672 1007 2877 1065; x_wconf 83' lang='lat' dir='ltr'><strong>Verum</strong></span> <span class='ocrx_word' id='word_1_162' title='bbox 2907 1007 3095 1064; x_wconf 89' lang='lat' dir='ltr'><strong>dicent</strong></span> <span class='ocrx_word' id='word_1_163' title='bbox 3125 1008 3270 1064; x_wconf 86' lang='lat' dir='ltr'><strong>forte</strong></span> <span class='ocrx_word' id='word_1_164' title='bbox 3297 1007 3498 1065; x_wconf 73' lang='lat' dir='ltr'><strong>adVer-</strong></span> 
     </span>
    </p>
   </div>
   <div class='ocr_carea' id='block_1_25' title="bbox 1908 1095 3497 1170">
    <p class='ocr_par' dir='ltr' id='par_1_25' title="bbox 1908 1095 3497 1170">
     <span class='ocr_line' id='line_1_25' title="bbox 1908 1095 3497 1170; baseline 0.003 -21"><span class='ocrx_word' id='word_1_165' title='bbox 1908 1095 2042 1150; x_wconf 90' lang='lat' dir='ltr'><strong>sarii</strong></span> <span class='ocrx_word' id='word_1_166' title='bbox 2079 1096 2205 1152; x_wconf 81' lang='lat' dir='ltr'><strong>:En</strong></span> <span class='ocrx_word' id='word_1_167' title='bbox 2251 1097 2541 1155; x_wconf 87' lang='lat' dir='ltr'><strong>manifeste</strong></span> <span class='ocrx_word' id='word_1_168' title='bbox 2579 1097 2676 1170; x_wconf 87' lang='lat' dir='ltr'><strong>qui</strong></span> <span class='ocrx_word' id='word_1_169' title='bbox 2713 1107 2879 1156; x_wconf 69' lang='lat' dir='ltr'><strong>recta</strong></span> <span class='ocrx_word' id='word_1_170' title='bbox 2921 1097 3052 1155; x_wconf 88' lang='lat' dir='ltr'><strong>iidei</strong></span> <span class='ocrx_word' id='word_1_171' title='bbox 3095 1095 3497 1155; x_wconf 86' lang='lat' dir='ltr'><strong>confessionem</strong></span> 
     </span>
    </p>
   </div>
   <div class='ocr_carea' id='block_1_26' title="bbox 1903 1185 3496 1262">
    <p class='ocr_par' dir='ltr' id='par_1_26' title="bbox 1903 1185 3496 1262">
     <span class='ocr_line' id='line_1_26' title="bbox 1903 1185 3496 1262; baseline 0.003 -20"><span class='ocrx_word' id='word_1_172' title='bbox 1903 1185 2097 1252; x_wconf 88' lang='lat' dir='ltr'><strong>edunt,</strong></span> <span class='ocrx_word' id='word_1_173' title='bbox 2132 1187 2272 1262; x_wconf 74' lang='lat' dir='ltr'><strong>duas</strong></span> <span class='ocrx_word' id='word_1_174' title='bbox 2309 1198 2538 1246; x_wconf 88' lang='lat' dir='ltr'><strong>naturas</strong></span> <span class='ocrx_word' id='word_1_175' title='bbox 2570 1190 2880 1256; x_wconf 90' lang='lat' dir='ltr'><strong>nominant,</strong></span> <span class='ocrx_word' id='word_1_176' title='bbox 2900 1205 2966 1248; x_wconf 90' lang='lat' dir='ltr'><strong>ac</strong></span> <span class='ocrx_word' id='word_1_177' title='bbox 3003 1204 3103 1262; x_wconf 91' lang='lat' dir='ltr'><strong>pro</strong></span> <span class='ocrx_word' id='word_1_178' title='bbox 3123 1190 3342 1246; x_wconf 90' lang='lat' dir='ltr'><strong>illarum</strong></span> <span class='ocrx_word' id='word_1_179' title='bbox 3375 1189 3496 1247; x_wconf 90' lang='lat' dir='ltr'><strong>dis-</strong></span> 
     </span>
    </p>
   </div>
   <div class='ocr_carea' id='block_1_27' title="bbox 1904 1258 3495 1351">
    <p class='ocr_par' dir='ltr' id='par_1_27' title="bbox 1904 1258 3495 1351">
     <span class='ocr_line' id='line_1_27' title="bbox 1904 1258 3495 1351; baseline 0.001 -18"><span class='ocrx_word' id='word_1_180' title='bbox 1904 1276 2171 1343; x_wconf 87' lang='lat' dir='ltr'><strong>crimine,</strong></span> <span class='ocrx_word' id='word_1_181' title='bbox 2206 1258 2609 1351; x_wconf 64' lang='lat' dir='ltr'><strong>&#39;tbeologorum</strong></span> <span class='ocrx_word' id='word_1_182' title='bbox 2688 1294 2855 1336; x_wconf 82' lang='lat' dir='ltr'><strong>voces</strong></span> <span class='ocrx_word' id='word_1_183' title='bbox 2900 1258 3164 1351; x_wconf 67' lang='lat' dir='ltr'><strong>distingui</strong></span> <span class='ocrx_word' id='word_1_184' title='bbox 3219 1288 3495 1338; x_wconf 73' lang='lat' dir='ltr'><strong>asserunt.</strong></span> 
     </span>
    </p>
   </div>
   <div class='ocr_carea' id='block_1_28' title="bbox 1909 1368 3496 1441">
    <p class='ocr_par' dir='ltr' id='par_1_28' title="bbox 1909 1368 3496 1441">
     <span class='ocr_line' id='line_1_28' title="bbox 1909 1368 3496 1441; baseline 0 -13"><span class='ocrx_word' id='word_1_185' title='bbox 1909 1368 2070 1441; x_wconf 71' lang='lat'><strong>116</strong></span> <span class='ocrx_word' id='word_1_186' title='bbox 2091 1369 2379 1439; x_wconf 83' lang='lat' dir='ltr'><strong>Quomodo</strong></span> <span class='ocrx_word' id='word_1_187' title='bbox 2402 1380 2587 1428; x_wconf 79' lang='lat' dir='ltr'><strong>autem</strong></span> <span class='ocrx_word' id='word_1_188' title='bbox 2627 1372 2744 1428; x_wconf 63' lang='lat' dir='ltr'><strong>hoc</strong></span> <span class='ocrx_word' id='word_1_189' title='bbox 2784 1381 2893 1430; x_wconf 66' lang='lat' dir='ltr'><strong>tua</strong></span> <span class='ocrx_word' id='word_1_190' title='bbox 2931 1371 3226 1428; x_wconf 89' lang='lat' dir='ltr'><strong>assertioni</strong></span> <span class='ocrx_word' id='word_1_191' title='bbox 3257 1387 3368 1429; x_wconf 91' lang='lat' dir='ltr'><strong>non</strong></span> <span class='ocrx_word' id='word_1_192' title='bbox 3394 1372 3496 1428; x_wconf 83' lang='lat' dir='ltr'><strong>ad-</strong></span> 
     </span>
    </p>
   </div>
   <div class='ocr_carea' id='block_1_29' title="bbox 1903 1461 3494 1535">
    <p class='ocr_par' dir='ltr' id='par_1_29' title="bbox 1903 1461 3494 1535">
     <span class='ocr_line' id='line_1_29' title="bbox 1903 1461 3494 1535; baseline 0.001 -18"><span class='ocrx_word' id='word_1_193' title='bbox 1903 1463 2233 1518; x_wconf 73' lang='lat' dir='ltr'><strong>versantur?</strong></span> <span class='ocrx_word' id='word_1_194' title='bbox 2254 1463 2446 1535; x_wconf 81' lang='lat' dir='ltr'><strong>Neque</strong></span> <span class='ocrx_word' id='word_1_195' title='bbox 2467 1464 2616 1520; x_wconf 90' lang='lat' dir='ltr'><strong>enim</strong></span> <span class='ocrx_word' id='word_1_196' title='bbox 2639 1465 2848 1534; x_wconf 89' lang='lat' dir='ltr'><strong>pateris</strong></span> <span class='ocrx_word' id='word_1_197' title='bbox 2893 1471 2956 1519; x_wconf 92' lang='lat' dir='ltr'><strong>ut</strong></span> <span class='ocrx_word' id='word_1_198' title='bbox 2985 1461 3202 1520; x_wconf 89' lang='lat' dir='ltr'><strong>duabus</strong></span> <span class='ocrx_word' id='word_1_199' title='bbox 3223 1463 3494 1535; x_wconf 85' lang='lat' dir='ltr'><strong>personis,</strong></span> 
     </span>
    </p>
   </div>
   <div class='ocr_carea' id='block_1_30' title="bbox 1905 1555 3498 1622">
    <p class='ocr_par' dir='ltr' id='par_1_30' title="bbox 1905 1555 3498 1622">
     <span class='ocr_line' id='line_1_30' title="bbox 1905 1555 3498 1622; baseline 0.001 -11"><span class='ocrx_word' id='word_1_200' title='bbox 1905 1569 2003 1611; x_wconf 90' lang='lat' dir='ltr'><strong>seu</strong></span> <span class='ocrx_word' id='word_1_201' title='bbox 2050 1555 2427 1613; x_wconf 80' lang='lat' dir='ltr'><strong>subsistentiis</strong></span> <span class='ocrx_word' id='word_1_202' title='bbox 2445 1596 2460 1622; x_wconf 91' lang='lat'><strong>,</strong></span> <span class='ocrx_word' id='word_1_203' title='bbox 2508 1557 2730 1612; x_wconf 89' lang='lat' dir='ltr'><strong>illorum</strong></span> <span class='ocrx_word' id='word_1_204' title='bbox 2771 1570 2937 1612; x_wconf 86' lang='lat' dir='ltr'><strong>voces</strong></span> <span class='ocrx_word' id='word_1_205' title='bbox 2975 1555 3347 1612; x_wconf 87' lang='lat' dir='ltr'><strong>ascribantur.</strong></span> <span class='ocrx_word' id='word_1_206' title='bbox 3389 1555 3498 1612; x_wconf 89' lang='lat' dir='ltr'><strong>Sed</strong></span> 
     </span>
    </p>
   </div>
   <div class='ocr_carea' id='block_1_31' title="bbox 1906 1643 3500 1717">
    <p class='ocr_par' dir='ltr' id='par_1_31' title="bbox 1906 1643 3500 1717">
     <span class='ocr_line' id='line_1_31' title="bbox 1906 1643 3500 1717; baseline 0.001 -16"><span class='ocrx_word' id='word_1_207' title='bbox 1906 1644 2052 1702; x_wconf 88' lang='lat' dir='ltr'><strong>bona</strong></span> <span class='ocrx_word' id='word_1_208' title='bbox 2093 1655 2276 1702; x_wconf 82' lang='lat' dir='ltr'><strong>vestra</strong></span> <span class='ocrx_word' id='word_1_209' title='bbox 2319 1647 2481 1702; x_wconf 86' lang='lat' dir='ltr'><strong>venia</strong></span> <span class='ocrx_word' id='word_1_210' title='bbox 2524 1645 2742 1712; x_wconf 87' lang='lat' dir='ltr'><strong>dicam,</strong></span> <span class='ocrx_word' id='word_1_211' title='bbox 2788 1644 2848 1701; x_wconf 93' lang='lat' dir='ltr'><strong>in</strong></span> <span class='ocrx_word' id='word_1_212' title='bbox 2889 1643 3184 1702; x_wconf 86' lang='lat' dir='ltr'><strong>duodecim</strong></span> <span class='ocrx_word' id='word_1_213' title='bbox 3223 1643 3500 1717; x_wconf 74' lang='lat' dir='ltr'><strong>capitibus</strong></span> 
     </span>
    </p>
   </div>
   <div class='ocr_carea' id='block_1_32' title="bbox 231 1735 1813 1812">
    <p class='ocr_par' dir='ltr' id='par_1_32' title="bbox 231 1736 1806 1812">
     <span class='ocr_line' id='line_1_32' title="bbox 231 1736 1806 1812; baseline 0.002 -19"><span class='ocrx_word' id='word_1_214' title='bbox 231 1738 324 1802; x_wconf 74' lang='grc' dir='ltr'><strong>τάς</strong></span> <span class='ocrx_word' id='word_1_215' title='bbox 374 1738 497 1809; x_wconf 68' lang='grc' dir='ltr'>μεν,</span> <span class='ocrx_word' id='word_1_216' title='bbox 541 1737 619 1804; x_wconf 74' lang='grc' dir='ltr'><strong>ὡς</strong></span> <span class='ocrx_word' id='word_1_217' title='bbox 661 1736 960 1811; x_wconf 81' lang='grc' dir='ltr'>ἀνθρώπῳ,</span> <span class='ocrx_word' id='word_1_218' title='bbox 1010 1740 1164 1812; x_wconf 86' lang='grc' dir='ltr'><strong>παρά</strong></span> <span class='ocrx_word' id='word_1_219' title='bbox 1210 1739 1304 1796; x_wconf 79' lang='grc' dir='ltr'>τὸν</span> <span class='ocrx_word' id='word_1_220' title='bbox 1347 1743 1414 1795; x_wconf 70' lang='grc' dir='ltr'><strong>εκ</strong></span> <span class='ocrx_word' id='word_1_221' title='bbox 1443 1740 1583 1796; x_wconf 88' lang='grc' dir='ltr'>Θεοῦ</span> <span class='ocrx_word' id='word_1_222' title='bbox 1631 1742 1806 1812; x_wconf 85' lang='grc' dir='ltr'>Λόγον</span> 
     </span>
    </p>
   </div>
   <div class='ocr_carea' id='block_1_33' title="bbox 1913 1735 3501 1812">
    <p class='ocr_par' dir='ltr' id='par_1_33' title="bbox 1913 1735 3501 1811">
     <span class='ocr_line' id='line_1_33' title="bbox 1913 1735 3501 1811; baseline -0.001 -16"><span class='ocrx_word' id='word_1_223' title='bbox 1913 1738 2057 1796; x_wconf 89' lang='lat' dir='ltr'><strong>hunc</strong></span> <span class='ocrx_word' id='word_1_224' title='bbox 2085 1738 2144 1795; x_wconf 92' lang='lat' dir='ltr'><strong>in</strong></span> <span class='ocrx_word' id='word_1_225' title='bbox 2171 1738 2397 1796; x_wconf 90' lang='lat' dir='ltr'><strong>modum</strong></span> <span class='ocrx_word' id='word_1_226' title='bbox 2419 1739 2744 1811; x_wconf 79' lang='lat' dir='ltr'><strong>scripsimus</strong></span> <span class='ocrx_word' id='word_1_227' title='bbox 2769 1740 2979 1808; x_wconf 69' lang='lat' dir='ltr'><strong>(cum.</strong></span> <span class='ocrx_word' id='word_1_228' title='bbox 3006 1737 3063 1809; x_wconf 77' lang='grc' dir='ltr'>ό)</span> <span class='ocrx_word' id='word_1_229' title='bbox 3091 1756 3105 1793; x_wconf 91' lang='lat'><strong>:</strong></span> <span class='ocrx_word' id='word_1_230' title='bbox 3133 1735 3193 1794; x_wconf 84' lang='lat' dir='ltr'><strong>Si</strong></span> <span class='ocrx_word' id='word_1_231' title='bbox 3214 1738 3343 1809; x_wconf 83' lang='lat' dir='ltr'><strong>quis</strong></span> <span class='ocrx_word' id='word_1_232' title='bbox 3364 1736 3501 1794; x_wconf 90' lang='lat' dir='ltr'><strong>dua-</strong></span> 
     </span>
    </p>
   </div>
   <div class='ocr_carea' id='block_1_34' title="bbox 236 1808 1813 1906">
    <p class='ocr_par' dir='ltr' id='par_1_34' title="bbox 236 1808 1803 1906">
     <span class='ocr_line' id='line_1_34' title="bbox 236 1808 1803 1906; baseline -0.001 -22"><span class='ocrx_word' id='word_1_233' title='bbox 236 1808 412 1895; x_wconf 78' lang='grc' dir='ltr'>ιθικῶς</span> <span class='ocrx_word' id='word_1_234' title='bbox 438 1829 739 1901; x_wconf 66' lang='grc' dir='ltr'>νοουμένῳ,</span> <span class='ocrx_word' id='word_1_235' title='bbox 765 1808 1400 1903; x_wconf 35' lang='lat' dir='ltr'><strong>inmedium-ﬁcanti);</strong></span> <span class='ocrx_word' id='word_1_236' title='bbox 1419 1808 1803 1906; x_wconf 68' lang='grc' dir='ltr'>θεοπρεπεῑςῖ,</span> 
     </span>
    </p>
   </div>
   <div class='ocr_carea' id='block_1_35' title="bbox 1913 1808 3496 1906">
    <p class='ocr_par' dir='ltr' id='par_1_35' title="bbox 1913 1808 3496 1902">
     <span class='ocr_line' id='line_1_35' title="bbox 1913 1808 3496 1902; baseline -0.001 -16"><span class='ocrx_word' id='word_1_237' title='bbox 1913 1830 2013 1887; x_wconf 89' lang='lat' dir='ltr'><strong>bus</strong></span> <span class='ocrx_word' id='word_1_238' title='bbox 2050 1831 2324 1902; x_wconf 84' lang='lat' dir='ltr'><strong>personis,</strong></span> <span class='ocrx_word' id='word_1_239' title='bbox 2351 1830 2408 1888; x_wconf 91' lang='lat' dir='ltr'><strong>id</strong></span> <span class='ocrx_word' id='word_1_240' title='bbox 2445 1808 2552 1887; x_wconf 46' lang='lat' dir='ltr'><strong>est—</strong></span> <span class='ocrx_word' id='word_1_241' title='bbox 2570 1829 2964 1896; x_wconf 80' lang='lat' dir='ltr'><strong>subsistentiis,</strong></span> <span class='ocrx_word' id='word_1_242' title='bbox 2989 1808 3155 1886; x_wconf 87' lang='lat' dir='ltr'><strong>voces</strong></span> <span class='ocrx_word' id='word_1_243' title='bbox 3175 1808 3496 1896; x_wconf 78' lang='lat' dir='ltr'><strong>distribuit;</strong></span> 
     </span>
    </p>
   </div>
   <div class='ocr_carea' id='block_1_36' title="bbox 235 1917 1805 1996">
    <p class='ocr_par' dir='ltr' id='par_1_36' title="bbox 235 1917 1805 1996">
     <span class='ocr_line' id='line_1_36' title="bbox 235 1917 1805 1996; baseline 0.003 -21"><span class='ocrx_word' id='word_1_244' title='bbox 235 1921 375 1995; x_wconf 75' lang='grc' dir='ltr'>μόνῳ</span> <span class='ocrx_word' id='word_1_245' title='bbox 415 1921 499 1994; x_wconf 77' lang='grc' dir='ltr'>τῷ</span> <span class='ocrx_word' id='word_1_246' title='bbox 542 1923 608 1976; x_wconf 68' lang='grc' dir='ltr'>ἑκ</span> <span class='ocrx_word' id='word_1_247' title='bbox 653 1922 790 1977; x_wconf 88' lang='grc' dir='ltr'>Θεοῦ</span> <span class='ocrx_word' id='word_1_248' title='bbox 821 1923 1036 1996; x_wconf 73' lang='grc' dir='ltr'>Πατρός</span> <span class='ocrx_word' id='word_1_249' title='bbox 1063 1925 1245 1996; x_wconf 86' lang='grc' dir='ltr'>Λόγῳ,</span> <span class='ocrx_word' id='word_1_250' title='bbox 1273 1917 1430 1990; x_wconf 72' lang='grc' dir='ltr'>οὗτος</span> <span class='ocrx_word' id='word_1_251' title='bbox 1458 1923 1600 1980; x_wconf 73' lang='lat' dir='ltr'><strong>Im</strong></span> <span class='ocrx_word' id='word_1_252' title='bbox 1634 1925 1805 1980; x_wconf 75' lang='grc' dir='ltr'>κατά-</span> 
     </span>
    </p>
   </div>
   <div class='ocr_carea' id='block_1_37' title="bbox 233 2013 1808 2088">
    <p class='ocr_par' dir='ltr' id='par_1_37' title="bbox 233 2013 1808 2088">
     <span class='ocr_line' id='line_1_37' title="bbox 233 2013 1808 2088; baseline 0.003 -20"><span class='ocrx_word' id='word_1_253' title='bbox 233 2031 434 2086; x_wconf 78' lang='grc' dir='ltr'>κριτος.</span> <span class='ocrx_word' id='word_1_254' title='bbox 466 2013 670 2069; x_wconf 67' lang='grc' dir='ltr'><strong>Οωνῶν</strong></span> <span class='ocrx_word' id='word_1_255' title='bbox 703 2014 761 2070; x_wconf 76' lang='grc' dir='ltr'>ει</span> <span class='ocrx_word' id='word_1_256' title='bbox 799 2013 1065 2088; x_wconf 75' lang='grc' dir='ltr'>διαφορὰς</span> <span class='ocrx_word' id='word_1_257' title='bbox 1095 2015 1218 2071; x_wconf 78' lang='grc' dir='ltr'>κατ’</span> <span class='ocrx_word' id='word_1_258' title='bbox 1245 2016 1437 2072; x_wconf 66' lang='grc' dir='ltr'>οὐδένα</span> <span class='ocrx_word' id='word_1_259' title='bbox 1473 2017 1675 2087; x_wconf 88' lang='grc' dir='ltr'>τρόπον</span> <span class='ocrx_word' id='word_1_260' title='bbox 1709 2017 1808 2072; x_wconf 86' lang='grc' dir='ltr'>ἀν-</span> 
     </span>
    </p>
   </div>
   <div class='ocr_carea' id='block_1_38' title="bbox 231 2103 1809 2181">
    <p class='ocr_par' dir='ltr' id='par_1_38' title="bbox 231 2103 1809 2181">
     <span class='ocr_line' id='line_1_38' title="bbox 231 2103 1809 2181; baseline 0.002 -21"><span class='ocrx_word' id='word_1_261' title='bbox 231 2107 539 2181; x_wconf 73' lang='grc' dir='ltr'>ῃρηκαμενο</span> <span class='ocrx_word' id='word_1_262' title='bbox 563 2106 614 2160; x_wconf 86' lang='grc' dir='ltr'><strong>εί</strong></span> <span class='ocrx_word' id='word_1_263' title='bbox 651 2103 747 2160; x_wconf 69' lang='grc' dir='ltr'><strong>καὶ⁵</strong></span> <span class='ocrx_word' id='word_1_264' title='bbox 772 2106 1080 2179; x_wconf 74' lang='grc' dir='ltr'>ἀπόϐλητον</span> <span class='ocrx_word' id='word_1_265' title='bbox 1106 2106 1454 2180; x_wconf 68' lang='grc' dir='ltr'><strong>πεποιήμεθα</strong></span> <span class='ocrx_word' id='word_1_266' title='bbox 1475 2108 1539 2162; x_wconf 80' lang='grc' dir='ltr'>τὸ</span> <span class='ocrx_word' id='word_1_267' title='bbox 1562 2105 1809 2180; x_wconf 76' lang='grc' dir='ltr'>μερίζειν</span> 
     </span>
    </p>
   </div>
   <div class='ocr_carea' id='block_1_39' title="bbox 232 2195 1807 2272">
    <p class='ocr_par' dir='ltr' id='par_1_39' title="bbox 232 2195 1807 2272">
     <span class='ocr_line' id='line_1_39' title="bbox 232 2195 1807 2272; baseline 0.002 -21"><span class='ocrx_word' id='word_1_268' title='bbox 232 2195 420 2262; x_wconf 72' lang='grc' dir='ltr'>αὐτὸς,</span> <span class='ocrx_word' id='word_1_269' title='bbox 451 2197 532 2262; x_wconf 82' lang='grc' dir='ltr'>ὡς</span> <span class='ocrx_word' id='word_1_270' title='bbox 562 2196 681 2270; x_wconf 83' lang='grc' dir='ltr'><strong>Υίῷ</strong></span> <span class='ocrx_word' id='word_1_271' title='bbox 703 2197 1041 2269; x_wconf 86' lang='grc' dir='ltr'>καταμόνας,</span> <span class='ocrx_word' id='word_1_272' title='bbox 1065 2196 1145 2270; x_wconf 78' lang='grc' dir='ltr'><strong>τῷ</strong></span> <span class='ocrx_word' id='word_1_273' title='bbox 1160 2199 1224 2252; x_wconf 68' lang='grc' dir='ltr'><strong>εκ</strong></span> <span class='ocrx_word' id='word_1_274' title='bbox 1255 2198 1470 2271; x_wconf 69' lang='grc' dir='ltr'>Πατρός</span> <span class='ocrx_word' id='word_1_275' title='bbox 1488 2199 1668 2272; x_wconf 79' lang='grc' dir='ltr'>Λόγῳ,</span> <span class='ocrx_word' id='word_1_276' title='bbox 1687 2199 1807 2264; x_wconf 78' lang='grc' dir='ltr'>καὶ,</span> 
     </span>
    </p>
   </div>
   <div class='ocr_carea' id='block_1_40' title="bbox 231 2285 1809 2362">
    <p class='ocr_par' dir='ltr' id='par_1_40' title="bbox 231 2285 1809 2362">
     <span class='ocr_line' id='line_1_40' title="bbox 231 2285 1809 2362; baseline 0.002 -20"><span class='ocrx_word' id='word_1_277' title='bbox 231 2285 303 2352; x_wconf 77' lang='grc' dir='ltr'><strong>ὣς</strong></span> <span class='ocrx_word' id='word_1_278' title='bbox 329 2287 608 2360; x_wconf 79' lang='grc' dir='ltr'>ἀνθρώπῳ</span> <span class='ocrx_word' id='word_1_279' title='bbox 638 2287 954 2359; x_wconf 77' lang='grc' dir='ltr'>καταμόνας</span> <span class='ocrx_word' id='word_1_280' title='bbox 979 2287 1143 2344; x_wconf 86' lang='grc' dir='ltr'>πάλιν</span> <span class='ocrx_word' id='word_1_281' title='bbox 1169 2287 1286 2361; x_wconf 83' lang='grc' dir='ltr'><strong>Υίῷ</strong></span> <span class='ocrx_word' id='word_1_282' title='bbox 1319 2290 1615 2362; x_wconf 78' lang='grc' dir='ltr'>νοουμόνῳ,</span> <span class='ocrx_word' id='word_1_283' title='bbox 1645 2289 1726 2362; x_wconf 82' lang='grc' dir='ltr'><strong>τῷ</strong></span> <span class='ocrx_word' id='word_1_284' title='bbox 1744 2291 1809 2346; x_wconf 66' lang='grc' dir='ltr'><strong>εκ</strong></span> 
     </span>
    </p>
   </div>
   <div class='ocr_carea' id='block_1_41' title="bbox 233 2377 1811 2454">
    <p class='ocr_par' dir='ltr' id='par_1_41' title="bbox 233 2377 1811 2454">
     <span class='ocr_line' id='line_1_41' title="bbox 233 2377 1811 2454; baseline 0.004 -21"><span class='ocrx_word' id='word_1_285' title='bbox 233 2378 508 2448; x_wconf 86' lang='grc' dir='ltr'>γυναικός.</span> <span class='ocrx_word' id='word_1_286' title='bbox 548 2378 667 2435; x_wconf 74' lang='grc' dir='ltr'>Μία</span> <span class='ocrx_word' id='word_1_287' title='bbox 685 2377 796 2453; x_wconf 86' lang='grc' dir='ltr'>γάρ</span> <span class='ocrx_word' id='word_1_288' title='bbox 831 2379 1285 2453; x_wconf 66' lang='grc' dir='ltr'><strong>ὁμολογουμένως</strong></span> <span class='ocrx_word' id='word_1_289' title='bbox 1311 2382 1348 2454; x_wconf 73' lang='grc' dir='ltr'><strong>ἠ</strong></span> <span class='ocrx_word' id='word_1_290' title='bbox 1373 2381 1468 2437; x_wconf 65' lang='grc' dir='ltr'>τοῦ</span> <span class='ocrx_word' id='word_1_291' title='bbox 1499 2382 1676 2452; x_wconf 89' lang='grc' dir='ltr'>Λόγου</span> <span class='ocrx_word' id='word_1_292' title='bbox 1708 2382 1811 2454; x_wconf 75' lang='grc' dir='ltr'><strong>φύ-</strong></span> 
     </span>
    </p>
   </div>
   <div class='ocr_carea' id='block_1_42' title="bbox 235 2469 1808 2550">
    <p class='ocr_par' dir='ltr' id='par_1_42' title="bbox 235 2469 1808 2550">
     <span class='ocr_line' id='line_1_42' title="bbox 235 2469 1808 2550; baseline 0.005 -27"><span class='ocrx_word' id='word_1_293' title='bbox 235 2483 346 2535; x_wconf 66' lang='grc' dir='ltr'><strong>σις*</strong></span> <span class='ocrx_word' id='word_1_294' title='bbox 384 2469 548 2542; x_wconf 70' lang='grc' dir='ltr'>ἴσμεν</span> <span class='ocrx_word' id='word_1_295' title='bbox 577 2470 658 2535; x_wconf 65' lang='grc' dir='ltr'><strong>δὲ,</strong></span> <span class='ocrx_word' id='word_1_296' title='bbox 697 2471 782 2526; x_wconf 82' lang='grc' dir='ltr'><strong>ότι</strong></span> <span class='ocrx_word' id='word_1_297' title='bbox 817 2471 1166 2546; x_wconf 85' lang='grc' dir='ltr'>σεσάρκωταί</span> <span class='ocrx_word' id='word_1_298' title='bbox 1184 2489 1246 2528; x_wconf 87' lang='grc' dir='ltr'><strong>τε</strong></span> <span class='ocrx_word' id='word_1_299' title='bbox 1273 2475 1369 2529; x_wconf 80' lang='grc' dir='ltr'>καὶ</span> <span class='ocrx_word' id='word_1_300' title='bbox 1395 2475 1808 2550; x_wconf 73' lang='grc' dir='ltr'>ινηνθρὼπησε,</span> 
     </span>
    </p>
   </div>
   <div class='ocr_carea' id='block_1_43' title="bbox 235 2560 1810 2641">
    <p class='ocr_par' dir='ltr' id='par_1_43' title="bbox 235 2560 1810 2641">
     <span class='ocr_line' id='line_1_43' title="bbox 235 2560 1810 2641; baseline 0.005 -25"><span class='ocrx_word' id='word_1_301' title='bbox 235 2560 484 2634; x_wconf 76' lang='grc' dir='ltr'>καθάπερ</span> <span class='ocrx_word' id='word_1_302' title='bbox 510 2561 613 2634; x_wconf 67' lang='grc' dir='ltr'><strong>ήδη</strong></span> <span class='ocrx_word' id='word_1_303' title='bbox 637 2564 925 2635; x_wconf 74' lang='grc' dir='ltr'>προεῖπον.</span> <span class='ocrx_word' id='word_1_304' title='bbox 960 2562 1068 2618; x_wconf 79' lang='grc' dir='ltr'><strong>Τδν</strong></span> <span class='ocrx_word' id='word_1_305' title='bbox 1095 2563 1154 2619; x_wconf 67' lang='lat' dir='ltr'><strong>bi</strong></span> <span class='ocrx_word' id='word_1_306' title='bbox 1182 2565 1404 2638; x_wconf 80' lang='grc' dir='ltr'><strong>τρόπον,</strong></span> <span class='ocrx_word' id='word_1_307' title='bbox 1425 2567 1486 2622; x_wconf 78' lang='grc' dir='ltr'><strong>ὃν</strong></span> <span class='ocrx_word' id='word_1_308' title='bbox 1519 2567 1810 2641; x_wconf 71' lang='grc' dir='ltr'>ισαρκὼθη</span> 
     </span>
    </p>
   </div>
   <div class='ocr_carea' id='block_1_44' title="bbox 233 2653 1814 2732">
    <p class='ocr_par' dir='ltr' id='par_1_44' title="bbox 233 2653 1814 2732">
     <span class='ocr_line' id='line_1_44' title="bbox 233 2653 1814 2732; baseline 0.006 -26"><span class='ocrx_word' id='word_1_309' title='bbox 233 2667 290 2706; x_wconf 89' lang='grc' dir='ltr'><strong>τε</strong></span> <span class='ocrx_word' id='word_1_310' title='bbox 318 2655 413 2707; x_wconf 76' lang='grc' dir='ltr'>καὶ</span> <span class='ocrx_word' id='word_1_311' title='bbox 434 2653 888 2726; x_wconf 67' lang='grc' dir='ltr'>ινηνθρώπησεν,</span> <span class='ocrx_word' id='word_1_312' title='bbox 908 2656 960 2710; x_wconf 85' lang='grc' dir='ltr'><strong>εί</strong></span> <span class='ocrx_word' id='word_1_313' title='bbox 982 2657 1402 2730; x_wconf 71' lang='grc' dir='ltr'>περιεργόζοιτό</span> <span class='ocrx_word' id='word_1_314' title='bbox 1422 2675 1525 2726; x_wconf 84' lang='grc' dir='ltr'>τις,</span> <span class='ocrx_word' id='word_1_315' title='bbox 1543 2659 1814 2732; x_wconf 76' lang='grc' dir='ltr'>καταθρή-</span> 
     </span>
    </p>
   </div>
   <div class='ocr_carea' id='block_1_45' title="bbox 236 2742 1814 2818">
    <p class='ocr_par' dir='ltr' id='par_1_45' title="bbox 236 2742 1814 2818">
     <span class='ocr_line' id='line_1_45' title="bbox 236 2742 1814 2818; baseline 0.005 -21"><span class='ocrx_word' id='word_1_316' title='bbox 236 2757 378 2797; x_wconf 83' lang='grc' dir='ltr'>σειεν</span> <span class='ocrx_word' id='word_1_317' title='bbox 403 2742 472 2799; x_wconf 80' lang='grc' dir='ltr'><strong>ἀν</strong></span> <span class='ocrx_word' id='word_1_318' title='bbox 501 2745 597 2800; x_wconf 77' lang='grc' dir='ltr'>τὸν</span> <span class='ocrx_word' id='word_1_319' title='bbox 629 2747 696 2800; x_wconf 69' lang='grc' dir='ltr'><strong>εκ</strong></span> <span class='ocrx_word' id='word_1_320' title='bbox 718 2744 856 2800; x_wconf 79' lang='grc' dir='ltr'><strong>Θεοῦ</strong></span> <span class='ocrx_word' id='word_1_321' title='bbox 883 2746 1019 2802; x_wconf 81' lang='grc' dir='ltr'>Θεὸν</span> <span class='ocrx_word' id='word_1_322' title='bbox 1057 2748 1231 2818; x_wconf 80' lang='grc' dir='ltr'>Λόγον</span> <span class='ocrx_word' id='word_1_323' title='bbox 1254 2748 1442 2803; x_wconf 79' lang='grc' dir='ltr'><strong>δούλου</strong></span> <span class='ocrx_word' id='word_1_324' title='bbox 1472 2766 1532 2804; x_wconf 89' lang='grc' dir='ltr'><strong>τε</strong></span> <span class='ocrx_word' id='word_1_325' title='bbox 1578 2749 1814 2804; x_wconf 74' lang='grc' dir='ltr'>λαθόντα</span> 
     </span>
    </p>
   </div>
   <div class='ocr_carea' id='block_1_46' title="bbox 237 2834 1811 2915">
    <p class='ocr_par' dir='ltr' id='par_1_46' title="bbox 237 2834 1811 2915">
     <span class='ocr_line' id='line_1_46' title="bbox 237 2834 1811 2915; baseline 0.004 -26"><span class='ocrx_word' id='word_1_326' title='bbox 237 2834 470 2908; x_wconf 80' lang='grc' dir='ltr'>μορφὴν,</span> <span class='ocrx_word' id='word_1_327' title='bbox 525 2836 622 2892; x_wconf 75' lang='grc' dir='ltr'>καὶ</span> <span class='ocrx_word' id='word_1_328' title='bbox 667 2840 728 2892; x_wconf 71' lang='grc' dir='ltr'><strong>εν</strong></span> <span class='ocrx_word' id='word_1_329' title='bbox 767 2837 1080 2912; x_wconf 73' lang='grc' dir='ltr'><strong>ὁμοιώματι</strong></span> <span class='ocrx_word' id='word_1_330' title='bbox 1127 2839 1435 2914; x_wconf 77' lang='grc' dir='ltr'>ἀνθρώπιον</span> <span class='ocrx_word' id='word_1_331' title='bbox 1478 2844 1811 2915; x_wconf 87' lang='grc' dir='ltr'>γενόμενον,</span> 
     </span>
    </p>
   </div>
   <div class='ocr_carea' id='block_1_47' title="bbox 234 2922 1816 3006">
    <p class='ocr_par' dir='ltr' id='par_1_47' title="bbox 234 2922 1816 3006">
     <span class='ocr_line' id='line_1_47' title="bbox 234 2922 1816 3006; baseline 0.006 -26"><span class='ocrx_word' id='word_1_332' title='bbox 234 2922 375 2980; x_wconf 81' lang='grc' dir='ltr'><strong>καθά</strong></span> <span class='ocrx_word' id='word_1_333' title='bbox 401 2927 742 3000; x_wconf 64' lang='grc' dir='ltr'>γέγραπται.</span> <span class='ocrx_word' id='word_1_334' title='bbox 778 2929 890 2983; x_wconf 71' lang='grc' dir='ltr'><strong>Καὶ</strong></span> <span class='ocrx_word' id='word_1_335' title='bbox 925 2932 1048 2985; x_wconf 88' lang='grc' dir='ltr'>κατ’</span> <span class='ocrx_word' id='word_1_336' title='bbox 1086 2931 1222 2986; x_wconf 75' lang='grc' dir='ltr'>αὐτὸ</span> <span class='ocrx_word' id='word_1_337' title='bbox 1252 2931 1317 3004; x_wconf 75' lang='grc' dir='ltr'><strong>δὴ</strong></span> <span class='ocrx_word' id='word_1_338' title='bbox 1342 2929 1502 2988; x_wconf 81' lang='grc' dir='ltr'>τοῦτο</span> <span class='ocrx_word' id='word_1_339' title='bbox 1529 2935 1626 2989; x_wconf 76' lang='grc' dir='ltr'>καὶ</span> <span class='ocrx_word' id='word_1_340' title='bbox 1651 2933 1816 3006; x_wconf 84' lang='grc' dir='ltr'>μόνον</span> 
     </span>
    </p>
   </div>
   <div class='ocr_carea' id='block_1_48' title="bbox 234 3016 1814 3095">
    <p class='ocr_par' dir='ltr' id='par_1_48' title="bbox 234 3016 1814 3095">
     <span class='ocr_line' id='line_1_48' title="bbox 234 3016 1814 3095; baseline 0.007 -25"><span class='ocrx_word' id='word_1_341' title='bbox 234 3016 446 3092; x_wconf 76' lang='grc' dir='ltr'><strong>νοηθείη</strong></span> <span class='ocrx_word' id='word_1_342' title='bbox 478 3018 548 3075; x_wconf 75' lang='grc' dir='ltr'><strong>ἀν</strong></span> <span class='ocrx_word' id='word_1_343' title='bbox 575 3021 610 3091; x_wconf 68' lang='grc' dir='ltr'><strong>ἡ</strong></span> <span class='ocrx_word' id='word_1_344' title='bbox 643 3019 754 3075; x_wconf 83' lang='grc' dir='ltr'><strong>τῶν</strong></span> <span class='ocrx_word' id='word_1_345' title='bbox 797 3020 1038 3094; x_wconf 77' lang='grc' dir='ltr'>φύσεων,</span> <span class='ocrx_word' id='word_1_346' title='bbox 1081 3022 1251 3095; x_wconf 62' lang='lat' dir='ltr'><strong>{now</strong></span> <span class='ocrx_word' id='word_1_347' title='bbox 1294 3024 1670 3089; x_wconf 83' lang='grc' dir='ltr'><strong>ύποστάσεων.</strong></span> <span class='ocrx_word' id='word_1_348' title='bbox 1698 3023 1814 3081; x_wconf 81' lang='grc' dir='ltr'><strong>δια-</strong></span> 
     </span>
    </p>
   </div>
   <div class='ocr_carea' id='block_1_49' title="bbox 1909 1919 3495 1994">
    <p class='ocr_par' dir='ltr' id='par_1_49' title="bbox 1909 1919 3495 1994">
     <span class='ocr_line' id='line_1_49' title="bbox 1909 1919 3495 1994; baseline -0.002 -16"><span class='ocrx_word' id='word_1_349' title='bbox 1909 1931 1968 1978; x_wconf 92' lang='lat' dir='ltr'><strong>et</strong></span> <span class='ocrx_word' id='word_1_350' title='bbox 1992 1921 2134 1978; x_wconf 90' lang='lat' dir='ltr'><strong>alias</strong></span> <span class='ocrx_word' id='word_1_351' title='bbox 2160 1920 2386 1993; x_wconf 86' lang='lat' dir='ltr'><strong>quidem</strong></span> <span class='ocrx_word' id='word_1_352' title='bbox 2410 1930 2673 1994; x_wconf 86' lang='lat' dir='ltr'><strong>tanquam</strong></span> <span class='ocrx_word' id='word_1_353' title='bbox 2708 1920 2920 1977; x_wconf 90' lang='lat' dir='ltr'><strong>homini</strong></span> <span class='ocrx_word' id='word_1_354' title='bbox 2945 1933 3198 1978; x_wconf 85' lang='lat' dir='ltr'><strong>seorsum</strong></span> <span class='ocrx_word' id='word_1_355' title='bbox 3233 1935 3266 1976; x_wconf 92' lang='lat' dir='ltr'><strong>a</strong></span> <span class='ocrx_word' id='word_1_356' title='bbox 3291 1919 3495 1985; x_wconf 82' lang='lat' dir='ltr'><strong>Verbo,</strong></span> 
     </span>
    </p>
   </div>
   <div class='ocr_carea' id='block_1_50' title="bbox 1905 2011 3498 2088">
    <p class='ocr_par' dir='ltr' id='par_1_50' title="bbox 1905 2011 3498 2088">
     <span class='ocr_line' id='line_1_50' title="bbox 1905 2011 3498 2088; baseline -0.002 -16"><span class='ocrx_word' id='word_1_357' title='bbox 1905 2014 2054 2088; x_wconf 91' lang='lat' dir='ltr'><strong>quod</strong></span> <span class='ocrx_word' id='word_1_358' title='bbox 2076 2030 2148 2072; x_wconf 88' lang='lat' dir='ltr'><strong>ex</strong></span> <span class='ocrx_word' id='word_1_359' title='bbox 2169 2015 2283 2072; x_wconf 89' lang='lat' dir='ltr'><strong>Deo</strong></span> <span class='ocrx_word' id='word_1_360' title='bbox 2304 2015 2470 2071; x_wconf 85' lang='lat' dir='ltr'><strong>Patre</strong></span> <span class='ocrx_word' id='word_1_361' title='bbox 2493 2024 2598 2080; x_wconf 85' lang='lat' dir='ltr'><strong>est,</strong></span> <span class='ocrx_word' id='word_1_362' title='bbox 2624 2013 2906 2070; x_wconf 88' lang='lat' dir='ltr'><strong>intellecto</strong></span> <span class='ocrx_word' id='word_1_363' title='bbox 2926 2011 3336 2081; x_wconf 88' lang='lat' dir='ltr'><strong>accommodat;</strong></span> <span class='ocrx_word' id='word_1_364' title='bbox 3361 2011 3498 2069; x_wconf 87' lang='lat' dir='ltr'><strong>alias</strong></span> 
     </span>
    </p>
   </div>
   <div class='ocr_carea' id='block_1_51' title="bbox 1905 2102 3499 2180">
    <p class='ocr_par' dir='ltr' id='par_1_51' title="bbox 1905 2102 3499 2180">
     <span class='ocr_line' id='line_1_51' title="bbox 1905 2102 3499 2180; baseline -0.002 -17"><span class='ocrx_word' id='word_1_365' title='bbox 1905 2122 2062 2176; x_wconf 87' lang='lat' dir='ltr'><strong>vero,</strong></span> <span class='ocrx_word' id='word_1_366' title='bbox 2090 2117 2152 2165; x_wconf 92' lang='lat' dir='ltr'><strong>ut</strong></span> <span class='ocrx_word' id='word_1_367' title='bbox 2190 2123 2314 2180; x_wconf 68' lang='lat' dir='ltr'><strong>quas</strong></span> <span class='ocrx_word' id='word_1_368' title='bbox 2354 2107 2532 2164; x_wconf 86' lang='lat' dir='ltr'><strong>Deum</strong></span> <span class='ocrx_word' id='word_1_369' title='bbox 2571 2105 2827 2173; x_wconf 87' lang='lat' dir='ltr'><strong>deceant,</strong></span> <span class='ocrx_word' id='word_1_370' title='bbox 2853 2105 2956 2162; x_wconf 89' lang='lat' dir='ltr'><strong>soli</strong></span> <span class='ocrx_word' id='word_1_371' title='bbox 2990 2104 3090 2162; x_wconf 85' lang='lat' dir='ltr'><strong>Dei</strong></span> <span class='ocrx_word' id='word_1_372' title='bbox 3114 2103 3297 2160; x_wconf 82' lang='lat' dir='ltr'><strong>Patris</strong></span> <span class='ocrx_word' id='word_1_373' title='bbox 3315 2102 3499 2161; x_wconf 82' lang='lat' dir='ltr'><strong>Verbo</strong></span> 
     </span>
    </p>
   </div>
   <div class='ocr_carea' id='block_1_52' title="bbox 1906 2194 3501 2271">
    <p class='ocr_par' dir='ltr' id='par_1_52' title="bbox 1906 2194 3501 2271">
     <span class='ocr_line' id='line_1_52' title="bbox 1906 2194 3501 2271; baseline -0.003 -15"><span class='ocrx_word' id='word_1_374' title='bbox 1906 2199 2150 2271; x_wconf 87' lang='lat' dir='ltr'><strong>adaptat,</strong></span> <span class='ocrx_word' id='word_1_375' title='bbox 2179 2199 2518 2256; x_wconf 75' lang='lat' dir='ltr'><strong>damnationi</strong></span> <span class='ocrx_word' id='word_1_376' title='bbox 2545 2199 2618 2256; x_wconf 92' lang='lat' dir='ltr'><strong>sit</strong></span> <span class='ocrx_word' id='word_1_377' title='bbox 2645 2198 2736 2254; x_wconf 89' lang='lat' dir='ltr'><strong>ille</strong></span> <span class='ocrx_word' id='word_1_378' title='bbox 2759 2196 3053 2255; x_wconf 89' lang='lat' dir='ltr'><strong>obnoxius.</strong></span> <span class='ocrx_word' id='word_1_379' title='bbox 3078 2194 3344 2264; x_wconf 76' lang='lat' dir='ltr'><strong>Quamvis</strong></span> <span class='ocrx_word' id='word_1_380' title='bbox 3364 2209 3501 2268; x_wconf 68' lang='lat' dir='ltr'><strong>ergo</strong></span> 
     </span>
    </p>
   </div>
   <div class='ocr_carea' id='block_1_53' title="bbox 1906 2285 3503 2363">
    <p class='ocr_par' dir='ltr' id='par_1_53' title="bbox 1906 2285 3503 2363">
     <span class='ocr_line' id='line_1_53' title="bbox 1906 2285 3503 2363; baseline -0.004 -14"><span class='ocrx_word' id='word_1_381' title='bbox 1906 2305 2006 2350; x_wconf 88' lang='lat' dir='ltr'><strong>eos</strong></span> <span class='ocrx_word' id='word_1_382' title='bbox 2042 2291 2400 2358; x_wconf 85' lang='lat' dir='ltr'><strong>damnemus,</strong></span> <span class='ocrx_word' id='word_1_383' title='bbox 2440 2291 2538 2363; x_wconf 89' lang='lat' dir='ltr'><strong>qui</strong></span> <span class='ocrx_word' id='word_1_384' title='bbox 2579 2305 2746 2348; x_wconf 85' lang='lat' dir='ltr'><strong>voces</strong></span> <span class='ocrx_word' id='word_1_385' title='bbox 2788 2289 2868 2347; x_wconf 90' lang='lat' dir='ltr'><strong>ita</strong></span> <span class='ocrx_word' id='word_1_386' title='bbox 2906 2297 3238 2355; x_wconf 87' lang='lat' dir='ltr'><strong>secernunt,</strong></span> <span class='ocrx_word' id='word_1_387' title='bbox 3267 2295 3331 2344; x_wconf 91' lang='lat' dir='ltr'><strong>ut</strong></span> <span class='ocrx_word' id='word_1_388' title='bbox 3363 2285 3503 2344; x_wconf 86' lang='lat' dir='ltr'><strong>alias</strong></span> 
     </span>
    </p>
   </div>
   <div class='ocr_carea' id='block_1_54' title="bbox 1907 2381 3504 2450">
    <p class='ocr_par' dir='ltr' id='par_1_54' title="bbox 1907 2381 3504 2450">
     <span class='ocr_line' id='line_1_54' title="bbox 1907 2381 3504 2450; baseline -0.003 -10"><span class='ocrx_word' id='word_1_389' title='bbox 1907 2384 2142 2440; x_wconf 88' lang='lat' dir='ltr'><strong>seorsim</strong></span> <span class='ocrx_word' id='word_1_390' title='bbox 2167 2383 2267 2440; x_wconf 85' lang='lat' dir='ltr'><strong>Dei</strong></span> <span class='ocrx_word' id='word_1_391' title='bbox 2290 2383 2473 2442; x_wconf 78' lang='lat' dir='ltr'><strong>Verbo</strong></span> <span class='ocrx_word' id='word_1_392' title='bbox 2491 2399 2561 2440; x_wconf 87' lang='lat' dir='ltr'><strong>ex</strong></span> <span class='ocrx_word' id='word_1_393' title='bbox 2579 2383 2742 2440; x_wconf 85' lang='lat' dir='ltr'><strong>Patre</strong></span> <span class='ocrx_word' id='word_1_394' title='bbox 2763 2389 2916 2450; x_wconf 90' lang='lat' dir='ltr'><strong>nato,</strong></span> <span class='ocrx_word' id='word_1_395' title='bbox 2942 2381 3079 2438; x_wconf 90' lang='lat' dir='ltr'><strong>alias</strong></span> <span class='ocrx_word' id='word_1_396' title='bbox 3102 2394 3324 2439; x_wconf 79' lang='lat' dir='ltr'><strong>rursum</strong></span> <span class='ocrx_word' id='word_1_397' title='bbox 3350 2394 3504 2437; x_wconf 81' lang='lat' dir='ltr'><strong>seor-</strong></span> 
     </span>
    </p>
   </div>
   <div class='ocr_carea' id='block_1_55' title="bbox 1908 2474 3504 2540">
    <p class='ocr_par' dir='ltr' id='par_1_55' title="bbox 1908 2474 3504 2540">
     <span class='ocr_line' id='line_1_55' title="bbox 1908 2474 3504 2540; baseline -0.003 -8"><span class='ocrx_word' id='word_1_398' title='bbox 1908 2476 2013 2532; x_wconf 89' lang='lat' dir='ltr'><strong>sim</strong></span> <span class='ocrx_word' id='word_1_399' title='bbox 2037 2475 2249 2533; x_wconf 84' lang='lat' dir='ltr'><strong>homini</strong></span> <span class='ocrx_word' id='word_1_400' title='bbox 2273 2491 2344 2533; x_wconf 87' lang='lat' dir='ltr'><strong>ex</strong></span> <span class='ocrx_word' id='word_1_401' title='bbox 2361 2476 2596 2534; x_wconf 84' lang='lat' dir='ltr'><strong>muliere</strong></span> <span class='ocrx_word' id='word_1_402' title='bbox 2619 2483 2745 2533; x_wconf 90' lang='lat' dir='ltr'><strong>orto</strong></span> <span class='ocrx_word' id='word_1_403' title='bbox 2764 2474 3070 2540; x_wconf 86' lang='lat' dir='ltr'><strong>ascribant,</strong></span> <span class='ocrx_word' id='word_1_404' title='bbox 3093 2487 3294 2529; x_wconf 87' lang='lat' dir='ltr'><strong>vocum</strong></span> <span class='ocrx_word' id='word_1_405' title='bbox 3315 2480 3504 2529; x_wconf 88' lang='lat' dir='ltr'><strong>tamen</strong></span> 
     </span>
    </p>
   </div>
   <div class='ocr_carea' id='block_1_56' title="bbox 1908 2562 3505 2627">
    <p class='ocr_par' dir='ltr' id='par_1_56' title="bbox 1908 2562 3505 2627">
     <span class='ocr_line' id='line_1_56' title="bbox 1908 2562 3505 2627; baseline -0.001 -3"><span class='ocrx_word' id='word_1_406' title='bbox 1908 2565 2252 2626; x_wconf 86' lang='lat' dir='ltr'><strong>differentias</strong></span> <span class='ocrx_word' id='word_1_407' title='bbox 2271 2571 2589 2627; x_wconf 83' lang='lat' dir='ltr'><strong>nullatenus</strong></span> <span class='ocrx_word' id='word_1_408' title='bbox 2610 2568 2954 2626; x_wconf 87' lang='lat' dir='ltr'><strong>sustulimus.</strong></span> <span class='ocrx_word' id='word_1_409' title='bbox 2972 2567 3149 2627; x_wconf 83' lang='lat' dir='ltr'><strong>Unam</strong></span> <span class='ocrx_word' id='word_1_410' title='bbox 3170 2565 3321 2622; x_wconf 90' lang='lat' dir='ltr'><strong>enim</strong></span> <span class='ocrx_word' id='word_1_411' title='bbox 3337 2562 3505 2622; x_wconf 81' lang='lat' dir='ltr'><strong>Verbi</strong></span> 
     </span>
    </p>
   </div>
   <div class='ocr_carea' id='block_1_57' title="bbox 1908 2659 3503 2729">
    <p class='ocr_par' dir='ltr' id='par_1_57' title="bbox 1908 2659 3503 2729">
     <span class='ocr_line' id='line_1_57' title="bbox 1908 2659 3503 2729; baseline -0.003 -13"><span class='ocrx_word' id='word_1_412' title='bbox 1908 2668 2162 2729; x_wconf 84' lang='lat' dir='ltr'><strong>naturam</strong></span> <span class='ocrx_word' id='word_1_413' title='bbox 2187 2675 2309 2717; x_wconf 89' lang='lat' dir='ltr'><strong>esse</strong></span> <span class='ocrx_word' id='word_1_414' title='bbox 2333 2661 2704 2717; x_wconf 88' lang='lat' dir='ltr'><strong>certissimum</strong></span> <span class='ocrx_word' id='word_1_415' title='bbox 2733 2667 2852 2727; x_wconf 87' lang='lat' dir='ltr'><strong>est;</strong></span> <span class='ocrx_word' id='word_1_416' title='bbox 2884 2659 2982 2716; x_wconf 88' lang='lat' dir='ltr'><strong>sed</strong></span> <span class='ocrx_word' id='word_1_417' title='bbox 3011 2673 3136 2714; x_wconf 90' lang='lat' dir='ltr'><strong>eam</strong></span> <span class='ocrx_word' id='word_1_418' title='bbox 3161 2659 3503 2714; x_wconf 84' lang='lat' dir='ltr'><strong>incarnatam</strong></span> 
     </span>
    </p>
   </div>
   <div class='ocr_carea' id='block_1_58' title="bbox 1909 2746 3503 2822">
    <p class='ocr_par' dir='ltr' id='par_1_58' title="bbox 1909 2746 3503 2822">
     <span class='ocr_line' id='line_1_58' title="bbox 1909 2746 3503 2822; baseline -0.003 -14"><span class='ocrx_word' id='word_1_419' title='bbox 1909 2761 1968 2809; x_wconf 92' lang='lat' dir='ltr'><strong>et</strong></span> <span class='ocrx_word' id='word_1_420' title='bbox 2007 2752 2366 2808; x_wconf 88' lang='lat' dir='ltr'><strong>humanatam</strong></span> <span class='ocrx_word' id='word_1_421' title='bbox 2404 2753 2696 2817; x_wconf 79' lang='lat' dir='ltr'><strong>novimus,</strong></span> <span class='ocrx_word' id='word_1_422' title='bbox 2741 2750 2805 2805; x_wconf 85' lang='lat' dir='ltr'><strong>ut</strong></span> <span class='ocrx_word' id='word_1_423' title='bbox 2837 2751 2951 2822; x_wconf 80' lang='lat' dir='ltr'><strong>jam</strong></span> <span class='ocrx_word' id='word_1_424' title='bbox 2985 2748 3122 2804; x_wconf 92' lang='lat' dir='ltr'><strong>dixi.</strong></span> <span class='ocrx_word' id='word_1_425' title='bbox 3152 2746 3274 2816; x_wconf 83' lang='lat' dir='ltr'><strong>Quo</strong></span> <span class='ocrx_word' id='word_1_426' title='bbox 3316 2756 3503 2805; x_wconf 88' lang='lat' dir='ltr'><strong>autem</strong></span> 
     </span>
    </p>
   </div>
   <div class='ocr_carea' id='block_1_59' title="bbox 1910 2840 3508 2913">
    <p class='ocr_par' dir='ltr' id='par_1_59' title="bbox 1910 2840 3508 2913">
     <span class='ocr_line' id='line_1_59' title="bbox 1910 2840 3508 2913; baseline -0.003 -12"><span class='ocrx_word' id='word_1_427' title='bbox 1910 2842 2078 2900; x_wconf 92' lang='lat' dir='ltr'><strong>modo</strong></span> <span class='ocrx_word' id='word_1_428' title='bbox 2117 2845 2398 2901; x_wconf 86' lang='lat' dir='ltr'><strong>incarnata</strong></span> <span class='ocrx_word' id='word_1_429' title='bbox 2435 2842 2509 2900; x_wconf 90' lang='lat' dir='ltr'><strong>sit</strong></span> <span class='ocrx_word' id='word_1_430' title='bbox 2537 2850 2595 2900; x_wconf 91' lang='lat' dir='ltr'><strong>et</strong></span> <span class='ocrx_word' id='word_1_431' title='bbox 2635 2842 2957 2910; x_wconf 88' lang='lat' dir='ltr'><strong>bumanata,</strong></span> <span class='ocrx_word' id='word_1_432' title='bbox 2989 2840 3037 2898; x_wconf 89' lang='lat' dir='ltr'><strong>si</strong></span> <span class='ocrx_word' id='word_1_433' title='bbox 3063 2840 3190 2913; x_wconf 88' lang='lat' dir='ltr'><strong>quis</strong></span> <span class='ocrx_word' id='word_1_434' title='bbox 3231 2840 3508 2897; x_wconf 80' lang='lat' dir='ltr'><strong>curiosius</strong></span> 
     </span>
    </p>
   </div>
   <div class='ocr_carea' id='block_1_60' title="bbox 1911 2928 3509 3006">
    <p class='ocr_par' dir='ltr' id='par_1_60' title="bbox 1911 2928 3509 3006">
     <span class='ocr_line' id='line_1_60' title="bbox 1911 2928 3509 3006; baseline -0.003 -15"><span class='ocrx_word' id='word_1_435' title='bbox 1911 2935 2176 3006; x_wconf 87' lang='lat' dir='ltr'><strong>inquirat,</strong></span> <span class='ocrx_word' id='word_1_436' title='bbox 2207 2933 2261 2990; x_wconf 90' lang='lat' dir='ltr'><strong>ei</strong></span> <span class='ocrx_word' id='word_1_437' title='bbox 2303 2932 2767 2990; x_wconf 86' lang='lat' dir='ltr'><strong>considerandum</strong></span> <span class='ocrx_word' id='word_1_438' title='bbox 2806 2931 2934 2998; x_wconf 88' lang='lat' dir='ltr'><strong>erit,</strong></span> <span class='ocrx_word' id='word_1_439' title='bbox 2978 2930 3222 2988; x_wconf 77' lang='lat' dir='ltr'><strong>Verbum</strong></span> <span class='ocrx_word' id='word_1_440' title='bbox 3255 2928 3406 3002; x_wconf 88' lang='lat' dir='ltr'><strong>quod</strong></span> <span class='ocrx_word' id='word_1_441' title='bbox 3435 2943 3509 2988; x_wconf 81' lang='lat' dir='ltr'><strong>ex</strong></span> 
     </span>
    </p>
   </div>
   <div class='ocr_carea' id='block_1_61' title="bbox 1913 3020 3508 3096">
    <p class='ocr_par' dir='ltr' id='par_1_61' title="bbox 1913 3020 3508 3096">
     <span class='ocr_line' id='line_1_61' title="bbox 1913 3020 3508 3096; baseline -0.003 -13"><span class='ocrx_word' id='word_1_442' title='bbox 1913 3026 2028 3083; x_wconf 87' lang='lat' dir='ltr'><strong>Deo</strong></span> <span class='ocrx_word' id='word_1_443' title='bbox 2051 3035 2157 3094; x_wconf 90' lang='lat' dir='ltr'><strong>est,</strong></span> <span class='ocrx_word' id='word_1_444' title='bbox 2181 3025 2414 3082; x_wconf 90' lang='lat' dir='ltr'><strong>formam</strong></span> <span class='ocrx_word' id='word_1_445' title='bbox 2449 3025 2705 3082; x_wconf 79' lang='lat' dir='ltr'><strong>servilem</strong></span> <span class='ocrx_word' id='word_1_446' title='bbox 2737 3022 3036 3096; x_wconf 86' lang='lat' dir='ltr'><strong>accepisse,</strong></span> <span class='ocrx_word' id='word_1_447' title='bbox 3060 3030 3119 3079; x_wconf 86' lang='lat' dir='ltr'><strong>et</strong></span> <span class='ocrx_word' id='word_1_448' title='bbox 3153 3022 3212 3079; x_wconf 92' lang='lat' dir='ltr'><strong>in</strong></span> <span class='ocrx_word' id='word_1_449' title='bbox 3241 3020 3508 3079; x_wconf 82' lang='lat' dir='ltr'><strong>similitu-</strong></span> 
     </span>
    </p>
   </div>
   <div class='ocr_carea' id='block_1_62' title="bbox 234 3111 1813 3213">
    <p class='ocr_par' dir='ltr' id='par_1_62' title="bbox 234 3111 1813 3213">
     <span class='ocr_line' id='line_1_62' title="bbox 234 3111 1813 3213; baseline 0.004 -47"><span class='ocrx_word' id='word_1_450' title='bbox 429 3111 496 3213; x_wconf 49' lang='grc' dir='ltr'><strong>οὐ</strong></span> <span class='ocrx_word' id='word_1_451' title='bbox 519 3112 639 3213; x_wconf 50' lang='grc' dir='ltr'><strong>γάρ.</strong></span> <span class='ocrx_word' id='word_1_452' title='bbox 657 3129 763 3168; x_wconf 89' lang='grc' dir='ltr'>που</span> <span class='ocrx_word' id='word_1_453' title='bbox 781 3115 982 3213; x_wconf 53' lang='grc' dir='ltr'>ταυτὸν</span> <span class='ocrx_word' id='word_1_454' title='bbox 1009 3117 1068 3171; x_wconf 74' lang='grc' dir='ltr'>ιν</span> <span class='ocrx_word' id='word_1_455' title='bbox 1096 3117 1346 3190; x_wconf 84' lang='grc' dir='ltr'>ποιότητι</span> <span class='ocrx_word' id='word_1_456' title='bbox 1382 3120 1588 3190; x_wconf 75' lang='grc' dir='ltr'><strong>φυσικῇ</strong></span> <span class='ocrx_word' id='word_1_457' title='bbox 1620 3116 1813 3191; x_wconf 90' lang='grc' dir='ltr'>θιότης</span> 
     </span>
    </p>
   </div>
   <div class='ocr_carea' id='block_1_63' title="bbox 1913 3111 3504 3213">
    <p class='ocr_par' dir='ltr' id='par_1_63' title="bbox 1915 3113 3504 3187">
     <span class='ocr_line' id='line_1_63' title="bbox 1915 3113 3504 3187; baseline -0.002 -13"><span class='ocrx_word' id='word_1_458' title='bbox 1915 3118 2102 3174; x_wconf 90' lang='lat' dir='ltr'><strong>dinem</strong></span> <span class='ocrx_word' id='word_1_459' title='bbox 2122 3117 2410 3174; x_wconf 92' lang='lat' dir='ltr'><strong>hominum</strong></span> <span class='ocrx_word' id='word_1_460' title='bbox 2429 3115 2636 3173; x_wconf 88' lang='lat' dir='ltr'><strong>factum</strong></span> <span class='ocrx_word' id='word_1_461' title='bbox 2657 3115 2850 3182; x_wconf 86' lang='lat' dir='ltr'><strong>fuisse,</strong></span> <span class='ocrx_word' id='word_1_462' title='bbox 2868 3114 3016 3172; x_wconf 89' lang='lat' dir='ltr'><strong>sicut</strong></span> <span class='ocrx_word' id='word_1_463' title='bbox 3033 3114 3302 3187; x_wconf 88' lang='lat' dir='ltr'><strong>scriptum</strong></span> <span class='ocrx_word' id='word_1_464' title='bbox 3325 3121 3414 3170; x_wconf 82' lang='lat' dir='ltr'><strong>est</strong></span> <span class='ocrx_word' id='word_1_465' title='bbox 3435 3113 3504 3171; x_wconf 83' lang='grc'><strong>⁸⁸.</strong></span> 
     </span>
    </p>
   </div>
   <div class='ocr_carea' id='block_1_64' title="bbox 233 3195 1813 3282">
    <p class='ocr_par' dir='ltr' id='par_1_64' title="bbox 233 3195 1813 3274">
     <span class='ocr_line' id='line_1_64' title="bbox 233 3195 1813 3274; baseline 0.006 -21"><span class='ocrx_word' id='word_1_466' title='bbox 233 3195 326 3254; x_wconf 75' lang='grc' dir='ltr'>καὶ</span> <span class='ocrx_word' id='word_1_467' title='bbox 375 3199 763 3274; x_wconf 80' lang='grc' dir='ltr'>ἀνθρωπότης.</span> <span class='ocrx_word' id='word_1_468' title='bbox 807 3202 962 3257; x_wconf 77' lang='grc' dir='ltr'>Ἐπεὶ</span> <span class='ocrx_word' id='word_1_469' title='bbox 995 3204 1114 3270; x_wconf 81' lang='grc' dir='ltr'>πῶς</span> <span class='ocrx_word' id='word_1_470' title='bbox 1159 3206 1462 3262; x_wconf 69' lang='grc' dir='ltr'>κεκένωται</span> <span class='ocrx_word' id='word_1_471' title='bbox 1499 3206 1632 3272; x_wconf 79' lang='grc' dir='ltr'>Θεὸς</span> <span class='ocrx_word' id='word_1_472' title='bbox 1671 3205 1748 3261; x_wconf 80' lang='grc' dir='ltr'><strong>ὢν</strong></span> <span class='ocrx_word' id='word_1_473' title='bbox 1785 3209 1813 3262; x_wconf 88' lang='grc' dir='ltr'><strong>ό</strong></span> 
     </span>
    </p>
   </div>
   <div class='ocr_carea' id='block_1_65' title="bbox 1913 3195 3577 3282">
    <p class='ocr_par' dir='ltr' id='par_1_65' title="bbox 1915 3205 3577 3282">
     <span class='ocr_line' id='line_1_65' title="bbox 1915 3205 3577 3282; baseline -0.003 -17"><span class='ocrx_word' id='word_1_474' title='bbox 1915 3209 2096 3282; x_wconf 78' lang='lat' dir='ltr'><strong>Atque</strong></span> <span class='ocrx_word' id='word_1_475' title='bbox 2121 3208 2425 3265; x_wconf 88' lang='lat' dir='ltr'><strong>secundum</strong></span> <span class='ocrx_word' id='word_1_476' title='bbox 2447 3207 2555 3264; x_wconf 90' lang='lat' dir='ltr'><strong>hoc</strong></span> <span class='ocrx_word' id='word_1_477' title='bbox 2574 3222 2748 3263; x_wconf 89' lang='lat' dir='ltr'><strong>unum</strong></span> <span class='ocrx_word' id='word_1_478' title='bbox 2775 3205 3008 3279; x_wconf 71' lang='lat' dir='ltr'><strong>intelligi</strong></span> <span class='ocrx_word' id='word_1_479' title='bbox 3026 3205 3158 3264; x_wconf 87' lang='lat' dir='ltr'><strong>licet</strong></span> <span class='ocrx_word' id='word_1_480' title='bbox 3179 3211 3506 3261; x_wconf 87' lang='lat' dir='ltr'><strong>naturarum</strong></span> <span class='ocrx_word' id='word_1_481' title='bbox 3573 3235 3577 3239; x_wconf 62' lang='grc' dir='ltr'><strong>η</strong></span> 
     </span>
    </p>
   </div>
   <div class='ocr_carea' id='block_1_66' title="bbox 233 3287 1816 3366">
    <p class='ocr_par' dir='ltr' id='par_1_66' title="bbox 233 3287 1816 3366">
     <span class='ocr_line' id='line_1_66' title="bbox 233 3287 1816 3366; baseline 0.006 -23"><span class='ocrx_word' id='word_1_482' title='bbox 233 3287 422 3359; x_wconf 80' lang='grc' dir='ltr'>Λόγος,</span> <span class='ocrx_word' id='word_1_483' title='bbox 457 3289 656 3356; x_wconf 74' lang='grc' dir='ltr'>καθεὶς</span> <span class='ocrx_word' id='word_1_484' title='bbox 701 3292 896 3347; x_wconf 67' lang='grc' dir='ltr'>ἑαυτὸν</span> <span class='ocrx_word' id='word_1_485' title='bbox 941 3295 1001 3349; x_wconf 73' lang='grc' dir='ltr'><strong>ιν</strong></span> <span class='ocrx_word' id='word_1_486' title='bbox 1052 3293 1303 3366; x_wconf 83' lang='grc' dir='ltr'>μειώσει,</span> <span class='ocrx_word' id='word_1_487' title='bbox 1336 3293 1484 3350; x_wconf 79' lang='grc' dir='ltr'>τοῦτ’</span> <span class='ocrx_word' id='word_1_488' title='bbox 1531 3295 1702 3363; x_wconf 67' lang='grc' dir='ltr'>εστιν,</span> <span class='ocrx_word' id='word_1_489' title='bbox 1756 3299 1816 3353; x_wconf 70' lang='grc' dir='ltr'><strong>ὲν</strong></span> 
     </span>
    </p>
   </div>
   <div class='ocr_carea' id='block_1_67' title="bbox 231 3380 1818 3460">
    <p class='ocr_par' dir='ltr' id='par_1_67' title="bbox 231 3380 1818 3460">
     <span class='ocr_line' id='line_1_67' title="bbox 231 3380 1818 3460; baseline 0.007 -26"><span class='ocrx_word' id='word_1_490' title='bbox 231 3382 341 3446; x_wconf 74' lang='grc' dir='ltr'>τοῖς</span> <span class='ocrx_word' id='word_1_491' title='bbox 369 3380 494 3436; x_wconf 78' lang='grc' dir='ltr'>καθ’</span> <span class='ocrx_word' id='word_1_492' title='bbox 529 3384 720 3454; x_wconf 75' lang='grc' dir='ltr'>ημάςς</span> <span class='ocrx_word' id='word_1_493' title='bbox 755 3383 925 3438; x_wconf 82' lang='grc' dir='ltr'>Ὅταν</span> <span class='ocrx_word' id='word_1_494' title='bbox 955 3387 1138 3441; x_wconf 87' lang='grc' dir='ltr'>τοίνυν</span> <span class='ocrx_word' id='word_1_495' title='bbox 1173 3387 1204 3440; x_wconf 88' lang='grc' dir='ltr'><strong>ό</strong></span> <span class='ocrx_word' id='word_1_496' title='bbox 1234 3387 1334 3458; x_wconf 78' lang='grc' dir='ltr'><strong>τῆς</strong></span> <span class='ocrx_word' id='word_1_497' title='bbox 1361 3386 1692 3460; x_wconf 82' lang='grc' dir='ltr'><strong>σαρκώσεως</strong></span> <span class='ocrx_word' id='word_1_498' title='bbox 1720 3406 1818 3444; x_wconf 88' lang='grc' dir='ltr'>πο-</span> 
     </span>
    </p>
   </div>
   <div class='ocr_carea' id='block_1_68' title="bbox 232 3468 1818 3554">
    <p class='ocr_par' dir='ltr' id='par_1_68' title="bbox 232 3468 1818 3554">
     <span class='ocr_line' id='line_1_68' title="bbox 232 3468 1818 3554; baseline 0.008 -30"><span class='ocrx_word' id='word_1_499' title='bbox 232 3468 692 3546; x_wconf 83' lang='grc' dir='ltr'>λυπραγμονῆται</span> <span class='ocrx_word' id='word_1_500' title='bbox 713 3475 938 3548; x_wconf 85' lang='grc' dir='ltr'>τρόπος,</span> <span class='ocrx_word' id='word_1_501' title='bbox 968 3475 1064 3532; x_wconf 79' lang='grc' dir='ltr'><strong>δύο</strong></span> <span class='ocrx_word' id='word_1_502' title='bbox 1103 3477 1174 3533; x_wconf 87' lang='grc' dir='ltr'><strong>τά</strong></span> <span class='ocrx_word' id='word_1_503' title='bbox 1202 3478 1456 3552; x_wconf 78' lang='grc' dir='ltr'>ἀλλήλοις</span> <span class='ocrx_word' id='word_1_504' title='bbox 1485 3482 1818 3554; x_wconf 74' lang='grc' dir='ltr'>ἀπορρήτως</span> 
     </span>
    </p>
   </div>
   <div class='ocr_carea' id='block_1_69' title="bbox 233 3565 1816 3648">
    <p class='ocr_par' dir='ltr' id='par_1_69' title="bbox 233 3565 1816 3648">
     <span class='ocr_line' id='line_1_69' title="bbox 233 3565 1816 3648; baseline 0.008 -31"><span class='ocrx_word' id='word_1_505' title='bbox 233 3578 290 3617; x_wconf 85' lang='grc' dir='ltr'><strong>τε</strong></span> <span class='ocrx_word' id='word_1_506' title='bbox 318 3565 412 3620; x_wconf 79' lang='grc' dir='ltr'>καὶ</span> <span class='ocrx_word' id='word_1_507' title='bbox 441 3565 774 3636; x_wconf 85' lang='grc' dir='ltr'>ἀσυγχύτως</span> <span class='ocrx_word' id='word_1_508' title='bbox 803 3569 1185 3642; x_wconf 75' lang='grc' dir='ltr'>συνηνεγμινα</span> <span class='ocrx_word' id='word_1_509' title='bbox 1215 3569 1340 3626; x_wconf 82' lang='grc' dir='ltr'>καθ’</span> <span class='ocrx_word' id='word_1_510' title='bbox 1377 3570 1594 3639; x_wconf 80' lang='grc' dir='ltr'>ῑνωσιν,</span> <span class='ocrx_word' id='word_1_511' title='bbox 1624 3575 1730 3646; x_wconf 68' lang='grc' dir='ltr'><strong>ὁρᾷ</strong></span> <span class='ocrx_word' id='word_1_512' title='bbox 1749 3573 1816 3648; x_wconf 80' lang='grc' dir='ltr'>δὴ</span> 
     </span>
    </p>
   </div>
   <div class='ocr_carea' id='block_1_70' title="bbox 235 3653 1816 3739">
    <p class='ocr_par' dir='ltr' id='par_1_70' title="bbox 235 3653 1816 3739">
     <span class='ocr_line' id='line_1_70' title="bbox 235 3653 1816 3739; baseline 0.004 -24"><span class='ocrx_word' id='word_1_513' title='bbox 235 3653 455 3721; x_wconf 66' lang='grc' dir='ltr'>πάντως</span> <span class='ocrx_word' id='word_1_514' title='bbox 475 3657 505 3711; x_wconf 85' lang='grc' dir='ltr'><strong>ό</strong></span> <span class='ocrx_word' id='word_1_515' title='bbox 533 3657 880 3726; x_wconf 78' lang='grc' dir='ltr'>ἀνθρώπινος</span> <span class='ocrx_word' id='word_1_516' title='bbox 905 3659 1052 3729; x_wconf 81' lang='grc' dir='ltr'>νοῦς,</span> <span class='ocrx_word' id='word_1_517' title='bbox 1079 3663 1348 3718; x_wconf 68' lang='grc' dir='ltr'>ἑνωθέντα</span> <span class='ocrx_word' id='word_1_518' title='bbox 1367 3681 1432 3734; x_wconf 90' lang='grc' dir='ltr'><strong>γε</strong></span> <span class='ocrx_word' id='word_1_519' title='bbox 1457 3665 1586 3738; x_wconf 82' lang='grc' dir='ltr'>μὴν,</span> <span class='ocrx_word' id='word_1_520' title='bbox 1612 3665 1816 3739; x_wconf 80' lang='grc' dir='ltr'>διίστη-</span> 
     </span>
    </p>
   </div>
   <div class='ocr_carea' id='block_1_71' title="bbox 236 3748 1818 3830">
    <p class='ocr_par' dir='ltr' id='par_1_71' title="bbox 236 3748 1818 3830">
     <span class='ocr_line' id='line_1_71' title="bbox 236 3748 1818 3830; baseline 0.008 -28"><span class='ocrx_word' id='word_1_521' title='bbox 236 3763 320 3802; x_wconf 88' lang='grc' dir='ltr'><strong>σιν</strong></span> <span class='ocrx_word' id='word_1_522' title='bbox 345 3748 610 3822; x_wconf 77' lang='grc' dir='ltr'>οὸθαμῶς</span> <span class='ocrx_word' id='word_1_523' title='bbox 633 3767 647 3782; x_wconf 76' lang='grc'><strong>’</strong></span> <span class='ocrx_word' id='word_1_524' title='bbox 682 3751 799 3807; x_wconf 83' lang='grc' dir='ltr'>ἀλλ’</span> <span class='ocrx_word' id='word_1_525' title='bbox 828 3753 923 3808; x_wconf 77' lang='grc' dir='ltr'><strong>ινα</strong></span> <span class='ocrx_word' id='word_1_526' title='bbox 948 3754 1041 3812; x_wconf 79' lang='grc' dir='ltr'><strong>τὸν</strong></span> <span class='ocrx_word' id='word_1_527' title='bbox 1062 3755 1123 3825; x_wconf 77' lang='grc' dir='ltr'><strong>ιε</strong></span> <span class='ocrx_word' id='word_1_528' title='bbox 1151 3757 1357 3830; x_wconf 76' lang='grc' dir='ltr'>ἀμφοῖν</span> <span class='ocrx_word' id='word_1_529' title='bbox 1378 3797 1394 3817; x_wconf 89' lang='grc'><strong>.</strong></span> <span class='ocrx_word' id='word_1_530' title='bbox 1415 3759 1512 3815; x_wconf 73' lang='grc' dir='ltr'>καὶ</span> <span class='ocrx_word' id='word_1_531' title='bbox 1537 3758 1695 3824; x_wconf 81' lang='grc' dir='ltr'>Θεὸν.</span> <span class='ocrx_word' id='word_1_532' title='bbox 1721 3761 1818 3816; x_wconf 84' lang='grc' dir='ltr'>καὶ</span> 
     </span>
    </p>
   </div>
   <div class='ocr_carea' id='block_1_72' title="bbox 232 3835 1820 3920">
    <p class='ocr_par' dir='ltr' id='par_1_72' title="bbox 232 3835 1820 3920">
     <span class='ocr_line' id='line_1_72' title="bbox 232 3835 1820 3920; baseline 0.008 -28"><span class='ocrx_word' id='word_1_533' title='bbox 232 3835 378 3902; x_wconf 78' lang='grc' dir='ltr'>Υἱδν,</span> <span class='ocrx_word' id='word_1_534' title='bbox 413 3840 513 3895; x_wconf 63' lang='grc' dir='ltr'><strong>καὶ⁵</strong></span> <span class='ocrx_word' id='word_1_535' title='bbox 540 3841 799 3912; x_wconf 72' lang='grc' dir='ltr'>Χριστὸν,</span> <span class='ocrx_word' id='word_1_536' title='bbox 850 3846 946 3900; x_wconf 78' lang='grc' dir='ltr'>καὶ</span> <span class='ocrx_word' id='word_1_537' title='bbox 997 3846 1203 3920; x_wconf 78' lang='grc' dir='ltr'><strong>Κύριον</strong></span> <span class='ocrx_word' id='word_1_538' title='bbox 1247 3843 1389 3903; x_wconf 83' lang='grc' dir='ltr'>εῐναί</span> <span class='ocrx_word' id='word_1_539' title='bbox 1427 3864 1490 3902; x_wconf 92' lang='grc' dir='ltr'><strong>τε</strong></span> <span class='ocrx_word' id='word_1_540' title='bbox 1536 3850 1630 3904; x_wconf 82' lang='grc' dir='ltr'>καὶ</span> <span class='ocrx_word' id='word_1_541' title='bbox 1668 3859 1693 3889; x_wconf 78' lang='grc'>³</span> <span class='ocrx_word' id='word_1_542' title='bbox 1726 3867 1820 3905; x_wconf 91' lang='grc' dir='ltr'>πι-</span> 
     </span>
    </p>
   </div>
   <div class='ocr_carea' id='block_1_73' title="bbox 235 3931 1284 4010">
    <p class='ocr_par' dir='ltr' id='par_1_73' title="bbox 235 3931 1284 4010">
     <span class='ocr_line' id='line_1_73' title="bbox 235 3931 1284 4010; baseline 0.007 -25"><span class='ocrx_word' id='word_1_543' title='bbox 235 3931 438 3997; x_wconf 84' lang='grc' dir='ltr'>στεύει,</span> <span class='ocrx_word' id='word_1_544' title='bbox 474 3934 574 3988; x_wconf 79' lang='grc' dir='ltr'>καὶ</span> <span class='ocrx_word' id='word_1_545' title='bbox 601 3934 887 4007; x_wconf 80' lang='grc' dir='ltr'>ἀραρότως</span> <span class='ocrx_word' id='word_1_546' title='bbox 911 3937 1218 4010; x_wconf 77' lang='grc' dir='ltr'>είσδόχεται</span> <span class='ocrx_word' id='word_1_547' title='bbox 1243 3948 1284 3992; x_wconf 79' lang='grc'><strong>⁸.</strong></span> 
     </span>
    </p>
   </div>
   <div class='ocr_carea' id='block_1_74' title="bbox 1912 3296 3510 3379">
    <p class='ocr_par' dir='ltr' id='par_1_74' title="bbox 1912 3296 3510 3379">
     <span class='ocr_line' id='line_1_74' title="bbox 1912 3296 3510 3379; baseline -0.004 -19"><span class='ocrx_word' id='word_1_548' title='bbox 1912 3303 2028 3360; x_wconf 88' lang='lat' dir='ltr'><strong>sive</strong></span> <span class='ocrx_word' id='word_1_549' title='bbox 2055 3300 2493 3379; x_wconf 80' lang='lat' dir='ltr'><strong>substantiarum</strong></span> <span class='ocrx_word' id='word_1_550' title='bbox 2527 3299 2826 3358; x_wconf 89' lang='lat' dir='ltr'><strong>discrimen</strong></span> <span class='ocrx_word' id='word_1_551' title='bbox 2845 3316 2860 3354; x_wconf 89' lang='lat'><strong>:</strong></span> <span class='ocrx_word' id='word_1_552' title='bbox 2879 3314 2991 3355; x_wconf 90' lang='lat' dir='ltr'><strong>non</strong></span> <span class='ocrx_word' id='word_1_553' title='bbox 3024 3299 3175 3354; x_wconf 89' lang='lat' dir='ltr'><strong>enim</strong></span> <span class='ocrx_word' id='word_1_554' title='bbox 3209 3296 3357 3354; x_wconf 92' lang='lat' dir='ltr'><strong>idem</strong></span> <span class='ocrx_word' id='word_1_555' title='bbox 3375 3304 3510 3354; x_wconf 89' lang='lat' dir='ltr'><strong>sunt</strong></span> 
     </span>
    </p>
   </div>
   <div class='ocr_carea' id='block_1_75' title="bbox 1913 3388 3509 3463">
    <p class='ocr_par' dir='ltr' id='par_1_75' title="bbox 1913 3388 3509 3463">
     <span class='ocr_line' id='line_1_75' title="bbox 1913 3388 3509 3463; baseline -0.005 -12"><span class='ocrx_word' id='word_1_556' title='bbox 1913 3393 2218 3451; x_wconf 88' lang='lat' dir='ltr'><strong>secundum</strong></span> <span class='ocrx_word' id='word_1_557' title='bbox 2249 3393 2557 3450; x_wconf 84' lang='lat' dir='ltr'><strong>naturalem</strong></span> <span class='ocrx_word' id='word_1_558' title='bbox 2586 3391 2907 3463; x_wconf 82' lang='lat' dir='ltr'><strong>qualitatem</strong></span> <span class='ocrx_word' id='word_1_559' title='bbox 2933 3388 3196 3445; x_wconf 87' lang='lat' dir='ltr'><strong>divinitas</strong></span> <span class='ocrx_word' id='word_1_560' title='bbox 3221 3394 3280 3444; x_wconf 90' lang='lat' dir='ltr'><strong>et</strong></span> <span class='ocrx_word' id='word_1_561' title='bbox 3308 3394 3509 3443; x_wconf 81' lang='lat' dir='ltr'><strong>buma-</strong></span> 
     </span>
    </p>
   </div>
   <div class='ocr_carea' id='block_1_76' title="bbox 1913 3479 3506 3558">
    <p class='ocr_par' dir='ltr' id='par_1_76' title="bbox 1913 3479 3506 3558">
     <span class='ocr_line' id='line_1_76' title="bbox 1913 3479 3506 3558; baseline -0.004 -16"><span class='ocrx_word' id='word_1_562' title='bbox 1913 3487 2076 3542; x_wconf 86' lang='lat' dir='ltr'><strong>nitas.</strong></span> <span class='ocrx_word' id='word_1_563' title='bbox 2109 3485 2332 3557; x_wconf 81' lang='lat' dir='ltr'><strong>Alioqui</strong></span> <span class='ocrx_word' id='word_1_564' title='bbox 2371 3485 2650 3558; x_wconf 90' lang='lat' dir='ltr'><strong>quomodo</strong></span> <span class='ocrx_word' id='word_1_565' title='bbox 2673 3483 2940 3548; x_wconf 83' lang='lat' dir='ltr'><strong>Verbum,</strong></span> <span class='ocrx_word' id='word_1_566' title='bbox 2981 3480 3134 3554; x_wconf 88' lang='lat' dir='ltr'><strong>quod</strong></span> <span class='ocrx_word' id='word_1_567' title='bbox 3172 3479 3321 3536; x_wconf 85' lang='lat' dir='ltr'><strong>Deus</strong></span> <span class='ocrx_word' id='word_1_568' title='bbox 3362 3488 3506 3544; x_wconf 89' lang='lat' dir='ltr'><strong>erat,</strong></span> 
     </span>
    </p>
   </div>
   <div class='ocr_carea' id='block_1_77' title="bbox 1917 3572 3507 3648">
    <p class='ocr_par' dir='ltr' id='par_1_77' title="bbox 1917 3572 3507 3648">
     <span class='ocr_line' id='line_1_77' title="bbox 1917 3572 3507 3648; baseline -0.002 -14"><span class='ocrx_word' id='word_1_569' title='bbox 1917 3579 2258 3635; x_wconf 78' lang='lat' dir='ltr'><strong>exinanitum</strong></span> <span class='ocrx_word' id='word_1_570' title='bbox 2274 3585 2380 3644; x_wconf 85' lang='lat' dir='ltr'><strong>est,</strong></span> <span class='ocrx_word' id='word_1_571' title='bbox 2393 3577 2636 3648; x_wconf 85' lang='lat' dir='ltr'><strong>seipsum</strong></span> <span class='ocrx_word' id='word_1_572' title='bbox 2652 3575 2721 3630; x_wconf 92' lang='lat' dir='ltr'><strong>ad</strong></span> <span class='ocrx_word' id='word_1_573' title='bbox 2740 3573 3168 3631; x_wconf 89' lang='lat' dir='ltr'><strong>minorationem</strong></span> <span class='ocrx_word' id='word_1_574' title='bbox 3187 3572 3507 3631; x_wconf 86' lang='lat' dir='ltr'><strong>demittens.</strong></span> 
     </span>
    </p>
   </div>
   <div class='ocr_carea' id='block_1_78' title="bbox 1921 3661 3511 3734">
    <p class='ocr_par' dir='ltr' id='par_1_78' title="bbox 1921 3661 3511 3734">
     <span class='ocr_line' id='line_1_78' title="bbox 1921 3661 3511 3734; baseline -0.005 -10"><span class='ocrx_word' id='word_1_575' title='bbox 1921 3668 2028 3724; x_wconf 91' lang='lat' dir='ltr'><strong>hoc</strong></span> <span class='ocrx_word' id='word_1_576' title='bbox 2059 3677 2164 3734; x_wconf 88' lang='lat' dir='ltr'><strong>est,</strong></span> <span class='ocrx_word' id='word_1_577' title='bbox 2191 3668 2260 3723; x_wconf 87' lang='lat' dir='ltr'><strong>ad</strong></span> <span class='ocrx_word' id='word_1_578' title='bbox 2288 3675 2500 3723; x_wconf 78' lang='lat' dir='ltr'><strong>naturae</strong></span> <span class='ocrx_word' id='word_1_579' title='bbox 2530 3674 2736 3722; x_wconf 72' lang='lat' dir='ltr'><strong>nostrae</strong></span> <span class='ocrx_word' id='word_1_580' title='bbox 2760 3663 3126 3722; x_wconf 89' lang='lat' dir='ltr'><strong>conditiones.</strong></span> <span class='ocrx_word' id='word_1_581' title='bbox 3157 3661 3298 3720; x_wconf 85' lang='lat' dir='ltr'><strong>Cum</strong></span> <span class='ocrx_word' id='word_1_582' title='bbox 3325 3662 3511 3734; x_wconf 83' lang='lat' dir='ltr'><strong>itaque</strong></span> 
     </span>
    </p>
   </div>
   <div class='ocr_carea' id='block_1_79' title="bbox 1921 3753 3511 3828">
    <p class='ocr_par' dir='ltr' id='par_1_79' title="bbox 1921 3753 3511 3828">
     <span class='ocr_line' id='line_1_79' title="bbox 1921 3753 3511 3828; baseline -0.006 -12"><span class='ocrx_word' id='word_1_583' title='bbox 1921 3759 2319 3816; x_wconf 89' lang='lat' dir='ltr'><strong>incarnationis</strong></span> <span class='ocrx_word' id='word_1_584' title='bbox 2353 3757 2552 3814; x_wconf 90' lang='lat' dir='ltr'><strong>modus</strong></span> <span class='ocrx_word' id='word_1_585' title='bbox 2585 3757 2833 3814; x_wconf 87' lang='lat' dir='ltr'><strong>studiose</strong></span> <span class='ocrx_word' id='word_1_586' title='bbox 2861 3754 3180 3828; x_wconf 86' lang='lat' dir='ltr'><strong>inquiritur,</strong></span> <span class='ocrx_word' id='word_1_587' title='bbox 3213 3753 3328 3810; x_wconf 92' lang='lat' dir='ltr'><strong>duo</strong></span> <span class='ocrx_word' id='word_1_588' title='bbox 3347 3767 3511 3826; x_wconf 87' lang='lat' dir='ltr'><strong>pror-</strong></span> 
     </span>
    </p>
   </div>
   <div class='ocr_carea' id='block_1_80' title="bbox 1923 3843 3509 3910">
    <p class='ocr_par' dir='ltr' id='par_1_80' title="bbox 1923 3843 3509 3910">
     <span class='ocr_line' id='line_1_80' title="bbox 1923 3843 3509 3910; baseline -0.006 0"><span class='ocrx_word' id='word_1_589' title='bbox 1923 3868 2020 3910; x_wconf 89' lang='lat' dir='ltr'><strong>sus</strong></span> <span class='ocrx_word' id='word_1_590' title='bbox 2044 3851 2400 3910; x_wconf 86' lang='lat' dir='ltr'><strong>inelfabiliter</strong></span> <span class='ocrx_word' id='word_1_591' title='bbox 2429 3858 2486 3907; x_wconf 93' lang='lat' dir='ltr'><strong>et</strong></span> <span class='ocrx_word' id='word_1_592' title='bbox 2507 3849 2647 3907; x_wconf 87' lang='lat' dir='ltr'><strong>citra</strong></span> <span class='ocrx_word' id='word_1_593' title='bbox 2669 3848 3053 3907; x_wconf 79' lang='lat' dir='ltr'><strong>confusionem</strong></span> <span class='ocrx_word' id='word_1_594' title='bbox 3076 3847 3224 3904; x_wconf 90' lang='lat' dir='ltr'><strong>inter</strong></span> <span class='ocrx_word' id='word_1_595' title='bbox 3241 3859 3303 3904; x_wconf 90' lang='lat' dir='ltr'><strong>se</strong></span> <span class='ocrx_word' id='word_1_596' title='bbox 3332 3843 3509 3909; x_wconf 89' lang='lat' dir='ltr'><strong>unita.</strong></span> 
     </span>
    </p>
   </div>
   <div class='ocr_carea' id='block_1_81' title="bbox 1923 3937 3513 4011">
    <p class='ocr_par' dir='ltr' id='par_1_81' title="bbox 1923 3937 3513 4011">
     <span class='ocr_line' id='line_1_81' title="bbox 1923 3937 3513 4011; baseline -0.003 -8"><span class='ocrx_word' id='word_1_597' title='bbox 1923 3962 2080 4003; x_wconf 89' lang='lat' dir='ltr'><strong>mens</strong></span> <span class='ocrx_word' id='word_1_598' title='bbox 2103 3947 2344 4002; x_wconf 90' lang='lat' dir='ltr'><strong>humana</strong></span> <span class='ocrx_word' id='word_1_599' title='bbox 2372 3943 2705 4010; x_wconf 75' lang='lat' dir='ltr'><strong>wnsiderst,</strong></span> <span class='ocrx_word' id='word_1_600' title='bbox 2735 3950 2979 3999; x_wconf 86' lang='lat' dir='ltr'><strong>attamen</strong></span> <span class='ocrx_word' id='word_1_601' title='bbox 3005 3941 3160 3998; x_wconf 90' lang='lat' dir='ltr'><strong>unita</strong></span> <span class='ocrx_word' id='word_1_602' title='bbox 3188 3937 3513 4011; x_wconf 70' lang='lat' dir='ltr'><strong>neutiquam</strong></span> 
     </span>
    </p>
   </div>
   <div class='ocr_carea' id='block_1_82' title="bbox 233 4021 3511 4101">
    <p class='ocr_par' dir='ltr' id='par_1_82' title="bbox 233 4021 3511 4101">
     <span class='ocr_line' id='line_1_82' title="bbox 233 4021 3511 4101; baseline 0.002 -22"><span class='ocrx_word' id='word_1_603' title='bbox 233 4021 517 4097; x_wconf 70' lang='lat' dir='ltr'><strong>disiungit,</strong></span> <span class='ocrx_word' id='word_1_604' title='bbox 582 4022 678 4081; x_wconf 89' lang='lat' dir='ltr'><strong>sed</strong></span> <span class='ocrx_word' id='word_1_605' title='bbox 750 4041 922 4084; x_wconf 90' lang='lat' dir='ltr'><strong>unum</strong></span> <span class='ocrx_word' id='word_1_606' title='bbox 950 4043 1020 4084; x_wconf 90' lang='lat' dir='ltr'><strong>ex</strong></span> <span class='ocrx_word' id='word_1_607' title='bbox 1039 4036 1275 4101; x_wconf 88' lang='lat' dir='ltr'><strong>utroque</strong></span> <span class='ocrx_word' id='word_1_608' title='bbox 1314 4037 1373 4086; x_wconf 90' lang='lat' dir='ltr'><strong>et</strong></span> <span class='ocrx_word' id='word_1_609' title='bbox 1411 4027 1586 4086; x_wconf 82' lang='lat' dir='ltr'><strong>Deum</strong></span> <span class='ocrx_word' id='word_1_610' title='bbox 1611 4039 1671 4087; x_wconf 90' lang='lat' dir='ltr'><strong>et</strong></span> <span class='ocrx_word' id='word_1_611' title='bbox 1709 4030 1909 4091; x_wconf 82' lang='lat' dir='ltr'><strong>Filium</strong></span> <span class='ocrx_word' id='word_1_612' title='bbox 1944 4047 2004 4095; x_wconf 88' lang='lat' dir='ltr'><strong>et</strong></span> <span class='ocrx_word' id='word_1_613' title='bbox 2031 4038 2325 4096; x_wconf 81' lang='lat' dir='ltr'><strong>Dominum</strong></span> <span class='ocrx_word' id='word_1_614' title='bbox 2343 4037 2610 4094; x_wconf 77' lang='lat' dir='ltr'><strong>exsistere</strong></span> <span class='ocrx_word' id='word_1_615' title='bbox 2649 4033 2848 4101; x_wconf 85' lang='lat' dir='ltr'><strong>credit,</strong></span> <span class='ocrx_word' id='word_1_616' title='bbox 2878 4040 2938 4090; x_wconf 92' lang='lat' dir='ltr'><strong>et</strong></span> <span class='ocrx_word' id='word_1_617' title='bbox 2974 4030 3372 4090; x_wconf 86' lang='lat' dir='ltr'><strong>convenienter</strong></span> <span class='ocrx_word' id='word_1_618' title='bbox 3409 4027 3511 4086; x_wconf 88' lang='lat' dir='ltr'><strong>ad-</strong></span> 
     </span>
    </p>
   </div>
   <div class='ocr_carea' id='block_1_83' title="bbox 234 4115 422 4175">
    <p class='ocr_par' dir='ltr' id='par_1_83' title="bbox 234 4115 422 4175">
     <span class='ocr_line' id='line_1_83' title="bbox 234 4115 422 4175; baseline 0.027 -5"><span class='ocrx_word' id='word_1_619' title='bbox 234 4115 422 4175; x_wconf 90' lang='lat' dir='ltr'><strong>mittit.</strong></span> 
     </span>
    </p>
   </div>
   <div class='ocr_carea' id='block_1_84' title="bbox 312 4207 1812 4285">
    <p class='ocr_par' dir='ltr' id='par_1_84' title="bbox 312 4207 1812 4285">
     <span class='ocr_line' id='line_1_84' title="bbox 312 4207 1812 4285; baseline 0.004 -21"><span class='ocrx_word' id='word_1_620' title='bbox 312 4207 515 4282; x_wconf 77' lang='grc' dir='ltr'>Ἕτόρᾳ</span> <span class='ocrx_word' id='word_1_621' title='bbox 556 4207 618 4264; x_wconf 80' lang='grc' dir='ltr'><strong>δι</strong></span> <span class='ocrx_word' id='word_1_622' title='bbox 660 4207 943 4275; x_wconf 84' lang='grc' dir='ltr'>παντελῶς</span> <span class='ocrx_word' id='word_1_623' title='bbox 988 4207 1143 4280; x_wconf 88' lang='grc' dir='ltr'><strong>παρά</strong></span> <span class='ocrx_word' id='word_1_624' title='bbox 1195 4207 1405 4282; x_wconf 88' lang='grc' dir='ltr'>ταύτην</span> <span class='ocrx_word' id='word_1_625' title='bbox 1437 4213 1475 4284; x_wconf 73' lang='grc' dir='ltr'><strong>ἡ</strong></span> <span class='ocrx_word' id='word_1_626' title='bbox 1515 4211 1812 4285; x_wconf 83' lang='grc' dir='ltr'>Νεστορίου</span> 
     </span>
    </p>
   </div>
   <div class='ocr_carea' id='block_1_85' title="bbox 193 4298 1818 4374">
    <p class='ocr_par' dir='ltr' id='par_1_85' title="bbox 193 4298 1818 4374">
     <span class='ocr_line' id='line_1_85' title="bbox 193 4298 1818 4374; baseline 0.005 -21"><span class='ocrx_word' id='word_1_627' title='bbox 193 4362 200 4369; x_wconf 31' lang='grc' dir='ltr'>θ</span> <span class='ocrx_word' id='word_1_628' title='bbox 233 4298 546 4366; x_wconf 74' lang='grc' dir='ltr'>ιακοδοξία.</span> <span class='ocrx_word' id='word_1_629' title='bbox 586 4299 973 4374; x_wconf 78' lang='grc' dir='ltr'>Ύποκρίνεται</span> <span class='ocrx_word' id='word_1_630' title='bbox 1003 4301 1103 4374; x_wconf 70' lang='grc' dir='ltr'>μὲν</span> <span class='ocrx_word' id='word_1_631' title='bbox 1123 4299 1236 4374; x_wconf 69' lang='grc' dir='ltr'><strong>γὰρ</strong></span> <span class='ocrx_word' id='word_1_632' title='bbox 1256 4301 1561 4373; x_wconf 77' lang='grc' dir='ltr'>ὁμολογεῖν,</span> <span class='ocrx_word' id='word_1_633' title='bbox 1592 4305 1676 4359; x_wconf 79' lang='grc' dir='ltr'><strong>ότι</strong></span> <span class='ocrx_word' id='word_1_634' title='bbox 1722 4307 1818 4361; x_wconf 75' lang='grc' dir='ltr'>καὶ</span> 
     </span>
    </p>
   </div>
   <div class='ocr_carea' id='block_1_86' title="bbox 234 4390 1820 4472">
    <p class='ocr_par' dir='ltr' id='par_1_86' title="bbox 234 4390 1820 4472">
     <span class='ocr_line' id='line_1_86' title="bbox 234 4390 1820 4472; baseline 0.005 -26"><span class='ocrx_word' id='word_1_635' title='bbox 234 4390 555 4466; x_wconf 74' lang='grc' dir='ltr'>ισαρκὼθη,</span> <span class='ocrx_word' id='word_1_636' title='bbox 591 4393 690 4448; x_wconf 77' lang='grc' dir='ltr'>καὶ</span> <span class='ocrx_word' id='word_1_637' title='bbox 719 4391 1113 4466; x_wconf 73' lang='grc' dir='ltr'>ινηνθρὼπησε</span> <span class='ocrx_word' id='word_1_638' title='bbox 1143 4391 1279 4460; x_wconf 78' lang='grc' dir='ltr'>Θεὸς</span> <span class='ocrx_word' id='word_1_639' title='bbox 1305 4393 1382 4450; x_wconf 75' lang='grc' dir='ltr'>ὢν</span> <span class='ocrx_word' id='word_1_640' title='bbox 1428 4396 1459 4450; x_wconf 87' lang='grc' dir='ltr'><strong>ό</strong></span> <span class='ocrx_word' id='word_1_641' title='bbox 1485 4395 1680 4467; x_wconf 88' lang='grc' dir='ltr'>Λόγος,</span> <span class='ocrx_word' id='word_1_642' title='bbox 1717 4399 1820 4472; x_wconf 73' lang='grc' dir='ltr'>τὴν</span> 
     </span>
    </p>
   </div>
   <div class='ocr_carea' id='block_1_87' title="bbox 234 4483 1822 4562">
    <p class='ocr_par' dir='ltr' id='par_1_87' title="bbox 234 4483 1822 4562">
     <span class='ocr_line' id='line_1_87' title="bbox 234 4483 1822 4562; baseline 0.004 -23"><span class='ocrx_word' id='word_1_643' title='bbox 234 4483 292 4538; x_wconf 79' lang='grc' dir='ltr'><strong>δι</strong></span> <span class='ocrx_word' id='word_1_644' title='bbox 328 4500 396 4554; x_wconf 87' lang='grc' dir='ltr'><strong>γε</strong></span> <span class='ocrx_word' id='word_1_645' title='bbox 419 4483 522 4540; x_wconf 80' lang='grc' dir='ltr'><strong>τοῦ</strong></span> <span class='ocrx_word' id='word_1_646' title='bbox 558 4484 946 4559; x_wconf 79' lang='grc' dir='ltr'>σεσαρκῶσθαι</span> <span class='ocrx_word' id='word_1_647' title='bbox 981 4484 1212 4559; x_wconf 81' lang='grc' dir='ltr'>δύναμιν</span> <span class='ocrx_word' id='word_1_648' title='bbox 1240 4486 1342 4541; x_wconf 71' lang='grc' dir='ltr'><strong>οὐκ</strong></span> <span class='ocrx_word' id='word_1_649' title='bbox 1372 4485 1550 4554; x_wconf 71' lang='grc' dir='ltr'>εἰδὼς,</span> <span class='ocrx_word' id='word_1_650' title='bbox 1593 4487 1690 4544; x_wconf 79' lang='grc' dir='ltr'><strong>δύο</strong></span> <span class='ocrx_word' id='word_1_651' title='bbox 1718 4489 1822 4562; x_wconf 73' lang='grc' dir='ltr'><strong>μιν</strong></span> 
     </span>
    </p>
   </div>
   <div class='ocr_carea' id='block_1_88' title="bbox 233 4575 1818 4651">
    <p class='ocr_par' dir='ltr' id='par_1_88' title="bbox 233 4575 1818 4651">
     <span class='ocr_line' id='line_1_88' title="bbox 233 4575 1818 4651; baseline 0.003 -20"><span class='ocrx_word' id='word_1_652' title='bbox 233 4575 494 4650; x_wconf 79' lang='grc' dir='ltr'>όνομάζει</span> <span class='ocrx_word' id='word_1_653' title='bbox 541 4575 759 4647; x_wconf 77' lang='grc' dir='ltr'><strong>φύσεις,</strong></span> <span class='ocrx_word' id='word_1_654' title='bbox 802 4575 1113 4650; x_wconf 74' lang='grc' dir='ltr'>ἀποδιαιρεί</span> <span class='ocrx_word' id='word_1_655' title='bbox 1155 4577 1186 4619; x_wconf 69' lang='grc' dir='ltr'>δ</span> <span class='ocrx_word' id='word_1_656' title='bbox 1217 4577 1276 4634; x_wconf 71' lang='grc' dir='ltr'>δι</span> <span class='ocrx_word' id='word_1_657' title='bbox 1323 4577 1572 4651; x_wconf 78' lang='grc' dir='ltr'>ἀλλήλων</span> <span class='ocrx_word' id='word_1_658' title='bbox 1627 4579 1818 4651; x_wconf 77' lang='grc' dir='ltr'>αὐτὰς,</span> 
     </span>
    </p>
   </div>
   <div class='ocr_carea' id='block_1_89' title="bbox 1850 4632 1898 4690">
    <p class='ocr_par' dir='ltr' id='par_1_89' title="bbox 1850 4632 1898 4690">
     <span class='ocr_line' id='line_1_89' title="bbox 1850 4632 1898 4690; baseline 0 0"><span class='ocrx_word' id='word_1_659' title='bbox 1850 4632 1898 4690; x_wconf 87' lang='lat' dir='ltr'><strong><em>D</em></strong></span> 
     </span>
    </p>
   </div>
   <div class='ocr_carea' id='block_1_90' title="bbox 1949 4208 3514 4284">
    <p class='ocr_par' dir='ltr' id='par_1_90' title="bbox 1949 4208 3514 4284">
     <span class='ocr_line' id='line_1_90' title="bbox 1949 4208 3514 4284; baseline -0.003 -12"><span class='ocrx_word' id='word_1_660' title='bbox 1949 4279 1956 4284; x_wconf 86' lang='lat'>_</span> <span class='ocrx_word' id='word_1_661' title='bbox 1989 4215 2063 4272; x_wconf 82' lang='lat' dir='ltr'><strong>At</strong></span> <span class='ocrx_word' id='word_1_662' title='bbox 2091 4229 2229 4271; x_wconf 84' lang='lat' dir='ltr'><strong>vero</strong></span> <span class='ocrx_word' id='word_1_663' title='bbox 2256 4212 2496 4270; x_wconf 83' lang='lat' dir='ltr'><strong>Nestorii</strong></span> <span class='ocrx_word' id='word_1_664' title='bbox 2524 4227 2692 4284; x_wconf 83' lang='lat' dir='ltr'><strong>prava</strong></span> <span class='ocrx_word' id='word_1_665' title='bbox 2718 4210 2996 4268; x_wconf 90' lang='lat' dir='ltr'><strong>sententia</strong></span> <span class='ocrx_word' id='word_1_666' title='bbox 3033 4209 3105 4266; x_wconf 91' lang='lat' dir='ltr'><strong>ab</strong></span> <span class='ocrx_word' id='word_1_667' title='bbox 3132 4208 3240 4267; x_wconf 87' lang='lat' dir='ltr'><strong>hac</strong></span> <span class='ocrx_word' id='word_1_668' title='bbox 3259 4209 3514 4268; x_wconf 88' lang='lat' dir='ltr'><strong>doctrina</strong></span> 
     </span>
    </p>
   </div>
   <div class='ocr_carea' id='block_1_91' title="bbox 1919 4298 3514 4378">
    <p class='ocr_par' dir='ltr' id='par_1_91' title="bbox 1919 4298 3514 4378">
     <span class='ocr_line' id='line_1_91' title="bbox 1919 4298 3514 4378; baseline -0.005 -15"><span class='ocrx_word' id='word_1_669' title='bbox 1919 4314 2009 4364; x_wconf 90' lang='lat' dir='ltr'><strong>est</strong></span> <span class='ocrx_word' id='word_1_670' title='bbox 2038 4305 2199 4378; x_wconf 89' lang='lat' dir='ltr'><strong>plane</strong></span> <span class='ocrx_word' id='word_1_671' title='bbox 2224 4303 2460 4361; x_wconf 85' lang='lat' dir='ltr'><strong>diversa.</strong></span> <span class='ocrx_word' id='word_1_672' title='bbox 2486 4302 2624 4359; x_wconf 80' lang='lat' dir='ltr'><strong>Nam</strong></span> <span class='ocrx_word' id='word_1_673' title='bbox 2651 4301 2757 4358; x_wconf 90' lang='lat' dir='ltr'><strong>etsi</strong></span> <span class='ocrx_word' id='word_1_674' title='bbox 2780 4300 2954 4356; x_wconf 88' lang='lat' dir='ltr'><strong>Deum</strong></span> <span class='ocrx_word' id='word_1_675' title='bbox 2978 4299 3220 4357; x_wconf 75' lang='lat' dir='ltr'><strong>Verbum</strong></span> <span class='ocrx_word' id='word_1_676' title='bbox 3255 4298 3514 4362; x_wconf 81' lang='lat' dir='ltr'><strong>incarna-</strong></span> 
     </span>
    </p>
   </div>
   <div class='ocr_carea' id='block_1_92' title="bbox 1922 4390 3516 4467">
    <p class='ocr_par' dir='ltr' id='par_1_92' title="bbox 1922 4390 3516 4467">
     <span class='ocr_line' id='line_1_92' title="bbox 1922 4390 3516 4467; baseline -0.003 -12"><span class='ocrx_word' id='word_1_677' title='bbox 1922 4405 2043 4456; x_wconf 88' lang='lat' dir='ltr'><strong>tum</strong></span> <span class='ocrx_word' id='word_1_678' title='bbox 2080 4395 2472 4467; x_wconf 89' lang='lat' dir='ltr'><strong>hominemque</strong></span> <span class='ocrx_word' id='word_1_679' title='bbox 2495 4393 2703 4451; x_wconf 87' lang='lat' dir='ltr'><strong>factum</strong></span> <span class='ocrx_word' id='word_1_680' title='bbox 2729 4390 2980 4450; x_wconf 82' lang='lat' dir='ltr'><strong>confiteri</strong></span> <span class='ocrx_word' id='word_1_681' title='bbox 3001 4390 3244 4458; x_wconf 86' lang='lat' dir='ltr'><strong>simulet,</strong></span> <span class='ocrx_word' id='word_1_682' title='bbox 3271 4399 3516 4450; x_wconf 88' lang='lat' dir='ltr'><strong>attamen</strong></span> 
     </span>
    </p>
   </div>
   <div class='ocr_carea' id='block_1_93' title="bbox 1925 4482 3518 4558">
    <p class='ocr_par' dir='ltr' id='par_1_93' title="bbox 1925 4482 3518 4558">
     <span class='ocr_line' id='line_1_93' title="bbox 1925 4482 3518 4558; baseline -0.006 -10"><span class='ocrx_word' id='word_1_683' title='bbox 1925 4489 2325 4548; x_wconf 89' lang='lat' dir='ltr'><strong>incarnationis</strong></span> <span class='ocrx_word' id='word_1_684' title='bbox 2345 4487 2606 4544; x_wconf 88' lang='lat' dir='ltr'><strong>virtutem</strong></span> <span class='ocrx_word' id='word_1_685' title='bbox 2629 4484 2908 4558; x_wconf 72' lang='lat' dir='ltr'><strong>ignorans,</strong></span> <span class='ocrx_word' id='word_1_686' title='bbox 2927 4482 3067 4539; x_wconf 87' lang='lat' dir='ltr'><strong>duas</strong></span> <span class='ocrx_word' id='word_1_687' title='bbox 3083 4490 3313 4539; x_wconf 84' lang='lat' dir='ltr'><strong>naturas</strong></span> <span class='ocrx_word' id='word_1_688' title='bbox 3337 4483 3518 4541; x_wconf 87' lang='lat' dir='ltr'><strong>nomi-</strong></span> 
     </span>
    </p>
   </div>
   <div class='ocr_carea' id='block_1_94' title="bbox 1927 4576 3516 4655">
    <p class='ocr_par' dir='ltr' id='par_1_94' title="bbox 1927 4576 3516 4655">
     <span class='ocr_line' id='line_1_94' title="bbox 1927 4576 3516 4655; baseline -0.009 -13"><span class='ocrx_word' id='word_1_689' title='bbox 1927 4593 2044 4650; x_wconf 89' lang='lat' dir='ltr'><strong>nat,</strong></span> <span class='ocrx_word' id='word_1_690' title='bbox 2069 4597 2276 4655; x_wconf 86' lang='lat' dir='ltr'><strong>easque</strong></span> <span class='ocrx_word' id='word_1_691' title='bbox 2297 4598 2330 4639; x_wconf 91' lang='lat' dir='ltr'><strong>a</strong></span> <span class='ocrx_word' id='word_1_692' title='bbox 2345 4595 2406 4639; x_wconf 90' lang='lat' dir='ltr'><strong>se</strong></span> <span class='ocrx_word' id='word_1_693' title='bbox 2421 4579 2657 4636; x_wconf 88' lang='lat' dir='ltr'><strong>invicem</strong></span> <span class='ocrx_word' id='word_1_694' title='bbox 2672 4576 2906 4643; x_wconf 84' lang='lat' dir='ltr'><strong>divellit,</strong></span> <span class='ocrx_word' id='word_1_695' title='bbox 2928 4576 3101 4632; x_wconf 88' lang='lat' dir='ltr'><strong>Deum</strong></span> <span class='ocrx_word' id='word_1_696' title='bbox 3139 4589 3390 4637; x_wconf 87' lang='lat' dir='ltr'><strong>seorsum</strong></span> <span class='ocrx_word' id='word_1_697' title='bbox 3413 4590 3516 4647; x_wconf 76' lang='lat' dir='ltr'><strong>po—</strong></span> 
     </span>
    </p>
   </div>
   <div class='ocr_carea' id='block_1_95' title="bbox 233 4661 1813 4746">
    <p class='ocr_par' dir='ltr' id='par_1_95' title="bbox 233 4661 1813 4746">
     <span class='ocr_line' id='line_1_95' title="bbox 233 4661 1813 4746; baseline 0.003 -22"><span class='ocrx_word' id='word_1_698' title='bbox 233 4667 367 4724; x_wconf 78' lang='grc' dir='ltr'>Θεδν</span> <span class='ocrx_word' id='word_1_699' title='bbox 407 4667 524 4740; x_wconf 70' lang='grc' dir='ltr'>ἰδία</span> <span class='ocrx_word' id='word_1_700' title='bbox 572 4665 768 4736; x_wconf 81' lang='grc' dir='ltr'>τιθεὶς,</span> <span class='ocrx_word' id='word_1_701' title='bbox 795 4669 892 4723; x_wconf 80' lang='grc' dir='ltr'>καὶ</span> <span class='ocrx_word' id='word_1_702' title='bbox 926 4661 1130 4741; x_wconf 79' lang='grc' dir='ltr'><strong>ὁμοίως</strong></span> <span class='ocrx_word' id='word_1_703' title='bbox 1158 4668 1450 4742; x_wconf 71' lang='grc' dir='ltr'>ἄνθρωπον</span> <span class='ocrx_word' id='word_1_704' title='bbox 1477 4669 1587 4728; x_wconf 83' lang='grc' dir='ltr'><strong>ἀνά</strong></span> <span class='ocrx_word' id='word_1_705' title='bbox 1631 4671 1813 4746; x_wconf 67' lang='grc' dir='ltr'>μέρος,</span> 
     </span>
    </p>
   </div>
   <div class='ocr_carea' id='block_1_96' title="bbox 1913 4661 3517 4746">
    <p class='ocr_par' dir='ltr' id='par_1_96' title="bbox 1922 4666 3517 4742">
     <span class='ocr_line' id='line_1_96' title="bbox 1922 4666 3517 4742; baseline -0.006 -9"><span class='ocrx_word' id='word_1_706' title='bbox 1922 4690 2085 4742; x_wconf 85' lang='lat' dir='ltr'><strong>nens,</strong></span> <span class='ocrx_word' id='word_1_707' title='bbox 2097 4681 2157 4732; x_wconf 88' lang='lat' dir='ltr'><strong>et</strong></span> <span class='ocrx_word' id='word_1_708' title='bbox 2170 4673 2362 4730; x_wconf 89' lang='lat' dir='ltr'><strong>itidem</strong></span> <span class='ocrx_word' id='word_1_709' title='bbox 2377 4686 2627 4741; x_wconf 70' lang='lat' dir='ltr'><strong>seorsum</strong></span> <span class='ocrx_word' id='word_1_710' title='bbox 2641 4669 2924 4726; x_wconf 85' lang='lat' dir='ltr'><strong>hominem</strong></span> <span class='ocrx_word' id='word_1_711' title='bbox 2938 4666 3263 4724; x_wconf 89' lang='lat' dir='ltr'><strong>habitudine</strong></span> <span class='ocrx_word' id='word_1_712' title='bbox 3277 4666 3517 4739; x_wconf 84' lang='lat' dir='ltr'><strong>quadam</strong></span> 
     </span>
    </p>
   </div>
   <div class='ocr_carea' id='block_1_97' title="bbox 236 4757 1825 4834">
    <p class='ocr_par' dir='ltr' id='par_1_97' title="bbox 236 4757 1825 4834">
     <span class='ocr_line' id='line_1_97' title="bbox 236 4757 1825 4834; baseline 0.003 -2"><span class='ocrx_word' id='word_1_713' title='bbox 236 4759 584 4832; x_wconf 65' lang='grc' dir='ltr'>συναφθέντα</span> <span class='ocrx_word' id='word_1_714' title='bbox 625 4757 748 4830; x_wconf 69' lang='grc' dir='ltr'>θεῷ</span> <span class='ocrx_word' id='word_1_715' title='bbox 791 4758 1077 4833; x_wconf 55' lang='lat' dir='ltr'><strong>exsutis.</strong></span> <span class='ocrx_word' id='word_1_716' title='bbox 1125 4759 1272 4816; x_wconf 74' lang='grc' dir='ltr'><strong>κατά</strong></span> <span class='ocrx_word' id='word_1_717' title='bbox 1304 4760 1475 4834; x_wconf 78' lang='grc' dir='ltr'>μόνην</span> <span class='ocrx_word' id='word_1_718' title='bbox 1503 4762 1607 4834; x_wconf 78' lang='grc' dir='ltr'>τὴν</span> <span class='ocrx_word' id='word_1_719' title='bbox 1659 4764 1825 4819; x_wconf 65' lang='grc' dir='ltr'><strong>ιπηι-</strong></span> 
     </span>
    </p>
   </div>
   <div class='ocr_carea' id='block_1_98' title="bbox 239 4850 1825 4927">
    <p class='ocr_par' dir='ltr' id='par_1_98' title="bbox 239 4850 1825 4927">
     <span class='ocr_line' id='line_1_98' title="bbox 239 4850 1825 4927; baseline 0 -19"><span class='ocrx_word' id='word_1_720' title='bbox 239 4854 389 4924; x_wconf 80' lang='grc' dir='ltr'>μίαν,</span> <span class='ocrx_word' id='word_1_721' title='bbox 398 4853 602 4926; x_wconf 71' lang='grc' dir='ltr'>ἧγουν,</span> <span class='ocrx_word' id='word_1_722' title='bbox 622 4850 931 4908; x_wconf 82' lang='grc' dir='ltr'>αύθεντίαν.</span> <span class='ocrx_word' id='word_1_723' title='bbox 955 4851 1106 4924; x_wconf 75' lang='grc' dir='ltr'>Ἔφη</span> <span class='ocrx_word' id='word_1_724' title='bbox 1121 4851 1232 4924; x_wconf 90' lang='grc' dir='ltr'>γάρ</span> <span class='ocrx_word' id='word_1_725' title='bbox 1254 4851 1459 4918; x_wconf 73' lang='grc' dir='ltr'><strong>οὕτως·</strong></span> <span class='ocrx_word' id='word_1_726' title='bbox 1495 4852 1825 4927; x_wconf 73' lang='grc' dir='ltr'><strong>’Διώριστος</strong></span> 
     </span>
    </p>
   </div>
   <div class='ocr_carea' id='block_1_99' title="bbox 234 4941 1824 5019">
    <p class='ocr_par' dir='ltr' id='par_1_99' title="bbox 234 4941 1824 5019">
     <span class='ocr_line' id='line_1_99' title="bbox 234 4941 1824 5019; baseline 0.001 -19"><span class='ocrx_word' id='word_1_727' title='bbox 234 4942 329 5000; x_wconf 76' lang='grc' dir='ltr'>τοῦ</span> <span class='ocrx_word' id='word_1_728' title='bbox 361 4942 703 5017; x_wconf 74' lang='grc' dir='ltr'>φαινομόνου</span> <span class='ocrx_word' id='word_1_729' title='bbox 729 4941 864 5009; x_wconf 87' lang='grc' dir='ltr'>Θεός</span> <span class='ocrx_word' id='word_1_730' title='bbox 885 4958 901 4977; x_wconf 80' lang='grc' dir='ltr'>ο</span> <span class='ocrx_word' id='word_1_731' title='bbox 929 4942 1020 5001; x_wconf 79' lang='grc' dir='ltr'>διά</span> <span class='ocrx_word' id='word_1_732' title='bbox 1051 4943 1211 4999; x_wconf 79' lang='grc' dir='ltr'>τοῦτο</span> <span class='ocrx_word' id='word_1_733' title='bbox 1231 4943 1330 4998; x_wconf 82' lang='grc' dir='ltr'>τοῦ</span> <span class='ocrx_word' id='word_1_734' title='bbox 1354 4944 1431 5017; x_wconf 78' lang='grc' dir='ltr'>μὴ</span> <span class='ocrx_word' id='word_1_735' title='bbox 1451 4945 1824 5019; x_wconf 70' lang='grc' dir='ltr'>χωριζομινου</span> 
     </span>
    </p>
   </div>
   <div class='ocr_carea' id='block_1_100' title="bbox 235 5035 1827 5112">
    <p class='ocr_par' dir='ltr' id='par_1_100' title="bbox 235 5035 1827 5112">
     <span class='ocr_line' id='line_1_100' title="bbox 235 5035 1827 5112; baseline 0 -18"><span class='ocrx_word' id='word_1_736' title='bbox 235 5039 332 5111; x_wconf 71' lang='grc' dir='ltr'>τὴν</span> <span class='ocrx_word' id='word_1_737' title='bbox 353 5039 528 5112; x_wconf 69' lang='grc' dir='ltr'>τιμὴν</span> <span class='ocrx_word' id='word_1_738' title='bbox 560 5035 626 5092; x_wconf 81' lang='grc' dir='ltr'><strong>οὐ</strong></span> <span class='ocrx_word' id='word_1_739' title='bbox 645 5035 900 5111; x_wconf 77' lang='grc' dir='ltr'><strong>χωρίζω’</strong></span> <span class='ocrx_word' id='word_1_740' title='bbox 933 5036 1156 5111; x_wconf 76' lang='grc' dir='ltr'><strong>χωρίζω</strong></span> <span class='ocrx_word' id='word_1_741' title='bbox 1181 5036 1283 5103; x_wconf 85' lang='grc' dir='ltr'><strong>τάς</strong></span> <span class='ocrx_word' id='word_1_742' title='bbox 1317 5036 1508 5109; x_wconf 80' lang='grc' dir='ltr'><strong>φύσεις</strong></span> <span class='ocrx_word' id='word_1_743' title='bbox 1525 5055 1542 5070; x_wconf 89' lang='grc'><strong>·</strong></span> <span class='ocrx_word' id='word_1_744' title='bbox 1575 5039 1692 5095; x_wconf 82' lang='grc' dir='ltr'>ἀλλ’</span> <span class='ocrx_word' id='word_1_745' title='bbox 1717 5037 1827 5094; x_wconf 71' lang='grc' dir='ltr'>ινῶ</span> 
     </span>
    </p>
   </div>
   <div class='ocr_carea' id='block_1_101' title="bbox 234 5127 1821 5206">
    <p class='ocr_par' dir='ltr' id='par_1_101' title="bbox 234 5127 1821 5206">
     <span class='ocr_line' id='line_1_101' title="bbox 234 5127 1821 5206; baseline 0 -20"><span class='ocrx_word' id='word_1_746' title='bbox 234 5131 332 5205; x_wconf 75' lang='grc' dir='ltr'><strong>τὴν</strong></span> <span class='ocrx_word' id='word_1_747' title='bbox 381 5127 790 5206; x_wconf 77' lang='grc' dir='ltr'><strong>προσκύνησιν.</strong></span> <span class='ocrx_word' id='word_1_748' title='bbox 839 5130 909 5184; x_wconf 88' lang='grc' dir='ltr'><strong>οι</strong></span> <span class='ocrx_word' id='word_1_749' title='bbox 943 5129 1111 5200; x_wconf 73' lang='grc' dir='ltr'>δόσγε</span> <span class='ocrx_word' id='word_1_750' title='bbox 1147 5130 1291 5186; x_wconf 84' lang='grc' dir='ltr'><strong>κατά</strong></span> <span class='ocrx_word' id='word_1_751' title='bbox 1331 5131 1431 5203; x_wconf 76' lang='grc' dir='ltr'><strong>τὴν</strong></span> <span class='ocrx_word' id='word_1_752' title='bbox 1487 5130 1821 5206; x_wconf 80' lang='grc' dir='ltr'>’Δντιόχειαν</span> 
     </span>
    </p>
   </div>
   <div class='ocr_carea' id='block_1_102' title="bbox 235 5212 1823 5294">
    <p class='ocr_par' dir='ltr' id='par_1_102' title="bbox 235 5212 1823 5294">
     <span class='ocr_line' id='line_1_102' title="bbox 235 5212 1823 5294; baseline -0.001 -16"><span class='ocrx_word' id='word_1_753' title='bbox 235 5221 479 5293; x_wconf 71' lang='grc' dir='ltr'>ἀδελφοὶ,</span> <span class='ocrx_word' id='word_1_754' title='bbox 499 5218 579 5275; x_wconf 85' lang='grc' dir='ltr'><strong>τά</strong></span> <span class='ocrx_word' id='word_1_755' title='bbox 611 5219 714 5292; x_wconf 68' lang='grc' dir='ltr'><strong>μιν</strong></span> <span class='ocrx_word' id='word_1_756' title='bbox 734 5218 795 5287; x_wconf 77' lang='grc' dir='ltr'><strong>ιε</strong></span> <span class='ocrx_word' id='word_1_757' title='bbox 835 5212 915 5275; x_wconf 77' lang='grc' dir='ltr'><strong>ὢν</strong></span> <span class='ocrx_word' id='word_1_758' title='bbox 940 5221 1147 5276; x_wconf 77' lang='grc' dir='ltr'>νοεῖται</span> <span class='ocrx_word' id='word_1_759' title='bbox 1175 5221 1433 5294; x_wconf 75' lang='grc' dir='ltr'>Χριστὸς,</span> <span class='ocrx_word' id='word_1_760' title='bbox 1463 5221 1541 5287; x_wconf 82' lang='grc' dir='ltr'><strong>ὡς</strong></span> <span class='ocrx_word' id='word_1_761' title='bbox 1559 5223 1617 5276; x_wconf 70' lang='grc' dir='ltr'><strong>εν</strong></span> <span class='ocrx_word' id='word_1_762' title='bbox 1634 5222 1823 5294; x_wconf 72' lang='grc' dir='ltr'>ψιλαῖς</span> 
     </span>
    </p>
   </div>
   <div class='ocr_carea' id='block_1_103' title="bbox 235 5310 1822 5387">
    <p class='ocr_par' dir='ltr' id='par_1_103' title="bbox 235 5310 1822 5387">
     <span class='ocr_line' id='line_1_103' title="bbox 235 5310 1822 5387; baseline -0.003 -17"><span class='ocrx_word' id='word_1_763' title='bbox 235 5314 328 5370; x_wconf 75' lang='grc' dir='ltr'>καὶ</span> <span class='ocrx_word' id='word_1_764' title='bbox 360 5314 562 5387; x_wconf 81' lang='grc' dir='ltr'>μόναις</span> <span class='ocrx_word' id='word_1_765' title='bbox 593 5310 826 5378; x_wconf 70' lang='grc' dir='ltr'>ῑννοίαις</span> <span class='ocrx_word' id='word_1_766' title='bbox 861 5310 1166 5384; x_wconf 78' lang='grc' dir='ltr'>δεχόμενοι,</span> <span class='ocrx_word' id='word_1_767' title='bbox 1199 5312 1418 5383; x_wconf 77' lang='grc' dir='ltr'><strong>φύσεων</strong></span> <span class='ocrx_word' id='word_1_768' title='bbox 1442 5311 1544 5383; x_wconf 76' lang='grc' dir='ltr'>μὶν</span> <span class='ocrx_word' id='word_1_769' title='bbox 1564 5312 1822 5384; x_wconf 72' lang='grc' dir='ltr'>εἰρήκασι</span> 
     </span>
    </p>
   </div>
   <div class='ocr_carea' id='block_1_104' title="bbox 233 5402 1823 5479">
    <p class='ocr_par' dir='ltr' id='par_1_104' title="bbox 233 5402 1823 5479">
     <span class='ocr_line' id='line_1_104' title="bbox 233 5402 1823 5479; baseline -0.001 -20"><span class='ocrx_word' id='word_1_770' title='bbox 233 5405 500 5479; x_wconf 74' lang='grc' dir='ltr'>διαφορὰν</span> <span class='ocrx_word' id='word_1_771' title='bbox 530 5407 554 5478; x_wconf 91' lang='grc'><strong>(</strong></span> <span class='ocrx_word' id='word_1_772' title='bbox 581 5404 664 5460; x_wconf 72' lang='grc' dir='ltr'><strong>ότι</strong></span> <span class='ocrx_word' id='word_1_773' title='bbox 698 5402 778 5478; x_wconf 73' lang='grc' dir='ltr'>μὴ</span> <span class='ocrx_word' id='word_1_774' title='bbox 803 5403 1022 5473; x_wconf 74' lang='grc' dir='ltr'>ταυτὸν,</span> <span class='ocrx_word' id='word_1_775' title='bbox 1050 5403 1127 5471; x_wconf 79' lang='grc' dir='ltr'>ὡς</span> <span class='ocrx_word' id='word_1_776' title='bbox 1155 5404 1318 5477; x_wconf 76' lang='grc' dir='ltr'>ιφην,</span> <span class='ocrx_word' id='word_1_777' title='bbox 1345 5405 1406 5459; x_wconf 72' lang='grc' dir='ltr'><strong>ιν</strong></span> <span class='ocrx_word' id='word_1_778' title='bbox 1438 5403 1688 5475; x_wconf 85' lang='grc' dir='ltr'>ποιότητι</span> <span class='ocrx_word' id='word_1_779' title='bbox 1720 5421 1823 5474; x_wconf 80' lang='grc' dir='ltr'><strong>φυ-</strong></span> 
     </span>
    </p>
   </div>
   <div class='ocr_carea' id='block_1_105' title="bbox 299 5561 878 5635">
    <p class='ocr_par' dir='ltr' id='par_1_105' title="bbox 299 5561 878 5635">
     <span class='ocr_line' id='line_1_105' title="bbox 299 5561 878 5635; baseline -0.005 -11"><span class='ocrx_word' id='word_1_780' title='bbox 299 5566 344 5599; x_wconf 77' lang='grc'><strong>⁸⁸</strong></span> <span class='ocrx_word' id='word_1_781' title='bbox 370 5563 621 5635; x_wconf 81' lang='lat' dir='ltr'><strong>Philipp.</strong></span> <span class='ocrx_word' id='word_1_782' title='bbox 662 5577 723 5630; x_wconf 92' lang='lat' dir='ltr'><strong>u,</strong></span> <span class='ocrx_word' id='word_1_783' title='bbox 751 5561 878 5622; x_wconf 79' lang='grc' dir='ltr'>θ-θ.</span> 
     </span>
    </p>
   </div>
   <div class='ocr_carea' id='block_1_106' title="bbox 1918 4756 3518 4839">
    <p class='ocr_par' dir='ltr' id='par_1_106' title="bbox 1918 4756 3518 4839">
     <span class='ocr_line' id='line_1_106' title="bbox 1918 4756 3518 4839; baseline -0.007 -14"><span class='ocrx_word' id='word_1_784' title='bbox 1918 4767 2034 4825; x_wconf 81' lang='lat' dir='ltr'><strong>Deo</strong></span> <span class='ocrx_word' id='word_1_785' title='bbox 2047 4766 2426 4839; x_wconf 74' lang='lat' dir='ltr'><strong>coniunctum,</strong></span> <span class='ocrx_word' id='word_1_786' title='bbox 2445 4777 2547 4835; x_wconf 90' lang='lat' dir='ltr'><strong>per</strong></span> <span class='ocrx_word' id='word_1_787' title='bbox 2561 4761 2734 4818; x_wconf 90' lang='lat' dir='ltr'><strong>solam</strong></span> <span class='ocrx_word' id='word_1_788' title='bbox 2771 4759 3004 4816; x_wconf 84' lang='lat' dir='ltr'><strong>honoris</strong></span> <span class='ocrx_word' id='word_1_789' title='bbox 3022 4756 3396 4828; x_wconf 66' lang='lat' dir='ltr'><strong>aequalitatem</strong></span> <span class='ocrx_word' id='word_1_790' title='bbox 3416 4771 3518 4814; x_wconf 88' lang='lat' dir='ltr'><strong>seu</strong></span> 
     </span>
    </p>
   </div>
   <div class='ocr_carea' id='block_1_107' title="bbox 1918 4846 3516 4920">
    <p class='ocr_par' dir='ltr' id='par_1_107' title="bbox 1918 4846 3516 4920">
     <span class='ocr_line' id='line_1_107' title="bbox 1918 4846 3516 4920; baseline -0.01 -3"><span class='ocrx_word' id='word_1_791' title='bbox 1918 4859 2327 4917; x_wconf 89' lang='lat' dir='ltr'><strong>auctoritatem.</strong></span> <span class='ocrx_word' id='word_1_792' title='bbox 2349 4856 2478 4912; x_wconf 66' lang='lat' dir='ltr'><strong>nec</strong></span> <span class='ocrx_word' id='word_1_793' title='bbox 2503 4853 2651 4910; x_wconf 81' lang='lat' dir='ltr'><strong>enim</strong></span> <span class='ocrx_word' id='word_1_794' title='bbox 2671 4859 2804 4908; x_wconf 92' lang='lat' dir='ltr'><strong>sunt</strong></span> <span class='ocrx_word' id='word_1_795' title='bbox 2819 4849 2990 4907; x_wconf 86' lang='lat' dir='ltr'><strong>verba</strong></span> <span class='ocrx_word' id='word_1_796' title='bbox 3010 4847 3162 4905; x_wconf 90' lang='lat' dir='ltr'><strong>illius</strong></span> <span class='ocrx_word' id='word_1_797' title='bbox 3186 4864 3202 4903; x_wconf 89' lang='lat'><strong>:</strong></span> <span class='ocrx_word' id='word_1_798' title='bbox 3226 4846 3516 4920; x_wconf 83' lang='lat' dir='ltr'><strong>insepara-</strong></span> 
     </span>
    </p>
   </div>
   <div class='ocr_carea' id='block_1_108' title="bbox 1918 4937 3518 5011">
    <p class='ocr_par' dir='ltr' id='par_1_108' title="bbox 1918 4937 3518 5011">
     <span class='ocr_line' id='line_1_108' title="bbox 1918 4937 3518 5011; baseline -0.007 -7"><span class='ocrx_word' id='word_1_799' title='bbox 1918 4946 2049 5005; x_wconf 88' lang='lat' dir='ltr'><strong>bilis</strong></span> <span class='ocrx_word' id='word_1_800' title='bbox 2065 4957 2152 5003; x_wconf 89' lang='lat' dir='ltr'><strong>est</strong></span> <span class='ocrx_word' id='word_1_801' title='bbox 2170 4947 2366 5004; x_wconf 84' lang='lat' dir='ltr'><strong>Densa</strong></span> <span class='ocrx_word' id='word_1_802' title='bbox 2389 4943 2628 5011; x_wconf 81' lang='lat' dir='ltr'><strong>visibili;</strong></span> <span class='ocrx_word' id='word_1_803' title='bbox 2657 4941 2805 4997; x_wconf 90' lang='lat' dir='ltr'><strong>unde</strong></span> <span class='ocrx_word' id='word_1_804' title='bbox 2831 4940 3103 4996; x_wconf 89' lang='lat' dir='ltr'><strong>honorem</strong></span> <span class='ocrx_word' id='word_1_805' title='bbox 3133 4937 3256 5010; x_wconf 88' lang='lat' dir='ltr'><strong>ejus</strong></span> <span class='ocrx_word' id='word_1_806' title='bbox 3282 4937 3381 5009; x_wconf 92' lang='lat' dir='ltr'><strong>qui</strong></span> <span class='ocrx_word' id='word_1_807' title='bbox 3403 4951 3518 4993; x_wconf 90' lang='lat' dir='ltr'><strong>non</strong></span> 
     </span>
    </p>
   </div>
   <div class='ocr_carea' id='block_1_109' title="bbox 1919 5028 3517 5110">
    <p class='ocr_par' dir='ltr' id='par_1_109' title="bbox 1919 5028 3517 5110">
     <span class='ocr_line' id='line_1_109' title="bbox 1919 5028 3517 5110; baseline -0.006 -16"><span class='ocrx_word' id='word_1_808' title='bbox 1919 5047 2235 5110; x_wconf 84' lang='lat' dir='ltr'><strong>separatur,</strong></span> <span class='ocrx_word' id='word_1_809' title='bbox 2270 5050 2386 5092; x_wconf 89' lang='lat' dir='ltr'><strong>non</strong></span> <span class='ocrx_word' id='word_1_810' title='bbox 2418 5048 2649 5107; x_wconf 86' lang='lat' dir='ltr'><strong>separo;</strong></span> <span class='ocrx_word' id='word_1_811' title='bbox 2688 5046 2888 5103; x_wconf 85' lang='lat' dir='ltr'><strong>separo</strong></span> <span class='ocrx_word' id='word_1_812' title='bbox 2922 5039 3180 5096; x_wconf 88' lang='lat' dir='ltr'><strong>naturas,</strong></span> <span class='ocrx_word' id='word_1_813' title='bbox 3228 5028 3327 5087; x_wconf 88' lang='lat' dir='ltr'><strong>sed</strong></span> <span class='ocrx_word' id='word_1_814' title='bbox 3380 5043 3517 5098; x_wconf 81' lang='lat' dir='ltr'><strong>con-</strong></span> 
     </span>
    </p>
   </div>
   <div class='ocr_carea' id='block_1_110' title="bbox 1920 5120 3518 5203">
    <p class='ocr_par' dir='ltr' id='par_1_110' title="bbox 1920 5120 3518 5203">
     <span class='ocr_line' id='line_1_110' title="bbox 1920 5120 3518 5203; baseline -0.006 -16"><span class='ocrx_word' id='word_1_815' title='bbox 1920 5131 2093 5203; x_wconf 75' lang='lat' dir='ltr'><strong>jungo</strong></span> <span class='ocrx_word' id='word_1_816' title='bbox 2114 5129 2512 5187; x_wconf 90' lang='lat' dir='ltr'><strong>adorationem.</strong></span> <span class='ocrx_word' id='word_1_817' title='bbox 2536 5125 2608 5183; x_wconf 76' lang='lat' dir='ltr'><strong>At</strong></span> <span class='ocrx_word' id='word_1_818' title='bbox 2627 5139 2760 5182; x_wconf 89' lang='lat' dir='ltr'><strong>vero</strong></span> <span class='ocrx_word' id='word_1_819' title='bbox 2780 5120 3113 5180; x_wconf 78' lang='lat' dir='ltr'><strong>Antiocheni</strong></span> <span class='ocrx_word' id='word_1_820' title='bbox 3128 5121 3350 5188; x_wconf 87' lang='lat' dir='ltr'><strong>fratres,</strong></span> <span class='ocrx_word' id='word_1_821' title='bbox 3364 5135 3431 5178; x_wconf 89' lang='lat' dir='ltr'><strong>ea</strong></span> <span class='ocrx_word' id='word_1_822' title='bbox 3448 5137 3518 5178; x_wconf 83' lang='lat' dir='ltr'><strong>ex</strong></span> 
     </span>
    </p>
   </div>
   <div class='ocr_carea' id='block_1_111' title="bbox 1926 5211 3518 5296">
    <p class='ocr_par' dir='ltr' id='par_1_111' title="bbox 1926 5211 3518 5296">
     <span class='ocr_line' id='line_1_111' title="bbox 1926 5211 3518 5296; baseline -0.006 -16"><span class='ocrx_word' id='word_1_823' title='bbox 1926 5223 2132 5296; x_wconf 88' lang='lat' dir='ltr'><strong>quibus</strong></span> <span class='ocrx_word' id='word_1_824' title='bbox 2151 5220 2409 5279; x_wconf 89' lang='lat' dir='ltr'><strong>Christus</strong></span> <span class='ocrx_word' id='word_1_825' title='bbox 2428 5218 2766 5276; x_wconf 89' lang='lat' dir='ltr'><strong>constitutus</strong></span> <span class='ocrx_word' id='word_1_826' title='bbox 2786 5213 3136 5288; x_wconf 70' lang='lat' dir='ltr'><strong>intelligitur,</strong></span> <span class='ocrx_word' id='word_1_827' title='bbox 3164 5211 3404 5285; x_wconf 89' lang='lat' dir='ltr'><strong>simplici</strong></span> <span class='ocrx_word' id='word_1_828' title='bbox 3429 5227 3518 5270; x_wconf 91' lang='lat' dir='ltr'><strong>so-</strong></span> 
     </span>
    </p>
   </div>
   <div class='ocr_carea' id='block_1_112' title="bbox 1925 5301 3520 5385">
    <p class='ocr_par' dir='ltr' id='par_1_112' title="bbox 1925 5301 3520 5385">
     <span class='ocr_line' id='line_1_112' title="bbox 1925 5301 3520 5385; baseline -0.005 -16"><span class='ocrx_word' id='word_1_829' title='bbox 1925 5313 2091 5383; x_wconf 90' lang='lat' dir='ltr'><strong>laque</strong></span> <span class='ocrx_word' id='word_1_830' title='bbox 2111 5309 2446 5385; x_wconf 71' lang='lat' dir='ltr'><strong>cogitatione</strong></span> <span class='ocrx_word' id='word_1_831' title='bbox 2467 5307 2916 5380; x_wconf 87' lang='lat' dir='ltr'><strong>complectentes,</strong></span> <span class='ocrx_word' id='word_1_832' title='bbox 2941 5312 3270 5360; x_wconf 90' lang='lat' dir='ltr'><strong>naturarum</strong></span> <span class='ocrx_word' id='word_1_833' title='bbox 3289 5301 3520 5375; x_wconf 84' lang='lat' dir='ltr'><strong>quidem</strong></span> 
     </span>
    </p>
   </div>
   <div class='ocr_carea' id='block_1_113' title="bbox 1927 5391 3519 5471">
    <p class='ocr_par' dir='ltr' id='par_1_113' title="bbox 1927 5391 3519 5471">
     <span class='ocr_line' id='line_1_113' title="bbox 1927 5391 3519 5471; baseline -0.006 -12"><span class='ocrx_word' id='word_1_834' title='bbox 1927 5401 2300 5461; x_wconf 69' lang='lat' dir='ltr'><strong>diﬂerentiam</strong></span> <span class='ocrx_word' id='word_1_835' title='bbox 2327 5398 2588 5457; x_wconf 89' lang='lat' dir='ltr'><strong>dixerunt</strong></span> <span class='ocrx_word' id='word_1_836' title='bbox 2621 5397 2823 5471; x_wconf 88' lang='lat' dir='ltr'><strong>(neque</strong></span> <span class='ocrx_word' id='word_1_837' title='bbox 2854 5393 3026 5462; x_wconf 85' lang='lat' dir='ltr'><strong>enim,</strong></span> <span class='ocrx_word' id='word_1_838' title='bbox 3064 5402 3128 5451; x_wconf 95' lang='lat' dir='ltr'><strong>ut</strong></span> <span class='ocrx_word' id='word_1_839' title='bbox 3164 5407 3330 5466; x_wconf 89' lang='lat' dir='ltr'><strong>supra</strong></span> <span class='ocrx_word' id='word_1_840' title='bbox 3360 5391 3519 5450; x_wconf 84' lang='lat' dir='ltr'><strong>dics-</strong></span> 
     </span>
    </p>
   </div>
   <div class='ocr_carea' id='block_1_114' title="bbox 1329 5667 2445 5742">
    <p class='ocr_par' dir='ltr' id='par_1_114' title="bbox 1329 5667 2445 5742">
     <span class='ocr_line' id='line_1_114' title="bbox 1329 5667 2445 5742; baseline 0 -16"><span class='ocrx_word' id='word_1_841' title='bbox 1329 5669 1506 5727; x_wconf 68' lang='lat' dir='ltr'><strong>Varia</strong></span> <span class='ocrx_word' id='word_1_842' title='bbox 1541 5667 1810 5727; x_wconf 90' lang='lat' dir='ltr'><strong>lectiones</strong></span> <span class='ocrx_word' id='word_1_843' title='bbox 1835 5667 2044 5726; x_wconf 87' lang='lat' dir='ltr'><strong>codicis</strong></span> <span class='ocrx_word' id='word_1_844' title='bbox 2073 5667 2445 5742; x_wconf 74' lang='lat' dir='ltr'><strong>Seguieriani.</strong></span> 
     </span>
    </p>
   </div>
   <div class='ocr_carea' id='block_1_115' title="bbox 299 5779 1672 5864">
    <p class='ocr_par' dir='ltr' id='par_1_115' title="bbox 299 5779 1672 5864">
     <span class='ocr_line' id='line_1_115' title="bbox 299 5779 1672 5864; baseline -0.005 -17"><span class='ocrx_word' id='word_1_845' title='bbox 299 5799 333 5847; x_wconf 76' lang='grc'><strong><em>1</em></strong></span> <span class='ocrx_word' id='word_1_846' title='bbox 355 5792 416 5850; x_wconf 79' lang='grc' dir='ltr'>ει</span> <span class='ocrx_word' id='word_1_847' title='bbox 450 5791 800 5864; x_wconf 77' lang='grc' dir='ltr'>θεοπρεπεῖς.</span> <span class='ocrx_word' id='word_1_848' title='bbox 878 5798 902 5827; x_wconf 80' lang='grc' dir='ltr'><strong><em>ι</em></strong></span> <span class='ocrx_word' id='word_1_849' title='bbox 928 5779 1090 5855; x_wconf 73' lang='grc' dir='ltr'>εἶναι,</span> <span class='ocrx_word' id='word_1_850' title='bbox 1124 5786 1238 5842; x_wconf 84' lang='grc' dir='ltr'>καί.</span> <span class='ocrx_word' id='word_1_851' title='bbox 1319 5795 1346 5826; x_wconf 72' lang='grc' dir='ltr'>α</span> <span class='ocrx_word' id='word_1_852' title='bbox 1379 5783 1672 5858; x_wconf 71' lang='grc' dir='ltr'>ινθόκεται.</span> 
     </span>
    </p>
   </div>
   <div class='ocr_carea' id='block_1_116' title="bbox 1752 5784 2184 5860">
    <p class='ocr_par' dir='ltr' id='par_1_116' title="bbox 1752 5784 2184 5860">
     <span class='ocr_line' id='line_1_116' title="bbox 1752 5784 2184 5860; baseline 0.005 -19"><span class='ocrx_word' id='word_1_853' title='bbox 1752 5784 1780 5827; x_wconf 72' lang='grc' dir='ltr'>δ</span> <span class='ocrx_word' id='word_1_854' title='bbox 1815 5786 2184 5860; x_wconf 79' lang='grc' dir='ltr'>ἀποδιίστησι.</span> 
     </span>
    </p>
   </div>
  </div>
