4154 6322
640 364 784 423 195μ

1682 361 1738 417 S.
1776 357 2049 417 CYRILIJ
2087 352 2555 412 ALEXANDRINI
2591 355 2912 412 ARCHIEP.

3786 354 3890 414 196

638 482 789 550 ham,
815 479 962 539 idem
992 481 1153 554 111
1176 479 1416 538 naturali
1441 478 1706 550 qualitate
1741 482 1870 532 sunt
1890 473 2151 528 divinitas
2172 480 2225 527 et

2331 473 2456 542 σικῇ
2487 471 2680 542 θεότης
2730 472 2826 526 καὶ
2857 470 3258 544 ἁνθρωπότης),
3281 469 3377 532 ενα
3397 486 3462 540 γε
3491 469 3600 542 μὴν
3624 469 3775 534 Υίὸν,
3800 471 3897 524 καὶ

641 572 1003 643 humanitas),
1031 581 1273 630 attamen
1300 586 1472 627 unum
1503 569 1724 633 Filium,
1755 574 1811 622 et
1835 563 2140 630 Christum,
2163 573 2221 619 et

641 665 935 722 Dominum
982 672 1321 736 agnoscunt;
1355 671 1414 724 et
1457 671 1716 733 tanquam
1757 673 1902 714 unus
1940 671 2070 711 vere
2113 655 2220 720 sit,

643 773 809 831 unam
841 773 1059 828 quoque
1087 771 1208 812 esse
1246 755 1493 828 ejusdem
1527 766 1817 824 personam
1847 750 2074 816 dicunt;
2101 763 2224 818 qua:

642 864 777 906 vero
803 850 950 904 inter
972 863 1032 904 se
1061 847 1215 906 unita
1242 854 1392 913 sunt,
1418 862 1484 902 ea
1517 845 1669 902 nullo
1701 850 1864 916 pacto
1888 843 2223 898 distrahunt.

642 940 760 996 Sed
784 955 962 1010 neque
1000 939 1166 995 ullam
1214 939 1524 995 naturalem
1556 937 1885 994 divisionem
1919 933 2224 1004 recipiunt,

645 1038 710 1084 ut
738 1029 1042 1085 infelicium
1077 1027 1457 1084 inventionum
1490 1025 1705 1082 auctori
1743 1024 1950 1080 sentire
1977 1020 2223 1092 placuit:

641 1120 791 1176 solas
814 1127 998 1177 autem
1019 1135 1206 1186 voces,
1237 1135 1361 1190 qua:
1388 1118 1456 1174 de
1482 1117 1704 1174 Christo
1728 1115 2012 1179 dicuntur,
2044 1127 2226 1167 secer-

641 1211 852 1267 nendas
879 1210 1222 1266 contendunt
1249 1229 1262 1264 :
1288 1218 1603 1280 competere
1624 1216 1812 1264 autem
1840 1223 1933 1287 eas
1951 1211 2224 1270 asserunt,

640 1317 754 1357 non
781 1302 916 1358 alias
944 1301 1169 1372 quidem
1214 1300 1312 1356 Dei
1358 1299 1539 1356 Patris
1575 1299 1758 1356 Verbo
1797 1306 2055 1368 tanquam
2090 1295 2228 1350 Filio

641 1394 874 1448 seorsim
902 1409 1002 1464 per
1031 1408 1089 1448 se
1114 1391 1327 1464 posito;
1359 1391 1496 1446 alias
1517 1405 1650 1446 vero
1669 1389 1751 1446 illi
1780 1404 1849 1444 ex
1875 1388 2105 1443 muliere
2132 1402 2227 1458 ge-

641 1486 781 1551 nito,
803 1494 1063 1557 tanquam
1110 1485 1270 1540 alteri
1296 1499 1488 1541 rursus
1512 1481 1775 1539 distincto
1796 1480 1910 1534 ﬁlio
1933 1496 1950 1534 :
1971 1479 2070 1534 sed
2089 1478 2228 1534 alias

638 1577 867 1646 quidem
913 1575 1185 1633 divinitati
1224 1577 1406 1642 illius,
1430 1576 1570 1632 alias
1609 1588 1831 1629 rursum
1873 1570 2224 1627 humanitati.

640 1666 796 1725 Unus
825 1669 972 1724 enim
1014 1668 1270 1738 idemque
1313 1665 1474 1722 simul
1507 1668 1654 1722 Deus
1699 1673 1756 1720 et
1796 1665 1960 1720 homo
1989 1660 2223 1719 exsistit.

640 1760 866 1818 Addunt
933 1761 1294 1817 nihilominus
1349 1760 1623 1832 quasdam
1659 1773 1782 1814 esse
1819 1755 2225 1829 quodammodo

2325 565 2581 637 Χριστὸν,
2610 564 2706 618 καὶ
2728 563 2957 636 Κύριον,
2998 563 3093 618 καὶ
3119 561 3196 627 ὡς
3225 564 3344 627 ἑνὸς
3384 563 3538 628 δντος
3572 561 3808 633 ἀληθῶς,
3838 563 3902 616 ιν

2324 653 2492 708 αὑτοῦ
2518 653 2614 708 καὶ
2639 653 2702 708 τὸ
2742 653 3036 724 πρόσωπον
3078 648 3220 708 εἶναί
3264 670 3460 722 φασινσ
3511 651 3795 726 μερίζουσι
3843 652 3902 707 δι

2325 747 2449 800 κατ’
2477 745 2670 800 οὐδένα
2702 747 2902 818 τρόπον
2927 743 3000 799 τὰ
3026 746 3297 818 ἡνωμένα.
3335 744 3475 800 Οῦτε
3509 747 3616 816 μὴν
3664 745 3902 818 φυσικὴν

2328 836 2726 909 παραδέχονται
2758 837 2855 908 τὴν
2887 835 3175 909 διαίρεσιν,
3209 836 3353 892 καθὰ
3391 839 3608 908 φρονεῖν
3654 836 3798 902 εδοξε
3823 835 3902 907 τῷ

2326 929 2439 982 τῶν
2490 928 2691 984 ἀθλίων
2740 928 3060 1001 εὐρεμὰτων
3114 931 3410 1000 είσηγητῇ·
3473 928 3799 999 διαιρεῖσθαι
3844 927 3903 982 δὲ

2332 1024 2501 1094 μόνας
2524 1024 2882 1080 διατείνονται
2900 1023 2997 1089 τὰς
3025 1025 3119 1079 επὶ
3140 1024 3221 1095 τῷ
3243 1025 3434 1096 Κυρίῳ
3457 1023 3641 1094 φωνὰς
3669 1023 3904 1093 πρέπειν

2328 1115 2391 1168 τέ
2429 1132 2593 1186 φασιν
2622 1115 2812 1183 αὑτὰς,
2849 1116 2908 1170 οὐ
2938 1115 3037 1181 τὰς
3068 1115 3189 1186 μὲν,
3230 1115 3306 1180 ὡς
3335 1116 3447 1186 Υίῷ
3479 1114 3793 1184 καταμόνας
3825 1111 3906 1183 τῷ

2329 1206 2397 1260 lx
2437 1206 2573 1260 Θεοῦ
2604 1207 2819 1279 Πατρὸς
2844 1208 3020 1278 Λόγῳ,
3050 1207 3151 1270 τὰς
3189 1207 3267 1275 δὲ,
3303 1213 3400 1262 καὶ
3430 1207 3506 1270 ὡς
3534 1205 3706 1276 ἑτέρῳ
3738 1203 3907 1259 πάλιν

2329 1295 2453 1366 υἱῷ,
2481 1295 2559 1367 τῷ
2587 1300 2653 1351 ὲκ
2685 1299 2977 1366 γυναικὸςο
3011 1298 3148 1354 ἀλλὰ
3178 1298 3278 1358 τὰς
3312 1299 3411 1370 μὲν
3447 1301 3512 1369 τῇ
3544 1298 3759 1369 θεότητι
3808 1296 3908 1352 a6-

2328 1388 2446 1454 τοῦ,
2477 1388 2575 1451 τὰς
2606 1387 2662 1442 δὶ
2693 1390 2856 1446 πάλιν
2892 1393 2956 1464 τῇ
2991 1387 3372 1464 ἁνθρωπότητι
3411 1390 3600 1444 αὑτοῦ.
3635 1389 3768 1454 Θεὸς
3796 1389 3908 1461 γάρ

2329 1485 2478 1538 ἐστιν
2501 1482 2530 1535 6
2553 1482 2714 1546 αὐτὸς
2740 1485 2835 1538 καὶ
2850 1484 3156 1558 ἄνθρωπος.
3184 1480 3337 1538 Εῐναι
3361 1483 3418 1537 δέ
3447 1500 3577 1554 φασι
3599 1483 3694 1537 καὶ
3705 1481 3908 1552 ἑτέρας

2330 1575 2805 1648 κοινοποιηθείσας
2851 1577 3053 1648 τρόπον
3101 1576 3247 1642 τινὰ,
3296 1577 3394 1631 παλ⁸
3433 1571 3544 1631 οἷον
3593 1576 3679 1629 ἐπ’
3734 1573 3908 1644 ἄμφω

2330 1667 2656 1740 βλεπούσας,
2715 1668 2947 1740 θεότητα
2993 1670 3088 1723 καὶ
3136 1669 3532 1742 ἀνθρωπότητα
3573 1667 3736 1737 λέγω.
3778 1658 3907 1719 Οῖον

2328 1758 2392 1831 δή
2417 1757 2469 1812 τί
2499 1775 2662 1829 φημι.
2702 1757 2770 1810 Δί
2800 1757 2898 1829 μὲν
2928 1757 3036 1830 γάρ
3065 1761 3171 1812 εἰσι
3189 1759 3300 1813 τῶν
3326 1758 3522 1829 φωνῶν
3552 1758 3634 1812 ὅτι
3671 1755 3908 1828 μάλιστα

639 1865 978 1916 communes,
1010 1858 1067 1907 et
1090 1851 1243 1906 velut
1267 1850 1336 1906 ad
1367 1825 1660 1920 utramque
1689 1825 1946 1904 naturam
1977 1854 2225 1918 spectan-

2331 1825 2658 1921 θεοπρεπεῖς
2677 1865 2689 1879 ·
2708 1825 2843 1904 αἱ
2866 1825 3018 1903 οὕτω.
3036 1850 3199 1903 πάλιν
3220 1825 3740 1922 ἀνθρωποπρεπεές·
3772 1847 3827 1900 αἱ
3847 1845 3907 1900 δὶ

642 1950 746 2009 tes,
765 1943 1133 2010 divinitatem,
1153 1944 1400 2014 inquam,
1414 1939 2060 2008 ethumanitatem.Quod
2079 1939 2226 2005 dico,

638 2036 911 2108 ejusmodi
944 2045 1066 2093 est:
1096 2037 1271 2093 Voces
1300 2036 1551 2107 quadam
1585 2034 1858 2092 divinitati
1881 2031 2228 2103 potissimum

640 2130 999 2194 conveniunt,
1024 2129 1144 2184 alia:
1169 2136 1352 2184 autem
1382 2127 1554 2198 magis
1578 2127 1647 2182 ad
1676 2126 2073 2181 humanitatem
2098 2139 2228 2195 per-

643 2219 851 2286 tinent;
881 2219 1008 2293 οιὶζ,
1019 2217 1282 2290 denique,
1309 2219 1468 2290 quasi
1497 2218 1709 2284 mediae,
1742 2217 1942 2274 Filium
1967 2217 2142 2272 Deum
2170 2224 2231 2271 et

642 2309 921 2365 hominem
944 2291 1108 2365 simul
1134 2317 1190 2364 et
1220 2309 1275 2364 in
1306 2309 1500 2365 eodem
1529 2323 1651 2365 esse
1679 2307 1980 2363 declarant.
2008 2306 2228 2362 Etenim

641 2413 770 2454 cum
821 2399 1076 2472 Philippo
1126 2399 1262 2456 dicit
1304 2417 1321 2454 :
1373 2419 1392 2453 ι
1429 2400 1606 2456 Tanto
1649 2409 1896 2472 tempore
1941 2399 2226 2455 vobiscum

645 2507 789 2557 sum,
816 2501 874 2547 et
893 2507 1004 2547 non
1044 2493 1347 2563 cognovisti
1389 2507 1498 2558 me,
1541 2492 1831 2565 Philippe?
1879 2491 2002 2548 Non
2048 2489 2229 2546 credis

643 2583 774 2652 quia
808 2597 908 2653 ego
937 2583 994 2638 in
1028 2584 1220 2651 Patre,
1255 2593 1312 2640 et
1346 2585 1509 2640 Pater
1534 2584 1591 2638 in
1631 2599 1720 2639 me
1767 2584 1890 2639 est!
1924 2581 2032 2650 Qui
2076 2580 2229 2636 videt

644 2687 752 2739 ne,
768 2672 918 2728 videt
939 2674 1224 2730 etPatrem
1243 2675 1308 2729 ⁸⁸.
1325 2676 1438 2748 Ego
1453 2684 1509 2732 et
1519 2677 1679 2732 Pater
1695 2690 1868 2730 unum
1887 2688 2082 2730 sumus
2099 2674 2174 2740 “;
2199 2691 2218 2725 ι

642 2779 834 2820 vocem
866 2763 1141 2820 divinitati
1164 2767 1398 2821 maxime
1429 2767 1848 2822 cunvenientem
1875 2764 2122 2836 proferre
2148 2763 2228 2820 af-

645 2855 949 2911 ﬁrmamus.
970 2854 1108 2910 Cum
1132 2872 1264 2912 vero
1285 2857 1600 2913 Iudaeorum
1631 2857 1895 2929 populum
1915 2857 2224 2927 increpans,

641 2947 764 3003 ait:
799 2966 818 2996 ο
848 2946 910 3002 Si
938 2946 1036 3002 ﬁlii
1063 2947 1300 3004 Abrahae
1350 2950 1566 3015 essetis,
1593 2965 1763 3020 opera
1819 2947 2055 3005 Abrahae
2085 2949 2230 3004 face-

644 3037 798 3095 retis.
824 3037 983 3094 Nuuc
1011 3047 1192 3094 autem
1215 3040 1464 3110 quaeritis
1483 3056 1569 3095 me
1589 3039 1901 3097 interﬁcere
1922 3039 2223 3106 hominem,

2329 1942 2414 1996 δτι
2446 1942 2681 2013 μάλιστα
2708 1942 2879 2014 μέσην
2905 1942 3028 1996 τινὰ
3053 1940 3207 2007 τάξιν
3238 1942 3544 2013 ἐπέχουσιν,
3577 1939 3908 2012 ἐμφανίζουο

2331 2048 2424 2085 σαι
2455 2031 2552 2086 τὸν
2579 2032 2709 2085 Υίὸν
2747 2031 2879 2086 Θεὸν
2908 2031 3041 2086 δντα
3073 2032 3169 2085 καὶ
3192 2030 3500 2102 ἄνθρωπον,
3541 2028 3678 2102 όμοῦ
3710 2047 3769 2083 τε
3811 2027 3909 2082 καὶ

2328 2123 2388 2178 εν
2415 2123 2616 2195 ταυτῷ.
2652 2120 2819 2177 Ὅταν
2855 2124 2954 2194 μὲν
2990 2123 3100 2195 γὰρ
3129 2121 3208 2194 τῷ
3229 2122 3481 2193 Φιλίππῳ
3509 2122 3641 2194 λέγῃ
3661 2141 3676 2155 ·
3709 2141 3730 2174 ι
3766 2122 3909 2175 Τοσ-

2327 2216 2483 2271 οῦτον
2521 2215 2713 2287 χρόνον
2771 2215 2890 2286 μεθ’
2923 2213 3078 2286 ὑμῶν
3105 2215 3244 2285 ειμι,
3288 2215 3383 2268 καὶ
3405 2213 3507 2267 οὐκ
3539 2212 3787 2282 ἔγνωκάς
3811 2227 3905 2283 με,

2329 2307 2599 2374 tilium;
2631 2306 2707 2361 Οὐ
2738 2317 2762 2346 α
2803 2305 3108 2371 πιστεύεις,
3135 2306 3217 2359 ὅτι
3246 2304 3357 2375 ἐγὼ
3379 2306 3438 2358 ἐν
3469 2304 3549 2376 τῷ
3585 2303 3782 2376 Πατρὶ,
3808 2303 3907 2358 καὶ

2328 2401 2358 2453 6
2390 2398 2579 2470 Πατὴρ
2615 2400 2674 2452 ἐν
2702 2397 2825 2469 ἐμοί
2868 2399 3050 2465 tactv;
3103 2398 3162 2452 'O
3209 2397 3474 2468 ἑωρακὼς
3523 2396 3646 2468 ἐμὲ,
3689 2397 3906 2467 ἑώρακε

2327 2491 2420 2545 τὸν
2453 2490 2694 2562 Πατέρα.
2742 2487 2884 2558 Ἐγὼ
2911 2489 3008 2544 καὶ
3037 2492 3066 2544 6
3089 2491 3279 2560 Πατὴρ
3304 2490 3363 2544 ιν
3391 2489 3557 2561 ἐσμεν
3577 2506 3590 2518 ·
3622 2506 3644 2542 ι
3677 2487 3908 2559 θεοπρε-

2327 2584 2606 2653 πεστάτην
2641 2577 2780 2636 εἶναι
2808 2581 3263 2655 διαϐεϐαιοῦμεθα
3287 2582 3384 2654 τὴν
3413 2582 3620 2654 φωνήν.
3649 2581 3820 2635 Ὅταν
3847 2580 3907 2636 δὲ

2325 2679 2438 2739 τοῖς
2501 2674 2773 2729 Ἰουδαίων
2840 2674 3149 2746 ὲπιπλήττῃ
3192 2674 3413 2745 δήμοις,
3470 2674 3650 2727 ἐκεῖνο
3695 2671 3905 2738 λέγων·

2335 2790 2352 2822 ι
2389 2771 2454 2824 El
2487 2769 2652 2824 τέκνα
2681 2767 2774 2822 τοῦ
2811 2767 3065 2840 ’Δῦραὰμ
3100 2763 3220 2840 ἦτε,
3252 2768 3321 2822 τὰ
3354 2766 3490 2839 ἔργα
3513 2765 3606 2820 τοῦ
3651 2763 3906 2837 ’Δδραὰμ

2329 2862 2567 2915 εποιεῖτε
2602 2860 2694 2914 ἄν·
2725 2860 2820 2914 νῦν
2848 2860 2904 2913 δὲ
2922 2858 3135 2930 ζητεῖτέ
3161 2877 3227 2930 με
3253 2861 3594 2923 ἀποκτεῖναι,
3615 2857 3904 2928 ἄνθρωπον

2327 2953 2386 3017 ὃς
2414 2953 2513 3025 τὴν
2536 2951 2794 3024 ἀλήθειαν
2825 2952 2953 3023 ὑμῖν
2972 2951 3247 3023 λελάληκα
3269 2968 3284 2984 ο
3318 2951 3478 3005 τοῦτο
3516 2949 3768 3022 Ἀϐραὰμ
3804 2947 3906 3001 οὐκ

2327 3045 2614 3115 ἐποίησεν·
2659 3063 2678 3097 ι
2717 3044 3207 3116 ἀνθρωποπρεπῶς
3254 3041 3504 3115 εἰρῆσθαι
3541 3041 3765 3097 τοιαῦτα
3797 3058 3904 3111 φα-

643 3129 742 3201 qui
760 3130 1052 3186 veritatem
1069 3131 1228 3186 vobis
1249 3132 1466 3189 locutus
1489 3148 1610 3188 sum
1634 3151 1648 3186 :
1673 3133 1779 3188 hoc
1808 3131 2082 3188 Abraham
2112 3148 2224 3188 non

2333 3155 2452 3209 μεν.
2488 3135 2636 3208 Πλὴν
2661 3134 2752 3190 τοῦ
2791 3134 2911 3199 ἑνὸς
2947 3133 3080 3189 Υῐοῦ
3128 3134 3228 3200 τὰς
3273 3133 3616 3207 θεοπρεπεῑς,
3658 3133 3754 3186 καὶ
3806 3130 3904 3204 μέν

643 3184 777 3278 fecit
796 3219 874 3288 ";
900 3240 919 3274 ι
947 3222 1215 3292 ejusmodi
1232 3224 1432 3294 exponi
1463 3223 1698 3279 dicimus
1717 3239 1839 3294 qua:
1861 3222 2070 3278 homini
2094 3238 2224 3294 pro-

2328 3184 3100 3300 ;JEZR.9}L.£¢§I;.B££¢
3123 3184 3231 3297 7'3;
3254 3184 3903 3296 a',g;.;;;'ia.ma.,

646 3312 766 3384 prie
789 3323 1125 3385 competunt.
1157 3315 1544 3372 Verumtamen
1573 3323 1631 3372 et
1654 3316 1763 3371 illa:
1791 3332 1912 3387 qua:
1951 3315 2225 3371 divinitati

549 3404 554 3408 ’
646 3404 1006 3470 conveniunt,
1041 3413 1098 3461 et
1138 3405 1242 3461 illa:
1257 3421 1492 3465 .rursum
1528 3421 1693 3462 voces
1727 3421 1848 3476 quas
1872 3406 1942 3461 ad
1968 3407 2225 3463 humani-

647 3504 814 3551 tatem
846 3497 1149 3568 pertinent,
1173 3499 1270 3554 uni
1294 3505 1504 3552 tantum
1532 3498 1672 3553 Filio
1691 3498 2063 3554 ascribuntur.
2088 3498 2227 3554 Cum

643 3584 796 3640 enim
839 3585 984 3641 Deus
1021 3594 1188 3652 esset,
1236 3587 1402 3644 homo
1433 3587 1610 3644 factus
1638 3597 1745 3654 est,
1789 3589 2075 3645 divinitate
2114 3605 2228 3644 non

643 3678 866 3744 amissa,
900 3677 996 3734 sed
1021 3694 1186 3735 carne
1216 3689 1273 3734 et
1311 3681 1575 3752 sanguine
1603 3682 1918 3752 assumptis.
1957 3681 2229 3748 Quoniam

645 3783 778 3823 vero
812 3784 956 3823 unus
987 3775 1073 3824 est
1107 3769 1299 3837 Filius,
1348 3779 1406 3824 et
1433 3771 1600 3837 Deus,
1643 3779 1701 3826 et
1730 3771 2032 3838 Dominus,
2060 3787 2227 3827 unam

643 3873 863 3930 quoque
913 3866 1126 3914 tantum
1175 3875 1500 3929 personam,
1575 3870 1685 3916 tam
1734 3877 1836 3917 nos
1903 3872 2068 3933 quam
2120 3863 2226 3933 ipsi

644 3963 1024 4019 agnoscamus.
1051 3950 1258 4006 Medias
1280 3957 1464 4004 autem
1483 3966 1647 4006 voces
1665 3952 1785 4006 illas
1805 3967 1925 4006 esse
1947 3967 2228 4008 assevera-

645 4054 790 4104 mus,
829 4049 889 4095 ut
921 4056 1047 4095 cum
1087 4041 1281 4097 beatus
1305 4041 1508 4097 Paulus
1551 4041 1785 4097 scribit:
1819 4062 1838 4094 ι
1871 4043 2033 4100 Jesus
2061 4043 2226 4099 Chri-

646 4141 767 4188 stus
803 4133 924 4188 heri
955 4144 1011 4188 et
1033 4134 1218 4200 hodie,
1247 4135 1392 4191 idem
1429 4143 1486 4190 et
1520 4136 1578 4190 in
1609 4135 1806 4192 secula
1835 4136 1912 4203 ";
1951 4155 1970 4190 ›
1999 4146 2055 4193 et
2095 4154 2224 4193 rur-

647 4240 771 4279 sum
802 4243 815 4278 :
852 4245 870 4277 ¢
903 4225 1187 4296 Siquidem
1208 4236 1336 4281 sunt
1363 4226 1442 4281 dii
1468 4228 1626 4282 multi
1657 4235 1713 4282 et
1747 4227 1955 4282 domini
1984 4230 2146 4284 multi
2169 4231 2227 4293 in

646 4319 787 4374 caelo
810 4327 866 4374 et
888 4319 944 4374 in
973 4327 1154 4385 terra;
1182 4320 1342 4376 nobis
1373 4327 1558 4375 tamen
1587 4335 1732 4375 unus
1752 4331 1836 4376 est
1869 4321 2014 4377 Deus
2040 4323 2223 4388 Pater,

647 4424 715 4464 ex
746 4424 855 4480 quo
888 4411 1093 4475 omnia,
1123 4421 1179 4467 et
1211 4427 1314 4467 nos
1358 4427 1427 4467 ex
1478 4413 1596 4483 ipso
1637 4431 1649 4467 :
1687 4422 1742 4468 et
1785 4430 1926 4470 unus
1959 4415 2226 4471 Dominus

2330 3320 2390 3371 οὐ
2424 3318 2485 3371 τὸ
2537 3311 2676 3371 εῖναι
2723 3315 2856 3380 Θεὸς
2903 3315 3097 3385 ἀφείς·
3151 3317 3208 3369 ὲν
3253 3315 3555 3386 προσλήψει
3599 3313 3658 3369 δὸ
3703 3312 3906 3385 μᾶλλον

2332 3410 2534 3484 σαρκὸς,
2579 3410 2671 3464 διαὶ
2702 3409 2934 3479 αἵματος
2991 3406 3252 3477 γεγονώς.
3290 3407 3508 3478 Ἐπειδὴ
3538 3407 3595 3461 δὲ
3641 3400 3723 3472 εἷς
3757 3407 3906 3463 ἐστιν

2331 3502 2480 3567 Υίὸς,
2514 3502 2608 3556 καὶ
2636 3501 2790 3565 Θεὸς,
2825 3501 2920 3555 καὶ
2953 3500 3180 3570 Κύριος,
3211 3501 3268 3554 ἓν
3299 3498 3466 3554 αὑτοῦ
3491 3499 3584 3553 καὶ
3614 3499 3907 3572 πρόσωπον

2331 3591 2467 3648 εἶναί
2497 3611 2698 3663 φαμεν,
2732 3595 2892 3664 ἡμεῖς
2923 3610 2981 3647 τε
3015 3595 3279 3648 κάκεῖνοι.
3313 3592 3504 3658 Μέσας
3532 3593 3590 3646 δὲ
3618 3588 3755 3647 εἶναι
3793 3610 3908 3662 φω-

2329 3683 2426 3746 νὰς
2480 3683 2696 3746 ὲκείνας
2729 3679 3218 3752 διαδεσαιοὺμεθα·
3253 3675 3365 3735 οἷον
3396 3683 3525 3735 ὅταν
3571 3683 3600 3734 6
3636 3681 3908 3754 μακάριος

2330 3772 2542 3836 Παῦλος
2571 3773 2793 3846 γράφῃ·
2833 3793 2851 3825 ι
2903 3772 3111 3843 Ἰησοῦς
3150 3773 3386 3844 Χριστὸς
3429 3773 3577 3844 χθὲς,
3615 3775 3710 3827 καὶ
3736 3775 3898 3845 σήμε·

2331 3882 2441 3935 ρον.
2471 3866 2499 3917 6
2526 3864 2686 3924 αὐτὸς
2703 3863 2798 3917 καὶ
2819 3865 2898 3927 είς
2916 3864 3041 3927 τοὺς
3065 3863 3287 3926 αἰῶναςο
3316 3881 3334 3913 ι
3353 3863 3448 3917 καὶ
3472 3863 3631 3917 πάλιν
3652 3880 3666 3894 ·
3690 3881 3709 3916 ι
3733 3863 3908 3936 Εἴπερ

2328 3957 2433 4010 εἰσὶ
2467 3957 2579 4010 θεοί
2619 3957 2712 4009 καὶ
2738 3956 2917 4027 κύριοι
2948 3955 3132 4029 πολλοὶ
3173 3955 3229 4008 ἐν
3259 3972 3318 4009 τε
3360 3954 3442 4026 τῷ
3472 3954 3690 4026 οὐρανῷ
3719 3957 3816 4008 καὶ
3847 3957 3908 4010 ιν

2326 4052 2412 4120 τῇ
2439 4053 2510 4121 γῇ
2542 4049 2601 4089 ά·
2642 4047 2758 4103 ἀλλ’
2791 4051 2920 4119 ἡμῖν
2950 4044 3032 4112 εἷς
3073 4048 3205 4112 Θεὸς
3254 4059 3278 4087 ο
3308 4050 3336 4102 6
3374 4047 3584 4118 Πατὴρ,
3627 4045 3689 4112 ἐξ
3727 4042 3789 4103 οὗ
3839 4047 3909 4104 τὰ

2327 4141 2528 4207 πάντα,
2559 4141 2656 4194 καὶ
2685 4142 2846 4213 ήμιῐς
2874 4141 2934 4205 ἐξ
2961 4139 3154 4195 αὐτοῦ·
3189 4140 3284 4195 καὶ
3312 4134 3392 4203 εἷς
3435 4140 3638 4210 Κύριος
3693 4139 3908 4210 Ἰησοῦς

2327 4232 2583 4303 Χριστὸς,
2613 4231 2680 4285 δι’
2707 4226 2768 4287 οῦ
2797 4232 2865 4286 τὰ
2893 4232 3094 4296 πάντα,
3125 4231 3219 4285 καὶ
3249 4232 3410 4302 ἡμεῖς
3434 4229 3500 4283 δι’
3540 4230 3728 4284 αὑτοῦ·
3757 4249 3776 4282 ι
3811 4229 3909 4284 καὶ

2327 4324 2515 4378 πάλιν·
2561 4344 2579 4376 ι
2628 4323 2892 4396 Ηύχόμην
2937 4325 3046 4393 γὰρ
3093 4322 3257 4386 αὐτὸς
3296 4320 3430 4390 ἐγὼ,
3474 4321 3726 4393 ἀνάθεμα
3763 4316 3908 4376 εἶναι

2326 4416 2433 4470 ἀπὸ
2465 4416 2559 4469 τοῦ
2589 4415 2824 4489 Χριστοῦ
2861 4416 3002 4487 ὑπὲρ
3031 4415 3140 4469 τῶν
3179 4415 3427 4484 ἀδελφῶν
3462 4431 3582 4486 μου,
3623 4431 3736 4468 των
3776 4429 3906 4484 συγο

644 4500 804 4557 Jesus
825 4501 1099 4570 Christus,
1115 4519 1213 4574 per
1228 4519 1393 4574 quem
1407 4504 1609 4569 omnia,
1625 4514 1682 4560 et
1697 4521 1797 4560 nos
1812 4522 1909 4576 per
1925 4507 2105 4577 ipsum
2119 4508 2184 4573 '7;
2198 4527 2215 4559 ι

2330 4508 2502 4576 γενῶν
2537 4526 2638 4580 μου
2687 4508 2830 4562 κατὰ
2879 4510 3088 4579 σάρκα⁶
3139 4508 3338 4572 οἵτινές
3378 4509 3516 4562 εἰσιν
3551 4504 3906 4582 Ἰσραηλῖται,

645 4599 703 4645 et
721 4591 853 4646 alibi
883 4592 1082 4648 iterum
1109 4612 1123 4647 :
1155 4614 1172 4648 ι
1206 4593 1473 4665 Optabam
1495 4595 1645 4650 enim
1668 4611 1769 4667 ego
1794 4597 1910 4667 ipse
1938 4602 2226 4654 anathema

644 4697 767 4738 esse
811 4699 842 4737 a
873 4683 1091 4741 Christo
1138 4702 1238 4757 pro
1276 4687 1542 4742 fratribus
1579 4689 1735 4755 meis,
1779 4689 1874 4759 qui
1914 4689 2075 4760 118
2101 4700 2230 4746 sunt

645 4775 866 4846 cognati
897 4778 1003 4832 mei
1044 4779 1348 4834 secundum
1382 4795 1624 4847 carnem,
1654 4781 1749 4852 qui
1786 4789 1914 4837 sunt
1940 4780 2224 4849 lsraelitas,

642 4883 879 4937 quorum
908 4877 993 4923 est
1024 4870 1244 4940 adoptio
1276 4870 1537 4938 ﬁliorum,
1565 4881 1622 4928 et
1652 4873 1943 4944 legislatio,
1975 4883 2033 4929 et
2064 4883 2229 4929 testa-

643 4967 910 5025 mentum,
946 4972 1003 5016 et
1043 4961 1247 5032 gloria;
1295 4979 1531 5034 quorum
1564 4972 1784 5036 patres,
1818 4974 1874 5020 et
1915 4979 1983 5019 ex
2028 4965 2229 5035 quibus

641 5048 896 5106 Christus
941 5053 1243 5108 secundum
1289 5070 1532 5120 carnem,
1572 5056 1666 5126 qui
1709 5064 1795 5110 est
1837 5072 2005 5128 super
2044 5058 2225 5112 omnia

641 5142 788 5198 Deus
817 5143 1140 5201 benedictus
1164 5147 1219 5202 in
1245 5148 1464 5202 saecula.
1494 5148 1667 5203 Amen
1693 5149 1757 5202 ⁸⁸.
1789 5168 1809 5200 ι
1839 5149 1922 5203 En
1944 5148 2225 5204 Christum

639 5233 828 5290 Jesum
857 5239 1165 5304 nominans,
1191 5240 1308 5294 heri
1340 5249 1397 5295 et
1432 5239 1618 5304 hodie,
1658 5248 1714 5295 et
1745 5240 1801 5294 in
1836 5241 2032 5296 saecula
2067 5256 2225 5295 eum-

641 5325 767 5381 dem
794 5343 912 5382 esse
943 5331 1168 5396 asserit;
1199 5339 1256 5386 et
1279 5349 1377 5402 per
1401 5333 1578 5402 ipsum
1603 5333 1784 5385 omnia
1809 5331 1947 5386 facta
1977 5349 2099 5387 esse
2128 5333 2224 5395 ait,

2326 4593 2402 4654 ὧν
2433 4601 2582 4654 ἐστιν
2605 4603 2638 4673 ἡ
2663 4601 2923 4666 υἱοθεσία,
2946 4603 3037 4656 καὶ
3069 4603 3103 4673 ή
3125 4600 3437 4672 νομοθεσία,
3471 4603 3564 4655 καὶ
3589 4603 3621 4672 ή
3647 4600 3904 4673 διαθήκη,

2327 4692 2422 4746 καὶ
2458 4692 2588 4756 δόξα
2609 4707 2622 4721 ·
2671 4685 2745 4746 ὧν
2772 4693 2822 4746 oi
2852 4693 3107 4762 πατέρες,
3151 4693 3245 4747 καὶ
3279 4691 3341 4757 ἐξ
3369 4689 3444 4745 ὧν
3467 4692 3527 4746 τὸ
3552 4691 3693 4746 κατά
3723 4691 3904 4763 σάρκα

2327 4782 2580 4854 Χριστὸς,
2609 4785 2636 4834 6
2663 4782 2739 4836 ὢν
2779 4784 2868 4836 ἐπὶ
2914 4785 3134 4838 πάντων
3177 4783 3310 4846 Θεὸς
3341 4783 3628 4855 εὐλογητὸς
3664 4784 3744 4847 είς
3775 4783 3903 4848 τοὺς

2325 4875 2552 4940 αίῶνας.
2614 4875 2790 4946 Αμήν.
2843 4895 2862 4929 ι
2903 4876 3034 4929 Ἰδοὺ
3069 4875 3200 4947 γὰρ,
3247 4876 3378 4939 ἰδοὺ,
3424 4876 3657 4946 Χριστὸν
3697 4874 3903 4946 Ἰησοῦν

2324 4968 2616 5036 ὀνομάσας,
2643 4967 2790 5037 χθὲς,
2823 4967 2915 5020 καὶ
2947 4967 3192 5039 σήμερον
3216 4967 3309 5020 τὸν
3349 4967 3514 5022 αὐτὸν
3559 4963 3701 5021 εἷναί
3744 4982 3899 5037 φησι,

2325 5057 2419 5109 κα)⁸
2471 5057 2552 5120 εἰς
2603 5059 2728 5121 τοὺς
2780 5057 3006 5122 αίῶνας,
3057 5057 3152 5111 καὶ
3194 5058 3260 5112 δι’
3314 5059 3481 5112 αὑτοῦ
3542 5057 3796 5127 γενέσθαι
3834 5058 3902 5112 τὰ

2325 5147 2503 5202 πάντα
2520 5164 2533 5177 ·
2561 5149 2766 5202 καὶτὸν
2796 5149 2938 5202 κατὰ
2963 5149 3141 5219 σάρκα
3164 5149 3222 5215 ἐξ
3257 5149 3548 5217 Ἰουδαίων,
3569 5151 3661 5203 ἐπὶ
3685 5149 3903 5204 πάντων

2323 5237 2577 5308 ὀνομάζει
2623 5237 2757 5291 Θεόν
2777 5256 2789 5268 ·
2834 5239 2928 5292 καὶ
2977 5239 3082 5310 μὴν
3112 5243 3205 5294 καὶ
3233 5240 3529 5312 εὑλογητὸν
3557 5235 3697 5296 εἷναί
3737 5257 3903 5314 φησιν

2322 5334 2402 5397 εἰς
2423 5334 2547 5397 τοὺς
2573 5333 2799 5396 αἰῶνας.

714 5483 770 5559 ’ξ
797 5485 945 5559 Ῑοεη.
977 5504 1086 5554 xiv,
1110 5487 1162 5554 8,
1186 5488 1239 5544 9.
1317 5489 1536 5546 “Joan.
1571 5505 1602 5543 x
1660 5489 1747 5544 30.
1825 5491 1870 5522 ⁸⁸
1893 5490 2051 5546 Joan.
2078 5505 2190 5555 vm,
2218 5488 2225 5541 ε

2335 5489 2420 5545 40.
2499 5491 2544 5521 ⁸⁸
2572 5490 2738 5545 Hebr.
2762 5506 2874 5557 xm,
2906 5491 2956 5546 8.
3033 5493 3075 5525 ⁸⁷
3112 5493 3132 5548 l
3163 5491 3288 5549 Cor.
3323 5507 3437 5559 vm,
3461 5495 3515 5558 5.
3537 5493 3590 5552 6.
3669 5493 3715 5528 ⁸⁸
3739 5494 3904 5553 Rom.

642 5571 718 5624 Ix,
743 5555 857 5611 3-5.

1723 5671 1898 5727 Varia:
1922 5671 2189 5729 lectiones
2216 5674 2424 5732 codicis
2450 5674 2812 5748 Seguieriani.

713 5799 737 5828 ι
770 5789 1124 5860 με,Φίλιππε.
1166 5788 1263 5844 Οὐ.
1338 5786 1363 5827 δ
1397 5785 1487 5840 ἐπὶ
1513 5786 1608 5858 τῆς
1649 5786 1751 5858 γῆς
1853 5802 1875 5828 ε
1917 5789 2135 5861 Πατήρ.
