4126 6314
245 295 337 353 197
1658 289 1821 346 EPIS‘

1922 289 1996 346 LA
2036 291 2150 346 XL.

3405 296 3513 355 I98

239 421 290 468 et
314 411 487 473 illum,
515 410 608 480 qui
633 408 946 464 secundum
965 422 1189 465 carnem
1228 425 1294 465 ex
1334 409 1540 465 Judazis
1575 415 1678 474 est,
1720 410 1892 464 Deum
1931 425 2099 480 super
2121 411 2304 466 omnia
2338 413 2594 484 appellat,
2621 423 2677 469 ct
2713 417 2766 470 in
2795 418 2991 472 saecula
3014 432 3134 473 esse
3161 415 3514 474 benedictum

236 498 474 558 animat.

297 594 390 665 Μὴ
416 593 601 646 τοίνυν
637 591 822 664 διέλῃς
851 591 914 645 ὲν
945 589 1158 655 τούτοις
1190 587 1212 632 ί
1243 591 1344 655 τὰς
1376 589 1470 644 ἐπὶ
1514 587 1592 660 τῷ
1622 587 1811 660 Κυρίῳ

1985 585 2043 639 In
2067 584 2343 657 bis-igitur
2363 587 2637 657 ejusmodi
2665 603 2849 655 voces,
2880 605 3004 660 quae
3027 591 3096 646 de
3117 591 3353 649 Domino
3374 606 3516 666 μα’

235 686 415 756 we;
438 701 452 714 ’
503 683 691 754 ἔχουσι
725 683 838 754 γὰρ
868 683 928 736 ὲν
979 681 1165 754 ταυτῷ
1190 682 1254 736 τδ
1279 680 1585 752 θεοπρεπὲς
1637 679 1734 734 καὶ
1762 679 1822 732 τὸ

231 775 575 848 ἀνθρώπινον
595 793 609 806 ·
641 775 958 846 ὲφάρμοσον
987 772 1043 827 δὲ
1072 774 1274 845 μᾶλλον
1294 772 1484 838 αὑτὰς,
1515 772 1592 835 ὡς
1617 771 1721 832 ἑνὶ,
1745 770 1822 839 τῷ

232 870 363 941 Υἰῷ,
391 869 539 923 τοῦτ’
569 868 739 929 ἔστιν,
773 867 850 938 τῷ
877 865 996 938 Θεῷ
1021 866 1181 936 Λόγῳ
1208 863 1641 938 σεσαρκωμένῳ.
1668 864 1822 916 Ἐτε-

230 978 323 1031 ρον
359 963 545 1014 τοίνυν
574 959 697 1013 ἐστὶ
747 957 810 1011 τὸ
865 958 1098 1028 διαιρεῖν
1141 957 1243 1022 τὰς
1277 957 1488 1028 φύσεις,
1531 956 1627 1010 καὶ
1664 954 1823 1008 τοῦτο

232 1053 372 1123 μετά
395 1055 497 1123 τὴν
519 1053 739 1115 ἕνωσιν,
769 1051 866 1105 καὶ
895 1051 1038 1104 κατά
1061 1051 1231 1122 μόνην
1253 1050 1528 1121 ἰσοτιμίαν
1549 1046 1821 1119 συνῆφθαι

227 1145 409 1213 λέγειν
446 1145 742 1217 ἄνθρωπον
772 1143 913 1216 Θεῷ,
956 1144 1051 1198 καὶ
1085 1144 1289 1213 ὁμοίως
1317 1143 1502 1214 ἕτερον
1535 1141 1598 1194 τὸ
1627 1140 1821 1211 φωνῶν

229 1239 432 1291 εἰδέναι
482 1237 790 1308 διαφοράν.-
831 1237 943 1290 Ποῦ
997 1235 1290 1307 τοιγαροῦν
1344 1235 1466 1298 ταῖς
1520 1233 1819 1304 Νεστορίου

227 1329 623 1400 καινοφωνίαις
642 1331 671 1372 ⁸
698 1330 768 1383 τὰ
793 1330 1018 1383 ἐκείνων
1043 1325 1362 1400 συντρέχει’;
1381 1329 1444 1381 Εἰ
1464 1327 1572 1398 γάρ
1594 1325 1686 1380 καί
1709 1343 1819 1379 τισι

226 1421 375 1474 δοκεῖ
404 1423 520 1474 τῶν
564 1420 767 1487 λέξεων
794 1423 827 1490 ἡ
866 1420 1132 1492 συνθήκη,
1182 1419 1277 1474 καὶ
1314 1419 1422 1472 τῶν
1455 1419 1742 1489 νοημάτων
1786 1419 1819 1488 ή

231 1511 490 1583 προφορά
541 1511 594 1576 h,
638 1511 739 1581 τῆς
777 1512 966 1582 ἰσχνῆς
997 1510 1139 1579 ἀγαν
1170 1509 1460 1580 ἀκριϐείας
1505 1508 1823 1579 ἀπολιμπάο

227 1603 456 1667 νεσθαι,
514 1601 835 1672 θαυμαστὸν
889 1601 1076 1656 οὐδέν·
1130 1600 1527 1672 δυσεκφώνητα
1579 1600 1690 1671 γὰρ
1753 1601 1822 1654 τὰ

226 1695 408 1748 τοιάδε
438 1693 583 1747 λίαν.
619 1693 807 1766 Ταύτῃ
836 1711 921 1747 τοι
947 1695 1042 1747 καὶ
1069 1696 1097 1748 ό
1130 1693 1419 1758 θεσπέσιος
1455 1691 1666 1756 Παῦλος
1691 1693 1822 1763 ἐζή-

226 1801 312 1839 τει
344 1785 504 1856 παρά
530 1785 668 1839 Θεοῦ
693 1786 852 1854 λόγον
884 1786 942 1839 ὲν
975 1785 1180 1853 ἀνοίξει
1203 1785 1300 1839 τοῦ
1334 1785 1603 1856 στόματος
1627 1783 1816 1839 αὑτοῦ.

232 1879 357 1932 ὐτι
387 1877 505 1949 γὰρ
534 1877 598 1931 οὐ
625 1878 941 1949 μερίζουσιν
967 1881 1047 1942 εἰς
1078 1877 1172 1932 δύο
1199 1878 1292 1932 τὸν
1312 1879 1412 1933 ἕνα
1447 1878 1654 1948 Ἰησοῦν
1685 1879 1821 1950 Χρι-

230 1972 378 2034 στὸν,
421 1968 630 2042 χρῆναι
660 1968 916 2038 λέγοντες
947 1967 1364 2039 ὲφαρμόζεσθαι
1390 1968 1489 2032 τὰς
1516 1968 1722 2038 φωνὰς,
1750 1971 1818 2039 τῇ

231 2060 327 2131 μὲν
359 2059 582 2130 θεότητι
611 2058 781 2113 αὐτοῦ
826 2059 929 2122 τὰς
959 2059 1306 2131 θεοπρεπείς,
1338 2061 1406 2130 τῇ
1435 2059 1494 2112 δὲ
1534 2059 1820 2131 ἀνθρωπό-

228 2165 352 2222 τητι
381 2149 550 2205 πάλιν
574 2149 745 2203 αὐτοῦ
787 2151 888 2213 τὰς
920 2149 1294 2220 ἀνθρωπίνας,
1331 2149 1450 2213 πῶς
1477 2150 1575 2220 οὐχ
1619 2151 1822 2204 ἅπασιν

229 2242 497 2316 ιναργές;
529 2241 984 2296 Διαϐεϐαιοῦνται
1013 2242 1144 2314 γὰρ,
1191 2242 1269 2307 ὡς
1298 2241 1458 2314 ἔφην,
1487 2243 1570 2296 ὅτι
1607 2242 1771 2305 αὐτὸς
1795 2243 1823 2295 ό

230 2339 292 2392 ὲκ
320 2334 459 2390 Θεοῦ
501 2335 718 2406 Πατρὸς
747 2334 943 2402 Λόγος,
975 2332 1259 2403 γεννηθεὶς
1294 2332 1403 2405 πρὸ
1444 2330 1677 2396 αἰώνων,
1725 2333 1823 2385 καὶ

232 2429 288 2483 ιν
311 2428 572 2498 ισχάτοις
601 2427 822 2498 καιροίς
869 2424 1173 2497 ὲγγεννήθη
1219 2426 1364 2479 κατά
1409 2425 1592 2496 σάρκα
1631 2425 1696 2477 ἐκ
1724 2425 1824 2493 τῆς

235 2521 393 2590 ἁγίας
414 2520 721 2592 Παρθένου.
745 2518 1167 2590 Προσεπάγουσι
1189 2516 1248 2572 δὲ
1275 2519 1381 2584 ὅτι,
1402 2517 1490 2570 διὰ
1511 2517 1612 2587 τὴν
1640 2517 1820 2587 ἄφρα-

236 2627 356 2664 στον
390 2610 487 2664 καὶ
514 2608 826 2681 ἀσύγχυτον
854 2609 1080 2674 ἕνωσιν,
1114 2608 1214 2669 καὶ
1249 2607 1514 2662 Θεοτόκον
1546 2603 1688 2661 εἶναι
1730 2623 1822 2659 πι-

237 2704 488 2758 στεύουσι
533 2701 636 2774 τὴν
679 2702 845 2771 ἁγίαν
887 2699 1204 2772 Παρθένον·
1253 2699 1350 2754 καὶ
1396 2697 1493 2753 ἕνα
1546 2697 1676 2753 Υἰὸν
1727 2697 1823 2751 καὶ

237 2796 471 2868 Χριστὸν
525 2795 624 2848 καὶ
668 2791 878 2864 Κύριον
905 2789 1228 2863 ὁμολογοῦσι
1277 2788 1485 2860 σαφῶς.
1532 2788 1822 2842 ’Δπίθανον

235 2889 290 2942 δὲ
323 2886 613 2950 παντελῶς
644 2886 730 2953 τὸ,
759 2886 858 2939 καὶ
884 2886 981 2938 ἕνα
1008 2884 1212 2953 λέγειν,
1261 2883 1356 2938 καὶ
1383 2881 1694 2954 διατέμνειν
1741 2882 1822 2946 εἰς

237 2981 325 3033 δύο
348 2981 438 3033 τὸν
471 2978 594 3044 ινα,
620 2975 868 3049 νομίζειν
902 2976 1120 3039 αὐτούς.
1153 2976 1228 3030 Οὐ
1262 2973 1373 3046 γὰρ
1406 2974 1423 3016 ί
1467 2973 1534 3028 ἂν
1555 2975 1636 3036 εἰς
1663 2972 1822 3027 τοῦτο

241 3069 516 3141 προῆλθον
544 3067 917 3140 ἀποπληξίας,
954 3066 1032 3131 ὡς
1062 3049 1388 3138 παραϐἷτάς
1425 3065 1653 3128 ἑαυτοὺς
1698 3081 1824 3118 συν-

240 3162 547 3232 ιπὰνεινῄ.
565 3161 872 3215 κατέλυσαν
897 3158 1095 3231 ὀρθῶς,
1116 3157 1524 3229 οἰκοδομοῦντες
1551 3155 1817 3219 ἀϐούλως.

1923 676 2200 743 dicantur,
2237 694 2305 732 ne
2340 678 2585 746 dividas;
2636 680 2798 735 simul
2844 683 2992 737 enim
3040 686 3096 737 in
3131 684 3327 740 eodem
3358 701 3514 744 com-

1923 769 2241 838 plectuntur
2279 780 2336 826 et
2379 772 2526 841 quod
2551 772 2665 827 Deo
2695 784 2750 828 et
2782 775 2928 844 quod
2964 776 3174 833 homini
3210 780 3511 850 convenit;

1923 861 2018 916 sed
2065 861 2262 931 adapta
2313 863 2433 919 illas
2464 865 2558 919 uni
2607 866 2766 930 Filio,
2815 867 2920 923 hoc
2961 879 3066 935 est,
3101 871 3385 929 incarnato
3412 873 3514 932 Dei

1924 953 2122 1006 Verbo.
2159 953 2321 1007 Aliud
2369 964 2453 1009 est
2484 972 2617 1028 ergo
2661 967 2886 1013 naturas
2919 959 3065 1030 ipsas
3097 962 3381 1032 dirimere,
3423 965 3514 1022 id-

1922 1059 2028 1116 que
2059 1053 2182 1115 post
2212 1046 2623 1114 adunationem,
2659 1050 3050 1123 hominemque
3083 1056 3390 1112 secundum
3418 1073 3512 1115 ιο-

1922 1137 2030 1190 lam
2059 1137 2286 1192 honoris
2316 1141 2688 1209 aequalitatem
2732 1143 2845 1197 Deo
2885 1144 3242 1216 conjunctum
3272 1162 3395 1205 esse
3421 1164 3514 1206 as-

1923 1244 2143 1296 serere;
2196 1231 2346 1284 aliud
2397 1249 2618 1288 rursum
2668 1251 2867 1291 vocum
2919 1237 3291 1294 diﬂ‘erentiam
3340 1255 3514 1312 agno-

1923 1335 2098 1375 scere.
2129 1320 2416 1387 Quomodo
2446 1324 2612 1395 igitur
2648 1326 2870 1382 illorum
2905 1327 3052 1384 dicta
3077 1345 3204 1385 cum
3227 1330 3513 1387 Nestoria-

1923 1413 2008 1467 nis
2060 1429 2254 1469 vocum
2310 1416 2650 1472 novitatibus
2708 1423 3052 1490 congruunt?
3097 1422 3233 1478 Nam
3266 1422 3513 1478 Ietiamsi

1924 1504 2228 1560 dictionum
2277 1517 2590 1574 structura,
2643 1513 3156 1584 sententiarumque
3203 1515 3514 1570 enuntiatio

1923 1596 2191 1665 ejusmodi
2223 1598 2295 1652 sit
2324 1607 2386 1653 ut
2413 1616 2442 1654 a
2473 1600 2765 1656 subtiliore
2804 1601 2897 1657 illa
2936 1603 3219 1675 diligentia
3259 1606 3512 1662 nonnihil

1924 1689 2182 1744 recedere
2234 1691 2564 1760 quibusdam
2613 1693 2789 1749 videri
2838 1705 3026 1765 queat,
3059 1712 3170 1750 non
3223 1705 3307 1752 est
3353 1698 3512 1754 valde

1923 1782 2124 1835 mirum
2155 1800 2168 1834 :
2195 1783 2402 1837 etenim
2437 1799 2547 1838 non
2595 1801 2790 1855 parum
2839 1786 3060 1842 difﬁcile
3109 1798 3195 1843 est
3241 1789 3357 1843 haec
3387 1797 3512 1860 apte

1921 1875 2218 1944 explicare.
2255 1875 2392 1930 Nam
2417 1885 2475 1931 et
2497 1875 2717 1932 divinus
2753 1879 2956 1933 Paulus
2992 1895 3302 1935 sermonem
3335 1897 3365 1936 a
3399 1881 3513 1936 Deo

1924 1965 1979 2018 in
2011 1965 2123 2020 oris
2163 1966 2248 2020 sui
2293 1967 2575 2037 apertione
2615 1969 2815 2038 quaerit
2858 1970 2923 2022 ”.
2955 1968 3112 2036 Quod
3149 1971 3300 2025 enim
3340 1985 3512 2026 unum

1924 2057 2218 2112 Dominum
2266 2067 2520 2114 nostrum
2561 2060 2750 2115 Jesum
2795 2060 3076 2116 Christum
3126 2061 3180 2117 in
3215 2063 3354 2118 duos
3400 2079 3514 2119 non

1923 2151 2192 2216 dividant,
2221 2152 2267 2206 si
2291 2167 2457 2208 voces
2484 2153 2605 2208 illas
2635 2168 2758 2223 quae
2782 2154 2894 2208 Deo
2922 2155 3274 2221 conveniunt,
3306 2156 3511 2213 divini-

1923 2241 2022 2295 tati
2054 2242 2196 2312 ejus,
2223 2241 2361 2296 alias
2386 2258 2608 2297 rursum
2642 2257 2765 2312 qua:
2792 2241 3002 2297 homini
3026 2253 3365 2315 competunt,
3403 2246 3511 2302 hu-

1922 2333 2175 2388 manitati
2217 2333 2367 2388 illius
2397 2333 2665 2404 aptandas
2697 2349 2818 2388 esse
2860 2333 3066 2400 dicant,
3099 2337 3224 2406 quis
3263 2336 3514 2394 dubitat?

1922 2423 2209 2478 Allirmant
2238 2426 2408 2490 enim,
2444 2434 2506 2480 ut
2529 2433 2660 2481 ante
2687 2425 2823 2490 dixi,
2850 2426 3028 2496 ipsum
3055 2428 3188 2483 illud
3215 2429 3312 2484 Dei
3336 2429 3514 2486 Patris

1921 2515 2193 2582 Verbum,
2230 2515 2379 2586 quod
2424 2523 2551 2571 ante
2597 2517 2797 2571 saecula
2830 2518 3072 2587 genitum
3105 2529 3189 2574 est
3222 2537 3289 2576 ex
3317 2521 3512 2589 Patre,

1923 2607 2214 2678 postremis
2254 2606 2598 2677 temporibus
2621 2622 2689 2662 ex
2730 2617 2917 2662 sancta
2951 2609 3172 2681 Virgine
3208 2613 3513 2670 secundum

1921 2713 2128 2754 carnen
2167 2708 2358 2754 natum
2381 2713 2522 2752 esse.
2554 2697 2780 2752 Addunt
2805 2705 3012 2762 autem,
3040 2709 3266 2770 propter
3293 2701 3514 2757 inenar-

1923 2788 2154 2842 rabilem
2190 2788 2340 2842 illam
2382 2786 2838 2858 inconfusamque
2877 2789 3136 2844 unionem
3176 2790 3340 2847 etiam
3383 2806 3513 2846 san-

1924 2888 2068 2936 ctam
2098 2879 2374 2950 Virginem
2423 2877 2715 2948 Deiparam
2747 2894 2868 2934 esse
2902 2895 2960 2934 se
2988 2880 3246 2948 credere;
3297 2898 3513 2939 necnon

1924 2985 2095 3025 unum
2126 2968 2326 3023 Filium
2351 2978 2408 3024 et
2431 2967 2713 3023 Christum
2749 2979 2804 3024 et
2831 2969 3124 3024 Dominum
3151 2980 3342 3042 aperte
3381 2989 3512 3044 pro-

1923 3061 2172 3117 ﬁtentur.
2197 3061 2294 3115 Est
2311 3068 2495 3116 autem
2515 3061 2742 3116 omnino
2765 3061 3128 3132 improbabile
3155 3074 3370 3134 putare,
3394 3081 3512 3129 eos,

1924 3169 2050 3210 cum
2081 3169 2253 3208 unum
2283 3152 2492 3217 dicant,
2522 3152 2578 3207 in
2605 3151 2746 3207 duos
2771 3153 3133 3210 nihilominus
3159 3155 3312 3210 illum
3339 3171 3512 3210 unum

241 3256 299 3308 lli
327 3255 437 3328 γάρ
457 3257 585 3319 ταῖς
615 3252 913 3325 Νεστορίου
941 3250 1318 3322 συμφέρονται
1344 3249 1545 3318 δόξαις,
1573 3247 1693 3313 πῶς
1719 3249 1818 3304 aii-

1925 3247 2192 3302 dividere.
2227 3244 2342 3299 Nec
2371 3245 2518 3298 enim
2553 3244 2628 3298 ita
2665 3243 2964 3312 insaniunt,
2989 3256 3050 3301 ut
3082 3255 3515 3319 transgressores

237 3346 328 3410 τὰς
356 3343 876 3417 ἀναθεματίζουσιν,
907 3343 984 3406 ὡς
1015 3341 1278 3414 βεσήλους
1309 3342 1405 3395 καὶ
1433 3339 1685 3412 μυσαράς
1712 3356 1727 3405 3

1924 3339 2135 3409 seipsos
2176 3335 2549 3399 constituant,
2606 3335 2915 3390 inconsulte
2966 3353 3030 3391 ea
3085 3338 3510 3405 reaadiﬂcantes,

236 3458 351 3512 quae
376 3449 530 3498 recte
561 3447 895 3496 everterant.
927 3435 987 3492 Si
1018 3435 1167 3492 enim
1195 3434 1437 3492 Nestorii
1467 3432 1824 3506 opinionibus
1861 3430 2234 3495 consentiunt,
2261 3428 2539 3499 quomodo
2566 3427 2686 3484 illas
2747 3438 3002 3498 tanquam
3056 3431 3309 3499 profanas
3337 3441 3393 3487 et
3412 3433 3511 3490 de-

236 3536 513 3594 testandas
539 3531 1040 3592 anathematizant?

302 3634 473 3707 οἶμαι
502 3635 561 3689 δὲ
584 3634 696 3687 δεῖν
722 3633 930 3698 καὶτὰς
955 3633 1136 3696 αἰτίας
1157 3633 1352 3700 εἰπεῖν,
1378 3633 1444 3686 δι’
1473 3632 1540 3698 ἃς
1557 3632 1638 3697 εἰς
1661 3633 1821 3687 τοῦτο

1989 3625 2244 3683 Arbitror
2278 3631 2462 3678 autem
2497 3635 2692 3676 causas
2725 3633 2946 3691 quoque
2985 3616 3336 3687 assignandas
3365 3632 3507 3685 esse,

236 3727 508 3799 προῆλθον
539 3727 900 3798 ἰσχνοφωνίας
920 3726 934 3778 i
952 3763 968 3781 .
1012 3727 1232 3799 Ἐπειδὴ
1253 3727 1363 3799 γὰρ
1383 3729 1432 3781 οί
1459 3727 1560 3799 τῆς
1607 3728 1818 3800 ’Δρείου

1922 3727 2145 3791 propter
2166 3731 2304 3787 quas
2324 3713 2636 3774 Orientales
2665 3712 2734 3766 ad
2759 3726 2880 3766 eam
2907 3709 3125 3764 dicendi
3148 3709 3509 3765 subtilitatem

234 3817 557 3881 δυσσεϐείας
603 3819 963 3884 ὑπασπισταὶ,
1004 3818 1105 3889 τῆς
1151 3818 1412 3888 ἀληθείας
1449 3817 1549 3888 τὴν
1593 3817 1821 3889 δύναμιν

1922 3807 2265 3863 devenerint.
2296 3802 2434 3870 Quia
2456 3804 2606 3858 enim
2634 3802 2846 3856 Arianae
2879 3800 3177 3870 impietatis
3201 3814 3512 3870 propugna-

233 3909 464 3974 ἀνοσίως
520 3909 1014 3982 ὲκκαπηλεύοντες,
1047 3910 1140 3964 τὸν
1175 3913 1240 3965 ὲκ
1277 3909 1415 3964 Θεοῦ
1464 3927 1595 3979 φασι
1641 3909 1817 3979 Λόγον

1923 3909 2092 3964 tores,
2118 3898 2230 3952 vim
2255 3895 2502 3951 veritatis
2525 3893 2693 3966 impie
2724 3892 3116 3954 adulterantes,
3145 3890 3242 3946 Dei
3268 3891 3510 3947 Verbum

233 4001 494 4069 γενέσθαι
513 4002 614 4072 μὲν
637 4001 946 4074 ἀνθρωπνιν,
982 4003 1121 4075 πλὴν
1146 4004 1341 4075 ἀψύχῳ
1365 4003 1816 4076 προσχρήσασθαι

1929 3991 2090 4062 119
2127 3989 2406 4045 hominem
2447 3985 2672 4058 quidem
2713 3985 2917 4040 factum
2963 3982 3231 4048 fatentur;
3267 3991 3509 4038 attamen

237 4093 452 4164 σώματι
481 4093 812 4167 (πράττουσι
839 4094 898 4149 δὲ
928 4093 1089 4150 τοῦτο
1111 4096 1584 4168 φιλοκακούργως,
1611 4095 1697 4149 ἵνα
1718 4093 1819 4158 τὰς

1924 4084 2166 4140 inanime
2203 4096 2404 4152 corpus
2451 4080 2555 4135 sibi
2603 4077 2916 4150 adjunxisse
2956 4084 3232 4148 nugantur
3280 4075 3512 4147 (faciunt

233 4185 587 4257 ἀνθρωπίνας
623 4187 809 4257 φωνὰς
837 4185 990 4259 αὐτῷ
1023 4187 1445 4260 προσνέμοντες,
1468 4186 1544 4252 ῶς
1571 4187 1628 4240 ὲν
1667 4186 1815 4258 μείο-

1923 4175 2030 4230 hoc
2059 4183 2243 4229 autem
2271 4171 2566 4232 malitiose,
2601 4178 2680 4236 ut,
2707 4169 2838 4223 dum
2871 4183 3038 4222 voces
3062 4168 3316 4221 humana:
3346 4174 3509 4221 natu-

235 4293 319 4330 σιν
348 4277 480 4331 ὄντα
510 4278 611 4350 τῆς
638 4279 734 4333 τοῦ
764 4257 980 4353 Πατρός
1024 4257 1302 4353 ὑπεροχῆς
1331 4282 1446 4344 τοῖς
1470 4280 1600 4352 παρ’
1639 4277 1819 4333 αὐτῶν

1925 4283 1998 4324 ne
2029 4266 2420 4322 convenientes
2462 4263 2540 4317 illi
2579 4263 2854 4326 tribuunt,
2887 4260 2953 4315 iis
2985 4275 3124 4329 quos
3157 4260 3213 4315 in
3259 4257 3510 4314 fraudem

233 4368 618 4440 πλανωμένας
638 4371 1076 4438 δπιδεικνύωσιν,
1103 4373 1377 4444 έτεροφυᾶ
1407 4389 1467 4426 τε
1490 4371 1652 4426 αὐτὸν
1677 4367 1818 4424 εἶναι

1924 4359 2295 4421 adduxerunt,
2331 4355 2472 4410 inl‘ra
2506 4355 2685 4410 Patris
2713 4353 3093 4409 excellentiam
3124 4353 3506 4420 constitutum,

232 4456 487 4530 λέγωσι),
524 4459 695 4532 ταύτῃ
718 4477 801 4515 τοι
836 4461 1069 4526 δεδιότες
1095 4464 1144 4516 οί
1175 4464 1240 4516 ὲκ
1268 4463 1370 4534 τῆς
1405 4461 1713 4532 Ἀνατολῆς,
1741 4460 1817 4531 μὴ

1924 4461 1981 4508 et
2012 4467 2122 4506 non
2153 4449 2402 4522 ejusdem
2433 4463 2558 4502 cum
2597 4447 2757 4503 Patre
2801 4445 3124 4500 substantia:
3159 4457 3280 4498 esse
3319 4448 3508 4496 osten-

232 4550 342 4622 ἆρα
366 4568 491 4616 πως
537 4552 571 4623 ἠ
613 4552 708 4606 τοῦ
739 4552 876 4608 Θεοῦ
903 4554 1077 4624 Λόγου
1103 4553 1602 4627 κατασμικρύνοιτο
1633 4554 1660 4593 ι
1690 4553 1819 4620 δόξα

1925 4544 2059 4599 dant
2090 4559 2154 4598 ac
2191 4539 2603 4614 persuadeant),
2637 4555 2755 4594 eam
2782 4539 2853 4593 ob
2875 4553 3098 4593 causam
3121 4535 3280 4591 veriti
3309 4535 3507 4591 Orien-

231 4658 293 4696 τε
340 4643 442 4696 καὶ
478 4641 663 4712 φύσις,
700 4642 812 4697 ἀπό
843 4660 907 4712 γε
949 4643 1060 4697 τῶν
1108 4643 1470 4716 ἀνθρωπίνως
1511 4643 1818 4715 εἰρημένων

1927 4637 2091 4700 tales,
2141 4650 2210 4689 ne
2249 4649 2356 4704 qua
2399 4632 2610 4686 ratione
2644 4630 2808 4686 Verbi
2854 4631 2952 4684 Dei
2996 4629 3168 4700 gloria
3215 4635 3272 4683 et
3310 4637 3508 4683 natura

229 4732 322 4787 διὰ
349 4733 452 4804 τὴν
487 4737 631 4805 μετά
660 4735 864 4805 σαρκὸς
888 4735 1224 4807 οἰκονομίαν,
1253 4735 1547 4808 διορίζουσι
1580 4735 1680 4799 τὰς
1706 4753 1819 4804 φω-

1924 4735 2151 4798 propter
2183 4740 2248 4780 ea
2273 4737 2394 4794 quae
2426 4721 2496 4776 ob
2534 4727 2846 4790 susceptam
2869 4733 2995 4773 cum
3026 4732 3191 4772 carne
3219 4716 3505 4786 dispensa-

230 4825 352 4889 νὰς,
377 4826 482 4878 οὐκ
515 4827 595 4888 εἰς
631 4826 725 4880 δύο
753 4828 1064 4900 τέμνοντες,
1095 4828 1172 4893 ὡς
1204 4827 1359 4899 ἔφην,
1403 4828 1496 4882 τὸν
1541 4828 1638 4881 ἕνα
1688 4829 1816 4880 Υἰὸν

1925 4819 2130 4874 tionem
2152 4817 2393 4870 humano
2416 4828 2568 4869 more
2590 4813 2657 4867 de
2681 4813 2774 4867 illo
2796 4811 3189 4881 praedicantur,
3210 4809 3510 4864 detrimen-

232 4915 326 4970 καὶ
356 4915 591 4989 Κύριον,
616 4915 754 4970 ἀλλὰ
782 4918 882 4981 τὰς
912 4919 1012 4990 μὲν
1044 4922 1108 4990 τῇ
1139 4918 1354 4990 θεότητι
1380 4919 1546 4974 αὐτοῦ
1588 4918 1816 4992 προσνέ-

1924 4921 2042 4967 tum
2069 4909 2362 4979 acciperet,
2383 4921 2548 4961 voces
2570 4906 2892 4960 discernunt
2918 4925 2931 4957 :
2957 4919 3068 4958 non
3088 4901 3312 4974 quidem
3336 4915 3508 4956 unum

236 5021 456 5074 μοντες,
502 5005 606 5070 τὰς
649 5007 708 5060 δὲ
752 5010 821 5080 τῇ
868 5008 1251 5080 ἀνθρωπότητι
1301 5009 1466 5064 πάλιν
1513 5012 1581 5082 τῇ
1621 4990 1819 5063 αὐτοῦ’

1923 5004 2121 5058 Filium
2144 5016 2208 5055 ac
2232 4999 2524 5054 Dominum
2552 4997 2605 5050 in
2631 4996 2770 5050 duos
2793 4993 3127 5058 scindentcs,
3161 5000 3222 5048 ut
3251 4991 3385 5055 dixi,
3411 4990 3506 5045 sed

233 5095 378 5168 πλὴν
426 5097 524 5160 τὰς
571 5097 791 5161 ἁπάσας
835 5098 935 5154 ἑνί.
968 5099 1302 5171 ,Ἐπυθὸμην
1339 5099 1420 5166 δὲ,
1465 5101 1547 5153 ὅτι
1575 5096 1821 5169 γέγραφέ

1924 5097 2060 5150 alias
2105 5093 2328 5163 quidem
2375 5090 2522 5144 illius
2567 5088 2864 5152 divinitati,
2917 5087 3052 5141 alias
3086 5099 3219 5140 vero
3261 5082 3507 5155 ejusdem

234 5204 351 5242 τισι
385 5187 496 5243 τῶν
535 5188 858 5260 ἱπιτηδείων
879 5191 907 5241 ό
933 5191 1326 5261 εύλαϐέστατος
1359 5192 1452 5244 καὶ
1475 5189 1821 5244 θεοσεϐέστα-

1927 5185 2278 5248 humanitati,
2299 5197 2492 5238 omnes
2516 5189 2696 5235 tamen
2722 5179 2816 5234 uni
2841 5177 3132 5246 eidemque
3156 5189 3404 5247 personae
3426 5188 3508 5228 as-

236 5297 330 5345 τος
374 5281 630 5354 Ἰωάννης
667 5282 988 5349 ἐπίσκοπος,
1022 5282 1225 5338 ὡσανεί
1268 5283 1402 5356 ἐμοῦ
1451 5285 1640 5354 σαφῶς
1682 5282 1821 5337 διδά-

1928 5281 2225 5351 signantes.
2276 5274 2473 5331 Audivi
2524 5282 2705 5326 autem
2758 5267 3274 5325 reverendissimum
3321 5267 3508 5337 piissi-

300 5438 348 5471 ⁶⁹
389 5438 590 5509 pres.
622 5455 696 5506 γι,
727 5441 814 5495 19.

1318 5555 1494 5611 Varia:
1517 5554 1784 5610 lectiones
1812 5550 2021 5606 codicis
2051 5546 2418 5620 Seguieriam.

311 5670 332 5710 ί
358 5668 551 5740 τούτῳ.
633 5674 659 5713 Ι
686 5671 1063 5741 κενοφωνίαις.
1165 5670 1195 5712 ιι
1235 5668 1496 5741 ῥημάτων
1533 5669 1568 5740 ἡ
1599 5665 1854 5738 διαφορὰ,
1881 5663 1964 5733 οὓ,
2002 5663 2271 5735 προφορά.
2383 5665 2395 5703 ί
2477 5664 2576 5726 εἰς.
2658 5660 2671 5710 i
2713 5661 3084 5732 ἰσχνομυθίας.
3175 5661 3198 5700 ι
3227 5675 3504 5734 κατασμι-

503 5690 551 5740 ρ.
633 5674 659 5713 Ι
686 5671 1063 5742 κενοφωνίαις.

235 5742 525 5816 ιρύνηται.
