4154 6322
3715 83 3736 89 ,.
3819 82 4026 119 ,ηε-,η

1634 373 1689 425 S.
1732 370 2007 425 CYiill.”
2049 367 2517 427 ALEXANDle
2559 371 2874 426 ARCHIEP.
3794 373 3912 430 τοι

634 504 729 541 νος
752 504 934 542 coram
951 487 1184 543 Domino
1206 489 1272 542 ad
1299 487 1498 541 ostium
1523 485 1861 540 tabernaculi
1887 486 2217 541 testimonii:

2329 488 2513 559 στήσει
2547 488 2748 549 αὐτοὺς
2779 486 2961 542 ἔναντι
3007 489 3213 561 Κυρίου
3263 490 3413 562 παρὰ
3462 489 3557 561 τὴν
3603 488 3773 559 θύραν
3806 489 3910 559 τῆς

634 593 691 636 et
724 580 970 650 imponet
1001 579 1181 634 Aaron
1206 594 1372 648 super
1409 577 1549 633 duos
1575 579 1756 631 hircos
1777 585 1975 641 sortes,
2010 588 2213 631 sortem

2327 580 2532 649 σκηνῆς
2564 577 2656 630 τοῦ
2710 571 3047 649 μαρτυρίουο
3096 581 3190 633 καὶ
3241 581 3494 651 ἐπιθήσει
3554 580 3765 652 ’Λαρὼν
3811 580 3912 633 ἐπὶ

635 359 737 429 903

635 688 799 727 unam
824 673 1076 735 Domino,
1108 681 1163 726 et
1196 681 1400 726 sortem
1428 686 1593 724 unam
1617 669 1928 733 emissario,
1958 678 2013 724 et
2038 669 2216 724 addu-

634 773 721 817 cet
746 763 928 818 Aaron
963 761 1178 816 hircum
1215 777 1382 832 super
1415 777 1576 832 quem
1619 761 1941 830 supervenit
1979 776 2098 816 sors
2127 776 2216 815 su-

635 869 734 922 per
757 868 881 908 eum
904 852 1159 917 Domino,
1191 862 1248 909 et
1277 852 1473 907 oﬁ'eret
1499 867 1599 922 pro
1624 860 1880 922 peccato;
1921 861 1978 907 et
2002 851 2216 906 hircum

635 960 800 1014 super
829 959 994 1013 quem
1023 945 1384 1014 superveniet
1431 959 1597 1012 super
1615 958 1744 998 eum
1769 957 1891 998 sors
1923 942 2216 1008 emissarii,

636 1044 986 1093 statueteum
1005 1037 1291 1092 'viventem
1324 1050 1510 1091 coram
1530 1035 1784 1101 Domino,
1823 1036 1889 1090 ad
1917 1037 2219 1106 propitian-

635 1129 766 1185 dum
785 1144 950 1198 super
975 1143 1122 1194 eum,
1148 1137 1210 1183 ut
1231 1129 1448 1182 emittat
1467 1143 1595 1182 eum
1621 1127 1679 1181 in
1706 1127 2060 1182 emissionem
2094 1145 2106 1179 :
2132 1126 2216 1179 di-

636 1223 819 1279 mittet
851 1237 978 1277 eum
1017 1221 1074 1276 in
1100 1222 1380 1277 desertum
1402 1213 1467 1273 ⁷⁵.
1497 1239 1514 1271 ι
1542 1220 1610 1274 Et
1649 1224 1775 1290 post
1798 1219 1904 1273 alia
1932 1237 1944 1272 :
1979 1238 1996 1270 ι
2035 1218 2102 1273 Et
2127 1218 2218 1290 ju-

634 1317 846 1390 gulabit
867 1315 1082 1371 hircum
1103 1315 1196 1386 qui
1218 1331 1316 1386 pro
1335 1323 1584 1387 peccato,
1605 1328 1734 1367 eum
1757 1312 1850 1382 qui
1865 1327 1966 1383 pro
1992 1312 2217 1382 populo,

635 1417 764 1465 ante
792 1408 1108 1472 Dominum,
1140 1417 1198 1462 et
1244 1407 1447 1462 inferet
1489 1405 1558 1460 de
1608 1404 1873 1475 sanguine
1916 1404 2037 1474 ejus
2073 1403 2219 1456 intra

633 1501 842 1565 velum,
868 1508 926 1554 et
940 1499 1104 1554 faciet
1133 1499 1456 1570 sanguinem
1483 1499 1605 1570 ejus
1634 1494 2098 1566 quemadmodum
2135 1494 2218 1548 fe-

633 1592 712 1648 cit
746 1591 1069 1661 sanguinem
1094 1590 1273 1654 vituli,
1306 1589 1464 1658 122
1506 1597 1562 1642 et
1612 1593 2218 1658 asperget‘saugumem

634 1684 756 1754 ejus
779 1697 946 1752 super
967 1680 1410 1750 propitiatorium
1434 1687 1623 1735 contra
1653 1677 1850 1734 faciem
1885 1678 2215 1748 propitiato-

636 1777 726 1841 rii,
751 1784 807 1832 et
832 1773 1073 1844 expiabit
1092 1772 1465 1827 sanctuarium
1487 1771 1556 1826 ab
1590 1770 1956 1826 immunditiis
1978 1769 2216 1826 ﬁliorum

630 1867 823 1932 israel,
854 1843 990 1921 etab
1018 1865 1307 1937 injustitiis
1325 1880 1517 1919 eorum
1547 1879 1647 1935 pro
1665 1863 1924 1919 omnibus
1953 1864 2213 1934 peccatis.
2248 1843 2291 1898 Β

632 1952 703 2016 Et
725 1960 805 2014 sic
841 1957 1003 2012 faciet
1037 1957 1396 2012 tabernaculo
1442 1956 1778 2020 testimonii,
1819 1955 1966 2027 quod
1997 1968 2214 2012 exstru-
2241 2017 2286 2035 ,Δ

633 2064 783 2108 ctum
809 2061 894 2108 est
918 2052 1062 2106 intra
1083 2067 1179 2107 eos
1199 2052 1255 2106 in
1282 2051 1465 2106 medio
1483 2050 1845 2106 immunditire
1862 2067 2058 2106 eorum
2081 2053 2146 2106 "’.
2188 2070 2208 2104 ι

633 2145 702 2200 Et
743 2145 859 2200 hace
887 2144 1109 2215 quidem
1136 2145 1203 2199 de
1236 2153 1473 2200 mactato
1500 2159 1668 2214 capro
1711 2144 2086 2216 sanguineque
2116 2159 2217 2199 suo

632 2248 886 2295 sanctum
953 2236 1381 2315 tabernaculum
1417 2234 1810 2291 sanctiﬁcante.
1873 2237 1948 2290 De
1995 2236 2216 2292 vivente

634 2342 767 2384 vero
788 2344 861 2384 ~ac
885 2329 1172 2384 emissario
1201 2343 1422 2382 rursum
1444 2329 1524 2382 sic
1553 2327 1630 2381 ait
1659 2345 1672 2380 :
1699 2344 1717 2379 ι
1753 2327 1822 2381 Et
1847 2326 2083 2382 adducet
2120 2342 2212 2382 ca-

637 2438 794 2497 prum
825 2422 1133 2486 viventem;
1158 2429 1214 2474 et
1246 2421 1491 2490 imponet
1517 2420 1697 2473 Aaron
1741 2434 1936 2473 manus
1962 2434 2089 2474 suas
2117 2434 2212 2474 su-

635 2530 734 2588 per
759 2523 924 2584 caput
951 2513 1090 2567 hirci
1123 2512 1382 2577 viventis,
1427 2521 1483 2566 et
1516 2510 1870 2566 conﬁtebitur
1902 2526 2068 2581 super
2096 2512 2215 2582 ipso

633 2622 826 2664 omnes
851 2605 1170 2675 iniquitates
1201 2603 1440 2658 ﬁliorum
1471 2603 1658 2668 lsraei,
1689 2611 1747 2658 et
1782 2618 1974 2657 omnes
1996 2603 2222 2674 injusti~

630 2703 738 2757 tias
767 2713 984 2763 eorum,
1013 2706 1070 2752 et
1089 2697 1273 2751 omnia
1295 2704 1519 2766 peccata
1549 2710 1763 2761 eorum;
1799 2705 1855 2750 et
1878 2695 2121 2764 imponet
2149 2710 2215 2750 ea

629 2807 801 2864 super
823 2799 985 2861 caput
1014 2789 1154 2844 hirci
1176 2787 1434 2852 viventis,
1461 2794 1517 2842 et
1536 2787 1753 2842 emittet
1783 2787 1937 2841 illum
1968 2786 2024 2840 in
2047 2802 2212 2841 manu

631 2884 872 2940 hominis
899 2881 1074 2953 parati
1110 2881 1164 2935 in
1203 2878 1483 2935 desertum
1512 2887 1605 2934 :et
1643 2877 1798 2932 tollet
1826 2879 2013 2934 hircus
2047 2894 2214 2949 super

629 2975 872 3044 seipsum
923 2971 1239 3042 iniquitates
1290 2983 1483 3044 eorum
1518 2969 1575 3022 in
1618 2968 1817 3023 terram
1865 2969 2066 3023 inviam
2106 2989 2118 3023 :
2158 2981 2216 3025 et

628 3043 846 3122 emittet
875 3059 1090 3116 hircum
1113 3061 1170 3114 in
1199 3043 1482 3115 desertum
1504 3056 1571 3110 7".
1599 3078 1616 3110 ›
1653 3055 1844 3112 Omnis
1870 3057 2037 3128 igitur
2057 3057 2212 3112 Scri—

2321 672 2447 733 τοὺς
2481 671 2572 723 δύο
2606 670 2875 740 χιμάρους
2910 671 3149 742 κλήρους
3175 713 3190 737 ,
3224 672 3424 741 κλῆρον
3454 672 3551 725 ἕνα
3580 664 3657 742 τῷ
3687 672 3907 743 Κυρίῳ,

2323 763 2415 814 καὶ
2460 761 2660 833 κλῆρον
2712 761 2812 814 ἕνα
2864 761 2942 832 τῷ
2993 763 3410 835 ἀποπομπαίῳο
3481 759 3573 817 καὶ
3636 763 3908 834 προσάξει

2335 854 2548 926 Ἀαρὼν
2595 856 2687 906 τὸν
2719 851 2972 922 χίμαρον,
3015 856 3100 924 ἐφ’
3130 856 3188 910 ὃν
3226 855 3459 926 ἐπῆλθεν
3505 858 3535 908 ὁ
3585 855 3784 925 κλῆρος
3817 854 3907 907 ἐπ’

2321 944 2485 997 αὐτὸν
2515 944 2593 1016 τῷ
2628 948 2840 1020 Κυρίῳ,
2868 950 2963 1004 καὶ
2991 947 3272 1018 προσοίσει
3303 947 3430 1019 περὶ
3463 947 3734 1019 ἁμαρτίας
3762 962 3775 975 ·
3810 947 3908 1001 καὶ

2317 1035 2411 1087 τὸν
2443 1037 2699 1110 χίμαρον,
2737 1041 2822 1111 ἐφ’
2850 1035 2922 1093 δν’
2937 1038 3171 1109 ἐπῆλθεν
3205 1040 3293 1091 ἐπ’
3323 1038 3483 1094 αὐτὸν
3518 1041 3546 1092 ὁ
3574 1036 3778 1110 κλῆρος
3807 1036 3906 1091 τοῦ

2320 1128 2734 1200 ἀποπομπαίου,
2763 1134 2947 1204 στήσει
2978 1131 3139 1186 αὑτὸν
3161 1130 3340 1196 ζῶντα
3369 1132 3550 1186 ἔναντι
3580 1130 3787 1203 Κυρίου
3807 1129 3906 1184 τοῦ

2323 1218 2708 1284 ἐξιλάσκεσθαι
2742 1234 2765 1262 ι
2801 1226 2888 1278 ἐπ’
2939 1223 3106 1278 αὑτοῦ
3132 1237 3146 1251 ⁶
3184 1222 3325 1276 ὥστε
3373 1223 3690 1278 ἀποστεῖλαι
3739 1218 3906 1276 αὑτὸν

2320 1314 2401 1375 εἰς
2433 1311 2533 1382 τὴν
2562 1314 2920 1386 ἀποπομπήν.
2939 1315 3163 1385 Ἀφήσει
3191 1314 3352 1367 αὐτὸν
3375 1314 3454 1377 είς
3484 1315 3584 1385 τὴν
3619 1302 3842 1388 ἔρημον.
3878 1331 3897 1365 ι

2321 1404 2432 1457 Kal
2469 1403 2588 1475 μεθ’
2615 1408 2804 1477 ἕτερα·
2843 1425 2861 1458 ι
2903 1407 3014 1460 Kal
3040 1405 3233 1476 σφάξει
3266 1405 3358 1458 τὸν
3384 1405 3620 1477 χίμαρον
3650 1404 3740 1458 τὸν
3773 1403 3905 1475 περὶ

2319 1498 2420 1568 τῆς
2453 1498 2750 1568 ἁμαρτίας,
2777 1495 2867 1552 τὸν
2894 1499 3046 1569 παρὰ
3071 1509 3098 1538 ι
3136 1497 3231 1552 τοῦ
3259 1495 3411 1561 λαοῦ,
3445 1496 3626 1550 ἔναντι
3659 1495 3865 1567 Κυρίου
3887 1509 3901 1523 ⁶

2320 1591 2416 1644 καὶ
2453 1591 2677 1644 εἰσοίσει
2707 1589 2800 1644 τοῦ
2832 1590 3065 1659 αἵματος
3097 1583 3261 1643 αὐτοῦ
3307 1587 3576 1660 ἐσώτερον
3601 1585 3694 1641 τοῦ
3731 1603 3903 1640 κατα-

2320 1683 2673 1754 πετάσματος
2693 1702 2708 1716 ·
2751 1684 2844 1738 καὶ
2875 1683 3094 1754 ποιήσει
3123 1682 3185 1735 τὸ
3213 1679 3355 1753 αἷμα
3381 1679 3548 1735 αὑτοῦ
3569 1723 3583 1748 ,
3609 1679 3671 1734 δν
3703 1679 3905 1750 τρόπον

2320 1775 2544 1847 ἐποίησε
2574 1776 2635 1828 τὸ
2667 1769 2805 1845 αἷμα
2833 1773 2926 1827 τοῦ
2955 1773 3160 1845 μόσχου
3187 1790 3202 1805 ο
3238 1771 3333 1826 καὶ
3362 1773 3516 1844 pavet
3545 1774 3606 1824 τὸ
3634 1767 3774 1843 αἷμα
3801 1769 3904 1826 αὖ·

2319 1865 2413 1920 τοῦ
2456 1868 2550 1920 ἐπὶ
2581 1867 2640 1920 τὸ
2683 1866 2999 1937 ἱλαστήριον
3028 1865 3171 1920 κατὰ
3219 1864 3514 1937 πρόσωπον
3543 1863 3639 1918 τοῦ
3676 1855 3903 1937 ἷλαστη-

2321 1959 2466 2030 ρίου,
2501 1960 2598 2013 καὶ
2644 1959 2954 2024 ὲξιλάσεται
2985 1959 3046 2012 τὸ
3078 1957 3233 2028 ἀγιον
3265 1956 3375 2011 ἀπὸ
3404 1956 3515 2010 τῶν
3549 1954 3904 2029 ἀκαθαρσιῶν

2317 2053 2428 2107 τῶν
2468 2052 2603 2106 υἱῶν
2654 2052 2903 2124 Ἰσραὴλ,
2935 2053 3030 2108 καὶ
3059 2052 3169 2107 ἀπὸ
3197 2051 3306 2106 τῶν
3331 2052 3687 2124 ἀδικημάτων
3721 2051 3904 2107 αὐτῶν

2317 2142 2412 2197 ἐπὶ
2449 2143 2642 2196 πασῶν
2693 2142 2805 2196 τῶν
2861 2142 3170 2214 ἁμαρτιῶν.
3219 2143 3332 2198 Kal
3381 2134 3526 2197 οὕτω
3572 2143 3790 2214 ποιήσει
3833 2146 3901 2216 τῇ

2319 2237 2492 2307 σκηνῇ
2538 2234 2632 2288 τοῦ
2688 2235 2992 2307 μαρτυρίου
3015 2277 3030 2302 ,
3069 2238 3137 2307 τῇ
3172 2233 3474 2307 ἐκτισμένη
3511 2236 3571 2290 ιν
3617 2236 3803 2301 αὐτοῖς
3843 2239 3904 2292 ἐν

2319 2325 2471 2398 μέσῳ
2495 2327 2595 2396 τῆς
2628 2327 2977 2398 ἀκαθαρσίας
3007 2327 3210 2383 αὐτῶν.
3251 2345 3272 2381 ι
3303 2328 3414 2383 Καὶ
3443 2327 3618 2382 ταῦτα
3648 2328 3746 2400 μὲν
3770 2331 3904 2402 περὶ

2314 2416 2410 2470 τοῦ
2457 2415 2799 2488 σφαζομένου
2827 2420 3069 2491 χιμάρου
3087 2458 3102 2484 ,
3135 2419 3229 2473 καὶ
3260 2417 3580 2489 ἀγιάζοντος
3607 2417 3684 2490 τῷ
3707 2420 3902 2490 αἵματι

2315 2510 2416 2582 τὴν
2461 2510 2626 2581 ἀγίαν
2690 2513 2915 2583 σκηνήν.
2967 2512 3106 2584 Περὶ¹
3155 2511 3213 2565 δέ
3277 2528 3342 2581 γε
3397 2511 3493 2565 τοῦ
3549 2511 3752 2577 ζῶντος
3805 2515 3903 2568 καὶ

2315 2602 2614 2673 ἀφιεμένου
2643 2602 2808 2657 πάλιν
2843 2598 2946 2657 ὧδέ
2971 2620 3123 2674 φησιο
3156 2621 3175 2656 ι
3198 2594 3311 2658 Kal
3344 2601 3713 2676 πρυσάξειτδν
3741 2605 3906 2676 χίμα-

2318 2713 2412 2766 ρον
2439 2695 2531 2750 τδν
2567 2695 2766 2762 ζῶντα,
2795 2697 2891 2749 καὶ
2919 2695 3175 2768 ἐπιθήσει
3211 2695 3427 2768 Ἀαρὼν
3455 2696 3554 2760 τὰς
3584 2700 3775 2769 χεῖρας
3809 2699 3905 2753 αὺ-

2314 2787 2410 2842 τοῦ
2449 2787 2545 2842 ἐπὶ
2573 2787 2672 2859 τὴν
2711 2787 2958 2859 κεφαλὴν
2997 2787 3091 2841 τοῦ
3124 2788 3364 2860 χιμάρου
3395 2789 3490 2843 τοῦ
3535 2788 3774 2854 ζῶντος,
3806 2791 3903 2845 καὶ

2316 2877 2667 2950 ἐξαγορεύσει
2696 2881 2782 2934 ἐπ’
2817 2879 2983 2935 αὐτοῦ
3015 2878 3198 2944 πάσας
3242 2879 3343 2944 τάς
3367 2880 3602 2952 ἀνομίας
3631 2881 3741 2935 τῶν
3769 2880 3903 2935 υίῶν

2328 2971 2563 3044 Ἰσραὴλ,
2589 2975 2685 3027 καὶ
2711 2974 2892 3036 πάσας
2910 2973 3011 3036 τὰς
3030 2972 3245 3038 ἀδικίας
3260 2973 3460 3038 αὐτῶν,
3483 2974 3577 3029 καὶ
3603 2974 3784 3039 πάσας
3801 2975 3898 3042 τὰς

2314 3063 2591 3132 ἁμαρτίας
2608 3061 2809 3116 αὐτῶνθ
2831 3063 2927 3117 καὶ
2945 3064 3197 3136 ἐπιθήσει
3222 3063 3393 3128 αὐτάς
3415 3066 3507 3118 ἐπὶ
3529 3065 3629 3136 τὴν
3655 3066 3900 3140 κεφαλὴν

629 3166 792 3227 ptura
820 3153 1088 3209 divinitus
1110 3152 1373 3222 inspirata
1395 3151 1546 3206 utilis
1573 3158 1657 3206 est
1674 3151 1741 3205 ⁷⁸.
1763 3150 1897 3206 Nam
1922 3151 2211 3221 quodcun-

2316 3153 2409 3207 τοῦ
2435 3155 2672 3225 χιμάρου
2695 3154 2788 3208 τοῦ
2818 3152 3042 3220 ζῶντος.
3062 3155 3158 3210 καὶ
3179 3154 3530 3220 ἐξαποστελεῖ
3551 3158 3608 3210 ὲν
3636 3157 3780 3231 χειρὶ
3806 3157 3901 3212 ἀν·-

629 3265 740 3320 que
774 3249 918 3303 Deus
945 3247 1163 3301 locutus
1194 3245 1380 3310 fuerit,
1414 3245 1519 3299 hoc
1553 3251 1728 3298 totum
1755 3259 1864 3299 non
1893 3253 2074 3314 potest
2102 3261 2209 3300 non

630 3341 768 3395 utile
814 3356 879 3394 ac
926 3340 1168 3394 salutare
1216 3352 1357 3393 esse.
1409 3335 1680 3406 Equidem
1718 3336 1805 3391 his
1837 3337 1930 3405 qui
1962 3339 2213 3394 veritatis

629 3433 741 3488 vim
776 3431 1136 3500 contemplari
1163 3436 1412 3500 possunt,
1439 3437 1700 3484 venustas
1726 3429 1846 3499 ejus
1867 3428 2019 3482 velut
2046 3445 2208 3484 coru-

628 3539 784 3580 scum
811 3521 1088 3593 quoddam
1137 3521 1324 3575 lumen
1364 3534 1482 3574 sese
1526 3520 1725 3584 oﬁ'ert,
1753 3527 2103 3590 mentemque
2144 3521 2210 3575 ad

629 3615 1002 3686 cognitionem
1064 3612 1312 3685 mysterii
1384 3611 1589 3666 Christi
1639 3611 1879 3665 illustrat
1926 3629 1938 3664 :
1978 3629 2212 3682 quorum

629 3721 762 3759 vero
805 3719 961 3759 mens
984 3717 1093 3756 non
1150 3699 1385 3754 ﬁrmiter
1413 3697 1641 3764 incedit,
1677 3699 1772 3754 sed
1805 3699 2212 3768 quodammodo

627 3795 905 3851 claudicat
935 3795 1136 3857 adhuc,
1166 3803 1221 3847 et
1254 3787 1451 3862 puerili
1479 3799 1562 3846 est
1598 3799 1781 3854 sensu,
1809 3791 2010 3845 talibus
2045 3791 2210 3846 etiam

627 3886 918 3955 praecipua:
939 3884 1336 3953 scripturarum
1373 3879 1775 3949 speculationes
1798 3875 2212 3950 reprehensibi-

628 3976 708 4030 les
746 3987 1139 4041 nonnunquam
1164 3980 1219 4025 et
1244 3970 1531 4040 culpandaa
1571 3969 1851 4025 videntur.
1888 3970 2065 4040 Atque
2097 3971 2214 4026 haec

628 4065 776 4127 dico,
816 4064 884 4118 iis
913 4079 1033 4132 quae
1058 4063 1235 4131 pietas
1259 4069 1352 4115 tua
1394 4062 1714 4132 scripserat,
1738 4077 1851 4115 non
1882 4062 2001 4116 sine
2032 4071 2212 4116 atten-

629 4158 779 4211 tione
803 4155 981 4210 lectis.
1006 4155 1138 4207 Nam
1163 4153 1330 4222 aliqui
1354 4170 1419 4208 ex
1444 4154 1551 4208 illis
1574 4154 1668 4224 qui
1696 4154 1821 4208 istic
1842 4153 2068 4224 degunt,
2094 4154 2210 4207 for-

629 4259 774 4303 tasse
796 4256 1063 4317 putarunt
1110 4246 1345 4298 alterum
1374 4243 1598 4314 quidem
1635 4261 1862 4316 caprum
1885 4247 1970 4299 vel
1995 4243 2209 4302 hircum

630 4343 765 4402 Dec,
804 4338 900 4408 qui
926 4348 1008 4392 est
1042 4353 1209 4408 super
1234 4337 1416 4391 omnia
1437 4379 1450 4401 ,
1482 4338 1549 4392 ad
1591 4337 1924 4393 sacriﬁcium
1949 4338 2212 4393 hostiam-

629 4446 734 4500 que
764 4429 1047 4498 deputari;
1083 4428 1316 4482 alterum
1347 4443 1478 4482 vero
1513 4430 1852 4484 exsecrando
1889 4430 2128 4501 cuipiam
2155 4440 2211 4486 et

2315 3243 2531 3316 θρώπου
2549 3247 2768 3317 ἑτοίμου
2794 3247 2874 3310 είς
2889 3247 2987 3318 τὴν
3003 3246 3101 3319 ἔρη
3111 3264 3228 3319 μον·
3246 3248 3341 3302 καὶ
3361 3247 3593 3319 λήψεται
3617 3251 3644 3302 ὁ
3665 3250 3902 3322 χίμαρος

2313 3333 2401 3405 ἐφ’
2439 3335 2617 3407 ἐαυτῷ
2655 3336 2754 3398 τὰς
2805 3337 3019 3400 ἀδικίας
3053 3338 3235 3391 αὐτῶν
3270 3339 3352 3403 είς
3389 3339 3489 3411 τὴν
3522 3338 3720 3395 ἄϐατον
3743 3357 3758 3372 ·
3806 3342 3902 3395 καὶ

2313 3429 2666 3495 ἑξαποστελεῖ
2679 3431 2771 3484 τὸν
2791 3431 3137 3502 χίμαρονείς
3162 3432 3262 3505 τὴν
3289 3431 3523 3504 ἔρημον.
3567 3453 3586 3486 ι
3619 3435 3773 3488 Πᾶσα
3799 3434 3901 3505 μὲν

2311 3517 2406 3576 οὖν
2441 3521 2633 3594 Γραφὴ
2684 3521 3062 3591 θεόπνευστος,
3097 3525 3195 3577 καὶ
3233 3523 3535 3594 ὠφέλιμος.
3583 3526 3651 3578 '0
3688 3525 3798 3597 γὰρ
3833 3525 3900 3580 ἂν

2313 3611 2613 3682 φθέγξηται
2639 3610 2793 3678 Θεὸς,
2826 3613 2986 3670 τοῦτο
3002 3614 3067 3685 δὴ
3098 3615 3319 3679 πάντως
3333 3614 3452 3668 ἐστὶ
3479 3615 3573 3668 καὶ
3606 3615 3896 3686 σωτήριον.

2312 3704 2426 3759 Καὶ
2463 3707 2573 3769 τοῖς
2618 3706 2719 3777 μὲν
2767 3702 2918 3759 οὖσιν
2966 3707 3100 3770 οἵοις
3144 3723 3205 3760 τε
3248 3707 3481 3761 συνιδεῖν
3511 3707 3612 3778 τῆς
3640 3707 3898 3778 ἀληθείας

2313 3797 2409 3870 τὴν
2429 3796 2490 3852 δύ
2506 3815 2681 3869 θαμιν,
2703 3798 2763 3852 τὸ
2787 3799 2994 3870 ταύτης
3019 3799 3218 3864 κάλλος
3245 3800 3481 3873 ὑπαντᾷ,
3528 3801 3707 3871 φωτὸς
3740 3800 3898 3872 δίκην

2312 3889 2688 3961 ὲναστράπτον
2715 3892 2794 3962 τῷ
2823 3892 2897 3963 νῷ
2924 3893 3019 3946 τοῦ
3041 3893 3181 3947 κατὰ
3208 3892 3444 3966 Χριστὸν
3470 3893 3769 3965 μυστηρίου
3799 3895 3897 3966 τὴν

2313 3979 2546 4047 γνῶσιν·
2587 3985 2701 4044 τοῖς
2734 3997 2797 4050 γε
2836 3984 3078 4054 μὴνοοὺκ
3122 3984 3341 4056 ἔχουσιν
3379 3980 3439 4038 εὖ
3493 3984 3766 4056 βεϐηκότα
3804 3987 3896 4039 τὸν

2312 4071 2457 4139 νοῦν,
2493 4073 2609 4126 ἀλλ’
2662 4067 2772 4127 οἷον
2816 4076 2897 4129 ἔτι
2935 4075 3206 4140 σκάζοντά
3249 4094 3309 4130 τε
3364 4078 3461 4132 καὶ
3514 4077 3848 4152 νηπιάζοντα
3877 4118 3892 4141 ,

2311 4166 2522 4230 τούτοις
2567 4163 2677 4220 εἷεν
2726 4167 2791 4221 ἀν
2825 4169 2918 4221 κα)⁸
2945 4169 3014 4222 τὰ
3058 4169 3308 4242 ἐξαίρετα
3363 4169 3473 4225 τῶν
3522 4170 3895 4244 θεωρημάτων

2313 4257 2418 4310 ὑπό
2452 4258 2644 4328 μῶμον
2682 4259 2792 4313 ἔσθ’
2833 4263 2921 4314 ὅτε
2952 4261 3047 4315 καὶ
3080 4265 3319 4335 γραφήν.
3355 4264 3466 4316 Kal
3497 4263 3672 4318 ταῦτά
3713 4281 3892 4334 φημι,

2311 4351 2423 4412 τοῖς
2461 4349 2612 4421 παρὰ
2645 4350 2742 4420 τῆς
2774 4353 2870 4421 σῆς
2903 4351 3216 4417 θεοσεϐείας
3240 4357 3532 4424 γραφεῖσιν
3558 4355 3660 4410 οὐκ
3685 4355 3894 4412 ἀϐασα-

2312 4440 2507 4505 νίστως
2550 4442 2806 4512 ἐντυχών.
2855 4444 3125 4515 ’ῼήθησαν
3167 4445 3278 4519 γὰρ
3306 4447 3436 4512 ῑσως
3460 4447 3568 4502 τῶν
3597 4447 3782 4503 αὐτόθι
3807 4468 3893 4505 τι-

628 4523 772 4576 malo
836 4520 1228 4588 immundoque
1295 4520 1529 4574 daemoni
1591 4522 1644 4574 in
1702 4521 1978 4576 desertum
2038 4523 2207 4578 fuisse

2316 4534 2423 4597 νὲς,
2450 4533 2541 4587 τὸν
2579 4534 2677 4604 μὲν
2703 4534 2799 4588 ἓνα
2828 4536 2936 4589 τῶν
2957 4537 3231 4610 χιμάρων,
3263 4539 3378 4609 ἦτοι
3411 4539 3522 4594 τῶν
3545 4541 3786 4612 τράγων,
3815 4542 3894 4614 τῷ

626 4611 1013 4676 amandatum;
1061 4619 1224 4679 atque
1259 4611 1363 4665 hoc
1391 4613 1568 4682 ipsum
1607 4628 1705 4683 per
1745 4630 1955 4668 sacram
1984 4631 2205 4670 manum

2316 4625 2408 4676 ἐπὶ
2439 4624 2661 4679 πάντων
2705 4627 3073 4699 ὲκνεμηθῆναι
3099 4629 3220 4701 Θεῷ
3252 4632 3388 4702 πρὸς
3427 4611 3754 4704 καθιέρωσιν
3797 4611 3892 4691 xal

624 4706 874 4774 legisque
899 4702 1203 4757 decretum.
1234 4702 1294 4756 id
1325 4713 1508 4757 autem
1536 4720 1600 4759 ex
1635 4721 1692 4759 se
1717 4707 1946 4760 omnino
1975 4709 2205 4763 stultum

2316 4715 2504 4769 θυσίαν
2531 4731 2543 4744 ⁸
2587 4716 2679 4770 τόν
2727 4734 2787 4786 γε
2841 4719 2947 4791 μὴν
2998 4720 3186 4794 ἕτερον
3229 4702 3605 4796 ἀποπομπαίῳ
3645 4725 3751 4778 τινὶ
3798 4727 3893 4780 καὶ

627 4806 714 4851 est
735 4805 791 4852 et
835 4794 1154 4857 ridiculum,
1182 4795 1495 4865 meritoque
1528 4795 1731 4852 dixerit
1772 4799 1970 4868 aliquis
2002 4800 2070 4854 iis
2112 4803 2206 4870 qui

2316 4808 2537 4880 πονηρῷ
2585 4809 2682 4862 καὶ
2705 4809 3002 4882 ἀκαθάρτῳ
3026 4811 3239 4884 δαίμονι
3273 4794 3590 4886 πεμφθῆναι
3615 4815 3758 4870 κατά
3794 4819 3894 4889 τὴν

627 4886 942 4960 hujusmodi
968 4887 1227 4956 opinione
1251 4895 1510 4942 tenentur
1536 4906 1546 4940 :
1577 4888 1689 4943 Cur
1713 4905 1822 4944 non
1855 4891 1988 4946 illud
2023 4893 2208 4962 potius

625 4979 1081 5052 cogitatis?Nam
1128 4979 1406 5048 quomodo
1451 4983 1834 5037 universorum
1871 4985 2075 5055 opifex,
2107 4988 2202 5057 qui

2316 4991 2706 5063 θεσπίσματος.
2743 4993 2983 5050 Αὑτόθεν
3015 4995 3116 5066 μὲν
3139 4991 3234 5051 οὖν
3261 4997 3324 5052 τὺ
3358 4999 3548 5071 χρῆμά
3577 5001 3730 5054 ἑστιν
3763 5000 3894 5073 εὔη-

559 5125 574 5136 _
625 5075 844 5126 omnem
899 5071 1142 5125 mentem
1176 5085 1242 5124 ac
1298 5085 1606 5126 sermonem
1655 5075 1893 5141 excedit,
1942 5083 2201 5147 solusque

2316 5081 2399 5146 θές
2430 5100 2488 5136 τε
2519 5084 2615 5139 καὶ
2647 5085 3077 5155 καταγέλαστον.
3122 5088 3260 5161 Φαίη
3295 5089 3340 5143 δ’
3375 5091 3443 5146 ἀν
3472 5107 3557 5156 τις
3591 5094 3706 5156 τοῖς
3747 5071 3895 5149 οὕτω

622 5169 709 5219 est
730 5159 1035 5216 secundum
1065 5168 1320 5214 naturam
1359 5160 1506 5217 Deus
1527 5171 1584 5218 et
1608 5164 1872 5220 Dominus
1893 5207 1907 5230 ,
1944 5165 2200 5223 Satanam

2316 5173 2478 5229 ταῦτα
2506 5174 2653 5245 ἔχειν
2679 5176 3006 5250 ὑπειληφόσι
3026 5196 3040 5208 ·
3060 5179 3171 5233 Καί
3189 5159 3272 5235 τοι
3295 5181 3412 5246 πῶς
3440 5184 3539 5238 οὐκ
3557 5183 3663 5238 ἔδει
3690 5184 3893 5256 μᾶλλον

622 5261 950 5323 apostatam,
977 5253 1128 5322 regni
1168 5252 1252 5307 sui
1279 5267 1345 5307 ac
1373 5255 1561 5324 gloria:
1598 5257 1770 5312 veluti
1811 5259 2021 5313 socium
2066 5276 2200 5315 con-

2316 5271 2484 5322 ὲκετνο
2520 5272 2828 5340 περινοεῖν;
2865 5272 2923 5324 '0
2959 5270 3070 5343 γάρ
3093 5289 3175 5326 τοι
3204 5274 3314 5328 τῶν
3338 5275 3476 5330 ὅλων
3512 5252 3852 5350 δημιουργὸς
3875 5324 3889 5343 ,

623 5353 940 5415 sortemque
965 5343 1319 5399 admisisset?
1342 5361 1467 5401 cum
1510 5363 1610 5418 per
1640 5350 1935 5419 quemdam
1980 5363 2201 5408 sancto-

2316 5362 2332 5412 5
2359 5361 2456 5414 καὶ
2482 5361 2685 5424 παντὸς
2711 5362 2992 5428 ἐπέκεινα,
3021 5365 3116 5419 καὶ
3143 5365 3258 5431 νοῦ,
3279 5370 3374 5422 καὶ
3397 5343 3704 5437 λόγουξκαὶ
3720 5343 3891 5441 pavo;

627 5452 748 5493 rum
789 5438 1183 5516 prophetarum
1215 5436 1367 5492 illum
1409 5442 1554 5496 clare
1607 5445 1968 5512 pronuntiare
2011 5447 2201 5501 audia-

2316 5448 2390 5502 ὢν.
2414 5450 2578 5519 φύσει
2597 5450 2730 5516 Θεὸς
2752 5455 2848 5507 καὶ
2886 5453 3115 5526 Κύριος,
3149 5457 3266 5522 πῶς
3305 5459 3372 5513 ἀν
3399 5436 3658 5530 ἠνέσχετο
3696 5436 3889 5515 κοινω-

689 5594 733 5623 ⁷¹
773 5593 943 5646 l.cvil.
982 5611 1088 5657 xvn,
1138 5595 1286 5650 5—10.
1365 5597 1411 5627 ⁷³
1452 5597 1586 5650 ibid.
1634 5599 1719 5661 15,
1762 5599 1841 5653 l6.
1920 5599 1966 5630 ⁷⁵
2009 5601 2141 5655 ibid.
2445 5607 2494 5638 "
2526 5607 2569 5662 ll
2602 5609 2842 5664 Timoth.
2884 5629 2960 5675 Ill,
2997 5614 3090 5667 16:

1720 5720 1894 5773 Varia:
1925 5721 2192 5779 lectiones
2220 5723 2426 5778 COdicis
2457 5707 2822 5789 Seguieriani.

694 5845 712 5868 ⁷
752 5833 1118 5899 ἐξιλάσασθαι.

1202 5847 1222 5873 ι
1251 5836 1398 5906 περί.

2310 4898 2516 4971 ἔρημον
2541 4915 2555 4931 ·
2589 4900 2684 4954 καὶ⁸
2716 4900 2874 4955 τοῦτο
2903 4902 2991 4956 διὰ
3021 4904 3206 4976 χειρὸς
3234 4907 3407 4978 ἱερᾶς,
3448 4906 3543 4960 καὶ
3571 4908 3636 4961 ὲκ
3663 4925 3892 4978 νομικου
3983 4919 3986 4924 ’
