4154 6322
230 379 323 433 2ῦὸ
1596 369 1926 427 LPISTOLA
1967 368 2101 425 XLI.

3377 370 3483 427 206

230 502 309 554 νδν
342 496 532 570 ὥςπερ
579 497 703 552 τινά
741 498 840 566 τῆς
887 495 1047 550 αὐτοῦ
1101 496 1127 534 δ
1173 495 1447 566 βασιλείας
1500 493 1594 545 καὶ
1640 491 1798 560 δόξης

1905 506 2031 545 mus
2069 511 2079 544 :
2119 511 2134 542 ι
2173 489 2415 545 Gloriam
2462 505 2638 544 meam
2688 488 2844 545 alteri
2881 504 3007 554 ,non
3036 489 3191 560 123
3208 489 3353 547 dabo
3377 493 3477 545 ⁷⁸.»

231 594 314 647 τὸν
343 590 666 658 ἀποστάτην
691 587 1030 654 εἰσδέξασθαι
1071 588 1348 650 Σατανᾶν;
1386 585 1479 639 καί
1506 601 1588 637 τοι
1614 583 1795 651 λέγον-

226 703 310 748 τος
338 682 666 753 ἀιηκόαμεν
696 680 945 752 ἐναργῶς
988 679 1055 732 δι’
1096 680 1213 742 ἑνὸς
1247 678 1354 731 τῶν
1386 677 1556 745 ἁγίων
1587 691 1800 746 προφη-

225 776 355 831 τῶν·
391 795 412 818 ι·
450 774 567 845 Τὴν
598 773 757 838 δόξαν
788 789 885 843 μου
913 771 1085 842 ἑτέρῳ
1116 772 1174 824 ού
1201 769 1373 823 δώσω.
1415 787 1433 820 ι
1471 769 1532 820 Et
1567 767 1624 820 δὲ
1650 765 1799 835 αὑτῷ

226 871 313 923 καὶ
347 869 495 938 μόνῳ
521 867 580 920 τὸ
618 867 816 938 χρῆναι
842 862 1154 935 καθιεροῦν,
1193 862 1230 916 ἃ
1257 861 1323 916 ἀν
1358 859 1602 930 βούλοιτὸ
1637 877 1741 921 τις,
1769 859 1799 910 ὁ

225 954 307 1011 διὰ
336 954 430 1008 το5
460 955 743 1022 πανσόφου
770 949 1051 1016 Μωῡσέως
1097 951 1436 1022 προστέταχε
1461 949 1646 1019 νόμος,
1680 945 1799 1001 εἶτα

225 1046 380 1112 αὐτὸς
413 1049 442 1102 ὁ
463 1047 706 1118 λαλήσας
735 1042 826 1098 τδν
849 1043 1013 1116 νόμον
1042 1041 1546 1114 κατεχρησμῴδησε
1567 1040 1680 1094 δεῖν
1705 1039 1800 1094 καὶ

228 1137 498 1208 πνεύμασι
529 1137 788 1206 πονηροῖς
812 1134 912 1204 τὴν
945 1132 1094 1204 αὐτῷ
1115 1173 1131 1199 ,
1160 1130 1258 1186 καὶ
1291 1130 1437 1204 μόνῳ
1461 1170 1477 1196 ,
1519 1130 1800 1203 πρεπωδε-

228 1228 424 1296 στάτην
466 1225 842 1296 ἀπονέμεσθαι
866 1222 1046 1291 δόξαν,
1078 1224 1199 1288 πῶς
1234 1223 1358 1294 οὐχὶ
1389 1225 1503 1288 τοῖς
1530 1221 1677 1284 ἰδίοις
1704 1218 1799 1274 ἀν-

224 1318 496 1384 τιτάξεται
535 1316 748 1387 λόγοις;
797 1319 864 1372 ’0
896 1317 1006 1388 γὰρ
1040 1316 1294 1386 ἀπέφησε
1323 1313 1481 1386 δρᾷν,
1510 1312 1670 1368 τοῦτο
1702 1328 1799 1380 γε-

225 1410 404 1467 νέσθαι
443 1409 841 1483 προστέταχεν.
891 1407 1030 1463 Ἀλλ’
1074 1407 1190 1462 ἔστι
1221 1408 1331 1462 τῶν
1362 1407 1502 1478 άγαν
1553 1407 1799 1460 ἐκτοπω-

223 1504 394 1560 τάτων
420 1503 487 1559 τὺ
514 1503 721 1558 οῖεσθαι
752 1501 852 1574 μὲν
878 1501 1093 1572 άλογεῖν
1121 1502 1222 1572 τῆς
1258 1499 1616 1573 ὀφειλομένης
1650 1499 1800 1570 αύτῷ

225 1593 386 1668 τιμῆς
424 1612 484 1649 τε
528 1595 625 1650 καὶ
663 1594 825 1666 δόξης
854 1593 947 1647 τὸν
977 1593 1085 1647 τῶν
1125 1593 1262 1648 δλων
1310 1591 1802 1658 κατεξουσιάζοντα

225 1685 372 1748 Θεὺν,
400 1683 608 1755 ἀνάψαι
641 1681 699 1738 δὲ
735 1683 828 1738 καὶ
872 1681 1082 1753 ἑτέροις
1118 1677 1325 1736 ἐθέλειν
1359 1681 1553 1753 αὐτὴν,
1585 1679 1679 1734 καί
1717 1697 1798 1734 τοι

227 1773 405 1847 σαφῶς
432 1776 662 1845 λέγοντα
688 1774 776 1829 διὰ
803 1774 1084 1838 Μωῦσέως
1102 1791 1117 1807 ο
1154 1792 1173 1824 ι
1204 1773 1411 1846 Κύριον
1429 1773 1522 1826 τὸν
1542 1772 1676 1827 Θεόν
1705 1789 1799 1825 σου

1899 583 2058 650 Quod
2095 584 2141 638 si
2189 583 2274 637 lex
2325 599 2423 654 per
2457 583 2925 653 sapientissimum
2969 581 3190 655 Moysen
3234 585 3483 654 praecipit

1902 687 1963 731 ut
1984 691 2325 746 quaecunque
2349 675 2552 732 offerre
2586 676 2712 745 quis
2735 676 2995 742 voluerit,
3023 691 3087 732 ea
3111 676 3212 732 soli
3255 676 3369 731 Deo
3398 678 3483 732 of-

1900 767 2060 830 ferat,
2109 775 2298 836 postea
2324 766 2471 820 idem
2498 766 2617 836 ipse
2642 766 2736 835 qui
2761 767 2936 836 legem
2960 766 3101 820 hanc
3131 765 3279 829 tulit,
3308 766 3484 822 mani-

1899 857 2040 912 festo
2063 857 2291 911 oraculo
2328 857 2569 912 sanxerit
2598 864 2658 910 ut
2685 854 2858 926 gloria
2881 872 3004 926 quae
3033 856 3138 926 ipsi
3168 857 3272 912 soli
3307 855 3483 911 maxi—

1900 964 1987 1003 me
2033 949 2314 1013 convenit,
2342 947 2645 1003 immundis
2677 947 2972 1018 spiritibus
3015 947 3342 1003 deferatur:
3388 947 3484 1018 qui

1901 1039 2022 1096 fieri
2050 1047 2233 1112 potest
2261 1049 2323 1096 ut
2358 1055 2470 1096 non
2505 1040 2620 1096 suis
2647 1039 2764 1110 ipse
2798 1040 2986 1095 verbis
3024 1040 3341 1095 contrarius
3365 1056 3485 1095 ma-

1898 1131 2100 1188 nifeste
2142 1131 2610 1204 deprehendatur,
2639 1148 2762 1186 cum
2799 1132 2906 1186 hoc
2942 1131 3124 1202 ipsum
3162 1131 3307 1202 quod
3337 1131 3486 1186 inhi-

1901 1224 2099 1280 buerat
2119 1264 2132 1286 ,
2168 1224 2289 1280 ﬁeri
2335 1224 2528 1296 jubeat
2547 1224 2570 1276 ?
2591 1225 2795 1280 Verum
2838 1223 3000 1294 longe
3027 1222 3487 1279 absurdissimum

1899 1312 2089 1378 fuerit,
2116 1313 2162 1369 si
2188 1313 2494 1377 existimes,
2531 1311 2728 1377 Deum,
2753 1311 2846 1382 qui
2881 1311 3272 1368 universorum
3305 1311 3488 1368 domi-

1900 1405 2055 1462 nium
2082 1406 2316 1472 obtinet,
2343 1404 2517 1461 debiti
2541 1403 2647 1460 sibi
2696 1403 2926 1460 honoris
2959 1414 3016 1461 et
3052 1406 3242 1477 gloriae
3276 1405 3487 1461 nullam

1902 1512 2094 1552 curam
2118 1497 2344 1561 ducere,
2381 1503 2436 1551 et
2456 1495 2578 1551 aliis
2607 1511 2829 1568 quoque
2851 1511 2974 1551 eam
3002 1495 3142 1552 velle
3179 1494 3450 1566 impertiri
3468 1535 3485 1560 ,

1902 1604 2027 1644 cum
2049 1606 2148 1660 per
2171 1589 2394 1660 Moysen
2438 1588 2732 1644 manifeste
2775 1587 3105 1644 denuntiet:
3140 1607 3157 1638 ι
3191 1587 3486 1643 Dominum

1901 1678 2077 1734 Deum
2104 1687 2260 1734 tuum
2300 1679 2586 1744 adorabis,
2612 1687 2669 1733 et
2703 1678 2781 1732 illi
2809 1676 2912 1733 soli
2941 1677 3149 1746 servies
3169 1678 3213 1708 "
3259 1695 3272 1732 :
3310 1698 3326 1730 ι
3359 1695 3487 1733 rur-

1903 1785 2178 1840 sumque:
2212 1791 2228 1820 ι
2259 1767 2378 1825 Non
2407 1776 2572 1825 erunt
2600 1767 2702 1823 tibi
2728 1767 2803 1823 ‘dii
2844 1768 2936 1823 alii
2982 1777 3185 1838 preter
3232 1784 3319 1824 me
3337 1769 3404 1822 ".
3460 1787 3480 1820 ι

224 1833 644 1941 προσκυνήσεις,
676 1867 772 1921 καὶ
818 1865 968 1938 αὐτῷ
1022 1833 1169 1937 itde
1204 1833 1525 1938 λατρεύσεις
1547 1904 1562 1918 .
1601 1857 1626 1916 ι’
1661 1864 1796 1928 καὶ,

1902 1833 2253 1932 Quapropter
2294 1861 2517 1916 divinus
2552 1874 2774 1931 quoque
2807 1833 3019 1930 Moyses
3047 1874 3304 1930 supernae
3347 1859 3488 1914 divi-

229 1980 248 2011 ε
284 1959 396 2015 οὐκ
425 1959 646 2014 ἔσονταί
674 1976 756 2012 σοι
776 1958 889 2014 θεοὶ
908 1958 1086 2029 ἕτεροι
1112 1955 1253 2030 πλὴν
1283 1956 1438 2030 εμοῦ.
1477 1975 1497 2008 ›
1522 1956 1623 2010 Διά
1639 1953 1800 2009 τοῦτο

224 2051 313 2106 καὶ
344 2052 374 2104 ὁ
397 2037 690 2112 θεσπέσιος
707 2047 949 2120 Μωῦσῆς
976 2049 1096 2111 ταῖς
1128 2044 1337 2101 ἄνωθεν
1366 2045 1460 2100 καὶ
1483 2044 1636 2118 παρὰ
1660 2042 1797 2097 Θεοῦ

221 2143 419 2213 ψήφοις
466 2135 527 2196 εὖ
562 2141 711 2214 μάλα
741 2140 1155 2211 συμπράττεται
1189 2147 1238 2201 ο,
1289 2135 1385 2191 καὶ
1422 2136 1489 2209 δὴ
1522 2135 1618 2191 καί
1663 2151 1798 2207 φησι

222 2236 328 2299 τοῖς
380 2233 442 2303 ἐξ
475 2234 710 2307 αἵματος
757 2231 978 2303 Ἰσραήλ
998 2247 1012 2260 ’
1054 2250 1072 2282 ι
1113 2229 1225 2285 Καὶ
1251 2228 1426 2284 ταῦτα
1458 2228 1528 2284 τά
1561 2228 1800 2302 προστά-

219 2340 420 2392 γματα,
450 2325 545 2377 καὶ
565 2322 633 2376 τὰ
659 2321 940 2394 κρίματα,
973 2320 1010 2374 ἃ
1040 2318 1342 2390 φυλάξεσθε
1375 2320 1551 2372 ποιεῖν
1580 2318 1675 2372 ιπι
1699 2317 1800 2390 τῆς

221 2415 341 2488 γῆς,
373 2411 443 2488 ἦς
478 2415 683 2486 Κύριος
709 2415 738 2468 ὁ
765 2414 897 2477 Θεὸς
925 2412 1036 2466 τῶν
1085 2412 1340 2485 πατέρων
1384 2411 1543 2483 ἡμῶν
1581 2412 1798 2466 δίδωσιν

221 2510 346 2580 ὑμῖν
367 2511 426 2563 έν
456 2506 646 2581 κλήρῳ
670 2507 853 2570 πάσας
873 2506 972 2570 τὰς
993 2505 1209 2577 ἡμέρας
1230 2544 1244 2569 ,
1273 2503 1341 2569 ἀς
1369 2505 1529 2576 ὑμεῖς
1553 2503 1684 2576 ζῆτε
1705 2503 1800 2558 ﬁeri.

221 2597 314 2667 τῆς
346 2597 475 2668 γῆς.
495 2595 769 2669 Ἀπωλεία
796 2597 1051 2651 ἀπολεῖτε
1085 2595 1298 2659 πάντας
1323 2595 1452 2658 τοὺς
1484 2595 1702 2660 τόπους,
1739 2595 1798 2648 ὲν

220 2685 300 2753 οἷς
330 2690 672 2761 ἐλάτρευσαν
728 2689 848 2742 ἐκεῖ
885 2687 955 2742 τὰ
977 2688 1114 2758 ⁴ἔθνη
1153 2689 1270 2752 τοῖς
1294 2688 1437 2751 θεοῖς
1464 2686 1668 2751 αὐτῶν,
1702 2683 1797 2750 οὓς

221 2780 374 2852 ὑμεῖς
402 2781 798 2853 κληρονομεῖτε
829 2779 1048 2844 αὐτοὺς,
1077 2779 1171 2833 ἐπὶ
1197 2779 1308 2834 τῶν
1333 2779 1506 2849 ὁρέων
1523 2779 1632 2832 τῶν
1658 2774 1799 2848 6th—

219 2869 343 2935 λῶν,
367 2870 463 2923 καὶ
485 2869 578 2922 ἐπὶ
603 2868 712 2922 τῶν
735 2867 916 2934 θινῶν,
938 2869 1034 2923 καὶ
1063 2867 1326 2923 ὑποκάτω
1345 2865 1564 2938 δένδρου
1584 2864 1794 2928 δασέος.

222 2961 616 3031 Κατασκάψετε
652 2960 780 3024 τοὺς
827 2959 1046 3031 βωμοὺς
1083 2958 1286 3024 αὐτῶν,
1331 2958 1428 3014 καὶ
1474 2955 1796 3028 συντρίψετε

219 3055 313 3117 τὰς
346 3053 552 3125 στήλας
579 3052 778 3107 αὐτῶν.
823 3053 935 3106 Καὶ
968 3051 1110 3122 άλση
1147 3049 1329 3106 αὐτῶν
1373 3049 1664 3119 ἐκκόψετε,
1701 3047 1796 3102 καὶ

219 3143 285 3196 τὰ
314 3143 532 3212 γλυπτά
563 3143 672 3197 τῶν
714 3143 852 3198 θεῶν
882 3139 1060 3196 αὐτῶν
1091 3140 1466 3196 κατακαύσετε
1490 3141 1627 3209 πυρὶ
1649 3178 1666 3204 ,
1702 3140 1798 3193 καὶ

221 3234 470 3287 ἀπολεῖτε
522 3234 582 3286 τὸ
615 3234 787 3306 ὄνομα
825 3233 1005 3287 αὐτῶν
1043 3235 1107 3287 ὲκ
1150 3232 1244 3286 τοῦ
1286 3232 1456 3287 τόπου
1485 3232 1718 3286 ἐκείνου.
1770 3249 1790 3282 ι

223 3322 350 3380 Εἶτα
383 3325 501 3388 πῶς
527 3321 607 3396 ἦν’
629 3325 775 3390 em;
795 3364 811 3388 ,
845 3325 938 3378 τὸν
967 3325 1026 3391 ὲξ
1052 3324 1270 3395 ἀπάτης
1310 3323 1629 3395 Ἑλληνικῆς
1658 3321 1799 3394 πρὸς

219 3418 275 3470 τὸ
305 3417 406 3487 τῆς
454 3415 714 3487 ἀληθείας
761 3415 1187 3488 μεθορμίζεσθαι
1226 3414 1343 3485 φῶς
1392 3413 1480 3470 διὰ
1517 3413 1798 3477 Μωῦσέως

220 3511 622 3580 προστάττοντα
647 3547 664 3573 ,
696 3508 790 3562 καὶ¹
821 3507 1062 3571 εἰδώλοις
1107 3505 1245 3578 ὁμοῦ
1286 3505 1357 3560 τά
1393 3506 1595 3577 τεμένη
1630 3522 1800 3560 κατα-

221 3602 494 3671 πιμπρᾷν,
528 3601 621 3654 καὶ¹
652 3600 1046 3673 ἀναδοθρεύειν
1081 3599 1324 3671 βωμοὺς,
1355 3598 1494 3669 ἄλση
1545 3615 1605 3652 τε
1645 3599 1800 3652 ὲκκὸ-

221 3709 370 3747 πτειν
392 3732 410 3757 ,
450 3692 531 3756 ὡς
566 3690 732 3763 μηδὲν
779 3694 880 3762 τῆς
928 3692 1154 3746 ἐκείνων
1186 3691 1473 3763 βδελυρίας
1502 3691 1798 3760 ἀπομεῖναι

219 3785 486 3854 λείψανον,
525 3783 843 3856 μερίζεσθαι
868 3784 1003 3855 πρὸς
1029 3774 1172 3838 αὐτὰ
1197 3784 1296 3856 τὴν
1320 3783 1478 3850 δόξαν
1496 3798 1512 3814 ·
1549 3781 1798 3852 καθάπερ

220 3877 314 3949 ἠδη
348 3880 617 3948 προεῖπον
640 3918 656 3944 ,
693 3878 789 3930 καὶ
827 3878 910 3940 είς
951 3876 1109 3931 τοῦτο
1136 3875 1363 3948 γνώμης
1408 3875 1620 3941 ἐλθεῖν,
1657 3874 1799 3928 ὥστε

220 3971 310 4023 καὶ
328 3969 534 4032 αὐτοὺς
549 3969 677 4034 τοὺς
697 3968 1102 4040 ὲκνεμηθέντας
1127 3969 1277 4040 αὐτῷ
1301 3969 1437 4040 πρὸς
1459 3968 1795 4042 ἱερουργίαν,

221 4058 364 4113 θύειν
394 4061 587 4123 αὐτοῖς
613 4059 888 4126 ἐπιτάξαι,
933 4059 1062 4129 ἀφιέ
1075 4075 1196 4124 ηας
1222 4062 1303 4124 είς
1333 4060 1433 4132 τὴν
1470 4059 1680 4131 ἔρημον
1707 4058 1801 4112 τὸν

221 4151 400 4221 ’ἕτερον
426 4150 540 4204 τῶν
573 4150 859 4222 χιμάρων;
894 4150 1004 4203 Καί
1048 4167 1131 4204 τοι
1165 4153 1666 4222 μοσχοποιήσαντος
1703 4154 1800 4223 μὲν

222 4240 276 4293 έν
301 4243 367 4315 τῇ
421 4240 619 4310 ἐρήμῳ
670 4239 764 4292 τοῦ
827 4239 1047 4310 Ἰσραὴλ
1097 4242 1396 4312 κατῃτιᾶτο
1444 4241 1670 4313 σφόδρα,
1722 4242 1800 4314 τῷ

222 4330 490 4402 θεσπεσίῳ
519 4331 694 4399 λέγων
714 4333 885 4402 Μωσῇ
906 4347 922 4361 ’
957 4351 975 4383 ι
1008 4330 1220 4397 Βάδιζε,
1249 4333 1522 4404 κατάϐηθι
1551 4334 1610 4387 τὸ
1636 4333 1800 4405 τάχος

221 4420 501 4490 ἔντεῦθενο
527 4423 774 4493 ὴνόμησε
806 4422 916 4493 γὰρ
943 4426 971 4476 ὁ
990 4423 1116 4488 λαός
1149 4441 1242 4478 σου
1262 4467 1277 4489 ,
1305 4425 1397 4490 οὒς
1434 4425 1705 4496 ἐξήγαγες
1737 4427 1801 4480 ἐκ

1901 1970 2094 2026 neque
2115 1952 2402 2009 sententiae
2427 1967 2547 2008 sese
2573 1951 2942 2017 conformans,
2969 1951 3057 2007 his
3087 1951 3181 2024 qui
3205 1967 3272 2008 ex
3307 1952 3486 2008 Israe-

1899 2043 2051 2101 litico
2076 2043 2341 2114 sanguine
2382 2050 2530 2108 sunt,
2561 2042 2640 2098 sic
2668 2041 2806 2096 dixit
2833 2059 2846 2094 :
2885 2059 2903 2092 ‹
2937 2041 3006 2096 Et
3029 2041 3148 2097 haec
3184 2050 3314 2097 sunt
3343 2057 3504 2112 ρεπεν·

1899 2146 2057 2208 cepta
2088 2145 2145 2192 et
2173 2136 2380 2208 judicia
2403 2152 2526 2207 quae
2556 2135 2839 2192 custodire
2865 2134 3084 2191 debetis
3102 2141 3165 2189 ut
3184 2133 3401 2191 faciatis
3421 2149 3487 2192 ea

1899 2227 1959 2285 in
1989 2238 2160 2296 terra,
2204 2245 2370 2300 quam
2406 2229 2675 2285 Dominus
2713 2229 2861 2285 Deus
2902 2235 3119 2298 patrum
3167 2235 3487 2283 nostrorum

1899 2331 2048 2379 sorte
2075 2323 2308 2378 daturus
2337 2331 2422 2378 est
2438 2323 2598 2378 vobis
2620 2322 2676 2376 in
2708 2320 3114 2392 possessionem
3137 2320 3353 2375 cunctis
3373 2318 3490 2376 die-

1898 2415 2004 2471 bus
2027 2414 2231 2486 quibus
2267 2412 2468 2470 vivetis
2491 2429 2658 2485 super
2679 2422 2908 2470 terram.
2945 2411 3264 2470 Perditione
3293 2410 3491 2484 perde-

1898 2509 1972 2564 tis
2001 2507 2187 2564 omnia
2228 2507 2350 2563 loca
2396 2522 2520 2578 quae
2571 2515 2718 2562 sorte
2765 2505 3158 2576 pbssidebitis,
3204 2505 3258 2560 in
3284 2505 3491 2576 quibus

1898 2599 2191 2656 coluerunt
2219 2604 2411 2670 gentes
2439 2594 2574 2652 deos
2603 2611 2754 2662 suos,
2781 2611 2948 2667 super
2974 2602 3192 2651 montes
3217 2596 3487 2660 excelsos,

1897 2699 1954 2748 et
1987 2689 2160 2746 colles
2182 2730 2196 2755 ,
2244 2695 2304 2745 et
2345 2685 2540 2744 subter
2585 2702 2750 2743 omne
2784 2676 2995 2758 lignum
3031 2683 3380 2742 frondosum.
3420 2685 3491 2741 Et

1898 2777 2198 2837 destructis
2241 2793 2365 2833 aras
2385 2791 2610 2842 eorum,
2637 2784 2695 2831 et
2736 2773 3101 2847 confringetis
3138 2781 3349 2830 statuas
3389 2789 3487 2830 εον

1899 2883 2057 2936 rum;
2085 2875 2144 2923 et
2165 2867 2319 2922 lucos
2340 2881 2535 2922 eorum
2557 2863 2846 2929 excidetis,
2877 2871 2936 2918 et
2957 2863 3233 2934 sculptilis
3256 2863 3489 2919 deorum

1898 2961 2147 3032 ipsorum
2165 2959 2288 3030 igne
2311 2954 2674 3022 comburetis,
2699 2964 2758 3012 et
2783 2955 3117 3026 disperdetis
3139 2956 3363 3011 nomina
3389 2970 3488 3012 eo-

1899 3069 2025 3110 rum
2054 3052 2271 3109 deloco
2309 3053 2404 3108 illo
2427 3053 2495 3105 ".
2534 3069 2552 3102 ι
2600 3051 2722 3108 Jam
2757 3048 3038 3121 quomodo
3077 3050 3367 3121 probabile
3416 3049 3489 3105 sit

1899 3154 1964 3202 ut
1986 3147 2083 3217 qui
2112 3160 2246 3202 suos
2274 3159 2342 3200 ex
2367 3142 2692 3214 gentilitatis
2713 3156 2907 3197 errore
2934 3140 3004 3197 ad
3027 3140 3277 3197 veritatis
3297 3139 3485 3194 lumen

1842 3231 1861 3256 ⁷
1898 3255 2000 3310 per
2022 3239 2246 3310 Moysen
2279 3236 2517 3300 traduci,
2537 3242 2703 3305 atque
2729 3242 2791 3289 ut
2812 3233 2957 3289 idola
2977 3247 3087 3289 una
3115 3247 3242 3288 cum
3266 3231 3489 3287 illorum

1899 3331 2116 3402 templis
2143 3329 2625 3393 comburerentur,
2657 3342 2762 3382 nec
2793 3341 2902 3381 non
2926 3341 3032 3381 arae
3055 3339 3274 3395 quoque
3297 3339 3490 3380 eorum

1901 3424 2394 3488 subverterentur,
2451 3421 2677 3490 lucique
2721 3417 3202 3481 exscinderentur,
3254 3432 3324 3473 ne
3364 3415 3491 3472 ulla

1901 3515 2371 3572 abominationum
2401 3514 2632 3569 istarum
2666 3511 2916 3582 reliquiae
2948 3518 3305 3582 superessent
3343 3523 3486 3580 pra-

1900 3617 2160 3678 ceperat;
2191 3608 2239 3662 is
2278 3606 2512 3678 gloriam
2545 3619 2702 3660 suam
2746 3602 2878 3666 illis,
2931 3611 2991 3657 ut
3036 3601 3202 3656 modo
3229 3600 3445 3656 aiebam
3469 3640 3487 3664 ,

1900 3699 2138 3756 voluerit
2164 3696 2471 3768 impertiri,
2512 3695 2570 3750 in
2609 3710 2842 3764 eamque
2892 3693 3221 3749 sententiam
3253 3691 3485 3756 venerit,

1901 3798 1962 3849 ut
1987 3793 2104 3864 ipsa
2134 3805 2356 3863 quoque
2388 3787 2691 3845 animantia
2717 3786 2824 3841 sibi
2869 3786 2925 3840 in
2952 3783 3288 3840 sacrificium
3312 3784 3486 3840 desti-

1901 3893 2030 3941 nata
2065 3883 2176 3939 illis
2201 3881 2515 3939 sacriﬁcare
2534 3879 2780 3951 iuberet,
2807 3886 2864 3933 et
2899 3878 3136 3933 alterum
3176 3877 3390 3932 hircum
3431 3875 3489 3931 in

1900 3973 2184 4030 desertum
2207 3971 2503 4028 emittere?
2539 3967 2838 4025 Enimvero
2859 3967 3142 4033 Israelem,
3169 3967 3317 4038 quod
3344 3967 3491 4023 vitu-

1900 4065 2014 4121 lum
2046 4066 2100 4120 in
2129 4063 2352 4120 deserto
2385 4062 2674 4127 erexisset,
2709 4059 3031 4131 gravissime
3055 4059 3354 4122 accusavit,
3387 4059 3488 4115 ad-

1902 4155 2266 4227 mirandoque
2291 4155 2462 4227 Moysi
2492 4154 2713 4211 dicebat
2745 4171 2756 4206 :
2793 4153 2994 4218 «Vade,
3021 4151 3297 4208 descende
3325 4152 3440 4208 cito
3469 4172 3482 4206 :

1901 4246 2149 4318 peccavit
2209 4245 2448 4317 populus
2502 4252 2671 4307 tuus,
2718 4259 2882 4313 quem
2943 4241 3180 4298 eduxisti
3227 4241 3294 4297 de
3342 4251 3489 4298 terra

1899 4327 2154 4408 Egypti;
2200 4335 2562 4404 feceruntque
2591 4333 2698 4388 sibi
2743 4331 2950 4386 idolum
2974 4332 3040 4385 ⁸ο.
3078 4352 3095 4382 ι
3131 4330 3271 4398 Quin
3304 4339 3360 4386 et
3383 4332 3493 4387 illis

1903 4443 2122 4499 quoque
2144 4427 2239 4498 qui
2265 4426 2605 4496 Beelphegor
2627 4424 2826 4478 initiati
2851 4422 3093 4488 fuerant,
3127 4422 3346 4493 quando
3363 4437 3490 4477 cum

220 4512 317 4582 γῆς
339 4514 624 4582 Αἰγύπτου
645 4528 658 4542 ³
691 4513 954 4585 ἐποίησαν
981 4516 1192 4579 ἑαυτοῖς
1221 4518 1460 4571 εἴδωλον.
1499 4537 1517 4570 ι
1549 4518 1657 4571 Καὶ
1689 4518 1796 4590 μὴν

1901 4517 2265 4575 Moabitarum
2285 4517 2613 4572 mulieribus
2638 4515 3034 4580 miscebantur,
3063 4513 3252 4568 formae
3276 4513 3490 4569 illarum

221 4605 435 4670 καὶτοῖς
458 4605 794 4660 τελεσθεῖσιν
809 4606 886 4678 τῷ
909 4605 1253 4680 Βεελφεγὼρ,
1277 4607 1466 4662 ὅσιά-ο
1482 4612 1606 4674 ταῖς
1630 4612 1798 4665 Μωα-

221 4693 378 4750 ϐιτῶν
429 4695 829 4751 συνεπλέκοντο
882 4698 1098 4767 γυναιξὶ
1121 4739 1137 4764 ,
1192 4701 1314 4764 ταῖς
1365 4701 1474 4756 τῶν
1526 4702 1800 4773 σωμάτων

219 4783 388 4858 ὥραις
441 4790 909 4860 σεσαγηνευμένοι
959 4789 979 4828 ί
1031 4789 1168 4864 πρὸς
1215 4791 1551 4858 ἀπόστασιν,
1592 4793 1799 4866 πικρὰν

219 4879 536 4952 ὶπαρτήσας
570 4881 765 4951 ὁρᾶται
788 4880 944 4952 δίκην
963 4899 978 4912 ⁸
1008 4881 1323 4938 ἀπολώλασι
1353 4884 1462 4956 γὰρ
1499 4884 1598 4938 οὐκ
1625 4885 1797 4954 ὀλίγοι

220 4969 305 5025 τὸν
342 4970 586 5044 ἀριθμὸν
611 4971 815 5042 ταύτης
843 4973 1006 5027 ἕνεκα
1029 4974 1131 5046 τῆς
1163 4975 1363 5039 αἰτίας.
1394 4977 1609 5030 Γένοιτο
1653 4978 1698 5030 δ’
1730 4978 1796 5031 ἂν

219 5061 274 5114 οὐ
310 5062 486 5136 μικρὰ
516 5062 657 5116 κατὰ
673 5064 773 5135 τῆς
803 5063 954 5129 θείας
981 5083 1042 5120 τε
1060 5067 1157 5121 καὶ
1187 5067 1571 5137 ἀκαταψέκτου
1600 5067 1798 5138 βουλῆς

220 5154 594 5226 κατάρῤησις,
625 5157 674 5209 εἱ
697 5155 1021 5212 πεπτώκασι
1047 5159 1145 5228 μὲν
1165 5201 1180 5226 ,
1221 5160 1316 5213 καὶ
1346 5159 1626 5214 ἀπώλοντό
1651 5177 1798 5223 τινες

222 5241 354 5309 θεοῖς
394 5247 611 5317 ἑτέροις
639 5250 1118 5320 προσκυνήσαντες
1139 5292 1154 5318 ,
1193 5252 1358 5316 αὑτός
1393 5253 1593 5325 γε’μὴν
1622 5254 1651 5305 ὁ
1684 5256 1794 5317 τοῖς

223 5335 558 5403 ἀποστάταις
594 5340 924 5412 ὲπιμηνίσας
956 5342 1089 5407 Θεὸς
1122 5345 1301 5416 γερῶν
1348 5345 1632 5410 ἀξιοῦσθαι
1655 5386 1670 5411 ,
1703 5347 1796 5399 καὶ

286 5511 330 5544 ’⁸
361 5514 465 5570 lsa.
497 5532 626 5581 xui,
656 5516 707 5571 8.

223 5577 272 5644 7,
299 5581 348 5636 8.
425 5586 470 5618 "
497 5577 662 5640 Num.
693 5604 818 5654 xxv,
863 5589 976 5644 1-9.

814 5520 858 5550 "
893 5520 1051 5576 Deut.
1083 5538 1152 5586 vr,
1194 5524 1288 5589 l5;
1333 5523 1519 5578 Matth.
1558 5540 1629 5585 iv,
1669 5524 1751 5577 10.
1832 5524 1874 5556 ⁷⁸
1897 5523 2070 5579 Exod.
2115 5541 2205 5585 xx,
2234 5526 2284 5578 5.

1905 4618 2196 4668 venustate
2232 4610 2300 4665 ad
2334 4608 2702 4666 defectionem
2741 4606 2979 4670 irretiti,
3018 4604 3177 4679 124
3210 4619 3322 4660 non
3368 4621 3488 4660 me-

1905 4704 2153 4760 diocrem
2197 4701 2386 4758 intulit
2411 4702 2793 4774 punitionem;
2829 4715 2956 4755 nam
2979 4714 3044 4753 ea
3068 4697 3136 4753 de
3172 4713 3340 4754 causa
3376 4713 3489 4753 non

1905 4795 2066 4866 pauci
2096 4809 2163 4850 ex
2208 4795 2318 4849 illis
2359 4793 2775 4851 interierunt".
2810 4793 2967 4848 Esset
2999 4806 3167 4861 porro
3186 4791 3375 4848 divina
3397 4791 3487 4846 illa

1904 4887 2292 4957 inculpataque
2313 4886 2570 4942 voluntas
2603 4884 2749 4940 haud
2785 4883 3142 4939 mediocriter
3173 4883 3484 4954 culpabilis.

1899 4978 1948 5033 si
1995 4986 2351 5049 posteaquam
2398 4977 2521 5033 illos
2559 4993 2591 5032 e
2626 4975 2809 5030 medio
2848 4975 3182 5041 sustulerat,
3207 4975 3302 5045 qui
3353 4974 3490 5030 deos

1900 5070 2112 5126 alienos
2131 5068 2516 5133 adoraverant,
2540 5068 2690 5123 Deus
2712 5068 2830 5138 ipse
2853 5082 3096 5132 rursum,
3122 5066 3217 5136 qui
3245 5065 3361 5121 suis
3386 5067 3487 5122 dr-

1898 5162 2212 5218 sertoribus
2227 5171 2640 5236 succensuerat,
2667 5175 2892 5231 pravam
2915 5159 3062 5214 illam
3088 5157 3488 5212 adversariam-

1899 5271 2008 5326 que
2028 5263 2360 5326 potestatem
2386 5254 2548 5311 donis
2571 5252 2968 5322 sacrificiisque
2993 5251 3256 5307 honorari
3285 5250 3485 5322 jussis-

1903 5356 1983 5403 τοι
2011 5365 2024 5400 :
2057 5363 2220 5421 quam
2272 5347 2497 5418 quidem
2541 5345 2914 5401 adversariam
2967 5352 3292 5418 potestatem
3345 5357 3456 5396 non

2383 5523 2431 5553 τ’
2469 5523 2629 5578 Deut.
2674 5538 2774 5586 xu,
2803 5524 2912 5576 1-3.
3002 5521 3048 5552 '°
3101 5521 3269 5576 Exod.
3318 5536 3488 5589 χχχιι,

1314 5685 1489 5740 Variae
1513 5686 1779 5742 lectiones
1801 5685 2011 5742 codicis
2042 5687 2408 5758 Seguieriani.

292 5807 318 5849 ³
347 5809 564 5867 ἑαυτοῦ.
643 5825 665 5852 ε
699 5816 1102 5884 συμπλάττεται
1126 5836 1139 5885 ;
1182 5827 1331 5870 verte.
1373 5839 1383 5871 :
1421 5823 1657 5890 supernis
1700 5821 1798 5875 divi

1899 5837 1990 5892 qm
2031 5821 2250 5880 decretis
2287 5823 2487 5895 furem.
2566 5821 2648 5861 δέ
2691 5821 2776 5875 ὅτε
2813 5821 2925 5874 ἅτε.
3014 5819 3031 5857 ί
3069 5819 3475 5890 σεσαλευμένοι.
