4154 6322
624 365 728 424 1C7

1651 357 1707 414 S.
1746 351 2021 415 CYRILLI
2059 347 2527 413 ALEXAme
2570 350 2894 414 ARCHIEP.

3785 350 3895 408 203

626 482 765 541 nulli
787 483 1026 540 fortasse
1045 480 1360 538 divinarum
1396 480 1808 552 Scripturarum
1844 479 1956 534 vim
1983 479 2206 534 interno

2311 474 2510 532 θυσιῶν
2531 475 2874 550 προστεταχε
2899 476 3167 551 πονηράν,
3195 474 3290 532 καὶ
3319 472 3712 546 ἀντικειμένην
3740 472 3897 528 δύναο

625 574 957 648 occultoque
977 573 1178 629 mentis
1201 565 1363 628 oculo
1388 571 1612 627 minime
1639 577 2012 640 penetrantes.
2040 567 2208 623 emis.

629 670 837 725 sarium
861 668 937 743 (l)
964 667 1300 722 nominatam
1325 678 1446 720 esse
1468 662 1674 719 dicent.
1717 662 1828 716 Nos
1848 676 1983 717 vero
2008 659 2212 716 divinis

629 761 869 817 oraculis
907 761 1150 815 animum
1199 771 1378 827 neque
1428 754 1835 826 negligentem,
1887 766 2068 824 neque
2119 765 2210 806 se-

638 867 791 924 gnem
837 850 1187 914 adhibentes,
1240 847 1335 903 sed
1369 845 1724 917 diligentem,
1767 852 1825 900 et
1866 841 2048 915 quoad
2091 841 2213 912 ejus

635 942 753 1000 'leri
789 942 973 1014 potuit
1008 941 1350 1012 vigilantem,
1383 938 1762 994 admirandam
1810 935 2062 992 veritatis
2085 933 2212 1006 pul-

665 1033 1004 1090 hritudinem
1028 1031 1248 1103 assequi
1269 1031 1568 1087 enitemur.

705 1218 951 1276 Dicimus
975 1217 1144 1289 igitur
1178 1216 1565 1271 universorum
1586 1213 1782 1278 Deum,
1808 1225 1935 1267 cum
1961 1209 2030 1265 ad
2051 1224 2213 1266 ever-

635 1310 859 1368 tendum
877 1307 1166 1380 gentilium
1187 1320 1426 1370 errores,
1449 1303 1546 1375 qui
1560 1304 1765 1358 multos
1780 1301 1915 1357 deos
1938 1299 2213 1364 colebant,

627 1413 938 1470 eorumque
965 1396 1428 1453 illuminationem
1449 1395 1626 1468 quiin
1653 1393 1898 1450 tenebris
1924 1390 2214 1455 sedebant,

629 1491 831 1565 priscis
865 1491 976 1546 illis
1011 1490 1186 1562 legem
1213 1504 1370 1544 suam
1399 1503 1498 1559 per
1529 1487 1749 1566 Moysen
1787 1483 2037 1548 tulisset,
2069 1499 2214 1537 nun-

631 1599 796 1658 quam
836 1593 1130 1655 passurum
1177 1581 1346 1637 fuisse
1371 1589 1432 1636 ut
1465 1582 1719 1650 ipsemet,
1760 1579 1849 1632 via
1887 1585 1946 1632 et
1985 1575 2212 1641 ostium,

630 1680 744 1734 imo
770 1690 901 1733 vero
932 1675 1097 1731 etiam
1136 1673 1328 1729 doctor
1366 1687 1432 1728 ac
1463 1671 1727 1743 magister
1753 1667 1822 1724 ad
1863 1667 1970 1723 hoc
2002 1675 2064 1722 ut
2107 1666 2213 1721 im-

631 1771 757 1843 puri
791 1769 1064 1825 damones
1089 1766 1522 1830 honorarentur,
1541 1763 1854 1820 exsisteret.
1880 1757 2120 1816 Proinde
2163 1757 2212 1814 si

2316 585 2433 642 μιν,
2459 568 2528 642 ην
2547 567 2941 641 ἀποπομπαῖον
2980 565 3322 640 ὠνομάσθαι,
3356 567 3516 637 φαῖεν
3556 563 3623 619 ἀν
3654 563 3784 626 ἴσως
3811 580 3898 616 τι-

2312 662 2423 729 νὶς,
2451 663 2551 734 τὴν
2570 662 2679 716 τῶν
2699 661 2866 734 ιερῶν
2897 661 3250 733 Γραμμάτων
3276 659 3509 730 δύναμιν
3533 660 3648 723 τοῖς
3674 659 3754 722 είς
3771 654 3902 710 νοῦν

2313 752 2422 808 ῑσω
2451 753 2863 826 κεκρυμμένοις
2892 753 2993 825 οὐχ
3035 752 3271 825 ὁρῶντες
3306 751 3572 824 δμμασιν.
3623 750 3812 822 Ἡμεῖς
3841 749 3902 804 δὲ

2311 847 2427 911 τοῖς
2463 844 2631 910 θείοις
2677 844 3049 916 θεσπίσμασιν
3091 843 3422 914 ἀπαφιιντες
3463 840 3557 896 τὸν
3599 840 3745 905 νοῦν,
3797 841 3903 894 οὐκ

2313 938 2418 1008 ἀτη
2425 938 2569 1009 μελῆ
2593 937 2688 994 καὶ
2705 937 2973 1010 ῥᾴθυμον,
2986 936 3190 1009 ἀκριϐῆ
3206 935 3264 990 δὶ
3287 935 3509 1009 μᾶλλον,
3525 934 3621 989 καὶ
3634 932 3756 987 καθ’
3775 934 3904 988 ὅσον

2314 1020 2428 1081 οἷόν
2460 1043 2522 1081 τε
2560 1028 2984 1099 φιλογρήγορον,
3018 1025 3120 1098 τῆς
3156 1025 3420 1095 ἀληθείας
3457 1023 3522 1079 τδ
3571 1020 3905 1093 ἀξιάγαστον

2315 1117 2511 1183 κάλλος
2544 1119 2859 1193 φιλοθηρεῖν
2886 1114 2946 1174 εῦ
2977 1116 3121 1191 μάλα
3153 1115 3549 1188 σπουδάσομεν.

2385 1211 2498 1265 Καὶ
2534 1211 2600 1282 δὴ
2629 1211 2722 1267 καί
2752 1228 2957 1285 φαμεν,
3003 1209 3080 1275 ὡς
3107 1213 3137 1264 6
3160 1209 3270 1262 τῶν
3298 1207 3440 1262 ὅλων
3471 1206 3606 1272 Θεὸς
3643 1205 3732 1260 επ’
3759 1205 3901 1261 ἀνα-

2314 1304 2491 1376 τροπῇ
2518 1301 2622 1374 τῆς
2649 1302 2916 1358 πολυθέου
2951 1302 3192 1374 πλάνης,
3225 1300 3322 1355 καὶ
3354 1299 3448 1353 ἐπὶ
3477 1297 3748 1369 φωτισμῷ
3785 1297 3902 1352 τῶν

2316 1397 2378 1450 ἰν
2406 1394 2615 1466 σκότῳ,
2661 1395 3218 1468 καταχρησμῳδησας
3245 1393 3338 1449 τὸν
3370 1392 3535 1464 νόμον
3575 1392 3693 1456 τοῖς
3729 1391 3902 1447 πάλαι

2315 1486 2406 1543 διὰ
2443 1487 2713 1553 Μωσέως,
2757 1487 3022 1560 ὴνάσχετο
3046 1488 3113 1544 ἀν
3142 1487 3425 1560 οὐδαμῶς,
3455 1486 3576 1551 ὁδὸς
3607 1485 3864 1557 γενέσθαι
3884 1527 3900 1553 ,

2317 1580 2412 1632 καὶ
2431 1575 2593 1649 θύρα,
2618 1577 2819 1650 μᾶλλον
2839 1577 2896 1632 δὲ
2919 1579 3014 1633 καὶ
3033 1578 3355 1646 διδάσκαλος
3380 1577 3475 1634 τοῦ
3501 1579 3706 1653 χρῆναι
3729 1580 3904 1652 τιμᾲν

2315 1670 2443 1735 τοὺς
2475 1671 2822 1743 ἀκαθάρτους
2861 1670 3143 1741 δαίμονας.
3196 1670 3794 1746 Πολυπραγμονοῦντες
3840 1672 3903 1726 δὲ

2314 1761 2389 1818 τά
2434 1762 2495 1817 ὲν
2540 1765 2661 1828 ταῖς
2696 1761 3077 1828 θεοπνεύστοις
3119 1763 3397 1837 Γραφαῖς,
3447 1764 3841 1837 κεκρυμμένην
3874 1764 3904 1807 ⁸

625 1840 944 1921 accuratius
967 1877 1034 1918 ea
1066 1873 1190 1932 quae
1232 1858 1290 1914 in
1315 1856 1521 1912 divinis
1563 1853 1792 1910 Litteris
1836 1851 2025 1908 abdita
2056 1857 2208 1914 sunt,

2311 1852 2624 1927 εὑρήσομεν
2661 1854 2760 1926 τὴν
2790 1853 3074 1927 ἀλήθειαν.
3109 1856 3321 1929 Πρὲποι
3345 1856 3391 1912 δ’
3419 1856 3486 1912 ἀν
3515 1860 3637 1922 ταῖς
3675 1855 3772 1910 τοῦ
3814 1857 3905 1912 v6-

626 1955 1076 2028 etquisierimus,
1102 1952 1366 2007 latentem
1390 1949 1684 2004 veritatem
1705 1943 2065 2016 reperiemus.
2095 1939 2211 1998 Cm-

630 2056 834 2112 terum,
877 2044 1142 2117 inspectis
1178 2039 1448 2113 legalibus
1481 2037 1714 2101 umbris,
1755 2034 1811 2089 id
1840 2034 2088 2092 dicamus
2111 2047 2211 2102 par

627 2148 734 2204 est,
764 2135 912 2208 quod
944 2149 1042 2206 per
1062 2135 1356 2205 quemdam
1393 2127 1788 2202 prophetarum
1826 2131 1976 2180 recte
1997 2122 2210 2178 dictum

627 2239 753 2289 est:
789 2249 806 2281 ι
839 2227 974 2296 Quis
997 2221 1235 2297 sapiens,
1260 2231 1318 2279 et
1356 2219 1626 2292 intelliget
1650 2216 1804 2274 haec?
1842 2216 1968 2287 quis
2003 2213 2211 2270 intelli-

630 2336 788 2396 gens.
833 2330 891 2377 et
934 2323 1228 2390 cognoscet
1280 2313 1383 2368 ista
1405 2310 1496 2366 “2'
1530 2331 1548 2363 ι
1598 2340 1667 2351 -
1694 2328 1713 2361 ι
1755 2307 2018 2365 Umbram
2060 2305 2212 2360 enim

629 2413 799 2470 habet
821 2411 907 2467 lex
934 2409 1249 2465 futurorum
1272 2403 1567 2469 bonorum,
1587 2409 1644 2458 et
1667 2416 1779 2456 non
1811 2399 1989 2470 ipsam
2014 2396 2210 2468 imagi-

631 2518 758 2561 nem
776 2515 1014 2566 rerum»
1033 2508 1094 2554 ut
1117 2498 1384 2569 scriptum
1406 2505 1491 2552 est
1509 2495 1554 2528 “
1583 2512 1596 2549 :
1625 2501 1868 2549 attamen
1893 2489 2100 2545 umbrat
2120 2503 2215 2544 ve-

631 2594 850 2652 ritatem
887 2592 1132 2665 pariunt,
1166 2589 1272 2645 etsi
1312 2589 1444 2659 ipse
1465 2586 1693 2642 omnino
1712 2583 1916 2640 veritas
1944 2581 2061 2652 ipsa
2100 2595 2212 2636 non

628 2685 762 2743 sint.
815 2682 999 2751 Quare
1049 2680 1272 2736 divinus
1317 2678 1408 2734 ille
1462 2677 1672 2749 lloyses
1700 2674 2012 2731 velamento
2045 2686 2214 2744 super

630 2776 825 2833 faciem
857 2789 1012 2829 suam
1051 2771 1229 2844 posito
1257 2769 1398 2825 ﬁlios
1439 2768 1606 2825 Israel
1636 2767 2045 2838 alloquebatur,
2086 2773 2211 2820 tan-

631 2875 748 2926 tum
769 2881 880 2922 non
913 2867 1033 2936 ipso
1053 2863 1158 2918 hoc
1179 2861 1327 2918 facto
1343 2861 1610 2926 clamans,
1660 2858 2014 2914 decretorum
2045 2857 2205 2928 lega-

628 2961 765 3018 lium
785 2965 1129 3015 venustatem
1156 2970 1266 3011 non
1296 2953 1356 3010 in
1377 2953 1758 3010 exterioribus
1786 2951 1998 3022 figuris,
2030 2949 2128 3005 sed
2155 2949 2214 3005 in

630 3049 988 3109 interioribus
1010 3047 1352 3118 occultisque
1385 3045 1857 3117 speculationibus
1891 3042 2044 3099 cerni
2081 3058 2213 3114 pos-

627 3158 689 3202 se
707 3143 777 3200 “.
809 3140 1261 3215 Agedumigitur,
1294 3137 1568 3194 velamine
1596 3137 1733 3209 legis
1754 3136 1958 3201 ablato,
1988 3133 2211 3206 deposi-

631 3245 796 3309 toque
852 3233 1202 3307 operimento
1268 3229 1415 3301 quod
1473 3227 1643 3301 Moysi
1708 3226 1906 3282 faciem
1964 3226 2209 3309 exterius

628 3326 941 3391 adumbrat,
966 3325 1142 3395 ipsam
1173 3320 1380 3378 nudam
1413 3319 1706 3375 veritatem
1743 3317 2202 3388 contemplemur.

632 3415 794 3491 κιο
812 3415 958 3472 Duos
980 3414 1166 3468 hircos
1184 3412 1392 3477 oﬂerri,
1416 3419 1474 3466 et
1488 3409 1627 3466 duas
1646 3419 1824 3465 sortes
1853 3408 1962 3463 illis
1979 3407 2208 3463 inscribi

630 3508 892 3582 praecepit
915 3524 928 3560 ε
952 3506 1127 3562 voluit
1162 3512 1348 3559 autem
1369 3511 1428 3557 ut
1446 3503 1584 3557 alter
1603 3517 1671 3557 ex
1694 3501 1804 3557 illis
1825 3499 2209 3556 nominaretur

627 3600 907 3664 dominus,
971 3597 1111 3653 alter
1158 3611 1292 3651 vero
1344 3595 1684 3650 emissarius.
1741 3592 1974 3648 Nomina
2022 3591 2208 3663 itaque

628 3689 812 3762 capris
831 3688 1106 3760 imposita,
1133 3685 1411 3749 dominus,
1438 3693 1495 3739 et
1520 3683 1841 3739 emissarius
1855 3683 1923 3736 “.
1941 3682 2205 3754 Designa-

632 3790 723 3837 tur
756 3789 939 3837 autem
962 3794 1062 3850 per
1084 3786 1351 3848 utrosque
1379 3793 1525 3832 unus
1546 3785 1603 3836 et
1629 3776 1782 3832 solus
1811 3775 1982 3831 Filius
2005 3783 2064 3830 et
2095 3774 2204 3830 Do-

629 3872 816 3928 minus
849 3870 1011 3928 Jeaus
1029 3868 1306 3925 Christus.
1335 3867 1454 3935 Quo
1493 3876 1681 3923 autem
1721 3865 1887 3922 modo
1927 3867 1984 3922 id
2011 3866 2087 3922 ita
2113 3866 2204 3932 sit,

628 3962 1023 4037 apeculatiouis
1042 3960 1354 4026 subtilitati,
1380 3967 1647 4031 quantum
1673 3958 1793 4016 ﬂeri
1827 3959 2049 4031 poterit,
2084 3960 2204 4015 ani-

629 4067 782 4110 mum
831 4051 1178 4124 adjicieutes,
1208 4049 1596 4106 indicabimus.
1641 4048 1819 4121 Caper
1866 4049 2073 4121 itaque,
2117 4049 2206 4106 vel

629 4145 842 4211 hircus,
874 4145 963 4200 vel
989 4145 1204 4210 hzdus,
1228 4153 1349 4200 erat
1378 4159 1480 4216 pro
1511 4154 1739 4215 peccato
1770 4142 2126 4209 sacriﬁcium,
2156 4143 2204 4198 si

629 4236 767 4309 legis
810 4242 1077 4292 statutum
1119 4249 1369 4306 spectes;
1416 4233 1692 4306 siquidem
1721 4248 1875 4290 sacra
1918 4233 2204 4305 Scriptum

625 4329 834 4401 justum
863 4328 977 4392 ovi,
1013 4341 1180 4397 capro
1215 4340 1349 4381 vero
1376 4333 1720 4395 peccatorem
1755 4326 1958 4396 passim
1981 4339 2203 4394 compa-

630 4426 737 4476 rat.
754 4415 866 4473 Cur
886 4416 997 4473 ita?
1018 4415 1156 4484 Quia
1180 4431 1306 4471 cum
1324 4416 1507 4486 justus
1523 4414 1795 4468 virtutum
1820 4414 1991 4486 gloria
2024 4414 2202 4470 abun-

2315 1964 2421 2020 μου
2451 1951 2636 2012 σκιαῖς
2682 1947 2990 2019 ἐνορῶντας
3035 1949 3213 2004 είπεῖν
3242 1947 3304 2002 τὺ
3335 1945 3406 2003 δι’
3431 1948 3553 2013 ἑνὸς
3579 1948 3690 2003 τῶν
3727 1947 3904 2019 ἀγίων

2313 2039 2612 2112 προφητῶν
2633 2039 2810 2112 ὀρθῶς
2831 2042 3127 2117 είρημένον
3144 2057 3158 2073 ·
3185 2061 3204 2094 ι
3237 2041 3336 2106 Τίς
3357 2041 3540 2111 σοφὸς.
3563 2040 3659 2096 καὶ
3679 2041 3905 2114 συνησει

2310 2131 2520 2201 ταῦτα;
2554 2133 2588 2205 ἢ
2614 2134 2858 2199 συνετὸς,
2875 2136 2974 2190 καὶ
3001 2134 3366 2204 ἐπιγνώσεται
3393 2130 3595 2198 αὑτάς»
3613 2163 3686 2174 -
3706 2133 3908 2188 ιΣκιάν

2313 2224 2423 2298 γάρ
2453 2227 2483 2280 6
2508 2226 2676 2298 νόμος
2712 2227 2827 2298 εχει
2867 2227 2981 2282 τῶν
3031 2226 3341 2299 μελλόντων
3381 2225 3625 2298 ἀγαθῶν,
3660 2225 3758 2282 καὶ
3800 2224 3905 2279 οὐκ

2313 2317 2484 2386 αὐτὴν
2514 2318 2616 2388 τὴν
2639 2319 2825 2373 εἰκόνα
2849 2318 2961 2373 τῶν
2990 2318 3360 2390 πράγμάτων,
3396 2336 3416 2369 ι
3446 2318 3522 2383 ὡς
3553 2315 3868 2390 γέγραπται
3887 2333 3901 2348 ·

2315 2407 2454 2479 πλὴν
2478 2407 2763 2464 ὡδίνουσιν
2791 2411 2848 2465 αι
2877 2411 3027 2465 σκιαὶ
3049 2411 3150 2481 τὴν
3169 2409 3452 2481 ἀλήθειαν,
3482 2412 3532 2464 εί
3556 2409 3652 2465 καὶ
3679 2408 3814 2464 αὐτὸ
3840 2410 3908 2466 οὗ

2315 2499 2534 2564 πάντως
2567 2500 2598 2540 h
2635 2501 2745 2553 είσὶ
2766 2499 2830 2556 τὸ
2854 2500 3078 2573 ἀληθές.
3109 2500 3210 2554 Διά
3237 2499 3396 2555 τοῦτο
3422 2500 3520 2555 καὶ
3551 2501 3582 2554 6
3611 2501 3911 2567 θεσπέσιος

2314 2591 2556 2663 Μωῦσῆς
2594 2592 2860 2664 κάλυμμα
2891 2593 3046 2664 ἐτίθη
3090 2593 3188 2648 ἐπὶ
3219 2593 3284 2648 τδ
3311 2593 3606 2665 πρόσωπον
3647 2591 3815 2648 αὐτοῦ
3855 2596 3908 2659 ί,

2313 2677 2607 2751 προελάλει
2639 2677 2653 2728 5
2696 2697 2758 2734 τε
2791 2680 2938 2736 οῦτω
2982 2683 3097 2745 τοῖς
3143 2682 3281 2746 υἱοῖς
3339 2680 3578 2755 Ἰσραὴλ,
3618 2685 3909 2756 μονονουχὶ

2313 2766 2384 2824 δι’
2433 2768 2601 2824 αὑτοῦ
2646 2770 2941 2843 κεκραγὼς
2981 2771 3073 2826 τοῦ
3127 2772 3489 2844 πράγματοςο
3541 2771 3626 2826 ὅτι
3671 2771 3781 2827 τῶν
3831 2773 3908 2828 δι’

2317 2857 2490 2917 αὐτοῦ
2533 2861 2929 2936 θεσπισμάτων
2957 2863 3021 2918 τὸ
3044 2862 3241 2928 κάλλος
3269 2863 3476 2918 κατίδοι
3493 2879 3578 2928 τις
3601 2863 3689 2929 ἂν,
3719 2864 3821 2920 οὐκ
3844 2865 3910 2921 ιν

2315 2969 2380 3024 γε
2409 2955 2522 3019 τοῖς
2539 2952 2645 3020 ἔξω
2666 2957 2884 3024 φανεῖσι
2912 2954 3128 3022 τύποις,
3150 2954 3265 3009 ἀλλ’
3295 2956 3355 3010 ιν
3386 2957 3500 3019 τοῖς
3524 2955 3632 3010 ῑσω
3660 2972 3906 3029 κεκρυμ-

2316 3043 2501 3116 μένοις
2521 3043 2866 3117 θεωρήμασι.
2893 3045 3031 3119 Φέρε
3052 3045 3117 3118 δὴ
3133 3042 3228 3101 οῦν
3250 3045 3595 3118 περιελόντες
3619 3045 3712 3101 τοῦ
3737 3047 3907 3120 νόμου

2315 3137 2378 3193 τὺ
2424 3139 2818 3212 κατασκίασμα
2840 3179 2856 3203 ,
2897 3139 2994 3194 καὶ
3024 3138 3136 3193 τῶν
3183 3138 3385 3206 Ιξινθεν
3414 3139 3810 3213 ἑπιϐλημάτων
3839 3139 3908 3198 τδ

2313 3229 2594 3294 Μωῢσέως
2638 3227 2934 3303 πρόσωπον
2963 3230 3423 3298 ἀπαλλάττοντες,
3453 3230 3675 3304 γυμνὴν
3701 3230 3911 3305 ἴδωμεν

2311 3320 2411 3392 τὴν
2432 3321 2712 3393 ἀλήθειαν.
2740 3321 2847 3377 Δύο
2870 3322 2972 3393 μὲν
2995 3322 3106 3395 γάρ
3129 3324 3400 3396 χιμάρους
3423 3322 3906 3397 προσκομισθῆναε

2313 3412 2674 3485 προστέταχε,
2709 3414 2804 3468 καὶ
2832 3413 2926 3469 δύο
2945 3414 3258 3487 γράφεσθαι
3287 3415 3526 3487 κλήρους
3563 3416 3654 3469 ἐπ’
3676 3415 3865 3481 αὐτοῖς
3884 3432 3904 3449 ο

2311 3503 2388 3569 ὡς
2420 3503 2511 3559 τὸν
2563 3504 2664 3576 μὲν
2704 3505 2803 3559 ινα
2841 3504 2953 3561 τῶν
2987 3505 3239 3578 χιμάρων
3269 3505 3642 3578 ὀνομασθῆναι
3681 3505 3901 3581 κύριον.

2308 3593 2402 3649 τόν
2436 3611 2502 3664 γε
2543 3597 2651 3668 μὴν
2679 3595 2870 3669 ιτερον
2911 3596 2938 3638 ι
2969 3598 3378 3670 ἀποπομπαῖον.
3411 3598 3628 3654 Οὐκοῦν
3655 3601 3903 3672 ὀνόματα.

2309 3688 2424 3752 τοῖς
2446 3687 2727 3759 χιμάροις,
2755 3687 2946 3761 κύριός
2973 3706 3035 3743 τε
3059 3691 3158 3744 καὶ
3179 3692 3590 3761 ἀποπομπαῖος.
3622 3691 3871 3764 Σημαίνε

2309 3795 2402 3833 ται
2444 3778 2502 3833 δὲ
2531 3777 2598 3832 δι’
2631 3778 2836 3852 ἀμφοῖν
2863 3779 2893 3832 6
2923 3772 3005 3846 εἷς
3044 3780 3140 3835 καὶ
3173 3781 3336 3852 μόνος
3360 3780 3512 3845 Υἱὸς,
3560 3781 3660 3837 καὶ
3691 3780 3901 3853 Κύριος

2323 3868 2530 3941 Ἰησοῦς
2555 3869 2813 3942 Χριστός.
2848 3870 2962 3926 Καὶ
2988 3870 3110 3926 τίνα
3130 3871 3360 3944 τρόπον,
3414 3870 3653 3944 εροῦμεν
3685 3871 3764 3937 ὡς
3790 3871 3898 3939 ενι,

2307 3962 2375 4034 τῇ
2411 3959 2523 4015 τῶν
2554 3960 2929 4033 θεωρημάτων
2957 3961 3216 4035 ἀκριϐείᾳ
3250 3960 3685 4034 προσϐάλλοντες
3719 3959 3764 4020 ι.
3793 3963 3901 4031 Δῖξ

2306 4053 2508 4118 τοίνυν,
2537 4053 2571 4126 ἢ
2606 4054 2833 4125 τράγος,
2879 4055 3050 4126 ἤγουν
3071 4054 3283 4127 εριφος,
3323 4050 3395 4128 ἦν
3435 4053 3578 4127 ὑπὲρ
3613 4055 3892 4127 ἁμαρτίας

2306 4145 2369 4199 τδ
2409 4143 2560 4217 θῦμα
2605 4145 2753 4200 κατά
2781 4161 2846 4216 γε
2884 4145 2965 4220 τῷ
3010 4147 3165 4219 νόμῳ
3209 4145 3404 4202 δοκοῦν
3429 4163 3444 4178 ο
3486 4146 3749 4218 προϐάτῳ
3791 4147 3896 4218 μιν

2305 4236 2417 4310 γάρ
2479 4239 2740 4310 ἀφομοιοῖ
2802 4239 2896 4293 τὸν
2965 4239 3174 4295 δίκαιον
3245 4238 3575 4310 πλεισταχοῦ
3654 4240 3690 4312 ἡ
3771 4239 3877 4295 θεόν

2309 4346 2575 4398 πνευστος
2604 4329 2800 4402 Γραφὴ
2826 4370 2843 4396 ,
2869 4330 2990 4398 αίγὶ⁸
3029 4330 3086 4384 δὲ
3130 4331 3222 4385 τὸν
3251 4330 3730 4405 φιλαμαρτήμονα.
3778 4331 3894 4388 Κατ

2305 4417 2395 4473 διὰ
2422 4419 2585 4474 ποίαν
2628 4419 2846 4487 αίτίαν;
2886 4420 3111 4494 Πλήρης
3134 4421 3233 4491 μὲν
3274 4421 3383 4494 γὰρ
3427 4423 3456 4475 6
3487 4419 3693 4486 δίκαιος
3720 4421 3882 4494 αὐχη-

628 4513 744 4575 det,
779 4511 976 4565 merito
998 4507 1226 4579 frugifer
1247 4515 1507 4563 censetur
1531 4524 1544 4560 :
1569 4520 1701 4561 oves
1721 4514 1904 4560 autem
1947 4505 2204 4577 lanigera

2312 4509 2497 4579 μάτων
2543 4509 2654 4564 τῶν
2701 4511 2784 4574 είς
2848 4511 3091 4586 ἀρετήν’
3149 4512 3429 4583 ἔγκαρπος
3475 4511 3534 4565 δὲ
3587 4511 3676 4566 διά
3731 4512 3896 4568 τοῦτο

628 4609 759 4658 sunt
792 4617 805 4654 :
841 4608 987 4656 recte
1012 4597 1243 4671 proinde
1265 4598 1372 4653 illis
1397 4604 1784 4668 comparantur
1804 4595 1958 4668 justi.
1987 4596 2056 4651 At
2072 4612 2204 4653 vero

627 4690 882 4751 scelerati
933 4690 1169 4745 animam
1198 4688 1423 4753 nudam,
1469 4687 1711 4744 sterilem
1753 4689 2012 4758 omnique
2034 4687 2206 4744 bono-

628 4798 752 4841 rum
791 4797 1021 4854 operum
1052 4789 1375 4839 ornamento
1405 4779 1726 4836 destitutam
1766 4779 1973 4836 videas.
2003 4779 2202 4851 Figura

628 4877 813 4947 itaque
839 4875 962 4947 ejus
989 4881 1073 4928 est
1111 4886 1275 4943 caper
1311 4882 1435 4928 :est
1457 4872 1606 4926 enim
1652 4872 1855 4927 animal
1893 4871 2202 4928 infructuo-

629 4981 750 5021 sum
774 4980 838 5022 ac
872 4965 1081 5028 sterile,
1117 4963 1344 5034 ovisque
1370 4964 1549 5035 pretio
1577 4962 1827 5019 inferius.
1862 4962 1932 5018 Et
1957 4962 2101 5018 hanc
2128 4964 2200 5020 ob

628 5070 851 5111 causam
868 5055 1135 5112 Dominus
1151 5069 1371 5125 quoque
1394 5064 1582 5110 noster
1603 5053 1762 5111 Iesus
1777 5053 2030 5114 Christus
2054 5040 2201 5111 dice-

629 5146 756 5203 bat:
801 5165 820 5198 ι
853 5142 1083 5212 Quando
1102 5144 1316 5201 sedebit
1347 5143 1516 5200 Filius
1539 5145 1782 5200 hominis
1817 5145 2199 5216 super-sedem

695 5296 742 5334 ⁸⁸
777 5298 918 5354 Osee
949 5316 1057 5365 xiv,
1088 5300 1172 5354 10.
1250 5301 1295 5333 ⁸³
1326 5299 1494 5357 Hebr.
1526 5317 1580 5366 x,
1611 5303 1638 5355 l
1740 5303 1787 5335 “
1813 5302 1986 5359 Exod.
2017 5320 2195 5372 xxxiv,

2311 5306 2449 5373 ,—35;
2476 5304 2522 5361 Il
2551 5302 2680 5361 Cor.
2706 5321 2786 5372 ili,
2815 5305 3006 5361 1345.

2307 4601 2463 4653 νοοῖτ’
2495 4599 2563 4656 ἂν
2591 4599 2849 4666 είκότως’
2887 4604 3166 4676 ὲριοφορεῖ
3197 4603 3253 4658 δὲ
3282 4603 3345 4656 τὺ
3374 4601 3646 4675 πρόϐατον
3665 4618 3680 4634 ο
3714 4601 3895 4678 ταύτῃ

2304 4705 2390 4740 τοι
2430 4688 2526 4743 καὶ
2577 4689 2703 4761 μάλ’
2748 4690 2973 4756 είκότως
3020 4691 3282 4764 προϐάτῳ
3323 4691 3743 4762 παρτικάζεται.
3782 4691 3891 4747 Γυ-

2309 4778 2446 4852 μνην
2471 4779 2550 4846 δι,
2571 4781 2666 4835 καὶ
2694 4779 2967 4855 ἄκαρπον,
2992 4784 3089 4839 καὶ⁸
3119 4783 3484 4855 άγαθοεργίας
3507 4785 3729 4857 ἀπάτης
3760 4785 3894 4858 ἐρή-

2309 4890 2416 4944 μην
2445 4874 2545 4946 τὴν
2585 4872 2682 4928 τοῦ
2725 4874 3176 4948 πλημμελοῦντος
3207 4875 3385 4948 ψυχὴν
3428 4875 3640 4931 κατίδοι
3673 4892 3759 4942 τις
3797 4877 3886 4935 ἀν.

2306 4963 2408 5030 Αἲξ
2441 4961 2536 5020 οὖν
2564 4964 2674 5038 ἄρα
2697 4965 2867 5032 τύπος
2897 4968 3088 5040 uota:
3127 4967 3411 5040 ἄπρακτον
3437 4967 3495 5022 δὲ
3525 4969 3588 5022 τὸ
3625 4968 3765 5034 ζῶον
3795 4971 3889 5024 καὶ

2305 5057 2405 5127 τῆς
2431 5057 2528 5111 τοῦ
2558 5056 2832 5129 προϐάτου
2860 5060 3031 5131 τιμῆς
3062 5058 3292 5114 κατόπιν
3322 5058 3567 5131 ερχεται.
3600 5057 3704 5112 Διά
3728 5057 3891 5115 τοῦτο

2306 5148 2402 5203 καὶ
2433 5151 2463 5201 6
2492 5147 2697 5220 Κύριος
2727 5150 2887 5222 ἡμῶν
2932 5149 3140 5219 Ἰησοῦς
3179 5151 3446 5222 Χριστός·
3489 5170 3508 5204 ι
3536 5150 3708 5205 Ὅταν
3753 5149 3887 5206 καθο

3085 5308 3131 5337 ”
3157 5308 3333 5365 Levii.
3365 5325 3474 5372 xvi,
3510 5310 3544 5365 5
3582 5324 3735 5379 seqq.

1718 5440 1897 5494 Variae
1923 5440 2189 5499 lectiones
2215 5443 2422 5500 codicis
2447 5442 2811 5515 Seguieriani.

699 5549 723 5620 If
749 5549 1122 5620 xeatppuulva.
1179 5615 1193 5620 _
1221 5550 1250 5608 ιη
1281 5550 1373 5603 καὶ
1398 5553 1504 5620 οὐκ
1544 5550 1674 5606 αὐτὸ
1713 5552 1949 5620 πάντως.

625 5615 645 5656 δ
679 5618 769 5670 τὸν
795 5615 1080 5689 δὲ’ῐτερον.
1179 5615 1199 5657 ι
1237 5619 1654 5692 προσϐαλόντες.

2035 5555 2301 5609 ίὲαυτοῦ.
2385 5570 2398 5606 ι
2443 5557 2509 5612 fa
2556 5554 2886 5629 προσελάλει
2914 5573 2927 5612 :
2955 5563 3118 5625 atque
3145 5555 3221 5608 ita
3243 5555 3299 5608 in
3331 5551 3440 5613 MS.
3500 5558 3882 5630 Segutertano.

2144 5735 2348 5793 NOTE

692 5823 768 5892 (ι)
821 5820 883 5877 ιιι
915 5833 992 5882 σει
1015 5840 1030 5876 .·
1061 5823 1420 5890 deputaorem'
1437 5825 1722 5883 maiorum.

3727 5807 3789 5874 ,Χ
