4154 6322
219 354 313 408 29-9

1586 360 1919 419 EPISTOLA
1965 365 2076 421 ιιι
2088 411 2106 428 ,η

3347 357 3457 419 ilo

221 473 324 544 ίση,
368 473 562 543 φησιν.
602 473 633 527 6
676 474 801 539 Υίδς
833 473 924 530 τοῦ
959 471 1248 545 ἀνθριὶιπου
1289 474 1382 528 έπὶ
1407 473 1596 544 θρόνου
1627 474 1786 547 δόξης

1892 484 2186 553 maiestatis
2213 499 2344 543 sum.
2379 494 2578 540 statuet
2602 499 2731 540 oves
2753 484 2971 554 quidem
3000 499 3030 536 a
3060 481 3317 545 dexteris,
3341 479 3454 536 lm-

216 561 397 628 αΰτοῦ,
427 564 528 617 καὶ
559 565 734 638 στήσῃ
763 565 832 620 τά
865 565 965 637 μιν
998 565 1244 635 πρόϐατα
1285 567 1349 620 lx
1375 565 1565 631 δεξιῶν
1598 565 1787 631 αὐτοῦ,

217 653 279 708 τά
306 654 363 708 δέ
395 656 587 726 έρίφια
615 657 674 724 ἐξ
699 657 1012 728 εὐωνύμων.
1048 674 1066 709 ι
1093 658 1202 713 Καὶ
1227 660 1342 721 τοῖς
1372 657 1471 730 μὲν
1493 660 1557 712 ix
1579 657 1788 726 δεξιῶν,

217 747 305 799 ἁτε
346 745 414 816 δὴ
455 748 584 812 τοὺς
619 749 716 819 τῆς
761 748 1105 820 δικαιοσύνης
1157 750 1341 820 έχουσι
1396 749 1644 820 καρποὺς
1691 747 1791 820 τὴν

214 837 629 910 ἡτοιμασμένην
666 839 848 904 αὐτοῖς
881 840 1282 912 ἀποκαθίστησι
1333 839 1631 912 βασιλείαν,
1676 843 1789 906 τοῖς

212 923 266 977 δὶ
294 924 355 989 έξ
381 926 682 997 εὐωνύμων
723 925 857 997 πῦρ,
890 931 986 984 καὶ
1017 931 1264 994 κόλασιν,
1304 929 1523 993 καὶτὰς
1556 928 1635 1001 τῷ
1669 931 1790 984 θια-

215 1014 352 1087 σόλφ
400 1019 721 1089 πρεπούσας
764 1019 968 1076 ἐποίσει
1019 1023 1228 1085 ποινάς.
1285 1020 1581 1092 Ἐσφάζετο
1612 1023 1790 1078 τοίνυν

215 1109 351 1181 ὑπέρ
387 1110 665 1180 ἁμαρτίας
698 1111 899 1183 ἔριφος·
928 1111 1199 1168 καὶτοῦτο
1229 1113 1471 1186 μαθήσῃ.
1497 1113 1592 1168 τοῦ
1623 1114 1788 1187 νόμου

213 1200 466 1268 λέγοντος
506 1201 772 1274 ἐναργῶς·
811 1223 831 1257 ι
883 1205 1012 1260 Ἐἀν
1041 1204 1098 1258 δὲ
1129 1205 1159 1258 6
1198 1203 1382 1275 ἀρχων
1407 1204 1663 1279 ἁμάρτῃ,
1695 1205 1792 1260 καὶ

213 1293 413 1362 ποιήσῃ
472 1291 601 1362 μίαν
642 1293 749 1347 ἀπὺ
792 1294 980 1349 πασῶν
1021 1293 1130 1348 τῶν
1173 1295 1403 1350 έντολῶν
1441 1297 1646 1367 κυρίου
1694 1295 1788 1351 τοῦ

211 1382 345 1440 Θεοῦ
369 1385 563 1449 αὐτοῦ,
585 1387 618 1458 ἢ
643 1389 704 1442 οὐ
730 1387 1092 1458 ’ποιηθήσεται
1115 1389 1405 1455 ἀκουσίως,
1428 1389 1520 1444 καὶ
1543 1389 1786 1462 ἁμάρτῃ,

211 1477 302 1530 καὶ
331 1476 739 1552 πλημμελήσῃ.
777 1480 870 1534 καὶ
908 1479 1126 1550 γνωσθῇ
1166 1479 1372 1552 αύτῷὴ
1414 1481 1691 1551 ἁμαρτία,
1723 1483 1790 1550 ἢν

209 1568 463 1638 ἥμαρτεν
487 1571 546 1622 έν
581 1571 739 1643 αὐτῇ,
768 1571 862 1625 καὶ
891 1570 1172 1642 προσοίσει
1208 1573 1267 1626 τὺ
1298 1572 1472 1642 δῶρον
1507 1572 1673 1627 αὑτοῦ
1703 1573 1789 1643 χί-

212 1677 387 1732 μαρον
415 1661 474 1728 ιε
509 1663 702 1731 αἰγῶν,
733 1663 924 1736 ἁρῥεν.
954 1663 1208 1736 ἄμωμον.
1242 1684 1262 1717 s
1309 1665 1454 1734 Ἔφη
1481 1664 1538 1718 δέ
1562 1682 1666 1720 που
1695 1665 1789 1719 καὶ

210 1751 371 1816 αὐτὸς
397 1754 428 1807 6
454 1753 549 1806 έπὶ
569 1753 784 1809 πάντων
806 1754 940 1820 Θεδς
971 1755 1101 1826 περὶ
1121 1767 1161 1795 II
1186 1756 1297 1809 τῶν
1327 1755 1573 1828 ἱερᾶσθαι
1593 1756 1787 1826 λαχόν-

1888 574 1990 628 dos
2009 582 2191 628 autem
2215 591 2249 630 ο
2273 575 2589 630 sinistris“.
2624 597 2640 628 ι
2678 577 2744 631 Et
2773 576 2861 630 his
2894 574 3114 645 quidem
3135 573 3229 643 qui
3260 588 3290 628 a
3323 571 3454 628 dex-

1892 664 2024 720 teris
2048 665 2194 719 illius
2211 673 2394 728 erunt,
2421 676 2676 736 tanquam
2706 667 2798 736 qui
2830 665 3054 736 iustitiae
3078 663 3297 719 fructus
3322 676 3450 732 pos-

1890 755 2123 820 sideant,
2151 757 2526 828 assignaturus
2549 768 2632 812 est
2658 766 2914 828 paratum.
2934 770 3198 827 regnum;
3229 753 3298 810 iis
3321 767 3452 808 vero

1888 847 2035 917 quia
2061 848 2300 903 sinistris
2320 857 2503 912 erunt,
2538 850 2715 919 ignem
2740 857 2796 903 et
2823 846 3172 919 supplicium,
3202 858 3452 916 poenam-

1887 953 1994 1009 que
2038 939 2258 994 diabolo
2305 939 2521 1009 dignam
2578 937 2792 994 inferet.
2836 936 3226 996 lmmolabatur
3269 933 3455 1004 itaque

1889 1027 2081 1082 haedus
2113 1043 2212 1097 pro
2243 1029 2479 1097 peccatis
2507 1047 2519 1081 :
2553 1028 2699 1099 quod
2718 1036 2902 1098 aperte
2929 1040 3224 1098 cognosces
3243 1040 3310 1080 ex
3337 1023 3453 1094 ipsa

1888 1120 2007 1189 lege
2035 1118 2252 1174 dicente
2297 1139 2310 1173 :
2345 1139 2363 1170 ε
2409 1119 2466 1175 Si
2513 1119 2825 1190 peccaverit
2852 1119 3125 1189 princeps,
3160 1125 3218 1172 et
3259 1113 3449 1172 fecerit

1890 1209 2254 1270 involuntarie
2302 1226 2470 1264 unum
2516 1226 2585 1265 ex
2623 1209 2881 1264 omnibus
2931 1207 3206 1265 mandatis
3239 1203 3453 1260 Domini

1889 1302 1986 1357 Dei
2015 1301 2100 1356 sui
2128 1301 2272 1371 quod
2309 1300 2425 1356 fieri
2455 1301 2798 1371 prohibetur,
2828 1309 2883 1354 et
2906 1297 3213 1370 peccaverit
3239 1305 3294 1352 et
3319 1295 3456 1351 deli-

1888 1393 2094 1462 querit,
2131 1401 2392 1461 etpostea
2425 1391 2754 1445 intellexerit
2786 1397 3069 1460 peccatum
3095 1403 3262 1444 suum
3281 1404 3302 1453 ;-
3321 1385 3456 1443 οπο·
3490 1418 3520 1447 ο

1889 1492 1974 1537 ret
2004 1483 2236 1536 hostiam
2261 1497 2444 1536 coram
2471 1481 2698 1537 Domino
2721 1480 2935 1534 hircum
2959 1495 3027 1534 ex
3048 1479 3227 1549 capris
3239 1489 3454 1532 mssa:-

1887 1573 2020 1636 lum,
2060 1573 2466 1627 immaculatum
2483 1559 2548 1626 ⁸”.
2576 1593 2593 1625 ι
2630 1571 2776 1626 Dixit
2819 1571 2935 1642 ipse
2977 1583 3196 1640 quoque
3231 1566 3453 1622 univer-

1888 1679 2076 1719 sorum
2100 1664 2244 1719 Deus
2272 1665 2474 1720 alicubi
2506 1663 2574 1719 de
2607 1663 2692 1718 his
2729 1662 2822 1732 qui
2869 1661 3042 1731 legale
3087 1657 3454 1718 sacerdotium

1889 1755 2110 1810 fuerant
2133 1757 2346 1811 sortiti:
2380 1775 2397 1807 ι
2432 1754 2860 1826 Peccatapopuli
2888 1752 2992 1808 mei
3017 1749 3306 1807 comedent
3324 1745 3404 1813 ⁸⁸,
3429 1768 3447 1798 ι

208 1858 316 1896 των
349 1841 498 1898 κατά
535 1844 630 1898 τὸν
660 1845 842 1916 νόμον·
887 1819 929 1898 ιγ
951 1819 1250 1919 ’Δμαρτίας
1291 1819 1422 1900 λαοῦ
1457 1865 1560 1918 μου
1591 1819 1792 1916 φάγον-

1893 1844 1998 1899 hoc
2037 1855 2141 1908 est,
2185 1844 2449 1900 sacriﬁcia
2495 1861 2594 1916 pro
2620 1819 2856 1913 peccatis
2891 1842 3094 1897 oblata.
3145 1839 3279 1896 Pars
3307 1837 3454 1894 enim

209 1947 352 1987 ταιοι
379 1933 631 1988 τουτέστι
677 1934 746 1988 τά
772 1933 912 2008 ὑπὲρ
930 1933 1213 2006 ἁμαρτιῶν
1229 1934 1465 2006 θύματα.
1490 1936 1664 2007 Μερὶς
1683 1935 1793 2007 γάρ

209 2024 303 2080 καὶ
332 2025 542 2098 κλῆρος
562 2029 676 2091 τοῖς
701 2025 904 2098 ἱερεῦσι
937 2028 1219 2098 κάρπωμα
1246 2025 1456 2096 Κυρίου
1480 2035 1534 2089 ³.
1563 2025 1710 2086 κατά
1732 2027 1794 2081 τὸ

207 2117 619 2189 γεγραμμένον.
653 2118 850 2186 Γέγονε
876 2117 1054 2172 τοίνυν
1085 2119 1314 2188 σφάγιον
1340 2119 1369 2172 6
1395 2117 1632 2189 Χριστὸς
1651 2118 1794 2191 ὑπὲρ

205 2207 315 2262 τῶν
352 2210 644 2281 ἁμαρτιῶν
679 2211 870 2281 ἡμῶν,
902 2211 1047 2265 κατά
1077 2210 1177 2274 τάς
1206 2210 1454 2280 Γραφάς·
1491 2209 1695 2280 ταύτης
1725 2227 1785 2264 τε

206 2296 372 2351 ινεκα
404 2299 505 2369 τῆς
537 2299 715 2362 αίτίας
744 2300 1019 2371 ἁμαρτίαν
1047 2299 1210 2353 αὐτὸν
1242 2298 1558 2370 ὠνομάσθαι
1590 2299 1788 2370 φαμέν.

209 2387 420 2461 Γράφει
441 2389 574 2458 γοῦν
598 2391 628 2443 6
650 2389 926 2458 πάνσοφος
951 2389 1160 2454 Παῦλος
1188 2390 1292 2452 ὅτι,
1318 2408 1338 2442 ι
1367 2389 1472 2444 Τδν
1496 2387 1571 2462 μὴ
1598 2390 1795 2458 γνόντα

209 2477 512 2550 ἁμαρτίαν,
550 2480 690 2550 ὑπὲρ
721 2479 878 2550 ἡμῶν
913 2479 1187 2550 ἁμαρτίαν
1226 2479 1504 2551 ἐποίησεν,
1547 2497 1566 2532 s
1597 2480 1627 2533 6
1657 2479 1791 2545 Θεὸς

210 2569 306 2626 καὶ
343 2569 539 2641 Πατὴρ
585 2569 850 2640 δηλονότι.
884 2569 959 2624 Οὐ
991 2570 1101 2642 γάρ
1123 2569 1208 2624 τοί
1241 2587 1423 2640 φαμεν
1470 2570 1792 2643 ἁμαρτωλὸν

209 2659 464 2729 γενέσθαι
509 2659 774 2731 Χριστόν·
815 2660 891 2732 μὴ
935 2660 1181 2729 γένοιτο·
1223 2662 1340 2716 ἀλλ’
1379 2660 1510 2716 ὅντα
1558 2662 1791 2728 δίκαιον,

213 2748 416 2823 μᾶλλον
442 2751 500 2805 δέ
523 2750 844 2822 αὐτόχρημα
867 2751 1232 2822 δικαιοσύνην,
1254 2753 1316 2807 ού
1339 2752 1448 2825 γάρ
1481 2749 1590 2808 οἶδε
1621 2755 1797 2826 πλημ-

213 2841 423 2911 μελεῖν,
477 2842 705 2911 σφάγιον
750 2844 1003 2915 εποίησεν
1050 2843 1081 2897 6
1125 2845 1317 2917 Πατὴρ
1365 2846 1507 2918 ὑπέρ
1551 2846 1663 2901 τῶν
1695 2846 1790 2902 τοῦ

209 2933 420 3004 κόσμου
441 2931 948 3003 πλημμελημάτων.
981 2955 1000 2988 ι
1019 2936 1129 2990 Καὶ
1149 2938 1208 2989 έν
1229 2940 1342 3001 τοϊς
1367 2938 1590 3010 ἀνόμοις
1614 2939 1792 3008 έλογί-

213 3021 336 3093 σθη,
369 3041 391 3074 ι
424 3021 603 3092 ψῆφον
634 3023 934 3093 ὑπομείνας
959 3023 1057 3094 τὴν
1095 3028 1210 3090 τοῖς
1239 3026 1465 3096 ἀνόμοις
1505 3029 1791 3101 πρεπωδε-

429 3111 538 3166 Καὶ
564 3111 897 3205 πιστώσεται
930 3112 1104 3205 λέγων
1131 3117 1160 3169 6
1183 3115 1470 3180 Θεσπέσιος
1505 3120 1792 3191 προφήτης
1817 3143 1862 3205 c

220 3201 453 3267 Ἡσαΐας
489 3205 603 3268 ὃτι,
665 3221 684 3256 ι
729 3204 936 3268 Πάντες
981 3204 1058 3269 ὠς
1101 3205 1353 3276 πρόϐατα
1379 3206 1788 3280 έπλανήθημεν,

207 3293 444 3359 ῐκαστος
474 3296 539 3365 τῇ
566 3293 670 3365 όόῷ
707 3293 874 3348 αὐτοῦ
919 3293 1228 3366 ὶπλανήθη·
1265 3296 1361 3348 καὶ
1416 3297 1621 3368 Κύριος
1653 3314 1793 3369 παρ-

210 3385 418 3439 έδωκεν
461 3384 624 3439 αὑτὸν
665 3387 787 3448 ταῖς
828 3385 1080 3456 ἀνομίαις
1121 3385 1310 3458 ἡμῶν·
1341 3387 1436 3441 καὶ
1463 3387 1625 3453 αὐτὸς
1653 3389 1793 3461 ὑπὲρ

208 3475 371 3549 ημῶν
400 3475 654 3531 όδυνᾶται
676 3493 692 3509 ·
723 3477 820 3530 καὶ
851 3477 930 3547 τῷ
971 3476 1201 3547 μώλωπι
1242 3477 1407 3532 αὐτοῦ
1441 3480 1603 3550 ἡμεῖς
1641 3480 1794 3549 ἰάθη-

212 3583 334 3638 μεν.
372 3587 394 3620 s
429 3567 711 3640 Γρὰφειδὶ
733 3569 827 3621 καὶ
853 3568 884 3621 6
913 3567 1189 3637 πάνσοφος
1219 3569 1448 3638 Πέτρος·
1489 3587 1508 3621 ι
1540 3569 1665 3623 Ὀτι
1693 3569 1794 3635 τάς

209 3658 493 3730 ἁμαρτίας
527 3659 686 3731 ἡμῶν
727 3657 1027 3730 ἀνήνεγκεν
1052 3658 1112 3713 έν
1142 3657 1231 3731 τῷ,
1264 3657 1478 3732 σώματι
1504 3659 1671 3714 αὐτοῦ
1701 3659 1794 3714 ἰπὶ

208 3747 272 3803 τι
293 3746 477 3813 ξύλον.
514 3767 532 3799 ι
563 3747 775 3803 οὐκοῦν
808 3749 1154 3820 έπεκρέματο
1185 3750 1285 3822 μέν
1308 3752 1422 3815 τοῖς
1450 3749 1543 3804 επὶ
1561 3749 1662 3821 τῆς
1689 3751 1796 3824 γῆς

209 3840 241 3892 6
275 3838 514 3910 κλῆρος,
559 3839 621 3892 τὺ
651 3846 678 3875 ο
723 3839 922 3910 χρῆναι
953 3840 1147 3895 παθεῖν
1190 3839 1282 3894 τόν
1324 3840 1576 3909 θάνατον,
1617 3842 1706 3896 διά
1732 3860 1794 3897 τε

210 3928 330 4027 τὴν-
347 3930 412 3982 ἀν
453 3929 985 4027 Ἀδάμ-παράϐασιν,
1015 3933 1111 4027 καὶ
1139 3931 1238 4003 τὴν
1269 3931 1329 3997 ἐξ
1361 3933 1570 3987 ἐκείνου
1601 3933 1794 4027 μέχρις

210 4020 372 4093 ἡμῶν
410 4024 830 4093 τυραννήσασαν
860 4023 1156 4094 ἁμαρτίαν.
1198 4023 1340 4077 Ἀλλ’
1365 4026 1395 4078 6
1419 4026 1483 4078 ἐκ
1514 4024 1650 4078 Θεοῦ
1683 4020 1793 4079 Πα-

210 4112 343 4184 τρδς
373 4111 580 4181 Λόγος,
607 4114 638 4166 6
665 4111 833 4177 πολὺς
863 4116 944 4177 είς
975 4114 1328 4186 ἡμερότητα,
1367 4115 1464 4168 καὶ
1487 4114 1795 4188 φιλανθρωη

213 4203 366 4265 πίαν,
404 4203 599 4273 γέγονε
632 4203 788 4274 σὰρξ,
815 4204 1094 4259 τουτέστιν
1122 4206 1436 4278 ἄνθρωπος,
1470 4206 1795 4278 σύμμορφός

211 4312 272 4348 τε
320 4295 457 4366 ἡμῖν
502 4295 616 4358 τοῖς
653 4293 743 4362 ὑφ’
784 4293 1078 4364 ἁμαρτίαν,
1123 4293 1220 4347 καὶ
1263 4296 1356 4349 τὸν
1389 4297 1546 4367 ἡμῶν
1586 4298 1794 4370 ὑπέστη

212 4383 441 4455 κλῆρον.
476 4383 566 4446 Ὦς
592 4383 701 4455 γάρ
726 4383 756 4436 6
785 4383 1110 4457 πανάριστος
1137 4385 1338 4457 γράφει
1364 4386 1596 4452 Παῦλος·
1633 4406 1651 4440 ι
1683 4389 1796 4443 Χά-

1892 1944 1948 1991 et
1979 1952 2100 1991 sors
2125 1935 2490 1999 sacerdotum,
2526 1944 2588 1990 ut
2611 1936 2689 1990 ait
2718 1935 2806 1990 lex
2829 1934 2898 1998 "-,
2941 1933 2998 1988 id
3019 1939 3149 1988 erat-
3176 1927 3324 2002 quod
3347 1927 3456 1986 Do-

1892 2028 2044 2082 mino
2071 2027 2421 2082 offerebatur.
2459 2027 2710 2082 Christus
2750 2027 2934 2095 itaque
2971 2021 3271 2079 secundum
3305 2019 3456 2077 Serio

1894 2127 2083 2188 pturas
2112 2119 2290 2173 factus
2326 2127 2410 2173 est
2454 2118 2632 2172 hostia
2666 2130 2765 2186 pro
2803 2114 3044 2184 peccah's
3069 2111 3273 2168 nostris
3288 2111 3336 2144 "
3364 2127 3377 2164 :
3401 2117 3464 2166 et

1892 2209 1996 2263 hac
2025 2209 2191 2264 etiam
2212 2208 2280 2263 de
2308 2223 2472 2300 causa
2489 2214 2770 2278 peccatum
2798 2205 2913 2274 ipse
2931 2202 3261 2300 nominatur.
3279 2199 3459 2300 Quaqe

1893 2301 2087 2356 scribit
2113 2299 2551 2370 sapientissimus
2575 2299 2778 2354 Paulus
2797 2314 2823 2350 ες
2843 2316 2863 2348 ι
2889 2295 3028 2352 Eum
3058 2293 3153 2366 qui
3174 2293 3458 2365 peccatum

1893 2407 2004 2446 non
2037 2400 2287 2455 noverat,
2327 2406 2430 2462 pro
2457 2390 2618 2445 nobis
2645 2395 2930 2460 peccatum
2971 2386 3103 2442 fecit
3119 2385 3200 2438 ":
3233 2401 3252 2436 ι
3295 2381 3458 2438 nimi-

1893 2497 2016 2536 rum
2045 2483 2190 2537 Deus
2216 2491 2274 2537 et
2308 2482 2488 2536 Pater.
2515 2480 2703 2549 Neque
2741 2478 2886 2534 enim
2916 2477 3152 2532 dicimus
3175 2473 3456 2531 Christum

1891 2572 2059 2628 fuisse
2110 2580 2456 2642 peccatorem
2487 2588 2501 2624 :
2535 2569 2678 2625 absit
2723 2569 2826 2626 hoc
2857 2571 2870 2624 !
2906 2567 3005 2624 sed
3045 2568 3191 2622 hunc
3222 2567 3454 2637 justum,

1895 2663 2007 2718 imo
2031 2663 2179 2717 illam
2206 2663 2376 2733 ipsam
2399 2662 2689 2733 justitiam,
2718 2675 2948 2730 peccare
2965 2661 3112 2715 enim
3133 2673 3244 2713 non
3277 2657 3452 2718 novit.

1892 2756 2170 2810 victimam
2193 2753 2322 2810 fecit
2346 2754 2507 2810 Pater
2535 2767 2637 2822 pro
2661 2749 2848 2806 mundi
2885 2749 3156 2822 peccatis.
3181 2767 3200 2800 ι
3239 2748 3307 2804 Ει
3331 2764 3456 2805 cum

1893 2846 2099 2916 iniquis
2140 2854 2431 2916 reputatus
2461 2853 2548 2900 est
2569 2846 2634 2910 ",
2675 2864 2694 2896 ι
2739 2859 2863 2899 cum
2911 2840 3238 2898 sententiam
3286 2839 3456 2896 susti-

1892 2939 2016 2993 nuit
2039 2936 2244 3006 iniquis
2267 2934 2865 2992 convenientissimam.
2886 2931 2986 2989 Cui
3015 2930 3238 3000 quidem
3280 2931 3362 2985 rei
3389 2928 3455 2983 il-

1893 3028 2019 3084 dem
2047 3027 2362 3083 facitisaias
2386 3026 2606 3081 divinus
2635 3025 2897 3096 propheta
2935 3040 2948 3079 :
2985 3019 3250 3088 «,Omnes,
3278 3019 3459 3090 inquit

1892 3117 2005 3184 ille,
2037 3118 2195 3189 quasi
2217 3133 2349 3174 oves
2379 3117 2689 3174 erravimus
2720 3134 2733 3169 :
2766 3114 3142 3184 unusquisque
3195 3113 3354 3182 126
3399 3111 3457 3168 ia

1893 3209 1983 3265 via
2007 3225 2106 3265 sua
2133 3209 2342 3265 erravit
2372 3226 2386 3262 :
2420 3216 2477 3264 et
2502 3209 2767 3263 Dominus
2792 3205 3014 3262 tradidit
3041 3221 3167 3260 eum
3203 3204 3457 3275 iniquita-

1892 3301 2043 3358 tibus
2068 3301 2303 3367 nostris;
2333 3306 2391 3355 et
2405 3299 2523 3370 ipse
2539 3314 2641 3370 pro
2676 3298 2835 3353 nobis
2863 3298 3030 3360 dolet,
3053 3305 3111 3351 et
3135 3295 3306 3350 livore
3339 3296 3460 3366 ejus

1892 3392 2070 3448 sanati
2092 3405 2283 3446 sumus
2298 3391 2364 3443 ".
2398 3409 2417 3441 ι
2460 3388 2663 3445 Scribit
2693 3397 2749 3444 et
2782 3385 3214 3458 sapientissimus
3238 3385 3453 3447 Petrus.

1893 3482 2085 3539 dicens
2110 3501 2122 3534 :
2153 3500 2171 3533 ι
2203 3480 2358 3549 Quod
2380 3488 2603 3551 peccata
2632 3487 2820 3537 nostra
2851 3481 2966 3550 ipse
2996 3477 3220 3548 pertulit
3242 3477 3297 3530 in
3331 3490 3458 3530 cor-

1893 3589 2028 3644 pore
2056 3587 2159 3629 suo
2199 3587 2365 3642 super
2402 3571 2611 3642 lignum
2631 3570 2699 3624 “.
2732 3589 2752 3621 ι
2789 3569 2862 3624 iis
2896 3584 3027 3638 ergo
3057 3566 3150 3638 qui
3199 3567 3256 3620 in
3298 3565 3461 3623 terris

1895 3673 2073 3730 erant,
2095 3654 2215 3722 sors
2240 3664 2332 3718 iila
2355 3661 2728 3733 impendebat,
2765 3669 2826 3714 ut
2854 3659 2992 3716 mori
3025 3673 3249 3716 necesse
3276 3666 3455 3725 esset;

1896 3756 2063 3831 idque
2089 3763 2212 3814 tum
2255 3761 2485 3828 propter
2506 3750 2992 3824 transgressionem
3020 3765 3076 3805 in
3117 3749 3310 3813 Adam,
3339 3755 3463 3803 tum

1895 3859 2124 3921 propter
2157 3855 2446 3920 peccatum
2479 3845 2624 3916 quod
2643 3844 2714 3900 ab
2729 3859 2798 3899 eo
2827 3841 2894 3898 ad
2927 3856 3030 3896 nos
3062 3854 3236 3910 usque
3269 3847 3458 3909 tyran-

1891 3938 2079 3995 nidem
2119 3952 2274 3993 suam
2319 3935 2734 3992 extendebat”.
2759 3933 2960 3988 Verum
2989 3930 3084 3987 Dei
3116 3930 3292 3986 Patris
3319 3929 3458 3985 Ven-

1892 4029 2048 4094 bum,
2092 4028 2304 4099 largum
2333 4026 2402 4082 ad
2441 4024 2834 4097 benignitatem
2873 4031 3035 4093 atque
3074 4021 3419 4077 clementiam
3439 4059 3462 4087 ,,

1894 4120 2098 4176 factum
2125 4128 2210 4175 est
2239 4133 2391 4182 caro,
2428 4117 2535 4173 hoc
2571 4126 2679 4182 est,
2726 4114 2892 4170 homo
2913 4112 3074 4168 nobis
3098 4119 3322 4183 peccato
3357 4109 3457 4168 ob-

1894 4211 2074 4266 noxiis
2095 4208 2428 4275 conformis;
2466 4217 2524 4265 et
2543 4214 2752 4264 sortem
2793 4213 3037 4266 nostram
3079 4204 3266 4260 subiit.
3294 4202 3462 4269 Nam,

1896 4310 1959 4358 ut
1985 4303 2226 4373 optimus
2252 4301 2453 4356 Paulus
2497 4298 2691 4355 scribit
2716 4315 2729 4352 :
2759 4316 2778 4348 ι
2815 4295 3000 4353 Gratia
3019 4294 3114 4350 Dei
3153 4308 3256 4365 pro
3275 4291 3462 4350 omnie

1896 4393 2001 4448 bus
2039 4391 2278 4463 gustavit
2320 4399 2554 4446 mortem
2573 4389 2642 4455 ",
2681 4407 2700 4441 ι
2751 4401 3012 4456 suamque
3073 4384 3307 4440 animam
3354 4399 3460 4455 pro

215 4492 330 4550 ριτι
353 4472 490 4529 Θεοῦ
524 4474 663 4547 ὑπέρ
684 4475 885 4540 παντὸς
904 4475 1164 4546 έγεύσατο
1213 4477 1443 4532 θανάτου
1463 4519 1479 4546 ,
1513 4497 1533 4531 ι
1572 4479 1669 4534 καὶ
1695 4480 1794 4550 τῆς

1897 4484 2143 4539 omnium
2159 4482 2270 4537 vita
2292 4480 2725 4551 redemptionem
2749 4477 2920 4533 dedit.
2947 4474 3051 4531 Sed
3068 4483 3126 4530 et
3151 4488 3296 4529 unus
3321 4488 3460 4545 quo.

214 4567 477 4622 ἁπάντων
503 4565 649 4638 ζωῆς
680 4566 1029 4639 ἀντάλλαγμα
1052 4569 1151 4640 τὴν
1177 4569 1370 4623 ἑαυτοῦ
1395 4569 1575 4642 ψυχὴν
1605 4572 1792 4644 ἀποιή-

214 4674 370 4716 σατο·
390 4652 479 4722 ιεῐς
505 4657 646 4728 ὑπὲρ
673 4657 890 4714 πάντων
927 4657 1217 4725 ἀπέθανεν,
1257 4660 1346 4714 ἴνα
1371 4662 1420 4714 οί
1446 4660 1646 4726 πάντες
1670 4661 1790 4733 Θεῷ

214 4747 478 4821 ζήσωμεν
513 4756 562 4812 Ρ,
608 4747 958 4820 ἀγιαζόμενοί
1003 4766 1065 4803 τε
1111 4749 1206 4804 καὶ
1243 4749 1666 4822 ζωοποιούμενοι
1701 4750 1791 4806 διά

212 4838 311 4895 τοῦ
337 4839 573 4911 αίματος
590 4837 778 4903 αὐτοῦ,
806 4858 827 4892 ι
856 4839 1223 4912 δικαιούμενοι
1247 4857 1306 4895 τε
1328 4840 1539 4914 δωρεάν
1565 4843 1632 4914 τῇ
1659 4841 1788 4913 παρ’

215 4928 388 4988 αὐτοῦ
421 4928 628 5001 χὰριτι.
669 4930 718 4983 ι’
749 4929 837 4994 Ὦς
861 4932 982 5004 εγάρ
1009 4947 1175 5003 φησιν
1201 4931 1230 4985 6
1253 4931 1522 5003 μακάριος
1559 4932 1790 5001 εὐαγγε-

215 5017 410 5091 hui);
446 5017 719 5090 Ἰωάννης·
750 5036 773 5074 ε
811 5014 889 5074 ἠ
908 5013 1051 5091 αἷμα
1088 5017 1263 5094 Ἰησοῦ
1289 5019 1529 5092 Χριστοῦ
1559 5019 1792 5090 καθαρί-

218 5109 308 5176 ζει
335 5111 483 5184 ἡμᾶς
508 5109 619 5166 ἀπὸ
646 5109 827 5182 πάσης
848 5110 1143 5184 ἁμαρτίας.
1190 5131 1210 5165 s
1259 5112 1468 5183 ὀνομα
1497 5111 1563 5184 δὴ
1590 5106 1684 5166 οὖν
1715 5110 1794 5183 τῷ

221 5202 553 5276 σῳζομένῳ
570 5201 789 5275 γιμάρφ
812 5202 1018 5276 κύριος·
1043 5204 1140 5260 καὶ
1158 5203 1446 5278 κληρωτὴν
1460 5203 1674 5277 έὸέχετο
1694 5204 1794 5276 τὴν

293 5360 344 5395 ⁸⁸
375 5358 568 5416 Iatth.
603 5374 728 5426 xxv,
760 5358 953 5416 ἴοι-55.
1027 5359 1072 5395 ⁸⁷
1095 5359 1275 5417 Levit.
1300 5374 1374 5424 Iv,
1407 5357 1500 5423 29,
1533 5357 1622 5414 2'5.

1736 5356 1785 5390 ⁸⁸
1817 5355 1956 5415 Osee
1978 5375 2051 5423 tv,
2076 5358 2139 5422 8,-

1899 4589 2007 4646 que
2035 4589 2134 4644 pro
2161 4572 2420 4630 omnibus
2449 4576 2701 4626 mortuus
2723 4576 2828 4633 est,
2853 4577 2915 4623 ut
2942 4580 3132 4621 omnes
3161 4564 3275 4620 Deo
3305 4564 3458 4622 viva-

1897 4681 2040 4730 mus,
2065 4663 2388 4721 sanetiiicati
2411 4670 2469 4717 et
2489 4659 2746 4716 vivificati
2773 4673 2872 4730 per
2894 4656 3213 4728 sanguinem
3234 4655 3356 4726 ejus
3369 4653 3454 4723 ’νς

1902 4777 1920 4809 ε
1935 4753 2218 4827 iustificati
2235 4753 2400 4809 etiam
2420 4751 2591 4822 gratis
2610 4765 2708 4820 per
2735 4749 2966 4820 gratiam
2999 4746 3171 4817 ipsius
3189 4746 3288 4799 θ’.»
3320 4744 3455 4801 Nam

1894 4855 1951 4904 et
1975 4847 2168 4902 beatus
2196 4843 2530 4915 evangelista
2555 4840 2795 4898 Joannes
2820 4839 3048 4897 scribit:
3086 4857 3105 4890 ι
3128 4836 3256 4894 Iesu
3291 4833 3453 4892 Chri-

1895 4937 1966 4994 sti
1989 4935 2211 5009 sanguis
2247 4938 2318 4991 ab
2341 4933 2601 4990 omnibus
2638 4928 2879 5002 peccatis
2908 4942 3010 4985 nos
3041 4924 3300 4982 emundat
3320 4924 3386 4978 η.
3427 4941 3450 4976 s

1895 5025 2107 5082 Nomen
2128 5023 2314 5095 itaque
2329 5036 2498 5092 capro
2513 5019 2794 5076 immolato
2812 5027 2951 5082 erat,
2976 5014 3261 5079 dominus;
3280 5018 3460 5069 sorte-

1899 5133 2006 5188 que
2031 5115 2396 5180 mactabatur,
2428 5121 2486 5170 et
2507 5119 2695 5168 sancta
2717 5117 2838 5167 erat
2864 5119 3126 5176 sacraque
3145 5103 3370 5159 victima
3399 5100 3460 5158 in

1900 5216 2089 5278 typum
2112 5202 2340 5265 Christi,
2366 5202 2591 5274 quinon
2612 5213 2712 5269 pro
2737 5196 2938 5268 selpso,
2971 5193 3091 5260 sed,
3112 5201 3176 5248 ut
3201 5192 3337 5259 dixi,
3357 5203 3460 5262 pro

2239 5358 2285 5392 "
2311 5359 2470 5415 Deut.
2502 5369 2651 5420 xvm,
2680 5352 2706 5406 i
2733 5363 2889 5420 seqq.
2998 5346 3093 5420 θ’]
3117 5344 3251 5420 90;.
3281 5357 3372 5411 xv,

223 5431 272 5464 ἰ
309 5407 728 5494 11ᾶῖὴῖἱῖ
762 5407 980 5485 Ἕὶἱὲ.
1023 5407 1275 5494 ιιιῐίξξ
1300 5407 1387 5462 ’³⁷³
1411 5407 1639 5494 ἷιῖἰᾱῗέ,
1667 5427 1722 5485 ο.

1895 5407 2188 5493 ἱίῑέίτῖἰι,
2212 5407 2696 5488 ειῗῖῖῖιὸὼῗὲ,
2722 5418 2790 5476 ιο
2813 5407 2970 5489 iéqq.
3044 5416 3093 5451 ο·
3117 5412 3283 5471 Hebr.
3320 5407 3380 5479 η’.
3401 5407 3459 5468 s.

223 5497 272 5534 ’ν
298 5498 459 5558 Rom.
492 5514 549 5567 v,
585 5498 641 5567 θ,
676 5497 857 5554 ιτα-ει.
931 5498 978 5532 ’⁸
1007 5498 1166 5555 Rom.
1195 5514 1276 5566 in,
1303 5498 1394 5556 ει.
1471 5500 1519 5533 ⁸⁸
1547 5497 1748 5555 lJoan.
1777 5513 1818 5555 ι.
1844 5496 1898 5552 7.

1317 5655 1492 5711 Varia:
1524 5657 1787 5716 lectiones
1817 5654 2022 5712 codicis
2041 5649 2400 5724 Seguieriani.

300 5782 343 5817 ιι
372 5773 487 5836 hri.
563 5781 594 5813 ³
617 5770 829 5845 Κυρίῳ.
902 5779 923 5803 ⁸
951 5766 1066 5824 τοῦ.
1143 5778 1172 5821 9
1200 5767 1462 5838 ζήσωσιν.
