4126 6314
655 369 753 427 ειι

1665 370 1719 428 S.
1756 365 2028 425 CYBILLI
2070 363 2535 420 ALEXANDRINI
2567 367 2883 423 ARCHIEP.

3809 359 3935 416 213

657 486 820 545 nobis
855 496 1108 544 mortuus
1136 497 1238 554 est,
1262 488 1636 559 sanguineque
1659 503 1759 544 suo
1779 485 2077 541 E‘cclesiam
2103 498 2232 537 san-

2340 487 2572 555 σφαγὴν⁹
2602 484 2756 554 ἆγιόν
2787 503 2848 539 τε
2892 483 3062 556 θῦμα,
3088 484 3186 540 καὶ
3213 485 3357 557 ἱερὸν
3393 476 3461 555 ἦν
3483 481 3563 546 είς
3589 479 3759 536 τύπον
3785 477 3936 550 Χρι-

658 577 939 634 ctificavit.
976 597 993 629 ι
1035 578 1324 642 Mactabit,
1354 577 1561 648 inquit,
1589 577 1804 632 hircum
1832 590 1933 645 pro
1961 582 2224 660 .peccato,

654 686 784 726 eum
809 670 904 742 qui
929 687 1030 743 pro
1056 673 1278 743 populo,
1308 682 1433 726 ante
1463 670 1754 726 Dominum
1783 685 1795 722 :
1831 677 1888 723 et
1926 666 2126 722 inferet
2159 664 2227 719 de

657 763 922 834 sanguine
956 765 1075 835 ejus
1103 764 1248 818 intra
1278 765 1482 828 velum,
1516 773 1571 818 et
1612 768 1870 832 asperget
1903 758 2225 829 sanguinem

656 853 775 920 ejus
807 868 971 922 super
1012 851 1469 922 pr0pitiatorium,
1500 861 1689 907 contra
1738 851 1934 905 faciem
1968 848 2230 919 propitia-

659 944 808 1008 torii,
833 952 888 998 et
912 943 1154 1013 expiabit
1175 944 1548 999 sanctuarium
1589 943 1658 998 ab
1680 940 2050 997 immunditiis
2087 939 2227 993 filio-

659 1050 780 1088 rum
809 1035 999 1100 Israel,
1020 1043 1078 1090 et
1099 1035 1168 1090 ab
1192 1035 1477 1106 injustitiis
1499 1050 1715 1092 eorum.
1750 1035 1819 1090 Et
1853 1035 1932 1090 sic
1954 1032 2117 1088 faciet
2144 1041 2226 1086 ta-

656 1126 956 1182 bernaculo
998 1127 1332 1202 testimonii,
1367 1127 1515 1197 quod
1563 1134 1907 1183 exstructum
1968 1135 2053 1181 est
2087 1124 2229 1179 inter

653 1231 770 1280 eos,
803 1217 858 1271 in
883 1217 1066 1272 medio
1091 1217 1454 1288 immunditize
1489 1233 1681 1273 eorum
1707 1219 1746 1273 ¹.
1781 1238 1798 1270 ›
1830 1219 2114 1288 ingressus
2146 1221 2231 1269 est

653 1308 801 1362 enim
827 1308 1078 1364 Christus
1107 1311 1161 1365 in
1186 1310 1384 1366 Sancta
1406 1320 1719 1366 sanctorum
1746 1327 1855 1366 non
1880 1327 1979 1381 per
2008 1308 2229 1379 sangui-

655 1413 781 1451 nem
831 1398 1115 1452 hircorum
1157 1408 1253 1453 aut
1294 1400 1625 1464 vitulorum,
1655 1400 1749 1455 sed
1793 1415 1891 1470 per
1942 1397 2231 1469 proprium

653 1488 999 1558 sanguinem,
1030 1497 1230 1543 aeterm
1274 1488 1655 1560 redemptione
1689 1490 1910 1544 inventa
1935 1491 1986 1550 ’,
2019 1496 2075 1542 et
2101 1502 2230 1542 san-

653 1577 921 1642 ctificans,
940 1588 1000 1632 ut
1023 1579 1199 1644 dixi,,v
1224 1581 1357 1634 rrius
1382 1581 1516 1635 illud
1544 1580 1982 1642 tabernaculum,
2010 1579 2115 1632 hoc
2147 1586 2232 1632 est

654 1670 976 1734 Ecclesiam,
1005 1679 1059 1725 et
1096 1687 1286 1726 omnes
1304 1679 1575 1742 quotquot
1607 1681 1738 1726 sunt
1780 1672 1836 1725 in
1861 1671 1997 1740 ipsa.
2028 1669 2233 1724 Scribit

656 1762 1024 1833 igiturbeatus
1039 1763 1238 1817 Paulus
1257 1762 1459 1819 alicubi
1481 1781 1494 1817 :
1526 1782 1544 1815 ι
1567 1765 1798 1834 Propter
1814 1762 1960 1833 quod
1983 1762 2228 1831 etiJesus,

2341 579 2491 645 στοῦ,
2518 579 2578 633 ού
2610 579 2674 633 δι’
2709 579 2902 634 ἑαυτὸν
2935 579 3393 651 ἀποθνήσκοντος,
3418 578 3536 631 ἀλλ’
3565 574 3705 643 ὑπὲρ
3731 571 3931 644 ἡμῶν,

2336 672 2412 735 ὡς
2446 671 2602 744 ἔφην,
2633 673 2727 726 καὶ
2758 671 3076 741 ἁγιάζοντος
3103 673 3204 744 τὴν
3242 668 3568 740 Ἐκκλησίαν
3587 667 3666 739 τῷ
3693 667 3811 734 ίδίῳ
3837 663 3935 721 αἱ·

2340 780 2492 834 ματι.
2523 783 2542 816 ι
2578 763 2775 834 Σφάξει
2797 763 2907 834 γὰρ
2926 762 3018 817 τὸν
3041 763 3296 835 χίμαρον,
3332 762 3518 832 φησὶν,
3549 759 3641 815 τὸν
3666 759 3796 828 περὶ
3821 756 3936 826 τῆς

2338 855 2643 926 ἁμαρτίας,
2684 856 2777 909 τὸν
2815 855 3070 927 περὶτοῦ
3115 853 3284 920 λαοῦ,
3322 852 3503 908 ἔναντι
3544 849 3776 927 κυρίου·
3830 849 3934 902 καὶ

2337 946 2563 1001 εἰσοίσει
2589 946 2683 1002 τοῦ
2707 947 2938 1020 αἳματος
2966 944 3132 1002 αὐτοῦ
3160 946 3428 1017 ἐσώτερον
3468 941 3565 998 τοῦ
3599 926 3933 996 καταπετὰ-

2339 1038 2704 1108 σματος,’καὶ
2729 1040 2882 1108 ρανεϊ
2907 1037 2967 1091 τὸ
2993 1031 3131 1108 αἷμα
3155 1035 3318 1090 αὑτοῦ
3357 1036 3448 1090 ἐπὶ
3487 1033 3549 1088 τὺ
3588 1032 3932 1103 ἱλαστήριον,

2337 1131 2480 1186 κατὰ
2493 1133 2782 1203 πρόσωπον
2795 1131 2887 1186 τοῦ
2906 1131 3094 1200 ἱλαστη
3104 1130 3239 1200 ρίου,
3260 1129 3351 1184 καὶ
3370 1124 3750 1193 ὲξιλάσεταιτὺ
3767 1124 3934 1192 ἅγιον

2337 1223 2444 1278 ἀπὸ
2468 1223 2577 1277 τῶν
2601 1223 2953 1295 άκαθαρσιῶν
2980 1223 3085 1276 τῶν
3115 1221 3247 1275 υἱῶν
3287 1219 3523 1292 Ἰσραὴλ,
3556 1217 3646 1273 καὶ
3677 1216 3784 1271 ἀπὸ
3814 1213 3935 1268 τῶν

2338 1315 2689 1386 ἀδικημάτων
2719 1313 2896 1369 αὐτῶν
2919 1313 3045 1385 περὶ
3073 1311 3263 1366 πασῶν
3278 1311 3385 1364 τῶν
3413 1307 3696 1382 ἁμαρτιῶν
3719 1305 3931 1362 αὐτῶν.

2340 1406 2451 1459 Καὶ
2475 1403 2618 1459 οὕτω
2653 1407 2865 1476 ποιήσει
2901 1407 2968 1477 τῇ
2997 1405 3168 1476 σκηνῇ
3182 1401 3298 1458 -τοῦ
3324 1401 3653 1473 μαρτυρίου,
3679 1401 3747 1470 τῇ
3779 1399 3937 1451 ἑκτι-

2343 1497 2514 1568 σμένῃ
2541 1497 2599 1550 tv
2632 1495 2837 1560 αὐτοῖς,
2878 1497 2937 1550 ἐν
2981 1496 3132 1568 μέσῳ
3152 1498 3254 1567 τῆς
3279 1493 3622 1564 ἀκαθαρσίας
3663 1489 3869 1546 αὐτῶν.
3908 1506 3930 1540 ι

2342 1588 2570 1660 Είσῆλθε
2586 1588 2694 1661 γὰρ
2714 1590 2743 1642 ὁ
2766 1587 3002 1658 Χριστὸς
3023 1591 3101 1652 είς
3123 1589 3194 1643 τὰ
3217 1589 3383 1656 Ἀγια
3413 1585 3522 1638 τῶν
3553 1581 3743 1653 ἁγίων,
3769 1581 3832 1635 οῦ
3862 1579 3935 1634 δι’

2340 1685 2583 1754 αϊματοςῖ
2612 1682 2833 1753 τράγων
2856 1682 2951 1735 καὶ
2991 1681 3228 1752 μόσχων,
3266 1680 3355 1734 διὰ
3380 1679 3438 1733 δὲ
3466 1677 3561 1733 τοῦ
3597 1667 3937 1744 ίδίουάῐμα-

2339 1791 2452 1840 τος,
2499 1773 2723 1828 αἰωνίαν
2748 1773 3019 1844 λύτρωσιν
3051 1772 3385 1843 εὑράμενος,
3414 1770 3510 1824 καὶ
3550 1765 3817 1836 ἁγιάζων,
3853 1763 3934 1826 ὡς

654 1865 717 1910 ιιι
737 1854 1103 1910 sanctificaret
1132 1871 1228 1925 per
1249 1871 1409 1910 suum
1425 1856 1748 1927 sanguinem
1764 1856 2049 1926 p0pulnm,
2077 1861 2234 1909 extra

2340 1865 2498 1936 ἔφην,
2525 1865 2625 1936 τὴν
2651 1864 3018 1936 ἀληθεστέραν
3041 1862 3270 1933 σκηνὴν,
3292 1859 3543 1916 τουτέστι
3561 1859 3662 1930 τὴν
3701 1855 3938 1925 Ἐκκλη-

652 1958 863 2020 portam
888 1964 1080 2019 passus
1102 1959 1187 2003 est
1210 1949 1262 2014 ³;
1288 1968 1305 2000 ›
1329 1957 1384 2003 et
1407 1949 1538 2004 alibi
1567 1964 1790 2004 rursum
1815 1967 1858 2002 ιι
1892 1949 2079 2003 Estote
2106 1963 2237 2019 ergo

652 2042 958 2097 imitatores
980 2042 1100 2107 Dei,
1127 2042 1271 2098 sicut
1297 2043 1394 2097 [iiii
1423 2043 1735 2099 charissimi
1766 2061 1778 2098 :
1801 2051 1858 2098 et
1887 2042 2238 2099 ambulatein

648 2131 966 2198 dilectione,
986 2131 1458 2189 sicutetChristus
1481 2133 1674 2189 dilexit
1691 2149 1811 2199 nos,
1827 2142 1884 2189 et
1905 2133 2132 2190 tradidit
2149 2149 2236 2189 se-

648 2227 944 2296 metipsum
958 2239 1061 2295 pro
1077 2224 1239 2280 nobis
1257 2224 1590 2280 oblationem
1609 2233 1664 2281 et
1679 2226 1916 2281 hostiam
1936 2225 1992 2280 in
2009 2226 2237 2281 odorem

655 2316 812 2388 127
840 2313 1180 2371 suavitatis‘.
1215 2332 1233 2365 ι
1269 2313 1737 2372 Considerandum
1760 2325 1843 2372 est
1868 2318 2036 2388 igitur
2061 2318 2115 2372 in
2143 2333 2235 2373 ca-

651 2424 753 2482 pro
782 2409 1062 2464 immolato
1092 2408 1507 2464 Emmanuelem
1526 2409 1762 2467 subiisse
1786 2418 2019 2466 mortem
2042 2425 2239 2466 secun-

651 2500 784 2558 dum
801 2516 1044 2566 carnem,
1060 2509 1118 2558 et
1132 2501 1356 2573 quidem
1375 2500 1443 2557 ad
1463 2501 1658 2556 mortis
1673 2502 1998 2574 peccatique
2013 2502 2236 2558 destru-

651 2593 912 2650 ctionem.
958 2593 1091 2648 Erat
1121 2593 1271 2648 enim
1299 2594 1444 2649 inter
1473 2601 1722 2649 mortuos
1763 2594 1905 2649 liber
1927 2597 1974 2660 ⁸,
2006 2594 2112 2650 hoc
2153 2602 2240 2650 est

649 2699 829 2755 neque
852 2699 883 2739 a
915 2690 1144 2755 peccato
1160 2684 1360 2749 victus,
1377 2699 1558 2756 neque
1590 2686 1784 2740 mortis
1805 2687 2111 2751 sententia,
2135 2686 2240 2742 sic-

651 2787 714 2832 ut
735 2792 863 2840 nos,
913 2776 1204 2832 obnoxius.
1232 2777 1291 2831 ln
1318 2777 1489 2833 altero
1510 2792 1751 2847 quoque,
1779 2778 1884 2834 hoc
1902 2785 2006 2843 est,
2031 2779 2086 2833 in
2113 2779 2240 2834 vivo

651 2883 717 2925 ac
737 2869 962 2925 dimisso
984 2869 1139 2924 hirco
1159 2868 1410 2924 eumdem
1432 2879 1766 2940 spectemus,
1786 2870 1917 2925 dum
1931 2871 1988 2926 in
2007 2886 2074 2925 eo
2093 2871 2240 2940 quod

653 2960 958 3018 secundum
986 2961 1282 3016 humanam
1311 2971 1567 3017 naturam
1608 2963 1847 3032 patitur,
1887 2979 1998 3019 non
2031 2964 2242 3033 patitur

653 3053 957 3108 secundum
984 3051 1255 3118 divinam;
1305 3060 1360 3110 et
1387 3053 1518 3107 dum
1546 3069 1713 3109 carne
1747 3054 2016 3120 moritur,
2043 3055 2240 3111 mortis

651 3144 828 3200 victor
838 3145 1049 3200 evadit:
1069 3161 1248 3216 neque
1264 3145 1567 3201 secundum
1581 3146 1897 3203 Iudaeorum
1917 3147 2235 3212 amentiam,

2341 1959 2484 2025 σίαν,
2525 1958 2621 2010 καὶ
2651 1956 2896 2020 ἅπαντας
2939 1956 2998 2010 δὲ
3033 1957 3161 2019 τοὺς
3202 1954 3262 2008 tv
3304 1952 3466 2024 αὐτῇ.
3511 1951 3720 2024 Γράφει
3766 1945 3864 2002 οῦν
3905 1948 3939 2000 ὁ

2339 2047 2629 2113 θεσπέσιος
2663 2046 2877 2110 Παῦλος
2905 2047 3037 2102 ποτὲ
3072 2045 3170 2117 μὲν
3197 2044 3313 2109 ὅτι,
3359 2062 3379 2096 ι
3428 2041 3522 2095 Διδ
3551 2042 3646 2094 καὶ
3685 2035 3936 2109 Ἰησοῦς,

2337 2141 2426 2195 ἵνα
2456 2140 2659 2215 ἁγιάσῃ
2704 2138 2782 2211 τῷ
2815 2139 2932 2210 ita.)
2957 2138 3151 2210 αἵματι
3186 2137 3279 2192 τὸν
3317 2135 3470 2200 λαδν,
3497 2133 3602 2198 ἔξω
3626 2131 3726 2204 τῆς
3751 2129 3938 2200 πύλης

2338 2233 2529 2299 ἐπαθε,
2565 2253 2584 2285 ι
2618 2231 2751 2286 ποτὶ
2792 2233 2851 2286 δὲ
2890 2231 3074 2286 πάλιν·
3121 2250 3139 2283 ι
3167 2228 3390 2283 Γίνεσθε
3430 2220 3526 2282 οῦν
3566 2221 3806 2297 μιμηταὶ⁵
3832 2219 3936 2276 τοῦ

2337 2325 2496 2393 Θεοῦ,
2525 2325 2600 2389 ὡς
2620 2324 2786 2380 τέκνα
2807 2323 3092 2394 ἀγαπητὰ,
3120 2322 3216 2376 καὶ
3249 2319 3605 2393 περιπατεῖτε
3630 2317 3692 2371 tv
3713 2313 3936 2386 ἀγάπῃ,

2338 2417 2523 2482 καθὼς
2563 2417 2659 2472 καὶ
2699 2417 2730 2470 ὁ
2767 2414 3006 2488 Χριστὸς
3043 2416 3332 2486 ἠγάπησεν
3370 2413 3556 2484 ἡμᾶς,
3595 2409 3692 2464 καὶ
3733 2404 3940 2462 ἑαυτὸν

2339 2507 2658 2580 παρέδωκεν
2692 2507 2833 2578 ὑπὲρ
2865 2506 3024 2577 ήμῶν
3070 2503 3392 2575 προσφοράν
3437 2501 3536 2555 καὶ
3581 2499 3798 2563 θυσίαν,
3849 2497 3943 2562 είς

2337 2600 2516 2673 ὀσμὴν
2541 2600 2792 2664 εὐωδίας.
2829 2619 2849 2652 ι
2911 2597 3201 2669 Ἀθρητέον
3243 2595 3309 2667 δὴ
3335 2588 3430 2650 οὖν
3463 2594 3523 2648 tv
3545 2591 3625 2664 τῷ
3664 2588 3941 2662 σφαγέντι

2339 2693 2561 2766 χιμάρῳ
2583 2693 2871 2764 γενόμενον
2897 2690 2995 2761 μὲν
3033 2693 3091 2744 tv
3115 2689 3332 2760 θανάτῳ
3359 2687 3565 2760 σαρκὸς
3587 2685 3681 2740 τδν
3712 2685 3938 2757 Ἐμμα-

2342 2785 2538 2856 νουὴλ,
2565 2784 2704 2855 πλὴν
2739 2785 2830 2837 ἐπὶ
2869 2782 3022 2836 λύσει
3060 2782 3291 2836 θανάτου
3313 2822 3327 2843 ,
3362 2780 3459 2834 καὶ
3495 2778 3789 2850 ἁμαρτίας.
3819 2769 3942 2831 Ἦν

2341 2878 2450 2948 γὰρ
2473 2880 2530 2932 tv
2554 2879 2769 2949 νεκροῖς
2792 2874 3096 2946 ἐλεύθερος,
3118 2872 3420 2935 τουτέστιν,
3450 2871 3725 2933 ἀνάλωτος
3751 2870 3941 2941 ἁμαρ-

2340 2971 2504 3035 τίαις,
2542 2968 2640 3022 καὶ
2683 2969 2785 3022 οῦκ
2827 2965 3010 3037 ἔνοχος
3058 2965 3176 3036 μεθ’
3227 2964 3406 3035 ἡμῶν,
3442 2966 3506 3036 τῇ
3551 2960 3646 3016 τοῦ
3697 2960 3940 3017 θανάτου

2341 3061 2488 3133 δίκῃ.
2532 3061 2762 3131 ’ῐδωμεν
2798 3059 2961 3112 αὐτὸν
3000 3061 3058 3112 tv
3088 3057 3166 3128 τῷ
3201 3057 3375 3130 ἑτέρῳ
3407 3056 3628 3127 χιμὰρῳ
3658 3053 3736 3125 τῷ
3767 3052 3941 3118 ζῶντι

2343 3155 2436 3209 καὶ
2460 3153 2766 3224 ἀφιεμένῳ,
2793 3150 2888 3204 καὶ
2915 3151 2973 3204 tv
2995 3149 3075 3222 τῷ
3101 3148 3297 3203 παθεῖν
3321 3147 3701 3220 ἀνθρωπίνως,
3734 3145 3809 3217 μὴ
3833 3146 3918 3200 πά

654 3236 943 3293 nobiscum
967 3236 1022 3291 in
1037 3247 1391 3293 monumento
1416 3240 1699 3305 remansit,
1745 3255 1925 3310 neque
1968 3255 2077 3296 una
2114 3255 2234 3295 cum

2347 3263 2546 3317 σχοντα
2585 3243 2810 3309 θεῖκῶςο
2843 3243 2938 3298 καὶ⁸
2975 3243 3033 3297 tv
3066 3241 3144 3314 τῷ
3188 3240 3441 3295 τεθνάναι
3471 3238 3666 3313 σαρκὶ,
3698 3237 3942 3294 θανάτου

655 3327 778 3381 aiis
800 3326 945 3382 intra
972 3326 1169 3382 inferni
1203 3337 1387 3397 portas
1414 3327 1673 3383 detentus
1702 3327 1823 3382 fuit.
1862 3328 2020 3392 Nam,
2046 3336 2112 3383 ut
2149 3327 2234 3382 di-

657 3419 903 3490 scipulus
930 3419 1077 3474 illius
1100 3420 1325 3476 asserit:
1357 3439 1375 3471 ‹
1403 3421 1525 3476 Non
1545 3421 1806 3476 derelicta
1828 3430 1912 3476 est
1936 3421 1992 3476 in
2022 3419 2239 3476 inferno

658 3513 840 3566 anima
874 3513 1015 3584 ejus,
1041 3528 1217 3582 neque
1244 3529 1370 3569 caro
1402 3514 1521 3584 ejus
1545 3513 1685 3568 vidit
1705 3513 2117 3583 corruptionem
2140 3513 2185 3572 ⁸.,
2213 3533 2232 3564 ι

661 3604 879 3661 Βενὶιῆ
905 3605 1053 3660 enim
1081 3606 1327 3675 spoliatis
1348 3605 1567 3671 inferis;
1595 3613 1652 3659 et
1681 3605 1749 3659 iis
1776 3606 1870 3675 qui
1894 3605 2066 3659 vincti
2095 3603 2238 3660 deti-

658 3697 932 3754 nebantur
961 3696 1100 3752 dixit
1124 3715 1139 3751 :
1165 3697 1355 3764 Exite;
1390 3705 1446 3754 et
1470 3699 1538 3754 iis
1565 3699 1658 3769 qui
1685 3698 1742 3752 in
1765 3696 2008 3752 tenebris
2037 3706 2195 3755 erant
2223 3717 2234 3751 :

658 3789 998 3847 Revelamini
1017 3789 1038 3820 ⁷
1063 3806 1076 3843 :
1105 3796 1157 3844 et
1174 3789 1243 3844 ad
1265 3805 1566 3859 supernum
1585 3790 1974 3860 caelestemque
1995 3789 2235 3853 Patrem,

657 3881 840 3936 locum
895 3879 1087 3950 utique
1142 3879 1462 3936 hominibus
1523 3880 1895 3944 inaccessum,
1957 3879 2237 3945 ascendit,

659 3972 900 4044 peccatis
935 3971 1141 4027 nostris
1169 3971 1227 4027 in
1258 3988 1317 4027 se
1347 3972 1639 4042 susceptis,
1691 3980 1748 4027 et
1789 3970 2108 4042 propitiatio
2135 3987 2238 4043 pro

660 4066 769 4123 illis
796 4066 1086 4123 exsistens.
1109 4065 1314 4122 Scribit
1336 4065 1484 4121 enim
1514 4066 1710 4121 beatus
1741 4064 1980 4121 Joannes
2017 4065 2105 4120 bis
2143 4066 2237 4136 qui

659 4160 716 4214 in
737 4157 893 4215 illum
921 4157 1216 4216 credebant
1241 4175 1256 4212 :
1295 4178 1312 4210 ι
1337 4158 1513 4213 Filioli
1541 4157 1671 4222 mei,
1698 4156 1816 4212 haec
1841 4157 2027 4212 scribo
2056 4157 2235 4222 vobis,

659 4259 720 4306 ιιι
743 4265 853 4306 non
877 4249 1135 4321 peccetis.
1179 4248 1287 4305 Sed
1323 4259 1381 4304 et
1408 4249 1454 4304 si
1485 4250 1609 4319 quis
1636 4250 1970 4321 peccaverit,
2007 4249 2240 4309 advoca—

660 4353 776 4397 tum
800 4342 1070 4398 habemus
1088 4341 1233 4412 apud
1248 4343 1486 4405 Patrem,
1504 4338 1690 4395 Iesum
1706 4339 1986 4395 Christum
2004 4342 2236 4412 justum,

2342 3338 2646 3408 κρείττονα,
2699 3339 2794 3392 καὶ
2842 3336 2926 3402 οὐ,
2978 3336 3122 3390 κατὰ
3167 3333 3264 3406 τὴν
3329 3331 3597 3387 Ἰουδαίων
3645 3330 3940 3398 ἀπόνοιαν,

2342 3428 2716 3498 ἁπομείναντα
2773 3424 2891 3495 μεθ’
2943 3422 3102 3494 ήμῶν
3172 3423 3231 3474 tv
3289 3421 3577 3492 μνήματι,
3646 3417 3745 3471 καὶ
3799 3413 3946 3471 κᾶτ-

2341 3537 2464 3590 οχον
2497 3519 2758 3586 γεγονότα
2787 3517 2908 3580 ταῖς
2940 3515 3066 3587 ᾅδου
3098 3512 3297 3577 πύλαις
3324 3514 3435 3578 τοϊς
3464 3512 3644 3575 ἄλλοις
3667 3507 3825 3581 ὁμοῦ.
3845 3509 3942 3572 Ὠς

2342 3612 2451 3682 γὰρ
2483 3614 2512 3665 ὁ
2535 3609 2700 3664 αὑτοῦ
2729 3627 2861 3680 φησι
2898 3608 3169 3679 μαθητής·
3207 3625 3224 3658 ι
3259 3605 3399 3661 Οῦτε
3425 3602 3823 3674 ἐγκατελείφθη
3852 3605 3941 3668 είς

2343 3704 2477 3774 ᾅδην
2510 3704 2544 3774 ἡ
2569 3701 2716 3773 ψυχὴ
2755 3697 2943 3764 αὐτοῦ,
2976 3698 3101 3753 οῦτε
3135 3700 3169 3768 ἡ
3203 3697 3340 3770 σὰρξ
3373 3694 3540 3752 αὑτοῦ
3570 3691 3680 3748 οἶδε
3712 3691 3940 3763 διαφοο⁹

2346 3797 2465 3867 ράν.
2501 3813 2521 3847 ι
2573 3792 2800 3847 Ἀνεὸίω
2827 3791 2936 3863 γὰρ
2971 3790 3274 3854 σκυλεύσας
3309 3789 3403 3842 τὸν
3429 3787 3583 3860 ᾅδην,
3616 3786 3847 3849 καὶτοῖς
3875 3785 3941 3838 tv

2341 3883 2562 3951 δεσμοῖς
2607 3879 2799 3933 εἰπών’
2854 3878 3166 3946 Ἐξέλθετε,
3223 3877 3318 3931 καὶ
3350 3877 3463 3941 τοῖς
3492 3878 3551 3930 tv
3582 3874 3662 3945 τῷ
3708 3874 3893 3929 σκότει
3918 3893 3936 3906 ⁸

2357 3969 2822 4042 Ἀνακαλύφθητεο
2855 3971 2952 4024 καὶ
2975 3969 3110 4041 πρὸς
3142 3967 3234 4022 τὸν
3271 3967 3385 4022 ἄνω
3410 3967 3504 4022 καὶ
3531 3969 3588 4021 tv
3616 3968 3731 4030 τοῖς
3763 3967 3937 4038 οὐρα-

2343 4067 2454 4128 νοῖς
2483 4064 2738 4135 Πατέρα,
2771 4061 2868 4117 καὶ
2901 4063 2982 4125 είς
3023 4060 3115 4115 τὸν
3143 4059 3453 4132 ἀνθρώποις
3487 4060 3688 4116 άσατον
3725 4059 3936 4131 ἀνεπή-

2340 4156 2470 4228 δησε
2507 4165 2536 4206 ει
2570 4153 2767 4227 χῶρον,
2799 4152 2964 4218 αὐτὸς
2990 4154 3077 4224 ἐφ’
3109 4152 3287 4225 ἑαυτῷ
3321 4153 3421 4218 τὰς
3453 4151 3733 4224 ἁμαρτίας
3773 4151 3934 4223 ἡμῶν

2343 4246 2652 4312 ἀναλαϐὼν,
2684 4246 2779 4300 καὶ
2817 4245 3043 4318 ἱλασμὸς
3077 4246 3341 4319 ὑπάρχων
3379 4245 3508 4316 περὶ
3546 4243 3749 4298 αὐτῶν.
3789 4243 3937 4316 Γρά-

2343 4358 2433 4410 φει
2459 4339 2590 4408 γοῦν
2608 4339 2638 4390 δ
2666 4338 2953 4404 θεσπέσιος
2995 4338 3247 4409 Ἰωάννης
3271 4339 3385 4402 τοϊς
3413 4338 3493 4400 είς
3515 4335 3679 4392 αὑτὸν
3705 4334 3928 4390 πιστεύ-

658 4443 716 4490 ct
736 4434 851 4504 ipse
883 4443 969 4488 est
991 4433 1308 4504 propitiatio
1333 4448 1434 4502 pro
1466 4432 1710 4502 peccatis
1733 4432 1938 4487 nostris
1965 4450 1977 4486 :
2007 4447 2117 4487 non
2137 4448 2234 4502 pro

2344 4449 2490 4490 σασι·
2528 4449 2549 4485 t
2581 4433 2801 4497 Τεκνία,
2831 4433 3006 4487 ταῦτα
3035 4432 3234 4505 γράφω
3265 4433 3416 4502 ὑμῖν,
3450 4431 3536 4484 ἶνα
3568 4430 3644 4502 μὴ
3683 4429 3935 4502 ἁμαρτά-

657 4526 864 4582 nostris
893 4534 1075 4582 autem
1111 4534 1359 4593 tantum,
1397 4525 1490 4582 sed
1528 4525 1693 4580 etiam
1727 4541 1829 4596 pro
1857 4527 2028 4581 t0tius
2073 4543 2234 4582 mun-

2344 4544 2493 4598 νητε.
2537 4527 2648 4580 Καὶ
2692 4525 2786 4580 ὲάν
2817 4543 2902 4589 τις
2935 4526 2993 4580 δὲ
3027 4526 3287 4598 ἁμάρτῃ,
3341 4523 3694 4595 παράκλητον
3732 4523 3932 4596 ἔχομεν

658 4616 774 4672 di'.
810 4636 828 4670 ι
859 4618 1112 4672 Arbitror
1145 4629 1327 4674 autem
1361 4634 1469 4674 non
1511 4618 1610 4673 abs
1647 4633 1706 4673 re
1728 4617 1869 4683 fore,
1901 4618 1945 4673 si
1986 4620 2053 4674 de
2093 4620 2234 4691 lega-

2346 4619 2484 4691 πρὸς
2512 4619 2603 4674 τὸν
2629 4619 2853 4690 Πατέρα
2889 4616 3097 4688 Ἰησοῦν
3130 4617 3366 4690 Χριστὸν
3395 4616 3619 4671 δίκαιον·
3643 4616 3738 4670 καὶ
3769 4615 3932 4682 αὐτὸς

657 4709 804 4765 libus
830 4724 1050 4779 quoque
1073 4710 1385 4780 scripturis,
1412 4711 1938 4767 commonefaciendi
1962 4713 2234 4769 auditoris

2346 4710 2572 4782 ίλασμός
2604 4710 2720 4763 ὲστι
2752 4707 3009 4782 περὶτῶν
3041 4707 3327 4780 ἁμαρτιῶν
3357 4707 3534 4779 ἡμῶνο
3569 4707 3631 4762 οὐ
3661 4708 3790 4779 περὶ
3820 4707 3932 4763 τῶν

655 4799 851 4870 gratia,
885 4800 1145 4854 nonnulla
1204 4799 1292 4856 hic
1345 4810 1609 4872 repetam.
1653 4802 1870 4858 Habent
1920 4812 2104 4859 autem
2161 4807 2228 4862 ad

2340 4802 2626 4875 ἡμετέρων
2652 4802 2708 4859 δὲ
2733 4802 2914 4872 μόνον,
2941 4799 3078 4854 άλλὰ
3097 4801 3190 4854 καὶ
3213 4800 3342 4872 περὶ
3369 4798 3464 4853 τοῦ
3492 4799 3616 4854 ὅλου
3639 4799 3866 4871 κόσμου.
3899 4817 3920 4850 ι

657 4889 805 4945 hunc
839 4889 1060 4944 modum
1092 4907 1105 4943 :
1136 4909 1155 4941 ο
1183 4891 1249 4945 Ει
1285 4891 1518 4948 adducet
1558 4893 1772 4948 hircum
1820 4895 2129 4963 viventem;
2171 4909 2227 4952 et

2340 4891 2504 4965 Οἶμαι
2541 4893 2600 4946 δὲ
2627 4894 2758 4957 δεῖν,
2791 4893 2887 4947 καὶ
2907 4892 3080 4964 αὐτὴν
3120 4891 3454 4960 ποιήσασθαι
3477 4892 3577 4966 τὴν
3617 4893 3923 4964 παράθεσιν

659 4981 904 5051 imponet
926 4980 1106 5036 Aaron
1137 4998 1334 5037 manus
1356 5000 1484 5038 suas
1511 5000 1673 5054 super
1701 4995 1866 5056 caput
1894 4986 2033 5041 hirci
2051 4988 2234 5044 viven-

2340 4982 2452 5040 τῶν
2475 4984 2714 5057 νομικῶν
2748 4985 3096 5058 γραμμάτων
3124 4987 3204 5049 εἰς
3237 4985 3544 5058 ἀνάμνησιν
3572 4989 3686 5051 τοῖς
3715 4988 3930 5058 ἀκροω-

658 5073 750 5138 tis,
787 5083 845 5129 et
876 5073 1231 5130 confitebitur
1261 5091 1425 5146 super
1450 5076 1571 5145 ipso
1590 5091 1782 5131 omnes
1818 5077 2136 5146 iniquitates
2170 5079 2233 5134 ﬁ-

2345 5081 2547 5150 μένοις.
2589 5079 2740 5149 Ἔχει
2778 5080 2837 5132 δὲ
2866 5079 3030 5133 οὕτω·
3088 5100 3106 5130 ι
3144 5080 3255 5134 Καὶ
3282 5079 3545 5154 προσάξει
3581 5080 3673 5134 τὸν
3695 5078 3928 5152 χίμαρον

657 5166 856 5221 liorum
888 5165 1052 5221 Israel
1073 5207 1088 5232 ,
1119 5176 1174 5222 et
1212 5183 1408 5222 omnes
1448 5167 1743 5238 injustitias
1775 5184 1988 5232 eorum,
2033 5180 2086 5224 et
2114 5186 2232 5225 om-

2340 5171 2434 5223 τὸν
2479 5168 2677 5235 ζῶντα,
2719 5172 2814 5225 καὶ
2845 5171 3097 5242 ἐπιθήσει
3144 5171 3358 5245 Ἀαρὼν
3398 5172 3498 5237 τὰς
3529 5175 3722 5243 χεῖρας
3763 5172 3926 5227 αὑτοῦ

659 5261 744 5314 nia
799 5265 1263 5337 peccataueorum
1310 5277 1322 5311 :
1371 5268 1427 5314 et
1481 5260 1724 5330 imponet
1772 5275 1837 5314 ea
1871 5275 2036 5329 super
2071 5273 2234 5333 caput

2340 5263 2432 5316 ἐπὶ
2451 5263 2548 5333 τὴν
2577 5263 2820 5334 κεφαλὴν
2838 5263 2932 5316 τοῦ
2955 5265 3190 5336 χιμάρου
3220 5264 3314 5319 τοῦ
3338 5265 3561 5331 ζῶντος.
3595 5267 3706 5321 Καὶ
3739 5266 3924 5337 ἐξαγο-

659 5309 744 5314 _-__
799 5309 1019 5329 ,μων
1080 5309 1263 5314 ---ν-
1312 5309 1321 5311 -
1377 5309 1424 5314 ν-
1780 5309 1837 5314 -_
1873 5309 2024 5329 --τη
2075 5309 2234 5333 πρ-

658 5351 797 5408 hirci
832 5309 1090 5416 viventi‘s,
1123 5359 1179 5406 et
1212 5352 1425 5408 emittet
1449 5368 1576 5406 eum
1602 5352 1655 5407 in
1685 5367 1848 5406 manu
1890 5351 2129 5409 hominis
2167 5355 2234 5409 ad

2342 5309 2521 5424 pauca:
2539 5356 2628 5408 tn‘
2648 5309 2818 5410 αὐτόῦ
2841 5309 3135 5422 «sagire:-
3149 5309 3657 5431 ἁνομίαὲίτῶνῖυἱῶν
3691 5309 3924 5434 ἰσραιίιλ,

728 5505 743 5536 ¹
787 5505 964 5583 licvit:
993 5525 1110 5583 xw,
1155 5509 1234 5571 15,
1276 5509 1356 5583 ιβ.
1426 5509 1652 5583 _’_H_ebr.
1683 5525 1754 5574 Ix,
1787 5509 1902 5583 l_2._
1951 5510 1971 5540 ³
2006 5509 2169 5563 Hebr.
2200 5526 2231 5564 Χ

2347 5510 2432 5565 1‘2.
2515 5513 2534 5542 ⁸
2568 5512 2769 5582 Ephes.
2804 5529 2858 5578 v,
2899 5513 2948 5579 l,
2974 5513 3026 5568 2.
3104 5515 3125 5546 '
3157 5514 3298 5570 Psal.
3331 5530 3564 5583 Lxxxvn,
3592 5515 3626 5572 5
3736 5516 3757 5547 ⁸
3783 5514 3920 5574 μω.

657 5589 746 5638 xv,
783 5575 866 5628 lO.
946 5579 964 5607 ⁷
993 5579 1092 5633 lsa.
1125 5596 1265 5643 xux,
1294 5579 1344 5630 9.
1423 5580 1443 5610 ⁸
1471 5580 1485 5632 1
1513 5579 1667 5633 Joan.
1706 5596 1765 5642 ll,
1799 5581 1847 5642 1,
1875 5579 1926 5632 2.

1763 5721 1935 5774 Varia:
1958 5720 2223 5776 lectiones
2255 5720 2461 5777 codicis
2494 5721 2855 5792 Seguicriani.

729 5815 757 5857 ιι
787 5808 1129 5880 ἀπεδήμησε.
