4154 6322
249 346 348 405 ῑίό

1621 350 1955 407 EPISTULA
1996 352 2127 409 XLI.

253 461 341 515 καὶ
357 462 538 528 πάσας
558 462 656 526 τὰς
668 461 882 528 ἀδικίας
902 463 1099 519 αὐτῶν⁸
1126 483 1218 520 και
1239 467 1417 532 πάσας
1438 468 1537 533 τὰς
1552 468 1827 541 ἁμαρτίας

1939 471 2037 527 hoc
2052 473 2230 544 parati
2267 475 2324 531 in
2347 474 2704 533 solitudinem
2727 476 2769 529 ³.
2808 493 2825 526 1
2862 474 2991 532 Vide
3032 474 3196 545 igitur
3220 491 3331 544 quo
3356 488 3516 546 pacto

252 552 446 607 αὐτῶν*
467 554 564 609 καὶ
581 554 830 626 ἐπιθήσει
864 553 1032 618 αὐτ-ἀς
1052 556 1144 609 ἐπὶ
1164 557 1263 629 τὴν
1278 559 1521 631 κεφαλὴν
1537 560 1631 613 τοῦ
1655 562 1823 632 χιμά-

256 662 346 712 ρου
376 642 477 704 τοῦ,
498 641 721 708 ζῶντος·
762 646 855 699 καὶ
885 647 1235 712 ἐξαποστελεῖ
1272 652 1331 703 ὲν
1353 650 1497 722 χειρὶ
1536 652 1823 723 ἀνθρώπου

248 732 464 802 ἑτοίμου
496 732 577 794 είς
603 733 702 804 τὴν
723 733 944 805 ἔρημον,
980 752 999 787 1
1042 738 1229 810 ’Δθρει
1250 739 1315 810 δὴ
1329 736 1442 799 οὖν.
1468 741 1611 805 ὅπως
1632 743 1723 796 καί
1742 760 1824 797 τοι

248 824 338 878 τοῦ
379 822 599 896 πρώτου
642 827 940 896 σφαγέντος
972 830 1208 901 χιμάρου
1230 870 1246 894 ,
1287 832 1464 896 ζῶντα
1498 832 1826 905 πλεισταχοῦ

247 912 337 965 τὸν
366 912 559 985 ἕτερον
590 914 864 985 ὀνομάζεν
901 911 968 987 ἦν
998 917 1143 989 γὰρ,
1195 919 1272 983 ὡς
1324 918 1483 991 εφην,
1522 922 1581 974 ἐν
1624 923 1828 992 ἀμφοῖν

246 1005 593 1076 γραφόμενος
622 1002 704 1073 εἷς
735 1009 829 1063 καὶ
873 1008 1033 1081 μόνος
1064 1012 1215 1078 Υἱὸς,
1246 1013 1341 1067 καὶ
1377 1014 1581 1086 Κύριος
1620 1016 1828 1086 Ἰησοῦς

247 1095 506 1167 Χριστὸς,
536 1099 612 1163 ὡς
641 1100 700 1154 ἑν
726 1100 888 1156 πάθει
923 1104 1127 1175 σαρκὸς
1163 1106 1320 1173 ἰδίας,
1351 1107 1446 1163 καὶ
1469 1107 1576 1173 ἔξω
1600 1108 1829 1174 πάθους,

247 1187 325 1250 ὡς
356 1190 418 1243 ἀν
458 1188 673 1262 θανάτῳ
694 1231 708 1256 ,
743 1193 838 1246 καὶ
882 1194 1025 1267 ὑπὲρ
1068 1194 1319 1252 θάνατον.
1360 1198 1494 1271 Ἔξη
1530 1200 1638 1271 γὰρ
1675 1202 1703 1255 6
1734 1200 1827 1255 τοῦ

247 1275 383 1332 Θεοῦ
410 1280 583 1348 Λόγος
611 1281 705 1336 καὶ
728 1284 1031 1354 γευομένης
1056 1284 1284 1341 θανάτου
1311 1287 1410 1359 τῆς
1439 1290 1597 1358 ἁγίας
1629 1290 1829 1361 σαρκὸς

248 1366 436 1432 αὐτοῦ,
466 1369 559 1422 καὶ
591 1371 903 1443 μεμένηκεν
935 1373 1173 1446 ἀπαθὴς,
1211 1378 1304 1431 καί
1330 1396 1413 1432 τοι
1438 1378 1533 1433 τοῦ
1566 1380 1695 1433 ίδίου
1729 1381 1832 1434 σώ-

253 1475 423 1526 ματος
441 1459 503 1512 τό
523 1461 692 1527 πάθος
706 1464 908 1519 οίκειού
917 1482 1097 1537 μενος,
1121 1470 1215 1523 καὶ
1235 1472 1314 1534 είς
1337 1471 1526 1525 ἑαυτὸν
1543 1473 1832 1543 ἀναφέρων

249 1549 403 1603 αὑτό.
434 1549 561 1605 Ἵδοι
586 1551 630 1605 δ’
659 1553 726 1609 ἄν
754 1572 837 1618 τις
872 1556 1031 1611 τοῦτο
1055 1558 1117 1612 16
1147 1559 1283 1629 βαθὺ
1319 1562 1414 1615 καὶ
1440 1563 1601 1632 μὲγαί
1624 1564 1834 1634 μυστή-

254 1656 369 1708 ριον
399 1642 493 1695 καὶ
525 1644 900 1717 ἑτεροτρόπως
934 1647 1068 1723 ἡμῖν
1092 1651 1436 1720 γραφόμενον
1470 1654 1528 1706 ὲν
1560 1652 1638 1723 τῷ
1670 1653 1832 1707 Λευι-

1918 552 2090 619 ctiam
2114 565 2298 635 priore
2326 566 2482 645 hirco
2515 574 2752 621 mactato
2771 607 2785 631 ,
2810 567 3043 620 alterum
3074 566 3307 620 subinde
3331 569 3514 621 vivum

1928 655 2184 723 appellet.
2216 656 2346 711 Erat
2367 658 2539 721 enim,
2572 666 2634 711 ut
2676 658 2789 727 jam
2824 656 2973 719 dixi,
3012 657 3067 709 in
3099 664 3333 725 utroque
3376 673 3521 711 unus

1925 758 1982 799 et
2029 747 2178 802 solus
2224 748 2395 805 Filius
2428 756 2486 805 et
2537 749 2803 803 Dominus
2834 749 2995 804 Jesus
3021 748 3273 802 Christus
3320 749 3516 803 adum-

1926 836 2118 892 bratus
2132 855 2146 904 ;
2162 840 2350 908 utqui,
2367 840 2497 894 licet
2517 840 2820 894 secundum
2838 839 3115 909 propriam
3138 855 3359 894 carnem
3373 849 3519 909 pate-

1930 934 2104 992 retur,
2145 936 2328 984 tamen
2379 940 2532 986 extra
2572 946 2793 986 onmem
2844 931 3158 1000 passionem
3193 939 3400 1002 ageret,
3462 940 3523 985 ut

1930 1021 2096 1075 morti
2134 1021 2439 1093 subjectus,
2484 1032 2541 1078 et
2588 1040 2756 1094 supra
2803 1032 3060 1078 mortem.
3107 1023 3341 1081 Vivebat
3372 1022 3519 1077 enim

1930 1108 2027 1164 Dei
2067 1110 2305 1167 Verbum
2353 1117 2521 1170 etiam
2552 1116 2763 1170 interea
2804 1115 2934 1169 dum
2968 1121 3157 1170 sancta
3201 1114 3351 1168 illius
3392 1128 3521 1167 eam

1931 1211 2163 1257 mortem
2216 1205 2470 1274 gustabat
2501 1224 2512 1260 :
2540 1207 2905 1276 manebatque
2945 1204 3271 1276 impatibile.
3322 1220 3517 1274 quam—

1931 1294 2016 1349 vis
2078 1296 2288 1365 proprii
2345 1299 2596 1368 corporis
2658 1299 2991 1369 passionem
3038 1298 3316 1367 propriam
3358 1295 3413 1349 in
3463 1312 3521 1349 se

1933 1385 2282 1441 transferret.
2340 1388 2539 1443 Videre
2590 1399 2674 1444 est
2712 1399 2896 1444 autem
2951 1404 3211 1458 magnum
3252 1388 3358 1442 hoc
3396 1402 3525 1455 pro-

1933 1476 2273 1547 fundumque
2291 1482 2631 1551 mysterium,
2675 1482 2845 1550 128,
2866 1491 2921 1535 et
2942 1481 3047 1535 alia
3087 1494 3306 1549 quoque
3352 1478 3523 1548 llgura

1935 1569 1991 1622 in
2017 1567 2263 1624 Levitico
2294 1570 2457 1626 nobis
2474 1570 2836 1625 delineatum.
2864 1571 2976 1631 Lex
3003 1570 3153 1625 enim
3180 1585 3279 1635 per
3302 1567 3523 1640 Moysen

1936 1657 2061 1713 data
2086 1660 2363 1729 leprosum
2388 1675 2510 1715 esse
2553 1660 2899 1714 immundum
2937 1659 3280 1729 pronuntiat,
3311 1665 3367 1710 et
3400 1664 3522 1709 tan-

251 1731 411 1802 τικῷ.
459 1734 894 1807 Μεμολυσμόνον
939 1740 1047 1811 γὰρ
1093 1743 1387 1812 ἀποφαίνει
1426 1743 1518 1799 τδν
1570 1744 1769 1817 λεπρδν
1806 1748 1835 1800 ὀ

1939 1765 2099 1819 quam
2135 1751 2405 1820 pollutum
2463 1767 2493 1806 a
2551 1750 2771 1806 castris
2799 1751 3065 1806 excludit.
3089 1749 3246 1817 Quod
3286 1749 3332 1804 si
3375 1764 3535 1804 mor-.

250 1825 337 1880 διὰ
376 1829 659 1896 Μωῦσὲως
710 1833 912 1904 νόμος*
959 1837 1347 1909 ἐκπέμπεσθαι
1393 1841 1451 1897 δὲ
1495 1842 1836 1915 προστέταχε

1942 1840 2074 1895 bum
2104 1819 2323 1897 cessare
2353 1844 2672 1913 contigerit,
2698 1851 2831 1898 tunc
2858 1844 3079 1899 demum
3098 1840 3312 1897 admitti
3345 1840 3526 1911 jubet.

251 1919 348 1987 τῆς
389 1921 745 1993 παρεμϐολῆς
782 1924 859 1990 ὡς
906 1926 1238 1998 ἀκάθαρτον.
1274 1930 1337 1984 Ei
1364 1930 1423 1984 δὲ
1468 1932 1708 2003 συμϐαίη
1733 1950 1842 2003 κα·-⁸

248 2008 572 2080 ταλωφῆσαι
599 2011 659 2065 16
680 2012 872 2079 πάθος.
898 2016 1021 2072 τότε
1052 2017 1140 2091 δὴ,
1167 2018 1291 2074 τότε
1322 2019 1664 2092 παράδεκτον
1685 2023 1839 2091 γενέ-

255 2098 377 2153 σθαι
406 2101 639 2158 κελεύει.
659 2104 769 2159 Καὶ
806 2106 872 2177 δὴ
893 2107 988 2162 καί
1019 2125 1214 2178 φησιν·
1242 2128 1262 2161 ι
1286 2100 1456 2175 Οὗτος
1479 2112 1509 2165 ὀ
1538 2113 1706 2184 νόμος
1738 2114 1836 2170 τοῦ

251 2186 463 2261 λεπροῦ
484 2208 498 2221 °
531 2189 609 2266 *ῌ
636 2194 703 2249 ἂν
723 2196 907 2267 ἡμέρᾳ
925 2197 1255 2270 καθαρισθῇ,
1271 2201 1365 2255 καὶ
1393 2204 1839 2277 προσαχθήσεται

254 2280 394 2352 πρὸς
428 2283 521 2336 τὸν
567 2286 750 2356 ίερὲα·
800 2288 897 2342 καὶ
933 2287 1273 2355 ἐξελεύσεται
1302 2293 1331 2344 6
1374 2292 1556 2364 ίερεὺς
1594 2294 1701 2360 ἔξω
1735 2296 1839 2368 τῆς

192 2446 195 2453 1
254 2370 629 2441 παρεμϐολῆς,
665 2374 759 2429 καὶ
790 2375 981 2446 ὄψεται
1013 2379 1041 2431 6
1072 2379 1273 2449 ἱερεὺς,
1307 2381 1400 2434 καὶ
1456 2381 1566 2436 ἰδοὺ
1612 2385 1758 2440 ίᾶται
1801 2389 1835 2457 ἡ

252 2458 368 2529 ἁφὴ
413 2460 512 2532 τῆς
541 2462 750 2537 λέπρας
795 2465 905 2520 ἀπὸ
950 2467 1046 2522 τοῦ
1098 2468 1303 2541 λεπροῦ
1324 2487 1339 2502 ·
1368 2472 1461 2526 καὶ
1492 2474 1785 2543 προστάξει
1810 2478 1840 2530 6

256 2551 462 2625 ἱερεὺς,
498 2556 594 2609 καὶ
619 2555 881 2629 λήψονται
905 2558 982 2630 τῷ
1006 2561 1405 2634 κεκαθαρμένῳ
1441 2574 1463 2601 τ
1494 2564 1590 2619 δύο
1622 2566 1838 2638 ὀρνίθια

254 2638 437 2697 ζῶντα
462 2643 679 2716 καθαρά
699 2664 713 2678 ·
731 2649 827 2700 καὶ
854 2649 1151 2717 προστάξει
1169 2653 1197 2705 6
1226 2654 1427 2724 ἱερεὺς,
1450 2655 1545 2709 καὶ
1576 2656 1839 2724 σφάξουσι

253 2732 315 2787 1:6
344 2734 580 2807 ὀρνίθιον
603 2738 667 2792 16
700 2739 758 2793 ἓν
790 2743 872 2805 είς
894 2744 1118 2812 ἀγγεῖον
1146 2745 1471 2817 ὀστράκινον
1509 2751 1595 2819 ἐφ’
1627 2758 1649 2786 ⁸
1686 2750 1840 2805 ὕδατι

255 2823 453 2890 ζῶντν
486 2829 579 2882 καὶ
607 2830 669 2884 16
695 2831 931 2903 ὀρνίθιον
956 2834 1018 2888 16
1050 2833 1159 2899 ζῶν
1185 2837 1416 2908 λήψεται
1440 2840 1591 2905 αὐτὸ,
1622 2842 1717 2896 καὶ
1740 2841 1839 2911 βά-

253 2912 347 2983 ψει
381 2917 465 2981 είς
494 2918 555 2972 16
587 2914 724 2992 αἷμα
748 2923 842 2978 τοῦ
864 2924 1100 2995 ὀρνιθίου
1123 2926 1217 2980 τοῦ
1244 2930 1545 3000 σφαγέντος
1569 2931 1655 3001 ἐφ’
1683 2930 1840 2987 ὕδατι

255 3002 453 3070 ζῶντι·
496 3011 593 3065 καὶ
630 3016 954 3086 περιῤῥανεῐ
1005 3018 1100 3072 ἐπὶ
1151 3020 1245 3074 τὸν
1275 3021 1682 3093 καθαρισθὲντα
1730 3025 1842 3079 ἀπὸ

254 3096 355 3168 τῆς
380 3096 589 3172 λέπρας
609 3103 860 3170 ἑπτάκις,
888 3108 981 3161 atat
1011 3109 1248 3180 καθαρὸς
1284 3110 1459 3168 ἔσται.
1499 3115 1611 3168 Καὶ
1642 3114 1839 3181 ἐξαπο-

257 3188 439 3280 σξιλεί
464 3192 528 3247 16
558 3194 792 3267 ὀρνίθων
823 3198 887 3251 16
915 3198 1022 3264 ζῶν
1064 3203 1147 3265 είς
1176 3202 1238 3256 16
1278 3203 1477 3258 πεδίον.
1535 3224 1552 3256 1
1597 3207 1702 3261 Δύο
1737 3208 1837 3280 μὲν

255 3273 369 3379 οὖνΔ
389 3282 469 3379 τά.
490 3285 689 3379 πτηνά,
728 3288 823 3379 καλ.
855 3290 1144 3362 ἀκίϐδηλα,
1188 3295 1438 3348 τουτέστι
1470 3295 1708 3379 καθαρά,
1738 3273 1840 3354 ’καὶ

258 3370 538 3444 μηδεμίαν
565 3375 759 3447 ἔχοντα
789 3378 1063 3452 διαϐολὴν,
1092 3382 1190 3453 τὴν
1219 3384 1330 3439 ἀπὸ
1350 3384 1445 3440 τοῦ
1474 3370 1641 3459 νόμου
1661 3391 1837 3462 φημί·

256 3463 352 3554 καὶ
384 3464 447 3518 16
480 3466 579 3537 μὲν
621 3468 681 3522 ἓν
722 3469 992 3541 ἐσφάζετο
1030 3473 1116 3544 ἐφ’
1146 3475 1303 3529 ὕδατι
1333 3475 1519 3545 ζῶντι,
1565 3480 1695 3549 τόγε
1733 3482 1840 3554 μὴν

253 3551 446 3623 ιτερον
472 3554 578 3621 ἔξω
615 3558 778 3629 μένον
812 3564 1049 3634 σφαγῆς,
1078 3559 1200 3619 εἷτα
1226 3565 1523 3637 βαπτισθὲν
1557 3570 1615 3623 ἐν
1644 3551 1839 3643 τῷήαί·

258 3661 391 3715 ματι
419 3647 516 3702 τοῦ
554 3651 1022 3727 τετελευτηκότος,
1048 3644 1143 3714 καὶ
1166 3659 1253 3731 ἐφ’
1288 3660 1442 3715 ὕδατι
1475 3662 1660 3731 ζῶντι,
1697 3666 1843 3722 κατά

254 3734 347 3791 16v
377 3738 492 3793 ἴσον
536 3741 614 3813 τῷ
648 3747 869 3819 χιμάρῳ
896 3749 1097 3821 τρόπον
1125 3753 1207 3815 είς
1234 3754 1335 3824 τὴν
1360 3753 1568 3826 ἔρημον
1600 3756 1841 3830 ἐξεπέμ-

257 3843 412 3922 ⁸πετο.
458 3830 861 3909 Ύπεμφήνειεν
891 3840 935 3894 δ’
969 3839 1037 3895 ἂν
1086 3842 1116 3895 6
1150 3842 1323 3909 τύπος
1366 3848 1497 3917 ἡμῖν
1539 3850 1643 3903 κάν
1665 3850 1841 3922 τούτῳ

255 3918 321 3993 δὴ
356 3922 522 4014 πάλιν
552 3925 615 4014 16
637 3928 779 3999 μέγα
809 3932 1133 4004 μυστήριον,
1169 3935 1266 3992 καὶ
1297 3938 1495 3993 σεπτὸν
1530 3940 1625 3994 τοῦ
1656 3918 1841 4014 Σωτῆλ

260 4025 352 4084 ρος
380 4012 559 4085 ήμῶν.
585 4012 697 4075 Ἦν
741 4023 843 4093 μὲν
870 4023 979 4096 γὰρ
1021 4025 1253 4097 ἀνωθεν,
1301 4031 1579 4086 τουτέστιν
1641 4035 1707 4087 ἐκ
1739 4012 1839 4089 τοῦ

258 4103 495 4197 Πατρδς.
528 4110 625 4165 καὶ
658 4111 718 4178 ἑξ
764 4115 1010 4188 οὐρανῶν
1053 4118 1082 4172 ὀ
1120 4119 1294 4191 Λόγος
1323 4137 1337 4151 ’
1388 4124 1562 4197 ταύτῃ
1606 4142 1688 4180 τοι
1745 4127 1842 4181 καὶ

262 4196 409 4290 μάλα
444 4200 668 4269 εἰκότως
697 4206 887 4279 πτηνῷ
922 4212 1339 4282 παρεικάζεται.
1379 4196 1842 4290 Καταπεφοίτηκε

256 4286 316 4380 δὲ
370 4291 733 4364 οἰκονομικῶς
774 4298 856 4363 είς
899 4299 1159 4370 ὁμοίωσιν
1201 4303 1301 4376 τὴν
1330 4306 1465 4375 πρὸς
1520 4310 1689 4380 ἡμᾶς,
1747 4286 1844 4363 καὶ

452 4384 645 4441 δούλου
673 4390 923 4462 μορφήνο
956 4391 1094 4465 πλὴν
1119 4394 1216 4449 καὶ
1250 4396 1457 4452 ἀνωθεν
1502 4378 1659 4463 οὗτος
1694 4402 1713 4437 ί
1750 4395 1839 4473 ἦν.

256 4471 372 4564 καὶ
400 4476 535 4543 γοῦν
575 4478 814 4550 ἔφασκεν
842 4486 1109 4559 ἐναργῶς,
1162 4491 1437 4555 Ἰουδαίοις
1479 4471 1839 4564 προσλαλῶν·

262 4580 284 4658 ε
332 4562 525 4658 Ὑμεῖς
559 4571 624 4624 ὲκ
654 4573 763 4627 τῶν
797 4578 948 4631 κάτω
975 4580 1118 4647 ἐστὲ,
1157 4580 1270 4649 ἐγὼ
1299 4584 1364 4637 ὲκ
1396 4582 1506 4639 τῶν
1527 4562 1651 4640 ήᾶνω
1690 4587 1840 4658 είμί·

257 4654 373 4726 ιγὼ
402 4659 504 4713 οὐκ
533 4663 652 4734 είμὶ
696 4668 762 4719 ἐκ
796 4668 893 4723 τοῦ
942 4671 1150 4743 κόσμου
1190 4672 1405 4728 τούτου.
1458 4693 1476 4725 1
1509 4676 1619 4730 Καὶ
1648 4654 1841 4732 πάλιν·

264 4767 284 4801 ι
328 4751 521 4817 Οὐδεὶς
551 4756 891 4832 ἀναϐέϐηκεν
911 4764 991 4827 είς
1020 4765 1113 4818 τὸν
1142 4765 1392 4839 οὐρανὸν,
1424 4768 1473 4821 εί
1500 4769 1576 4841 μὴ
1598 4770 1626 4823 6
1659 4772 1724 4823 ὲκ
1746 4768 1842 4824 τοῦ

255 4840 494 4914 οὐρανοῦ
535 4850 798 4918 καταϐὰς,
849 4855 880 4909 ὀ
915 4855 1041 4921 Υίδς
1068 4856 1162 4910 τοῦ
1191 4857 1503 4929 ἀνθρώπου.
1547 4877 1565 4911 1
1620 4858 1711 4924 Ὠς
1734 4860 1845 4932 γὰρ

260 4932 401 5004 ἔφην
447 4936 671 5007 ἀρτίως,
710 4943 807 4996 καὶ
851 4943 990 5017 σὰρξ
1040 4946 1303 5017 γεγονὼς,
1355 4949 1525 5020 ῆγουν
1561 4950 1767 5015 τέλειος
1816 4963 1840 4990 τι

260 5022 572 5095 ἄνθρωπος,
602 5031 662 5083 οὐ
710 5034 896 5105 γήϊνος
922 5032 992 5106 ἦν
1033 5037 1066 5107 ῆ
1099 5039 1300 5108 χοῖκδς,
1354 5038 1476 5093 καθ’
1507 5042 1678 5111 ἡμᾶς,
1725 5043 1840 5096 ἀλλ’

258 5113 517 5185 οὐράνιός
533 5134 592 5170 τε
614 5119 709 5173 καὶ
724 5121 1118 5196 ὑπερκόσμιος,
1146 5126 1283 5180 καθὸ
1304 5131 1504 5183 νοεῖται
1525 5129 1682 5193 Θεός.
1698 5129 1845 5202 Πλὴν

262 5204 413 5260 ἔστιν
448 5205 577 5261 ίδείν
607 5210 666 5263 ὲν
691 5214 806 5278 τοῖς
833 5216 1095 5286 ὀρνιθίοις
1128 5219 1274 5273 καθὰ
1305 5221 1395 5274 καὶ
1436 5223 1491 5274 ὲν
1516 5224 1627 5286 τοῖς
1676 5224 1846 5293 χιμά-

1937 1933 2007 1988 Ει
2027 1934 2252 2004 quidem
2280 1933 2393 1989 ait:
2427 1954 2444 1985 ι
2466 1932 2581 1988 Lex
2599 1935 2802 2005 leprosi
2841 1935 2921 1991 sic
2960 1934 3160 1989 habet:
3187 1932 3528 2002 Quacunque

1937 2023 2029 2080 die
2052 2026 2354 2083 mundatus
2377 2026 2569 2091 fuerit,
2621 2023 2931 2081 adducetur
2964 2023 3033 2079 ad
3074 2022 3442 2087 sacerdotem,
3470 2027 3532 2077 et

1936 2116 2252 2186 egredietur
2274 2117 2534 2174 sacerdos
2550 2126 2706 2174 extra
2723 2123 2921 2181 castra,
2940 2124 2997 2170 et
3015 2115 3274 2185 inspiciet
3298 2126 3450 2176 eum,
3470 2120 3530 2167 et

1935 2222 2066 2263 ecce
2091 2217 2318 2265 sanatur
2340 2215 2519 2265 tactus
2541 2209 2709 2280 lepra:
2729 2224 2759 2263 a
2779 2208 3022 2278 leproso,
3056 2213 3113 2261 et
3136 2204 3418 2276 praecipiet
3436 2219 3527 2259 sa-

1939 2300 2155 2366 cerdos,
2177 2309 2235 2356 et
2254 2308 2475 2356 sument
2488 2301 2540 2357 ei
2561 2301 2656 2372 qui
2676 2300 3003 2371 purillcatur
3020 2298 3159 2354 duos
3175 2312 3427 2368 passeres
3441 2295 3527 2353 vi-

1936 2404 2036 2445 vos
2050 2390 2309 2456 mundos;
2326 2398 2383 2446 et
2401 2391 2684 2461 praecipiet
2700 2389 2979 2454 sacerdos,
2993 2398 3050 2445 et
3070 2403 3242 2443 unum
3261 2403 3328 2443 ex
3344 2402 3531 2457 passe-

1938 2481 2095 2537 ribus
2113 2481 2479 2537 immolabunt
2501 2482 2559 2535 in
2582 2497 2713 2536 vase
2735 2480 2890 2535 ﬁctili
2918 2495 3084 2549 super
3105 2494 3303 2551 aquam
3331 2478 3527 2533 viven-

1940 2578 2088 2636 tem;
2114 2572 2349 2627 alterum
2374 2578 2559 2626 autem
2590 2571 2778 2624 vivum
2805 2579 3007 2635 sumet,
3028 2585 3092 2624 ac
3125 2571 3295 2640 tinget
3322 2569 3379 2622 in
3398 2583 3533 2623 san~

1938 2679 2006 2734 gu
2014 2663 2103 2717 ine
2117 2664 2359 2732 passeris
2372 2661 2640 2717 immolati
2657 2677 2824 2732 super
2838 2677 3036 2732 aquam
3048 2662 3251 2726 vivam;
3270 2669 3326 2717 et
3343 2675 3472 2730 aspc
3481 2674 3530 2712 r-

1938 2762 2030 2826 get
2058 2754 2212 2809 illum
2237 2755 2332 2824 qui
2364 2754 2663 2810 mundatus
2686 2763 2772 2810 est
2795 2771 2826 2809 a
2852 2755 3024 2824 lepra,
3055 2754 3277 2824 septies,
3296 2761 3529 2807 etmun-

1941 2846 2045 2900 dus
2071 2846 2197 2901 erit.
2218 2845 2288 2901 Et
2311 2845 2552 2901 dimittet
2580 2861 2857 2916 passerem
2898 2846 3083 2901 vivum
3115 2846 3171 2900 in
3197 2860 3387 2915 agrum
3412 2845 3475 2896 ιο.
3505 2864 3523 2896 1

1940 2936 2072 2991 Duas
2097 2936 2279 3007 itaque
2314 2944 2443 2992 sunt
2478 2936 2709 2992 aviculae
2750 2935 3059 3007 inculpata,
3101 2936 3207 2991 hoc
3239 2945 3325 2991 est
3367 2952 3530 2992 mun-

1941 3027 2043 3093 dae,
2075 3029 2398 3099 nullumque
2442 3028 2709 3084 habentes
2773 3027 3287 3099 reprehendendum
3334 3027 3535 3083 vitium

1940 3120 2114 3188 juxta,
2141 3118 2391 3190 inquam,
2430 3120 2569 3191 legis
2606 3130 2845 3188 statuta;
2873 3131 2929 3176 et
2958 3122 3132 3176 altera
3158 3120 3384 3191 quidem
3410 3136 3529 3176 ma-

1944 3212 2198 3267 ctabatur
2228 3227 2395 3282 super
2417 3227 2612 3282 aquam
2640 3214 2841 3276 vivam,
2872 3214 3045 3267 altera
3066 3227 3202 3266 vero
3233 3227 3264 3266 a
3289 3210 3437 3267 caede
3461 3212 3531 3267 li-

1942 3303 2096 3369 bera,
2126 3302 2329 3359 deinde
2368 3304 2539 3360 tincta
2586 3306 2851 3375 sanguine
2901 3321 3068 3373 super
3112 3320 3310 3374 aquam
3348 3303 3530 3359 vivam

1942 3395 2157 3461 occisae,
2184 3395 2253 3451 ad
2276 3397 2590 3467 exemplum
2622 3396 2764 3451 hirci
2807 3396 2863 3451 in
2891 3397 3248 3451 solitudinem
3282 3395 3529 3451 dimitte-

1942 3487 2120 3543 batur.
2151 3490 2219 3545 Et
2245 3490 2337 3546 hic
2372 3506 2595 3545 rursum
2623 3499 2784 3562 typus
2812 3504 3069 3560 magnum
3099 3488 3234 3544 illud
3259 3503 3534 3542 veneran-

1943 3580 2185 3651 dumque
2212 3581 2511 3637 Salvatoris
2540 3582 2717 3638 nostri
2758 3583 3082 3655 mysterium
3108 3580 3274 3636 nobis
3301 3579 3527 3635 indicat.

1945 3672 2182 3727 Venerat
2201 3673 2350 3727 enim
2374 3674 2617 3730 Verbum
2632 3690 2663 3729 e
2682 3674 3071 3745 supernis,hoe
3087 3681 3191 3739 est,
3207 3689 3277 3728 ex
3294 3673 3462 3728 Patre
3475 3680 3534 3727 et

1943 3778 1975 3817 e
2000 3762 2177 3817 caelo:
2211 3778 2384 3833 quare
2416 3773 2567 3819 recte
2601 3764 2897 3819 admodum
2918 3764 3129 3819 volucri
3156 3770 3528 3833 comparatur.

1945 3855 2242 3911 Descendit
2263 3863 2447 3911 autem
2476 3871 2575 3927 per
2597 3856 2781 3911 carnis
2824 3855 3293 3926 dispensationem
3325 3853 3393 3909 ad
3432 3870 3534 3908 no.

1945 3956 2116 4004 stram
2169 3946 2611 4013 similitudinem,
2669 3955 2725 4003 et
2755 3947 2986 4002 formam
3035 3946 3179 4001 servi
3214 3945 3527 4016 accepit":

1946 4049 2328 4095 verumtamen
2379 4048 2435 4095 et
2463 4039 2570 4095 hoc
2597 4054 2820 4110 quoque
2857 4047 3021 4108 pacto
3052 4054 3082 4093 e
3124 4037 3380 4108 supernis
3423 4046 3528 4091 est.

1947 4131 2158 4186 Diserte
2187 4146 2423 4201 namque
2448 4130 2517 4186 ad
2537 4130 2757 4187 Iudaeos
2788 4114 2927 4185 dixit
2952 4149 2964 4182 :
2995 4149 3011 4178 ι
3036 4130 3145 4183 Vos
3173 4128 3241 4182 de
3270 4127 3531 4182 deorsum

1945 4223 2097 4288 estis,
2125 4238 2228 4293 ego
2247 4223 2314 4277 de
2336 4221 2592 4293 supernis
2626 4236 2778 4286 sum;
2802 4236 2899 4276 vos
2928 4221 2996 4274 de
3016 4218 3224 4274 mundo
3244 4219 3351 4273 hoc
3374 4218 3531 4303 estis,

1943 4329 2044 4385 ego
2066 4330 2176 4370 non
2205 4330 2325 4369 sum
2384 4313 2453 4369 de
2478 4314 2586 4369 hoc
2631 4312 2837 4368 mundo
2867 4314 2929 4367 ".
2953 4332 2970 4363 1
3015 4313 3081 4367 Et
3112 4313 3343 4366 iterum:
3378 4329 3395 4361 ‹
3420 4310 3530 4365 Ne-

1945 4423 2037 4461 mo
2060 4407 2309 4462 ascendit
2331 4406 2388 4460 in
2411 4406 2613 4462 cmlum
2638 4406 2747 4461 nisi
2792 4405 2885 4475 qui
2914 4402 3204 4459 descendit
3250 4401 3321 4457 de
3366 4401 3531 4467 cmlo,

1946 4497 2121 4551 Filius
2179 4496 2423 4552 hominis
2455 4496 2519 4549 ¹³.
2547 4515 2564 4547 1
2624 4495 2779 4551 Sicut
2816 4495 2965 4549 enim
3024 4493 3189 4565 paulo
3231 4501 3359 4546 ante
3393 4490 3530 4555 dixi,

1946 4590 2113 4644 etiam
2147 4597 2507 4659 posteaquam
2555 4602 2703 4654 caro,
2757 4588 2864 4642 hoc
2892 4596 2999 4651 est,
3045 4585 3322 4656 perfectus
3365 4581 3532 4637 homo

1944 4678 2122 4733 factus
2147 4686 2252 4743 est,
2293 4693 2407 4733 non
2447 4679 2701 4733 terrentis
2733 4685 2875 4742 erat,
2930 4685 3028 4731 aut
3063 4691 3093 4730 e
3117 4676 3345 4747 pulvere
3389 4673 3535 4728 sicut

1946 4784 2068 4834 nos,
2117 4768 2215 4824 sed
2260 4769 2505 4825 ccelestis
2565 4784 2631 4824 ac
2698 4768 3200 4840 supermundanus,
3260 4772 3536 4836 quatenus

1948 4862 2132 4917 animo
2153 4862 2465 4932 concipitur
2500 4871 2563 4917 ut
2590 4862 2755 4917 Deus.
2802 4862 3075 4917 Caeterum
3107 4857 3255 4930 quod
3294 4866 3422 4911 ante
3448 4857 3533 4910 vi-

1948 4967 2071 5006 sum
2094 4960 2180 5006 est
2208 4951 2265 5006 in
2291 4950 2482 5017 hircis,
2519 4952 2626 5007 hoc
2650 4951 2833 5021 ipsum
2858 4961 2913 5005 et
2942 4951 2996 5004 in
3037 4947 3353 5020 passeribus
3398 4945 3537 5016 ipsis

1947 5043 2240 5097 observare
2267 5043 2417 5108 licet,
2446 5043 2689 5099 Verbum
2708 5058 2874 5098 carne
2904 5041 3126 5112 quidem
3152 5053 3375 5111 passum
3410 5052 3535 5092 esse
3564 5030 3567 5031 ⁷

1942 5134 2246 5189 secundum
2260 5133 2574 5205 Scripturas
2588 5176 2603 5200 ,
2631 5135 2726 5190 sed
2758 5144 2942 5190 tamen
2964 5133 3160 5204 quavis
3176 5129 3535 5202 perpessione

1946 5226 2121 5297 majus
2148 5226 2428 5282 exstitisse
2470 5246 2484 5280 :
2518 5236 2575 5282 et
2616 5227 2942 5281 humanitus
2962 5223 3189 5295 quidem
3227 5228 3530 5278 mortuum.

262 5316 403 5367 ροις,
439 5303 604 5374 σαρκὶ
622 5306 723 5375 μὲν
744 5308 1007 5374 παθόντα,
1029 5313 1169 5366 κατὰ
1192 5313 1292 5377 τάς
1319 5315 1561 5386 Γραφάς,
1591 5317 1837 5386 μείναντα

1946 5317 2213 5372 divinitus
2250 5333 2385 5373 vero
2416 5319 2602 5373 vivum
2644 5318 3051 5389 permansisse:
3095 5312 3339 5370 Verbum
3374 5324 3531 5363 nam-

258 5389 319 5444 δὲ
367 5393 462 5447 καὶ
496 5394 756 5453 ἐπέκεινα
788 5396 1109 5456 τοῦπαθείν
1130 5422 1142 5433 ·
1175 5405 1271 5459 καὶ
1303 5405 1720 5477 ἀποθνήσκοντα
1751 5412 1837 5479 μὲι

1947 5426 2055 5479 que
2084 5408 2196 5483 vita
2216 5420 2336 5465 erat
2374 5411 2439 5463 “.
2466 5410 2645 5477 Quare
2672 5422 2727 5465 ct
2761 5409 3203 5479 sapientissimus
3224 5405 3534 5473 discipulus

334 5509 564 5585 ’_Levit.
609 5486 720 5581 xvi,
751 5517 839 5585 20,
874 5520 963 5575 2|.

266 5583 310 5611 Η
334 5522 565 5611 'Ltevit:
609 5530 720 5611 alvu,
751 5522 839 5585 20,
874 5522 963 5575 2|.
1081 5525 1122 5554 ¹⁰
1156 5522 1328 5577 Levit.
1360 5541 1468 5588 τιν,
1529 5526 1641 5579 2-7.

340 5580 498 5637 Joan.
548 5598 589 5646 ι,
620 5585 673 5649 4.

1761 5530 1797 5559 ¹¹
1836 5529 2071 5599 Philipp.
2102 5546 2161 5594 ιι,
2192 5529 2246 5593 6,
2275 5530 2326 5584 7.

2444 5530 2485 5561 "
2521 5530 2676 5587 Joan.
2720 5545 2831 5591 vui,
2858 5530 2947 5583 εδ.
3066 5527 3109 5557 ⁸³
3144 5524 3300 5579 Joan.
3333 5535 3409 5586 ιιι,
3448 5519 3529 5573 l3.

1372 5665 1539 5720 Varia:
1569 5667 1830 5722 iCCllUHl‘S
1865 5671 2068 5724 endicis
2103 5668 2465 5739 chnicriani.

342 5772 864 5845 ’κεκαθαρισμενιικ
935 5779 953 5801 ⁸
1161 5778 1396 5842 πρώτως.
1477 5793 1499 5820 υ
1533 5780 1768 5835 τελείως.

3408 361 3526 420 sit
3614 340 3621 363 δ
