  <div class='ocr_page' id='page_1' title='image "/cluster/home/n/w/nwhite01/storage/ocr_20150623/77/pst.000004029045/115.png"; bbox 0 0 4154 6322; ppageno 0'>
   <div class='ocr_carea' id='block_1_1' title="bbox 613 350 719 409">
    <p class='ocr_par' dir='ltr' id='par_1_1' title="bbox 613 350 719 409">
     <span class='ocr_line' id='line_1_1' title="bbox 613 350 719 409; baseline -0.019 0"><span class='ocrx_word' id='word_1_1' title='bbox 613 350 719 409; x_wconf 69' lang='grc'><strong>215</strong></span> 
     </span>
    </p>
   </div>
   <div class='ocr_carea' id='block_1_2' title="bbox 1625 351 2854 410">
    <p class='ocr_par' dir='ltr' id='par_1_2' title="bbox 1625 351 2854 410">
     <span class='ocr_line' id='line_1_2' title="bbox 1625 351 2854 410; baseline -0.001 -3"><span class='ocrx_word' id='word_1_2' title='bbox 1625 353 1681 407; x_wconf 85' lang='lat' dir='ltr'><strong>S.</strong></span> <span class='ocrx_word' id='word_1_3' title='bbox 1721 351 1998 410; x_wconf 70' lang='lat' dir='ltr'><strong>CYRILLI</strong></span> <span class='ocrx_word' id='word_1_4' title='bbox 2035 351 2506 408; x_wconf 70' lang='lat' dir='ltr'><strong>ALEXANDle</strong></span> <span class='ocrx_word' id='word_1_5' title='bbox 2534 353 2854 409; x_wconf 75' lang='lat' dir='ltr'><strong>ARCHIEP.</strong></span> 
     </span>
    </p>
   </div>
   <div class='ocr_carea' id='block_1_3' title="bbox 3771 352 3878 412">
    <p class='ocr_par' dir='ltr' id='par_1_3' title="bbox 3771 352 3878 412">
     <span class='ocr_line' id='line_1_3' title="bbox 3771 352 3878 412; baseline -0.019 0"><span class='ocrx_word' id='word_1_6' title='bbox 3771 352 3878 412; x_wconf 73' lang='grc'><strong>218</strong></span> 
     </span>
    </p>
   </div>
   <div class='ocr_carea' id='block_1_4' title="bbox 615 465 2182 545">
    <p class='ocr_par' dir='ltr' id='par_1_4' title="bbox 615 465 2182 538">
     <span class='ocr_line' id='line_1_4' title="bbox 615 465 2182 538; baseline 0.001 -16"><span class='ocrx_word' id='word_1_7' title='bbox 615 466 708 522; x_wconf 81' lang='lat' dir='ltr'><strong>ille</strong></span> <span class='ocrx_word' id='word_1_8' title='bbox 754 481 918 522; x_wconf 87' lang='lat' dir='ltr'><strong>carne</strong></span> <span class='ocrx_word' id='word_1_9' title='bbox 940 465 1165 538; x_wconf 85' lang='lat' dir='ltr'><strong>quidem</strong></span> <span class='ocrx_word' id='word_1_10' title='bbox 1219 467 1608 525; x_wconf 75' lang='lat' dir='ltr'><strong>mortiﬁcatum</strong></span> <span class='ocrx_word' id='word_1_11' title='bbox 1648 469 1805 536; x_wconf 87' lang='lat' dir='ltr'><strong>dicit,</strong></span> <span class='ocrx_word' id='word_1_12' title='bbox 1855 469 2182 526; x_wconf 80' lang='lat' dir='ltr'><strong>viviﬁcatum</strong></span> 
     </span>
    </p>
   </div>
   <div class='ocr_carea' id='block_1_5' title="bbox 2284 465 3877 545">
    <p class='ocr_par' dir='ltr' id='par_1_5' title="bbox 2296 469 3877 545">
     <span class='ocr_line' id='line_1_5' title="bbox 2296 469 3877 545; baseline 0.004 -22"><span class='ocrx_word' id='word_1_13' title='bbox 2296 469 2673 542; x_wconf 89' lang='grc' dir='ltr'>ἀνθρωπίνως,</span> <span class='ocrx_word' id='word_1_14' title='bbox 2709 470 2892 535; x_wconf 77' lang='grc' dir='ltr'>ζῶντα</span> <span class='ocrx_word' id='word_1_15' title='bbox 2917 470 2974 523; x_wconf 70' lang='grc' dir='ltr'>δὲ</span> <span class='ocrx_word' id='word_1_16' title='bbox 3001 469 3200 534; x_wconf 86' lang='grc' dir='ltr'>θεῖκῶς</span> <span class='ocrx_word' id='word_1_17' title='bbox 3217 485 3230 499; x_wconf 71' lang='grc' dir='ltr'><strong>ο</strong></span> <span class='ocrx_word' id='word_1_18' title='bbox 3264 470 3376 543; x_wconf 78' lang='grc' dir='ltr'><strong>ζωὴ</strong></span> <span class='ocrx_word' id='word_1_19' title='bbox 3399 470 3508 544; x_wconf 78' lang='grc' dir='ltr'><strong>γάρ</strong></span> <span class='ocrx_word' id='word_1_20' title='bbox 3535 471 3565 525; x_wconf 88' lang='lat'><strong>6</strong></span> <span class='ocrx_word' id='word_1_21' title='bbox 3587 470 3761 540; x_wconf 74' lang='grc' dir='ltr'>Λόγος</span> <span class='ocrx_word' id='word_1_22' title='bbox 3785 469 3877 545; x_wconf 76' lang='grc' dir='ltr'>ἦν.</span> 
     </span>
    </p>
   </div>
   <div class='ocr_carea' id='block_1_6' title="bbox 616 559 2193 632">
    <p class='ocr_par' dir='ltr' id='par_1_6' title="bbox 616 559 2193 632">
     <span class='ocr_line' id='line_1_6' title="bbox 616 559 2193 632; baseline 0.004 -21"><span class='ocrx_word' id='word_1_23' title='bbox 616 567 797 612; x_wconf 81' lang='lat' dir='ltr'><strong>autem</strong></span> <span class='ocrx_word' id='word_1_24' title='bbox 823 559 1020 628; x_wconf 85' lang='lat' dir='ltr'><strong>spiritu</strong></span> <span class='ocrx_word' id='word_1_25' title='bbox 1056 560 1120 615; x_wconf 82' lang='lat'><strong>“.</strong></span> <span class='ocrx_word' id='word_1_26' title='bbox 1149 561 1310 632; x_wconf 74' lang='lat'><strong>129</strong></span> <span class='ocrx_word' id='word_1_27' title='bbox 1329 561 1531 616; x_wconf 78' lang='lat' dir='ltr'><strong>Verum</strong></span> <span class='ocrx_word' id='word_1_28' title='bbox 1571 562 1720 617; x_wconf 91' lang='lat' dir='ltr'><strong>enim</strong></span> <span class='ocrx_word' id='word_1_29' title='bbox 1743 579 1879 618; x_wconf 85' lang='lat' dir='ltr'><strong>vero</strong></span> <span class='ocrx_word' id='word_1_30' title='bbox 1899 563 2030 618; x_wconf 89' lang='lat' dir='ltr'><strong>licet</strong></span> <span class='ocrx_word' id='word_1_31' title='bbox 2056 563 2193 617; x_wconf 85' lang='lat' dir='ltr'><strong>Ver-</strong></span> 
     </span>
    </p>
   </div>
   <div class='ocr_carea' id='block_1_7' title="bbox 617 649 2196 727">
    <p class='ocr_par' dir='ltr' id='par_1_7' title="bbox 617 649 2196 727">
     <span class='ocr_line' id='line_1_7' title="bbox 617 649 2196 727; baseline 0.005 -25"><span class='ocrx_word' id='word_1_32' title='bbox 617 649 747 705; x_wconf 84' lang='lat' dir='ltr'><strong>bum</strong></span> <span class='ocrx_word' id='word_1_33' title='bbox 777 651 1082 706; x_wconf 89' lang='lat' dir='ltr'><strong>secundum</strong></span> <span class='ocrx_word' id='word_1_34' title='bbox 1131 655 1411 724; x_wconf 90' lang='lat' dir='ltr'><strong>pr0priam</strong></span> <span class='ocrx_word' id='word_1_35' title='bbox 1461 664 1712 710; x_wconf 88' lang='lat' dir='ltr'><strong>naturam</strong></span> <span class='ocrx_word' id='word_1_36' title='bbox 1754 656 1949 710; x_wconf 91' lang='lat' dir='ltr'><strong>mortis</strong></span> <span class='ocrx_word' id='word_1_37' title='bbox 1998 671 2196 727; x_wconf 82' lang='lat' dir='ltr'><strong>expers</strong></span> 
     </span>
    </p>
   </div>
   <div class='ocr_carea' id='block_1_8' title="bbox 615 742 2195 816">
    <p class='ocr_par' dir='ltr' id='par_1_8' title="bbox 615 742 2195 816">
     <span class='ocr_line' id='line_1_8' title="bbox 615 742 2195 816; baseline 0.005 -23"><span class='ocrx_word' id='word_1_38' title='bbox 615 742 1004 808; x_wconf 77' lang='lat' dir='ltr'><strong>permanserit,</strong></span> <span class='ocrx_word' id='word_1_39' title='bbox 1030 751 1084 795; x_wconf 92' lang='lat' dir='ltr'><strong>at</strong></span> <span class='ocrx_word' id='word_1_40' title='bbox 1106 757 1217 797; x_wconf 73' lang='lat' dir='ltr'><strong>suae</strong></span> <span class='ocrx_word' id='word_1_41' title='bbox 1249 752 1428 800; x_wconf 91' lang='lat' dir='ltr'><strong>tamen</strong></span> <span class='ocrx_word' id='word_1_42' title='bbox 1455 745 1658 810; x_wconf 90' lang='lat' dir='ltr'><strong>carnis,</strong></span> <span class='ocrx_word' id='word_1_43' title='bbox 1684 753 1746 798; x_wconf 93' lang='lat' dir='ltr'><strong>ut</strong></span> <span class='ocrx_word' id='word_1_44' title='bbox 1773 747 1885 816; x_wconf 87' lang='lat' dir='ltr'><strong>jam</strong></span> <span class='ocrx_word' id='word_1_45' title='bbox 1912 745 2044 810; x_wconf 84' lang='lat' dir='ltr'><strong>dixi,</strong></span> <span class='ocrx_word' id='word_1_46' title='bbox 2073 761 2195 816; x_wconf 88' lang='lat' dir='ltr'><strong>pas-</strong></span> 
     </span>
    </p>
   </div>
   <div class='ocr_carea' id='block_1_9' title="bbox 616 833 2193 908">
    <p class='ocr_par' dir='ltr' id='par_1_9' title="bbox 616 833 2193 908">
     <span class='ocr_line' id='line_1_9' title="bbox 616 833 2193 908; baseline 0.003 -21"><span class='ocrx_word' id='word_1_47' title='bbox 616 834 802 887; x_wconf 78' lang='lat' dir='ltr'><strong>siones</strong></span> <span class='ocrx_word' id='word_1_48' title='bbox 833 833 1000 888; x_wconf 85' lang='lat' dir='ltr'><strong>veluti</strong></span> <span class='ocrx_word' id='word_1_49' title='bbox 1028 833 1274 904; x_wconf 89' lang='lat' dir='ltr'><strong>proprias</strong></span> <span class='ocrx_word' id='word_1_50' title='bbox 1303 835 1357 890; x_wconf 90' lang='lat' dir='ltr'><strong>in</strong></span> <span class='ocrx_word' id='word_1_51' title='bbox 1405 851 1462 890; x_wconf 90' lang='lat' dir='ltr'><strong>se</strong></span> <span class='ocrx_word' id='word_1_52' title='bbox 1519 838 1816 893; x_wconf 90' lang='lat' dir='ltr'><strong>transtulit.</strong></span> <span class='ocrx_word' id='word_1_53' title='bbox 1857 837 2193 908; x_wconf 86' lang='lat' dir='ltr'><strong>Tingebatur</strong></span> 
     </span>
    </p>
   </div>
   <div class='ocr_carea' id='block_1_10' title="bbox 614 923 2192 1000">
    <p class='ocr_par' dir='ltr' id='par_1_10' title="bbox 614 923 2192 1000">
     <span class='ocr_line' id='line_1_10' title="bbox 614 923 2192 1000; baseline 0.006 -24"><span class='ocrx_word' id='word_1_54' title='bbox 614 923 762 976; x_wconf 88' lang='lat' dir='ltr'><strong>cnim</strong></span> <span class='ocrx_word' id='word_1_55' title='bbox 800 938 989 992; x_wconf 86' lang='lat' dir='ltr'><strong>passer</strong></span> <span class='ocrx_word' id='word_1_56' title='bbox 1013 923 1171 978; x_wconf 86' lang='lat' dir='ltr'><strong>vivus</strong></span> <span class='ocrx_word' id='word_1_57' title='bbox 1205 925 1261 978; x_wconf 91' lang='lat' dir='ltr'><strong>in</strong></span> <span class='ocrx_word' id='word_1_58' title='bbox 1307 927 1571 997; x_wconf 76' lang='lat' dir='ltr'><strong>sanguine</strong></span> <span class='ocrx_word' id='word_1_59' title='bbox 1597 929 1798 983; x_wconf 89' lang='lat' dir='ltr'><strong>occisi:</strong></span> <span class='ocrx_word' id='word_1_60' title='bbox 1830 939 1886 984; x_wconf 92' lang='lat' dir='ltr'><strong>et</strong></span> <span class='ocrx_word' id='word_1_61' title='bbox 1929 929 2192 1000; x_wconf 75' lang='lat' dir='ltr'><strong>sanguine</strong></span> 
     </span>
    </p>
   </div>
   <div class='ocr_carea' id='block_1_11' title="bbox 615 1015 2191 1091">
    <p class='ocr_par' dir='ltr' id='par_1_11' title="bbox 615 1015 2191 1091">
     <span class='ocr_line' id='line_1_11' title="bbox 615 1015 2191 1091; baseline 0.004 -22"><span class='ocrx_word' id='word_1_62' title='bbox 615 1015 840 1086; x_wconf 85' lang='lat' dir='ltr'><strong>quidem</strong></span> <span class='ocrx_word' id='word_1_63' title='bbox 875 1015 1024 1070; x_wconf 85' lang='lat' dir='ltr'><strong>illius</strong></span> <span class='ocrx_word' id='word_1_64' title='bbox 1075 1025 1414 1082; x_wconf 89' lang='lat' dir='ltr'><strong>cruentatus,</strong></span> <span class='ocrx_word' id='word_1_65' title='bbox 1469 1019 1850 1090; x_wconf 88' lang='lat' dir='ltr'><strong>passionisque</strong></span> <span class='ocrx_word' id='word_1_66' title='bbox 1899 1036 2191 1091; x_wconf 81' lang='lat' dir='ltr'><strong>propemo-</strong></span> 
     </span>
    </p>
   </div>
   <div class='ocr_carea' id='block_1_12' title="bbox 614 1105 2192 1179">
    <p class='ocr_par' dir='ltr' id='par_1_12' title="bbox 614 1105 2192 1179">
     <span class='ocr_line' id='line_1_12' title="bbox 614 1105 2192 1179; baseline 0.004 -17"><span class='ocrx_word' id='word_1_67' title='bbox 614 1105 745 1162; x_wconf 87' lang='lat' dir='ltr'><strong>dum</strong></span> <span class='ocrx_word' id='word_1_68' title='bbox 769 1109 1060 1179; x_wconf 83' lang='lat' dir='ltr'><strong>particeps,</strong></span> <span class='ocrx_word' id='word_1_69' title='bbox 1093 1109 1146 1163; x_wconf 92' lang='lat' dir='ltr'><strong>in</strong></span> <span class='ocrx_word' id='word_1_70' title='bbox 1169 1110 1520 1166; x_wconf 81' lang='lat' dir='ltr'><strong>solitudinem</strong></span> <span class='ocrx_word' id='word_1_71' title='bbox 1546 1112 1949 1168; x_wconf 85' lang='lat' dir='ltr'><strong>dimittebatur.</strong></span> <span class='ocrx_word' id='word_1_72' title='bbox 1971 1113 2053 1168; x_wconf 80' lang='lat' dir='ltr'><strong>Ad</strong></span> <span class='ocrx_word' id='word_1_73' title='bbox 2077 1128 2192 1169; x_wconf 76' lang='lat' dir='ltr'><strong>cce-</strong></span> 
     </span>
    </p>
   </div>
   <div class='ocr_carea' id='block_1_13' title="bbox 613 1197 2192 1270">
    <p class='ocr_par' dir='ltr' id='par_1_13' title="bbox 613 1197 2192 1270">
     <span class='ocr_line' id='line_1_13' title="bbox 613 1197 2192 1270; baseline 0.003 -16"><span class='ocrx_word' id='word_1_74' title='bbox 613 1197 728 1254; x_wconf 85' lang='lat' dir='ltr'><strong>lum</strong></span> <span class='ocrx_word' id='word_1_75' title='bbox 749 1199 896 1253; x_wconf 90' lang='lat' dir='ltr'><strong>enim</strong></span> <span class='ocrx_word' id='word_1_76' title='bbox 927 1200 1270 1270; x_wconf 78' lang='lat' dir='ltr'><strong>unigenitum</strong></span> <span class='ocrx_word' id='word_1_77' title='bbox 1299 1201 1395 1255; x_wconf 89' lang='lat' dir='ltr'><strong>Dei</strong></span> <span class='ocrx_word' id='word_1_78' title='bbox 1428 1201 1668 1257; x_wconf 79' lang='lat' dir='ltr'><strong>Verbum</strong></span> <span class='ocrx_word' id='word_1_79' title='bbox 1701 1220 1810 1258; x_wconf 89' lang='lat' dir='ltr'><strong>una</strong></span> <span class='ocrx_word' id='word_1_80' title='bbox 1857 1220 1982 1258; x_wconf 91' lang='lat' dir='ltr'><strong>cum</strong></span> <span class='ocrx_word' id='word_1_81' title='bbox 2027 1217 2192 1258; x_wconf 86' lang='lat' dir='ltr'><strong>carne</strong></span> 
     </span>
    </p>
   </div>
   <div class='ocr_carea' id='block_1_14' title="bbox 613 1291 2193 1368">
    <p class='ocr_par' dir='ltr' id='par_1_14' title="bbox 613 1291 2193 1368">
     <span class='ocr_line' id='line_1_14' title="bbox 613 1291 2193 1368; baseline 0.006 -24"><span class='ocrx_word' id='word_1_82' title='bbox 613 1291 722 1345; x_wconf 88' lang='lat' dir='ltr'><strong>sibi</strong></span> <span class='ocrx_word' id='word_1_83' title='bbox 755 1292 904 1346; x_wconf 82' lang='lat' dir='ltr'><strong>unita</strong></span> <span class='ocrx_word' id='word_1_84' title='bbox 936 1293 1102 1358; x_wconf 89' lang='lat' dir='ltr'><strong>abiit;</strong></span> <span class='ocrx_word' id='word_1_85' title='bbox 1130 1302 1356 1363; x_wconf 86' lang='lat' dir='ltr'><strong>eratque</strong></span> <span class='ocrx_word' id='word_1_86' title='bbox 1400 1311 1604 1350; x_wconf 84' lang='lat' dir='ltr'><strong>novum</strong></span> <span class='ocrx_word' id='word_1_87' title='bbox 1639 1297 1827 1352; x_wconf 85' lang='lat' dir='ltr'><strong>hocin</strong></span> <span class='ocrx_word' id='word_1_88' title='bbox 1875 1297 2030 1354; x_wconf 64' lang='lat' dir='ltr'><strong>caelis</strong></span> <span class='ocrx_word' id='word_1_89' title='bbox 2065 1314 2193 1368; x_wconf 80' lang='lat' dir='ltr'><strong>spe-</strong></span> 
     </span>
    </p>
   </div>
   <div class='ocr_carea' id='block_1_15' title="bbox 613 1383 2190 1462">
    <p class='ocr_par' dir='ltr' id='par_1_15' title="bbox 613 1383 2190 1462">
     <span class='ocr_line' id='line_1_15' title="bbox 613 1383 2190 1462; baseline 0.006 -26"><span class='ocrx_word' id='word_1_90' title='bbox 613 1383 908 1438; x_wconf 87' lang='lat' dir='ltr'><strong>ctaculum.</strong></span> <span class='ocrx_word' id='word_1_91' title='bbox 959 1383 1257 1456; x_wconf 88' lang='lat' dir='ltr'><strong>Obstupuit</strong></span> <span class='ocrx_word' id='word_1_92' title='bbox 1301 1387 1448 1442; x_wconf 90' lang='lat' dir='ltr'><strong>enim</strong></span> <span class='ocrx_word' id='word_1_93' title='bbox 1501 1399 1817 1445; x_wconf 88' lang='lat' dir='ltr'><strong>sanctorum</strong></span> <span class='ocrx_word' id='word_1_94' title='bbox 1872 1391 2190 1462; x_wconf 76' lang='lat' dir='ltr'><strong>angelorum</strong></span> 
     </span>
    </p>
   </div>
   <div class='ocr_carea' id='block_1_16' title="bbox 611 1474 2189 1553">
    <p class='ocr_par' dir='ltr' id='par_1_16' title="bbox 611 1474 2189 1553">
     <span class='ocr_line' id='line_1_16' title="bbox 611 1474 2189 1553; baseline 0.006 -25"><span class='ocrx_word' id='word_1_95' title='bbox 611 1474 932 1540; x_wconf 83' lang='lat' dir='ltr'><strong>multitudo,</strong></span> <span class='ocrx_word' id='word_1_96' title='bbox 959 1492 1083 1531; x_wconf 91' lang='lat' dir='ltr'><strong>cum</strong></span> <span class='ocrx_word' id='word_1_97' title='bbox 1119 1479 1322 1549; x_wconf 81' lang='lat' dir='ltr'><strong>Regem</strong></span> <span class='ocrx_word' id='word_1_98' title='bbox 1350 1479 1535 1550; x_wconf 68' lang='lat' dir='ltr'><strong>gloria:</strong></span> <span class='ocrx_word' id='word_1_99' title='bbox 1595 1484 2047 1553; x_wconf 80' lang='lat' dir='ltr'><strong>exercituumque</strong></span> <span class='ocrx_word' id='word_1_100' title='bbox 2080 1483 2189 1537; x_wconf 82' lang='lat' dir='ltr'><strong>Do-</strong></span> 
     </span>
    </p>
   </div>
   <div class='ocr_carea' id='block_1_17' title="bbox 611 1566 2186 1628">
    <p class='ocr_par' dir='ltr' id='par_1_17' title="bbox 611 1566 2186 1628">
     <span class='ocr_line' id='line_1_17' title="bbox 611 1566 2186 1628; baseline 0.004 -8"><span class='ocrx_word' id='word_1_101' title='bbox 611 1566 822 1620; x_wconf 88' lang='lat' dir='ltr'><strong>minum</strong></span> <span class='ocrx_word' id='word_1_102' title='bbox 857 1568 912 1621; x_wconf 91' lang='lat' dir='ltr'><strong>in</strong></span> <span class='ocrx_word' id='word_1_103' title='bbox 939 1568 1117 1622; x_wconf 82' lang='lat' dir='ltr'><strong>forma</strong></span> <span class='ocrx_word' id='word_1_104' title='bbox 1147 1570 1387 1624; x_wconf 89' lang='lat' dir='ltr'><strong>humana</strong></span> <span class='ocrx_word' id='word_1_105' title='bbox 1419 1582 1732 1628; x_wconf 86' lang='lat' dir='ltr'><strong>cernerent.</strong></span> <span class='ocrx_word' id='word_1_106' title='bbox 1765 1572 2186 1627; x_wconf 81' lang='lat' dir='ltr'><strong>Aiebantenim:</strong></span> 
     </span>
    </p>
   </div>
   <div class='ocr_carea' id='block_1_18' title="bbox 619 1657 2190 1734">
    <p class='ocr_par' dir='ltr' id='par_1_18' title="bbox 619 1657 2190 1734">
     <span class='ocr_line' id='line_1_18' title="bbox 619 1657 2190 1734; baseline 0.003 -19"><span class='ocrx_word' id='word_1_107' title='bbox 619 1677 636 1708; x_wconf 73' lang='grc' dir='ltr'><strong><em>ο</em></strong></span> <span class='ocrx_word' id='word_1_108' title='bbox 659 1657 799 1728; x_wconf 82' lang='lat' dir='ltr'><strong>Quis</strong></span> <span class='ocrx_word' id='word_1_109' title='bbox 818 1658 925 1716; x_wconf 87' lang='lat' dir='ltr'><strong>iste</strong></span> <span class='ocrx_word' id='word_1_110' title='bbox 965 1668 1050 1715; x_wconf 88' lang='lat' dir='ltr'><strong>est</strong></span> <span class='ocrx_word' id='word_1_111' title='bbox 1071 1661 1165 1730; x_wconf 88' lang='lat' dir='ltr'><strong>qui</strong></span> <span class='ocrx_word' id='word_1_112' title='bbox 1194 1663 1346 1716; x_wconf 84' lang='lat' dir='ltr'><strong>venit</strong></span> <span class='ocrx_word' id='word_1_113' title='bbox 1377 1678 1445 1717; x_wconf 90' lang='lat' dir='ltr'><strong>ex</strong></span> <span class='ocrx_word' id='word_1_114' title='bbox 1489 1658 1661 1718; x_wconf 87' lang='lat' dir='ltr'><strong>Edom</strong></span> <span class='ocrx_word' id='word_1_115' title='bbox 1692 1663 1819 1734; x_wconf 89' lang='lat' dir='ltr'><strong>(hoc</strong></span> <span class='ocrx_word' id='word_1_116' title='bbox 1843 1671 1928 1719; x_wconf 91' lang='lat' dir='ltr'><strong>est</strong></span> <span class='ocrx_word' id='word_1_117' title='bbox 1978 1679 2044 1719; x_wconf 91' lang='lat' dir='ltr'><strong>ex</strong></span> <span class='ocrx_word' id='word_1_118' title='bbox 2075 1673 2190 1719; x_wconf 82' lang='lat' dir='ltr'><strong>ter-</strong></span> 
     </span>
    </p>
   </div>
   <div class='ocr_carea' id='block_1_19' title="bbox 611 1753 2191 1826">
    <p class='ocr_par' dir='ltr' id='par_1_19' title="bbox 611 1753 2191 1826">
     <span class='ocr_line' id='line_1_19' title="bbox 611 1753 2191 1826; baseline 0.004 -21"><span class='ocrx_word' id='word_1_119' title='bbox 611 1753 716 1822; x_wconf 87' lang='lat' dir='ltr'><strong>ra),</strong></span> <span class='ocrx_word' id='word_1_120' title='bbox 752 1760 808 1808; x_wconf 88' lang='lat' dir='ltr'><strong>et</strong></span> <span class='ocrx_word' id='word_1_121' title='bbox 833 1753 1003 1808; x_wconf 89' lang='lat' dir='ltr'><strong>rubor</strong></span> <span class='ocrx_word' id='word_1_122' title='bbox 1025 1754 1480 1809; x_wconf 79' lang='lat' dir='ltr'><strong>vestimentorum</strong></span> <span class='ocrx_word' id='word_1_123' title='bbox 1501 1756 1622 1826; x_wconf 87' lang='lat' dir='ltr'><strong>ejus</strong></span> <span class='ocrx_word' id='word_1_124' title='bbox 1644 1771 1710 1810; x_wconf 86' lang='lat' dir='ltr'><strong>ex</strong></span> <span class='ocrx_word' id='word_1_125' title='bbox 1732 1756 1904 1811; x_wconf 90' lang='lat' dir='ltr'><strong>Bosor</strong></span> <span class='ocrx_word' id='word_1_126' title='bbox 1946 1759 1987 1789; x_wconf 82' lang='lat'>&quot;</span> <span class='ocrx_word' id='word_1_127' title='bbox 2003 1757 2026 1811; x_wconf 78' lang='lat'><strong>?</strong></span> <span class='ocrx_word' id='word_1_128' title='bbox 2045 1777 2062 1809; x_wconf 76' lang='grc' dir='ltr'><strong>ι</strong></span> <span class='ocrx_word' id='word_1_129' title='bbox 2087 1757 2191 1812; x_wconf 88' lang='grc' dir='ltr'><strong>Βο-</strong></span> 
     </span>
    </p>
   </div>
   <div class='ocr_carea' id='block_1_20' title="bbox 610 1844 2187 1918">
    <p class='ocr_par' dir='ltr' id='par_1_20' title="bbox 610 1844 2187 1918">
     <span class='ocr_line' id='line_1_20' title="bbox 610 1844 2187 1918; baseline 0.005 -20"><span class='ocrx_word' id='word_1_130' title='bbox 610 1860 703 1900; x_wconf 84' lang='lat' dir='ltr'><strong>sor</strong></span> <span class='ocrx_word' id='word_1_131' title='bbox 730 1855 909 1901; x_wconf 88' lang='lat' dir='ltr'><strong>autem</strong></span> <span class='ocrx_word' id='word_1_132' title='bbox 927 1844 1348 1916; x_wconf 85' lang='lat' dir='ltr'><strong>interpretatum</strong></span> <span class='ocrx_word' id='word_1_133' title='bbox 1374 1846 1647 1918; x_wconf 73' lang='lat' dir='ltr'><strong>significat</strong></span> <span class='ocrx_word' id='word_1_134' title='bbox 1680 1865 1926 1914; x_wconf 89' lang='lat' dir='ltr'><strong>carnem,</strong></span> <span class='ocrx_word' id='word_1_135' title='bbox 1973 1850 2060 1905; x_wconf 82' lang='lat' dir='ltr'><strong>vel</strong></span> <span class='ocrx_word' id='word_1_136' title='bbox 2084 1866 2187 1906; x_wconf 84' lang='lat' dir='ltr'><strong>an-</strong></span> 
     </span>
    </p>
   </div>
   <div class='ocr_carea' id='block_1_21' title="bbox 608 1937 2186 2014">
    <p class='ocr_par' dir='ltr' id='par_1_21' title="bbox 608 1937 2186 2014">
     <span class='ocr_line' id='line_1_21' title="bbox 608 1937 2186 2014; baseline 0.006 -25"><span class='ocrx_word' id='word_1_137' title='bbox 608 1937 841 2005; x_wconf 83' lang='lat' dir='ltr'><strong>gustiam</strong></span> <span class='ocrx_word' id='word_1_138' title='bbox 865 1947 920 1992; x_wconf 89' lang='lat' dir='ltr'><strong>et</strong></span> <span class='ocrx_word' id='word_1_139' title='bbox 954 1938 1388 1994; x_wconf 86' lang='lat' dir='ltr'><strong>tribulationem.</strong></span> <span class='ocrx_word' id='word_1_140' title='bbox 1417 1939 1626 1996; x_wconf 93' lang='lat' dir='ltr'><strong>Deinde</strong></span> <span class='ocrx_word' id='word_1_141' title='bbox 1683 1942 1820 1997; x_wconf 89' lang='lat' dir='ltr'><strong>illud</strong></span> <span class='ocrx_word' id='word_1_142' title='bbox 1858 1943 2026 1998; x_wconf 86' lang='lat' dir='ltr'><strong>etiam</strong></span> <span class='ocrx_word' id='word_1_143' title='bbox 2058 1959 2186 2014; x_wconf 89' lang='lat' dir='ltr'><strong>per-</strong></span> 
     </span>
    </p>
   </div>
   <div class='ocr_carea' id='block_1_22' title="bbox 608 2029 2184 2104">
    <p class='ocr_par' dir='ltr' id='par_1_22' title="bbox 608 2029 2184 2104">
     <span class='ocr_line' id='line_1_22' title="bbox 608 2029 2184 2104; baseline 0.004 -22"><span class='ocrx_word' id='word_1_144' title='bbox 608 2029 1010 2083; x_wconf 76' lang='lat' dir='ltr'><strong>contabantur:</strong></span> <span class='ocrx_word' id='word_1_145' title='bbox 1052 2029 1221 2098; x_wconf 66' lang='lat' dir='ltr'><strong>«Quae</strong></span> <span class='ocrx_word' id='word_1_146' title='bbox 1245 2042 1375 2087; x_wconf 91' lang='lat' dir='ltr'><strong>sunt</strong></span> <span class='ocrx_word' id='word_1_147' title='bbox 1402 2033 1574 2104; x_wconf 73' lang='lat' dir='ltr'><strong>plaga:</strong></span> <span class='ocrx_word' id='word_1_148' title='bbox 1607 2034 1725 2089; x_wconf 59' lang='lat' dir='ltr'><strong>ista</strong></span> <span class='ocrx_word' id='word_1_149' title='bbox 1751 2034 1806 2088; x_wconf 87' lang='lat' dir='ltr'><strong>in</strong></span> <span class='ocrx_word' id='word_1_150' title='bbox 1847 2034 2031 2090; x_wconf 92' lang='lat' dir='ltr'><strong>medio</strong></span> <span class='ocrx_word' id='word_1_151' title='bbox 2064 2049 2184 2088; x_wconf 88' lang='lat' dir='ltr'><strong>ma-</strong></span> 
     </span>
    </p>
   </div>
   <div class='ocr_carea' id='block_1_23' title="bbox 605 2124 2188 2182">
    <p class='ocr_par' dir='ltr' id='par_1_23' title="bbox 605 2124 2188 2182">
     <span class='ocr_line' id='line_1_23' title="bbox 605 2124 2188 2182; baseline 0.003 -6"><span class='ocrx_word' id='word_1_152' title='bbox 605 2137 776 2176; x_wconf 82' lang='lat' dir='ltr'><strong>nuum</strong></span> <span class='ocrx_word' id='word_1_153' title='bbox 807 2130 1026 2178; x_wconf 86' lang='lat' dir='ltr'><strong>tuarum</strong></span> <span class='ocrx_word' id='word_1_154' title='bbox 1051 2125 1172 2178; x_wconf 67' lang='lat'><strong>&quot;?»</strong></span> <span class='ocrx_word' id='word_1_155' title='bbox 1208 2124 1304 2179; x_wconf 93' lang='lat' dir='ltr'><strong>llle</strong></span> <span class='ocrx_word' id='word_1_156' title='bbox 1339 2141 1469 2180; x_wconf 85' lang='lat' dir='ltr'><strong>vero</strong></span> <span class='ocrx_word' id='word_1_157' title='bbox 1497 2124 1741 2182; x_wconf 86' lang='lat' dir='ltr'><strong>vicissim</strong></span> <span class='ocrx_word' id='word_1_158' title='bbox 1771 2125 1840 2182; x_wconf 89' lang='lat' dir='ltr'><strong>ad</strong></span> <span class='ocrx_word' id='word_1_159' title='bbox 1874 2126 2025 2181; x_wconf 90' lang='lat' dir='ltr'><strong>illos:</strong></span> <span class='ocrx_word' id='word_1_160' title='bbox 2061 2125 2188 2180; x_wconf 68' lang='lat' dir='ltr'><strong>illis</strong></span> 
     </span>
    </p>
   </div>
   <div class='ocr_carea' id='block_1_24' title="bbox 604 2213 2178 2286">
    <p class='ocr_par' dir='ltr' id='par_1_24' title="bbox 604 2213 2178 2286">
     <span class='ocr_line' id='line_1_24' title="bbox 604 2213 2178 2286; baseline 0.002 -19"><span class='ocrx_word' id='word_1_161' title='bbox 604 2227 899 2282; x_wconf 87' lang='lat' dir='ltr'><strong>percussus</strong></span> <span class='ocrx_word' id='word_1_162' title='bbox 948 2229 1092 2280; x_wconf 89' lang='lat' dir='ltr'><strong>sum,</strong></span> <span class='ocrx_word' id='word_1_163' title='bbox 1151 2213 1351 2286; x_wconf 84' lang='lat' dir='ltr'><strong>inquit,</strong></span> <span class='ocrx_word' id='word_1_164' title='bbox 1393 2216 1449 2271; x_wconf 92' lang='lat' dir='ltr'><strong>in</strong></span> <span class='ocrx_word' id='word_1_165' title='bbox 1477 2216 1642 2272; x_wconf 93' lang='lat' dir='ltr'><strong>domo</strong></span> <span class='ocrx_word' id='word_1_166' title='bbox 1685 2216 1871 2272; x_wconf 90' lang='lat' dir='ltr'><strong>dilecti</strong></span> <span class='ocrx_word' id='word_1_167' title='bbox 1903 2217 2011 2272; x_wconf 91' lang='lat' dir='ltr'><strong>mei</strong></span> <span class='ocrx_word' id='word_1_168' title='bbox 2063 2216 2126 2272; x_wconf 75' lang='grc' dir='ltr'><strong>ι’.</strong></span> <span class='ocrx_word' id='word_1_169' title='bbox 2160 2237 2178 2270; x_wconf 74' lang='grc' dir='ltr'><strong>ι</strong></span> 
     </span>
    </p>
   </div>
   <div class='ocr_carea' id='block_1_25' title="bbox 603 2304 2184 2380">
    <p class='ocr_par' dir='ltr' id='par_1_25' title="bbox 603 2304 2184 2380">
     <span class='ocr_line' id='line_1_25' title="bbox 603 2304 2184 2380; baseline 0.004 -22"><span class='ocrx_word' id='word_1_170' title='bbox 603 2304 1077 2371; x_wconf 85' lang='lat' dir='ltr'><strong>Quemadmodum</strong></span> <span class='ocrx_word' id='word_1_171' title='bbox 1097 2308 1245 2362; x_wconf 90' lang='lat' dir='ltr'><strong>enim</strong></span> <span class='ocrx_word' id='word_1_172' title='bbox 1278 2308 1505 2363; x_wconf 68' lang='lat' dir='ltr'><strong>Thomae</strong></span> <span class='ocrx_word' id='word_1_173' title='bbox 1530 2325 1640 2363; x_wconf 91' lang='lat' dir='ltr'><strong>non</strong></span> <span class='ocrx_word' id='word_1_174' title='bbox 1669 2309 1877 2379; x_wconf 82' lang='lat' dir='ltr'><strong>absque</strong></span> <span class='ocrx_word' id='word_1_175' title='bbox 1918 2308 2184 2380; x_wconf 75' lang='lat' dir='ltr'><strong>singulari</strong></span> 
     </span>
    </p>
   </div>
   <div class='ocr_carea' id='block_1_26' title="bbox 604 2395 2186 2469">
    <p class='ocr_par' dir='ltr' id='par_1_26' title="bbox 604 2395 2186 2469">
     <span class='ocr_line' id='line_1_26' title="bbox 604 2395 2186 2469; baseline 0.004 -21"><span class='ocrx_word' id='word_1_176' title='bbox 604 2395 702 2450; x_wconf 87' lang='lat' dir='ltr'><strong>Dei</strong></span> <span class='ocrx_word' id='word_1_177' title='bbox 726 2395 1134 2466; x_wconf 86' lang='lat' dir='ltr'><strong>dispensatione</strong></span> <span class='ocrx_word' id='word_1_178' title='bbox 1161 2397 1456 2464; x_wconf 63' lang='lat' dir='ltr'><strong>haesitanti,</strong></span> <span class='ocrx_word' id='word_1_179' title='bbox 1486 2406 1610 2469; x_wconf 91' lang='lat' dir='ltr'><strong>post</strong></span> <span class='ocrx_word' id='word_1_180' title='bbox 1651 2415 1806 2455; x_wconf 85' lang='lat' dir='ltr'><strong>suam</strong></span> <span class='ocrx_word' id='word_1_181' title='bbox 1827 2415 1895 2454; x_wconf 93' lang='lat' dir='ltr'><strong>ex</strong></span> <span class='ocrx_word' id='word_1_182' title='bbox 1950 2399 2186 2455; x_wconf 89' lang='lat' dir='ltr'><strong>mortuis</strong></span> 
     </span>
    </p>
   </div>
   <div class='ocr_carea' id='block_1_27' title="bbox 607 2487 2183 2562">
    <p class='ocr_par' dir='ltr' id='par_1_27' title="bbox 607 2487 2183 2562">
     <span class='ocr_line' id='line_1_27' title="bbox 607 2487 2183 2562; baseline 0.003 -23"><span class='ocrx_word' id='word_1_183' title='bbox 607 2487 1093 2554; x_wconf 85' lang='lat' dir='ltr'><strong>resurrectionem,</strong></span> <span class='ocrx_word' id='word_1_184' title='bbox 1128 2504 1325 2562; x_wconf 87' lang='lat' dir='ltr'><strong>manus</strong></span> <span class='ocrx_word' id='word_1_185' title='bbox 1345 2498 1401 2544; x_wconf 92' lang='lat' dir='ltr'><strong>et</strong></span> <span class='ocrx_word' id='word_1_186' title='bbox 1436 2490 1490 2544; x_wconf 87' lang='lat' dir='ltr'><strong>in</strong></span> <span class='ocrx_word' id='word_1_187' title='bbox 1516 2490 1772 2544; x_wconf 85' lang='lat' dir='ltr'><strong>manibus</strong></span> <span class='ocrx_word' id='word_1_188' title='bbox 1815 2491 2094 2545; x_wconf 88' lang='lat' dir='ltr'><strong>clavorum</strong></span> <span class='ocrx_word' id='word_1_189' title='bbox 2117 2489 2183 2543; x_wconf 83' lang='lat' dir='ltr'><strong>ﬁ-</strong></span> 
     </span>
    </p>
   </div>
   <div class='ocr_carea' id='block_1_28' title="bbox 602 2580 2181 2654">
    <p class='ocr_par' dir='ltr' id='par_1_28' title="bbox 602 2580 2181 2654">
     <span class='ocr_line' id='line_1_28' title="bbox 602 2580 2181 2654; baseline 0.001 -20"><span class='ocrx_word' id='word_1_190' title='bbox 602 2594 768 2648; x_wconf 74' lang='lat' dir='ltr'><strong>guras</strong></span> <span class='ocrx_word' id='word_1_191' title='bbox 785 2580 1044 2646; x_wconf 87' lang='lat' dir='ltr'><strong>ostendit,</strong></span> <span class='ocrx_word' id='word_1_192' title='bbox 1069 2582 1345 2653; x_wconf 81' lang='lat' dir='ltr'><strong>iussitque</strong></span> <span class='ocrx_word' id='word_1_193' title='bbox 1391 2583 1559 2638; x_wconf 91' lang='lat' dir='ltr'><strong>etiam</strong></span> <span class='ocrx_word' id='word_1_194' title='bbox 1590 2583 1778 2638; x_wconf 89' lang='lat' dir='ltr'><strong>lateris</strong></span> <span class='ocrx_word' id='word_1_195' title='bbox 1825 2583 2026 2638; x_wconf 85' lang='lat' dir='ltr'><strong>vulnus</strong></span> <span class='ocrx_word' id='word_1_196' title='bbox 2062 2583 2181 2654; x_wconf 87' lang='lat' dir='ltr'><strong>pal-</strong></span> 
     </span>
    </p>
   </div>
   <div class='ocr_carea' id='block_1_29' title="bbox 600 2673 2182 2748">
    <p class='ocr_par' dir='ltr' id='par_1_29' title="bbox 600 2673 2182 2748">
     <span class='ocr_line' id='line_1_29' title="bbox 600 2673 2182 2748; baseline 0.003 -20"><span class='ocrx_word' id='word_1_197' title='bbox 600 2689 732 2743; x_wconf 89' lang='lat' dir='ltr'><strong>pare</strong></span> <span class='ocrx_word' id='word_1_198' title='bbox 761 2673 838 2740; x_wconf 83' lang='lat'><strong>&quot;;</strong></span> <span class='ocrx_word' id='word_1_199' title='bbox 876 2674 949 2729; x_wconf 87' lang='lat' dir='ltr'><strong>ita</strong></span> <span class='ocrx_word' id='word_1_200' title='bbox 981 2676 1112 2730; x_wconf 89' lang='lat' dir='ltr'><strong>etin</strong></span> <span class='ocrx_word' id='word_1_201' title='bbox 1154 2676 1309 2731; x_wconf 72' lang='lat' dir='ltr'><strong>caelis</strong></span> <span class='ocrx_word' id='word_1_202' title='bbox 1335 2677 1690 2740; x_wconf 88' lang='lat' dir='ltr'><strong>constitutus,</strong></span> <span class='ocrx_word' id='word_1_203' title='bbox 1735 2677 1937 2733; x_wconf 90' lang='lat' dir='ltr'><strong>sanctis</strong></span> <span class='ocrx_word' id='word_1_204' title='bbox 1973 2677 2182 2748; x_wconf 83' lang='lat' dir='ltr'><strong>angelis</strong></span> 
     </span>
    </p>
   </div>
   <div class='ocr_carea' id='block_1_30' title="bbox 599 2765 2182 2837">
    <p class='ocr_par' dir='ltr' id='par_1_30' title="bbox 599 2765 2182 2837">
     <span class='ocr_line' id='line_1_30' title="bbox 599 2765 2182 2837; baseline 0.001 -17"><span class='ocrx_word' id='word_1_205' title='bbox 599 2766 824 2833; x_wconf 82' lang='lat' dir='ltr'><strong>planum</strong></span> <span class='ocrx_word' id='word_1_206' title='bbox 847 2765 996 2830; x_wconf 81' lang='lat' dir='ltr'><strong>fecit,</strong></span> <span class='ocrx_word' id='word_1_207' title='bbox 1020 2768 1147 2837; x_wconf 84' lang='lat' dir='ltr'><strong>jure</strong></span> <span class='ocrx_word' id='word_1_208' title='bbox 1171 2767 1374 2822; x_wconf 90' lang='lat' dir='ltr'><strong>merito</strong></span> <span class='ocrx_word' id='word_1_209' title='bbox 1398 2784 1465 2822; x_wconf 89' lang='lat' dir='ltr'><strong>ex</strong></span> <span class='ocrx_word' id='word_1_210' title='bbox 1501 2768 1746 2837; x_wconf 90' lang='lat' dir='ltr'><strong>ipsorum</strong></span> <span class='ocrx_word' id='word_1_211' title='bbox 1780 2767 2022 2822; x_wconf 86' lang='lat' dir='ltr'><strong>amicitia</strong></span> <span class='ocrx_word' id='word_1_212' title='bbox 2049 2782 2182 2837; x_wconf 87' lang='lat' dir='ltr'><strong>pro—</strong></span> 
     </span>
    </p>
   </div>
   <div class='ocr_carea' id='block_1_31' title="bbox 601 2857 2182 2930">
    <p class='ocr_par' dir='ltr' id='par_1_31' title="bbox 601 2857 2182 2930">
     <span class='ocr_line' id='line_1_31' title="bbox 601 2857 2182 2930; baseline 0.002 -18"><span class='ocrx_word' id='word_1_213' title='bbox 601 2857 812 2929; x_wconf 84' lang='lat' dir='ltr'><strong>lapsum</strong></span> <span class='ocrx_word' id='word_1_214' title='bbox 842 2860 1188 2930; x_wconf 86' lang='lat' dir='ltr'><strong>ejectumque</strong></span> <span class='ocrx_word' id='word_1_215' title='bbox 1243 2875 1364 2915; x_wconf 90' lang='lat' dir='ltr'><strong>esse</strong></span> <span class='ocrx_word' id='word_1_216' title='bbox 1408 2860 1670 2916; x_wconf 90' lang='lat' dir='ltr'><strong>dilectum</strong></span> <span class='ocrx_word' id='word_1_217' title='bbox 1713 2861 1990 2916; x_wconf 89' lang='lat' dir='ltr'><strong>lsraelem.</strong></span> <span class='ocrx_word' id='word_1_218' title='bbox 2021 2860 2182 2918; x_wconf 90' lang='lat' dir='ltr'><strong>Unde</strong></span> 
     </span>
    </p>
   </div>
   <div class='ocr_carea' id='block_1_32' title="bbox 599 2950 2182 3023">
    <p class='ocr_par' dir='ltr' id='par_1_32' title="bbox 599 2950 2182 3023">
     <span class='ocr_line' id='line_1_32' title="bbox 599 2950 2182 3023; baseline 0.005 -23"><span class='ocrx_word' id='word_1_219' title='bbox 599 2957 656 3004; x_wconf 77' lang='lat' dir='ltr'><strong>et</strong></span> <span class='ocrx_word' id='word_1_220' title='bbox 677 2950 1061 3006; x_wconf 87' lang='lat' dir='ltr'><strong>vestimentum</strong></span> <span class='ocrx_word' id='word_1_221' title='bbox 1083 2953 1348 3022; x_wconf 87' lang='lat' dir='ltr'><strong>sanguine</strong></span> <span class='ocrx_word' id='word_1_222' title='bbox 1402 2952 1766 3017; x_wconf 89' lang='lat' dir='ltr'><strong>rubricatum,</strong></span> <span class='ocrx_word' id='word_1_223' title='bbox 1793 2961 1850 3007; x_wconf 90' lang='lat' dir='ltr'><strong>et</strong></span> <span class='ocrx_word' id='word_1_224' title='bbox 1886 2953 2071 3023; x_wconf 83' lang='lat' dir='ltr'><strong>plagas</strong></span> <span class='ocrx_word' id='word_1_225' title='bbox 2123 2953 2182 3008; x_wconf 89' lang='lat' dir='ltr'><strong>in</strong></span> 
     </span>
    </p>
   </div>
   <div class='ocr_carea' id='block_1_33' title="bbox 600 3043 2181 3115">
    <p class='ocr_par' dir='ltr' id='par_1_33' title="bbox 600 3043 2181 3115">
     <span class='ocr_line' id='line_1_33' title="bbox 600 3043 2181 3115; baseline 0.003 -18"><span class='ocrx_word' id='word_1_226' title='bbox 600 3043 856 3098; x_wconf 88' lang='lat' dir='ltr'><strong>manibus</strong></span> <span class='ocrx_word' id='word_1_227' title='bbox 875 3044 1149 3099; x_wconf 86' lang='lat' dir='ltr'><strong>ostendit:</strong></span> <span class='ocrx_word' id='word_1_228' title='bbox 1171 3061 1280 3100; x_wconf 88' lang='lat' dir='ltr'><strong>non</strong></span> <span class='ocrx_word' id='word_1_229' title='bbox 1298 3045 1448 3115; x_wconf 91' lang='lat' dir='ltr'><strong>quod</strong></span> <span class='ocrx_word' id='word_1_230' title='bbox 1471 3045 1592 3100; x_wconf 89' lang='lat' dir='ltr'><strong>illas</strong></span> <span class='ocrx_word' id='word_1_231' title='bbox 1613 3045 1853 3114; x_wconf 87' lang='lat' dir='ltr'><strong>abjicere</strong></span> <span class='ocrx_word' id='word_1_232' title='bbox 1873 3061 1982 3100; x_wconf 90' lang='lat' dir='ltr'><strong>non</strong></span> <span class='ocrx_word' id='word_1_233' title='bbox 2015 3053 2181 3115; x_wconf 91' lang='lat' dir='ltr'><strong>queat</strong></span> 
     </span>
    </p>
   </div>
   <div class='ocr_carea' id='block_1_34' title="bbox 2298 560 3880 634">
    <p class='ocr_par' dir='ltr' id='par_1_34' title="bbox 2298 560 3880 634">
     <span class='ocr_line' id='line_1_34' title="bbox 2298 560 3880 634; baseline 0.001 -18"><span class='ocrx_word' id='word_1_234' title='bbox 2298 563 2406 616; x_wconf 81' lang='grc' dir='ltr'><strong>Καὶ</strong></span> <span class='ocrx_word' id='word_1_235' title='bbox 2443 561 2574 631; x_wconf 89' lang='grc' dir='ltr'>γοῦν</span> <span class='ocrx_word' id='word_1_236' title='bbox 2629 562 2659 613; x_wconf 99' lang='lat'><strong>6</strong></span> <span class='ocrx_word' id='word_1_237' title='bbox 2710 562 2986 630; x_wconf 80' lang='grc' dir='ltr'>πάνσοφος</span> <span class='ocrx_word' id='word_1_238' title='bbox 3042 560 3293 633; x_wconf 71' lang='grc' dir='ltr'>μαθητὴς</span> <span class='ocrx_word' id='word_1_239' title='bbox 3348 561 3724 634; x_wconf 83' lang='grc' dir='ltr'>θανατωθῆναι</span> <span class='ocrx_word' id='word_1_240' title='bbox 3779 565 3880 633; x_wconf 77' lang='grc' dir='ltr'>μὲν</span> 
     </span>
    </p>
   </div>
   <div class='ocr_carea' id='block_1_35' title="bbox 2296 651 3875 725">
    <p class='ocr_par' dir='ltr' id='par_1_35' title="bbox 2296 651 3875 725">
     <span class='ocr_line' id='line_1_35' title="bbox 2296 651 3875 725; baseline 0.001 -19"><span class='ocrx_word' id='word_1_241' title='bbox 2296 652 2458 706; x_wconf 78' lang='grc' dir='ltr'>αὐτὸν</span> <span class='ocrx_word' id='word_1_242' title='bbox 2486 653 2590 724; x_wconf 69' lang='grc' dir='ltr'>ἔφη</span> <span class='ocrx_word' id='word_1_243' title='bbox 2623 653 2806 725; x_wconf 78' lang='grc' dir='ltr'>σαρκὶ,</span> <span class='ocrx_word' id='word_1_244' title='bbox 2849 651 3248 723; x_wconf 79' lang='grc' dir='ltr'>ζωοποιηθῆναι</span> <span class='ocrx_word' id='word_1_245' title='bbox 3297 651 3353 704; x_wconf 74' lang='grc' dir='ltr'>δὲ</span> <span class='ocrx_word' id='word_1_246' title='bbox 3386 652 3682 723; x_wconf 86' lang='grc' dir='ltr'>πνεύματι.</span> <span class='ocrx_word' id='word_1_247' title='bbox 3723 652 3875 724; x_wconf 77' lang='grc' dir='ltr'>Πλὴν</span> 
     </span>
    </p>
   </div>
   <div class='ocr_carea' id='block_1_36' title="bbox 2296 743 3870 815">
    <p class='ocr_par' dir='ltr' id='par_1_36' title="bbox 2296 743 3870 815">
     <span class='ocr_line' id='line_1_36' title="bbox 2296 743 3870 815; baseline -0.001 -17"><span class='ocrx_word' id='word_1_248' title='bbox 2296 745 2378 798; x_wconf 85' lang='grc' dir='ltr'><strong>δτι</strong></span> <span class='ocrx_word' id='word_1_249' title='bbox 2408 745 2511 801; x_wconf 79' lang='grc' dir='ltr'>κᾶν</span> <span class='ocrx_word' id='word_1_250' title='bbox 2545 747 2594 799; x_wconf 82' lang='grc' dir='ltr'><strong>εί</strong></span> <span class='ocrx_word' id='word_1_251' title='bbox 2622 743 2715 797; x_wconf 87' lang='grc' dir='ltr'><strong>τοῦ</strong></span> <span class='ocrx_word' id='word_1_252' title='bbox 2753 744 2946 797; x_wconf 81' lang='grc' dir='ltr'><strong>παθεῖν</strong></span> <span class='ocrx_word' id='word_1_253' title='bbox 2979 743 3072 798; x_wconf 82' lang='grc' dir='ltr'>τὸν</span> <span class='ocrx_word' id='word_1_254' title='bbox 3120 743 3348 798; x_wconf 81' lang='grc' dir='ltr'>θάνατον</span> <span class='ocrx_word' id='word_1_255' title='bbox 3377 747 3458 809; x_wconf 78' lang='grc' dir='ltr'>εἰς</span> <span class='ocrx_word' id='word_1_256' title='bbox 3512 745 3649 800; x_wconf 78' lang='grc' dir='ltr'>ἰδίαν</span> <span class='ocrx_word' id='word_1_257' title='bbox 3704 743 3870 815; x_wconf 75' lang='grc' dir='ltr'>φύσιν</span> 
     </span>
    </p>
   </div>
   <div class='ocr_carea' id='block_1_37' title="bbox 2294 831 3873 910">
    <p class='ocr_par' dir='ltr' id='par_1_37' title="bbox 2294 831 3873 910">
     <span class='ocr_line' id='line_1_37' title="bbox 2294 831 3873 910; baseline -0.001 -18"><span class='ocrx_word' id='word_1_258' title='bbox 2294 839 2524 909; x_wconf 77' lang='grc' dir='ltr'>ἄμοιρος</span> <span class='ocrx_word' id='word_1_259' title='bbox 2553 833 2621 910; x_wconf 80' lang='grc' dir='ltr'>ἦν</span> <span class='ocrx_word' id='word_1_260' title='bbox 2653 839 2682 891; x_wconf 83' lang='grc' dir='ltr'>ὁ</span> <span class='ocrx_word' id='word_1_261' title='bbox 2729 836 2923 904; x_wconf 85' lang='grc' dir='ltr'>Λόγος,</span> <span class='ocrx_word' id='word_1_262' title='bbox 2957 835 3072 890; x_wconf 79' lang='grc' dir='ltr'>ἀλλ’</span> <span class='ocrx_word' id='word_1_263' title='bbox 3105 831 3198 890; x_wconf 79' lang='grc' dir='ltr'>οὖν</span> <span class='ocrx_word' id='word_1_264' title='bbox 3245 835 3542 891; x_wconf 76' lang='grc' dir='ltr'><strong>οἰκειοῦται</strong></span> <span class='ocrx_word' id='word_1_265' title='bbox 3591 836 3654 890; x_wconf 84' lang='grc' dir='ltr'><strong>τδ</strong></span> <span class='ocrx_word' id='word_1_266' title='bbox 3698 837 3873 902; x_wconf 83' lang='grc' dir='ltr'>πάθος</span> 
     </span>
    </p>
   </div>
   <div class='ocr_carea' id='block_1_38' title="bbox 2295 927 3878 1000">
    <p class='ocr_par' dir='ltr' id='par_1_38' title="bbox 2295 927 3878 1000">
     <span class='ocr_line' id='line_1_38' title="bbox 2295 927 3878 1000; baseline 0.002 -19"><span class='ocrx_word' id='word_1_267' title='bbox 2295 929 2394 1000; x_wconf 78' lang='grc' dir='ltr'>τῆς</span> <span class='ocrx_word' id='word_1_268' title='bbox 2422 927 2618 985; x_wconf 74' lang='grc' dir='ltr'>ἑαυτοῦ</span> <span class='ocrx_word' id='word_1_269' title='bbox 2664 928 2887 1000; x_wconf 84' lang='grc' dir='ltr'>σαρκὸς,</span> <span class='ocrx_word' id='word_1_270' title='bbox 2923 928 2998 991; x_wconf 82' lang='grc' dir='ltr'>ὡς</span> <span class='ocrx_word' id='word_1_271' title='bbox 3043 928 3143 998; x_wconf 78' lang='grc' dir='ltr'>ἧδη</span> <span class='ocrx_word' id='word_1_272' title='bbox 3179 931 3466 1000; x_wconf 83' lang='grc' dir='ltr'>προεῖπον.</span> <span class='ocrx_word' id='word_1_273' title='bbox 3514 928 3878 993; x_wconf 73' lang='grc' dir='ltr'>Ἐὁαπτίξετσ</span> 
     </span>
    </p>
   </div>
   <div class='ocr_carea' id='block_1_39' title="bbox 2295 1017 3880 1094">
    <p class='ocr_par' dir='ltr' id='par_1_39' title="bbox 2295 1017 3880 1094">
     <span class='ocr_line' id='line_1_39' title="bbox 2295 1017 3880 1094; baseline 0.002 -20"><span class='ocrx_word' id='word_1_274' title='bbox 2295 1019 2405 1092; x_wconf 78' lang='grc' dir='ltr'>γὰρ</span> <span class='ocrx_word' id='word_1_275' title='bbox 2435 1021 2497 1074; x_wconf 81' lang='grc' dir='ltr'>τὸ</span> <span class='ocrx_word' id='word_1_276' title='bbox 2527 1019 2762 1094; x_wconf 81' lang='grc' dir='ltr'><strong>ὀρνίθιον</strong></span> <span class='ocrx_word' id='word_1_277' title='bbox 2794 1020 2854 1073; x_wconf 79' lang='grc' dir='ltr'>τὸ</span> <span class='ocrx_word' id='word_1_278' title='bbox 2880 1019 2988 1085; x_wconf 79' lang='grc' dir='ltr'><strong>ζῶν</strong></span> <span class='ocrx_word' id='word_1_279' title='bbox 3019 1020 3076 1072; x_wconf 82' lang='grc' dir='ltr'>ὲν</span> <span class='ocrx_word' id='word_1_280' title='bbox 3097 1017 3175 1090; x_wconf 87' lang='grc' dir='ltr'>τῷ</span> <span class='ocrx_word' id='word_1_281' title='bbox 3212 1021 3405 1092; x_wconf 80' lang='grc' dir='ltr'>αἵματι</span> <span class='ocrx_word' id='word_1_282' title='bbox 3434 1019 3527 1075; x_wconf 85' lang='grc' dir='ltr'><strong>τοῦ</strong></span> <span class='ocrx_word' id='word_1_283' title='bbox 3557 1021 3880 1092; x_wconf 80' lang='grc' dir='ltr'>τετελευτη-</span> 
     </span>
    </p>
   </div>
   <div class='ocr_carea' id='block_1_40' title="bbox 2294 1111 3878 1186">
    <p class='ocr_par' dir='ltr' id='par_1_40' title="bbox 2294 1111 3878 1186">
     <span class='ocr_line' id='line_1_40' title="bbox 2294 1111 3878 1186; baseline 0 -19"><span class='ocrx_word' id='word_1_284' title='bbox 2294 1116 2475 1178; x_wconf 80' lang='grc' dir='ltr'><strong>κότος,</strong></span> <span class='ocrx_word' id='word_1_285' title='bbox 2510 1113 2896 1186; x_wconf 81' lang='grc' dir='ltr'>πεφυραμένον</span> <span class='ocrx_word' id='word_1_286' title='bbox 2920 1113 2977 1166; x_wconf 79' lang='grc' dir='ltr'>δὲ</span> <span class='ocrx_word' id='word_1_287' title='bbox 3012 1111 3092 1182; x_wconf 82' lang='grc' dir='ltr'>τῷ</span> <span class='ocrx_word' id='word_1_288' title='bbox 3123 1112 3338 1182; x_wconf 77' lang='grc' dir='ltr'>αἵματι.</span> <span class='ocrx_word' id='word_1_289' title='bbox 3373 1114 3658 1183; x_wconf 76' lang='grc' dir='ltr'>μονονουχὶ</span> <span class='ocrx_word' id='word_1_290' title='bbox 3693 1113 3750 1167; x_wconf 72' lang='grc' dir='ltr'><strong>δδ</strong></span> <span class='ocrx_word' id='word_1_291' title='bbox 3780 1114 3878 1167; x_wconf 73' lang='grc' dir='ltr'>καὶ</span> 
     </span>
    </p>
   </div>
   <div class='ocr_carea' id='block_1_41' title="bbox 2295 1206 3872 1282">
    <p class='ocr_par' dir='ltr' id='par_1_41' title="bbox 2295 1206 3872 1282">
     <span class='ocr_line' id='line_1_41' title="bbox 2295 1206 3872 1282; baseline 0.001 -21"><span class='ocrx_word' id='word_1_292' title='bbox 2295 1210 2633 1282; x_wconf 81' lang='grc' dir='ltr'>κοινωνῆσαν</span> <span class='ocrx_word' id='word_1_293' title='bbox 2661 1209 2756 1262; x_wconf 90' lang='grc' dir='ltr'><strong>τοῦ</strong></span> <span class='ocrx_word' id='word_1_294' title='bbox 2787 1209 3010 1271; x_wconf 83' lang='grc' dir='ltr'>πάθους.</span> <span class='ocrx_word' id='word_1_295' title='bbox 3035 1207 3114 1271; x_wconf 78' lang='grc' dir='ltr'><strong>είς</strong></span> <span class='ocrx_word' id='word_1_296' title='bbox 3136 1208 3238 1278; x_wconf 81' lang='grc' dir='ltr'>τὴν</span> <span class='ocrx_word' id='word_1_297' title='bbox 3269 1206 3474 1278; x_wconf 73' lang='grc' dir='ltr'>ἔρημον</span> <span class='ocrx_word' id='word_1_298' title='bbox 3497 1207 3842 1278; x_wconf 69' lang='grc' dir='ltr'>ἐξεπέμπετο</span> <span class='ocrx_word' id='word_1_299' title='bbox 3858 1224 3872 1238; x_wconf 88' lang='grc'><strong>·</strong></span> 
     </span>
    </p>
   </div>
   <div class='ocr_carea' id='block_1_42' title="bbox 2295 1299 3877 1371">
    <p class='ocr_par' dir='ltr' id='par_1_42' title="bbox 2295 1299 3877 1371">
     <span class='ocr_line' id='line_1_42' title="bbox 2295 1299 3877 1371; baseline 0 -17"><span class='ocrx_word' id='word_1_300' title='bbox 2295 1301 2702 1371; x_wconf 73' lang='grc' dir='ltr'>ἀναπεφοίτηκε</span> <span class='ocrx_word' id='word_1_301' title='bbox 2731 1301 2840 1371; x_wconf 85' lang='grc' dir='ltr'>γὰρ</span> <span class='ocrx_word' id='word_1_302' title='bbox 2870 1302 2929 1352; x_wconf 81' lang='grc' dir='ltr'>ὲν</span> <span class='ocrx_word' id='word_1_303' title='bbox 2962 1303 3074 1364; x_wconf 85' lang='grc' dir='ltr'>τοῖς</span> <span class='ocrx_word' id='word_1_304' title='bbox 3103 1299 3356 1371; x_wconf 83' lang='grc' dir='ltr'>οὐρανοῖς</span> <span class='ocrx_word' id='word_1_305' title='bbox 3387 1301 3415 1353; x_wconf 90' lang='lat'><strong>6</strong></span> <span class='ocrx_word' id='word_1_306' title='bbox 3443 1300 3743 1371; x_wconf 76' lang='grc' dir='ltr'>μονογενὴς</span> <span class='ocrx_word' id='word_1_307' title='bbox 3779 1299 3877 1355; x_wconf 85' lang='grc' dir='ltr'><strong>τοῦ</strong></span> 
     </span>
    </p>
   </div>
   <div class='ocr_carea' id='block_1_43' title="bbox 2295 1392 3878 1465">
    <p class='ocr_par' dir='ltr' id='par_1_43' title="bbox 2295 1392 3878 1465">
     <span class='ocr_line' id='line_1_43' title="bbox 2295 1392 3878 1465; baseline 0.001 -21"><span class='ocrx_word' id='word_1_308' title='bbox 2295 1392 2432 1445; x_wconf 75' lang='grc' dir='ltr'>Θεοῦ</span> <span class='ocrx_word' id='word_1_309' title='bbox 2457 1393 2629 1460; x_wconf 82' lang='grc' dir='ltr'>Λόγος</span> <span class='ocrx_word' id='word_1_310' title='bbox 2661 1403 2689 1432; x_wconf 77' lang='grc' dir='ltr'><strong><em>τ</em></strong></span> <span class='ocrx_word' id='word_1_311' title='bbox 2731 1394 2869 1464; x_wconf 83' lang='grc' dir='ltr'>μετὰ</span> <span class='ocrx_word' id='word_1_312' title='bbox 2905 1393 3002 1464; x_wconf 85' lang='grc' dir='ltr'>τῆς</span> <span class='ocrx_word' id='word_1_313' title='bbox 3031 1392 3327 1464; x_wconf 73' lang='grc' dir='ltr'>ἑνωθείσης</span> <span class='ocrx_word' id='word_1_314' title='bbox 3343 1393 3494 1462; x_wconf 85' lang='grc' dir='ltr'><strong>αὐτῴ</strong></span> <span class='ocrx_word' id='word_1_315' title='bbox 3526 1393 3757 1465; x_wconf 80' lang='grc' dir='ltr'>σαρκός·</span> <span class='ocrx_word' id='word_1_316' title='bbox 3782 1393 3878 1448; x_wconf 79' lang='grc' dir='ltr'>καὶ</span> 
     </span>
    </p>
   </div>
   <div class='ocr_carea' id='block_1_44' title="bbox 2298 1480 3878 1558">
    <p class='ocr_par' dir='ltr' id='par_1_44' title="bbox 2298 1480 3878 1558">
     <span class='ocr_line' id='line_1_44' title="bbox 2298 1480 3878 1558; baseline 0.002 -20"><span class='ocrx_word' id='word_1_317' title='bbox 2298 1485 2445 1551; x_wconf 79' lang='grc' dir='ltr'>ξένον</span> <span class='ocrx_word' id='word_1_318' title='bbox 2475 1480 2543 1557; x_wconf 83' lang='grc' dir='ltr'>ἦν</span> <span class='ocrx_word' id='word_1_319' title='bbox 2577 1488 2635 1539; x_wconf 79' lang='grc' dir='ltr'>ὲν</span> <span class='ocrx_word' id='word_1_320' title='bbox 2672 1485 2923 1558; x_wconf 82' lang='grc' dir='ltr'>οὐρανοῖς</span> <span class='ocrx_word' id='word_1_321' title='bbox 2962 1485 3024 1539; x_wconf 81' lang='grc' dir='ltr'>τὸ</span> <span class='ocrx_word' id='word_1_322' title='bbox 3055 1484 3255 1556; x_wconf 85' lang='grc' dir='ltr'>θέαμα.</span> <span class='ocrx_word' id='word_1_323' title='bbox 3312 1485 3738 1554; x_wconf 83' lang='grc' dir='ltr'>Κατεπλήττετο</span> <span class='ocrx_word' id='word_1_324' title='bbox 3766 1487 3878 1556; x_wconf 73' lang='grc' dir='ltr'>γὰρ</span> 
     </span>
    </p>
   </div>
   <div class='ocr_carea' id='block_1_45' title="bbox 2296 1578 3879 1652">
    <p class='ocr_par' dir='ltr' id='par_1_45' title="bbox 2296 1578 3879 1652">
     <span class='ocr_line' id='line_1_45' title="bbox 2296 1578 3879 1652; baseline 0.001 -20"><span class='ocrx_word' id='word_1_325' title='bbox 2296 1579 2461 1652; x_wconf 79' lang='grc' dir='ltr'>ἡτῶν</span> <span class='ocrx_word' id='word_1_326' title='bbox 2495 1580 2668 1648; x_wconf 87' lang='grc' dir='ltr'>ἀγίων</span> <span class='ocrx_word' id='word_1_327' title='bbox 2697 1579 2947 1648; x_wconf 82' lang='grc' dir='ltr'>ἀγγέλων</span> <span class='ocrx_word' id='word_1_328' title='bbox 2990 1579 3219 1651; x_wconf 78' lang='grc' dir='ltr'>πληθὺς,</span> <span class='ocrx_word' id='word_1_329' title='bbox 3248 1581 3306 1632; x_wconf 77' lang='grc' dir='ltr'>ὲν</span> <span class='ocrx_word' id='word_1_330' title='bbox 3333 1579 3463 1633; x_wconf 82' lang='grc' dir='ltr'>εῖδει</span> <span class='ocrx_word' id='word_1_331' title='bbox 3497 1578 3773 1650; x_wconf 74' lang='grc' dir='ltr'>βλέπουσα</span> <span class='ocrx_word' id='word_1_332' title='bbox 3801 1578 3879 1650; x_wconf 77' lang='grc' dir='ltr'>τῷ</span> 
     </span>
    </p>
   </div>
   <div class='ocr_carea' id='block_1_46' title="bbox 2295 1669 3880 1744">
    <p class='ocr_par' dir='ltr' id='par_1_46' title="bbox 2295 1669 3880 1744">
     <span class='ocr_line' id='line_1_46' title="bbox 2295 1669 3880 1744; baseline 0.001 -19"><span class='ocrx_word' id='word_1_333' title='bbox 2295 1669 2417 1725; x_wconf 83' lang='grc' dir='ltr'>καθ’</span> <span class='ocrx_word' id='word_1_334' title='bbox 2441 1672 2588 1741; x_wconf 77' lang='grc' dir='ltr'>ἡμᾶς</span> <span class='ocrx_word' id='word_1_335' title='bbox 2623 1670 2715 1725; x_wconf 71' lang='grc' dir='ltr'><strong>τὸν</strong></span> <span class='ocrx_word' id='word_1_336' title='bbox 2743 1671 2968 1740; x_wconf 79' lang='grc' dir='ltr'>βασιλέα</span> <span class='ocrx_word' id='word_1_337' title='bbox 2995 1670 3094 1739; x_wconf 86' lang='grc' dir='ltr'>τῆς</span> <span class='ocrx_word' id='word_1_338' title='bbox 3127 1671 3308 1744; x_wconf 76' lang='grc' dir='ltr'>δόξης,</span> <span class='ocrx_word' id='word_1_339' title='bbox 3338 1673 3432 1726; x_wconf 77' lang='grc' dir='ltr'>καὶ</span> <span class='ocrx_word' id='word_1_340' title='bbox 3469 1669 3561 1726; x_wconf 81' lang='grc' dir='ltr'>τὸν</span> <span class='ocrx_word' id='word_1_341' title='bbox 3587 1671 3695 1726; x_wconf 86' lang='grc' dir='ltr'><strong>τῶν</strong></span> <span class='ocrx_word' id='word_1_342' title='bbox 3719 1671 3880 1727; x_wconf 81' lang='grc' dir='ltr'>δυνά-</span> 
     </span>
    </p>
   </div>
   <div class='ocr_carea' id='block_1_47' title="bbox 2296 1758 3881 1835">
    <p class='ocr_par' dir='ltr' id='par_1_47' title="bbox 2296 1758 3881 1835">
     <span class='ocr_line' id='line_1_47' title="bbox 2296 1758 3881 1835; baseline 0.001 -19"><span class='ocrx_word' id='word_1_343' title='bbox 2296 1780 2440 1835; x_wconf 89' lang='grc' dir='ltr'>μεων</span> <span class='ocrx_word' id='word_1_344' title='bbox 2471 1762 2693 1834; x_wconf 79' lang='grc' dir='ltr'>Κύριον.</span> <span class='ocrx_word' id='word_1_345' title='bbox 2723 1764 2830 1816; x_wconf 72' lang='grc' dir='ltr'><strong>Καὶ</strong></span> <span class='ocrx_word' id='word_1_346' title='bbox 2854 1763 2918 1835; x_wconf 81' lang='grc' dir='ltr'>δὴ</span> <span class='ocrx_word' id='word_1_347' title='bbox 2959 1762 3224 1832; x_wconf 70' lang='grc' dir='ltr'>ἔφασκον·</span> <span class='ocrx_word' id='word_1_348' title='bbox 3266 1783 3285 1815; x_wconf 76' lang='grc' dir='ltr'><strong>ι</strong></span> <span class='ocrx_word' id='word_1_349' title='bbox 3323 1763 3420 1825; x_wconf 88' lang='grc' dir='ltr'>Τίς</span> <span class='ocrx_word' id='word_1_350' title='bbox 3449 1758 3604 1825; x_wconf 73' lang='grc' dir='ltr'>οὗτος</span> <span class='ocrx_word' id='word_1_351' title='bbox 3633 1764 3664 1816; x_wconf 88' lang='lat'><strong>6</strong></span> <span class='ocrx_word' id='word_1_352' title='bbox 3697 1779 3881 1835; x_wconf 85' lang='grc' dir='ltr'>παρα-</span> 
     </span>
    </p>
   </div>
   <div class='ocr_carea' id='block_1_48' title="bbox 2289 1853 3881 1930">
    <p class='ocr_par' dir='ltr' id='par_1_48' title="bbox 2289 1853 3881 1930">
     <span class='ocr_line' id='line_1_48' title="bbox 2289 1853 3881 1930; baseline 0.001 -20"><span class='ocrx_word' id='word_1_353' title='bbox 2289 1856 2586 1926; x_wconf 84' lang='grc' dir='ltr'>γενόμενος</span> <span class='ocrx_word' id='word_1_354' title='bbox 2614 1853 2673 1921; x_wconf 71' lang='grc' dir='ltr'><strong>ἐξ</strong></span> <span class='ocrx_word' id='word_1_355' title='bbox 2703 1855 2882 1928; x_wconf 85' lang='grc' dir='ltr'>Ἐδὼμ</span> <span class='ocrx_word' id='word_1_356' title='bbox 2908 1855 3211 1924; x_wconf 82' lang='grc' dir='ltr'>(τουτέστιν</span> <span class='ocrx_word' id='word_1_357' title='bbox 3235 1856 3300 1911; x_wconf 64' lang='grc' dir='ltr'>ἐκ</span> <span class='ocrx_word' id='word_1_358' title='bbox 3318 1857 3422 1927; x_wconf 84' lang='grc' dir='ltr'>τῆς</span> <span class='ocrx_word' id='word_1_359' title='bbox 3445 1857 3596 1926; x_wconf 77' lang='grc' dir='ltr'>γῆς),</span> <span class='ocrx_word' id='word_1_360' title='bbox 3624 1855 3881 1930; x_wconf 73' lang='grc' dir='ltr'>ιρύθημα</span> 
     </span>
    </p>
   </div>
   <div class='ocr_carea' id='block_1_49' title="bbox 2293 1947 3877 2020">
    <p class='ocr_par' dir='ltr' id='par_1_49' title="bbox 2293 1947 3877 2020">
     <span class='ocr_line' id='line_1_49' title="bbox 2293 1947 3877 2020; baseline 0 -17"><span class='ocrx_word' id='word_1_361' title='bbox 2293 1949 2525 2018; x_wconf 77' lang='grc' dir='ltr'>ἱματίων</span> <span class='ocrx_word' id='word_1_362' title='bbox 2555 1949 2619 2002; x_wconf 74' lang='grc' dir='ltr'>ὲκ</span> <span class='ocrx_word' id='word_1_363' title='bbox 2649 1949 2850 2020; x_wconf 78' lang='grc' dir='ltr'>Βοσόρς</span> <span class='ocrx_word' id='word_1_364' title='bbox 2873 1968 2893 2001; x_wconf 72' lang='grc' dir='ltr'><strong>ι</strong></span> <span class='ocrx_word' id='word_1_365' title='bbox 2932 1948 3333 2020; x_wconf 80' lang='grc' dir='ltr'>Ἐρμηνεύεται</span> <span class='ocrx_word' id='word_1_366' title='bbox 3357 1949 3413 2003; x_wconf 76' lang='grc' dir='ltr'>δὲ</span> <span class='ocrx_word' id='word_1_367' title='bbox 3435 1949 3497 2002; x_wconf 84' lang='grc' dir='ltr'>τὸ</span> <span class='ocrx_word' id='word_1_368' title='bbox 3520 1947 3694 2020; x_wconf 81' lang='grc' dir='ltr'>Βοσὸρ</span> <span class='ocrx_word' id='word_1_369' title='bbox 3719 1947 3877 2020; x_wconf 79' lang='grc' dir='ltr'>σάρξ,</span> 
     </span>
    </p>
   </div>
   <div class='ocr_carea' id='block_1_50' title="bbox 2289 2036 3879 2114">
    <p class='ocr_par' dir='ltr' id='par_1_50' title="bbox 2289 2036 3879 2114">
     <span class='ocr_line' id='line_1_50' title="bbox 2289 2036 3879 2114; baseline -0.001 -20"><span class='ocrx_word' id='word_1_370' title='bbox 2289 2041 2410 2114; x_wconf 70' lang='grc' dir='ltr'>ἦτοι</span> <span class='ocrx_word' id='word_1_371' title='bbox 2435 2041 2635 2113; x_wconf 82' lang='grc' dir='ltr'>συνοχὴ</span> <span class='ocrx_word' id='word_1_372' title='bbox 2665 2041 2762 2094; x_wconf 71' lang='grc' dir='ltr'>καὶ</span> <span class='ocrx_word' id='word_1_373' title='bbox 2777 2039 2981 2111; x_wconf 80' lang='grc' dir='ltr'>θλίψις.</span> <span class='ocrx_word' id='word_1_374' title='bbox 3002 2036 3138 2093; x_wconf 78' lang='grc' dir='ltr'>Εἶτα</span> <span class='ocrx_word' id='word_1_375' title='bbox 3162 2039 3324 2093; x_wconf 91' lang='grc' dir='ltr'>τοῦτο</span> <span class='ocrx_word' id='word_1_376' title='bbox 3343 2039 3879 2112; x_wconf 78' lang='grc' dir='ltr'>προσεπυνθάνοντο·</span> 
     </span>
    </p>
   </div>
   <div class='ocr_carea' id='block_1_51' title="bbox 2296 2125 3874 2204">
    <p class='ocr_par' dir='ltr' id='par_1_51' title="bbox 2296 2125 3874 2204">
     <span class='ocr_line' id='line_1_51' title="bbox 2296 2125 3874 2204; baseline -0.003 -20"><span class='ocrx_word' id='word_1_377' title='bbox 2296 2150 2318 2184; x_wconf 80' lang='grc' dir='ltr'><strong>ε</strong></span> <span class='ocrx_word' id='word_1_378' title='bbox 2357 2132 2426 2186; x_wconf 75' lang='grc' dir='ltr'><strong>’Π</strong></span> <span class='ocrx_word' id='word_1_379' title='bbox 2454 2125 2615 2187; x_wconf 68' lang='grc' dir='ltr'>αὗται</span> <span class='ocrx_word' id='word_1_380' title='bbox 2642 2133 2699 2186; x_wconf 87' lang='grc' dir='ltr'><strong>αί</strong></span> <span class='ocrx_word' id='word_1_381' title='bbox 2735 2132 2940 2204; x_wconf 79' lang='grc' dir='ltr'>πληγαὶ</span> <span class='ocrx_word' id='word_1_382' title='bbox 2973 2130 3077 2186; x_wconf 83' lang='grc' dir='ltr'>ἀνὰ</span> <span class='ocrx_word' id='word_1_383' title='bbox 3118 2130 3285 2200; x_wconf 88' lang='grc' dir='ltr'>μέσον</span> <span class='ocrx_word' id='word_1_384' title='bbox 3305 2131 3416 2186; x_wconf 90' lang='grc' dir='ltr'><strong>τῶν</strong></span> <span class='ocrx_word' id='word_1_385' title='bbox 3440 2131 3642 2202; x_wconf 83' lang='grc' dir='ltr'>χειρῶν</span> <span class='ocrx_word' id='word_1_386' title='bbox 3674 2147 3813 2198; x_wconf 78' lang='lat' dir='ltr'><strong>aeu;</strong></span> <span class='ocrx_word' id='word_1_387' title='bbox 3856 2151 3874 2179; x_wconf 77' lang='grc' dir='ltr'><strong>ι</strong></span> 
     </span>
    </p>
   </div>
   <div class='ocr_carea' id='block_1_52' title="bbox 2300 2218 3878 2293">
    <p class='ocr_par' dir='ltr' id='par_1_52' title="bbox 2300 2218 3878 2293">
     <span class='ocr_line' id='line_1_52' title="bbox 2300 2218 3878 2293; baseline -0.001 -19"><span class='ocrx_word' id='word_1_388' title='bbox 2300 2222 2359 2274; x_wconf 87' lang='lat'><strong>&#39;0</strong></span> <span class='ocrx_word' id='word_1_389' title='bbox 2389 2220 2447 2275; x_wconf 72' lang='grc' dir='ltr'>δὶ</span> <span class='ocrx_word' id='word_1_390' title='bbox 2476 2221 2612 2293; x_wconf 73' lang='grc' dir='ltr'>πρὸς</span> <span class='ocrx_word' id='word_1_391' title='bbox 2663 2221 2894 2284; x_wconf 78' lang='grc' dir='ltr'>αὐτούς’</span> <span class='ocrx_word' id='word_1_392' title='bbox 2932 2239 2952 2273; x_wconf 78' lang='grc' dir='ltr'><strong>ι</strong></span> <span class='ocrx_word' id='word_1_393' title='bbox 2997 2223 3094 2284; x_wconf 79' lang='grc' dir='ltr'>Ἀς</span> <span class='ocrx_word' id='word_1_394' title='bbox 3121 2219 3370 2291; x_wconf 68' lang='grc' dir='ltr'>επλήγην</span> <span class='ocrx_word' id='word_1_395' title='bbox 3398 2221 3456 2275; x_wconf 74' lang='grc' dir='ltr'>ὲν</span> <span class='ocrx_word' id='word_1_396' title='bbox 3485 2218 3564 2291; x_wconf 84' lang='grc' dir='ltr'><strong>τῷ</strong></span> <span class='ocrx_word' id='word_1_397' title='bbox 3603 2221 3741 2289; x_wconf 75' lang='grc' dir='ltr'>οῖκῳ</span> <span class='ocrx_word' id='word_1_398' title='bbox 3783 2219 3878 2274; x_wconf 89' lang='grc' dir='ltr'><strong>τοῦ</strong></span> 
     </span>
    </p>
   </div>
   <div class='ocr_carea' id='block_1_53' title="bbox 2288 2311 3880 2385">
    <p class='ocr_par' dir='ltr' id='par_1_53' title="bbox 2288 2311 3880 2385">
     <span class='ocr_line' id='line_1_53' title="bbox 2288 2311 3880 2385; baseline -0.002 -17"><span class='ocrx_word' id='word_1_399' title='bbox 2288 2314 2575 2385; x_wconf 89' lang='grc' dir='ltr'>ἀγαπητοῦ</span> <span class='ocrx_word' id='word_1_400' title='bbox 2609 2331 2734 2385; x_wconf 91' lang='grc' dir='ltr'>μου.</span> <span class='ocrx_word' id='word_1_401' title='bbox 2773 2332 2792 2365; x_wconf 73' lang='grc' dir='ltr'><strong>ι</strong></span> <span class='ocrx_word' id='word_1_402' title='bbox 2826 2313 3039 2384; x_wconf 85' lang='grc' dir='ltr'>Ὠσπερ</span> <span class='ocrx_word' id='word_1_403' title='bbox 3070 2311 3179 2384; x_wconf 81' lang='grc' dir='ltr'><strong>γὰρ</strong></span> <span class='ocrx_word' id='word_1_404' title='bbox 3209 2313 3577 2382; x_wconf 84' lang='grc' dir='ltr'>ἀπιστήσαντι</span> <span class='ocrx_word' id='word_1_405' title='bbox 3607 2311 3685 2383; x_wconf 81' lang='grc' dir='ltr'>τῷ</span> <span class='ocrx_word' id='word_1_406' title='bbox 3705 2311 3880 2382; x_wconf 78' lang='grc' dir='ltr'>Θωμᾷ</span> 
     </span>
    </p>
   </div>
   <div class='ocr_carea' id='block_1_54' title="bbox 2285 2401 3882 2476">
    <p class='ocr_par' dir='ltr' id='par_1_54' title="bbox 2285 2401 3882 2476">
     <span class='ocr_line' id='line_1_54' title="bbox 2285 2401 3882 2476; baseline -0.002 -15"><span class='ocrx_word' id='word_1_407' title='bbox 2285 2405 2751 2476; x_wconf 87' lang='grc' dir='ltr'>οίκονομικώτατα</span> <span class='ocrx_word' id='word_1_408' title='bbox 2775 2405 2897 2459; x_wconf 86' lang='grc' dir='ltr'>λίαν</span> <span class='ocrx_word' id='word_1_409' title='bbox 2926 2405 3020 2459; x_wconf 70' lang='grc' dir='ltr'>καὶ</span> <span class='ocrx_word' id='word_1_410' title='bbox 3050 2403 3192 2475; x_wconf 88' lang='grc' dir='ltr'><strong>μετά</strong></span> <span class='ocrx_word' id='word_1_411' title='bbox 3214 2405 3315 2474; x_wconf 81' lang='grc' dir='ltr'>τὴν</span> <span class='ocrx_word' id='word_1_412' title='bbox 3336 2405 3400 2457; x_wconf 80' lang='grc' dir='ltr'>ὲκ</span> <span class='ocrx_word' id='word_1_413' title='bbox 3416 2401 3629 2476; x_wconf 84' lang='grc' dir='ltr'>νεκρῶν</span> <span class='ocrx_word' id='word_1_414' title='bbox 3645 2402 3882 2458; x_wconf 80' lang='grc' dir='ltr'>ἀνάστα·</span> 
     </span>
    </p>
   </div>
   <div class='ocr_carea' id='block_1_55' title="bbox 2289 2495 3883 2569">
    <p class='ocr_par' dir='ltr' id='par_1_55' title="bbox 2289 2495 3883 2569">
     <span class='ocr_line' id='line_1_55' title="bbox 2289 2495 3883 2569; baseline -0.002 -18"><span class='ocrx_word' id='word_1_415' title='bbox 2289 2515 2374 2552; x_wconf 88' lang='grc' dir='ltr'><strong>σιν</strong></span> <span class='ocrx_word' id='word_1_416' title='bbox 2408 2497 2618 2551; x_wconf 74' lang='grc' dir='ltr'>ἐδείκνυ</span> <span class='ocrx_word' id='word_1_417' title='bbox 2642 2497 2744 2560; x_wconf 82' lang='grc' dir='ltr'>τὰς</span> <span class='ocrx_word' id='word_1_418' title='bbox 2766 2499 2980 2569; x_wconf 80' lang='grc' dir='ltr'>χεῖρας,</span> <span class='ocrx_word' id='word_1_419' title='bbox 3011 2497 3104 2550; x_wconf 71' lang='grc' dir='ltr'>καὶ</span> <span class='ocrx_word' id='word_1_420' title='bbox 3131 2497 3258 2560; x_wconf 80' lang='grc' dir='ltr'>τοὺς</span> <span class='ocrx_word' id='word_1_421' title='bbox 3287 2498 3346 2548; x_wconf 83' lang='grc' dir='ltr'>ὲν</span> <span class='ocrx_word' id='word_1_422' title='bbox 3375 2497 3568 2561; x_wconf 82' lang='grc' dir='ltr'>αὐταῖς</span> <span class='ocrx_word' id='word_1_423' title='bbox 3597 2495 3707 2550; x_wconf 80' lang='grc' dir='ltr'><strong>τῶν</strong></span> <span class='ocrx_word' id='word_1_424' title='bbox 3730 2495 3883 2567; x_wconf 78' lang='grc' dir='ltr'>ἥλων</span> 
     </span>
    </p>
   </div>
   <div class='ocr_carea' id='block_1_56' title="bbox 2285 2587 3879 2660">
    <p class='ocr_par' dir='ltr' id='par_1_56' title="bbox 2285 2587 3879 2660">
     <span class='ocr_line' id='line_1_56' title="bbox 2285 2587 3879 2660; baseline -0.001 -18"><span class='ocrx_word' id='word_1_425' title='bbox 2285 2588 2512 2652; x_wconf 84' lang='grc' dir='ltr'>τύπους,</span> <span class='ocrx_word' id='word_1_426' title='bbox 2545 2589 2804 2643; x_wconf 77' lang='grc' dir='ltr'>ἐκέλευσε</span> <span class='ocrx_word' id='word_1_427' title='bbox 2836 2588 2894 2641; x_wconf 83' lang='grc' dir='ltr'>δὲ</span> <span class='ocrx_word' id='word_1_428' title='bbox 2918 2588 3177 2660; x_wconf 81' lang='grc' dir='ltr'>ψηλαφᾷν</span> <span class='ocrx_word' id='word_1_429' title='bbox 3207 2588 3304 2642; x_wconf 72' lang='grc' dir='ltr'>καὶ</span> <span class='ocrx_word' id='word_1_430' title='bbox 3340 2587 3443 2652; x_wconf 88' lang='grc' dir='ltr'><strong>τάς</strong></span> <span class='ocrx_word' id='word_1_431' title='bbox 3471 2589 3530 2641; x_wconf 76' lang='grc' dir='ltr'>ὲν</span> <span class='ocrx_word' id='word_1_432' title='bbox 3567 2589 3634 2660; x_wconf 68' lang='grc' dir='ltr'>τῇ</span> <span class='ocrx_word' id='word_1_433' title='bbox 3666 2587 3879 2659; x_wconf 74' lang='grc' dir='ltr'>πλευρᾷ</span> 
     </span>
    </p>
   </div>
   <div class='ocr_carea' id='block_1_57' title="bbox 2283 2677 3879 2753">
    <p class='ocr_par' dir='ltr' id='par_1_57' title="bbox 2283 2677 3879 2753">
     <span class='ocr_line' id='line_1_57' title="bbox 2283 2677 3879 2753; baseline -0.001 -19"><span class='ocrx_word' id='word_1_434' title='bbox 2283 2681 2616 2753; x_wconf 87' lang='grc' dir='ltr'>διατρήσεις,</span> <span class='ocrx_word' id='word_1_435' title='bbox 2651 2679 2796 2734; x_wconf 75' lang='grc' dir='ltr'>οὕτω</span> <span class='ocrx_word' id='word_1_436' title='bbox 2836 2681 2930 2734; x_wconf 74' lang='grc' dir='ltr'>καὶ</span> <span class='ocrx_word' id='word_1_437' title='bbox 2961 2682 3020 2733; x_wconf 83' lang='grc' dir='ltr'>ὲν</span> <span class='ocrx_word' id='word_1_438' title='bbox 3063 2677 3278 2751; x_wconf 81' lang='grc' dir='ltr'>οὐρανῷ</span> <span class='ocrx_word' id='word_1_439' title='bbox 3315 2678 3558 2749; x_wconf 86' lang='grc' dir='ltr'>γεγονὼς</span> <span class='ocrx_word' id='word_1_440' title='bbox 3594 2679 3879 2752; x_wconf 78' lang='grc' dir='ltr'>πεπληρο·</span> 
     </span>
    </p>
   </div>
   <div class='ocr_carea' id='block_1_58' title="bbox 2284 2767 3879 2842">
    <p class='ocr_par' dir='ltr' id='par_1_58' title="bbox 2284 2767 3879 2842">
     <span class='ocr_line' id='line_1_58' title="bbox 2284 2767 3879 2842; baseline -0.002 -17"><span class='ocrx_word' id='word_1_441' title='bbox 2284 2773 2498 2842; x_wconf 81' lang='grc' dir='ltr'>φόρηκε</span> <span class='ocrx_word' id='word_1_442' title='bbox 2534 2772 2663 2836; x_wconf 86' lang='grc' dir='ltr'><strong>τούς</strong></span> <span class='ocrx_word' id='word_1_443' title='bbox 2692 2770 2886 2841; x_wconf 80' lang='grc' dir='ltr'>ἁγίους</span> <span class='ocrx_word' id='word_1_444' title='bbox 2914 2769 3204 2838; x_wconf 85' lang='grc' dir='ltr'>ἀγγέλους,</span> <span class='ocrx_word' id='word_1_445' title='bbox 3241 2769 3326 2823; x_wconf 82' lang='grc' dir='ltr'>ὅτι</span> <span class='ocrx_word' id='word_1_446' title='bbox 3352 2768 3584 2833; x_wconf 83' lang='grc' dir='ltr'>δικαίως</span> <span class='ocrx_word' id='word_1_447' title='bbox 3607 2769 3709 2840; x_wconf 81' lang='grc' dir='ltr'>τῆς</span> <span class='ocrx_word' id='word_1_448' title='bbox 3735 2767 3879 2842; x_wconf 78' lang='grc' dir='ltr'>πρὸς</span> 
     </span>
    </p>
   </div>
   <div class='ocr_carea' id='block_1_59' title="bbox 2284 2856 3882 2932">
    <p class='ocr_par' dir='ltr' id='par_1_59' title="bbox 2284 2856 3882 2932">
     <span class='ocr_line' id='line_1_59' title="bbox 2284 2856 3882 2932; baseline -0.001 -18"><span class='ocrx_word' id='word_1_449' title='bbox 2284 2863 2483 2926; x_wconf 82' lang='grc' dir='ltr'>αὐτοὺς</span> <span class='ocrx_word' id='word_1_450' title='bbox 2505 2860 2840 2932; x_wconf 79' lang='grc' dir='ltr'>οἰκειότητος</span> <span class='ocrx_word' id='word_1_451' title='bbox 2875 2859 3198 2930; x_wconf 78' lang='grc' dir='ltr'>ὲκόέόληται</span> <span class='ocrx_word' id='word_1_452' title='bbox 3228 2859 3323 2913; x_wconf 70' lang='grc' dir='ltr'>καὶ</span> <span class='ocrx_word' id='word_1_453' title='bbox 3351 2856 3664 2913; x_wconf 78' lang='grc' dir='ltr'>ἀπιῦλισθεν</span> <span class='ocrx_word' id='word_1_454' title='bbox 3687 2858 3717 2912; x_wconf 88' lang='lat'><strong>6</strong></span> <span class='ocrx_word' id='word_1_455' title='bbox 3738 2857 3882 2928; x_wconf 72' lang='grc' dir='ltr'>ἠγα·</span> 
     </span>
    </p>
   </div>
   <div class='ocr_carea' id='block_1_60' title="bbox 2284 2947 3882 3024">
    <p class='ocr_par' dir='ltr' id='par_1_60' title="bbox 2284 2947 3882 3024">
     <span class='ocr_line' id='line_1_60' title="bbox 2284 2947 3882 3024; baseline -0.002 -19"><span class='ocrx_word' id='word_1_456' title='bbox 2284 2953 2531 3023; x_wconf 71' lang='grc' dir='ltr'>τετιμένος</span> <span class='ocrx_word' id='word_1_457' title='bbox 2575 2951 2808 3024; x_wconf 84' lang='grc' dir='ltr'>Ἰσραήλ.</span> <span class='ocrx_word' id='word_1_458' title='bbox 2846 2949 2946 3004; x_wconf 89' lang='grc' dir='ltr'>Διά</span> <span class='ocrx_word' id='word_1_459' title='bbox 2991 2949 3151 3004; x_wconf 87' lang='grc' dir='ltr'>τοῦτο</span> <span class='ocrx_word' id='word_1_460' title='bbox 3203 2948 3556 3022; x_wconf 79' lang='grc' dir='ltr'>πεφυρμένον</span> <span class='ocrx_word' id='word_1_461' title='bbox 3589 2948 3787 3019; x_wconf 81' lang='grc' dir='ltr'>αἵματι</span> <span class='ocrx_word' id='word_1_462' title='bbox 3816 2947 3882 3003; x_wconf 74' lang='grc' dir='ltr'>τὸ</span> 
     </span>
    </p>
   </div>
   <div class='ocr_carea' id='block_1_61' title="bbox 2284 3039 3880 3116">
    <p class='ocr_par' dir='ltr' id='par_1_61' title="bbox 2284 3039 3880 3116">
     <span class='ocr_line' id='line_1_61' title="bbox 2284 3039 3880 3116; baseline -0.006 -13"><span class='ocrx_word' id='word_1_463' title='bbox 2284 3048 2513 3116; x_wconf 81' lang='grc' dir='ltr'>ἀμφιον,</span> <span class='ocrx_word' id='word_1_464' title='bbox 2542 3044 2636 3098; x_wconf 76' lang='grc' dir='ltr'>καὶ</span> <span class='ocrx_word' id='word_1_465' title='bbox 2675 3043 2777 3105; x_wconf 81' lang='grc' dir='ltr'><strong>τὰς</strong></span> <span class='ocrx_word' id='word_1_466' title='bbox 2820 3044 2878 3095; x_wconf 81' lang='grc' dir='ltr'>ὲν</span> <span class='ocrx_word' id='word_1_467' title='bbox 2915 3041 3104 3113; x_wconf 79' lang='grc' dir='ltr'>χερσὶν</span> <span class='ocrx_word' id='word_1_468' title='bbox 3149 3040 3432 3096; x_wconf 62' lang='grc' dir='ltr'>ἀπεδείκνυ</span> <span class='ocrx_word' id='word_1_469' title='bbox 3486 3039 3727 3106; x_wconf 72' lang='grc' dir='ltr'>πληγὰς,</span> <span class='ocrx_word' id='word_1_470' title='bbox 3775 3040 3880 3095; x_wconf 79' lang='grc' dir='ltr'><strong>οὐκ</strong></span> 
     </span>
    </p>
   </div>
   <div class='ocr_carea' id='block_1_62' title="bbox 602 3130 2182 3209">
    <p class='ocr_par' dir='ltr' id='par_1_62' title="bbox 602 3134 2180 3209">
     <span class='ocr_line' id='line_1_62' title="bbox 602 3134 2180 3209; baseline 0.002 -18"><span class='ocrx_word' id='word_1_471' title='bbox 602 3135 690 3204; x_wconf 88' lang='lat' dir='ltr'><strong>(ex</strong></span> <span class='ocrx_word' id='word_1_472' title='bbox 722 3134 956 3192; x_wconf 88' lang='lat' dir='ltr'><strong>mortuis</strong></span> <span class='ocrx_word' id='word_1_473' title='bbox 989 3137 1138 3192; x_wconf 90' lang='lat' dir='ltr'><strong>enim</strong></span> <span class='ocrx_word' id='word_1_474' title='bbox 1162 3137 1453 3201; x_wconf 80' lang='lat' dir='ltr'><strong>excitatus,</strong></span> <span class='ocrx_word' id='word_1_475' title='bbox 1477 3138 1884 3209; x_wconf 86' lang='lat' dir='ltr'><strong>corruptionem</strong></span> <span class='ocrx_word' id='word_1_476' title='bbox 1907 3146 1962 3194; x_wconf 92' lang='lat' dir='ltr'><strong>et</strong></span> <span class='ocrx_word' id='word_1_477' title='bbox 1982 3147 2180 3194; x_wconf 58' lang='lat' dir='ltr'><strong>caetera</strong></span> 
     </span>
    </p>
   </div>
   <div class='ocr_carea' id='block_1_63' title="bbox 2284 3130 3881 3209">
    <p class='ocr_par' dir='ltr' id='par_1_63' title="bbox 2284 3130 3881 3206">
     <span class='ocr_line' id='line_1_63' title="bbox 2284 3130 3881 3206; baseline -0.002 -17"><span class='ocrx_word' id='word_1_478' title='bbox 2284 3135 2698 3206; x_wconf 79' lang='grc' dir='ltr'>ἀναποσλήτους</span> <span class='ocrx_word' id='word_1_479' title='bbox 2725 3132 2865 3204; x_wconf 74' lang='grc' dir='ltr'>ἔχων</span> <span class='ocrx_word' id='word_1_480' title='bbox 2892 3133 3063 3196; x_wconf 81' lang='grc' dir='ltr'>αὐτὰς</span> <span class='ocrx_word' id='word_1_481' title='bbox 3087 3131 3106 3203; x_wconf 88' lang='grc'>(</span> <span class='ocrx_word' id='word_1_482' title='bbox 3127 3130 3501 3204; x_wconf 72' lang='grc' dir='ltr'>ἐγηγερμένος</span> <span class='ocrx_word' id='word_1_483' title='bbox 3537 3131 3648 3205; x_wconf 79' lang='grc' dir='ltr'>γὰρ</span> <span class='ocrx_word' id='word_1_484' title='bbox 3694 3131 3764 3186; x_wconf 72' lang='lat' dir='ltr'><strong>lat</strong></span> <span class='ocrx_word' id='word_1_485' title='bbox 3798 3147 3881 3186; x_wconf 79' lang='lat' dir='ltr'><strong>vs-</strong></span> 
     </span>
    </p>
   </div>
   <div class='ocr_carea' id='block_1_64' title="bbox 600 3225 2174 3298">
    <p class='ocr_par' dir='ltr' id='par_1_64' title="bbox 600 3225 2174 3298">
     <span class='ocr_line' id='line_1_64' title="bbox 600 3225 2174 3298; baseline 0.001 -19"><span class='ocrx_word' id='word_1_486' title='bbox 600 3225 785 3280; x_wconf 90' lang='lat' dir='ltr'><strong>omnia</strong></span> <span class='ocrx_word' id='word_1_487' title='bbox 819 3241 941 3296; x_wconf 64' lang='lat' dir='ltr'><strong>quae</strong></span> <span class='ocrx_word' id='word_1_488' title='bbox 965 3242 1032 3281; x_wconf 85' lang='lat' dir='ltr'><strong>ex</strong></span> <span class='ocrx_word' id='word_1_489' title='bbox 1065 3226 1156 3280; x_wconf 92' lang='lat' dir='ltr'><strong>illa</strong></span> <span class='ocrx_word' id='word_1_490' title='bbox 1200 3237 1379 3292; x_wconf 88' lang='lat' dir='ltr'><strong>erant,</strong></span> <span class='ocrx_word' id='word_1_491' title='bbox 1428 3227 1652 3298; x_wconf 87' lang='lat' dir='ltr'><strong>penitus</strong></span> <span class='ocrx_word' id='word_1_492' title='bbox 1707 3225 1920 3296; x_wconf 89' lang='lat' dir='ltr'><strong>exuit),</strong></span> <span class='ocrx_word' id='word_1_493' title='bbox 1966 3227 2064 3283; x_wconf 88' lang='lat' dir='ltr'><strong>sed</strong></span> <span class='ocrx_word' id='word_1_494' title='bbox 2095 3236 2174 3294; x_wconf 91' lang='lat' dir='ltr'><strong>ut,</strong></span> 
     </span>
    </p>
   </div>
   <div class='ocr_carea' id='block_1_65' title="bbox 600 3316 2179 3390">
    <p class='ocr_par' dir='ltr' id='par_1_65' title="bbox 600 3316 2179 3390">
     <span class='ocr_line' id='line_1_65' title="bbox 600 3316 2179 3390; baseline 0.001 -20"><span class='ocrx_word' id='word_1_495' title='bbox 600 3316 1061 3386; x_wconf 81' lang='lat' dir='ltr'><strong>quemadmodum</strong></span> <span class='ocrx_word' id='word_1_496' title='bbox 1078 3316 1573 3380; x_wconf 81' lang='lat' dir='ltr'><strong>dixi,multiformis</strong></span> <span class='ocrx_word' id='word_1_497' title='bbox 1591 3317 1860 3388; x_wconf 87' lang='lat' dir='ltr'><strong>sapientia</strong></span> <span class='ocrx_word' id='word_1_498' title='bbox 1878 3317 1998 3383; x_wconf 89' lang='lat' dir='ltr'><strong>Dei,</strong></span> <span class='ocrx_word' id='word_1_499' title='bbox 2013 3333 2179 3390; x_wconf 84' lang='lat' dir='ltr'><strong>quam</strong></span> 
     </span>
    </p>
   </div>
   <div class='ocr_carea' id='block_1_66' title="bbox 603 3407 2182 3481">
    <p class='ocr_par' dir='ltr' id='par_1_66' title="bbox 603 3407 2182 3481">
     <span class='ocr_line' id='line_1_66' title="bbox 603 3407 2182 3481; baseline 0.002 -20"><span class='ocrx_word' id='word_1_500' title='bbox 603 3408 658 3462; x_wconf 88' lang='lat' dir='ltr'><strong>in</strong></span> <span class='ocrx_word' id='word_1_501' title='bbox 691 3407 911 3463; x_wconf 88' lang='lat' dir='ltr'><strong>Christo</strong></span> <span class='ocrx_word' id='word_1_502' title='bbox 947 3407 1253 3464; x_wconf 87' lang='lat' dir='ltr'><strong>secundum</strong></span> <span class='ocrx_word' id='word_1_503' title='bbox 1309 3419 1578 3465; x_wconf 63' lang='lat' dir='ltr'><strong>aeternum</strong></span> <span class='ocrx_word' id='word_1_504' title='bbox 1641 3409 1982 3481; x_wconf 89' lang='lat' dir='ltr'><strong>propositum</strong></span> <span class='ocrx_word' id='word_1_505' title='bbox 2027 3409 2182 3464; x_wconf 87' lang='lat' dir='ltr'><strong>exhi-</strong></span> 
     </span>
    </p>
   </div>
   <div class='ocr_carea' id='block_1_67' title="bbox 599 3499 2180 3573">
    <p class='ocr_par' dir='ltr' id='par_1_67' title="bbox 599 3499 2180 3573">
     <span class='ocr_line' id='line_1_67' title="bbox 599 3499 2180 3573; baseline 0.001 -17"><span class='ocrx_word' id='word_1_506' title='bbox 599 3499 742 3563; x_wconf 89' lang='lat' dir='ltr'><strong>buit,</strong></span> <span class='ocrx_word' id='word_1_507' title='bbox 768 3515 867 3571; x_wconf 92' lang='lat' dir='ltr'><strong>per</strong></span> <span class='ocrx_word' id='word_1_508' title='bbox 898 3501 1198 3556; x_wconf 87' lang='lat' dir='ltr'><strong>Ecclesiam</strong></span> <span class='ocrx_word' id='word_1_509' title='bbox 1267 3502 1673 3573; x_wconf 85' lang='lat' dir='ltr'><strong>principatibus</strong></span> <span class='ocrx_word' id='word_1_510' title='bbox 1735 3512 1791 3557; x_wconf 90' lang='lat' dir='ltr'><strong>et</strong></span> <span class='ocrx_word' id='word_1_511' title='bbox 1811 3501 2180 3573; x_wconf 84' lang='lat' dir='ltr'><strong>potestatibus</strong></span> 
     </span>
    </p>
   </div>
   <div class='ocr_carea' id='block_1_68' title="bbox 600 3592 2173 3665">
    <p class='ocr_par' dir='ltr' id='par_1_68' title="bbox 600 3592 2173 3665">
     <span class='ocr_line' id='line_1_68' title="bbox 600 3592 2173 3665; baseline 0.001 -18"><span class='ocrx_word' id='word_1_512' title='bbox 600 3592 656 3648; x_wconf 91' lang='lat' dir='ltr'><strong>in</strong></span> <span class='ocrx_word' id='word_1_513' title='bbox 701 3592 1188 3661; x_wconf 73' lang='lat' dir='ltr'><strong>supercmlestibus</strong></span> <span class='ocrx_word' id='word_1_514' title='bbox 1241 3593 1640 3665; x_wconf 85' lang='lat' dir='ltr'><strong>dispensatorie</strong></span> <span class='ocrx_word' id='word_1_515' title='bbox 1677 3610 1827 3650; x_wconf 86' lang='lat' dir='ltr'><strong>nunc</strong></span> <span class='ocrx_word' id='word_1_516' title='bbox 1862 3593 2173 3665; x_wconf 81' lang='lat' dir='ltr'><strong>pateﬁeret.</strong></span> 
     </span>
    </p>
   </div>
   <div class='ocr_carea' id='block_1_69' title="bbox 597 3683 2174 3755">
    <p class='ocr_par' dir='ltr' id='par_1_69' title="bbox 597 3683 2174 3755">
     <span class='ocr_line' id='line_1_69' title="bbox 597 3683 2174 3755; baseline -0.003 -14"><span class='ocrx_word' id='word_1_517' title='bbox 597 3685 678 3741; x_wconf 83' lang='lat' dir='ltr'><strong>ita</strong></span> <span class='ocrx_word' id='word_1_518' title='bbox 703 3685 852 3740; x_wconf 90' lang='lat' dir='ltr'><strong>enim</strong></span> <span class='ocrx_word' id='word_1_519' title='bbox 881 3683 1289 3740; x_wconf 86' lang='lat' dir='ltr'><strong>sacratissimus</strong></span> <span class='ocrx_word' id='word_1_520' title='bbox 1304 3685 1508 3741; x_wconf 85' lang='lat' dir='ltr'><strong>Paulus</strong></span> <span class='ocrx_word' id='word_1_521' title='bbox 1523 3685 1853 3755; x_wconf 88' lang='lat' dir='ltr'><strong>quihusdam</strong></span> <span class='ocrx_word' id='word_1_522' title='bbox 1879 3683 2074 3740; x_wconf 89' lang='lat' dir='ltr'><strong>scribit</strong></span> <span class='ocrx_word' id='word_1_523' title='bbox 2107 3684 2174 3736; x_wconf 78' lang='lat'>”.</span> 
     </span>
    </p>
   </div>
   <div class='ocr_carea' id='block_1_70' title="bbox 599 3776 2177 3848">
    <p class='ocr_par' dir='ltr' id='par_1_70' title="bbox 599 3776 2177 3848">
     <span class='ocr_line' id='line_1_70' title="bbox 599 3776 2177 3848; baseline -0.001 -16"><span class='ocrx_word' id='word_1_524' title='bbox 599 3777 755 3833; x_wconf 89' lang='lat' dir='ltr'><strong>Sicut</strong></span> <span class='ocrx_word' id='word_1_525' title='bbox 782 3793 912 3848; x_wconf 88' lang='lat' dir='ltr'><strong>ergo</strong></span> <span class='ocrx_word' id='word_1_526' title='bbox 940 3777 994 3831; x_wconf 94' lang='lat' dir='ltr'><strong>in</strong></span> <span class='ocrx_word' id='word_1_527' title='bbox 1039 3776 1258 3832; x_wconf 89' lang='lat' dir='ltr'><strong>duobus</strong></span> <span class='ocrx_word' id='word_1_528' title='bbox 1293 3777 1465 3832; x_wconf 89' lang='lat' dir='ltr'><strong>hircis</strong></span> <span class='ocrx_word' id='word_1_529' title='bbox 1502 3777 1791 3834; x_wconf 82' lang='lat' dir='ltr'><strong>manifeste</strong></span> <span class='ocrx_word' id='word_1_530' title='bbox 1840 3776 2177 3832; x_wconf 84' lang='lat' dir='ltr'><strong>delineatum</strong></span> 
     </span>
    </p>
   </div>
   <div class='ocr_carea' id='block_1_71' title="bbox 597 3868 2174 3942">
    <p class='ocr_par' dir='ltr' id='par_1_71' title="bbox 597 3868 2174 3942">
     <span class='ocr_line' id='line_1_71' title="bbox 597 3868 2174 3942; baseline 0.002 -20"><span class='ocrx_word' id='word_1_531' title='bbox 597 3879 683 3926; x_wconf 67' lang='lat' dir='ltr'><strong>est</strong></span> <span class='ocrx_word' id='word_1_532' title='bbox 717 3868 921 3926; x_wconf 87' lang='lat' dir='ltr'><strong>Christi</strong></span> <span class='ocrx_word' id='word_1_533' title='bbox 959 3869 1303 3940; x_wconf 85' lang='lat' dir='ltr'><strong>mysterium,</strong></span> <span class='ocrx_word' id='word_1_534' title='bbox 1329 3869 1404 3925; x_wconf 92' lang='lat' dir='ltr'><strong>ita</strong></span> <span class='ocrx_word' id='word_1_535' title='bbox 1431 3870 1487 3926; x_wconf 89' lang='lat' dir='ltr'><strong>in</strong></span> <span class='ocrx_word' id='word_1_536' title='bbox 1525 3870 1744 3926; x_wconf 88' lang='lat' dir='ltr'><strong>duobus</strong></span> <span class='ocrx_word' id='word_1_537' title='bbox 1783 3884 2003 3942; x_wconf 90' lang='lat' dir='ltr'><strong>quoque</strong></span> <span class='ocrx_word' id='word_1_538' title='bbox 2045 3885 2174 3940; x_wconf 86' lang='lat' dir='ltr'><strong>pas-</strong></span> 
     </span>
    </p>
   </div>
   <div class='ocr_carea' id='block_1_72' title="bbox 597 3963 2178 4035">
    <p class='ocr_par' dir='ltr' id='par_1_72' title="bbox 597 3963 2178 4035">
     <span class='ocr_line' id='line_1_72' title="bbox 597 3963 2178 4035; baseline 0 -15"><span class='ocrx_word' id='word_1_539' title='bbox 597 3964 832 4020; x_wconf 87' lang='lat' dir='ltr'><strong>seribus.</strong></span> <span class='ocrx_word' id='word_1_540' title='bbox 878 3963 1022 4019; x_wconf 91' lang='lat' dir='ltr'><strong>Dicit</strong></span> <span class='ocrx_word' id='word_1_541' title='bbox 1053 3971 1237 4019; x_wconf 86' lang='lat' dir='ltr'><strong>autem</strong></span> <span class='ocrx_word' id='word_1_542' title='bbox 1263 3964 1492 4021; x_wconf 77' lang='lat' dir='ltr'><strong>fortasse</strong></span> <span class='ocrx_word' id='word_1_543' title='bbox 1532 3965 1847 4035; x_wconf 88' lang='lat' dir='ltr'><strong>quispiam:</strong></span> <span class='ocrx_word' id='word_1_544' title='bbox 1890 3963 2178 4031; x_wconf 87' lang='lat' dir='ltr'><strong>Quomodo</strong></span> 
     </span>
    </p>
   </div>
   <div class='ocr_carea' id='block_1_73' title="bbox 599 4055 2175 4116">
    <p class='ocr_par' dir='ltr' id='par_1_73' title="bbox 599 4055 2175 4116">
     <span class='ocr_line' id='line_1_73' title="bbox 599 4055 2175 4116; baseline -0.001 -3"><span class='ocrx_word' id='word_1_545' title='bbox 599 4071 770 4113; x_wconf 88' lang='lat' dir='ltr'><strong>unum</strong></span> <span class='ocrx_word' id='word_1_546' title='bbox 797 4063 853 4112; x_wconf 91' lang='lat' dir='ltr'><strong>et</strong></span> <span class='ocrx_word' id='word_1_547' title='bbox 876 4055 1133 4111; x_wconf 90' lang='lat' dir='ltr'><strong>eumdem</strong></span> <span class='ocrx_word' id='word_1_548' title='bbox 1175 4056 1315 4112; x_wconf 91' lang='lat' dir='ltr'><strong>dicis</strong></span> <span class='ocrx_word' id='word_1_549' title='bbox 1374 4072 1496 4114; x_wconf 88' lang='lat' dir='ltr'><strong>esse</strong></span> <span class='ocrx_word' id='word_1_550' title='bbox 1552 4057 1749 4113; x_wconf 86' lang='lat' dir='ltr'><strong>Filium</strong></span> <span class='ocrx_word' id='word_1_551' title='bbox 1797 4068 1853 4116; x_wconf 91' lang='lat' dir='ltr'><strong>et</strong></span> <span class='ocrx_word' id='word_1_552' title='bbox 1881 4057 2175 4114; x_wconf 90' lang='lat' dir='ltr'><strong>Dominum</strong></span> 
     </span>
    </p>
   </div>
   <div class='ocr_carea' id='block_1_74' title="bbox 595 4145 2175 4221">
    <p class='ocr_par' dir='ltr' id='par_1_74' title="bbox 595 4145 2175 4221">
     <span class='ocr_line' id='line_1_74' title="bbox 595 4145 2175 4221; baseline 0 -17"><span class='ocrx_word' id='word_1_553' title='bbox 595 4148 784 4204; x_wconf 69' lang='lat' dir='ltr'><strong>Iesum</strong></span> <span class='ocrx_word' id='word_1_554' title='bbox 821 4145 1124 4211; x_wconf 86' lang='lat' dir='ltr'><strong>Christum,</strong></span> <span class='ocrx_word' id='word_1_555' title='bbox 1147 4161 1272 4201; x_wconf 91' lang='lat' dir='ltr'><strong>cum</strong></span> <span class='ocrx_word' id='word_1_556' title='bbox 1311 4148 1422 4204; x_wconf 93' lang='lat' dir='ltr'><strong>duo</strong></span> <span class='ocrx_word' id='word_1_557' title='bbox 1459 4149 1595 4204; x_wconf 86' lang='lat' dir='ltr'><strong>hirci</strong></span> <span class='ocrx_word' id='word_1_558' title='bbox 1623 4158 1682 4205; x_wconf 90' lang='lat' dir='ltr'><strong>et</strong></span> <span class='ocrx_word' id='word_1_559' title='bbox 1701 4149 1811 4205; x_wconf 89' lang='lat' dir='ltr'><strong>duo</strong></span> <span class='ocrx_word' id='word_1_560' title='bbox 1835 4164 2087 4221; x_wconf 88' lang='lat' dir='ltr'><strong>passeres</strong></span> <span class='ocrx_word' id='word_1_561' title='bbox 2119 4149 2175 4204; x_wconf 92' lang='lat' dir='ltr'><strong>in</strong></span> 
     </span>
    </p>
   </div>
   <div class='ocr_carea' id='block_1_75' title="bbox 597 4239 2185 4316">
    <p class='ocr_par' dir='ltr' id='par_1_75' title="bbox 597 4239 2185 4316">
     <span class='ocr_line' id='line_1_75' title="bbox 597 4239 2185 4316; baseline 0.003 -19"><span class='ocrx_word' id='word_1_562' title='bbox 597 4241 840 4298; x_wconf 89' lang='lat' dir='ltr'><strong>medium</strong></span> <span class='ocrx_word' id='word_1_563' title='bbox 866 4239 1086 4296; x_wconf 77' lang='lat' dir='ltr'><strong>adducti</strong></span> <span class='ocrx_word' id='word_1_564' title='bbox 1125 4241 1268 4298; x_wconf 82' lang='lat' dir='ltr'><strong>sint?</strong></span> <span class='ocrx_word' id='word_1_565' title='bbox 1293 4242 1552 4314; x_wconf 89' lang='lat' dir='ltr'><strong>Nunquid</strong></span> <span class='ocrx_word' id='word_1_566' title='bbox 1611 4244 1696 4300; x_wconf 92' lang='lat' dir='ltr'><strong>lex</strong></span> <span class='ocrx_word' id='word_1_567' title='bbox 1747 4260 1844 4316; x_wconf 90' lang='lat' dir='ltr'><strong>per</strong></span> <span class='ocrx_word' id='word_1_568' title='bbox 1894 4245 2001 4301; x_wconf 90' lang='lat' dir='ltr'><strong>hoc</strong></span> <span class='ocrx_word' id='word_1_569' title='bbox 2029 4245 2185 4302; x_wconf 83' lang='lat' dir='ltr'><strong>clare-</strong></span> 
     </span>
    </p>
   </div>
   <div class='ocr_carea' id='block_1_76' title="bbox 597 4334 2176 4395">
    <p class='ocr_par' dir='ltr' id='par_1_76' title="bbox 597 4334 2176 4395">
     <span class='ocr_line' id='line_1_76' title="bbox 597 4334 2176 4395; baseline 0.005 -9"><span class='ocrx_word' id='word_1_570' title='bbox 597 4334 841 4391; x_wconf 78' lang='lat' dir='ltr'><strong>ostendit</strong></span> <span class='ocrx_word' id='word_1_571' title='bbox 873 4334 1014 4390; x_wconf 89' lang='lat' dir='ltr'><strong>duos</strong></span> <span class='ocrx_word' id='word_1_572' title='bbox 1031 4335 1262 4395; x_wconf 76' lang='lat' dir='ltr'><strong>omnino</strong></span> <span class='ocrx_word' id='word_1_573' title='bbox 1281 4335 1449 4392; x_wconf 86' lang='lat' dir='ltr'><strong>Filios</strong></span> <span class='ocrx_word' id='word_1_574' title='bbox 1471 4347 1527 4393; x_wconf 90' lang='lat' dir='ltr'><strong>et</strong></span> <span class='ocrx_word' id='word_1_575' title='bbox 1561 4335 1813 4394; x_wconf 88' lang='lat' dir='ltr'><strong>Christos</strong></span> <span class='ocrx_word' id='word_1_576' title='bbox 1833 4338 1996 4394; x_wconf 84' lang='lat' dir='ltr'><strong>esse?</strong></span> <span class='ocrx_word' id='word_1_577' title='bbox 2025 4338 2093 4393; x_wconf 87' lang='lat' dir='ltr'><strong>Et</strong></span> <span class='ocrx_word' id='word_1_578' title='bbox 2119 4340 2176 4394; x_wconf 89' lang='lat' dir='ltr'><strong>in</strong></span> 
     </span>
    </p>
   </div>
   <div class='ocr_carea' id='block_1_77' title="bbox 597 4427 2170 4503">
    <p class='ocr_par' dir='ltr' id='par_1_77' title="bbox 597 4427 2170 4503">
     <span class='ocr_line' id='line_1_77' title="bbox 597 4427 2170 4503; baseline 0.004 -21"><span class='ocrx_word' id='word_1_579' title='bbox 597 4427 740 4484; x_wconf 86' lang='lat' dir='ltr'><strong>hanc</strong></span> <span class='ocrx_word' id='word_1_580' title='bbox 759 4443 978 4498; x_wconf 86' lang='lat' dir='ltr'><strong>quoque</strong></span> <span class='ocrx_word' id='word_1_581' title='bbox 1005 4428 1342 4497; x_wconf 83' lang='lat' dir='ltr'><strong>impietatem</strong></span> <span class='ocrx_word' id='word_1_582' title='bbox 1384 4429 1554 4500; x_wconf 89' lang='lat' dir='ltr'><strong>aliqui</strong></span> <span class='ocrx_word' id='word_1_583' title='bbox 1587 4432 1700 4502; x_wconf 84' lang='lat' dir='ltr'><strong>jam</strong></span> <span class='ocrx_word' id='word_1_584' title='bbox 1725 4431 1968 4503; x_wconf 87' lang='lat' dir='ltr'><strong>prolapsi</strong></span> <span class='ocrx_word' id='word_1_585' title='bbox 2020 4442 2170 4498; x_wconf 86' lang='lat' dir='ltr'><strong>sunt,</strong></span> 
     </span>
    </p>
   </div>
   <div class='ocr_carea' id='block_1_78' title="bbox 597 4520 2175 4592">
    <p class='ocr_par' dir='ltr' id='par_1_78' title="bbox 597 4520 2175 4592">
     <span class='ocr_line' id='line_1_78' title="bbox 597 4520 2175 4592; baseline 0.005 -19"><span class='ocrx_word' id='word_1_586' title='bbox 597 4531 660 4576; x_wconf 84' lang='lat' dir='ltr'><strong>ut</strong></span> <span class='ocrx_word' id='word_1_587' title='bbox 695 4520 860 4576; x_wconf 90' lang='lat' dir='ltr'><strong>alium</strong></span> <span class='ocrx_word' id='word_1_588' title='bbox 886 4521 1118 4576; x_wconf 90' lang='lat' dir='ltr'><strong>seorsim</strong></span> <span class='ocrx_word' id='word_1_589' title='bbox 1148 4529 1205 4576; x_wconf 90' lang='lat' dir='ltr'><strong>et</strong></span> <span class='ocrx_word' id='word_1_590' title='bbox 1235 4537 1334 4592; x_wconf 91' lang='lat' dir='ltr'><strong>per</strong></span> <span class='ocrx_word' id='word_1_591' title='bbox 1365 4538 1422 4578; x_wconf 91' lang='lat' dir='ltr'><strong>se</strong></span> <span class='ocrx_word' id='word_1_592' title='bbox 1449 4522 1729 4581; x_wconf 90' lang='lat' dir='ltr'><strong>Christum</strong></span> <span class='ocrx_word' id='word_1_593' title='bbox 1761 4540 1884 4580; x_wconf 86' lang='lat' dir='ltr'><strong>esse</strong></span> <span class='ocrx_word' id='word_1_594' title='bbox 1906 4523 2092 4580; x_wconf 87' lang='lat' dir='ltr'><strong>dicant</strong></span> <span class='ocrx_word' id='word_1_595' title='bbox 2118 4534 2175 4581; x_wconf 91' lang='lat' dir='ltr'><strong>et</strong></span> 
     </span>
    </p>
   </div>
   <div class='ocr_carea' id='block_1_79' title="bbox 599 4611 2176 4682">
    <p class='ocr_par' dir='ltr' id='par_1_79' title="bbox 599 4611 2176 4682">
     <span class='ocr_line' id='line_1_79' title="bbox 599 4611 2176 4682; baseline 0.004 -17"><span class='ocrx_word' id='word_1_596' title='bbox 599 4611 841 4669; x_wconf 80' lang='lat' dir='ltr'><strong>sentiant</strong></span> <span class='ocrx_word' id='word_1_597' title='bbox 867 4611 1132 4676; x_wconf 81' lang='lat' dir='ltr'><strong>Verbum,</strong></span> <span class='ocrx_word' id='word_1_598' title='bbox 1165 4612 1313 4682; x_wconf 87' lang='lat' dir='ltr'><strong>quod</strong></span> <span class='ocrx_word' id='word_1_599' title='bbox 1334 4629 1403 4669; x_wconf 93' lang='lat' dir='ltr'><strong>ex</strong></span> <span class='ocrx_word' id='word_1_600' title='bbox 1428 4613 1591 4670; x_wconf 81' lang='lat' dir='ltr'><strong>Patre</strong></span> <span class='ocrx_word' id='word_1_601' title='bbox 1615 4624 1730 4682; x_wconf 90' lang='lat' dir='ltr'><strong>est;</strong></span> <span class='ocrx_word' id='word_1_602' title='bbox 1756 4624 1812 4672; x_wconf 90' lang='lat' dir='ltr'><strong>et</strong></span> <span class='ocrx_word' id='word_1_603' title='bbox 1843 4615 2014 4671; x_wconf 90' lang='lat' dir='ltr'><strong>alium</strong></span> <span class='ocrx_word' id='word_1_604' title='bbox 2047 4632 2176 4672; x_wconf 90' lang='lat' dir='ltr'><strong>rur-</strong></span> 
     </span>
    </p>
   </div>
   <div class='ocr_carea' id='block_1_80' title="bbox 598 4702 2184 4771">
    <p class='ocr_par' dir='ltr' id='par_1_80' title="bbox 598 4702 2184 4771">
     <span class='ocr_line' id='line_1_80' title="bbox 598 4702 2184 4771; baseline 0.004 -16"><span class='ocrx_word' id='word_1_605' title='bbox 598 4715 693 4756; x_wconf 79' lang='lat' dir='ltr'><strong>sus</strong></span> <span class='ocrx_word' id='word_1_606' title='bbox 724 4714 873 4766; x_wconf 88' lang='lat' dir='ltr'><strong>eum,</strong></span> <span class='ocrx_word' id='word_1_607' title='bbox 903 4702 998 4771; x_wconf 88' lang='lat' dir='ltr'><strong>qui</strong></span> <span class='ocrx_word' id='word_1_608' title='bbox 1025 4717 1092 4758; x_wconf 91' lang='lat' dir='ltr'><strong>ex</strong></span> <span class='ocrx_word' id='word_1_609' title='bbox 1114 4703 1327 4760; x_wconf 86' lang='lat' dir='ltr'><strong>semine</strong></span> <span class='ocrx_word' id='word_1_610' title='bbox 1361 4705 1538 4760; x_wconf 82' lang='lat' dir='ltr'><strong>David</strong></span> <span class='ocrx_word' id='word_1_611' title='bbox 1573 4715 1730 4763; x_wconf 88' lang='lat' dir='ltr'><strong>ortus</strong></span> <span class='ocrx_word' id='word_1_612' title='bbox 1753 4714 1857 4763; x_wconf 82' lang='lat' dir='ltr'><strong>est.</strong></span> <span class='ocrx_word' id='word_1_613' title='bbox 1885 4706 1999 4763; x_wconf 83' lang='lat' dir='ltr'><strong>Nos</strong></span> <span class='ocrx_word' id='word_1_614' title='bbox 2041 4721 2184 4764; x_wconf 85' lang='lat' dir='ltr'><strong>vero</strong></span> 
     </span>
    </p>
   </div>
   <div class='ocr_carea' id='block_1_81' title="bbox 599 4791 2173 4868">
    <p class='ocr_par' dir='ltr' id='par_1_81' title="bbox 599 4791 2173 4868">
     <span class='ocr_line' id='line_1_81' title="bbox 599 4791 2173 4868; baseline 0.006 -24"><span class='ocrx_word' id='word_1_615' title='bbox 599 4791 687 4846; x_wconf 89' lang='lat' dir='ltr'><strong>his</strong></span> <span class='ocrx_word' id='word_1_616' title='bbox 712 4791 805 4862; x_wconf 91' lang='lat' dir='ltr'><strong>qui</strong></span> <span class='ocrx_word' id='word_1_617' title='bbox 829 4807 897 4847; x_wconf 89' lang='lat' dir='ltr'><strong>ex</strong></span> <span class='ocrx_word' id='word_1_618' title='bbox 914 4791 1128 4849; x_wconf 85' lang='lat' dir='ltr'><strong>inscitia</strong></span> <span class='ocrx_word' id='word_1_619' title='bbox 1152 4793 1211 4849; x_wconf 91' lang='lat' dir='ltr'><strong>id</strong></span> <span class='ocrx_word' id='word_1_620' title='bbox 1221 4793 1511 4853; x_wconf 88' lang='lat' dir='ltr'><strong>itahabere</strong></span> <span class='ocrx_word' id='word_1_621' title='bbox 1526 4797 1898 4868; x_wconf 86' lang='lat' dir='ltr'><strong>suspicantur,</strong></span> <span class='ocrx_word' id='word_1_622' title='bbox 1918 4797 2173 4865; x_wconf 85' lang='lat' dir='ltr'><strong>dicimus,</strong></span> 
     </span>
    </p>
   </div>
   <div class='ocr_carea' id='block_1_82' title="bbox 597 4882 2176 4960">
    <p class='ocr_par' dir='ltr' id='par_1_82' title="bbox 597 4882 2176 4960">
     <span class='ocr_line' id='line_1_82' title="bbox 597 4882 2176 4960; baseline 0.006 -22"><span class='ocrx_word' id='word_1_623' title='bbox 597 4882 742 4954; x_wconf 81' lang='lat' dir='ltr'><strong>apud</strong></span> <span class='ocrx_word' id='word_1_624' title='bbox 773 4882 1024 4939; x_wconf 82' lang='lat' dir='ltr'><strong>divinum</strong></span> <span class='ocrx_word' id='word_1_625' title='bbox 1043 4884 1273 4942; x_wconf 86' lang='lat' dir='ltr'><strong>Paulum</strong></span> <span class='ocrx_word' id='word_1_626' title='bbox 1305 4889 1573 4960; x_wconf 88' lang='lat' dir='ltr'><strong>scriptum</strong></span> <span class='ocrx_word' id='word_1_627' title='bbox 1599 4898 1840 4957; x_wconf 78' lang='lat' dir='ltr'><strong>exstare,</strong></span> <span class='ocrx_word' id='word_1_628' title='bbox 1858 4905 2030 4946; x_wconf 89' lang='lat' dir='ltr'><strong>unum</strong></span> <span class='ocrx_word' id='word_1_629' title='bbox 2055 4905 2176 4947; x_wconf 82' lang='lat' dir='ltr'><strong>esse</strong></span> 
     </span>
    </p>
   </div>
   <div class='ocr_carea' id='block_1_83' title="bbox 595 4973 2174 5053">
    <p class='ocr_par' dir='ltr' id='par_1_83' title="bbox 595 4973 2174 5053">
     <span class='ocr_line' id='line_1_83' title="bbox 595 4973 2174 5053; baseline 0.006 -24"><span class='ocrx_word' id='word_1_630' title='bbox 595 4973 1080 5040; x_wconf 89' lang='lat' dir='ltr'><strong>Dominum,unam</strong></span> <span class='ocrx_word' id='word_1_631' title='bbox 1099 4974 1456 5044; x_wconf 78' lang='lat' dir='ltr'><strong>ﬁdem,unum</strong></span> <span class='ocrx_word' id='word_1_632' title='bbox 1470 4979 1780 5052; x_wconf 81' lang='lat' dir='ltr'><strong>baptisma&quot;</strong></span> <span class='ocrx_word' id='word_1_633' title='bbox 1793 4981 2174 5053; x_wconf 82' lang='lat' dir='ltr'><strong>.Quapropter.</strong></span> 
     </span>
    </p>
   </div>
   <div class='ocr_carea' id='block_1_84' title="bbox 597 5062 2179 5143">
    <p class='ocr_par' dir='ltr' id='par_1_84' title="bbox 597 5062 2179 5143">
     <span class='ocr_line' id='line_1_84' title="bbox 597 5062 2179 5143; baseline 0.008 -25"><span class='ocrx_word' id='word_1_634' title='bbox 597 5062 797 5119; x_wconf 85' lang='lat' dir='ltr'><strong>siduos</strong></span> <span class='ocrx_word' id='word_1_635' title='bbox 816 5063 984 5121; x_wconf 82' lang='lat' dir='ltr'><strong>Filios</strong></span> <span class='ocrx_word' id='word_1_636' title='bbox 1005 5080 1128 5122; x_wconf 86' lang='lat' dir='ltr'><strong>esse</strong></span> <span class='ocrx_word' id='word_1_637' title='bbox 1152 5065 1412 5134; x_wconf 80' lang='lat' dir='ltr'><strong>dixerint,</strong></span> <span class='ocrx_word' id='word_1_638' title='bbox 1433 5070 1546 5126; x_wconf 90' lang='lat' dir='ltr'><strong>duo</strong></span> <span class='ocrx_word' id='word_1_639' title='bbox 1570 5069 1737 5128; x_wconf 86' lang='lat' dir='ltr'><strong>etiam</strong></span> <span class='ocrx_word' id='word_1_640' title='bbox 1769 5081 2179 5143; x_wconf 73' lang='lat' dir='ltr'><strong>promiserunt</strong></span> 
     </span>
    </p>
   </div>
   <div class='ocr_carea' id='block_1_85' title="bbox 596 5153 2180 5236">
    <p class='ocr_par' dir='ltr' id='par_1_85' title="bbox 596 5153 2180 5236">
     <span class='ocr_line' id='line_1_85' title="bbox 596 5153 2180 5236; baseline 0.008 -28"><span class='ocrx_word' id='word_1_641' title='bbox 596 5153 828 5218; x_wconf 88' lang='lat' dir='ltr'><strong>domini,</strong></span> <span class='ocrx_word' id='word_1_642' title='bbox 848 5163 904 5211; x_wconf 89' lang='lat' dir='ltr'><strong>et</strong></span> <span class='ocrx_word' id='word_1_643' title='bbox 933 5155 1056 5213; x_wconf 67' lang='lat' dir='ltr'><strong>dua:</strong></span> <span class='ocrx_word' id='word_1_644' title='bbox 1087 5155 1242 5224; x_wconf 80' lang='lat' dir='ltr'><strong>ﬁdes,</strong></span> <span class='ocrx_word' id='word_1_645' title='bbox 1277 5167 1334 5215; x_wconf 84' lang='lat' dir='ltr'><strong>et</strong></span> <span class='ocrx_word' id='word_1_646' title='bbox 1379 5161 1618 5218; x_wconf 85' lang='lat' dir='ltr'><strong>totidem</strong></span> <span class='ocrx_word' id='word_1_647' title='bbox 1642 5162 1988 5235; x_wconf 84' lang='lat' dir='ltr'><strong>baptismata.</strong></span> <span class='ocrx_word' id='word_1_648' title='bbox 2020 5162 2180 5236; x_wconf 77' lang='lat'><strong>130</strong></span> 
     </span>
    </p>
   </div>
   <div class='ocr_carea' id='block_1_86' title="bbox 600 5243 2175 5325">
    <p class='ocr_par' dir='ltr' id='par_1_86' title="bbox 600 5243 2175 5325">
     <span class='ocr_line' id='line_1_86' title="bbox 600 5243 2175 5325; baseline 0.009 -23"><span class='ocrx_word' id='word_1_649' title='bbox 600 5243 895 5302; x_wconf 61' lang='lat' dir='ltr'><strong>ﬂentietur</strong></span> <span class='ocrx_word' id='word_1_650' title='bbox 927 5247 974 5304; x_wconf 90' lang='lat' dir='ltr'><strong>is</strong></span> <span class='ocrx_word' id='word_1_651' title='bbox 999 5248 1168 5322; x_wconf 84' lang='lat' dir='ltr'><strong>igitur</strong></span> <span class='ocrx_word' id='word_1_652' title='bbox 1209 5252 1326 5324; x_wconf 90' lang='lat' dir='ltr'><strong>qui,</strong></span> <span class='ocrx_word' id='word_1_653' title='bbox 1356 5262 1413 5309; x_wconf 88' lang='lat' dir='ltr'><strong>ut</strong></span> <span class='ocrx_word' id='word_1_654' title='bbox 1441 5253 1673 5325; x_wconf 86' lang='lat' dir='ltr'><strong>ipsemet</strong></span> <span class='ocrx_word' id='word_1_655' title='bbox 1694 5257 1794 5322; x_wconf 83' lang='lat' dir='ltr'><strong>ait,</strong></span> <span class='ocrx_word' id='word_1_656' title='bbox 1815 5255 2099 5314; x_wconf 82' lang='lat' dir='ltr'><strong>Christum</strong></span> <span class='ocrx_word' id='word_1_657' title='bbox 2117 5257 2175 5316; x_wconf 81' lang='lat' dir='ltr'><strong>in</strong></span> 
     </span>
    </p>
   </div>
   <div class='ocr_carea' id='block_1_87' title="bbox 601 5336 2174 5408">
    <p class='ocr_par' dir='ltr' id='par_1_87' title="bbox 601 5336 2174 5408">
     <span class='ocr_line' id='line_1_87' title="bbox 601 5336 2174 5408; baseline 0.011 -19"><span class='ocrx_word' id='word_1_658' title='bbox 601 5349 659 5390; x_wconf 79' lang='lat' dir='ltr'><strong>se</strong></span> <span class='ocrx_word' id='word_1_659' title='bbox 688 5336 1005 5408; x_wconf 83' lang='lat' dir='ltr'><strong>loquentem</strong></span> <span class='ocrx_word' id='word_1_660' title='bbox 1031 5339 1269 5399; x_wconf 83' lang='lat' dir='ltr'><strong>habebat</strong></span> <span class='ocrx_word' id='word_1_661' title='bbox 1298 5346 1364 5398; x_wconf 67' lang='grc' dir='ltr'><strong>θ’.</strong></span> <span class='ocrx_word' id='word_1_662' title='bbox 1400 5343 1508 5402; x_wconf 88' lang='lat' dir='ltr'><strong>Sed</strong></span> <span class='ocrx_word' id='word_1_663' title='bbox 1533 5345 1676 5403; x_wconf 79' lang='lat' dir='ltr'><strong>absit</strong></span> <span class='ocrx_word' id='word_1_664' title='bbox 1715 5357 1778 5405; x_wconf 85' lang='lat' dir='ltr'><strong>ut</strong></span> <span class='ocrx_word' id='word_1_665' title='bbox 1829 5348 2027 5404; x_wconf 86' lang='lat' dir='ltr'><strong>horum</strong></span> <span class='ocrx_word' id='word_1_666' title='bbox 2071 5348 2174 5406; x_wconf 84' lang='lat' dir='ltr'><strong>all-</strong></span> 
     </span>
    </p>
   </div>
   <div class='ocr_carea' id='block_1_88' title="bbox 674 5490 2182 5568">
    <p class='ocr_par' dir='ltr' id='par_1_88' title="bbox 674 5490 2182 5568">
     <span class='ocr_line' id='line_1_88' title="bbox 674 5490 2182 5568; baseline 0.006 -17"><span class='ocrx_word' id='word_1_667' title='bbox 674 5490 714 5568; x_wconf 78' lang='lat'><strong>‘_‘</strong></span> <span class='ocrx_word' id='word_1_668' title='bbox 751 5492 944 5568; x_wconf 71' lang='lat' dir='ltr'><strong>lPetr.</strong></span> <span class='ocrx_word' id='word_1_669' title='bbox 978 5513 1054 5568; x_wconf 82' lang='grc' dir='ltr'>ιιι,</span> <span class='ocrx_word' id='word_1_670' title='bbox 1084 5498 1170 5554; x_wconf 87' lang='grc'><strong>18.</strong></span> <span class='ocrx_word' id='word_1_671' title='bbox 1251 5501 1293 5534; x_wconf 78' lang='grc'><strong>⁸⁸</strong></span> <span class='ocrx_word' id='word_1_672' title='bbox 1320 5501 1421 5558; x_wconf 83' lang='lat' dir='ltr'><strong>lsa.</strong></span> <span class='ocrx_word' id='word_1_673' title='bbox 1466 5494 1615 5568; x_wconf 62' lang='lat' dir='ltr'><strong>sint,</strong></span> <span class='ocrx_word' id='word_1_674' title='bbox 1642 5503 1692 5560; x_wconf 74' lang='grc' dir='ltr'>Ι.</span> <span class='ocrx_word' id='word_1_675' title='bbox 1778 5505 1818 5536; x_wconf 85' lang='lat'><strong>&quot;</strong></span> <span class='ocrx_word' id='word_1_676' title='bbox 1857 5505 2084 5560; x_wconf 81' lang='lat' dir='ltr'><strong>Zachar.</strong></span> <span class='ocrx_word' id='word_1_677' title='bbox 2121 5521 2182 5560; x_wconf 82' lang='lat' dir='ltr'><strong>xu</strong></span> 
     </span>
    </p>
   </div>
   <div class='ocr_carea' id='block_1_89' title="bbox 2284 5490 3275 5568">
    <p class='ocr_par' dir='ltr' id='par_1_89' title="bbox 2284 5493 3275 5564">
     <span class='ocr_line' id='line_1_89' title="bbox 2284 5493 3275 5564; baseline -0.008 -7"><span class='ocrx_word' id='word_1_678' title='bbox 2284 5502 2320 5557; x_wconf 75' lang='grc' dir='ltr'>ἰ.</span> <span class='ocrx_word' id='word_1_679' title='bbox 2402 5499 2447 5533; x_wconf 88' lang='grc'>⁶⁶</span> <span class='ocrx_word' id='word_1_680' title='bbox 2481 5497 2618 5555; x_wconf 84' lang='lat' dir='ltr'><strong>ibid.</strong></span> <span class='ocrx_word' id='word_1_681' title='bbox 2698 5496 2740 5530; x_wconf 84' lang='lat'>&quot;</span> <span class='ocrx_word' id='word_1_682' title='bbox 2771 5496 2925 5554; x_wconf 76' lang='lat' dir='ltr'><strong>10m.</strong></span> <span class='ocrx_word' id='word_1_683' title='bbox 2977 5513 3064 5564; x_wconf 86' lang='lat' dir='ltr'><strong>xx,</strong></span> <span class='ocrx_word' id='word_1_684' title='bbox 3089 5493 3275 5554; x_wconf 59' lang='grc' dir='ltr'>τῖε-29.</span> 
     </span>
    </p>
   </div>
   <div class='ocr_carea' id='block_1_90' title="bbox 599 5557 1613 5637">
    <p class='ocr_par' dir='ltr' id='par_1_90' title="bbox 599 5557 1613 5637">
     <span class='ocr_line' id='line_1_90' title="bbox 599 5557 1613 5637; baseline 0.009 -20"><span class='ocrx_word' id='word_1_685' title='bbox 599 5557 644 5593; x_wconf 67' lang='grc' dir='ltr'><strong>*ί</strong></span> <span class='ocrx_word' id='word_1_686' title='bbox 669 5560 871 5633; x_wconf 82' lang='lat' dir='ltr'><strong>Ephes.</strong></span> <span class='ocrx_word' id='word_1_687' title='bbox 899 5582 970 5628; x_wconf 82' lang='lat' dir='ltr'><strong>tv.</strong></span> <span class='ocrx_word' id='word_1_688' title='bbox 998 5557 1052 5622; x_wconf 63' lang='grc' dir='ltr'>ὅ.</span> <span class='ocrx_word' id='word_1_689' title='bbox 1128 5572 1172 5601; x_wconf 86' lang='lat'><strong>&quot;</strong></span> <span class='ocrx_word' id='word_1_690' title='bbox 1195 5571 1239 5627; x_wconf 90' lang='lat' dir='ltr'><strong>ll</strong></span> <span class='ocrx_word' id='word_1_691' title='bbox 1261 5557 1386 5628; x_wconf 53' lang='lat' dir='ltr'><strong>Cor,</strong></span> <span class='ocrx_word' id='word_1_692' title='bbox 1416 5557 1613 5637; x_wconf 17' lang='lat' dir='ltr'><strong>xm,73:</strong></span> 
     </span>
    </p>
   </div>
   <div class='ocr_carea' id='block_1_91' title="bbox 2283 3219 3879 3300">
    <p class='ocr_par' dir='ltr' id='par_1_91' title="bbox 2283 3219 3879 3300">
     <span class='ocr_line' id='line_1_91' title="bbox 2283 3219 3879 3300; baseline -0.005 -16"><span class='ocrx_word' id='word_1_693' title='bbox 2283 3229 2434 3300; x_wconf 85' lang='grc' dir='ltr'>κρῶν</span> <span class='ocrx_word' id='word_1_694' title='bbox 2484 3227 2795 3295; x_wconf 79' lang='grc' dir='ltr'>ἀπεδύσατο</span> <span class='ocrx_word' id='word_1_695' title='bbox 2833 3226 2936 3298; x_wconf 76' lang='grc' dir='ltr'><strong>τὴν</strong></span> <span class='ocrx_word' id='word_1_696' title='bbox 2961 3222 3192 3296; x_wconf 73' lang='grc' dir='ltr'>φθορὰν,</span> <span class='ocrx_word' id='word_1_697' title='bbox 3224 3223 3319 3277; x_wconf 69' lang='grc' dir='ltr'>καὶ</span> <span class='ocrx_word' id='word_1_698' title='bbox 3357 3223 3456 3278; x_wconf 85' lang='grc' dir='ltr'><strong>σύν</strong></span> <span class='ocrx_word' id='word_1_699' title='bbox 3500 3223 3642 3294; x_wconf 75' lang='grc' dir='ltr'>αὐτῇ</span> <span class='ocrx_word' id='word_1_700' title='bbox 3693 3219 3879 3279; x_wconf 75' lang='grc' dir='ltr'>πάντα</span> 
     </span>
    </p>
   </div>
   <div class='ocr_carea' id='block_1_92' title="bbox 2281 3313 3882 3390">
    <p class='ocr_par' dir='ltr' id='par_1_92' title="bbox 2281 3313 3882 3390">
     <span class='ocr_line' id='line_1_92' title="bbox 2281 3313 3882 3390; baseline -0.005 -14"><span class='ocrx_word' id='word_1_701' title='bbox 2281 3321 2353 3376; x_wconf 84' lang='grc' dir='ltr'>τὰ</span> <span class='ocrx_word' id='word_1_702' title='bbox 2373 3321 2432 3388; x_wconf 72' lang='grc' dir='ltr'><strong>ἐξ</strong></span> <span class='ocrx_word' id='word_1_703' title='bbox 2460 3319 2676 3390; x_wconf 83' lang='grc' dir='ltr'>αὐτῆς),</span> <span class='ocrx_word' id='word_1_704' title='bbox 2705 3319 2822 3373; x_wconf 79' lang='grc' dir='ltr'>ἀλλ’</span> <span class='ocrx_word' id='word_1_705' title='bbox 2853 3319 2964 3383; x_wconf 77' lang='grc' dir='ltr'>ἵνα,</span> <span class='ocrx_word' id='word_1_706' title='bbox 2994 3317 3071 3381; x_wconf 83' lang='grc' dir='ltr'><strong>ὡς</strong></span> <span class='ocrx_word' id='word_1_707' title='bbox 3095 3316 3254 3386; x_wconf 74' lang='grc' dir='ltr'>ιφην,</span> <span class='ocrx_word' id='word_1_708' title='bbox 3288 3313 3657 3386; x_wconf 76' lang='grc' dir='ltr'>οἰκονομικῶς</span> <span class='ocrx_word' id='word_1_709' title='bbox 3675 3330 3882 3389; x_wconf 76' lang='grc' dir='ltr'>γνωριο</span> 
     </span>
    </p>
   </div>
   <div class='ocr_carea' id='block_1_93' title="bbox 2283 3405 3880 3484">
    <p class='ocr_par' dir='ltr' id='par_1_93' title="bbox 2283 3405 3880 3484">
     <span class='ocr_line' id='line_1_93' title="bbox 2283 3405 3880 3484; baseline -0.003 -17"><span class='ocrx_word' id='word_1_710' title='bbox 2283 3413 2384 3484; x_wconf 79' lang='grc' dir='ltr'>σθῇ</span> <span class='ocrx_word' id='word_1_711' title='bbox 2430 3412 2526 3466; x_wconf 92' lang='grc' dir='ltr'><strong>νῦν</strong></span> <span class='ocrx_word' id='word_1_712' title='bbox 2578 3414 2700 3475; x_wconf 87' lang='grc' dir='ltr'>ταῖς</span> <span class='ocrx_word' id='word_1_713' title='bbox 2746 3413 2942 3482; x_wconf 86' lang='grc' dir='ltr'>ἀρχαῖς</span> <span class='ocrx_word' id='word_1_714' title='bbox 3005 3409 3102 3463; x_wconf 71' lang='grc' dir='ltr'>καὶ</span> <span class='ocrx_word' id='word_1_715' title='bbox 3145 3410 3268 3472; x_wconf 90' lang='grc' dir='ltr'>ταῖς</span> <span class='ocrx_word' id='word_1_716' title='bbox 3316 3405 3592 3473; x_wconf 67' lang='grc' dir='ltr'>δεουσίαις</span> <span class='ocrx_word' id='word_1_717' title='bbox 3647 3407 3710 3462; x_wconf 71' lang='grc' dir='ltr'>ιν</span> <span class='ocrx_word' id='word_1_718' title='bbox 3764 3407 3880 3472; x_wconf 83' lang='grc' dir='ltr'>τοῖς</span> 
     </span>
    </p>
   </div>
   <div class='ocr_carea' id='block_1_94' title="bbox 2280 3496 3879 3577">
    <p class='ocr_par' dir='ltr' id='par_1_94' title="bbox 2280 3496 3879 3577">
     <span class='ocr_line' id='line_1_94' title="bbox 2280 3496 3879 3577; baseline -0.004 -16"><span class='ocrx_word' id='word_1_719' title='bbox 2280 3505 2632 3577; x_wconf 72' lang='grc' dir='ltr'>επουρανίοις</span> <span class='ocrx_word' id='word_1_720' title='bbox 2653 3501 2744 3558; x_wconf 78' lang='grc' dir='ltr'><strong>διὰ</strong></span> <span class='ocrx_word' id='word_1_721' title='bbox 2773 3502 2874 3572; x_wconf 84' lang='grc' dir='ltr'>τῆς</span> <span class='ocrx_word' id='word_1_722' title='bbox 2913 3499 3260 3570; x_wconf 84' lang='grc' dir='ltr'>Ἐκκλησίας,</span> <span class='ocrx_word' id='word_1_723' title='bbox 3295 3500 3328 3570; x_wconf 74' lang='grc' dir='ltr'><strong>ἡ</strong></span> <span class='ocrx_word' id='word_1_724' title='bbox 3365 3496 3752 3562; x_wconf 74' lang='grc' dir='ltr'>πολυποίκιλος</span> <span class='ocrx_word' id='word_1_725' title='bbox 3781 3514 3879 3554; x_wconf 77' lang='grc' dir='ltr'>σο-</span> 
     </span>
    </p>
   </div>
   <div class='ocr_carea' id='block_1_95' title="bbox 2282 3587 3877 3669">
    <p class='ocr_par' dir='ltr' id='par_1_95' title="bbox 2282 3587 3877 3669">
     <span class='ocr_line' id='line_1_95' title="bbox 2282 3587 3877 3669; baseline -0.005 -17"><span class='ocrx_word' id='word_1_726' title='bbox 2282 3597 2382 3669; x_wconf 77' lang='grc' dir='ltr'><strong>φία</strong></span> <span class='ocrx_word' id='word_1_727' title='bbox 2414 3596 2509 3651; x_wconf 92' lang='grc' dir='ltr'><strong>τοῦ</strong></span> <span class='ocrx_word' id='word_1_728' title='bbox 2533 3595 2695 3661; x_wconf 84' lang='grc' dir='ltr'>Θεοῦ,</span> <span class='ocrx_word' id='word_1_729' title='bbox 2724 3595 2793 3667; x_wconf 71' lang='grc' dir='ltr'><strong>ην</strong></span> <span class='ocrx_word' id='word_1_730' title='bbox 2828 3593 3084 3664; x_wconf 71' lang='grc' dir='ltr'>εποίησεν</span> <span class='ocrx_word' id='word_1_731' title='bbox 3113 3593 3172 3645; x_wconf 76' lang='grc' dir='ltr'><strong>εν</strong></span> <span class='ocrx_word' id='word_1_732' title='bbox 3200 3587 3279 3663; x_wconf 81' lang='grc' dir='ltr'>τῷ</span> <span class='ocrx_word' id='word_1_733' title='bbox 3309 3590 3535 3663; x_wconf 83' lang='grc' dir='ltr'>Χριστῷ</span> <span class='ocrx_word' id='word_1_734' title='bbox 3566 3589 3716 3646; x_wconf 80' lang='grc' dir='ltr'><strong>κατά</strong></span> <span class='ocrx_word' id='word_1_735' title='bbox 3740 3588 3877 3663; x_wconf 67' lang='grc' dir='ltr'>πρὸ·</span> 
     </span>
    </p>
   </div>
   <div class='ocr_carea' id='block_1_96' title="bbox 2281 3682 3876 3757">
    <p class='ocr_par' dir='ltr' id='par_1_96' title="bbox 2281 3682 3876 3757">
     <span class='ocr_line' id='line_1_96' title="bbox 2281 3682 3876 3757; baseline -0.003 -12"><span class='ocrx_word' id='word_1_736' title='bbox 2281 3691 2432 3745; x_wconf 89' lang='grc' dir='ltr'>θεσιν</span> <span class='ocrx_word' id='word_1_737' title='bbox 2460 3690 2572 3744; x_wconf 85' lang='grc' dir='ltr'><strong>τῶν</strong></span> <span class='ocrx_word' id='word_1_738' title='bbox 2605 3687 2838 3742; x_wconf 78' lang='grc' dir='ltr'>αἰώνων.</span> <span class='ocrx_word' id='word_1_739' title='bbox 2877 3686 3084 3757; x_wconf 82' lang='grc' dir='ltr'>Γράφει</span> <span class='ocrx_word' id='word_1_740' title='bbox 3111 3685 3218 3756; x_wconf 77' lang='grc' dir='ltr'><strong>γὰρ</strong></span> <span class='ocrx_word' id='word_1_741' title='bbox 3246 3683 3394 3740; x_wconf 71' lang='grc' dir='ltr'>οὕτω</span> <span class='ocrx_word' id='word_1_742' title='bbox 3412 3683 3560 3740; x_wconf 70' lang='grc' dir='ltr'>τισὶν</span> <span class='ocrx_word' id='word_1_743' title='bbox 3579 3683 3611 3739; x_wconf 89' lang='lat'><strong>6</strong></span> <span class='ocrx_word' id='word_1_744' title='bbox 3643 3682 3876 3755; x_wconf 84' lang='grc' dir='ltr'>ίερώτα-</span> 
     </span>
    </p>
   </div>
   <div class='ocr_carea' id='block_1_97' title="bbox 2278 3775 3878 3851">
    <p class='ocr_par' dir='ltr' id='par_1_97' title="bbox 2278 3775 3878 3851">
     <span class='ocr_line' id='line_1_97' title="bbox 2278 3775 3878 3851; baseline -0.004 -13"><span class='ocrx_word' id='word_1_745' title='bbox 2278 3799 2374 3847; x_wconf 79' lang='grc' dir='ltr'><strong>τος</strong></span> <span class='ocrx_word' id='word_1_746' title='bbox 2401 3782 2634 3847; x_wconf 84' lang='grc' dir='ltr'>Παῦλος.</span> <span class='ocrx_word' id='word_1_747' title='bbox 2669 3781 2884 3851; x_wconf 84' lang='grc' dir='ltr'>’Ὥσπερ</span> <span class='ocrx_word' id='word_1_748' title='bbox 2920 3775 3014 3834; x_wconf 75' lang='grc' dir='ltr'>οὖν</span> <span class='ocrx_word' id='word_1_749' title='bbox 3056 3780 3115 3833; x_wconf 70' lang='grc' dir='ltr'>ιν</span> <span class='ocrx_word' id='word_1_750' title='bbox 3143 3779 3258 3843; x_wconf 89' lang='grc' dir='ltr'>τοῖς</span> <span class='ocrx_word' id='word_1_751' title='bbox 3301 3777 3566 3849; x_wconf 81' lang='grc' dir='ltr'>χιμάροις</span> <span class='ocrx_word' id='word_1_752' title='bbox 3594 3776 3878 3848; x_wconf 63' lang='grc' dir='ltr'>ἀγράφετο</span> 
     </span>
    </p>
   </div>
   <div class='ocr_carea' id='block_1_98' title="bbox 2281 3868 3880 3945">
    <p class='ocr_par' dir='ltr' id='par_1_98' title="bbox 2281 3868 3880 3945">
     <span class='ocr_line' id='line_1_98' title="bbox 2281 3868 3880 3945; baseline -0.003 -14"><span class='ocrx_word' id='word_1_753' title='bbox 2281 3875 2471 3945; x_wconf 83' lang='grc' dir='ltr'>σαφῶς</span> <span class='ocrx_word' id='word_1_754' title='bbox 2505 3874 2567 3929; x_wconf 78' lang='grc' dir='ltr'>τὸ</span> <span class='ocrx_word' id='word_1_755' title='bbox 2595 3870 2691 3926; x_wconf 88' lang='grc' dir='ltr'><strong>τοῦ</strong></span> <span class='ocrx_word' id='word_1_756' title='bbox 2734 3870 2972 3942; x_wconf 83' lang='grc' dir='ltr'>Χριστοῦ</span> <span class='ocrx_word' id='word_1_757' title='bbox 3008 3869 3332 3943; x_wconf 84' lang='grc' dir='ltr'>μυστήριον,</span> <span class='ocrx_word' id='word_1_758' title='bbox 3361 3868 3509 3924; x_wconf 78' lang='grc' dir='ltr'>οὕτω</span> <span class='ocrx_word' id='word_1_759' title='bbox 3539 3869 3638 3924; x_wconf 79' lang='grc' dir='ltr'>καὶ</span> <span class='ocrx_word' id='word_1_760' title='bbox 3667 3871 3728 3926; x_wconf 77' lang='grc' dir='ltr'>ὲν</span> <span class='ocrx_word' id='word_1_761' title='bbox 3763 3873 3880 3936; x_wconf 79' lang='grc' dir='ltr'>τοῖς</span> 
     </span>
    </p>
   </div>
   <div class='ocr_carea' id='block_1_99' title="bbox 2279 3956 3876 4038">
    <p class='ocr_par' dir='ltr' id='par_1_99' title="bbox 2279 3956 3876 4038">
     <span class='ocr_line' id='line_1_99' title="bbox 2279 3956 3876 4038; baseline -0.002 -17"><span class='ocrx_word' id='word_1_762' title='bbox 2279 3967 2433 4022; x_wconf 78' lang='grc' dir='ltr'>δυσὶν</span> <span class='ocrx_word' id='word_1_763' title='bbox 2459 3964 2737 4038; x_wconf 78' lang='grc' dir='ltr'>ὀρνιθίοις.</span> <span class='ocrx_word' id='word_1_764' title='bbox 2779 3962 2920 4016; x_wconf 82' lang='grc' dir='ltr'>Ἀλλ’</span> <span class='ocrx_word' id='word_1_765' title='bbox 2955 3963 3086 4025; x_wconf 73' lang='grc' dir='ltr'>ἴσως</span> <span class='ocrx_word' id='word_1_766' title='bbox 3128 3978 3216 4025; x_wconf 85' lang='grc' dir='ltr'><strong>τις</strong></span> <span class='ocrx_word' id='word_1_767' title='bbox 3259 3961 3409 4034; x_wconf 74' lang='grc' dir='ltr'>ιρεῖο</span> <span class='ocrx_word' id='word_1_768' title='bbox 3460 3959 3590 4025; x_wconf 80' lang='grc' dir='ltr'>Πῶς</span> <span class='ocrx_word' id='word_1_769' title='bbox 3628 3956 3726 4015; x_wconf 82' lang='grc' dir='ltr'><strong>σῦν</strong></span> <span class='ocrx_word' id='word_1_770' title='bbox 3753 3960 3876 4028; x_wconf 72' lang='grc' dir='ltr'>ινα,</span> 
     </span>
    </p>
   </div>
   <div class='ocr_carea' id='block_1_100' title="bbox 2279 4049 3881 4128">
    <p class='ocr_par' dir='ltr' id='par_1_100' title="bbox 2279 4049 3881 4128">
     <span class='ocr_line' id='line_1_100' title="bbox 2279 4049 3881 4128; baseline -0.002 -14"><span class='ocrx_word' id='word_1_771' title='bbox 2279 4057 2495 4114; x_wconf 75' lang='grc' dir='ltr'>καὶτὸν</span> <span class='ocrx_word' id='word_1_772' title='bbox 2540 4055 2702 4114; x_wconf 71' lang='grc' dir='ltr'>αὐτὸν</span> <span class='ocrx_word' id='word_1_773' title='bbox 2743 4055 2849 4126; x_wconf 75' lang='grc' dir='ltr'><strong>φὴς</strong></span> <span class='ocrx_word' id='word_1_774' title='bbox 2897 4049 3037 4108; x_wconf 83' lang='grc' dir='ltr'>εῖναι</span> <span class='ocrx_word' id='word_1_775' title='bbox 3078 4053 3208 4108; x_wconf 76' lang='grc' dir='ltr'>Υίὸν</span> <span class='ocrx_word' id='word_1_776' title='bbox 3257 4053 3352 4107; x_wconf 79' lang='grc' dir='ltr'>καὶ</span> <span class='ocrx_word' id='word_1_777' title='bbox 3394 4051 3604 4126; x_wconf 76' lang='grc' dir='ltr'>Κύριον</span> <span class='ocrx_word' id='word_1_778' title='bbox 3661 4054 3881 4128; x_wconf 80' lang='grc' dir='ltr'>Ἰησοῦν</span> 
     </span>
    </p>
   </div>
   <div class='ocr_carea' id='block_1_101' title="bbox 2278 4145 3880 4224">
    <p class='ocr_par' dir='ltr' id='par_1_101' title="bbox 2278 4145 3880 4224">
     <span class='ocr_line' id='line_1_101' title="bbox 2278 4145 3880 4224; baseline -0.002 -17"><span class='ocrx_word' id='word_1_779' title='bbox 2278 4151 2540 4224; x_wconf 78' lang='grc' dir='ltr'>Χριστὸν,</span> <span class='ocrx_word' id='word_1_780' title='bbox 2563 4149 2741 4204; x_wconf 84' lang='grc' dir='ltr'>καίτοι</span> <span class='ocrx_word' id='word_1_781' title='bbox 2770 4146 2864 4201; x_wconf 83' lang='grc' dir='ltr'><strong>δύο</strong></span> <span class='ocrx_word' id='word_1_782' title='bbox 2896 4147 3149 4218; x_wconf 81' lang='grc' dir='ltr'>χιμάρων</span> <span class='ocrx_word' id='word_1_783' title='bbox 3177 4145 3703 4219; x_wconf 75' lang='grc' dir='ltr'>παρενηνεγμένων,</span> <span class='ocrx_word' id='word_1_784' title='bbox 3726 4148 3880 4223; x_wconf 83' lang='grc' dir='ltr'>ὀρνι-</span> 
     </span>
    </p>
   </div>
   <div class='ocr_carea' id='block_1_102' title="bbox 2279 4237 3880 4310">
    <p class='ocr_par' dir='ltr' id='par_1_102' title="bbox 2279 4237 3880 4310">
     <span class='ocr_line' id='line_1_102' title="bbox 2279 4237 3880 4310; baseline -0.002 -11"><span class='ocrx_word' id='word_1_785' title='bbox 2279 4244 2412 4300; x_wconf 86' lang='grc' dir='ltr'>θίων</span> <span class='ocrx_word' id='word_1_786' title='bbox 2460 4259 2521 4297; x_wconf 89' lang='grc' dir='ltr'><strong>τε</strong></span> <span class='ocrx_word' id='word_1_787' title='bbox 2568 4241 2693 4306; x_wconf 79' lang='grc' dir='ltr'>δύος</span> <span class='ocrx_word' id='word_1_788' title='bbox 2737 4237 2817 4293; x_wconf 84' lang='grc' dir='ltr'><strong>Ἦ</strong></span> <span class='ocrx_word' id='word_1_789' title='bbox 2865 4238 3007 4310; x_wconf 82' lang='grc' dir='ltr'>τάχα</span> <span class='ocrx_word' id='word_1_790' title='bbox 3065 4256 3177 4293; x_wconf 89' lang='grc' dir='ltr'><strong>που</strong></span> <span class='ocrx_word' id='word_1_791' title='bbox 3219 4237 3592 4305; x_wconf 77' lang='grc' dir='ltr'>καταδείξειεν</span> <span class='ocrx_word' id='word_1_792' title='bbox 3647 4239 3717 4295; x_wconf 72' lang='grc' dir='ltr'>ἂν</span> <span class='ocrx_word' id='word_1_793' title='bbox 3773 4241 3880 4295; x_wconf 86' lang='grc' dir='ltr'><strong>οὐκ</strong></span> 
     </span>
    </p>
   </div>
   <div class='ocr_carea' id='block_1_103' title="bbox 2277 4330 3878 4406">
    <p class='ocr_par' dir='ltr' id='par_1_103' title="bbox 2277 4330 3878 4406">
     <span class='ocr_line' id='line_1_103' title="bbox 2277 4330 3878 4406; baseline -0.002 -15"><span class='ocrx_word' id='word_1_794' title='bbox 2277 4334 2616 4406; x_wconf 85' lang='grc' dir='ltr'>ἀσυμφανῶς</span> <span class='ocrx_word' id='word_1_795' title='bbox 2651 4333 2680 4386; x_wconf 83' lang='grc'>6</span> <span class='ocrx_word' id='word_1_796' title='bbox 2701 4332 2886 4402; x_wconf 79' lang='grc' dir='ltr'>νόμος,</span> <span class='ocrx_word' id='word_1_797' title='bbox 2925 4332 3003 4395; x_wconf 80' lang='grc' dir='ltr'>ὡς</span> <span class='ocrx_word' id='word_1_798' title='bbox 3025 4331 3120 4386; x_wconf 70' lang='grc' dir='ltr'>δύο</span> <span class='ocrx_word' id='word_1_799' title='bbox 3163 4347 3266 4385; x_wconf 84' lang='grc' dir='ltr'><strong>που</strong></span> <span class='ocrx_word' id='word_1_800' title='bbox 3297 4330 3522 4396; x_wconf 79' lang='grc' dir='ltr'>πάντως</span> <span class='ocrx_word' id='word_1_801' title='bbox 3555 4332 3702 4386; x_wconf 75' lang='grc' dir='ltr'>εἰσὶν</span> <span class='ocrx_word' id='word_1_802' title='bbox 3749 4331 3878 4388; x_wconf 69' lang='grc' dir='ltr'><strong>Υἱοὶ</strong></span> 
     </span>
    </p>
   </div>
   <div class='ocr_carea' id='block_1_104' title="bbox 2278 4422 3879 4500">
    <p class='ocr_par' dir='ltr' id='par_1_104' title="bbox 2278 4422 3879 4500">
     <span class='ocr_line' id='line_1_104' title="bbox 2278 4422 3879 4500; baseline -0.002 -17"><span class='ocrx_word' id='word_1_803' title='bbox 2278 4429 2373 4484; x_wconf 79' lang='grc' dir='ltr'>καὶ</span> <span class='ocrx_word' id='word_1_804' title='bbox 2405 4426 2674 4500; x_wconf 73' lang='grc' dir='ltr'>Χριστοίς</span> <span class='ocrx_word' id='word_1_805' title='bbox 2709 4425 2822 4481; x_wconf 71' lang='grc' dir='ltr'><strong>Καὶ</strong></span> <span class='ocrx_word' id='word_1_806' title='bbox 2849 4423 3176 4488; x_wconf 74' lang='grc' dir='ltr'>δυσσεϐείας</span> <span class='ocrx_word' id='word_1_807' title='bbox 3206 4423 3307 4494; x_wconf 80' lang='grc' dir='ltr'>μὲν</span> <span class='ocrx_word' id='word_1_808' title='bbox 3340 4423 3423 4486; x_wconf 86' lang='grc' dir='ltr'><strong>είς</strong></span> <span class='ocrx_word' id='word_1_809' title='bbox 3448 4422 3612 4488; x_wconf 83' lang='grc' dir='ltr'>τοῦτο</span> <span class='ocrx_word' id='word_1_810' title='bbox 3645 4424 3879 4479; x_wconf 70' lang='grc' dir='ltr'>κατεσι-</span> 
     </span>
    </p>
   </div>
   <div class='ocr_carea' id='block_1_105' title="bbox 2206 4489 3880 4590">
    <p class='ocr_par' dir='ltr' id='par_1_105' title="bbox 2206 4489 3880 4590">
     <span class='ocr_line' id='line_1_105' title="bbox 2206 4489 3880 4590; baseline -0.005 -12"><span class='ocrx_word' id='word_1_811' title='bbox 2206 4489 2250 4546; x_wconf 76' lang='lat' dir='ltr'><strong>D</strong></span> <span class='ocrx_word' id='word_1_812' title='bbox 2280 4489 2566 4590; x_wconf 71' lang='grc' dir='ltr'>δάσθησαν</span> <span class='ocrx_word' id='word_1_813' title='bbox 2593 4489 2698 4590; x_wconf 73' lang='grc' dir='ltr'>ήδη</span> <span class='ocrx_word' id='word_1_814' title='bbox 2735 4519 2898 4582; x_wconf 69' lang='grc' dir='ltr'>τινες,</span> <span class='ocrx_word' id='word_1_815' title='bbox 2931 4515 3008 4582; x_wconf 80' lang='grc' dir='ltr'><strong>ὡς</strong></span> <span class='ocrx_word' id='word_1_816' title='bbox 3044 4489 3256 4571; x_wconf 79' lang='grc' dir='ltr'>οῖεσθαι</span> <span class='ocrx_word' id='word_1_817' title='bbox 3303 4516 3402 4570; x_wconf 79' lang='grc' dir='ltr'>καὶ</span> <span class='ocrx_word' id='word_1_818' title='bbox 3438 4514 3643 4585; x_wconf 80' lang='grc' dir='ltr'>λέγειν,</span> <span class='ocrx_word' id='word_1_819' title='bbox 3680 4515 3880 4588; x_wconf 77' lang='grc' dir='ltr'>ῑτερον</span> 
     </span>
    </p>
   </div>
   <div class='ocr_carea' id='block_1_106' title="bbox 2281 4605 3876 4686">
    <p class='ocr_par' dir='ltr' id='par_1_106' title="bbox 2281 4605 3876 4686">
     <span class='ocr_line' id='line_1_106' title="bbox 2281 4605 3876 4686; baseline 0 -22"><span class='ocrx_word' id='word_1_820' title='bbox 2281 4611 2379 4686; x_wconf 71' lang='grc' dir='ltr'>μὲν</span> <span class='ocrx_word' id='word_1_821' title='bbox 2405 4605 2548 4665; x_wconf 77' lang='grc' dir='ltr'>εἶναι</span> <span class='ocrx_word' id='word_1_822' title='bbox 2571 4605 2808 4682; x_wconf 80' lang='grc' dir='ltr'>Χριστὸν</span> <span class='ocrx_word' id='word_1_823' title='bbox 2837 4607 3018 4672; x_wconf 84' lang='grc' dir='ltr'>ίδικῶς</span> <span class='ocrx_word' id='word_1_824' title='bbox 3039 4606 3133 4661; x_wconf 80' lang='grc' dir='ltr'>τὸν</span> <span class='ocrx_word' id='word_1_825' title='bbox 3160 4609 3225 4661; x_wconf 75' lang='grc' dir='ltr'><strong>εκ</strong></span> <span class='ocrx_word' id='word_1_826' title='bbox 3244 4605 3384 4661; x_wconf 84' lang='grc' dir='ltr'>Θεοῦ</span> <span class='ocrx_word' id='word_1_827' title='bbox 3415 4607 3637 4679; x_wconf 84' lang='grc' dir='ltr'>Πατρδς</span> <span class='ocrx_word' id='word_1_828' title='bbox 3667 4607 3876 4678; x_wconf 79' lang='grc' dir='ltr'>Λόγον,</span> 
     </span>
    </p>
   </div>
   <div class='ocr_carea' id='block_1_107' title="bbox 2275 4697 3880 4776">
    <p class='ocr_par' dir='ltr' id='par_1_107' title="bbox 2275 4697 3880 4776">
     <span class='ocr_line' id='line_1_107' title="bbox 2275 4697 3880 4776; baseline -0.002 -17"><span class='ocrx_word' id='word_1_829' title='bbox 2275 4705 2466 4776; x_wconf 72' lang='grc' dir='ltr'>ἓτερον</span> <span class='ocrx_word' id='word_1_830' title='bbox 2497 4702 2542 4758; x_wconf 76' lang='grc' dir='ltr'>δ’</span> <span class='ocrx_word' id='word_1_831' title='bbox 2594 4697 2661 4757; x_wconf 77' lang='grc' dir='ltr'>αὖ</span> <span class='ocrx_word' id='word_1_832' title='bbox 2712 4700 2806 4754; x_wconf 80' lang='grc' dir='ltr'><strong>τὸν</strong></span> <span class='ocrx_word' id='word_1_833' title='bbox 2853 4701 2919 4754; x_wconf 73' lang='lat' dir='ltr'><strong>hc</strong></span> <span class='ocrx_word' id='word_1_834' title='bbox 2963 4700 3283 4772; x_wconf 83' lang='grc' dir='ltr'>σπέρματος</span> <span class='ocrx_word' id='word_1_835' title='bbox 3334 4698 3518 4757; x_wconf 72' lang='grc' dir='ltr'>Δαυῖδ.</span> <span class='ocrx_word' id='word_1_836' title='bbox 3566 4699 3772 4771; x_wconf 81' lang='grc' dir='ltr'>Ἡμεῖς</span> <span class='ocrx_word' id='word_1_837' title='bbox 3816 4699 3880 4755; x_wconf 69' lang='grc' dir='ltr'><strong>δέ</strong></span> 
     </span>
    </p>
   </div>
   <div class='ocr_carea' id='block_1_108' title="bbox 2281 4787 3877 4867">
    <p class='ocr_par' dir='ltr' id='par_1_108' title="bbox 2281 4787 3877 4867">
     <span class='ocr_line' id='line_1_108' title="bbox 2281 4787 3877 4867; baseline -0.003 -16"><span class='ocrx_word' id='word_1_838' title='bbox 2281 4812 2466 4867; x_wconf 80' lang='grc' dir='ltr'>φαμεν</span> <span class='ocrx_word' id='word_1_839' title='bbox 2492 4797 2607 4858; x_wconf 85' lang='grc' dir='ltr'>τοῖς</span> <span class='ocrx_word' id='word_1_840' title='bbox 2634 4787 2736 4850; x_wconf 83' lang='grc' dir='ltr'>ὧδε</span> <span class='ocrx_word' id='word_1_841' title='bbox 2766 4789 2919 4846; x_wconf 76' lang='grc' dir='ltr'>ταῦτ’</span> <span class='ocrx_word' id='word_1_842' title='bbox 2947 4791 3092 4863; x_wconf 71' lang='grc' dir='ltr'>ἔχειν</span> <span class='ocrx_word' id='word_1_843' title='bbox 3117 4790 3178 4859; x_wconf 71' lang='grc' dir='ltr'><strong>ιε</strong></span> <span class='ocrx_word' id='word_1_844' title='bbox 3206 4790 3454 4863; x_wconf 82' lang='grc' dir='ltr'>ἀμαθίας</span> <span class='ocrx_word' id='word_1_845' title='bbox 3480 4791 3877 4862; x_wconf 78' lang='grc' dir='ltr'>ὑπειληφόσιν,</span> 
     </span>
    </p>
   </div>
   <div class='ocr_carea' id='block_1_109' title="bbox 2275 4874 3882 4954">
    <p class='ocr_par' dir='ltr' id='par_1_109' title="bbox 2275 4874 3882 4954">
     <span class='ocr_line' id='line_1_109' title="bbox 2275 4874 3882 4954; baseline -0.004 -13"><span class='ocrx_word' id='word_1_846' title='bbox 2275 4887 2353 4951; x_wconf 82' lang='grc' dir='ltr'>ὡς</span> <span class='ocrx_word' id='word_1_847' title='bbox 2383 4887 2412 4940; x_wconf 88' lang='grc'>6</span> <span class='ocrx_word' id='word_1_848' title='bbox 2443 4883 2731 4948; x_wconf 72' lang='grc' dir='ltr'>θεσπέσιος</span> <span class='ocrx_word' id='word_1_849' title='bbox 2758 4880 2960 4954; x_wconf 81' lang='grc' dir='ltr'>γράφει</span> <span class='ocrx_word' id='word_1_850' title='bbox 2993 4878 3230 4944; x_wconf 79' lang='grc' dir='ltr'>Παῦλος,</span> <span class='ocrx_word' id='word_1_851' title='bbox 3267 4879 3351 4933; x_wconf 82' lang='grc' dir='ltr'><strong>δτι</strong></span> <span class='ocrx_word' id='word_1_852' title='bbox 3381 4874 3481 4944; x_wconf 78' lang='grc' dir='ltr'><strong>Εἷς</strong></span> <span class='ocrx_word' id='word_1_853' title='bbox 3508 4878 3746 4951; x_wconf 76' lang='grc' dir='ltr'>Κύριος,</span> <span class='ocrx_word' id='word_1_854' title='bbox 3775 4879 3882 4950; x_wconf 88' lang='grc' dir='ltr'><strong>μία</strong></span> 
     </span>
    </p>
   </div>
   <div class='ocr_carea' id='block_1_110' title="bbox 2277 4973 3881 5050">
    <p class='ocr_par' dir='ltr' id='par_1_110' title="bbox 2277 4973 3881 5050">
     <span class='ocr_line' id='line_1_110' title="bbox 2277 4973 3881 5050; baseline -0.002 -15"><span class='ocrx_word' id='word_1_855' title='bbox 2277 4978 2486 5043; x_wconf 78' lang='grc' dir='ltr'>πίστις,</span> <span class='ocrx_word' id='word_1_856' title='bbox 2514 4978 2573 5032; x_wconf 76' lang='grc' dir='ltr'>ἓν</span> <span class='ocrx_word' id='word_1_857' title='bbox 2596 4977 2899 5050; x_wconf 77' lang='grc' dir='ltr'>βάπτισμα.</span> <span class='ocrx_word' id='word_1_858' title='bbox 2933 4974 3144 5029; x_wconf 88' lang='grc' dir='ltr'>Οὐκοῦν</span> <span class='ocrx_word' id='word_1_859' title='bbox 3165 4976 3215 5028; x_wconf 83' lang='grc' dir='ltr'><strong>εί</strong></span> <span class='ocrx_word' id='word_1_860' title='bbox 3235 4973 3331 5030; x_wconf 79' lang='grc' dir='ltr'><strong>δύο</strong></span> <span class='ocrx_word' id='word_1_861' title='bbox 3359 4975 3525 5045; x_wconf 73' lang='grc' dir='ltr'>φασὶν</span> <span class='ocrx_word' id='word_1_862' title='bbox 3555 4973 3753 5039; x_wconf 78' lang='grc' dir='ltr'>Υίοῦς,</span> <span class='ocrx_word' id='word_1_863' title='bbox 3780 4973 3881 5032; x_wconf 77' lang='grc' dir='ltr'><strong>δύο</strong></span> 
     </span>
    </p>
   </div>
   <div class='ocr_carea' id='block_1_111' title="bbox 2279 5060 3878 5138">
    <p class='ocr_par' dir='ltr' id='par_1_111' title="bbox 2279 5060 3878 5138">
     <span class='ocr_line' id='line_1_111' title="bbox 2279 5060 3878 5138; baseline -0.004 -13"><span class='ocrx_word' id='word_1_864' title='bbox 2279 5087 2384 5126; x_wconf 87' lang='grc' dir='ltr'><strong>που</strong></span> <span class='ocrx_word' id='word_1_865' title='bbox 2420 5069 2640 5133; x_wconf 78' lang='grc' dir='ltr'>πάντως</span> <span class='ocrx_word' id='word_1_866' title='bbox 2686 5060 2799 5121; x_wconf 79' lang='grc' dir='ltr'>εἷεν</span> <span class='ocrx_word' id='word_1_867' title='bbox 2824 5063 2892 5119; x_wconf 80' lang='grc' dir='ltr'><strong>ἀν</strong></span> <span class='ocrx_word' id='word_1_868' title='bbox 2930 5066 2980 5118; x_wconf 78' lang='lat' dir='ltr'><strong>ot</strong></span> <span class='ocrx_word' id='word_1_869' title='bbox 3022 5064 3245 5138; x_wconf 80' lang='grc' dir='ltr'>Κύριοι.</span> <span class='ocrx_word' id='word_1_870' title='bbox 3267 5063 3364 5118; x_wconf 88' lang='grc' dir='ltr'><strong>δύο</strong></span> <span class='ocrx_word' id='word_1_871' title='bbox 3403 5063 3461 5118; x_wconf 77' lang='grc' dir='ltr'><strong>δι</strong></span> <span class='ocrx_word' id='word_1_872' title='bbox 3493 5063 3594 5119; x_wconf 73' lang='grc' dir='ltr'>καὶ</span> <span class='ocrx_word' id='word_1_873' title='bbox 3628 5066 3878 5132; x_wconf 85' lang='grc' dir='ltr'>πίστεις,</span> 
     </span>
    </p>
   </div>
   <div class='ocr_carea' id='block_1_112' title="bbox 2275 5153 3881 5232">
    <p class='ocr_par' dir='ltr' id='par_1_112' title="bbox 2275 5153 3881 5232">
     <span class='ocr_line' id='line_1_112' title="bbox 2275 5153 3881 5232; baseline -0.003 -13"><span class='ocrx_word' id='word_1_874' title='bbox 2275 5163 2512 5220; x_wconf 72' lang='grc' dir='ltr'>τοσαῦτα</span> <span class='ocrx_word' id='word_1_875' title='bbox 2537 5163 2595 5217; x_wconf 69' lang='grc' dir='ltr'>δι</span> <span class='ocrx_word' id='word_1_876' title='bbox 2633 5163 2727 5218; x_wconf 77' lang='grc' dir='ltr'>καὶ</span> <span class='ocrx_word' id='word_1_877' title='bbox 2768 5159 3142 5232; x_wconf 73' lang='grc' dir='ltr'>βαπτίσματι.</span> <span class='ocrx_word' id='word_1_878' title='bbox 3191 5157 3620 5230; x_wconf 63' lang='grc' dir='ltr'><strong>1Ψέιυδομωθιίισει</strong></span> <span class='ocrx_word' id='word_1_879' title='bbox 3657 5156 3728 5230; x_wconf 82' lang='grc' dir='ltr'>δὴ</span> <span class='ocrx_word' id='word_1_880' title='bbox 3780 5153 3881 5214; x_wconf 76' lang='grc' dir='ltr'>οὖν</span> 
     </span>
    </p>
   </div>
   <div class='ocr_carea' id='block_1_113' title="bbox 2277 5246 3882 5325">
    <p class='ocr_par' dir='ltr' id='par_1_113' title="bbox 2277 5246 3882 5325">
     <span class='ocr_line' id='line_1_113' title="bbox 2277 5246 3882 5325; baseline -0.002 -17"><span class='ocrx_word' id='word_1_881' title='bbox 2277 5257 2306 5308; x_wconf 86' lang='lat'><strong>6</strong></span> <span class='ocrx_word' id='word_1_882' title='bbox 2338 5252 2572 5325; x_wconf 77' lang='grc' dir='ltr'>Χριστὸν</span> <span class='ocrx_word' id='word_1_883' title='bbox 2613 5250 2753 5325; x_wconf 78' lang='grc' dir='ltr'>ιχων</span> <span class='ocrx_word' id='word_1_884' title='bbox 2800 5251 2860 5305; x_wconf 69' lang='grc' dir='ltr'>ιν</span> <span class='ocrx_word' id='word_1_885' title='bbox 2911 5246 3095 5317; x_wconf 67' lang='grc' dir='ltr'>ἑαυτῷ</span> <span class='ocrx_word' id='word_1_886' title='bbox 3141 5246 3444 5313; x_wconf 86' lang='grc' dir='ltr'>λαλοῦντα,</span> <span class='ocrx_word' id='word_1_887' title='bbox 3500 5246 3655 5303; x_wconf 78' lang='grc' dir='ltr'><strong>καθά</strong></span> <span class='ocrx_word' id='word_1_888' title='bbox 3706 5265 3882 5320; x_wconf 79' lang='grc' dir='ltr'>φησιν</span> 
     </span>
    </p>
   </div>
   <div class='ocr_carea' id='block_1_114' title="bbox 2278 5335 3884 5411">
    <p class='ocr_par' dir='ltr' id='par_1_114' title="bbox 2278 5335 3884 5411">
     <span class='ocr_line' id='line_1_114' title="bbox 2278 5335 3884 5411; baseline -0.002 -11"><span class='ocrx_word' id='word_1_889' title='bbox 2278 5344 2461 5410; x_wconf 70' lang='grc' dir='ltr'>αὐτός.</span> <span class='ocrx_word' id='word_1_890' title='bbox 2507 5343 2650 5399; x_wconf 76' lang='grc' dir='ltr'>Ἀλλ’</span> <span class='ocrx_word' id='word_1_891' title='bbox 2677 5342 2781 5399; x_wconf 90' lang='grc' dir='ltr'><strong>οὐκ</strong></span> <span class='ocrx_word' id='word_1_892' title='bbox 2803 5340 2921 5396; x_wconf 73' lang='grc' dir='ltr'>εστι</span> <span class='ocrx_word' id='word_1_893' title='bbox 2941 5338 3116 5395; x_wconf 87' lang='grc' dir='ltr'>ταῦτα</span> <span class='ocrx_word' id='word_1_894' title='bbox 3132 5355 3148 5372; x_wconf 87' lang='grc'><strong>·</strong></span> <span class='ocrx_word' id='word_1_895' title='bbox 3177 5339 3254 5411; x_wconf 80' lang='grc' dir='ltr'>μὴ</span> <span class='ocrx_word' id='word_1_896' title='bbox 3273 5339 3511 5409; x_wconf 74' lang='grc' dir='ltr'>γένοιτο.</span> <span class='ocrx_word' id='word_1_897' title='bbox 3542 5337 3768 5395; x_wconf 81' lang='grc' dir='ltr'>οὐκοῦν</span> <span class='ocrx_word' id='word_1_898' title='bbox 3795 5335 3884 5407; x_wconf 77' lang='grc' dir='ltr'>εἷς</span> 
     </span>
    </p>
   </div>
   <div class='ocr_carea' id='block_1_115' title="bbox 3356 5493 3880 5566">
    <p class='ocr_par' dir='ltr' id='par_1_115' title="bbox 3356 5493 3880 5566">
     <span class='ocr_line' id='line_1_115' title="bbox 3356 5493 3880 5566; baseline 0.008 -15"><span class='ocrx_word' id='word_1_899' title='bbox 3356 5497 3402 5530; x_wconf 81' lang='grc'>³⁸</span> <span class='ocrx_word' id='word_1_900' title='bbox 3433 5493 3644 5566; x_wconf 81' lang='lat' dir='ltr'><strong>Ephes.</strong></span> <span class='ocrx_word' id='word_1_901' title='bbox 3670 5511 3756 5563; x_wconf 82' lang='grc' dir='ltr'>ιιι,</span> <span class='ocrx_word' id='word_1_902' title='bbox 3787 5497 3880 5555; x_wconf 74' lang='lat' dir='ltr'><strong>io.</strong></span> 
     </span>
    </p>
   </div>
   <div class='ocr_carea' id='block_1_116' title="bbox 1668 5694 2763 5767">
    <p class='ocr_par' dir='ltr' id='par_1_116' title="bbox 1668 5694 2763 5767">
     <span class='ocr_line' id='line_1_116' title="bbox 1668 5694 2763 5767; baseline -0.011 -6"><span class='ocrx_word' id='word_1_903' title='bbox 1668 5705 1842 5762; x_wconf 66' lang='lat' dir='ltr'><strong>Variae</strong></span> <span class='ocrx_word' id='word_1_904' title='bbox 1875 5703 2138 5760; x_wconf 79' lang='lat' dir='ltr'><strong>lectiones</strong></span> <span class='ocrx_word' id='word_1_905' title='bbox 2175 5696 2378 5757; x_wconf 80' lang='lat' dir='ltr'><strong>codicis</strong></span> <span class='ocrx_word' id='word_1_906' title='bbox 2403 5694 2763 5767; x_wconf 75' lang='lat' dir='ltr'><strong>Seguierlsm.</strong></span> 
     </span>
    </p>
   </div>
   <div class='ocr_carea' id='block_1_117' title="bbox 666 5813 844 5873">
    <p class='ocr_par' dir='ltr' id='par_1_117' title="bbox 666 5813 844 5873">
     <span class='ocr_line' id='line_1_117' title="bbox 666 5813 844 5873; baseline -0.017 -12"><span class='ocrx_word' id='word_1_907' title='bbox 666 5813 691 5841; x_wconf 70' lang='grc'><strong>⁹</strong></span> <span class='ocrx_word' id='word_1_908' title='bbox 719 5813 844 5873; x_wconf 66' lang='grc' dir='ltr'>παῖς</span> 
     </span>
    </p>
   </div>
  </div>
