  <div class='ocr_page' id='page_1' title='image "/cluster/home/n/w/nwhite01/storage/ocr_20150623/77/pst.000004029045/116.png"; bbox 0 0 4154 6322; ppageno 0'>
   <div class='ocr_carea' id='block_1_1' title="bbox 284 340 384 404">
    <p class='ocr_par' dir='ltr' id='par_1_1' title="bbox 284 340 384 404">
     <span class='ocr_line' id='line_1_1' title="bbox 284 340 384 404; baseline 0.02 -2"><span class='ocrx_word' id='word_1_1' title='bbox 284 340 384 404; x_wconf 69' lang='lat'><strong>2&quot;.7</strong></span> 
     </span>
    </p>
   </div>
   <div class='ocr_carea' id='block_1_2' title="bbox 1657 346 2171 406">
    <p class='ocr_par' dir='ltr' id='par_1_2' title="bbox 1657 346 2171 406">
     <span class='ocr_line' id='line_1_2' title="bbox 1657 346 2171 406; baseline -0.004 0"><span class='ocrx_word' id='word_1_2' title='bbox 1657 346 1997 406; x_wconf 77' lang='lat' dir='ltr'><strong>EPISTOLA</strong></span> <span class='ocrx_word' id='word_1_3' title='bbox 2036 347 2171 404; x_wconf 73' lang='lat' dir='ltr'><strong>XLI.</strong></span> 
     </span>
    </p>
   </div>
   <div class='ocr_carea' id='block_1_3' title="bbox 3446 355 3554 414">
    <p class='ocr_par' dir='ltr' id='par_1_3' title="bbox 3446 355 3554 414">
     <span class='ocr_line' id='line_1_3' title="bbox 3446 355 3554 414; baseline 0.019 -2"><span class='ocrx_word' id='word_1_4' title='bbox 3446 355 3554 414; x_wconf 65' lang='lat'><strong>218</strong></span> 
     </span>
    </p>
   </div>
   <div class='ocr_carea' id='block_1_4' title="bbox 290 461 1880 550">
    <p class='ocr_par' dir='ltr' id='par_1_4' title="bbox 290 461 1862 536">
     <span class='ocr_line' id='line_1_4' title="bbox 290 461 1862 536; baseline -0.006 -16"><span class='ocrx_word' id='word_1_5' title='bbox 290 465 514 536; x_wconf 80' lang='grc' dir='ltr'><strong>Κύριος,</strong></span> <span class='ocrx_word' id='word_1_6' title='bbox 559 463 658 518; x_wconf 73' lang='grc' dir='ltr'><strong>καὶ</strong></span> <span class='ocrx_word' id='word_1_7' title='bbox 706 462 803 533; x_wconf 91' lang='grc' dir='ltr'><strong>μία</strong></span> <span class='ocrx_word' id='word_1_8' title='bbox 837 463 1040 526; x_wconf 83' lang='grc' dir='ltr'><strong>πίστις.</strong></span> <span class='ocrx_word' id='word_1_9' title='bbox 1075 461 1134 516; x_wconf 75' lang='grc' dir='ltr'><strong>ιν</strong></span> <span class='ocrx_word' id='word_1_10' title='bbox 1173 461 1476 532; x_wconf 79' lang='grc' dir='ltr'><strong>βάπτισμα.</strong></span> <span class='ocrx_word' id='word_1_11' title='bbox 1524 462 1862 531; x_wconf 86' lang='grc' dir='ltr'><strong>Πιστεύομεν</strong></span> 
     </span>
    </p>
   </div>
   <div class='ocr_carea' id='block_1_5' title="bbox 1983 461 3560 550">
    <p class='ocr_par' dir='ltr' id='par_1_5' title="bbox 1983 462 3560 550">
     <span class='ocr_line' id='line_1_5' title="bbox 1983 462 3560 550; baseline 0.006 -35"><span class='ocrx_word' id='word_1_12' title='bbox 1983 462 2100 530; x_wconf 78' lang='grc' dir='ltr'><strong>ιιιίιί</strong></span> <span class='ocrx_word' id='word_1_13' title='bbox 2124 464 2222 518; x_wconf 77' lang='lat' dir='ltr'><strong>sit!</strong></span> <span class='ocrx_word' id='word_1_14' title='bbox 2247 463 2400 520; x_wconf 88' lang='lat' dir='ltr'><strong>Unus</strong></span> <span class='ocrx_word' id='word_1_15' title='bbox 2430 465 2615 535; x_wconf 84' lang='lat' dir='ltr'><strong>itaque</strong></span> <span class='ocrx_word' id='word_1_16' title='bbox 2643 475 2728 521; x_wconf 88' lang='lat' dir='ltr'><strong>est</strong></span> <span class='ocrx_word' id='word_1_17' title='bbox 2757 466 3042 550; x_wconf 77' lang='lat' dir='ltr'><strong>Dominus,</strong></span> <span class='ocrx_word' id='word_1_18' title='bbox 3064 483 3171 522; x_wconf 86' lang='lat' dir='ltr'><strong>una</strong></span> <span class='ocrx_word' id='word_1_19' title='bbox 3189 465 3341 533; x_wconf 78' lang='lat' dir='ltr'><strong>ﬁdes,</strong></span> <span class='ocrx_word' id='word_1_20' title='bbox 3360 485 3560 524; x_wconf 90' lang='lat' dir='ltr'><strong>unum-</strong></span> 
     </span>
    </p>
   </div>
   <div class='ocr_carea' id='block_1_6' title="bbox 289 551 1868 628">
    <p class='ocr_par' dir='ltr' id='par_1_6' title="bbox 289 551 1868 628">
     <span class='ocr_line' id='line_1_6' title="bbox 289 551 1868 628; baseline -0.004 -19"><span class='ocrx_word' id='word_1_21' title='bbox 289 557 393 628; x_wconf 64' lang='grc' dir='ltr'><strong>γὰνρ</strong></span> <span class='ocrx_word' id='word_1_22' title='bbox 427 559 508 619; x_wconf 89' lang='grc' dir='ltr'><strong>εἰς</strong></span> <span class='ocrx_word' id='word_1_23' title='bbox 558 555 655 607; x_wconf 72' lang='grc' dir='ltr'><strong>ινα</strong></span> <span class='ocrx_word' id='word_1_24' title='bbox 701 552 904 625; x_wconf 79' lang='grc' dir='ltr'><strong>Κύριον</strong></span> <span class='ocrx_word' id='word_1_25' title='bbox 943 551 1150 618; x_wconf 84' lang='grc' dir='ltr'><strong>Ἰησοῦν</strong></span> <span class='ocrx_word' id='word_1_26' title='bbox 1178 554 1432 624; x_wconf 81' lang='grc' dir='ltr'><strong>Χριστὸν,</strong></span> <span class='ocrx_word' id='word_1_27' title='bbox 1476 553 1722 605; x_wconf 73' lang='grc' dir='ltr'><strong>τουτέστι</strong></span> <span class='ocrx_word' id='word_1_28' title='bbox 1776 552 1868 603; x_wconf 80' lang='grc' dir='ltr'><strong>τὸν</strong></span> 
     </span>
    </p>
   </div>
   <div class='ocr_carea' id='block_1_7' title="bbox 292 642 1866 718">
    <p class='ocr_par' dir='ltr' id='par_1_7' title="bbox 292 642 1866 718">
     <span class='ocr_line' id='line_1_7' title="bbox 292 642 1866 718; baseline -0.004 -17"><span class='ocrx_word' id='word_1_29' title='bbox 292 648 559 718; x_wconf 80' lang='grc' dir='ltr'><strong>μονογενῆ</strong></span> <span class='ocrx_word' id='word_1_30' title='bbox 585 643 682 698; x_wconf 80' lang='grc' dir='ltr'><strong>τοῦ</strong></span> <span class='ocrx_word' id='word_1_31' title='bbox 713 645 846 698; x_wconf 71' lang='grc' dir='ltr'><strong>Θεοῦ</strong></span> <span class='ocrx_word' id='word_1_32' title='bbox 876 645 1048 712; x_wconf 83' lang='grc' dir='ltr'>Λόγον</span> <span class='ocrx_word' id='word_1_33' title='bbox 1090 643 1608 714; x_wconf 70' lang='grc' dir='ltr'><strong>ὲνανθρωπήσαντα,</strong></span> <span class='ocrx_word' id='word_1_34' title='bbox 1644 642 1737 695; x_wconf 70' lang='grc' dir='ltr'><strong>καὶ</strong></span> <span class='ocrx_word' id='word_1_35' title='bbox 1776 657 1866 693; x_wconf 76' lang='grc' dir='ltr'><strong>σε-</strong></span> 
     </span>
    </p>
   </div>
   <div class='ocr_carea' id='block_1_8' title="bbox 291 729 1868 808">
    <p class='ocr_par' dir='ltr' id='par_1_8' title="bbox 291 729 1868 808">
     <span class='ocr_line' id='line_1_8' title="bbox 291 729 1868 808; baseline -0.006 -17"><span class='ocrx_word' id='word_1_36' title='bbox 291 735 670 808; x_wconf 70' lang='grc' dir='ltr'><strong>σαρκωμάνον.</strong></span> <span class='ocrx_word' id='word_1_37' title='bbox 717 734 818 787; x_wconf 85' lang='grc' dir='ltr'><strong>Διά</strong></span> <span class='ocrx_word' id='word_1_38' title='bbox 844 733 1002 787; x_wconf 83' lang='grc' dir='ltr'><strong>τοῦτο</strong></span> <span class='ocrx_word' id='word_1_39' title='bbox 1048 735 1143 787; x_wconf 77' lang='grc' dir='ltr'><strong>καὶ</strong></span> <span class='ocrx_word' id='word_1_40' title='bbox 1176 735 1255 795; x_wconf 87' lang='grc' dir='ltr'><strong>εἰς</strong></span> <span class='ocrx_word' id='word_1_41' title='bbox 1299 734 1390 786; x_wconf 78' lang='grc' dir='ltr'><strong>τὸν</strong></span> <span class='ocrx_word' id='word_1_42' title='bbox 1434 732 1662 788; x_wconf 85' lang='grc' dir='ltr'><strong>θάνατον</strong></span> <span class='ocrx_word' id='word_1_43' title='bbox 1701 729 1868 782; x_wconf 76' lang='grc' dir='ltr'><strong>αὑτοῦ</strong></span> 
     </span>
    </p>
   </div>
   <div class='ocr_carea' id='block_1_9' title="bbox 294 823 1869 899">
    <p class='ocr_par' dir='ltr' id='par_1_9' title="bbox 294 823 1869 899">
     <span class='ocr_line' id='line_1_9' title="bbox 294 823 1869 899; baseline -0.006 -16"><span class='ocrx_word' id='word_1_44' title='bbox 294 825 700 899; x_wconf 76' lang='grc' dir='ltr'><strong>βαπτιζόμεθα.</strong></span> <span class='ocrx_word' id='word_1_45' title='bbox 753 828 847 880; x_wconf 76' lang='grc' dir='ltr'><strong>καὶ</strong></span> <span class='ocrx_word' id='word_1_46' title='bbox 901 825 1061 896; x_wconf 85' lang='grc' dir='ltr'><strong>μόνον</strong></span> <span class='ocrx_word' id='word_1_47' title='bbox 1115 826 1272 896; x_wconf 82' lang='grc' dir='ltr'><strong>ίσμεν</strong></span> <span class='ocrx_word' id='word_1_48' title='bbox 1316 825 1488 895; x_wconf 55' lang='grc' dir='ltr'><strong>,αὑτὸν</strong></span> <span class='ocrx_word' id='word_1_49' title='bbox 1541 825 1746 894; x_wconf 80' lang='grc' dir='ltr'>Κύριον</span> <span class='ocrx_word' id='word_1_50' title='bbox 1793 823 1869 886; x_wconf 87' lang='grc' dir='ltr'><strong>ὼς</strong></span> 
     </span>
    </p>
   </div>
   <div class='ocr_carea' id='block_1_10' title="bbox 290 914 1866 988">
    <p class='ocr_par' dir='ltr' id='par_1_10' title="bbox 290 914 1866 988">
     <span class='ocr_line' id='line_1_10' title="bbox 290 914 1866 988; baseline -0.004 -15"><span class='ocrx_word' id='word_1_51' title='bbox 290 921 446 983; x_wconf 76' lang='grc' dir='ltr'><strong>Θεὸν,</strong></span> <span class='ocrx_word' id='word_1_52' title='bbox 477 921 581 972; x_wconf 79' lang='grc' dir='ltr'><strong>οὐκ</strong></span> <span class='ocrx_word' id='word_1_53' title='bbox 606 919 710 973; x_wconf 82' lang='grc' dir='ltr'><strong>ἀνά</strong></span> <span class='ocrx_word' id='word_1_54' title='bbox 740 916 907 988; x_wconf 73' lang='grc' dir='ltr'><strong>μέρος</strong></span> <span class='ocrx_word' id='word_1_55' title='bbox 950 917 1193 980; x_wconf 78' lang='grc' dir='ltr'><strong>τιθέντες</strong></span> <span class='ocrx_word' id='word_1_56' title='bbox 1235 915 1549 987; x_wconf 73' lang='grc' dir='ltr'><strong>ἄνθρωπον,</strong></span> <span class='ocrx_word' id='word_1_57' title='bbox 1581 918 1676 969; x_wconf 77' lang='grc' dir='ltr'><strong>καὶ</strong></span> <span class='ocrx_word' id='word_1_58' title='bbox 1710 914 1866 980; x_wconf 79' lang='grc' dir='ltr'><strong>Θεὸν,</strong></span> 
     </span>
    </p>
   </div>
   <div class='ocr_carea' id='block_1_11' title="bbox 287 1007 1869 1079">
    <p class='ocr_par' dir='ltr' id='par_1_11' title="bbox 287 1007 1869 1079">
     <span class='ocr_line' id='line_1_11' title="bbox 287 1007 1869 1079; baseline -0.004 -13"><span class='ocrx_word' id='word_1_59' title='bbox 287 1011 402 1066; x_wconf 84' lang='grc' dir='ltr'><strong>ἀλλ’</strong></span> <span class='ocrx_word' id='word_1_60' title='bbox 453 1011 640 1070; x_wconf 70' lang='grc' dir='ltr'><strong>αὐτὴν.</strong></span> <span class='ocrx_word' id='word_1_61' title='bbox 687 1010 764 1072; x_wconf 85' lang='grc' dir='ltr'><strong>ὠς</strong></span> <span class='ocrx_word' id='word_1_62' title='bbox 797 1009 955 1079; x_wconf 64' lang='grc' dir='ltr'><strong>ἔφην,</strong></span> <span class='ocrx_word' id='word_1_63' title='bbox 1008 1010 1100 1062; x_wconf 82' lang='grc' dir='ltr'><strong>τὸν</strong></span> <span class='ocrx_word' id='word_1_64' title='bbox 1151 1011 1216 1061; x_wconf 78' lang='grc' dir='ltr'><strong>ὲκ</strong></span> <span class='ocrx_word' id='word_1_65' title='bbox 1259 1007 1395 1060; x_wconf 84' lang='grc' dir='ltr'><strong>Θεοῦ</strong></span> <span class='ocrx_word' id='word_1_66' title='bbox 1444 1007 1658 1078; x_wconf 82' lang='grc' dir='ltr'><strong>Πατρὸς</strong></span> <span class='ocrx_word' id='word_1_67' title='bbox 1697 1007 1869 1075; x_wconf 84' lang='grc' dir='ltr'>Λόγον</span> 
     </span>
    </p>
   </div>
   <div class='ocr_carea' id='block_1_12' title="bbox 288 1099 1869 1174">
    <p class='ocr_par' dir='ltr' id='par_1_12' title="bbox 288 1099 1869 1174">
     <span class='ocr_line' id='line_1_12' title="bbox 288 1099 1869 1174; baseline -0.004 -16"><span class='ocrx_word' id='word_1_68' title='bbox 288 1103 580 1174; x_wconf 69' lang='grc' dir='ltr'><strong>ἄνθρωπον</strong></span> <span class='ocrx_word' id='word_1_69' title='bbox 613 1101 866 1170; x_wconf 82' lang='grc' dir='ltr'><strong>γενέσθαι</strong></span> <span class='ocrx_word' id='word_1_70' title='bbox 899 1099 1369 1169; x_wconf 84' lang='grc' dir='ltr'><strong>διαϐεϐαιούμενοι</strong></span> <span class='ocrx_word' id='word_1_71' title='bbox 1391 1102 1528 1170; x_wconf 70' lang='grc' dir='ltr'><strong>μετὰ</strong></span> <span class='ocrx_word' id='word_1_72' title='bbox 1553 1100 1649 1153; x_wconf 83' lang='grc' dir='ltr'><strong>τοῦ</strong></span> <span class='ocrx_word' id='word_1_73' title='bbox 1689 1102 1869 1163; x_wconf 80' lang='grc' dir='ltr'><strong>μεῖναι</strong></span> 
     </span>
    </p>
   </div>
   <div class='ocr_carea' id='block_1_13' title="bbox 288 1192 1869 1268">
    <p class='ocr_par' dir='ltr' id='par_1_13' title="bbox 288 1192 1869 1268">
     <span class='ocr_line' id='line_1_13' title="bbox 288 1192 1869 1268; baseline -0.004 -17"><span class='ocrx_word' id='word_1_74' title='bbox 288 1200 458 1252; x_wconf 72' lang='grc' dir='ltr'><strong>θεόν·</strong></span> <span class='ocrx_word' id='word_1_75' title='bbox 492 1198 763 1268; x_wconf 74' lang='grc' dir='ltr'><strong>ἄτρεπτος</strong></span> <span class='ocrx_word' id='word_1_76' title='bbox 808 1196 937 1266; x_wconf 79' lang='grc' dir='ltr'><strong>γὰρ,</strong></span> <span class='ocrx_word' id='word_1_77' title='bbox 988 1196 1083 1249; x_wconf 74' lang='grc' dir='ltr'><strong>καὶ</strong></span> <span class='ocrx_word' id='word_1_78' title='bbox 1114 1194 1476 1256; x_wconf 79' lang='grc' dir='ltr'><strong>ἀναλλοίωτος</strong></span> <span class='ocrx_word' id='word_1_79' title='bbox 1522 1193 1666 1246; x_wconf 79' lang='grc' dir='ltr'><strong>κατὰ</strong></span> <span class='ocrx_word' id='word_1_80' title='bbox 1709 1192 1869 1259; x_wconf 83' lang='grc' dir='ltr'><strong>φύσιν</strong></span> 
     </span>
    </p>
   </div>
   <div class='ocr_carea' id='block_1_14' title="bbox 289 1283 1872 1357">
    <p class='ocr_par' dir='ltr' id='par_1_14' title="bbox 289 1283 1872 1357">
     <span class='ocr_line' id='line_1_14' title="bbox 289 1283 1872 1357; baseline -0.004 -15"><span class='ocrx_word' id='word_1_81' title='bbox 289 1289 462 1343; x_wconf 79' lang='grc' dir='ltr'><strong>ἰστίν.</strong></span> <span class='ocrx_word' id='word_1_82' title='bbox 503 1287 657 1340; x_wconf 79' lang='grc' dir='ltr'><strong>ἐπεὶ</strong></span> <span class='ocrx_word' id='word_1_83' title='bbox 689 1286 1048 1357; x_wconf 67' lang='grc' dir='ltr'><strong>φραζέτωσαν</strong></span> <span class='ocrx_word' id='word_1_84' title='bbox 1077 1288 1126 1339; x_wconf 89' lang='grc' dir='ltr'><strong>οἰ</strong></span> <span class='ocrx_word' id='word_1_85' title='bbox 1153 1285 1220 1339; x_wconf 75' lang='grc' dir='ltr'><strong>δι’</strong></span> <span class='ocrx_word' id='word_1_86' title='bbox 1255 1284 1522 1348; x_wconf 77' lang='grc' dir='ltr'><strong>ἐναντίας,</strong></span> <span class='ocrx_word' id='word_1_87' title='bbox 1563 1285 1612 1337; x_wconf 86' lang='grc' dir='ltr'><strong>εἰ</strong></span> <span class='ocrx_word' id='word_1_88' title='bbox 1650 1283 1744 1337; x_wconf 85' lang='grc' dir='ltr'><strong>δύο</strong></span> <span class='ocrx_word' id='word_1_89' title='bbox 1770 1300 1872 1350; x_wconf 83' lang='grc' dir='ltr'><strong>φα-</strong></span> 
     </span>
    </p>
   </div>
   <div class='ocr_carea' id='block_1_15' title="bbox 292 1375 1868 1448">
    <p class='ocr_par' dir='ltr' id='par_1_15' title="bbox 292 1375 1868 1448">
     <span class='ocr_line' id='line_1_15' title="bbox 292 1375 1868 1448; baseline -0.004 -14"><span class='ocrx_word' id='word_1_90' title='bbox 292 1384 373 1434; x_wconf 72' lang='grc' dir='ltr'><strong>σὶν</strong></span> <span class='ocrx_word' id='word_1_91' title='bbox 424 1381 610 1444; x_wconf 73' lang='grc' dir='ltr'><strong>Υἱοὺς,</strong></span> <span class='ocrx_word' id='word_1_92' title='bbox 653 1379 750 1432; x_wconf 76' lang='grc' dir='ltr'><strong>ἱνα</strong></span> <span class='ocrx_word' id='word_1_93' title='bbox 800 1379 898 1448; x_wconf 68' lang='grc' dir='ltr'><strong>μὲν</strong></span> <span class='ocrx_word' id='word_1_94' title='bbox 934 1378 1116 1440; x_wconf 55' lang='lat' dir='ltr'><strong>una;</strong></span> <span class='ocrx_word' id='word_1_95' title='bbox 1164 1378 1255 1430; x_wconf 77' lang='grc' dir='ltr'><strong>τὸν</strong></span> <span class='ocrx_word' id='word_1_96' title='bbox 1288 1379 1353 1429; x_wconf 69' lang='grc' dir='ltr'><strong>εκ</strong></span> <span class='ocrx_word' id='word_1_97' title='bbox 1407 1377 1723 1447; x_wconf 81' lang='grc' dir='ltr'><strong>σπέρματος</strong></span> <span class='ocrx_word' id='word_1_98' title='bbox 1773 1375 1868 1428; x_wconf 82' lang='grc' dir='ltr'><strong>τοῦ</strong></span> 
     </span>
    </p>
   </div>
   <div class='ocr_carea' id='block_1_16' title="bbox 288 1468 1872 1542">
    <p class='ocr_par' dir='ltr' id='par_1_16' title="bbox 288 1468 1872 1542">
     <span class='ocr_line' id='line_1_16' title="bbox 288 1468 1872 1542; baseline -0.004 -15"><span class='ocrx_word' id='word_1_99' title='bbox 288 1471 476 1534; x_wconf 76' lang='grc' dir='ltr'><strong>Δαυτδ,</strong></span> <span class='ocrx_word' id='word_1_100' title='bbox 512 1472 703 1541; x_wconf 72' lang='grc' dir='ltr'><strong>ιτερον</strong></span> <span class='ocrx_word' id='word_1_101' title='bbox 732 1471 778 1524; x_wconf 72' lang='grc' dir='ltr'><strong>δ’</strong></span> <span class='ocrx_word' id='word_1_102' title='bbox 813 1468 903 1532; x_wconf 77' lang='grc' dir='ltr'><strong>αὖ,</strong></span> <span class='ocrx_word' id='word_1_103' title='bbox 937 1471 1032 1524; x_wconf 73' lang='grc' dir='ltr'><strong>καὶ</strong></span> <span class='ocrx_word' id='word_1_104' title='bbox 1058 1471 1160 1524; x_wconf 79' lang='grc' dir='ltr'><strong>ἀνὰ</strong></span> <span class='ocrx_word' id='word_1_105' title='bbox 1192 1471 1357 1542; x_wconf 79' lang='grc' dir='ltr'><strong>μέρος</strong></span> <span class='ocrx_word' id='word_1_106' title='bbox 1387 1470 1478 1522; x_wconf 63' lang='grc' dir='ltr'><strong>τὴν</strong></span> <span class='ocrx_word' id='word_1_107' title='bbox 1505 1471 1571 1522; x_wconf 73' lang='grc' dir='ltr'><strong>ἐκ</strong></span> <span class='ocrx_word' id='word_1_108' title='bbox 1603 1468 1738 1522; x_wconf 83' lang='grc' dir='ltr'><strong>Θεοῦ</strong></span> <span class='ocrx_word' id='word_1_109' title='bbox 1759 1469 1872 1521; x_wconf 84' lang='grc' dir='ltr'><strong>Πα-</strong></span> 
     </span>
    </p>
   </div>
   <div class='ocr_carea' id='block_1_17' title="bbox 290 1559 1868 1636">
    <p class='ocr_par' dir='ltr' id='par_1_17' title="bbox 290 1559 1868 1636">
     <span class='ocr_line' id='line_1_17' title="bbox 290 1559 1868 1636; baseline -0.002 -19"><span class='ocrx_word' id='word_1_110' title='bbox 290 1566 420 1635; x_wconf 81' lang='grc' dir='ltr'><strong>τρδς</strong></span> <span class='ocrx_word' id='word_1_111' title='bbox 451 1564 647 1633; x_wconf 85' lang='grc' dir='ltr'><strong>Λόγον.</strong></span> <span class='ocrx_word' id='word_1_112' title='bbox 665 1559 792 1636; x_wconf 73' lang='lat' dir='ltr'><strong>&#39;Ap&#39;</strong></span> <span class='ocrx_word' id='word_1_113' title='bbox 820 1564 920 1617; x_wconf 77' lang='grc' dir='ltr'><strong>οὐκ</strong></span> <span class='ocrx_word' id='word_1_114' title='bbox 953 1563 1192 1633; x_wconf 82' lang='grc' dir='ltr'><strong>ἀμείνων</strong></span> <span class='ocrx_word' id='word_1_115' title='bbox 1224 1562 1365 1617; x_wconf 78' lang='grc' dir='ltr'><strong>κατὰ</strong></span> <span class='ocrx_word' id='word_1_116' title='bbox 1391 1565 1555 1632; x_wconf 74' lang='grc' dir='ltr'><strong>φύσιν</strong></span> <span class='ocrx_word' id='word_1_117' title='bbox 1586 1565 1614 1614; x_wconf 89' lang='grc' dir='ltr'>ὁ</span> <span class='ocrx_word' id='word_1_118' title='bbox 1639 1563 1704 1614; x_wconf 76' lang='grc' dir='ltr'><strong>ὲκ</strong></span> <span class='ocrx_word' id='word_1_119' title='bbox 1732 1560 1868 1614; x_wconf 83' lang='grc' dir='ltr'><strong>Θεοῦ</strong></span> 
     </span>
    </p>
   </div>
   <div class='ocr_carea' id='block_1_18' title="bbox 289 1652 1871 1727">
    <p class='ocr_par' dir='ltr' id='par_1_18' title="bbox 289 1652 1871 1727">
     <span class='ocr_line' id='line_1_18' title="bbox 289 1652 1871 1727; baseline -0.003 -18"><span class='ocrx_word' id='word_1_120' title='bbox 289 1655 504 1727; x_wconf 82' lang='grc' dir='ltr'><strong>Πατρὸς</strong></span> <span class='ocrx_word' id='word_1_121' title='bbox 545 1656 738 1724; x_wconf 82' lang='grc' dir='ltr'><strong>Λόγος,</strong></span> <span class='ocrx_word' id='word_1_122' title='bbox 773 1655 866 1708; x_wconf 82' lang='grc' dir='ltr'><strong>τοῦ</strong></span> <span class='ocrx_word' id='word_1_123' title='bbox 912 1657 976 1709; x_wconf 73' lang='grc' dir='ltr'><strong>ἐκ</strong></span> <span class='ocrx_word' id='word_1_124' title='bbox 1019 1655 1338 1725; x_wconf 81' lang='grc' dir='ltr'><strong>σπέρματος</strong></span> <span class='ocrx_word' id='word_1_125' title='bbox 1388 1653 1484 1707; x_wconf 82' lang='grc' dir='ltr'><strong>τοῦ</strong></span> <span class='ocrx_word' id='word_1_126' title='bbox 1527 1652 1729 1714; x_wconf 75' lang='grc' dir='ltr'><strong>Δαυῖδ,</strong></span> <span class='ocrx_word' id='word_1_127' title='bbox 1775 1653 1871 1706; x_wconf 79' lang='grc' dir='ltr'><strong>καὶ</strong></span> 
     </span>
    </p>
   </div>
   <div class='ocr_carea' id='block_1_19' title="bbox 285 1745 1869 1820">
    <p class='ocr_par' dir='ltr' id='par_1_19' title="bbox 285 1745 1869 1820">
     <span class='ocr_line' id='line_1_19' title="bbox 285 1745 1869 1820; baseline -0.003 -17"><span class='ocrx_word' id='word_1_128' title='bbox 285 1747 646 1820; x_wconf 77' lang='grc' dir='ltr'><strong>άσυγκρίτοις</strong></span> <span class='ocrx_word' id='word_1_129' title='bbox 680 1748 1000 1819; x_wconf 68' lang='grc' dir='ltr'><strong>διαφοραίςς</strong></span> <span class='ocrx_word' id='word_1_130' title='bbox 1038 1747 1102 1801; x_wconf 86' lang='grc' dir='ltr'><strong>τί</strong></span> <span class='ocrx_word' id='word_1_131' title='bbox 1131 1747 1238 1818; x_wconf 83' lang='grc' dir='ltr'><strong>γὰρ</strong></span> <span class='ocrx_word' id='word_1_132' title='bbox 1263 1747 1553 1818; x_wconf 78' lang='grc' dir='ltr'><strong>ἀνθρώπου</strong></span> <span class='ocrx_word' id='word_1_133' title='bbox 1584 1747 1763 1816; x_wconf 77' lang='grc' dir='ltr'><strong>φύσις,</strong></span> <span class='ocrx_word' id='word_1_134' title='bbox 1794 1745 1869 1808; x_wconf 84' lang='grc' dir='ltr'><strong>ὡς</strong></span> 
     </span>
    </p>
   </div>
   <div class='ocr_carea' id='block_1_20' title="bbox 1977 554 3558 625">
    <p class='ocr_par' dir='ltr' id='par_1_20' title="bbox 1977 554 3558 625">
     <span class='ocr_line' id='line_1_20' title="bbox 1977 554 3558 625; baseline 0.004 -17"><span class='ocrx_word' id='word_1_135' title='bbox 1977 569 2084 624; x_wconf 90' lang='lat' dir='ltr'><strong>que</strong></span> <span class='ocrx_word' id='word_1_136' title='bbox 2117 555 2405 625; x_wconf 90' lang='lat' dir='ltr'><strong>baptisma.</strong></span> <span class='ocrx_word' id='word_1_137' title='bbox 2447 554 2740 612; x_wconf 84' lang='lat' dir='ltr'><strong>Credimus</strong></span> <span class='ocrx_word' id='word_1_138' title='bbox 2783 558 2932 614; x_wconf 83' lang='lat' dir='ltr'><strong>enim</strong></span> <span class='ocrx_word' id='word_1_139' title='bbox 2968 557 3022 610; x_wconf 90' lang='lat' dir='ltr'><strong>in</strong></span> <span class='ocrx_word' id='word_1_140' title='bbox 3047 573 3216 612; x_wconf 91' lang='lat' dir='ltr'><strong>unum</strong></span> <span class='ocrx_word' id='word_1_141' title='bbox 3264 558 3558 615; x_wconf 89' lang='lat' dir='ltr'><strong>Dominum</strong></span> 
     </span>
    </p>
   </div>
   <div class='ocr_carea' id='block_1_21' title="bbox 1975 646 3556 720">
    <p class='ocr_par' dir='ltr' id='par_1_21' title="bbox 1975 646 3556 720">
     <span class='ocr_line' id='line_1_21' title="bbox 1975 646 3556 720; baseline 0.003 -20"><span class='ocrx_word' id='word_1_142' title='bbox 1975 646 2162 701; x_wconf 81' lang='lat' dir='ltr'><strong>Jesum</strong></span> <span class='ocrx_word' id='word_1_143' title='bbox 2192 646 2495 712; x_wconf 78' lang='lat' dir='ltr'><strong>Christum,</strong></span> <span class='ocrx_word' id='word_1_144' title='bbox 2519 647 2624 702; x_wconf 91' lang='lat' dir='ltr'><strong>hoc</strong></span> <span class='ocrx_word' id='word_1_145' title='bbox 2655 657 2760 712; x_wconf 86' lang='lat' dir='ltr'><strong>est,</strong></span> <span class='ocrx_word' id='word_1_146' title='bbox 2796 649 3142 720; x_wconf 80' lang='lat' dir='ltr'><strong>unigenitum</strong></span> <span class='ocrx_word' id='word_1_147' title='bbox 3172 648 3268 704; x_wconf 86' lang='lat' dir='ltr'><strong>Dei</strong></span> <span class='ocrx_word' id='word_1_148' title='bbox 3291 650 3556 713; x_wconf 88' lang='lat' dir='ltr'><strong>Verbum,</strong></span> 
     </span>
    </p>
   </div>
   <div class='ocr_carea' id='block_1_22' title="bbox 1977 737 3559 812">
    <p class='ocr_par' dir='ltr' id='par_1_22' title="bbox 1977 737 3559 812">
     <span class='ocr_line' id='line_1_22' title="bbox 1977 737 3559 812; baseline 0.003 -21"><span class='ocrx_word' id='word_1_149' title='bbox 1977 737 2256 793; x_wconf 87' lang='lat' dir='ltr'><strong>hominem</strong></span> <span class='ocrx_word' id='word_1_150' title='bbox 2281 738 2486 795; x_wconf 81' lang='lat' dir='ltr'><strong>factum</strong></span> <span class='ocrx_word' id='word_1_151' title='bbox 2513 750 2568 796; x_wconf 93' lang='lat' dir='ltr'><strong>et</strong></span> <span class='ocrx_word' id='word_1_152' title='bbox 2612 741 2981 796; x_wconf 89' lang='lat' dir='ltr'><strong>incarnatum.</strong></span> <span class='ocrx_word' id='word_1_153' title='bbox 3047 741 3203 798; x_wconf 89' lang='lat' dir='ltr'><strong>Unde</strong></span> <span class='ocrx_word' id='word_1_154' title='bbox 3242 751 3298 798; x_wconf 93' lang='lat' dir='ltr'><strong>et</strong></span> <span class='ocrx_word' id='word_1_155' title='bbox 3332 739 3387 795; x_wconf 89' lang='lat' dir='ltr'><strong>in</strong></span> <span class='ocrx_word' id='word_1_156' title='bbox 3437 742 3559 812; x_wconf 77' lang='lat' dir='ltr'><strong>ejus</strong></span> 
     </span>
    </p>
   </div>
   <div class='ocr_carea' id='block_1_23' title="bbox 1975 832 3561 904">
    <p class='ocr_par' dir='ltr' id='par_1_23' title="bbox 1975 832 3561 904">
     <span class='ocr_line' id='line_1_23' title="bbox 1975 832 3561 904; baseline 0.001 -20"><span class='ocrx_word' id='word_1_157' title='bbox 1975 846 2196 902; x_wconf 90' lang='lat' dir='ltr'><strong>quoque</strong></span> <span class='ocrx_word' id='word_1_158' title='bbox 2222 843 2455 888; x_wconf 88' lang='lat' dir='ltr'><strong>mortem</strong></span> <span class='ocrx_word' id='word_1_159' title='bbox 2479 832 2826 903; x_wconf 84' lang='lat' dir='ltr'><strong>baptizamur</strong></span> <span class='ocrx_word' id='word_1_160' title='bbox 2852 835 2918 894; x_wconf 81' lang='lat'><strong>&quot;.</strong></span> <span class='ocrx_word' id='word_1_161' title='bbox 2946 842 3005 888; x_wconf 90' lang='lat' dir='ltr'><strong>et</strong></span> <span class='ocrx_word' id='word_1_162' title='bbox 3042 833 3223 904; x_wconf 91' lang='lat' dir='ltr'><strong>ipsum</strong></span> <span class='ocrx_word' id='word_1_163' title='bbox 3247 832 3426 886; x_wconf 89' lang='lat' dir='ltr'><strong>solum</strong></span> <span class='ocrx_word' id='word_1_164' title='bbox 3457 834 3561 887; x_wconf 90' lang='lat' dir='ltr'><strong>Do-</strong></span> 
     </span>
    </p>
   </div>
   <div class='ocr_carea' id='block_1_24' title="bbox 1977 924 3562 994">
    <p class='ocr_par' dir='ltr' id='par_1_24' title="bbox 1977 924 3562 994">
     <span class='ocr_line' id='line_1_24' title="bbox 1977 924 3562 994; baseline -0.002 -16"><span class='ocrx_word' id='word_1_165' title='bbox 1977 924 2414 994; x_wconf 87' lang='lat' dir='ltr'><strong>minum,utpote</strong></span> <span class='ocrx_word' id='word_1_166' title='bbox 2446 925 2640 987; x_wconf 89' lang='lat' dir='ltr'><strong>Deum,</strong></span> <span class='ocrx_word' id='word_1_167' title='bbox 2663 924 3014 994; x_wconf 77' lang='lat' dir='ltr'><strong>agnoscimus</strong></span> <span class='ocrx_word' id='word_1_168' title='bbox 3054 927 3202 988; x_wconf 85' lang='lat' dir='ltr'><strong>:non</strong></span> <span class='ocrx_word' id='word_1_169' title='bbox 3245 933 3562 994; x_wconf 83' lang='lat' dir='ltr'><strong>separantes</strong></span> 
     </span>
    </p>
   </div>
   <div class='ocr_carea' id='block_1_25' title="bbox 1978 1012 3559 1084">
    <p class='ocr_par' dir='ltr' id='par_1_25' title="bbox 1978 1012 3559 1084">
     <span class='ocr_line' id='line_1_25' title="bbox 1978 1012 3559 1084; baseline -0.001 -15"><span class='ocrx_word' id='word_1_170' title='bbox 1978 1030 2007 1068; x_wconf 86' lang='lat' dir='ltr'><strong>a</strong></span> <span class='ocrx_word' id='word_1_171' title='bbox 2028 1015 2337 1071; x_wconf 83' lang='lat' dir='ltr'><strong>seinvicem</strong></span> <span class='ocrx_word' id='word_1_172' title='bbox 2365 1015 2647 1070; x_wconf 89' lang='lat' dir='ltr'><strong>hominem</strong></span> <span class='ocrx_word' id='word_1_173' title='bbox 2687 1026 2746 1070; x_wconf 91' lang='lat' dir='ltr'><strong>et</strong></span> <span class='ocrx_word' id='word_1_174' title='bbox 2767 1015 2972 1080; x_wconf 88' lang='lat' dir='ltr'><strong>Deum;</strong></span> <span class='ocrx_word' id='word_1_175' title='bbox 2995 1015 3089 1069; x_wconf 86' lang='lat' dir='ltr'><strong>sed</strong></span> <span class='ocrx_word' id='word_1_176' title='bbox 3118 1015 3394 1084; x_wconf 89' lang='lat' dir='ltr'><strong>ipsum,ut</strong></span> <span class='ocrx_word' id='word_1_177' title='bbox 3422 1012 3559 1076; x_wconf 85' lang='lat' dir='ltr'><strong>dixi,</strong></span> 
     </span>
    </p>
   </div>
   <div class='ocr_carea' id='block_1_26' title="bbox 1976 1106 3559 1176">
    <p class='ocr_par' dir='ltr' id='par_1_26' title="bbox 1976 1106 3559 1176">
     <span class='ocr_line' id='line_1_26' title="bbox 1976 1106 3559 1176; baseline -0.003 -14"><span class='ocrx_word' id='word_1_178' title='bbox 1976 1107 2073 1162; x_wconf 96' lang='lat' dir='ltr'><strong>Dei</strong></span> <span class='ocrx_word' id='word_1_179' title='bbox 2114 1107 2292 1162; x_wconf 89' lang='lat' dir='ltr'><strong>Patris</strong></span> <span class='ocrx_word' id='word_1_180' title='bbox 2317 1107 2582 1170; x_wconf 84' lang='lat' dir='ltr'><strong>Verbum,</strong></span> <span class='ocrx_word' id='word_1_181' title='bbox 2611 1107 2758 1162; x_wconf 88' lang='lat' dir='ltr'><strong>salva</strong></span> <span class='ocrx_word' id='word_1_182' title='bbox 2793 1106 3002 1162; x_wconf 85' lang='lat' dir='ltr'><strong>deitate</strong></span> <span class='ocrx_word' id='word_1_183' title='bbox 3035 1106 3140 1176; x_wconf 83' lang='lat' dir='ltr'><strong>(est</strong></span> <span class='ocrx_word' id='word_1_184' title='bbox 3162 1106 3311 1160; x_wconf 90' lang='lat' dir='ltr'><strong>enim</strong></span> <span class='ocrx_word' id='word_1_185' title='bbox 3357 1119 3559 1159; x_wconf 89' lang='lat' dir='ltr'><strong>secun-</strong></span> 
     </span>
    </p>
   </div>
   <div class='ocr_carea' id='block_1_27' title="bbox 1975 1195 3560 1268">
    <p class='ocr_par' dir='ltr' id='par_1_27' title="bbox 1975 1195 3560 1268">
     <span class='ocr_line' id='line_1_27' title="bbox 1975 1195 3560 1268; baseline -0.003 -14"><span class='ocrx_word' id='word_1_186' title='bbox 1975 1199 2108 1254; x_wconf 89' lang='lat' dir='ltr'><strong>dum</strong></span> <span class='ocrx_word' id='word_1_187' title='bbox 2162 1206 2419 1253; x_wconf 88' lang='lat' dir='ltr'><strong>naturam</strong></span> <span class='ocrx_word' id='word_1_188' title='bbox 2478 1214 2632 1253; x_wconf 83' lang='lat' dir='ltr'><strong>suam</strong></span> <span class='ocrx_word' id='word_1_189' title='bbox 2705 1197 3083 1268; x_wconf 80' lang='lat' dir='ltr'><strong>immutabile)</strong></span> <span class='ocrx_word' id='word_1_190' title='bbox 3148 1197 3428 1251; x_wconf 87' lang='lat' dir='ltr'><strong>hominem</strong></span> <span class='ocrx_word' id='word_1_191' title='bbox 3477 1195 3560 1250; x_wconf 79' lang='lat' dir='ltr'><strong>fa-</strong></span> 
     </span>
    </p>
   </div>
   <div class='ocr_carea' id='block_1_28' title="bbox 1977 1287 3560 1368">
    <p class='ocr_par' dir='ltr' id='par_1_28' title="bbox 1977 1287 3560 1368">
     <span class='ocr_line' id='line_1_28' title="bbox 1977 1287 3560 1368; baseline -0.003 -24"><span class='ocrx_word' id='word_1_192' title='bbox 1977 1298 2126 1344; x_wconf 91' lang='lat' dir='ltr'><strong>ctum</strong></span> <span class='ocrx_word' id='word_1_193' title='bbox 2153 1291 2499 1345; x_wconf 80' lang='lat' dir='ltr'><strong>conﬁtentes.</strong></span> <span class='ocrx_word' id='word_1_194' title='bbox 2534 1291 2753 1344; x_wconf 89' lang='lat' dir='ltr'><strong>Etenim</strong></span> <span class='ocrx_word' id='word_1_195' title='bbox 2809 1290 2998 1345; x_wconf 82' lang='lat' dir='ltr'><strong>dicant</strong></span> <span class='ocrx_word' id='word_1_196' title='bbox 3048 1288 3211 1368; x_wconf 81' lang='lat' dir='ltr'><strong>nobis</strong></span> <span class='ocrx_word' id='word_1_197' title='bbox 3233 1287 3560 1348; x_wconf 84' lang='lat' dir='ltr'><strong>adversarii.</strong></span> 
     </span>
    </p>
   </div>
   <div class='ocr_carea' id='block_1_29' title="bbox 1977 1379 3563 1451">
    <p class='ocr_par' dir='ltr' id='par_1_29' title="bbox 1977 1379 3563 1451">
     <span class='ocr_line' id='line_1_29' title="bbox 1977 1379 3563 1451; baseline -0.001 -17"><span class='ocrx_word' id='word_1_198' title='bbox 1977 1380 2022 1434; x_wconf 88' lang='lat' dir='ltr'><strong>si</strong></span> <span class='ocrx_word' id='word_1_199' title='bbox 2053 1379 2191 1435; x_wconf 91' lang='lat' dir='ltr'><strong>duos</strong></span> <span class='ocrx_word' id='word_1_200' title='bbox 2230 1380 2400 1435; x_wconf 86' lang='lat' dir='ltr'><strong>Filios</strong></span> <span class='ocrx_word' id='word_1_201' title='bbox 2419 1391 2695 1444; x_wconf 84' lang='lat' dir='ltr'><strong>asserunt,</strong></span> <span class='ocrx_word' id='word_1_202' title='bbox 2727 1397 2898 1436; x_wconf 91' lang='lat' dir='ltr'><strong>unum</strong></span> <span class='ocrx_word' id='word_1_203' title='bbox 2918 1381 3141 1451; x_wconf 89' lang='lat' dir='ltr'><strong>quidem</strong></span> <span class='ocrx_word' id='word_1_204' title='bbox 3167 1393 3438 1441; x_wconf 82' lang='lat' dir='ltr'><strong>seorsum,</strong></span> <span class='ocrx_word' id='word_1_205' title='bbox 3465 1379 3563 1449; x_wconf 85' lang='lat' dir='ltr'><strong>qui</strong></span> 
     </span>
    </p>
   </div>
   <div class='ocr_carea' id='block_1_30' title="bbox 1977 1467 3563 1532">
    <p class='ocr_par' dir='ltr' id='par_1_30' title="bbox 1977 1467 3563 1532">
     <span class='ocr_line' id='line_1_30' title="bbox 1977 1467 3563 1532; baseline 0.003 -13"><span class='ocrx_word' id='word_1_206' title='bbox 1977 1467 2049 1521; x_wconf 89' lang='lat' dir='ltr'><strong>sit</strong></span> <span class='ocrx_word' id='word_1_207' title='bbox 2080 1482 2148 1521; x_wconf 94' lang='lat' dir='ltr'><strong>ex</strong></span> <span class='ocrx_word' id='word_1_208' title='bbox 2172 1471 2381 1523; x_wconf 89' lang='lat' dir='ltr'><strong>semine</strong></span> <span class='ocrx_word' id='word_1_209' title='bbox 2403 1469 2572 1523; x_wconf 84' lang='lat' dir='ltr'><strong>David</strong></span> <span class='ocrx_word' id='word_1_210' title='bbox 2621 1479 2810 1532; x_wconf 88' lang='lat' dir='ltr'><strong>ortus,</strong></span> <span class='ocrx_word' id='word_1_211' title='bbox 2861 1470 3095 1525; x_wconf 87' lang='lat' dir='ltr'><strong>alterum</strong></span> <span class='ocrx_word' id='word_1_212' title='bbox 3121 1484 3346 1523; x_wconf 88' lang='lat' dir='ltr'><strong>rursum</strong></span> <span class='ocrx_word' id='word_1_213' title='bbox 3395 1477 3451 1523; x_wconf 90' lang='lat' dir='ltr'><strong>et</strong></span> <span class='ocrx_word' id='word_1_214' title='bbox 3473 1482 3563 1523; x_wconf 86' lang='lat' dir='ltr'><strong>se-</strong></span> 
     </span>
    </p>
   </div>
   <div class='ocr_carea' id='block_1_31' title="bbox 1979 1559 3564 1631">
    <p class='ocr_par' dir='ltr' id='par_1_31' title="bbox 1979 1559 3564 1631">
     <span class='ocr_line' id='line_1_31' title="bbox 1979 1559 3564 1631; baseline 0.001 -20"><span class='ocrx_word' id='word_1_215' title='bbox 1979 1559 2214 1628; x_wconf 85' lang='lat' dir='ltr'><strong>paratim</strong></span> <span class='ocrx_word' id='word_1_216' title='bbox 2249 1560 2426 1629; x_wconf 85' lang='lat' dir='ltr'><strong>ipsum</strong></span> <span class='ocrx_word' id='word_1_217' title='bbox 2454 1561 2698 1615; x_wconf 86' lang='lat' dir='ltr'><strong>Verbum</strong></span> <span class='ocrx_word' id='word_1_218' title='bbox 2731 1577 2799 1616; x_wconf 78' lang='lat' dir='ltr'><strong>ex</strong></span> <span class='ocrx_word' id='word_1_219' title='bbox 2831 1561 2946 1616; x_wconf 90' lang='lat' dir='ltr'><strong>Deo</strong></span> <span class='ocrx_word' id='word_1_220' title='bbox 2977 1560 3140 1615; x_wconf 89' lang='lat' dir='ltr'><strong>Patre</strong></span> <span class='ocrx_word' id='word_1_221' title='bbox 3168 1561 3451 1631; x_wconf 88' lang='lat' dir='ltr'><strong>genitum;</strong></span> <span class='ocrx_word' id='word_1_222' title='bbox 3491 1574 3564 1613; x_wconf 86' lang='lat' dir='ltr'><strong>an</strong></span> 
     </span>
    </p>
   </div>
   <div class='ocr_carea' id='block_1_32' title="bbox 1979 1649 3565 1722">
    <p class='ocr_par' dir='ltr' id='par_1_32' title="bbox 1979 1649 3565 1722">
     <span class='ocr_line' id='line_1_32' title="bbox 1979 1649 3565 1722; baseline -0.001 -19"><span class='ocrx_word' id='word_1_223' title='bbox 1979 1666 2088 1704; x_wconf 92' lang='lat' dir='ltr'><strong>non</strong></span> <span class='ocrx_word' id='word_1_224' title='bbox 2113 1650 2207 1704; x_wconf 92' lang='lat' dir='ltr'><strong>Dei</strong></span> <span class='ocrx_word' id='word_1_225' title='bbox 2235 1651 2412 1706; x_wconf 84' lang='lat' dir='ltr'><strong>Patris</strong></span> <span class='ocrx_word' id='word_1_226' title='bbox 2429 1651 2672 1706; x_wconf 82' lang='lat' dir='ltr'><strong>Verbum</strong></span> <span class='ocrx_word' id='word_1_227' title='bbox 2698 1661 2890 1722; x_wconf 90' lang='lat' dir='ltr'><strong>suapte</strong></span> <span class='ocrx_word' id='word_1_228' title='bbox 2928 1659 3126 1706; x_wconf 87' lang='lat' dir='ltr'><strong>natura</strong></span> <span class='ocrx_word' id='word_1_229' title='bbox 3156 1649 3565 1720; x_wconf 84' lang='lat' dir='ltr'><strong>incomparabi-</strong></span> 
     </span>
    </p>
   </div>
   <div class='ocr_carea' id='block_1_33' title="bbox 1978 1740 3568 1812">
    <p class='ocr_par' dir='ltr' id='par_1_33' title="bbox 1978 1740 3568 1812">
     <span class='ocr_line' id='line_1_33' title="bbox 1978 1740 3568 1812; baseline 0.001 -17"><span class='ocrx_word' id='word_1_230' title='bbox 1978 1741 2126 1795; x_wconf 90' lang='lat' dir='ltr'><strong>libus</strong></span> <span class='ocrx_word' id='word_1_231' title='bbox 2147 1741 2491 1796; x_wconf 87' lang='lat' dir='ltr'><strong>excellentiis</strong></span> <span class='ocrx_word' id='word_1_232' title='bbox 2535 1742 2610 1811; x_wconf 75' lang='grc' dir='ltr'><strong>(ἰ)</strong></span> <span class='ocrx_word' id='word_1_233' title='bbox 2637 1741 2992 1810; x_wconf 59' lang='lat' dir='ltr'><strong>praestantius</strong></span> <span class='ocrx_word' id='word_1_234' title='bbox 3014 1743 3085 1796; x_wconf 90' lang='lat' dir='ltr'><strong>sit</strong></span> <span class='ocrx_word' id='word_1_235' title='bbox 3108 1741 3203 1796; x_wconf 88' lang='lat' dir='ltr'><strong>illo</strong></span> <span class='ocrx_word' id='word_1_236' title='bbox 3239 1740 3334 1812; x_wconf 90' lang='lat' dir='ltr'><strong>qui</strong></span> <span class='ocrx_word' id='word_1_237' title='bbox 3364 1756 3434 1795; x_wconf 88' lang='lat' dir='ltr'><strong>ex</strong></span> <span class='ocrx_word' id='word_1_238' title='bbox 3478 1753 3568 1796; x_wconf 83' lang='lat' dir='ltr'><strong>se-</strong></span> 
     </span>
    </p>
   </div>
   <div class='ocr_carea' id='block_1_34' title="bbox 287 1821 1880 1912">
    <p class='ocr_par' dir='ltr' id='par_1_34' title="bbox 287 1835 1874 1912">
     <span class='ocr_line' id='line_1_34' title="bbox 287 1835 1874 1912; baseline -0.003 -19"><span class='ocrx_word' id='word_1_239' title='bbox 287 1841 427 1912; x_wconf 76' lang='grc' dir='ltr'><strong>πρός</strong></span> <span class='ocrx_word' id='word_1_240' title='bbox 456 1857 525 1910; x_wconf 82' lang='grc' dir='ltr'><strong>γε</strong></span> <span class='ocrx_word' id='word_1_241' title='bbox 551 1839 650 1912; x_wconf 76' lang='grc' dir='ltr'><strong>τὴν</strong></span> <span class='ocrx_word' id='word_1_242' title='bbox 677 1839 829 1893; x_wconf 86' lang='grc' dir='ltr'><strong>θείαν</strong></span> <span class='ocrx_word' id='word_1_243' title='bbox 859 1840 956 1894; x_wconf 75' lang='grc' dir='ltr'><strong>καὶ</strong></span> <span class='ocrx_word' id='word_1_244' title='bbox 1002 1838 1316 1911; x_wconf 78' lang='grc' dir='ltr'><strong>ὑπερτάτην</strong></span> <span class='ocrx_word' id='word_1_245' title='bbox 1340 1856 1356 1906; x_wconf 88' lang='grc'><strong>;</strong></span> <span class='ocrx_word' id='word_1_246' title='bbox 1401 1839 1542 1892; x_wconf 76' lang='grc' dir='ltr'><strong>Ἀλλ’</strong></span> <span class='ocrx_word' id='word_1_247' title='bbox 1575 1835 1749 1908; x_wconf 78' lang='grc' dir='ltr'><strong>οἶμαι,</strong></span> <span class='ocrx_word' id='word_1_248' title='bbox 1780 1839 1874 1890; x_wconf 72' lang='grc' dir='ltr'><strong>καὶ</strong></span> 
     </span>
    </p>
   </div>
   <div class='ocr_carea' id='block_1_35' title="bbox 1983 1821 3564 1912">
    <p class='ocr_par' dir='ltr' id='par_1_35' title="bbox 1983 1832 3564 1900">
     <span class='ocr_line' id='line_1_35' title="bbox 1983 1832 3564 1900; baseline 0.001 -14"><span class='ocrx_word' id='word_1_249' title='bbox 1983 1833 2126 1886; x_wconf 89' lang='lat' dir='ltr'><strong>mine</strong></span> <span class='ocrx_word' id='word_1_250' title='bbox 2170 1832 2341 1888; x_wconf 86' lang='lat' dir='ltr'><strong>David</strong></span> <span class='ocrx_word' id='word_1_251' title='bbox 2375 1841 2540 1887; x_wconf 89' lang='lat' dir='ltr'><strong>natus</strong></span> <span class='ocrx_word' id='word_1_252' title='bbox 2577 1833 2697 1887; x_wconf 89' lang='lat' dir='ltr'><strong>est?</strong></span> <span class='ocrx_word' id='word_1_253' title='bbox 2720 1832 2864 1900; x_wconf 84' lang='lat' dir='ltr'><strong>Quid</strong></span> <span class='ocrx_word' id='word_1_254' title='bbox 2887 1835 3038 1888; x_wconf 89' lang='lat' dir='ltr'><strong>enim</strong></span> <span class='ocrx_word' id='word_1_255' title='bbox 3071 1842 3155 1890; x_wconf 76' lang='lat' dir='ltr'><strong>est</strong></span> <span class='ocrx_word' id='word_1_256' title='bbox 3181 1833 3425 1889; x_wconf 88' lang='lat' dir='ltr'><strong>hominis</strong></span> <span class='ocrx_word' id='word_1_257' title='bbox 3463 1849 3564 1888; x_wconf 88' lang='lat' dir='ltr'><strong>na-</strong></span> 
     </span>
    </p>
   </div>
   <div class='ocr_carea' id='block_1_36' title="bbox 283 1927 1874 2001">
    <p class='ocr_par' dir='ltr' id='par_1_36' title="bbox 283 1927 1874 2001">
     <span class='ocr_line' id='line_1_36' title="bbox 283 1927 1874 2001; baseline -0.003 -18"><span class='ocrx_word' id='word_1_258' title='bbox 283 1929 384 2001; x_wconf 82' lang='grc' dir='ltr'><strong>οὐχ</strong></span> <span class='ocrx_word' id='word_1_259' title='bbox 418 1928 638 1992; x_wconf 69' lang='grc' dir='ltr'><strong>ἑκόντες</strong></span> <span class='ocrx_word' id='word_1_260' title='bbox 674 1928 914 2000; x_wconf 75' lang='grc' dir='ltr'><strong>εροῦσιν,</strong></span> <span class='ocrx_word' id='word_1_261' title='bbox 943 1927 1020 1992; x_wconf 83' lang='grc' dir='ltr'><strong>ὡς</strong></span> <span class='ocrx_word' id='word_1_262' title='bbox 1049 1929 1290 1999; x_wconf 79' lang='grc' dir='ltr'><strong>ἀμείνων</strong></span> <span class='ocrx_word' id='word_1_263' title='bbox 1322 1929 1440 1983; x_wconf 73' lang='grc' dir='ltr'><strong>ἐστί</strong></span> <span class='ocrx_word' id='word_1_264' title='bbox 1475 1931 1619 1983; x_wconf 83' lang='grc' dir='ltr'><strong>κατὰ</strong></span> <span class='ocrx_word' id='word_1_265' title='bbox 1659 1928 1820 1999; x_wconf 76' lang='grc' dir='ltr'><strong>φύσιν</strong></span> <span class='ocrx_word' id='word_1_266' title='bbox 1846 1929 1874 1979; x_wconf 90' lang='grc' dir='ltr'><strong>ό</strong></span> 
     </span>
    </p>
   </div>
   <div class='ocr_carea' id='block_1_37' title="bbox 285 2015 1876 2092">
    <p class='ocr_par' dir='ltr' id='par_1_37' title="bbox 285 2015 1876 2092">
     <span class='ocr_line' id='line_1_37' title="bbox 285 2015 1876 2092; baseline -0.003 -17"><span class='ocrx_word' id='word_1_267' title='bbox 285 2018 351 2075; x_wconf 72' lang='grc' dir='ltr'><strong>ιιι</strong></span> <span class='ocrx_word' id='word_1_268' title='bbox 371 2019 512 2075; x_wconf 80' lang='grc' dir='ltr'><strong>Θεοῦ</strong></span> <span class='ocrx_word' id='word_1_269' title='bbox 530 2019 742 2092; x_wconf 80' lang='grc' dir='ltr'><strong>Πατρὺς</strong></span> <span class='ocrx_word' id='word_1_270' title='bbox 777 2020 972 2092; x_wconf 63' lang='grc' dir='ltr'><strong>Λόγνις.</strong></span> <span class='ocrx_word' id='word_1_271' title='bbox 999 2015 1131 2072; x_wconf 79' lang='grc' dir='ltr'><strong>Εἶτα</strong></span> <span class='ocrx_word' id='word_1_272' title='bbox 1160 2018 1212 2073; x_wconf 85' lang='grc' dir='ltr'><strong>τί</strong></span> <span class='ocrx_word' id='word_1_273' title='bbox 1239 2018 1532 2090; x_wconf 77' lang='grc' dir='ltr'><strong>δράσομεν,</strong></span> <span class='ocrx_word' id='word_1_274' title='bbox 1559 2019 1686 2082; x_wconf 79' lang='grc' dir='ltr'><strong>τοὺς</strong></span> <span class='ocrx_word' id='word_1_275' title='bbox 1712 2018 1876 2090; x_wconf 81' lang='grc' dir='ltr'><strong>χιμά-</strong></span> 
     </span>
    </p>
   </div>
   <div class='ocr_carea' id='block_1_38' title="bbox 287 2107 1878 2182">
    <p class='ocr_par' dir='ltr' id='par_1_38' title="bbox 287 2107 1878 2182">
     <span class='ocr_line' id='line_1_38' title="bbox 287 2107 1878 2182; baseline -0.001 -20"><span class='ocrx_word' id='word_1_276' title='bbox 287 2125 417 2182; x_wconf 89' lang='grc' dir='ltr'><strong>ρους</strong></span> <span class='ocrx_word' id='word_1_277' title='bbox 441 2107 680 2180; x_wconf 77' lang='grc' dir='ltr'><strong>ὁρῶντες</strong></span> <span class='ocrx_word' id='word_1_278' title='bbox 711 2108 811 2179; x_wconf 82' lang='grc' dir='ltr'><strong>οὐχ</strong></span> <span class='ocrx_word' id='word_1_279' title='bbox 845 2109 1158 2180; x_wconf 72' lang='grc' dir='ltr'><strong>ιτεροφυεῐς</strong></span> <span class='ocrx_word' id='word_1_280' title='bbox 1190 2109 1349 2172; x_wconf 72' lang='grc' dir='ltr'><strong>ὄντας</strong></span> <span class='ocrx_word' id='word_1_281' title='bbox 1383 2108 1656 2180; x_wconf 79' lang='grc' dir='ltr'><strong>ἀλλήλοις,</strong></span> <span class='ocrx_word' id='word_1_282' title='bbox 1692 2109 1878 2178; x_wconf 81' lang='grc' dir='ltr'><strong>ὁμοει-</strong></span> 
     </span>
    </p>
   </div>
   <div class='ocr_carea' id='block_1_39' title="bbox 285 2199 1872 2272">
    <p class='ocr_par' dir='ltr' id='par_1_39' title="bbox 285 2199 1872 2272">
     <span class='ocr_line' id='line_1_39' title="bbox 285 2199 1872 2272; baseline -0.001 -18"><span class='ocrx_word' id='word_1_283' title='bbox 285 2200 399 2266; x_wconf 73' lang='grc' dir='ltr'><strong>δεῖς</strong></span> <span class='ocrx_word' id='word_1_284' title='bbox 421 2200 480 2255; x_wconf 75' lang='grc' dir='ltr'><strong>δδ</strong></span> <span class='ocrx_word' id='word_1_285' title='bbox 516 2200 740 2272; x_wconf 74' lang='grc' dir='ltr'><strong>μᾶλλον.</strong></span> <span class='ocrx_word' id='word_1_286' title='bbox 767 2202 861 2255; x_wconf 82' lang='grc' dir='ltr'><strong>καὶ</strong></span> <span class='ocrx_word' id='word_1_287' title='bbox 887 2202 1008 2255; x_wconf 81' lang='grc' dir='ltr'><strong>κατ’</strong></span> <span class='ocrx_word' id='word_1_288' title='bbox 1031 2200 1184 2254; x_wconf 69' lang='grc' dir='ltr'><strong>ούδὶν</strong></span> <span class='ocrx_word' id='word_1_289' title='bbox 1217 2199 1468 2270; x_wconf 78' lang='grc' dir='ltr'><strong>ἀλλήλων</strong></span> <span class='ocrx_word' id='word_1_290' title='bbox 1497 2199 1872 2271; x_wconf 74' lang='grc' dir='ltr'><strong>διαφέροντας,</strong></span> 
     </span>
    </p>
   </div>
   <div class='ocr_carea' id='block_1_40' title="bbox 285 2288 1877 2364">
    <p class='ocr_par' dir='ltr' id='par_1_40' title="bbox 285 2288 1877 2364">
     <span class='ocr_line' id='line_1_40' title="bbox 285 2288 1877 2364; baseline -0.002 -16"><span class='ocrx_word' id='word_1_291' title='bbox 285 2293 432 2348; x_wconf 75' lang='grc' dir='ltr'><strong>κατά</strong></span> <span class='ocrx_word' id='word_1_292' title='bbox 460 2309 528 2362; x_wconf 83' lang='grc' dir='ltr'><strong>γε</strong></span> <span class='ocrx_word' id='word_1_293' title='bbox 555 2292 619 2346; x_wconf 79' lang='grc' dir='ltr'><strong>τὸ</strong></span> <span class='ocrx_word' id='word_1_294' title='bbox 640 2288 782 2347; x_wconf 74' lang='grc' dir='ltr'><strong>εἶναι</strong></span> <span class='ocrx_word' id='word_1_295' title='bbox 809 2290 956 2346; x_wconf 82' lang='grc' dir='ltr'><strong>τοῦθ’</strong></span> <span class='ocrx_word' id='word_1_296' title='bbox 973 2293 1110 2364; x_wconf 81' lang='grc' dir='ltr'><strong>ὅπερ</strong></span> <span class='ocrx_word' id='word_1_297' title='bbox 1131 2291 1268 2346; x_wconf 86' lang='grc' dir='ltr'><strong>εἰσίν</strong></span> <span class='ocrx_word' id='word_1_298' title='bbox 1294 2309 1309 2359; x_wconf 90' lang='lat'><strong>;</strong></span> <span class='ocrx_word' id='word_1_299' title='bbox 1351 2293 1412 2345; x_wconf 86' lang='lat'><strong>&#39;0</strong></span> <span class='ocrx_word' id='word_1_300' title='bbox 1437 2292 1599 2356; x_wconf 82' lang='grc' dir='ltr'><strong>αὐτὸς</strong></span> <span class='ocrx_word' id='word_1_301' title='bbox 1624 2291 1668 2345; x_wconf 80' lang='grc' dir='ltr'><strong>δ’</strong></span> <span class='ocrx_word' id='word_1_302' title='bbox 1701 2292 1768 2346; x_wconf 80' lang='grc' dir='ltr'><strong>ἂν</strong></span> <span class='ocrx_word' id='word_1_303' title='bbox 1790 2292 1877 2361; x_wconf 75' lang='grc' dir='ltr'><strong>γέ-</strong></span> 
     </span>
    </p>
   </div>
   <div class='ocr_carea' id='block_1_41' title="bbox 285 2382 1877 2453">
    <p class='ocr_par' dir='ltr' id='par_1_41' title="bbox 285 2382 1877 2453">
     <span class='ocr_line' id='line_1_41' title="bbox 285 2382 1877 2453; baseline -0.001 -16"><span class='ocrx_word' id='word_1_304' title='bbox 285 2398 432 2438; x_wconf 86' lang='grc' dir='ltr'><strong>νοιτο</strong></span> <span class='ocrx_word' id='word_1_305' title='bbox 477 2383 656 2450; x_wconf 84' lang='grc' dir='ltr'><strong>λόγος,</strong></span> <span class='ocrx_word' id='word_1_306' title='bbox 697 2383 793 2436; x_wconf 76' lang='grc' dir='ltr'><strong>καὶ</strong></span> <span class='ocrx_word' id='word_1_307' title='bbox 849 2382 942 2436; x_wconf 75' lang='grc' dir='ltr'><strong>επὶ</strong></span> <span class='ocrx_word' id='word_1_308' title='bbox 987 2385 1100 2446; x_wconf 73' lang='grc' dir='ltr'><strong>τοῖς</strong></span> <span class='ocrx_word' id='word_1_309' title='bbox 1131 2383 1283 2436; x_wconf 75' lang='grc' dir='ltr'><strong>δυσὶν</strong></span> <span class='ocrx_word' id='word_1_310' title='bbox 1331 2382 1611 2453; x_wconf 75' lang='grc' dir='ltr'><strong>ὀρνιθίοις.</strong></span> <span class='ocrx_word' id='word_1_311' title='bbox 1666 2382 1877 2437; x_wconf 77' lang='grc' dir='ltr'><strong>Οὐκοῦν</strong></span> 
     </span>
    </p>
   </div>
   <div class='ocr_carea' id='block_1_42' title="bbox 287 2472 1876 2546">
    <p class='ocr_par' dir='ltr' id='par_1_42' title="bbox 287 2472 1876 2546">
     <span class='ocr_line' id='line_1_42' title="bbox 287 2472 1876 2546; baseline -0.003 -18"><span class='ocrx_word' id='word_1_312' title='bbox 287 2474 749 2546; x_wconf 82' lang='grc' dir='ltr'><strong>συτχωρείτωσαν</strong></span> <span class='ocrx_word' id='word_1_313' title='bbox 767 2472 855 2527; x_wconf 81' lang='grc' dir='ltr'><strong>διά</strong></span> <span class='ocrx_word' id='word_1_314' title='bbox 878 2474 938 2527; x_wconf 79' lang='grc' dir='ltr'><strong>τὸ</strong></span> <span class='ocrx_word' id='word_1_315' title='bbox 957 2474 1066 2528; x_wconf 80' lang='grc' dir='ltr'><strong>τῶν</strong></span> <span class='ocrx_word' id='word_1_316' title='bbox 1094 2475 1364 2545; x_wconf 86' lang='grc' dir='ltr'><strong>χιμάρων,</strong></span> <span class='ocrx_word' id='word_1_317' title='bbox 1399 2473 1432 2543; x_wconf 81' lang='grc' dir='ltr'>ἢ</span> <span class='ocrx_word' id='word_1_318' title='bbox 1468 2473 1600 2542; x_wconf 80' lang='grc' dir='ltr'><strong>γοῦν</strong></span> <span class='ocrx_word' id='word_1_319' title='bbox 1621 2473 1876 2544; x_wconf 83' lang='grc' dir='ltr'><strong>ὀρνιθίων</strong></span> 
     </span>
    </p>
   </div>
   <div class='ocr_carea' id='block_1_43' title="bbox 283 2562 1874 2638">
    <p class='ocr_par' dir='ltr' id='par_1_43' title="bbox 283 2562 1874 2638">
     <span class='ocr_line' id='line_1_43' title="bbox 283 2562 1874 2638; baseline -0.003 -17"><span class='ocrx_word' id='word_1_320' title='bbox 283 2566 555 2638; x_wconf 69' lang='grc' dir='ltr'><strong>ὁμοειδὲς,</strong></span> <span class='ocrx_word' id='word_1_321' title='bbox 589 2564 758 2637; x_wconf 69' lang='grc' dir='ltr'><strong>μηδὲν</strong></span> <span class='ocrx_word' id='word_1_322' title='bbox 800 2564 1089 2637; x_wconf 79' lang='grc' dir='ltr'><strong>ἀνθρώπου</strong></span> <span class='ocrx_word' id='word_1_323' title='bbox 1138 2565 1415 2635; x_wconf 77' lang='grc' dir='ltr'><strong>διαφέρει-ι</strong></span> <span class='ocrx_word' id='word_1_324' title='bbox 1464 2565 1557 2617; x_wconf 73' lang='grc' dir='ltr'><strong>τὸν</strong></span> <span class='ocrx_word' id='word_1_325' title='bbox 1587 2563 1682 2617; x_wconf 82' lang='grc' dir='ltr'><strong>τοῦ</strong></span> <span class='ocrx_word' id='word_1_326' title='bbox 1736 2562 1874 2618; x_wconf 85' lang='grc' dir='ltr'><strong>Θεοῦ</strong></span> 
     </span>
    </p>
   </div>
   <div class='ocr_carea' id='block_1_44' title="bbox 287 2648 1874 2726">
    <p class='ocr_par' dir='ltr' id='par_1_44' title="bbox 287 2648 1874 2726">
     <span class='ocr_line' id='line_1_44' title="bbox 287 2648 1874 2726; baseline -0.003 -13"><span class='ocrx_word' id='word_1_327' title='bbox 287 2659 482 2726; x_wconf 71' lang='grc' dir='ltr'><strong>Λόγον.</strong></span> <span class='ocrx_word' id='word_1_328' title='bbox 528 2655 666 2710; x_wconf 78' lang='grc' dir='ltr'><strong>Ἀλλ’</strong></span> <span class='ocrx_word' id='word_1_329' title='bbox 705 2656 806 2708; x_wconf 85' lang='grc' dir='ltr'><strong>οὐκ</strong></span> <span class='ocrx_word' id='word_1_330' title='bbox 837 2653 1154 2720; x_wconf 73' lang='grc' dir='ltr'><strong>ἀνέξονται,</strong></span> <span class='ocrx_word' id='word_1_331' title='bbox 1197 2655 1452 2726; x_wconf 80' lang='grc' dir='ltr'><strong>καθάπερ</strong></span> <span class='ocrx_word' id='word_1_332' title='bbox 1494 2648 1746 2725; x_wconf 76' lang='grc' dir='ltr'><strong>εγῷμαι,</strong></span> <span class='ocrx_word' id='word_1_333' title='bbox 1779 2654 1874 2708; x_wconf 81' lang='grc' dir='ltr'><strong>τοῦ</strong></span> 
     </span>
    </p>
   </div>
   <div class='ocr_carea' id='block_1_45' title="bbox 286 2746 1878 2818">
    <p class='ocr_par' dir='ltr' id='par_1_45' title="bbox 286 2746 1878 2818">
     <span class='ocr_line' id='line_1_45' title="bbox 286 2746 1878 2818; baseline -0.004 -14"><span class='ocrx_word' id='word_1_334' title='bbox 286 2748 501 2804; x_wconf 77' lang='grc' dir='ltr'><strong>τοιοῦδε</strong></span> <span class='ocrx_word' id='word_1_335' title='bbox 523 2748 717 2818; x_wconf 77' lang='grc' dir='ltr'><strong>λόγουο</strong></span> <span class='ocrx_word' id='word_1_336' title='bbox 746 2749 998 2803; x_wconf 78' lang='grc' dir='ltr'><strong>πλεῖστον</strong></span> <span class='ocrx_word' id='word_1_337' title='bbox 1022 2747 1132 2818; x_wconf 81' lang='grc' dir='ltr'><strong>γάρ</strong></span> <span class='ocrx_word' id='word_1_338' title='bbox 1153 2748 1277 2800; x_wconf 81' lang='grc' dir='ltr'><strong>ὅσον</strong></span> <span class='ocrx_word' id='word_1_339' title='bbox 1306 2747 1367 2800; x_wconf 83' lang='grc' dir='ltr'><strong>τὸ</strong></span> <span class='ocrx_word' id='word_1_340' title='bbox 1392 2748 1596 2816; x_wconf 79' lang='grc' dir='ltr'><strong>μεταξὺ</strong></span> <span class='ocrx_word' id='word_1_341' title='bbox 1623 2746 1878 2815; x_wconf 80' lang='grc' dir='ltr'><strong>θεότητός</strong></span> 
     </span>
    </p>
   </div>
   <div class='ocr_carea' id='block_1_46' title="bbox 287 2835 1879 2912">
    <p class='ocr_par' dir='ltr' id='par_1_46' title="bbox 287 2835 1879 2912">
     <span class='ocr_line' id='line_1_46' title="bbox 287 2835 1879 2912; baseline -0.004 -15"><span class='ocrx_word' id='word_1_342' title='bbox 287 2856 346 2897; x_wconf 78' lang='grc' dir='ltr'><strong>τε</strong></span> <span class='ocrx_word' id='word_1_343' title='bbox 386 2841 485 2894; x_wconf 76' lang='grc' dir='ltr'><strong>καὶ</strong></span> <span class='ocrx_word' id='word_1_344' title='bbox 533 2839 972 2912; x_wconf 81' lang='grc' dir='ltr'><strong>άνθρωπότητος.</strong></span> <span class='ocrx_word' id='word_1_345' title='bbox 1022 2838 1272 2910; x_wconf 83' lang='grc' dir='ltr'><strong>Ἐφῶμεν</strong></span> <span class='ocrx_word' id='word_1_346' title='bbox 1306 2839 1371 2909; x_wconf 77' lang='grc' dir='ltr'><strong>δὴ</strong></span> <span class='ocrx_word' id='word_1_347' title='bbox 1417 2835 1510 2892; x_wconf 77' lang='grc' dir='ltr'><strong>οὖν</strong></span> <span class='ocrx_word' id='word_1_348' title='bbox 1543 2841 1656 2903; x_wconf 81' lang='grc' dir='ltr'><strong>τοῖς</strong></span> <span class='ocrx_word' id='word_1_349' title='bbox 1699 2855 1879 2908; x_wconf 87' lang='grc' dir='ltr'><strong>παρα-</strong></span> 
     </span>
    </p>
   </div>
   <div class='ocr_carea' id='block_1_47' title="bbox 285 2931 1875 3008">
    <p class='ocr_par' dir='ltr' id='par_1_47' title="bbox 285 2931 1875 3008">
     <span class='ocr_line' id='line_1_47' title="bbox 285 2931 1875 3008; baseline -0.003 -18"><span class='ocrx_word' id='word_1_350' title='bbox 285 2932 551 3004; x_wconf 66' lang='grc' dir='ltr'><strong>δείγμασι</strong></span> <span class='ocrx_word' id='word_1_351' title='bbox 580 2933 722 2988; x_wconf 78' lang='grc' dir='ltr'><strong>κατὰ</strong></span> <span class='ocrx_word' id='word_1_352' title='bbox 767 2934 859 2987; x_wconf 82' lang='grc' dir='ltr'><strong>τὸν</strong></span> <span class='ocrx_word' id='word_1_353' title='bbox 896 2935 1082 2997; x_wconf 78' lang='grc' dir='ltr'><strong>αὐτοῖς</strong></span> <span class='ocrx_word' id='word_1_354' title='bbox 1115 2933 1398 3008; x_wconf 77' lang='grc' dir='ltr'><strong>πρέποντα</strong></span> <span class='ocrx_word' id='word_1_355' title='bbox 1424 2932 1665 2986; x_wconf 78' lang='grc' dir='ltr'><strong>νοεῖσθαι</strong></span> <span class='ocrx_word' id='word_1_356' title='bbox 1697 2931 1875 3000; x_wconf 88' lang='grc' dir='ltr'><strong>λόγον.</strong></span> 
     </span>
    </p>
   </div>
   <div class='ocr_carea' id='block_1_48' title="bbox 299 3023 1879 3097">
    <p class='ocr_par' dir='ltr' id='par_1_48' title="bbox 299 3023 1879 3097">
     <span class='ocr_line' id='line_1_48' title="bbox 299 3023 1879 3097; baseline -0.003 -17"><span class='ocrx_word' id='word_1_357' title='bbox 299 3024 563 3081; x_wconf 75' lang='grc' dir='ltr'><strong>Ἦττᾶται</strong></span> <span class='ocrx_word' id='word_1_358' title='bbox 591 3025 704 3097; x_wconf 82' lang='grc' dir='ltr'><strong>γὰρ</strong></span> <span class='ocrx_word' id='word_1_359' title='bbox 721 3024 840 3079; x_wconf 84' lang='grc' dir='ltr'><strong>λίαν</strong></span> <span class='ocrx_word' id='word_1_360' title='bbox 860 3025 972 3078; x_wconf 85' lang='grc' dir='ltr'><strong>τῶν</strong></span> <span class='ocrx_word' id='word_1_361' title='bbox 1001 3024 1244 3096; x_wconf 79' lang='grc' dir='ltr'><strong>ἀληθῶν,</strong></span> <span class='ocrx_word' id='word_1_362' title='bbox 1275 3025 1369 3078; x_wconf 73' lang='grc' dir='ltr'><strong>καὶ</strong></span> <span class='ocrx_word' id='word_1_363' title='bbox 1390 3023 1624 3095; x_wconf 82' lang='grc' dir='ltr'><strong>μερικὴν</strong></span> <span class='ocrx_word' id='word_1_364' title='bbox 1649 3023 1762 3076; x_wconf 78' lang='grc' dir='ltr'><strong>ισθ’</strong></span> <span class='ocrx_word' id='word_1_365' title='bbox 1790 3024 1879 3077; x_wconf 79' lang='grc' dir='ltr'><strong>ὅτε</strong></span> 
     </span>
    </p>
   </div>
   <div class='ocr_carea' id='block_1_49' title="bbox 289 3113 1954 3215">
    <p class='ocr_par' dir='ltr' id='par_1_49' title="bbox 289 3113 1954 3215">
     <span class='ocr_line' id='line_1_49' title="bbox 289 3113 1954 3215; baseline -0.002 -45"><span class='ocrx_word' id='word_1_366' title='bbox 289 3118 532 3170; x_wconf 67' lang='grc' dir='ltr'><strong>ποιεῖται</strong></span> <span class='ocrx_word' id='word_1_367' title='bbox 565 3113 676 3169; x_wconf 82' lang='grc' dir='ltr'><strong>τῶν</strong></span> <span class='ocrx_word' id='word_1_368' title='bbox 719 3115 1142 3187; x_wconf 80' lang='grc' dir='ltr'><strong>σημαινομένων</strong></span> <span class='ocrx_word' id='word_1_369' title='bbox 1178 3115 1280 3215; x_wconf 61' lang='grc' dir='ltr'><strong>τὴν</strong></span> <span class='ocrx_word' id='word_1_370' title='bbox 1315 3115 1561 3215; x_wconf 57' lang='grc' dir='ltr'><strong>ἔνδειξιν.</strong></span> <span class='ocrx_word' id='word_1_371' title='bbox 1602 3115 1789 3184; x_wconf 76' lang='grc' dir='ltr'><strong>Φαμὲν</strong></span> <span class='ocrx_word' id='word_1_372' title='bbox 1822 3114 1880 3169; x_wconf 71' lang='grc' dir='ltr'><strong>δὲ</strong></span> <span class='ocrx_word' id='word_1_373' title='bbox 1910 3155 1954 3215; x_wconf 78' lang='lat' dir='ltr'><strong>C</strong></span> 
     </span>
    </p>
   </div>
   <div class='ocr_carea' id='block_1_50' title="bbox 287 3201 1883 3276">
    <p class='ocr_par' dir='ltr' id='par_1_50' title="bbox 287 3201 1883 3276">
     <span class='ocr_line' id='line_1_50' title="bbox 287 3201 1883 3276; baseline -0.003 -14"><span class='ocrx_word' id='word_1_374' title='bbox 287 3208 370 3262; x_wconf 76' lang='grc' dir='ltr'><strong>ὃτι</strong></span> <span class='ocrx_word' id='word_1_375' title='bbox 419 3205 554 3261; x_wconf 80' lang='grc' dir='ltr'><strong>σκιά</strong></span> <span class='ocrx_word' id='word_1_376' title='bbox 590 3205 688 3260; x_wconf 73' lang='grc' dir='ltr'><strong>καὶ</strong></span> <span class='ocrx_word' id='word_1_377' title='bbox 712 3206 884 3270; x_wconf 83' lang='grc' dir='ltr'><strong>τύπος</strong></span> <span class='ocrx_word' id='word_1_378' title='bbox 913 3206 942 3258; x_wconf 86' lang='grc' dir='ltr'><strong>ό</strong></span> <span class='ocrx_word' id='word_1_379' title='bbox 974 3205 1139 3276; x_wconf 87' lang='grc' dir='ltr'><strong>νόμος</strong></span> <span class='ocrx_word' id='word_1_380' title='bbox 1175 3201 1266 3276; x_wconf 83' lang='grc' dir='ltr'><strong>ἧν,</strong></span> <span class='ocrx_word' id='word_1_381' title='bbox 1301 3206 1399 3259; x_wconf 79' lang='grc' dir='ltr'><strong>καὶ</strong></span> <span class='ocrx_word' id='word_1_382' title='bbox 1428 3201 1541 3258; x_wconf 70' lang='grc' dir='ltr'><strong>οἷόν</strong></span> <span class='ocrx_word' id='word_1_383' title='bbox 1580 3221 1666 3268; x_wconf 90' lang='grc' dir='ltr'><strong>τις</strong></span> <span class='ocrx_word' id='word_1_384' title='bbox 1695 3203 1883 3276; x_wconf 75' lang='grc' dir='ltr'><strong>γραφὴ</strong></span> 
     </span>
    </p>
   </div>
   <div class='ocr_carea' id='block_1_51' title="bbox 289 3295 1883 3371">
    <p class='ocr_par' dir='ltr' id='par_1_51' title="bbox 289 3295 1883 3371">
     <span class='ocr_line' id='line_1_51' title="bbox 289 3295 1883 3371; baseline -0.001 -21"><span class='ocrx_word' id='word_1_385' title='bbox 289 3296 667 3371; x_wconf 68' lang='grc' dir='ltr'><strong>παρατεθεῐσα</strong></span> <span class='ocrx_word' id='word_1_386' title='bbox 699 3297 836 3366; x_wconf 76' lang='grc' dir='ltr'><strong>πρὸς</strong></span> <span class='ocrx_word' id='word_1_387' title='bbox 869 3295 1000 3350; x_wconf 77' lang='grc' dir='ltr'><strong>θέαν</strong></span> <span class='ocrx_word' id='word_1_388' title='bbox 1029 3299 1144 3360; x_wconf 80' lang='grc' dir='ltr'><strong>τοῖς</strong></span> <span class='ocrx_word' id='word_1_389' title='bbox 1173 3296 1342 3368; x_wconf 83' lang='grc' dir='ltr'><strong>ὁρῶσι</strong></span> <span class='ocrx_word' id='word_1_390' title='bbox 1365 3296 1436 3350; x_wconf 78' lang='grc' dir='ltr'><strong>τὰ</strong></span> <span class='ocrx_word' id='word_1_391' title='bbox 1457 3297 1786 3366; x_wconf 77' lang='grc' dir='ltr'><strong>πράγματα.</strong></span> <span class='ocrx_word' id='word_1_392' title='bbox 1815 3297 1883 3349; x_wconf 82' lang='grc' dir='ltr'><strong>Δί</strong></span> 
     </span>
    </p>
   </div>
   <div class='ocr_carea' id='block_1_52' title="bbox 287 3386 1886 3460">
    <p class='ocr_par' dir='ltr' id='par_1_52' title="bbox 287 3386 1886 3460">
     <span class='ocr_line' id='line_1_52' title="bbox 287 3386 1886 3460; baseline -0.004 -14"><span class='ocrx_word' id='word_1_393' title='bbox 287 3391 348 3446; x_wconf 63' lang='grc' dir='ltr'><strong>δὲ</strong></span> <span class='ocrx_word' id='word_1_394' title='bbox 399 3389 554 3444; x_wconf 78' lang='grc' dir='ltr'><strong>σκιαὶ</strong></span> <span class='ocrx_word' id='word_1_395' title='bbox 593 3390 694 3458; x_wconf 78' lang='grc' dir='ltr'><strong>τῆς</strong></span> <span class='ocrx_word' id='word_1_396' title='bbox 723 3386 834 3442; x_wconf 84' lang='grc' dir='ltr'><strong>τῶν</strong></span> <span class='ocrx_word' id='word_1_397' title='bbox 870 3387 1192 3460; x_wconf 71' lang='grc' dir='ltr'><strong>γραφόντων</strong></span> <span class='ocrx_word' id='word_1_398' title='bbox 1244 3389 1301 3439; x_wconf 75' lang='lat' dir='ltr'><strong>tv</strong></span> <span class='ocrx_word' id='word_1_399' title='bbox 1342 3386 1531 3451; x_wconf 78' lang='grc' dir='ltr'><strong>πίναξι</strong></span> <span class='ocrx_word' id='word_1_400' title='bbox 1573 3387 1769 3458; x_wconf 73' lang='grc' dir='ltr'><strong>τέχνης</strong></span> <span class='ocrx_word' id='word_1_401' title='bbox 1815 3387 1886 3441; x_wconf 84' lang='grc' dir='ltr'><strong>τὰ</strong></span> 
     </span>
    </p>
   </div>
   <div class='ocr_carea' id='block_1_53' title="bbox 293 3473 1884 3558">
    <p class='ocr_par' dir='ltr' id='par_1_53' title="bbox 293 3473 1884 3558">
     <span class='ocr_line' id='line_1_53' title="bbox 293 3473 1884 3558; baseline -0.001 -21"><span class='ocrx_word' id='word_1_402' title='bbox 293 3483 492 3558; x_wconf 69' lang='grc' dir='ltr'><strong>πρῶτα</strong></span> <span class='ocrx_word' id='word_1_403' title='bbox 515 3480 626 3536; x_wconf 81' lang='grc' dir='ltr'><strong>τῶν</strong></span> <span class='ocrx_word' id='word_1_404' title='bbox 647 3481 1024 3552; x_wconf 79' lang='grc' dir='ltr'><strong>χαραγμάτων</strong></span> <span class='ocrx_word' id='word_1_405' title='bbox 1050 3479 1191 3533; x_wconf 87' lang='grc' dir='ltr'><strong>εἰσίν</strong></span> <span class='ocrx_word' id='word_1_406' title='bbox 1208 3495 1223 3510; x_wconf 74' lang='grc' dir='ltr'><strong>ο</strong></span> <span class='ocrx_word' id='word_1_407' title='bbox 1248 3473 1338 3543; x_wconf 77' lang='grc' dir='ltr'><strong>αἷς</strong></span> <span class='ocrx_word' id='word_1_408' title='bbox 1361 3479 1520 3550; x_wconf 80' lang='grc' dir='ltr'><strong>εἰπερ</strong></span> <span class='ocrx_word' id='word_1_409' title='bbox 1541 3479 1884 3550; x_wconf 76' lang='grc' dir='ltr'><strong>ὲπενεχθείεν</strong></span> 
     </span>
    </p>
   </div>
   <div class='ocr_carea' id='block_1_54' title="bbox 292 3570 1886 3647">
    <p class='ocr_par' dir='ltr' id='par_1_54' title="bbox 292 3570 1886 3647">
     <span class='ocr_line' id='line_1_54' title="bbox 292 3570 1886 3647; baseline -0.002 -18"><span class='ocrx_word' id='word_1_410' title='bbox 292 3574 407 3629; x_wconf 82' lang='grc' dir='ltr'><strong>τῶν</strong></span> <span class='ocrx_word' id='word_1_411' title='bbox 436 3573 746 3647; x_wconf 81' lang='grc' dir='ltr'><strong>χρωμάτων</strong></span> <span class='ocrx_word' id='word_1_412' title='bbox 779 3572 849 3625; x_wconf 84' lang='grc' dir='ltr'><strong>τὰ</strong></span> <span class='ocrx_word' id='word_1_413' title='bbox 877 3571 1039 3642; x_wconf 81' lang='grc' dir='ltr'><strong>άνθη,</strong></span> <span class='ocrx_word' id='word_1_414' title='bbox 1080 3571 1206 3624; x_wconf 87' lang='grc' dir='ltr'><strong>τότε</strong></span> <span class='ocrx_word' id='word_1_415' title='bbox 1235 3570 1326 3642; x_wconf 72' lang='grc' dir='ltr'><strong>δὴ.</strong></span> <span class='ocrx_word' id='word_1_416' title='bbox 1365 3571 1487 3624; x_wconf 87' lang='grc' dir='ltr'><strong>τότε</strong></span> <span class='ocrx_word' id='word_1_417' title='bbox 1529 3571 1630 3643; x_wconf 85' lang='grc' dir='ltr'><strong>τῆς</strong></span> <span class='ocrx_word' id='word_1_418' title='bbox 1665 3570 1886 3642; x_wconf 75' lang='grc' dir='ltr'><strong>γραφῆς</strong></span> 
     </span>
    </p>
   </div>
   <div class='ocr_carea' id='block_1_55' title="bbox 293 3659 1886 3736">
    <p class='ocr_par' dir='ltr' id='par_1_55' title="bbox 293 3659 1886 3736">
     <span class='ocr_line' id='line_1_55' title="bbox 293 3659 1886 3736; baseline -0.002 -15"><span class='ocrx_word' id='word_1_419' title='bbox 293 3664 682 3736; x_wconf 78' lang='grc' dir='ltr'><strong>ἁπαστράπτει</strong></span> <span class='ocrx_word' id='word_1_420' title='bbox 728 3662 792 3717; x_wconf 84' lang='grc' dir='ltr'><strong>τδ</strong></span> <span class='ocrx_word' id='word_1_421' title='bbox 839 3662 1057 3728; x_wconf 76' lang='grc' dir='ltr'><strong>κάλλος.</strong></span> <span class='ocrx_word' id='word_1_422' title='bbox 1086 3661 1238 3718; x_wconf 79' lang='grc' dir='ltr'><strong>Ἔδει</strong></span> <span class='ocrx_word' id='word_1_423' title='bbox 1267 3663 1332 3734; x_wconf 75' lang='grc' dir='ltr'><strong>δὴ</strong></span> <span class='ocrx_word' id='word_1_424' title='bbox 1361 3659 1476 3728; x_wconf 77' lang='grc' dir='ltr'><strong>οὖν,</strong></span> <span class='ocrx_word' id='word_1_425' title='bbox 1513 3663 1606 3717; x_wconf 77' lang='grc' dir='ltr'><strong>τὸν</strong></span> <span class='ocrx_word' id='word_1_426' title='bbox 1633 3664 1722 3717; x_wconf 81' lang='grc' dir='ltr'><strong>διὰ</strong></span> <span class='ocrx_word' id='word_1_427' title='bbox 1756 3665 1886 3718; x_wconf 79' lang='grc' dir='ltr'><strong>Μω-</strong></span> 
     </span>
    </p>
   </div>
   <div class='ocr_carea' id='block_1_56' title="bbox 296 3755 1883 3829">
    <p class='ocr_par' dir='ltr' id='par_1_56' title="bbox 296 3755 1883 3829">
     <span class='ocr_line' id='line_1_56' title="bbox 296 3755 1883 3829; baseline -0.003 -15"><span class='ocrx_word' id='word_1_428' title='bbox 296 3758 437 3822; x_wconf 65' lang='grc' dir='ltr'><strong>σέως</strong></span> <span class='ocrx_word' id='word_1_429' title='bbox 462 3756 628 3828; x_wconf 85' lang='grc' dir='ltr'><strong>νόμον</strong></span> <span class='ocrx_word' id='word_1_430' title='bbox 656 3755 1011 3826; x_wconf 75' lang='grc' dir='ltr'><strong>καταγράψαι</strong></span> <span class='ocrx_word' id='word_1_431' title='bbox 1035 3755 1220 3825; x_wconf 79' lang='grc' dir='ltr'><strong>σαφῶς</strong></span> <span class='ocrx_word' id='word_1_432' title='bbox 1248 3755 1501 3810; x_wconf 65' lang='grc' dir='ltr'><strong>ἐθέλοντα</strong></span> <span class='ocrx_word' id='word_1_433' title='bbox 1529 3755 1591 3811; x_wconf 86' lang='grc' dir='ltr'><strong>τδ</strong></span> <span class='ocrx_word' id='word_1_434' title='bbox 1619 3756 1712 3812; x_wconf 85' lang='grc' dir='ltr'><strong>τοῦ</strong></span> <span class='ocrx_word' id='word_1_435' title='bbox 1744 3758 1883 3829; x_wconf 82' lang='grc' dir='ltr'><strong>Χρι-</strong></span> 
     </span>
    </p>
   </div>
   <div class='ocr_carea' id='block_1_57' title="bbox 298 3845 1884 3920">
    <p class='ocr_par' dir='ltr' id='par_1_57' title="bbox 298 3845 1884 3920">
     <span class='ocr_line' id='line_1_57' title="bbox 298 3845 1884 3920; baseline -0.002 -16"><span class='ocrx_word' id='word_1_436' title='bbox 298 3848 429 3905; x_wconf 79' lang='grc' dir='ltr'><strong>στοῦ</strong></span> <span class='ocrx_word' id='word_1_437' title='bbox 479 3848 800 3920; x_wconf 83' lang='grc' dir='ltr'><strong>μυστήριον,</strong></span> <span class='ocrx_word' id='word_1_438' title='bbox 839 3848 940 3918; x_wconf 82' lang='grc' dir='ltr'><strong>οὐχ</strong></span> <span class='ocrx_word' id='word_1_439' title='bbox 981 3847 1063 3900; x_wconf 75' lang='grc' dir='ltr'><strong>ἐνὶ</strong></span> <span class='ocrx_word' id='word_1_440' title='bbox 1092 3845 1202 3902; x_wconf 85' lang='grc' dir='ltr'><strong>τῶν</strong></span> <span class='ocrx_word' id='word_1_441' title='bbox 1232 3848 1509 3920; x_wconf 80' lang='grc' dir='ltr'><strong>χιμάρων,</strong></span> <span class='ocrx_word' id='word_1_442' title='bbox 1549 3849 1670 3920; x_wconf 70' lang='grc' dir='ltr'><strong>ἦτοι</strong></span> <span class='ocrx_word' id='word_1_443' title='bbox 1713 3848 1826 3903; x_wconf 86' lang='grc' dir='ltr'><strong>τῶν</strong></span> <span class='ocrx_word' id='word_1_444' title='bbox 1857 3857 1884 3887; x_wconf 76' lang='grc' dir='ltr'><strong><em>ι</em></strong></span> 
     </span>
    </p>
   </div>
   <div class='ocr_carea' id='block_1_58' title="bbox 292 3939 1886 4015">
    <p class='ocr_par' dir='ltr' id='par_1_58' title="bbox 292 3939 1886 4015">
     <span class='ocr_line' id='line_1_58' title="bbox 292 3939 1886 4015; baseline -0.001 -19"><span class='ocrx_word' id='word_1_445' title='bbox 292 3942 573 4015; x_wconf 64' lang='grc' dir='ltr'><strong>ἐρνιθίων,</strong></span> <span class='ocrx_word' id='word_1_446' title='bbox 599 3939 1021 4012; x_wconf 80' lang='grc' dir='ltr'><strong>άποθνήσκοντά</strong></span> <span class='ocrx_word' id='word_1_447' title='bbox 1049 3956 1110 3994; x_wconf 85' lang='grc' dir='ltr'><strong>τε</strong></span> <span class='ocrx_word' id='word_1_448' title='bbox 1141 3939 1279 4012; x_wconf 81' lang='grc' dir='ltr'><strong>ὁμοῦ</strong></span> <span class='ocrx_word' id='word_1_449' title='bbox 1301 3941 1396 3995; x_wconf 75' lang='grc' dir='ltr'><strong>καὶ</strong></span> <span class='ocrx_word' id='word_1_450' title='bbox 1426 3939 1607 4007; x_wconf 77' lang='grc' dir='ltr'><strong>ζῶντα</strong></span> <span class='ocrx_word' id='word_1_451' title='bbox 1629 3941 1886 3996; x_wconf 79' lang='grc' dir='ltr'><strong>καταδειο</strong></span> 
     </span>
    </p>
   </div>
   <div class='ocr_carea' id='block_1_59' title="bbox 297 4031 1882 4106">
    <p class='ocr_par' dir='ltr' id='par_1_59' title="bbox 297 4031 1882 4106">
     <span class='ocr_line' id='line_1_59' title="bbox 297 4031 1882 4106; baseline -0.001 -18"><span class='ocrx_word' id='word_1_452' title='bbox 297 4033 494 4089; x_wconf 74' lang='grc' dir='ltr'><strong>ιινύειν</strong></span> <span class='ocrx_word' id='word_1_453' title='bbox 521 4033 707 4099; x_wconf 78' lang='grc' dir='ltr'><strong>αὑτὸν,</strong></span> <span class='ocrx_word' id='word_1_454' title='bbox 751 4031 840 4086; x_wconf 68' lang='lat' dir='ltr'><strong>[va</strong></span> <span class='ocrx_word' id='word_1_455' title='bbox 872 4031 948 4104; x_wconf 80' lang='grc' dir='ltr'><strong>μὴ</strong></span> <span class='ocrx_word' id='word_1_456' title='bbox 974 4032 1328 4105; x_wconf 78' lang='grc' dir='ltr'><strong>τερατοποιϊα</strong></span> <span class='ocrx_word' id='word_1_457' title='bbox 1349 4032 1585 4104; x_wconf 79' lang='grc' dir='ltr'><strong>σκηνιχὴ</strong></span> <span class='ocrx_word' id='word_1_458' title='bbox 1611 4032 1740 4106; x_wconf 77' lang='grc' dir='ltr'><strong>δόξῃ</strong></span> <span class='ocrx_word' id='word_1_459' title='bbox 1763 4049 1882 4097; x_wconf 83' lang='grc' dir='ltr'><strong>πως</strong></span> 
     </span>
    </p>
   </div>
   <div class='ocr_carea' id='block_1_60' title="bbox 296 4121 1886 4197">
    <p class='ocr_par' dir='ltr' id='par_1_60' title="bbox 296 4121 1886 4197">
     <span class='ocr_line' id='line_1_60' title="bbox 296 4121 1886 4197; baseline -0.001 -16"><span class='ocrx_word' id='word_1_460' title='bbox 296 4121 442 4181; x_wconf 75' lang='grc' dir='ltr'><strong>εἶναι</strong></span> <span class='ocrx_word' id='word_1_461' title='bbox 475 4125 538 4180; x_wconf 80' lang='grc' dir='ltr'><strong>τὸ</strong></span> <span class='ocrx_word' id='word_1_462' title='bbox 571 4123 881 4197; x_wconf 73' lang='grc' dir='ltr'><strong>δρώμενον⁹</strong></span> <span class='ocrx_word' id='word_1_463' title='bbox 918 4123 1037 4178; x_wconf 78' lang='grc' dir='ltr'><strong>ἀλλ’</strong></span> <span class='ocrx_word' id='word_1_464' title='bbox 1083 4124 1300 4195; x_wconf 68' lang='grc' dir='ltr'><strong>ἐδέχετο</strong></span> <span class='ocrx_word' id='word_1_465' title='bbox 1343 4126 1442 4195; x_wconf 66' lang='grc' dir='ltr'><strong>μὲν</strong></span> <span class='ocrx_word' id='word_1_466' title='bbox 1473 4125 1551 4190; x_wconf 82' lang='grc' dir='ltr'><strong>ὡς</strong></span> <span class='ocrx_word' id='word_1_467' title='bbox 1579 4128 1638 4178; x_wconf 80' lang='grc' dir='ltr'><strong>ὲν</strong></span> <span class='ocrx_word' id='word_1_468' title='bbox 1664 4127 1748 4179; x_wconf 70' lang='grc' dir='ltr'><strong>ἑνὶ</strong></span> <span class='ocrx_word' id='word_1_469' title='bbox 1777 4142 1886 4180; x_wconf 88' lang='grc' dir='ltr'><strong>πα-</strong></span> 
     </span>
    </p>
   </div>
   <div class='ocr_carea' id='block_1_61' title="bbox 295 4215 1885 4290">
    <p class='ocr_par' dir='ltr' id='par_1_61' title="bbox 295 4215 1885 4290">
     <span class='ocr_line' id='line_1_61' title="bbox 295 4215 1885 4290; baseline -0.002 -16"><span class='ocrx_word' id='word_1_470' title='bbox 295 4219 462 4274; x_wconf 80' lang='grc' dir='ltr'><strong>θόντα</strong></span> <span class='ocrx_word' id='word_1_471' title='bbox 490 4218 591 4289; x_wconf 80' lang='grc' dir='ltr'><strong>τὴν</strong></span> <span class='ocrx_word' id='word_1_472' title='bbox 625 4216 863 4290; x_wconf 76' lang='grc' dir='ltr'><strong>σφαγὴν,</strong></span> <span class='ocrx_word' id='word_1_473' title='bbox 890 4215 1210 4272; x_wconf 81' lang='grc' dir='ltr'><strong>κατεδείκνυ</strong></span> <span class='ocrx_word' id='word_1_474' title='bbox 1233 4217 1291 4271; x_wconf 69' lang='grc' dir='ltr'><strong>δὲ</strong></span> <span class='ocrx_word' id='word_1_475' title='bbox 1317 4217 1408 4272; x_wconf 80' lang='grc' dir='ltr'><strong>τὸν</strong></span> <span class='ocrx_word' id='word_1_476' title='bbox 1432 4217 1596 4272; x_wconf 79' lang='grc' dir='ltr'><strong>αὑτὸν</strong></span> <span class='ocrx_word' id='word_1_477' title='bbox 1618 4219 1678 4272; x_wconf 75' lang='grc' dir='ltr'><strong>ὲν</strong></span> <span class='ocrx_word' id='word_1_478' title='bbox 1707 4217 1885 4289; x_wconf 74' lang='grc' dir='ltr'><strong>ἑτέρῳ</strong></span> 
     </span>
    </p>
   </div>
   <div class='ocr_carea' id='block_1_62' title="bbox 298 4309 1885 4381">
    <p class='ocr_par' dir='ltr' id='par_1_62' title="bbox 298 4309 1885 4381">
     <span class='ocr_line' id='line_1_62' title="bbox 298 4309 1885 4381; baseline -0.002 -15"><span class='ocrx_word' id='word_1_479' title='bbox 298 4309 483 4377; x_wconf 79' lang='grc' dir='ltr'><strong>ζῶντά</strong></span> <span class='ocrx_word' id='word_1_480' title='bbox 507 4327 568 4364; x_wconf 91' lang='grc' dir='ltr'><strong>τε</strong></span> <span class='ocrx_word' id='word_1_481' title='bbox 592 4310 690 4364; x_wconf 73' lang='grc' dir='ltr'><strong>καὶ</strong></span> <span class='ocrx_word' id='word_1_482' title='bbox 722 4309 1038 4380; x_wconf 67' lang='grc' dir='ltr'><strong>ἀφιέμενον.</strong></span> <span class='ocrx_word' id='word_1_483' title='bbox 1077 4309 1385 4381; x_wconf 80' lang='grc' dir='ltr'><strong>’Δποφῆναι</strong></span> <span class='ocrx_word' id='word_1_484' title='bbox 1416 4310 1474 4365; x_wconf 72' lang='grc' dir='ltr'><strong>δὲ</strong></span> <span class='ocrx_word' id='word_1_485' title='bbox 1503 4309 1597 4364; x_wconf 74' lang='grc' dir='ltr'><strong>τὸν</strong></span> <span class='ocrx_word' id='word_1_486' title='bbox 1624 4310 1719 4364; x_wconf 72' lang='grc' dir='ltr'><strong>ἰπὶ</strong></span> <span class='ocrx_word' id='word_1_487' title='bbox 1745 4309 1885 4381; x_wconf 84' lang='grc' dir='ltr'><strong>τῷδε</strong></span> 
     </span>
    </p>
   </div>
   <div class='ocr_carea' id='block_1_63' title="bbox 283 4400 1882 4476">
    <p class='ocr_par' dir='ltr' id='par_1_63' title="bbox 283 4400 1882 4476">
     <span class='ocr_line' id='line_1_63' title="bbox 283 4400 1882 4476; baseline -0.001 -19"><span class='ocrx_word' id='word_1_488' title='bbox 283 4403 461 4476; x_wconf 52' lang='grc' dir='ltr'><strong>λόγον</strong></span> <span class='ocrx_word' id='word_1_489' title='bbox 500 4403 603 4457; x_wconf 75' lang='grc' dir='ltr'><strong>οὐκ</strong></span> <span class='ocrx_word' id='word_1_490' title='bbox 649 4401 755 4469; x_wconf 64' lang='lat' dir='ltr'><strong>lito</strong></span> <span class='ocrx_word' id='word_1_491' title='bbox 794 4401 1050 4473; x_wconf 84' lang='grc' dir='ltr'><strong>βαίνοντα</strong></span> <span class='ocrx_word' id='word_1_492' title='bbox 1079 4401 1175 4456; x_wconf 74' lang='grc' dir='ltr'><strong>τοῦ</strong></span> <span class='ocrx_word' id='word_1_493' title='bbox 1203 4403 1416 4468; x_wconf 79' lang='grc' dir='ltr'><strong>εἰκότος</strong></span> <span class='ocrx_word' id='word_1_494' title='bbox 1443 4403 1702 4475; x_wconf 83' lang='grc' dir='ltr'><strong>οἰήσομαι</strong></span> <span class='ocrx_word' id='word_1_495' title='bbox 1750 4400 1882 4467; x_wconf 79' lang='grc' dir='ltr'><strong>δεῖν,</strong></span> 
     </span>
    </p>
   </div>
   <div class='ocr_carea' id='block_1_64' title="bbox 1977 1921 3565 1993">
    <p class='ocr_par' dir='ltr' id='par_1_64' title="bbox 1977 1921 3565 1993">
     <span class='ocr_line' id='line_1_64' title="bbox 1977 1921 3565 1993; baseline 0.002 -18"><span class='ocrx_word' id='word_1_496' title='bbox 1977 1929 2120 1985; x_wconf 90' lang='lat' dir='ltr'><strong>tura,</strong></span> <span class='ocrx_word' id='word_1_497' title='bbox 2158 1922 2205 1978; x_wconf 89' lang='lat' dir='ltr'><strong>si</strong></span> <span class='ocrx_word' id='word_1_498' title='bbox 2227 1938 2352 1978; x_wconf 92' lang='lat' dir='ltr'><strong>cum</strong></span> <span class='ocrx_word' id='word_1_499' title='bbox 2376 1921 2564 1977; x_wconf 89' lang='lat' dir='ltr'><strong>divina</strong></span> <span class='ocrx_word' id='word_1_500' title='bbox 2591 1931 2648 1977; x_wconf 91' lang='lat' dir='ltr'><strong>et</strong></span> <span class='ocrx_word' id='word_1_501' title='bbox 2673 1938 2930 1992; x_wconf 85' lang='lat' dir='ltr'><strong>suprema</strong></span> <span class='ocrx_word' id='word_1_502' title='bbox 2951 1924 3043 1977; x_wconf 87' lang='lat' dir='ltr'><strong>illa</strong></span> <span class='ocrx_word' id='word_1_503' title='bbox 3089 1932 3284 1977; x_wconf 85' lang='lat' dir='ltr'><strong>natura</strong></span> <span class='ocrx_word' id='word_1_504' title='bbox 3338 1937 3565 1993; x_wconf 88' lang='lat' dir='ltr'><strong>compa-</strong></span> 
     </span>
    </p>
   </div>
   <div class='ocr_carea' id='block_1_65' title="bbox 1976 2013 3566 2084">
    <p class='ocr_par' dir='ltr' id='par_1_65' title="bbox 1976 2013 3566 2084">
     <span class='ocr_line' id='line_1_65' title="bbox 1976 2013 3566 2084; baseline 0.002 -17"><span class='ocrx_word' id='word_1_505' title='bbox 1976 2014 2171 2068; x_wconf 82' lang='lat' dir='ltr'><strong>ratur?</strong></span> <span class='ocrx_word' id='word_1_506' title='bbox 2205 2014 2463 2069; x_wconf 80' lang='lat' dir='ltr'><strong>Arbitror</strong></span> <span class='ocrx_word' id='word_1_507' title='bbox 2507 2024 2691 2070; x_wconf 89' lang='lat' dir='ltr'><strong>autem</strong></span> <span class='ocrx_word' id='word_1_508' title='bbox 2730 2013 2880 2084; x_wconf 91' lang='lat' dir='ltr'><strong>quod</strong></span> <span class='ocrx_word' id='word_1_509' title='bbox 2928 2014 3090 2068; x_wconf 78' lang='lat' dir='ltr'><strong>inviti</strong></span> <span class='ocrx_word' id='word_1_510' title='bbox 3142 2016 3310 2070; x_wconf 90' lang='lat' dir='ltr'><strong>etiam</strong></span> <span class='ocrx_word' id='word_1_511' title='bbox 3360 2013 3566 2070; x_wconf 83' lang='lat' dir='ltr'><strong>dicturi</strong></span> 
     </span>
    </p>
   </div>
   <div class='ocr_carea' id='block_1_66' title="bbox 1975 2103 3569 2176">
    <p class='ocr_par' dir='ltr' id='par_1_66' title="bbox 1975 2103 3569 2176">
     <span class='ocr_line' id='line_1_66' title="bbox 1975 2103 3569 2176; baseline 0.002 -17"><span class='ocrx_word' id='word_1_512' title='bbox 1975 2105 2106 2169; x_wconf 88' lang='lat' dir='ltr'><strong>sint,</strong></span> <span class='ocrx_word' id='word_1_513' title='bbox 2130 2103 2372 2160; x_wconf 79' lang='lat' dir='ltr'><strong>Verbum</strong></span> <span class='ocrx_word' id='word_1_514' title='bbox 2393 2105 2542 2176; x_wconf 91' lang='lat' dir='ltr'><strong>quod</strong></span> <span class='ocrx_word' id='word_1_515' title='bbox 2563 2121 2632 2160; x_wconf 92' lang='lat' dir='ltr'><strong>ex</strong></span> <span class='ocrx_word' id='word_1_516' title='bbox 2654 2105 2768 2160; x_wconf 92' lang='lat' dir='ltr'><strong>Deo</strong></span> <span class='ocrx_word' id='word_1_517' title='bbox 2789 2106 2954 2161; x_wconf 88' lang='lat' dir='ltr'><strong>Patre</strong></span> <span class='ocrx_word' id='word_1_518' title='bbox 2993 2113 3082 2160; x_wconf 88' lang='lat' dir='ltr'><strong>est</strong></span> <span class='ocrx_word' id='word_1_519' title='bbox 3133 2105 3441 2161; x_wconf 88' lang='lat' dir='ltr'><strong>secundum</strong></span> <span class='ocrx_word' id='word_1_520' title='bbox 3469 2120 3569 2162; x_wconf 82' lang='lat' dir='ltr'><strong>na-</strong></span> 
     </span>
    </p>
   </div>
   <div class='ocr_carea' id='block_1_67' title="bbox 1976 2196 3569 2268">
    <p class='ocr_par' dir='ltr' id='par_1_67' title="bbox 1976 2196 3569 2268">
     <span class='ocr_line' id='line_1_67' title="bbox 1976 2196 3569 2268; baseline 0.002 -18"><span class='ocrx_word' id='word_1_521' title='bbox 1976 2204 2158 2251; x_wconf 88' lang='lat' dir='ltr'><strong>turam</strong></span> <span class='ocrx_word' id='word_1_522' title='bbox 2196 2198 2551 2267; x_wconf 66' lang='lat' dir='ltr'><strong>praestantius</strong></span> <span class='ocrx_word' id='word_1_523' title='bbox 2591 2212 2736 2252; x_wconf 87' lang='lat' dir='ltr'><strong>esse.</strong></span> <span class='ocrx_word' id='word_1_524' title='bbox 2790 2196 2906 2253; x_wconf 88' lang='lat' dir='ltr'><strong>Hoc</strong></span> <span class='ocrx_word' id='word_1_525' title='bbox 2955 2205 3140 2252; x_wconf 88' lang='lat' dir='ltr'><strong>autem</strong></span> <span class='ocrx_word' id='word_1_526' title='bbox 3184 2197 3390 2267; x_wconf 89' lang='lat' dir='ltr'><strong>posito,</strong></span> <span class='ocrx_word' id='word_1_527' title='bbox 3433 2197 3569 2268; x_wconf 88' lang='lat' dir='ltr'><strong>quid</strong></span> 
     </span>
    </p>
   </div>
   <div class='ocr_carea' id='block_1_68' title="bbox 1977 2287 3569 2360">
    <p class='ocr_par' dir='ltr' id='par_1_68' title="bbox 1977 2287 3569 2360">
     <span class='ocr_line' id='line_1_68' title="bbox 1977 2287 3569 2360; baseline 0.003 -18"><span class='ocrx_word' id='word_1_528' title='bbox 1977 2287 2242 2344; x_wconf 80' lang='lat' dir='ltr'><strong>faciemus</strong></span> <span class='ocrx_word' id='word_1_529' title='bbox 2268 2288 2416 2360; x_wconf 91' lang='lat' dir='ltr'><strong>quod</strong></span> <span class='ocrx_word' id='word_1_530' title='bbox 2439 2289 2626 2345; x_wconf 90' lang='lat' dir='ltr'><strong>hircos</strong></span> <span class='ocrx_word' id='word_1_531' title='bbox 2645 2289 2899 2345; x_wconf 84' lang='lat' dir='ltr'><strong>videmus</strong></span> <span class='ocrx_word' id='word_1_532' title='bbox 2919 2304 3032 2345; x_wconf 90' lang='lat' dir='ltr'><strong>non</strong></span> <span class='ocrx_word' id='word_1_533' title='bbox 3067 2289 3300 2346; x_wconf 69' lang='lat' dir='ltr'><strong>diversa</strong></span> <span class='ocrx_word' id='word_1_534' title='bbox 3329 2290 3476 2346; x_wconf 88' lang='lat' dir='ltr'><strong>inter</strong></span> <span class='ocrx_word' id='word_1_535' title='bbox 3506 2305 3569 2346; x_wconf 84' lang='lat' dir='ltr'><strong>se</strong></span> 
     </span>
    </p>
   </div>
   <div class='ocr_carea' id='block_1_69' title="bbox 1975 2381 3566 2453">
    <p class='ocr_par' dir='ltr' id='par_1_69' title="bbox 1975 2381 3566 2453">
     <span class='ocr_line' id='line_1_69' title="bbox 1975 2381 3566 2453; baseline 0.002 -18"><span class='ocrx_word' id='word_1_536' title='bbox 1975 2392 2188 2438; x_wconf 69' lang='lat' dir='ltr'><strong>natura:</strong></span> <span class='ocrx_word' id='word_1_537' title='bbox 2209 2395 2351 2445; x_wconf 85' lang='lat' dir='ltr'><strong>esse,</strong></span> <span class='ocrx_word' id='word_1_538' title='bbox 2380 2382 2474 2438; x_wconf 86' lang='lat' dir='ltr'><strong>sed</strong></span> <span class='ocrx_word' id='word_1_539' title='bbox 2509 2381 2674 2437; x_wconf 87' lang='lat' dir='ltr'><strong>unius</strong></span> <span class='ocrx_word' id='word_1_540' title='bbox 2695 2381 3060 2452; x_wconf 86' lang='lat' dir='ltr'><strong>ejusdemque</strong></span> <span class='ocrx_word' id='word_1_541' title='bbox 3108 2381 3314 2452; x_wconf 83' lang='lat' dir='ltr'><strong>speciei</strong></span> <span class='ocrx_word' id='word_1_542' title='bbox 3356 2381 3566 2453; x_wconf 83' lang='lat' dir='ltr'><strong>potius,</strong></span> 
     </span>
    </p>
   </div>
   <div class='ocr_carea' id='block_1_70' title="bbox 1976 2472 3573 2544">
    <p class='ocr_par' dir='ltr' id='par_1_70' title="bbox 1976 2472 3573 2544">
     <span class='ocr_line' id='line_1_70' title="bbox 1976 2472 3573 2544; baseline 0.001 -17"><span class='ocrx_word' id='word_1_543' title='bbox 1976 2488 2079 2529; x_wconf 92' lang='lat' dir='ltr'><strong>nec</strong></span> <span class='ocrx_word' id='word_1_544' title='bbox 2099 2473 2209 2528; x_wconf 90' lang='lat' dir='ltr'><strong>ulla</strong></span> <span class='ocrx_word' id='word_1_545' title='bbox 2245 2489 2302 2528; x_wconf 89' lang='lat' dir='ltr'><strong>re</strong></span> <span class='ocrx_word' id='word_1_546' title='bbox 2335 2473 2480 2528; x_wconf 88' lang='lat' dir='ltr'><strong>inter</strong></span> <span class='ocrx_word' id='word_1_547' title='bbox 2501 2489 2560 2529; x_wconf 89' lang='lat' dir='ltr'><strong>se</strong></span> <span class='ocrx_word' id='word_1_548' title='bbox 2585 2474 2833 2541; x_wconf 79' lang='lat' dir='ltr'><strong>diﬂ’erre,</strong></span> <span class='ocrx_word' id='word_1_549' title='bbox 2867 2475 2923 2529; x_wconf 90' lang='lat' dir='ltr'><strong>in</strong></span> <span class='ocrx_word' id='word_1_550' title='bbox 2949 2490 3019 2530; x_wconf 91' lang='lat' dir='ltr'><strong>eo</strong></span> <span class='ocrx_word' id='word_1_551' title='bbox 3057 2473 3206 2544; x_wconf 91' lang='lat' dir='ltr'><strong>quod</strong></span> <span class='ocrx_word' id='word_1_552' title='bbox 3235 2473 3375 2530; x_wconf 87' lang='lat' dir='ltr'><strong>hirci</strong></span> <span class='ocrx_word' id='word_1_553' title='bbox 3402 2472 3573 2529; x_wconf 73' lang='lat' dir='ltr'><strong>sunt?</strong></span> 
     </span>
    </p>
   </div>
   <div class='ocr_carea' id='block_1_71' title="bbox 1977 2563 3569 2636">
    <p class='ocr_par' dir='ltr' id='par_1_71' title="bbox 1977 2563 3569 2636">
     <span class='ocr_line' id='line_1_71' title="bbox 1977 2563 3569 2636; baseline 0.001 -18"><span class='ocrx_word' id='word_1_554' title='bbox 1977 2563 2183 2619; x_wconf 85' lang='lat' dir='ltr'><strong>Eadem</strong></span> <span class='ocrx_word' id='word_1_555' title='bbox 2208 2565 2402 2635; x_wconf 89' lang='lat' dir='ltr'><strong>utique</strong></span> <span class='ocrx_word' id='word_1_556' title='bbox 2451 2565 2592 2620; x_wconf 85' lang='lat' dir='ltr'><strong>ratio</strong></span> <span class='ocrx_word' id='word_1_557' title='bbox 2618 2572 2704 2619; x_wconf 82' lang='lat' dir='ltr'><strong>est</strong></span> <span class='ocrx_word' id='word_1_558' title='bbox 2749 2565 2986 2620; x_wconf 90' lang='lat' dir='ltr'><strong>duorum</strong></span> <span class='ocrx_word' id='word_1_559' title='bbox 3014 2577 3322 2636; x_wconf 85' lang='lat' dir='ltr'><strong>passerum.</strong></span> <span class='ocrx_word' id='word_1_560' title='bbox 3353 2565 3569 2623; x_wconf 86' lang='lat' dir='ltr'><strong>Conce-</strong></span> 
     </span>
    </p>
   </div>
   <div class='ocr_carea' id='block_1_72' title="bbox 1978 2655 3570 2729">
    <p class='ocr_par' dir='ltr' id='par_1_72' title="bbox 1978 2655 3570 2729">
     <span class='ocr_line' id='line_1_72' title="bbox 1978 2655 3570 2729; baseline 0.001 -19"><span class='ocrx_word' id='word_1_561' title='bbox 1978 2655 2113 2711; x_wconf 89' lang='lat' dir='ltr'><strong>dant</strong></span> <span class='ocrx_word' id='word_1_562' title='bbox 2133 2672 2266 2726; x_wconf 90' lang='lat' dir='ltr'><strong>ergo</strong></span> <span class='ocrx_word' id='word_1_563' title='bbox 2287 2665 2520 2726; x_wconf 85' lang='lat' dir='ltr'><strong>propter</strong></span> <span class='ocrx_word' id='word_1_564' title='bbox 2543 2656 2793 2711; x_wconf 88' lang='lat' dir='ltr'><strong>eamdem</strong></span> <span class='ocrx_word' id='word_1_565' title='bbox 2824 2656 3112 2712; x_wconf 92' lang='lat' dir='ltr'><strong>hircorum</strong></span> <span class='ocrx_word' id='word_1_566' title='bbox 3163 2656 3252 2713; x_wconf 91' lang='lat' dir='ltr'><strong>vel</strong></span> <span class='ocrx_word' id='word_1_567' title='bbox 3281 2672 3570 2729; x_wconf 83' lang='lat' dir='ltr'><strong>passerum</strong></span> 
     </span>
    </p>
   </div>
   <div class='ocr_carea' id='block_1_73' title="bbox 1980 2747 3569 2816">
    <p class='ocr_par' dir='ltr' id='par_1_73' title="bbox 1980 2747 3569 2816">
     <span class='ocr_line' id='line_1_73' title="bbox 1980 2747 3569 2816; baseline 0.001 -15"><span class='ocrx_word' id='word_1_568' title='bbox 1980 2747 2243 2816; x_wconf 83' lang='lat' dir='ltr'><strong>speciem,</strong></span> <span class='ocrx_word' id='word_1_569' title='bbox 2269 2747 2441 2802; x_wconf 88' lang='lat' dir='ltr'><strong>Deum</strong></span> <span class='ocrx_word' id='word_1_570' title='bbox 2496 2747 2740 2801; x_wconf 89' lang='lat' dir='ltr'><strong>Verbum</strong></span> <span class='ocrx_word' id='word_1_571' title='bbox 2767 2747 2907 2802; x_wconf 86' lang='lat' dir='ltr'><strong>nihil</strong></span> <span class='ocrx_word' id='word_1_572' title='bbox 2947 2747 3172 2803; x_wconf 77' lang='lat' dir='ltr'><strong>diﬂ‘erre</strong></span> <span class='ocrx_word' id='word_1_573' title='bbox 3227 2748 3296 2803; x_wconf 87' lang='lat' dir='ltr'><strong>ab</strong></span> <span class='ocrx_word' id='word_1_574' title='bbox 3324 2749 3569 2804; x_wconf 84' lang='lat' dir='ltr'><strong>homine.</strong></span> 
     </span>
    </p>
   </div>
   <div class='ocr_carea' id='block_1_74' title="bbox 1982 2837 3568 2908">
    <p class='ocr_par' dir='ltr' id='par_1_74' title="bbox 1982 2837 3568 2908">
     <span class='ocr_line' id='line_1_74' title="bbox 1982 2837 3568 2908; baseline 0.001 -15"><span class='ocrx_word' id='word_1_575' title='bbox 1982 2837 2090 2894; x_wconf 84' lang='lat' dir='ltr'><strong>Sed</strong></span> <span class='ocrx_word' id='word_1_576' title='bbox 2115 2853 2226 2893; x_wconf 87' lang='lat' dir='ltr'><strong>non</strong></span> <span class='ocrx_word' id='word_1_577' title='bbox 2253 2837 2581 2902; x_wconf 85' lang='lat' dir='ltr'><strong>concedent,</strong></span> <span class='ocrx_word' id='word_1_578' title='bbox 2620 2845 2682 2891; x_wconf 92' lang='lat' dir='ltr'><strong>ut</strong></span> <span class='ocrx_word' id='word_1_579' title='bbox 2704 2853 2806 2908; x_wconf 90' lang='lat' dir='ltr'><strong>ego</strong></span> <span class='ocrx_word' id='word_1_580' title='bbox 2841 2847 2996 2908; x_wconf 88' lang='lat' dir='ltr'><strong>puto,</strong></span> <span class='ocrx_word' id='word_1_581' title='bbox 3034 2840 3178 2894; x_wconf 90' lang='lat' dir='ltr'><strong>hanc</strong></span> <span class='ocrx_word' id='word_1_582' title='bbox 3225 2839 3568 2896; x_wconf 87' lang='lat' dir='ltr'><strong>doctrinam:</strong></span> 
     </span>
    </p>
   </div>
   <div class='ocr_carea' id='block_1_75' title="bbox 1979 2913 3574 3000">
    <p class='ocr_par' dir='ltr' id='par_1_75' title="bbox 1979 2913 3574 3000">
     <span class='ocr_line' id='line_1_75' title="bbox 1979 2913 3574 3000; baseline 0.001 -16"><span class='ocrx_word' id='word_1_583' title='bbox 1979 2938 2066 2984; x_wconf 81' lang='lat' dir='ltr'><strong>est</strong></span> <span class='ocrx_word' id='word_1_584' title='bbox 2100 2929 2250 2984; x_wconf 90' lang='lat' dir='ltr'><strong>enim</strong></span> <span class='ocrx_word' id='word_1_585' title='bbox 2288 2929 2588 3000; x_wconf 89' lang='lat' dir='ltr'><strong>plurimum</strong></span> <span class='ocrx_word' id='word_1_586' title='bbox 2617 2929 2844 2984; x_wconf 89' lang='lat' dir='ltr'><strong>omnino</strong></span> <span class='ocrx_word' id='word_1_587' title='bbox 2882 2930 3224 2986; x_wconf 87' lang='lat' dir='ltr'><strong>discriminis</strong></span> <span class='ocrx_word' id='word_1_588' title='bbox 3253 2913 3401 2986; x_wconf 73' lang='lat' dir='ltr'><strong>inter</strong></span> <span class='ocrx_word' id='word_1_589' title='bbox 3429 2931 3574 2986; x_wconf 82' lang='lat' dir='ltr'><strong>divi-</strong></span> 
     </span>
    </p>
   </div>
   <div class='ocr_carea' id='block_1_76' title="bbox 1981 3020 3574 3094">
    <p class='ocr_par' dir='ltr' id='par_1_76' title="bbox 1981 3020 3574 3094">
     <span class='ocr_line' id='line_1_76' title="bbox 1981 3020 3574 3094; baseline 0.002 -18"><span class='ocrx_word' id='word_1_590' title='bbox 1981 3022 2211 3077; x_wconf 89' lang='lat' dir='ltr'><strong>nitatem</strong></span> <span class='ocrx_word' id='word_1_591' title='bbox 2240 3030 2297 3076; x_wconf 94' lang='lat' dir='ltr'><strong>et</strong></span> <span class='ocrx_word' id='word_1_592' title='bbox 2331 3022 2757 3077; x_wconf 85' lang='lat' dir='ltr'><strong>humanitatem.</strong></span> <span class='ocrx_word' id='word_1_593' title='bbox 2788 3020 2930 3077; x_wconf 90' lang='lat' dir='ltr'><strong>Sunt</strong></span> <span class='ocrx_word' id='word_1_594' title='bbox 2987 3023 3156 3094; x_wconf 85' lang='lat' dir='ltr'><strong>igitur</strong></span> <span class='ocrx_word' id='word_1_595' title='bbox 3190 3023 3446 3094; x_wconf 84' lang='lat' dir='ltr'><strong>exempla</strong></span> <span class='ocrx_word' id='word_1_596' title='bbox 3482 3039 3574 3079; x_wconf 81' lang='lat' dir='ltr'><strong>se-</strong></span> 
     </span>
    </p>
   </div>
   <div class='ocr_carea' id='block_1_77' title="bbox 1985 3113 3571 3186">
    <p class='ocr_par' dir='ltr' id='par_1_77' title="bbox 1985 3113 3571 3186">
     <span class='ocr_line' id='line_1_77' title="bbox 1985 3113 3571 3186; baseline 0.003 -19"><span class='ocrx_word' id='word_1_597' title='bbox 1985 3113 2230 3168; x_wconf 88' lang='lat' dir='ltr'><strong>cundum</strong></span> <span class='ocrx_word' id='word_1_598' title='bbox 2252 3113 2523 3168; x_wconf 89' lang='lat' dir='ltr'><strong>rationem</strong></span> <span class='ocrx_word' id='word_1_599' title='bbox 2555 3131 2677 3184; x_wconf 76' lang='lat' dir='ltr'><strong>qua:</strong></span> <span class='ocrx_word' id='word_1_600' title='bbox 2707 3114 2844 3186; x_wconf 86' lang='lat' dir='ltr'><strong>ipsis</strong></span> <span class='ocrx_word' id='word_1_601' title='bbox 2870 3115 3189 3179; x_wconf 89' lang='lat' dir='ltr'><strong>conveniat,</strong></span> <span class='ocrx_word' id='word_1_602' title='bbox 3222 3115 3571 3186; x_wconf 82' lang='lat' dir='ltr'><strong>accipienda.</strong></span> 
     </span>
    </p>
   </div>
   <div class='ocr_carea' id='block_1_78' title="bbox 1987 3207 3578 3273">
    <p class='ocr_par' dir='ltr' id='par_1_78' title="bbox 1987 3207 3578 3273">
     <span class='ocr_line' id='line_1_78' title="bbox 1987 3207 3578 3273; baseline 0.003 -13"><span class='ocrx_word' id='word_1_603' title='bbox 1987 3207 2217 3260; x_wconf 80' lang='lat' dir='ltr'><strong>Multum</strong></span> <span class='ocrx_word' id='word_1_604' title='bbox 2247 3207 2395 3261; x_wconf 91' lang='lat' dir='ltr'><strong>enim</strong></span> <span class='ocrx_word' id='word_1_605' title='bbox 2447 3208 2595 3262; x_wconf 77' lang='lat' dir='ltr'><strong>veris</strong></span> <span class='ocrx_word' id='word_1_606' title='bbox 2633 3209 2804 3264; x_wconf 87' lang='lat' dir='ltr'><strong>rebus</strong></span> <span class='ocrx_word' id='word_1_607' title='bbox 2861 3207 3128 3264; x_wconf 78' lang='lat' dir='ltr'><strong>inferiora</strong></span> <span class='ocrx_word' id='word_1_608' title='bbox 3180 3217 3330 3273; x_wconf 91' lang='lat' dir='ltr'><strong>sunt,</strong></span> <span class='ocrx_word' id='word_1_609' title='bbox 3363 3218 3421 3264; x_wconf 92' lang='lat' dir='ltr'><strong>et</strong></span> <span class='ocrx_word' id='word_1_610' title='bbox 3475 3208 3578 3264; x_wconf 83' lang='lat' dir='ltr'><strong>ali-</strong></span> 
     </span>
    </p>
   </div>
   <div class='ocr_carea' id='block_1_79' title="bbox 1985 3299 3581 3373">
    <p class='ocr_par' dir='ltr' id='par_1_79' title="bbox 1985 3299 3581 3373">
     <span class='ocr_line' id='line_1_79' title="bbox 1985 3299 3581 3373; baseline 0.001 -22"><span class='ocrx_word' id='word_1_611' title='bbox 1985 3313 2150 3368; x_wconf 89' lang='lat' dir='ltr'><strong>quam</strong></span> <span class='ocrx_word' id='word_1_612' title='bbox 2171 3304 2385 3352; x_wconf 89' lang='lat' dir='ltr'><strong>tantum</strong></span> <span class='ocrx_word' id='word_1_613' title='bbox 2419 3306 2631 3370; x_wconf 91' lang='lat' dir='ltr'><strong>partem</strong></span> <span class='ocrx_word' id='word_1_614' title='bbox 2661 3314 2856 3354; x_wconf 91' lang='lat' dir='ltr'><strong>eorum</strong></span> <span class='ocrx_word' id='word_1_615' title='bbox 2886 3299 3201 3371; x_wconf 88' lang='lat' dir='ltr'><strong>designant,</strong></span> <span class='ocrx_word' id='word_1_616' title='bbox 3225 3315 3462 3370; x_wconf 88' lang='lat' dir='ltr'><strong>quorum</strong></span> <span class='ocrx_word' id='word_1_617' title='bbox 3496 3308 3581 3373; x_wconf 79' lang='lat' dir='ltr'><strong>ty-</strong></span> 
     </span>
    </p>
   </div>
   <div class='ocr_carea' id='block_1_80' title="bbox 1985 3390 3578 3464">
    <p class='ocr_par' dir='ltr' id='par_1_80' title="bbox 1985 3390 3578 3464">
     <span class='ocr_line' id='line_1_80' title="bbox 1985 3390 3578 3464; baseline 0.004 -21"><span class='ocrx_word' id='word_1_618' title='bbox 1985 3390 2042 3460; x_wconf 90' lang='lat' dir='ltr'><strong>pi</strong></span> <span class='ocrx_word' id='word_1_619' title='bbox 2067 3398 2215 3445; x_wconf 92' lang='lat' dir='ltr'><strong>sunt.</strong></span> <span class='ocrx_word' id='word_1_620' title='bbox 2236 3390 2438 3462; x_wconf 79' lang='lat' dir='ltr'><strong>Legem</strong></span> <span class='ocrx_word' id='word_1_621' title='bbox 2468 3399 2657 3446; x_wconf 87' lang='lat' dir='ltr'><strong>autem</strong></span> <span class='ocrx_word' id='word_1_622' title='bbox 2690 3392 2943 3447; x_wconf 88' lang='lat' dir='ltr'><strong>umbram</strong></span> <span class='ocrx_word' id='word_1_623' title='bbox 2970 3407 3037 3447; x_wconf 91' lang='lat' dir='ltr'><strong>ac</strong></span> <span class='ocrx_word' id='word_1_624' title='bbox 3063 3401 3255 3464; x_wconf 87' lang='lat' dir='ltr'><strong>typum</strong></span> <span class='ocrx_word' id='word_1_625' title='bbox 3295 3393 3578 3450; x_wconf 79' lang='lat' dir='ltr'><strong>exstitisse</strong></span> 
     </span>
    </p>
   </div>
   <div class='ocr_carea' id='block_1_81' title="bbox 1986 3483 3578 3556">
    <p class='ocr_par' dir='ltr' id='par_1_81' title="bbox 1986 3483 3578 3556">
     <span class='ocr_line' id='line_1_81' title="bbox 1986 3483 3578 3556; baseline 0.004 -21"><span class='ocrx_word' id='word_1_626' title='bbox 1986 3483 2286 3536; x_wconf 88' lang='lat' dir='ltr'><strong>asserimus</strong></span> <span class='ocrx_word' id='word_1_627' title='bbox 2313 3483 2379 3547; x_wconf 76' lang='lat'><strong>“,</strong></span> <span class='ocrx_word' id='word_1_628' title='bbox 2409 3488 2467 3536; x_wconf 89' lang='lat' dir='ltr'><strong>et</strong></span> <span class='ocrx_word' id='word_1_629' title='bbox 2490 3483 2661 3538; x_wconf 89' lang='lat' dir='ltr'><strong>veluti</strong></span> <span class='ocrx_word' id='word_1_630' title='bbox 2705 3483 3001 3554; x_wconf 86' lang='lat' dir='ltr'><strong>quamdam</strong></span> <span class='ocrx_word' id='word_1_631' title='bbox 3029 3484 3306 3554; x_wconf 88' lang='lat' dir='ltr'><strong>picturam</strong></span> <span class='ocrx_word' id='word_1_632' title='bbox 3352 3484 3422 3540; x_wconf 90' lang='lat' dir='ltr'><strong>ad</strong></span> <span class='ocrx_word' id='word_1_633' title='bbox 3447 3501 3578 3556; x_wconf 87' lang='lat' dir='ltr'><strong>spe-</strong></span> 
     </span>
    </p>
   </div>
   <div class='ocr_carea' id='block_1_82' title="bbox 1985 3573 3581 3652">
    <p class='ocr_par' dir='ltr' id='par_1_82' title="bbox 1985 3573 3581 3652">
     <span class='ocr_line' id='line_1_82' title="bbox 1985 3573 3581 3652; baseline 0.003 -23"><span class='ocrx_word' id='word_1_634' title='bbox 1985 3573 2246 3629; x_wconf 89' lang='lat' dir='ltr'><strong>ctandum</strong></span> <span class='ocrx_word' id='word_1_635' title='bbox 2263 3575 2606 3646; x_wconf 88' lang='lat' dir='ltr'><strong>propositam</strong></span> <span class='ocrx_word' id='word_1_636' title='bbox 2626 3575 3029 3647; x_wconf 82' lang='lat' dir='ltr'><strong>aspicientibus</strong></span> <span class='ocrx_word' id='word_1_637' title='bbox 3048 3591 3139 3632; x_wconf 89' lang='lat' dir='ltr'><strong>res</strong></span> <span class='ocrx_word' id='word_1_638' title='bbox 3166 3577 3334 3652; x_wconf 81' lang='lat' dir='ltr'><strong>ipsas.</strong></span> <span class='ocrx_word' id='word_1_639' title='bbox 3357 3575 3581 3634; x_wconf 65' lang='lat' dir='ltr'><strong>Umbra</strong></span> 
     </span>
    </p>
   </div>
   <div class='ocr_carea' id='block_1_83' title="bbox 1985 3665 3580 3738">
    <p class='ocr_par' dir='ltr' id='par_1_83' title="bbox 1985 3665 3580 3738">
     <span class='ocr_line' id='line_1_83' title="bbox 1985 3665 3580 3738; baseline 0.001 -17"><span class='ocrx_word' id='word_1_640' title='bbox 1985 3678 2171 3721; x_wconf 89' lang='lat' dir='ltr'><strong>autem</strong></span> <span class='ocrx_word' id='word_1_641' title='bbox 2201 3675 2331 3722; x_wconf 88' lang='lat' dir='ltr'><strong>sunt</strong></span> <span class='ocrx_word' id='word_1_642' title='bbox 2359 3665 2540 3737; x_wconf 88' lang='lat' dir='ltr'><strong>prima</strong></span> <span class='ocrx_word' id='word_1_643' title='bbox 2564 3666 2622 3722; x_wconf 87' lang='lat' dir='ltr'><strong>in</strong></span> <span class='ocrx_word' id='word_1_644' title='bbox 2643 3667 2924 3738; x_wconf 89' lang='lat' dir='ltr'><strong>pictorum</strong></span> <span class='ocrx_word' id='word_1_645' title='bbox 2952 3665 3158 3722; x_wconf 87' lang='lat' dir='ltr'><strong>tabulis</strong></span> <span class='ocrx_word' id='word_1_646' title='bbox 3191 3666 3580 3723; x_wconf 89' lang='lat' dir='ltr'><strong>delineamen-</strong></span> 
     </span>
    </p>
   </div>
   <div class='ocr_carea' id='block_1_84' title="bbox 1987 3755 3582 3824">
    <p class='ocr_par' dir='ltr' id='par_1_84' title="bbox 1987 3755 3582 3824">
     <span class='ocr_line' id='line_1_84' title="bbox 1987 3755 3582 3824; baseline 0.001 -12"><span class='ocrx_word' id='word_1_647' title='bbox 1987 3764 2041 3812; x_wconf 90' lang='lat' dir='ltr'><strong>ta</strong></span> <span class='ocrx_word' id='word_1_648' title='bbox 2068 3775 2080 3811; x_wconf 89' lang='lat'><strong>:</strong></span> <span class='ocrx_word' id='word_1_649' title='bbox 2111 3757 2315 3815; x_wconf 81' lang='lat' dir='ltr'><strong>auibus</strong></span> <span class='ocrx_word' id='word_1_650' title='bbox 2335 3757 2382 3813; x_wconf 89' lang='lat' dir='ltr'><strong>si</strong></span> <span class='ocrx_word' id='word_1_651' title='bbox 2409 3758 2658 3813; x_wconf 90' lang='lat' dir='ltr'><strong>colorum</strong></span> <span class='ocrx_word' id='word_1_652' title='bbox 2686 3758 2902 3814; x_wconf 77' lang='lat' dir='ltr'><strong>flosculi</strong></span> <span class='ocrx_word' id='word_1_653' title='bbox 2947 3759 3307 3824; x_wconf 86' lang='lat' dir='ltr'><strong>accesserint,</strong></span> <span class='ocrx_word' id='word_1_654' title='bbox 3347 3755 3582 3814; x_wconf 76' lang='lat' dir='ltr'><strong>illustria</strong></span> 
     </span>
    </p>
   </div>
   <div class='ocr_carea' id='block_1_85' title="bbox 1987 3849 3584 3924">
    <p class='ocr_par' dir='ltr' id='par_1_85' title="bbox 1987 3849 3584 3924">
     <span class='ocr_line' id='line_1_85' title="bbox 1987 3849 3584 3924; baseline 0.001 -19"><span class='ocrx_word' id='word_1_655' title='bbox 1987 3851 2227 3924; x_wconf 78' lang='lat' dir='ltr'><strong>picturae</strong></span> <span class='ocrx_word' id='word_1_656' title='bbox 2251 3860 2521 3908; x_wconf 88' lang='lat' dir='ltr'><strong>venustas</strong></span> <span class='ocrx_word' id='word_1_657' title='bbox 2560 3866 2690 3907; x_wconf 87' lang='lat' dir='ltr'><strong>mox</strong></span> <span class='ocrx_word' id='word_1_658' title='bbox 2713 3849 2986 3907; x_wconf 79' lang='lat' dir='ltr'><strong>exoritur.</strong></span> <span class='ocrx_word' id='word_1_659' title='bbox 3042 3849 3353 3922; x_wconf 89' lang='lat' dir='ltr'><strong>Oportebat</strong></span> <span class='ocrx_word' id='word_1_660' title='bbox 3393 3851 3584 3920; x_wconf 84' lang='lat' dir='ltr'><strong>itaque</strong></span> 
     </span>
    </p>
   </div>
   <div class='ocr_carea' id='block_1_86' title="bbox 1987 3939 3583 4014">
    <p class='ocr_par' dir='ltr' id='par_1_86' title="bbox 1987 3939 3583 4014">
     <span class='ocr_line' id='line_1_86' title="bbox 1987 3939 3583 4014; baseline -0.001 -16"><span class='ocrx_word' id='word_1_661' title='bbox 1987 3949 2050 3998; x_wconf 90' lang='lat' dir='ltr'><strong>ut</strong></span> <span class='ocrx_word' id='word_1_662' title='bbox 2079 3943 2167 3998; x_wconf 85' lang='lat' dir='ltr'><strong>lex</strong></span> <span class='ocrx_word' id='word_1_663' title='bbox 2219 3958 2319 4014; x_wconf 88' lang='lat' dir='ltr'><strong>per</strong></span> <span class='ocrx_word' id='word_1_664' title='bbox 2370 3942 2596 4014; x_wconf 81' lang='lat' dir='ltr'><strong>Moysen</strong></span> <span class='ocrx_word' id='word_1_665' title='bbox 2638 3941 2765 3997; x_wconf 90' lang='lat' dir='ltr'><strong>data</strong></span> <span class='ocrx_word' id='word_1_666' title='bbox 2814 3956 2942 3996; x_wconf 89' lang='lat' dir='ltr'><strong>cum</strong></span> <span class='ocrx_word' id='word_1_667' title='bbox 2981 3939 3193 4006; x_wconf 80' lang='lat' dir='ltr'><strong>Christi</strong></span> <span class='ocrx_word' id='word_1_668' title='bbox 3254 3940 3583 4013; x_wconf 72' lang='lat' dir='ltr'><strong>mysterium</strong></span> 
     </span>
    </p>
   </div>
   <div class='ocr_carea' id='block_1_87' title="bbox 1987 4029 3583 4106">
    <p class='ocr_par' dir='ltr' id='par_1_87' title="bbox 1987 4029 3583 4106">
     <span class='ocr_line' id='line_1_87' title="bbox 1987 4029 3583 4106; baseline -0.002 -18"><span class='ocrx_word' id='word_1_669' title='bbox 1987 4034 2250 4106; x_wconf 84' lang='lat' dir='ltr'><strong>perpicue</strong></span> <span class='ocrx_word' id='word_1_670' title='bbox 2299 4032 2581 4090; x_wconf 88' lang='lat' dir='ltr'><strong>delineare</strong></span> <span class='ocrx_word' id='word_1_671' title='bbox 2597 4033 2789 4098; x_wconf 82' lang='lat' dir='ltr'><strong>vellet,</strong></span> <span class='ocrx_word' id='word_1_672' title='bbox 2816 4047 2931 4088; x_wconf 90' lang='lat' dir='ltr'><strong>non</strong></span> <span class='ocrx_word' id='word_1_673' title='bbox 2967 4032 3027 4087; x_wconf 91' lang='lat' dir='ltr'><strong>in</strong></span> <span class='ocrx_word' id='word_1_674' title='bbox 3061 4047 3176 4088; x_wconf 84' lang='lat' dir='ltr'><strong>uno</strong></span> <span class='ocrx_word' id='word_1_675' title='bbox 3215 4031 3371 4104; x_wconf 73' lang='lat'><strong>131</strong></span> <span class='ocrx_word' id='word_1_676' title='bbox 3421 4029 3583 4086; x_wconf 88' lang='lat' dir='ltr'><strong>hirco</strong></span> 
     </span>
    </p>
   </div>
   <div class='ocr_carea' id='block_1_88' title="bbox 1986 4123 3587 4197">
    <p class='ocr_par' dir='ltr' id='par_1_88' title="bbox 1986 4123 3587 4197">
     <span class='ocr_line' id='line_1_88' title="bbox 1986 4123 3587 4197; baseline -0.001 -17"><span class='ocrx_word' id='word_1_677' title='bbox 1986 4127 2074 4180; x_wconf 83' lang='lat' dir='ltr'><strong>vel</strong></span> <span class='ocrx_word' id='word_1_678' title='bbox 2100 4140 2320 4197; x_wconf 87' lang='lat' dir='ltr'><strong>passere</strong></span> <span class='ocrx_word' id='word_1_679' title='bbox 2342 4125 2506 4181; x_wconf 86' lang='lat' dir='ltr'><strong>simul</strong></span> <span class='ocrx_word' id='word_1_680' title='bbox 2533 4124 2688 4180; x_wconf 91' lang='lat' dir='ltr'><strong>illum</strong></span> <span class='ocrx_word' id='word_1_681' title='bbox 2721 4123 2911 4179; x_wconf 90' lang='lat' dir='ltr'><strong>vivum</strong></span> <span class='ocrx_word' id='word_1_682' title='bbox 2935 4131 2992 4180; x_wconf 89' lang='lat' dir='ltr'><strong>et</strong></span> <span class='ocrx_word' id='word_1_683' title='bbox 3009 4130 3294 4178; x_wconf 91' lang='lat' dir='ltr'><strong>mortuum</strong></span> <span class='ocrx_word' id='word_1_684' title='bbox 3328 4131 3587 4194; x_wconf 82' lang='lat' dir='ltr'><strong>spectan-</strong></span> 
     </span>
    </p>
   </div>
   <div class='ocr_carea' id='block_1_89' title="bbox 1987 4215 3582 4292">
    <p class='ocr_par' dir='ltr' id='par_1_89' title="bbox 1987 4215 3582 4292">
     <span class='ocr_line' id='line_1_89' title="bbox 1987 4215 3582 4292; baseline -0.003 -15"><span class='ocrx_word' id='word_1_685' title='bbox 1987 4221 2121 4277; x_wconf 93' lang='lat' dir='ltr'><strong>dum</strong></span> <span class='ocrx_word' id='word_1_686' title='bbox 2144 4228 2506 4292; x_wconf 89' lang='lat' dir='ltr'><strong>proponeret,</strong></span> <span class='ocrx_word' id='word_1_687' title='bbox 2529 4234 2600 4274; x_wconf 92' lang='lat' dir='ltr'><strong>ne</strong></span> <span class='ocrx_word' id='word_1_688' title='bbox 2627 4219 2847 4274; x_wconf 88' lang='lat' dir='ltr'><strong>scenica</strong></span> <span class='ocrx_word' id='word_1_689' title='bbox 2870 4215 3124 4289; x_wconf 65' lang='lat' dir='ltr'><strong>quaedam</strong></span> <span class='ocrx_word' id='word_1_690' title='bbox 3162 4225 3418 4288; x_wconf 85' lang='lat' dir='ltr'><strong>portenta</strong></span> <span class='ocrx_word' id='word_1_691' title='bbox 3448 4230 3582 4287; x_wconf 78' lang='lat' dir='ltr'><strong>pro-</strong></span> 
     </span>
    </p>
   </div>
   <div class='ocr_carea' id='block_1_90' title="bbox 1989 4307 3586 4385">
    <p class='ocr_par' dir='ltr' id='par_1_90' title="bbox 1989 4307 3586 4385">
     <span class='ocr_line' id='line_1_90' title="bbox 1989 4307 3586 4385; baseline -0.004 -16"><span class='ocrx_word' id='word_1_692' title='bbox 1989 4314 2120 4385; x_wconf 87' lang='lat' dir='ltr'><strong>poni</strong></span> <span class='ocrx_word' id='word_1_693' title='bbox 2164 4312 2526 4368; x_wconf 89' lang='lat' dir='ltr'><strong>viderentur:</strong></span> <span class='ocrx_word' id='word_1_694' title='bbox 2571 4311 2669 4366; x_wconf 89' lang='lat' dir='ltr'><strong>sed</strong></span> <span class='ocrx_word' id='word_1_695' title='bbox 2694 4310 2853 4366; x_wconf 90' lang='lat' dir='ltr'><strong>illum</strong></span> <span class='ocrx_word' id='word_1_696' title='bbox 2897 4308 3107 4365; x_wconf 71' lang='lat' dir='ltr'><strong>caedem</strong></span> <span class='ocrx_word' id='word_1_697' title='bbox 3155 4324 3481 4381; x_wconf 87' lang='lat' dir='ltr'><strong>perpessum</strong></span> <span class='ocrx_word' id='word_1_698' title='bbox 3523 4307 3586 4364; x_wconf 89' lang='lat' dir='ltr'><strong>in</strong></span> 
     </span>
    </p>
   </div>
   <div class='ocr_carea' id='block_1_91' title="bbox 1990 4400 3587 4474">
    <p class='ocr_par' dir='ltr' id='par_1_91' title="bbox 1990 4400 3587 4474">
     <span class='ocr_line' id='line_1_91' title="bbox 1990 4400 3587 4474; baseline -0.002 -13"><span class='ocrx_word' id='word_1_699' title='bbox 1990 4421 2103 4462; x_wconf 89' lang='lat' dir='ltr'><strong>uno</strong></span> <span class='ocrx_word' id='word_1_700' title='bbox 2129 4403 2374 4470; x_wconf 89' lang='lat' dir='ltr'><strong>admisit,</strong></span> <span class='ocrx_word' id='word_1_701' title='bbox 2393 4403 2763 4474; x_wconf 89' lang='lat' dir='ltr'><strong>eumdemque</strong></span> <span class='ocrx_word' id='word_1_702' title='bbox 2780 4402 3059 4458; x_wconf 89' lang='lat' dir='ltr'><strong>viventem</strong></span> <span class='ocrx_word' id='word_1_703' title='bbox 3081 4417 3147 4456; x_wconf 92' lang='lat' dir='ltr'><strong>ac</strong></span> <span class='ocrx_word' id='word_1_704' title='bbox 3170 4400 3474 4456; x_wconf 87' lang='lat' dir='ltr'><strong>demissum</strong></span> <span class='ocrx_word' id='word_1_705' title='bbox 3491 4415 3587 4458; x_wconf 79' lang='lat' dir='ltr'><strong>os-</strong></span> 
     </span>
    </p>
   </div>
   <div class='ocr_carea' id='block_1_92' title="bbox 301 4482 1880 4566">
    <p class='ocr_par' dir='ltr' id='par_1_92' title="bbox 301 4482 1880 4563">
     <span class='ocr_line' id='line_1_92' title="bbox 301 4482 1880 4563; baseline 0 -17"><span class='ocrx_word' id='word_1_706' title='bbox 301 4491 400 4546; x_wconf 74' lang='grc' dir='ltr'><strong>καὶ</strong></span> <span class='ocrx_word' id='word_1_707' title='bbox 427 4489 628 4561; x_wconf 74' lang='grc' dir='ltr'><strong>ιτεραν</strong></span> <span class='ocrx_word' id='word_1_708' title='bbox 649 4482 734 4554; x_wconf 82' lang='grc' dir='ltr'><strong>οἷς</strong></span> <span class='ocrx_word' id='word_1_709' title='bbox 782 4489 929 4560; x_wconf 79' lang='grc' dir='ltr'><strong>ιφην</strong></span> <span class='ocrx_word' id='word_1_710' title='bbox 967 4491 1389 4563; x_wconf 64' lang='grc' dir='ltr'><strong>επεισφρήσαςν</strong></span> <span class='ocrx_word' id='word_1_711' title='bbox 1439 4492 1645 4546; x_wconf 81' lang='grc' dir='ltr'><strong>εἰκόνα.</strong></span> <span class='ocrx_word' id='word_1_712' title='bbox 1675 4491 1880 4562; x_wconf 76' lang='grc' dir='ltr'><strong>Γέγρα-</strong></span> 
     </span>
    </p>
   </div>
   <div class='ocr_carea' id='block_1_93' title="bbox 1983 4482 3588 4566">
    <p class='ocr_par' dir='ltr' id='par_1_93' title="bbox 1997 4492 3588 4566">
     <span class='ocr_line' id='line_1_93' title="bbox 1997 4492 3588 4566; baseline -0.004 -13"><span class='ocrx_word' id='word_1_713' title='bbox 1997 4495 2175 4553; x_wconf 86' lang='lat' dir='ltr'><strong>tendit</strong></span> <span class='ocrx_word' id='word_1_714' title='bbox 2207 4497 2266 4552; x_wconf 89' lang='lat' dir='ltr'><strong>in</strong></span> <span class='ocrx_word' id='word_1_715' title='bbox 2297 4495 2492 4551; x_wconf 90' lang='lat' dir='ltr'><strong>altero.</strong></span> <span class='ocrx_word' id='word_1_716' title='bbox 2513 4493 2588 4551; x_wconf 88' lang='lat' dir='ltr'><strong>Ut</strong></span> <span class='ocrx_word' id='word_1_717' title='bbox 2627 4508 2762 4551; x_wconf 85' lang='lat' dir='ltr'><strong>vero</strong></span> <span class='ocrx_word' id='word_1_718' title='bbox 2807 4494 2976 4566; x_wconf 80' lang='lat' dir='ltr'><strong>hujus</strong></span> <span class='ocrx_word' id='word_1_719' title='bbox 3021 4493 3105 4549; x_wconf 89' lang='lat' dir='ltr'><strong>rei</strong></span> <span class='ocrx_word' id='word_1_720' title='bbox 3155 4492 3588 4550; x_wconf 87' lang='lat' dir='ltr'><strong>declarationem</strong></span> 
     </span>
    </p>
   </div>
   <div class='ocr_carea' id='block_1_94' title="bbox 302 4579 1894 4657">
    <p class='ocr_par' dir='ltr' id='par_1_94' title="bbox 302 4579 1894 4657">
     <span class='ocr_line' id='line_1_94' title="bbox 302 4579 1894 4657; baseline 0.001 -21"><span class='ocrx_word' id='word_1_721' title='bbox 302 4597 438 4636; x_wconf 88' lang='grc' dir='ltr'><strong>πται</strong></span> <span class='ocrx_word' id='word_1_722' title='bbox 490 4579 674 4635; x_wconf 85' lang='grc' dir='ltr'><strong>τοίνυν</strong></span> <span class='ocrx_word' id='word_1_723' title='bbox 715 4583 776 4634; x_wconf 76' lang='lat' dir='ltr'><strong>tv</strong></span> <span class='ocrx_word' id='word_1_724' title='bbox 816 4579 896 4652; x_wconf 82' lang='grc' dir='ltr'><strong>τῷ</strong></span> <span class='ocrx_word' id='word_1_725' title='bbox 926 4580 1025 4651; x_wconf 87' lang='grc' dir='ltr'><strong>τῆς</strong></span> <span class='ocrx_word' id='word_1_726' title='bbox 1058 4583 1418 4655; x_wconf 78' lang='grc' dir='ltr'><strong>κοσμοποιτας</strong></span> <span class='ocrx_word' id='word_1_727' title='bbox 1449 4584 1674 4657; x_wconf 78' lang='grc' dir='ltr'><strong>βιϐλίφο</strong></span> <span class='ocrx_word' id='word_1_728' title='bbox 1720 4601 1740 4637; x_wconf 81' lang='grc' dir='ltr'><strong>ε</strong></span> <span class='ocrx_word' id='word_1_729' title='bbox 1784 4585 1894 4640; x_wconf 79' lang='grc' dir='ltr'><strong>Καὶ</strong></span> 
     </span>
    </p>
   </div>
   <div class='ocr_carea' id='block_1_95' title="bbox 307 4672 1891 4749">
    <p class='ocr_par' dir='ltr' id='par_1_95' title="bbox 307 4672 1891 4749">
     <span class='ocr_line' id='line_1_95' title="bbox 307 4672 1891 4749; baseline 0.001 -20"><span class='ocrx_word' id='word_1_730' title='bbox 307 4675 527 4744; x_wconf 72' lang='grc' dir='ltr'><strong>ἰγινετο</strong></span> <span class='ocrx_word' id='word_1_731' title='bbox 567 4672 710 4744; x_wconf 81' lang='grc' dir='ltr'><strong>μετὰ</strong></span> <span class='ocrx_word' id='word_1_732' title='bbox 739 4673 812 4728; x_wconf 74' lang='grc' dir='ltr'><strong>τὰ</strong></span> <span class='ocrx_word' id='word_1_733' title='bbox 873 4674 1097 4745; x_wconf 77' lang='grc' dir='ltr'><strong>ῥήματα</strong></span> <span class='ocrx_word' id='word_1_734' title='bbox 1141 4674 1339 4741; x_wconf 83' lang='grc' dir='ltr'><strong>ταῦτα,</strong></span> <span class='ocrx_word' id='word_1_735' title='bbox 1373 4676 1402 4729; x_wconf 82' lang='grc' dir='ltr'><strong>ό</strong></span> <span class='ocrx_word' id='word_1_736' title='bbox 1451 4676 1584 4742; x_wconf 85' lang='grc' dir='ltr'><strong>Θεδς</strong></span> <span class='ocrx_word' id='word_1_737' title='bbox 1626 4673 1891 4749; x_wconf 74' lang='grc' dir='ltr'><strong>επείραζε</strong></span> 
     </span>
    </p>
   </div>
   <div class='ocr_carea' id='block_1_96' title="bbox 307 4761 1890 4842">
    <p class='ocr_par' dir='ltr' id='par_1_96' title="bbox 307 4761 1890 4842">
     <span class='ocr_line' id='line_1_96' title="bbox 307 4761 1890 4842; baseline 0.001 -20"><span class='ocrx_word' id='word_1_738' title='bbox 307 4767 401 4822; x_wconf 79' lang='grc' dir='ltr'><strong>τδν</strong></span> <span class='ocrx_word' id='word_1_739' title='bbox 437 4764 711 4839; x_wconf 68' lang='grc' dir='ltr'><strong>Ἀϐραὰμ,</strong></span> <span class='ocrx_word' id='word_1_740' title='bbox 750 4766 847 4821; x_wconf 67' lang='grc' dir='ltr'><strong>καὶ</strong></span> <span class='ocrx_word' id='word_1_741' title='bbox 873 4761 1027 4820; x_wconf 77' lang='grc' dir='ltr'><strong>εἷπεν</strong></span> <span class='ocrx_word' id='word_1_742' title='bbox 1067 4766 1248 4839; x_wconf 76' lang='grc' dir='ltr'><strong>αὐτῷ’</strong></span> <span class='ocrx_word' id='word_1_743' title='bbox 1295 4768 1568 4840; x_wconf 76' lang='grc' dir='ltr'><strong>⁹Δϐραὰμ,</strong></span> <span class='ocrx_word' id='word_1_744' title='bbox 1615 4763 1890 4842; x_wconf 75' lang='grc' dir='ltr'><strong>Ἃϐραάμ.</strong></span> 
     </span>
    </p>
   </div>
   <div class='ocr_carea' id='block_1_97' title="bbox 321 4855 1893 4928">
    <p class='ocr_par' dir='ltr' id='par_1_97' title="bbox 321 4855 1893 4928">
     <span class='ocr_line' id='line_1_97' title="bbox 321 4855 1893 4928; baseline 0.002 -14"><span class='ocrx_word' id='word_1_745' title='bbox 321 4857 384 4914; x_wconf 84' lang='grc'><strong>’0</strong></span> <span class='ocrx_word' id='word_1_746' title='bbox 413 4858 471 4914; x_wconf 74' lang='grc' dir='ltr'><strong>δε</strong></span> <span class='ocrx_word' id='word_1_747' title='bbox 515 4855 706 4914; x_wconf 79' lang='grc' dir='ltr'><strong>εῐπενο</strong></span> <span class='ocrx_word' id='word_1_748' title='bbox 760 4858 895 4914; x_wconf 75' lang='grc' dir='ltr'><strong>Ἰδοὺ</strong></span> <span class='ocrx_word' id='word_1_749' title='bbox 935 4858 1067 4928; x_wconf 76' lang='grc' dir='ltr'><strong>εγώ.</strong></span> <span class='ocrx_word' id='word_1_750' title='bbox 1111 4857 1221 4915; x_wconf 73' lang='grc' dir='ltr'><strong>Καὶ</strong></span> <span class='ocrx_word' id='word_1_751' title='bbox 1251 4857 1407 4915; x_wconf 76' lang='grc' dir='ltr'><strong>εἴπεο</strong></span> <span class='ocrx_word' id='word_1_752' title='bbox 1449 4861 1597 4917; x_wconf 72' lang='grc' dir='ltr'><strong>Δαϐε</strong></span> <span class='ocrx_word' id='word_1_753' title='bbox 1641 4862 1735 4917; x_wconf 81' lang='grc' dir='ltr'><strong>τὸν</strong></span> <span class='ocrx_word' id='word_1_754' title='bbox 1777 4863 1893 4918; x_wconf 90' lang='grc' dir='ltr'><strong>υἰόν</strong></span> 
     </span>
    </p>
   </div>
   <div class='ocr_carea' id='block_1_98' title="bbox 311 4950 1895 5024">
    <p class='ocr_par' dir='ltr' id='par_1_98' title="bbox 311 4950 1895 5024">
     <span class='ocr_line' id='line_1_98' title="bbox 311 4950 1895 5024; baseline 0.001 -17"><span class='ocrx_word' id='word_1_755' title='bbox 311 4967 410 5007; x_wconf 82' lang='grc' dir='ltr'><strong>σου</strong></span> <span class='ocrx_word' id='word_1_756' title='bbox 463 4950 557 5006; x_wconf 81' lang='grc' dir='ltr'><strong>τδν</strong></span> <span class='ocrx_word' id='word_1_757' title='bbox 601 4951 907 5023; x_wconf 77' lang='grc' dir='ltr'><strong>ἀγαπητὸν,</strong></span> <span class='ocrx_word' id='word_1_758' title='bbox 940 4951 1002 5006; x_wconf 76' lang='grc' dir='ltr'><strong>ὃν</strong></span> <span class='ocrx_word' id='word_1_759' title='bbox 1026 4952 1345 5024; x_wconf 77' lang='grc' dir='ltr'><strong>ἠγάπησας,</strong></span> <span class='ocrx_word' id='word_1_760' title='bbox 1394 4953 1486 5008; x_wconf 81' lang='grc' dir='ltr'><strong>τὸν</strong></span> <span class='ocrx_word' id='word_1_761' title='bbox 1538 4954 1727 5010; x_wconf 78' lang='grc' dir='ltr'><strong>Ἰσαάκ</strong></span> <span class='ocrx_word' id='word_1_762' title='bbox 1746 4972 1760 4988; x_wconf 76' lang='grc' dir='ltr'><strong><em>ο</em></strong></span> <span class='ocrx_word' id='word_1_763' title='bbox 1796 4955 1895 5010; x_wconf 72' lang='grc' dir='ltr'><strong>καὶ</strong></span> 
     </span>
    </p>
   </div>
   <div class='ocr_carea' id='block_1_99' title="bbox 314 5041 1893 5118">
    <p class='ocr_par' dir='ltr' id='par_1_99' title="bbox 314 5041 1893 5118">
     <span class='ocr_line' id='line_1_99' title="bbox 314 5041 1893 5118; baseline 0.001 -19"><span class='ocrx_word' id='word_1_764' title='bbox 314 5041 616 5115; x_wconf 67' lang='grc' dir='ltr'><strong>πορεύθητι</strong></span> <span class='ocrx_word' id='word_1_765' title='bbox 645 5044 727 5108; x_wconf 85' lang='grc' dir='ltr'><strong>είς</strong></span> <span class='ocrx_word' id='word_1_766' title='bbox 759 5043 860 5114; x_wconf 79' lang='grc' dir='ltr'><strong>τὴν</strong></span> <span class='ocrx_word' id='word_1_767' title='bbox 902 5042 1012 5115; x_wconf 79' lang='grc' dir='ltr'><strong>γῆν</strong></span> <span class='ocrx_word' id='word_1_768' title='bbox 1055 5045 1158 5118; x_wconf 77' lang='grc' dir='ltr'><strong>τὴν</strong></span> <span class='ocrx_word' id='word_1_769' title='bbox 1202 5043 1435 5116; x_wconf 79' lang='grc' dir='ltr'><strong>ὑψηλὴν,</strong></span> <span class='ocrx_word' id='word_1_770' title='bbox 1485 5046 1582 5101; x_wconf 82' lang='grc' dir='ltr'><strong>καὶ</strong></span> <span class='ocrx_word' id='word_1_771' title='bbox 1629 5047 1893 5117; x_wconf 68' lang='grc' dir='ltr'><strong>ἀνένεγκε</strong></span> 
     </span>
    </p>
   </div>
   <div class='ocr_carea' id='block_1_100' title="bbox 315 5133 1893 5211">
    <p class='ocr_par' dir='ltr' id='par_1_100' title="bbox 315 5133 1893 5211">
     <span class='ocr_line' id='line_1_100' title="bbox 315 5133 1893 5211; baseline 0.003 -21"><span class='ocrx_word' id='word_1_772' title='bbox 315 5136 479 5191; x_wconf 67' lang='grc' dir='ltr'><strong>αὑτὸν</strong></span> <span class='ocrx_word' id='word_1_773' title='bbox 507 5137 628 5192; x_wconf 70' lang='grc' dir='ltr'><strong>εκεῖ</strong></span> <span class='ocrx_word' id='word_1_774' title='bbox 651 5137 731 5202; x_wconf 84' lang='grc' dir='ltr'><strong>εἰς</strong></span> <span class='ocrx_word' id='word_1_775' title='bbox 753 5134 1157 5207; x_wconf 77' lang='grc' dir='ltr'><strong>όλοιιάρπωσιν,</strong></span> <span class='ocrx_word' id='word_1_776' title='bbox 1183 5138 1270 5207; x_wconf 72' lang='grc' dir='ltr'><strong>ιφν</strong></span> <span class='ocrx_word' id='word_1_777' title='bbox 1297 5137 1358 5192; x_wconf 73' lang='grc' dir='ltr'><strong>ιν</strong></span> <span class='ocrx_word' id='word_1_778' title='bbox 1381 5138 1491 5193; x_wconf 83' lang='grc' dir='ltr'><strong>τῶν</strong></span> <span class='ocrx_word' id='word_1_779' title='bbox 1512 5139 1706 5211; x_wconf 81' lang='grc' dir='ltr'><strong>ὁρίων,</strong></span> <span class='ocrx_word' id='word_1_780' title='bbox 1735 5133 1811 5194; x_wconf 79' lang='grc' dir='ltr'><strong>ὧν</strong></span> <span class='ocrx_word' id='word_1_781' title='bbox 1826 5139 1893 5195; x_wconf 74' lang='grc' dir='ltr'><strong>ἄν</strong></span> 
     </span>
    </p>
   </div>
   <div class='ocr_carea' id='block_1_101' title="bbox 317 5228 1892 5304">
    <p class='ocr_par' dir='ltr' id='par_1_101' title="bbox 317 5228 1892 5304">
     <span class='ocr_line' id='line_1_101' title="bbox 317 5228 1892 5304; baseline 0.001 -20"><span class='ocrx_word' id='word_1_782' title='bbox 317 5245 402 5284; x_wconf 83' lang='grc' dir='ltr'><strong>σοι</strong></span> <span class='ocrx_word' id='word_1_783' title='bbox 429 5228 614 5299; x_wconf 75' lang='grc' dir='ltr'><strong>δείξω.</strong></span> <span class='ocrx_word' id='word_1_784' title='bbox 661 5229 925 5294; x_wconf 84' lang='grc' dir='ltr'><strong>’Δναστὰς</strong></span> <span class='ocrx_word' id='word_1_785' title='bbox 962 5229 1020 5284; x_wconf 72' lang='grc' dir='ltr'><strong>δι</strong></span> <span class='ocrx_word' id='word_1_786' title='bbox 1041 5228 1210 5303; x_wconf 70' lang='grc' dir='ltr'><strong>πρωῒ,</strong></span> <span class='ocrx_word' id='word_1_787' title='bbox 1242 5229 1478 5296; x_wconf 66' lang='grc' dir='ltr'><strong>ἐπέσαξε</strong></span> <span class='ocrx_word' id='word_1_788' title='bbox 1511 5231 1613 5304; x_wconf 74' lang='grc' dir='ltr'><strong>τὴν</strong></span> <span class='ocrx_word' id='word_1_789' title='bbox 1645 5231 1767 5286; x_wconf 78' lang='grc' dir='ltr'><strong>δνον</strong></span> <span class='ocrx_word' id='word_1_790' title='bbox 1790 5231 1892 5286; x_wconf 83' lang='grc' dir='ltr'><strong>αύ-</strong></span> 
     </span>
    </p>
   </div>
   <div class='ocr_carea' id='block_1_102' title="bbox 377 5380 1290 5451">
    <p class='ocr_par' dir='ltr' id='par_1_102' title="bbox 377 5380 1290 5451">
     <span class='ocr_line' id='line_1_102' title="bbox 377 5380 1290 5451; baseline -0.003 -11"><span class='ocrx_word' id='word_1_791' title='bbox 377 5382 425 5416; x_wconf 78' lang='lat'>“</span> <span class='ocrx_word' id='word_1_792' title='bbox 449 5381 612 5440; x_wconf 74' lang='grc' dir='ltr'><strong>ιιοω.</strong></span> <span class='ocrx_word' id='word_1_793' title='bbox 649 5397 724 5448; x_wconf 81' lang='lat' dir='ltr'><strong>v1,</strong></span> <span class='ocrx_word' id='word_1_794' title='bbox 753 5381 806 5438; x_wconf 71' lang='grc' dir='ltr'><strong>ὃ.</strong></span> <span class='ocrx_word' id='word_1_795' title='bbox 882 5380 929 5414; x_wconf 70' lang='grc'>⁸⁸</span> <span class='ocrx_word' id='word_1_796' title='bbox 960 5381 1126 5440; x_wconf 80' lang='lat' dir='ltr'><strong>Hebr.</strong></span> <span class='ocrx_word' id='word_1_797' title='bbox 1154 5401 1212 5451; x_wconf 88' lang='lat' dir='ltr'><strong>x,</strong></span> <span class='ocrx_word' id='word_1_798' title='bbox 1240 5384 1290 5438; x_wconf 86' lang='lat' dir='ltr'><strong>l.</strong></span> 
     </span>
    </p>
   </div>
   <div class='ocr_carea' id='block_1_103' title="bbox 1993 4583 3587 4648">
    <p class='ocr_par' dir='ltr' id='par_1_103' title="bbox 1993 4583 3587 4648">
     <span class='ocr_line' id='line_1_103' title="bbox 1993 4583 3587 4648; baseline -0.004 -5"><span class='ocrx_word' id='word_1_799' title='bbox 1993 4603 2106 4644; x_wconf 86' lang='lat' dir='ltr'><strong>non</strong></span> <span class='ocrx_word' id='word_1_800' title='bbox 2126 4587 2395 4643; x_wconf 80' lang='lat' dir='ltr'><strong>excedere</strong></span> <span class='ocrx_word' id='word_1_801' title='bbox 2425 4594 2857 4642; x_wconf 87' lang='lat' dir='ltr'><strong>consentaneam</strong></span> <span class='ocrx_word' id='word_1_802' title='bbox 2878 4585 3155 4640; x_wconf 88' lang='lat' dir='ltr'><strong>rationem</strong></span> <span class='ocrx_word' id='word_1_803' title='bbox 3181 4583 3587 4648; x_wconf 87' lang='lat' dir='ltr'><strong>demonstrem,</strong></span> 
     </span>
    </p>
   </div>
   <div class='ocr_carea' id='block_1_104' title="bbox 1994 4673 3590 4751">
    <p class='ocr_par' dir='ltr' id='par_1_104' title="bbox 1994 4673 3590 4751">
     <span class='ocr_line' id='line_1_104' title="bbox 1994 4673 3590 4751; baseline -0.004 -13"><span class='ocrx_word' id='word_1_804' title='bbox 1994 4681 2237 4738; x_wconf 84' lang='lat' dir='ltr'><strong>arbitror</strong></span> <span class='ocrx_word' id='word_1_805' title='bbox 2253 4681 2414 4737; x_wconf 89' lang='lat' dir='ltr'><strong>aliam</strong></span> <span class='ocrx_word' id='word_1_806' title='bbox 2428 4694 2650 4751; x_wconf 90' lang='lat' dir='ltr'><strong>quoque</strong></span> <span class='ocrx_word' id='word_1_807' title='bbox 2665 4679 2964 4751; x_wconf 89' lang='lat' dir='ltr'><strong>imaginem</strong></span> <span class='ocrx_word' id='word_1_808' title='bbox 2982 4677 3050 4734; x_wconf 88' lang='lat' dir='ltr'><strong>iis</strong></span> <span class='ocrx_word' id='word_1_809' title='bbox 3067 4676 3135 4733; x_wconf 91' lang='lat' dir='ltr'><strong>de</strong></span> <span class='ocrx_word' id='word_1_810' title='bbox 3153 4673 3590 4748; x_wconf 83' lang='lat' dir='ltr'><strong>quibusloeutus</strong></span> 
     </span>
    </p>
   </div>
   <div class='ocr_carea' id='block_1_105' title="bbox 1995 4762 3592 4842">
    <p class='ocr_par' dir='ltr' id='par_1_105' title="bbox 1995 4762 3592 4842">
     <span class='ocr_line' id='line_1_105' title="bbox 1995 4762 3592 4842; baseline -0.008 -13"><span class='ocrx_word' id='word_1_811' title='bbox 1995 4788 2117 4829; x_wconf 91' lang='lat' dir='ltr'><strong>sum</strong></span> <span class='ocrx_word' id='word_1_812' title='bbox 2134 4772 2422 4835; x_wconf 86' lang='lat' dir='ltr'><strong>hactenus,</strong></span> <span class='ocrx_word' id='word_1_813' title='bbox 2451 4768 2819 4842; x_wconf 84' lang='lat' dir='ltr'><strong>adjiciendam</strong></span> <span class='ocrx_word' id='word_1_814' title='bbox 2837 4782 2982 4824; x_wconf 85' lang='lat' dir='ltr'><strong>esse.</strong></span> <span class='ocrx_word' id='word_1_815' title='bbox 3010 4764 3290 4837; x_wconf 84' lang='lat' dir='ltr'><strong>Scriptum</strong></span> <span class='ocrx_word' id='word_1_816' title='bbox 3303 4770 3387 4820; x_wconf 74' lang='lat' dir='ltr'><strong>est</strong></span> <span class='ocrx_word' id='word_1_817' title='bbox 3421 4762 3592 4835; x_wconf 89' lang='lat' dir='ltr'><strong>igitur</strong></span> 
     </span>
    </p>
   </div>
   <div class='ocr_carea' id='block_1_106' title="bbox 1995 4854 3592 4934">
    <p class='ocr_par' dir='ltr' id='par_1_106' title="bbox 1995 4854 3592 4934">
     <span class='ocr_line' id='line_1_106' title="bbox 1995 4854 3592 4934; baseline -0.006 -14"><span class='ocrx_word' id='word_1_818' title='bbox 1995 4865 2054 4921; x_wconf 89' lang='lat' dir='ltr'><strong>in</strong></span> <span class='ocrx_word' id='word_1_819' title='bbox 2079 4863 2225 4919; x_wconf 88' lang='lat' dir='ltr'><strong>libro</strong></span> <span class='ocrx_word' id='word_1_820' title='bbox 2246 4862 2314 4918; x_wconf 90' lang='lat' dir='ltr'><strong>de</strong></span> <span class='ocrx_word' id='word_1_821' title='bbox 2337 4863 2552 4934; x_wconf 85' lang='lat' dir='ltr'><strong>origine</strong></span> <span class='ocrx_word' id='word_1_822' title='bbox 2571 4861 2768 4918; x_wconf 88' lang='lat' dir='ltr'><strong>mundi</strong></span> <span class='ocrx_word' id='word_1_823' title='bbox 2792 4879 2804 4915; x_wconf 96' lang='lat'><strong>:</strong></span> <span class='ocrx_word' id='word_1_824' title='bbox 2839 4879 2858 4912; x_wconf 78' lang='grc' dir='ltr'><strong>ι</strong></span> <span class='ocrx_word' id='word_1_825' title='bbox 2880 4860 2950 4915; x_wconf 90' lang='lat' dir='ltr'><strong>Et</strong></span> <span class='ocrx_word' id='word_1_826' title='bbox 2977 4863 3188 4915; x_wconf 80' lang='lat' dir='ltr'><strong>factum</strong></span> <span class='ocrx_word' id='word_1_827' title='bbox 3215 4864 3301 4912; x_wconf 89' lang='lat' dir='ltr'><strong>est</strong></span> <span class='ocrx_word' id='word_1_828' title='bbox 3329 4863 3454 4927; x_wconf 88' lang='lat' dir='ltr'><strong>post</strong></span> <span class='ocrx_word' id='word_1_829' title='bbox 3473 4854 3592 4911; x_wconf 69' lang='lat' dir='ltr'><strong>hec</strong></span> 
     </span>
    </p>
   </div>
   <div class='ocr_carea' id='block_1_107' title="bbox 1997 4947 3589 5022">
    <p class='ocr_par' dir='ltr' id='par_1_107' title="bbox 1997 4947 3589 5022">
     <span class='ocr_line' id='line_1_107' title="bbox 1997 4947 3589 5022; baseline -0.008 -8"><span class='ocrx_word' id='word_1_830' title='bbox 1997 4957 2191 5022; x_wconf 89' lang='lat' dir='ltr'><strong>verba,</strong></span> <span class='ocrx_word' id='word_1_831' title='bbox 2215 4956 2452 5013; x_wconf 87' lang='lat' dir='ltr'><strong>tentavit</strong></span> <span class='ocrx_word' id='word_1_832' title='bbox 2479 4955 2627 5011; x_wconf 91' lang='lat' dir='ltr'><strong>Deus</strong></span> <span class='ocrx_word' id='word_1_833' title='bbox 2649 4953 2951 5014; x_wconf 79' lang='lat' dir='ltr'><strong>Abraham.</strong></span> <span class='ocrx_word' id='word_1_834' title='bbox 3015 4959 3074 5007; x_wconf 87' lang='lat' dir='ltr'><strong>et</strong></span> <span class='ocrx_word' id='word_1_835' title='bbox 3116 4949 3257 5007; x_wconf 91' lang='lat' dir='ltr'><strong>dixit</strong></span> <span class='ocrx_word' id='word_1_836' title='bbox 3313 4947 3383 5004; x_wconf 91' lang='lat' dir='ltr'><strong>ad</strong></span> <span class='ocrx_word' id='word_1_837' title='bbox 3424 4961 3589 5004; x_wconf 87' lang='lat' dir='ltr'><strong>eum:</strong></span> 
     </span>
    </p>
   </div>
   <div class='ocr_carea' id='block_1_108' title="bbox 1999 5038 3590 5113">
    <p class='ocr_par' dir='ltr' id='par_1_108' title="bbox 1999 5038 3590 5113">
     <span class='ocr_line' id='line_1_108' title="bbox 1999 5038 3590 5113; baseline -0.008 -9"><span class='ocrx_word' id='word_1_838' title='bbox 1999 5047 2302 5112; x_wconf 80' lang='lat' dir='ltr'><strong>Abraham,</strong></span> <span class='ocrx_word' id='word_1_839' title='bbox 2331 5046 2635 5104; x_wconf 81' lang='lat' dir='ltr'><strong>Abraham.</strong></span> <span class='ocrx_word' id='word_1_840' title='bbox 2671 5043 2743 5102; x_wconf 79' lang='lat' dir='ltr'><strong>At</strong></span> <span class='ocrx_word' id='word_1_841' title='bbox 2784 5044 2878 5100; x_wconf 88' lang='lat' dir='ltr'><strong>ille</strong></span> <span class='ocrx_word' id='word_1_842' title='bbox 2928 5040 3246 5113; x_wconf 88' lang='lat' dir='ltr'><strong>respondit:</strong></span> <span class='ocrx_word' id='word_1_843' title='bbox 3278 5038 3422 5094; x_wconf 84' lang='lat' dir='ltr'><strong>Ecce</strong></span> <span class='ocrx_word' id='word_1_844' title='bbox 3464 5049 3590 5107; x_wconf 88' lang='lat' dir='ltr'><strong>ego.</strong></span> 
     </span>
    </p>
   </div>
   <div class='ocr_carea' id='block_1_109' title="bbox 1998 5126 3593 5203">
    <p class='ocr_par' dir='ltr' id='par_1_109' title="bbox 1998 5126 3593 5203">
     <span class='ocr_line' id='line_1_109' title="bbox 1998 5126 3593 5203; baseline -0.009 -7"><span class='ocrx_word' id='word_1_845' title='bbox 1998 5141 2068 5196; x_wconf 86' lang='lat' dir='ltr'><strong>Et</strong></span> <span class='ocrx_word' id='word_1_846' title='bbox 2093 5139 2270 5196; x_wconf 90' lang='lat' dir='ltr'><strong>dixit:</strong></span> <span class='ocrx_word' id='word_1_847' title='bbox 2299 5139 2456 5196; x_wconf 82' lang='lat' dir='ltr'><strong>Tolle</strong></span> <span class='ocrx_word' id='word_1_848' title='bbox 2497 5137 2674 5193; x_wconf 77' lang='lat' dir='ltr'><strong>illium</strong></span> <span class='ocrx_word' id='word_1_849' title='bbox 2714 5145 2872 5192; x_wconf 92' lang='lat' dir='ltr'><strong>tuum</strong></span> <span class='ocrx_word' id='word_1_850' title='bbox 2909 5134 3179 5190; x_wconf 90' lang='lat' dir='ltr'><strong>dilectum</strong></span> <span class='ocrx_word' id='word_1_851' title='bbox 3230 5145 3395 5203; x_wconf 89' lang='lat' dir='ltr'><strong>quem</strong></span> <span class='ocrx_word' id='word_1_852' title='bbox 3449 5126 3593 5183; x_wconf 86' lang='lat' dir='ltr'><strong>dile-</strong></span> 
     </span>
    </p>
   </div>
   <div class='ocr_carea' id='block_1_110' title="bbox 1999 5216 3591 5298">
    <p class='ocr_par' dir='ltr' id='par_1_110' title="bbox 1999 5216 3591 5298">
     <span class='ocr_line' id='line_1_110' title="bbox 1999 5216 3591 5298; baseline -0.008 -11"><span class='ocrx_word' id='word_1_853' title='bbox 1999 5232 2126 5287; x_wconf 86' lang='lat' dir='ltr'><strong>xisti</strong></span> <span class='ocrx_word' id='word_1_854' title='bbox 2149 5232 2318 5298; x_wconf 89' lang='lat' dir='ltr'><strong>Isaac,</strong></span> <span class='ocrx_word' id='word_1_855' title='bbox 2344 5239 2402 5287; x_wconf 88' lang='lat' dir='ltr'><strong>et</strong></span> <span class='ocrx_word' id='word_1_856' title='bbox 2436 5231 2575 5287; x_wconf 80' lang='lat' dir='ltr'><strong>vade</strong></span> <span class='ocrx_word' id='word_1_857' title='bbox 2599 5231 2658 5285; x_wconf 87' lang='lat' dir='ltr'><strong>in</strong></span> <span class='ocrx_word' id='word_1_858' title='bbox 2705 5239 2911 5285; x_wconf 84' lang='lat' dir='ltr'><strong>terram</strong></span> <span class='ocrx_word' id='word_1_859' title='bbox 2957 5225 3275 5290; x_wconf 87' lang='lat' dir='ltr'><strong>sublimem,</strong></span> <span class='ocrx_word' id='word_1_860' title='bbox 3303 5230 3471 5293; x_wconf 86' lang='lat' dir='ltr'><strong>atque</strong></span> <span class='ocrx_word' id='word_1_861' title='bbox 3513 5216 3591 5275; x_wconf 80' lang='lat' dir='ltr'><strong>ibi</strong></span> 
     </span>
    </p>
   </div>
   <div class='ocr_carea' id='block_1_111' title="bbox 1410 5503 2508 5576">
    <p class='ocr_par' dir='ltr' id='par_1_111' title="bbox 1410 5503 2508 5576">
     <span class='ocr_line' id='line_1_111' title="bbox 1410 5503 2508 5576; baseline 0 -19"><span class='ocrx_word' id='word_1_862' title='bbox 1410 5504 1584 5560; x_wconf 68' lang='lat' dir='ltr'><strong>Varia:</strong></span> <span class='ocrx_word' id='word_1_863' title='bbox 1613 5503 1882 5561; x_wconf 85' lang='lat' dir='ltr'><strong>lectiones</strong></span> <span class='ocrx_word' id='word_1_864' title='bbox 1907 5505 2117 5561; x_wconf 88' lang='lat' dir='ltr'><strong>codicis</strong></span> <span class='ocrx_word' id='word_1_865' title='bbox 2141 5503 2508 5576; x_wconf 85' lang='lat' dir='ltr'><strong>Seguieriani.</strong></span> 
     </span>
    </p>
   </div>
   <div class='ocr_carea' id='block_1_112' title="bbox 732 5615 1210 5690">
    <p class='ocr_par' dir='ltr' id='par_1_112' title="bbox 732 5615 1210 5690">
     <span class='ocr_line' id='line_1_112' title="bbox 732 5615 1210 5690; baseline 0.004 -21"><span class='ocrx_word' id='word_1_866' title='bbox 732 5621 761 5663; x_wconf 74' lang='grc'><strong><em>1</em></strong></span> <span class='ocrx_word' id='word_1_867' title='bbox 785 5615 1210 5690; x_wconf 70' lang='grc' dir='ltr'><strong>ιπεισφορήσας.</strong></span> 
     </span>
    </p>
   </div>
   <div class='ocr_carea' id='block_1_113' title="bbox 398 5795 866 5881">
    <p class='ocr_par' dir='ltr' id='par_1_113' title="bbox 398 5795 866 5881">
     <span class='ocr_line' id='line_1_113' title="bbox 398 5795 866 5881; baseline 0.004 -27"><span class='ocrx_word' id='word_1_868' title='bbox 398 5795 476 5873; x_wconf 83' lang='grc' dir='ltr'><strong>(Ι)</strong></span> <span class='ocrx_word' id='word_1_869' title='bbox 507 5798 866 5881; x_wconf 68' lang='lat' dir='ltr'><strong>Diﬁerentiis.</strong></span> 
     </span>
    </p>
   </div>
   <div class='ocr_carea' id='block_1_114' title="bbox 1882 5706 2109 5765">
    <p class='ocr_par' dir='ltr' id='par_1_114' title="bbox 1882 5706 2109 5765">
     <span class='ocr_line' id='line_1_114' title="bbox 1882 5706 2109 5765; baseline -0.009 -1"><span class='ocrx_word' id='word_1_870' title='bbox 1882 5706 2109 5765; x_wconf 64' lang='lat' dir='ltr'><strong>NOTAE.</strong></span> 
     </span>
    </p>
   </div>
  </div>
