4126 6314
610 351 716 408 ﬁli)

1609 357 1665 413 S.
1705 359 1977 414 CYRILIJ
2017 350 2483 412 ALEXANDRINI
2521 351 2836 408 ARCHHSP.

3758 335 3867 389 3‘20

607 465 808 522 offeres
835 482 963 522 eum
990 468 1045 523 in
1072 468 1454 524 holocaustum
1487 485 1652 540 super
1707 485 1878 524 unum
1921 471 2175 524 montiun'

2295 461 2419 516 τοῦο
2455 458 2730 535 παρέλαϐε
2751 460 2806 513 δὲ
2833 457 2954 529 μεθ’
2976 454 3169 510 ἑαυτοῦ
3199 453 3291 508 δύο
3313 451 3526 515 παῖδας,
3551 451 3644 502 καὶ
3678 449 3868 505 Ἰσαάκ

608 572 773 626 quem
806 569 1189 615 monstravere
1207 559 1328 614 tibi.
1360 558 1601 632 Surgens
1631 559 1815 629 itaque
1833 576 2014 626 mane,
2041 568 2185 614 stra-

609 650 689 704 vit
719 651 927 706 asinam
950 666 1139 717 suam;
1165 652 1507 722 sumpsitque
1537 667 1722 707 secum
1746 651 1885 707 duos
1929 653 2198 715 famulos,.

607 739 839 794 ctlsaac
873 741 1048 795 ﬁlium
1068 740 1516 811 suum.Cumque
1557 742 1891 799 concidisset
1937 744 2085 814 ligna
2128 743 2184 796 in

609 829 1011 897 holocaustum,
1054 847 1284 902 surgens
1308 832 1443 886 abiit
1481 833 1548 888 ad
1601 835 1783 889 locum
1819 851 1983 905 quem
2028 835 2184 889 dixe-

610 930 692 973 rat
716 921 764 974 ei
793 922 954 982 Deus,
988 920 1075 975 die
1101 924 1279 976 tertia.
1307 925 1374 978 Et
1396 924 1694 993 respiciens
1711 923 1990 980 Abraham
2012 926 2184 980 oculis

606 1008 741 1070 suis,
798 1007 937 1062 vidit
980 1008 1162 1063 locum
1207 1026 1237 1064 a
1284 1011 1477 1082 longe:
1505 1007 1753 1082 dixitque
1796 1014 2070 1069 Abraham
2114 1013 2182 1068 ad

609 1111 809 1166 pueros
834 1112 991 1151 suos:
1028 1097 1227 1152 Sedete
1257 1098 1350 1154 hic
1395 1116 1522 1154 cum
1555 1101 1744 1155 asina:
1775 1116 1877 1171 ego
1912 1112 2094 1156 autem
2128 1109 2184 1156 et

610 1203 744 1252 puer
769 1189 1125 1243 transibimus
1149 1206 1322 1260 usque
1339 1191 1489 1255 illuc,
1520 1202 1576 1246 et
1596 1207 1722 1247 cum
1751 1193 2179 1258 adoraverimus,

612 1287 949 1334 revertemur
981 1281 1048 1334 ad
1080 1297 1198 1335 vos.
1233 1283 1381 1336 Tulit
1428 1293 1612 1338 autem
1662 1285 1810 1355 ligna
1856 1285 2178 1350 bolocausti,

603 1378 660 1422 et
688 1368 949 1439 imposuit
970 1387 1138 1442 super
1158 1374 1310 1427 Isaac
1335 1374 1508 1427 (ilium
1559 1391 1739 1429 suum.
1773 1376 2016 1445 Sumpsit
2053 1391 2182 1430 vero

604 1461 662 1514 in
689 1461 944 1516 manibus
967 1470 1024 1516 et
1049 1463 1227 1533 ignem
1279 1472 1335 1518 et
1388 1465 1666 1534 gladium;
1721 1475 1775 1519 et
1820 1475 2184 1535 perrexerunt

602 1551 765 1606 ambo
800 1553 962 1608 simul
990 1555 1052 1607 ".
1082 1574 1099 1605 ι
1136 1555 1205 1610 Ει
1233 1566 1355 1625 post
1376 1557 1508 1610 alia:
1561 1577 1576 1606 ι
1604 1558 1668 1610 Et
1691 1557 1981 1612 aediﬁcavit
2006 1559 2181 1613 Abra-

603 1644 731 1698 ham
753 1645 808 1698 in
836 1660 904 1699 eo
935 1645 1056 1699 loco
1101 1646 1291 1709 altare,
1326 1654 1382 1699 et
1428 1647 1689 1717 imposuit
1737 1651 1899 1721 ligna.
1928 1652 2179 1723 Cumque

601 1741 878 1811 alligasset
911 1739 1059 1793 Isaac
1088 1739 1256 1792 filium
1301 1755 1482 1804 suum,
1527 1744 1712 1811 posuit
1751 1759 1877 1798 eum
1926 1745 1982 1798 in
2019 1746 2176 1800 altari

2290 556 2382 609 τὸν
2417 556 2531 610 υἱὸν
2569 553 2754 609 αὑτοῦ.
2791 551 2902 606 Καὶ
2941 551 3132 620 σχίσας
3163 547 3294 612 ξύλα
3339 545 3418 609 εἰς
3463 543 3866 614 ὀλοκάρπωσιν,

2291 646 2528 710 ἀναστὰς
2556 643 2828 716 ἐπορεύθη
2851 660 2864 675 ·
2886 641 2983 695 καὶ
3009 636 3172 712 ἦλθεν
3196 636 3289 691 ἐπὶ
3307 637 3396 689 τὸν
3411 636 3594 701 τόπον,
3622 634 3681 686 ὃν
3710 629 3867 686 εἶπεν

2288 737 2439 808 αὐτῷ
2476 739 2504 791 ὁ
2540 735 2691 801 Θεὸς,
2736 737 2804 806 τῇ
2844 733 3030 803 ἡμέρᾳ
3071 734 3135 802 τῇ
3186 729 3364 804 τρίτῃ.
3414 728 3525 782 Καὶ
3557 725 3868 794 ἀναϐλέψας

2301 828 2552 902 Ἀϐραὰμ
2595 831 2708 890 τοῖς
2735 826 3063 896 ὀφθαλμοῖς,
3098 820 3206 877 εἶδε
3243 822 3336 876 τὸν
3368 819 3533 873 τόπον
3565 819 3864 889 μακρόθεν.

2288 920 2382 973 καὶ
2431 916 2584 974 εἷπεν
2645 919 2893 990 Ἀϐραὰμ
2943 918 3057 979 τοῖς
3109 915 3300 969 παισὶν
3343 911 3542 967 αὐτοῦ·
3585 910 3865 964 Καθίσατε

2285 1009 2452 1062 αὑτοῦ
2483 1008 2621 1079 μετά
2653 1007 2750 1077 τῆς
2778 1005 2923 1070 δνου,
2956 1003 3068 1072 ἐγὼ
3101 1002 3158 1055 δὲ
3207 1002 3302 1056 καὶ
3334 999 3395 1054 τὸ
3451 996 3738 1066 παιδάριον
3783 994 3865 1046 δι-

2285 1098 2615 1172 ελευσόμεθα
2635 1099 2742 1163 ἓως
2759 1093 2883 1163 ὧδε,
2907 1095 3000 1150 καὶ
3023 1093 3499 1163 προσκυνήσαντες
3529 1085 3866 1157 ἀναστρέψο-

2288 1209 2389 1262 μεν
2420 1191 2556 1262 πρὸς
2585 1192 2752 1261 ὑμᾶς.
2788 1187 2989 1242 Ἐλαϐε
3017 1185 3076 1240 δὲ
3118 1185 3188 1238 τά
3231 1184 3363 1249 ξύλα
3408 1181 3509 1251 τῆς
3553 1175 3867 1248 ὁλοκαρπώ-

2287 1301 2443 1348 σεως,
2479 1285 2573 1337 καὶ
2609 1282 2878 1353 ἐπέθηκεν
2919 1278 3102 1333 Ἰσαὰκ
3124 1276 3204 1347 τῷ
3233 1276 3335 1346 υἱῷ
3359 1269 3545 1328 αὑτοῦ.
3580 1269 3778 1324 Ἐῖιαϐε
3799 1267 3862 1323 δὲ

2289 1376 2425 1445 μετά
2454 1377 2643 1445 χεῖρας
2668 1375 2728 1426 τὸ
2760 1373 2891 1442 πῦρ,
2923 1372 3017 1424 καὶ
3049 1369 3147 1440 τὴν
3175 1370 3480 1439 μάχαιραν·
3517 1360 3862 1432 καὶέπορεύ-

2287 1469 2458 1538 θησαν
2494 1470 2542 1520 οἰ
2572 1467 2666 1520 δύο
2699 1467 2838 1535 ἅμα.
2873 1484 2892 1517 ι
2940 1464 3050 1519 Καὶ
3085 1461 3202 1532 μεθ’
3231 1460 3429 1532 ἔτερα·
3469 1478 3488 1511 ι
3529 1457 3640 1511 Καὶ
3660 1453 3864 1526 ᾠκοδόο

2237 1591 2240 1593 λ
2287 1577 2459 1630 μησεν
2497 1557 2749 1631 Ἀϐραὰμ
2770 1561 2951 1611 ἐκεῖσε
2983 1554 3385 1623 θυσιαστήριον,
3409 1551 3501 1604 καὶ
3524 1548 3759 1618 ἐπέθηκε
3787 1545 3864 1598 τά

2287 1653 2435 1718 ξύλα.
2469 1653 2577 1706 Καὶ
2623 1650 2961 1720 συμποδίσας
2999 1645 3184 1701 ’ῐσαάκ
3221 1644 3312 1698 τὸν
3361 1643 3477 1696 υἱὸν
3523 1639 3710 1705 αὑτοῦ,
3757 1641 3862 1692 ἐπ-

2286 1746 2479 1815 έθηκεν
2508 1742 2668 1798 αὑτὸν
2693 1743 2788 1794 ἐπὶ
2817 1741 2876 1793 τὸ
2907 1738 3289 1808 θυσιαστήριον
3316 1735 3500 1788 ἐπάνω
3527 1733 3634 1786 τῶν
3661 1731 3856 1797 ξύλων.

601 1806 768 1902 super
794 1840 998 1886 struem
1024 1831 1314 1900 lignorum.
1354 1833 1421 1886 Et
1453 1806 1699 1892 extendit
1739 1835 2012 1890 Abraham
2060 1853 2175 1892 ma-

2286 1806 2395 1891 Καλ⁸
2420 1836 2683 1900 ἐξέτεινεν
2727 1831 2986 1902 Ἀϐραὰμ
3022 1831 3122 1900 τὴν
3157 1806 3315 1898 χεῖρα
3341 1823 3509 1878 αὑτοῦ
3547 1822 3729 1876 λαϐεῖν
3757 1819 3860 1892 τὴν

601 1938 732 1978 num
761 1938 914 1978 suam
946 1933 1006 1977 ut
1030 1923 1303 1993 arriperet
1348 1925 1609 1995 gladium.
1658 1936 1721 1980 ut
1772 1927 2078 1983 immolaret
2112 1929 2179 1984 ti-

601 2015 734 2074 lium
801 2030 958 2069 suum
986 2015 1052 2068 ²⁶.
1080 2034 1097 2066 ι
1159 2014 1276 2069 Jam
1312 2016 1357 2070 si
1410 2017 1682 2087 quispiam
1721 2033 1788 2072 ex
1826 2018 1984 2073 nobis
2037 2020 2180 2075 hanc

597 2106 832 2161 Abrahae
884 2106 1176 2160 historiam
1225 2107 1282 2160 in
1349 2107 1546 2161 tabella
1598 2108 1834 2178 quadam
1901 2108 2176 2178 depictam

594 2211 827 2252 cernere
858 2197 1011 2260 velit,
1045 2212 1179 2264 quo,
1211 2212 1415 2266 quasso,
1462 2196 1624 2251 modo
1647 2198 1824 2267 pictor
1857 2197 2179 2268 depingeret

597 2287 787 2341 illum?
811 2285 1073 2356 Nunquid
1102 2288 1267 2342 simul
1298 2286 1604 2341 delineanit
1650 2287 1945 2344 facientem
1972 2306 2037 2345 ea
2053 2306 2176 2345 om-

601 2377 691 2432 nia
730 2393 851 2447 qua:
868 2377 978 2448 jam
1001 2377 1145 2430 diota
1169 2385 1327 2442 sunt;
1381 2392 1449 2431 an
1496 2393 1626 2432 vero
1673 2393 1772 2447 per
1802 2387 1988 2448 partes
2014 2381 2178 2436 aliter

595 2474 654 2519 ct
679 2466 858 2530 aliter,
891 2467 996 2521 hoc
1029 2475 1133 2530 est,
1180 2467 1287 2520 alia
1310 2474 1367 2521 et
1398 2467 1504 2521 alia
1525 2467 1702 2522 forma
1727 2469 1984 2525 eumdem
2004 2486 2176 2541 saepe-

595 2572 830 2613 numero
886 2557 1180 2629 depinget?
1220 2558 1470 2628 Exempli
1519 2574 1708 2614 causa:
1758 2560 1921 2615 modo
1953 2562 2176 2631 quidem

592 2643 782 2708 asinae,
831 2661 1004 2715 puero
1053 2654 1356 2716 assumpto,
1406 2647 1736 2720 famulisque
1779 2653 2171 2720 sequentibus,

596 2735 928 2792 insidentem
953 2755 967 2803 ;
999 2739 1162 2793 modo
1190 2755 1430 2805 rursum,
1453 2741 1607 2796 asina
1639 2757 1766 2796 cum
1788 2742 2009 2799 famulis
2036 2746 2176 2801 infra

595 2827 649 2883 in
676 2830 1074 2900 campestribus
1106 2831 1334 2896 relictis,
1382 2832 1528 2903 ligna
1579 2833 1730 2889 Isaac
1779 2836 2173 2906 imponentem,

594 2921 957 2990 manibusque
992 2922 1233 2992 gladium
1278 2930 1333 2977 ct
1388 2923 1570 2994 ignem
1621 2933 1961 2994 gestantem:
2013 2930 2176 2984 modo

593 3011 816 3068 tandem
842 3013 1096 3068 eumdem
1122 3016 1278 3070 illum
1303 3016 1581 3071 Abraham
1608 3017 1716 3071 alia
1745 3034 1968 3073 rursum
1999 3020 2173 3091 ﬁgura

2289 1928 2560 1998 μάχαιραν
2592 1924 2686 1978 τοῦ
2727 1923 2929 1993 σφάξαι
2967 1921 3060 1974 τὸν
3099 1918 3212 1971 υἱὸν
3258 1913 3444 1970 αὐτοῦ.
3509 1931 3527 1964 ι
3567 1908 3694 1983 'Ap'
3740 1904 3862 1972 οὖν,

2282 2019 2442 2090 εἴπερ
2479 2036 2563 2082 τις
2588 2015 2697 2070 τῶν
2731 2015 2853 2069 καθ’
2881 2015 3029 2085 ἡμᾶς
3075 2008 3426 2078 ἐπεθύμησεν
3457 2003 3584 2058 ἰδεῖν
3618 2015 3863 2070 καταγι-

2282 2109 2611 2181 γραμμένην
2638 2108 2696 2161 tv
2725 2107 2914 2172 πίνακι
2939 2103 3037 2175 τήν
3065 2101 3158 2156 ἐπὶ
3182 2100 3261 2171 τῷ
3302 2096 3555 2170 Ἀϐραὰμ
3594 2094 3860 2165 ἱστορίαν,

2282 2202 2399 2264 πῶς
2434 2201 2500 2255 ἂν
2547 2200 2710 2254 αὑτὸν
2756 2195 3026 2268 ἐχάραξεν
3075 2196 3102 2248 ό
3130 2190 3454 2261 ζωγράφος;
3489 2182 3638 2258 ’Δρα
3680 2187 3738 2238 ἐν
3778 2182 3864 2237 ἐνὶ

2283 2295 2458 2348 πάντα
2491 2291 2705 2363 δρῶντα
2736 2290 2804 2344 τὰ
2846 2285 3138 2360 εἰρημένα,
3181 2285 3215 2354 ἢ
3244 2283 3348 2338 ἀνά
3391 2281 3576 2352 μέρος,
3612 2278 3707 2332 καὶ
3738 2276 3862 2329 tn-

2281 2384 2465 2456 ροίως,
2521 2385 2688 2452 ἤγουν
2738 2378 3078 2451 ἐτεροειδῶς,
3131 2370 3460 2442 πλεισταχοῦ
3508 2369 3602 2422 τὸν
3649 2366 3860 2432 αὑτόνς

2279 2468 2403 2527 Οἷόν
2429 2472 2482 2526 τί
2511 2489 2675 2543 φημι,
2705 2471 2838 2524 ποτέ
2872 2470 2970 2539 μὲν
2999 2467 3336 2538 ἐφιζήσαντα
3373 2467 3438 2535 τῇ
3471 2463 3598 2532 ὃνῳ,
3640 2475 3867 2544 συμπα-

2283 2565 2652 2636 ραληφθέντος
2671 2563 2764 2617 τοῦ
2792 2561 3108 2632 παιδαρίου,
3134 2559 3230 2613 καὶ
3264 2556 3546 2627 ἑπομένων
3573 2553 3682 2607 τῶν
3709 2552 3863 2605 οἰκε-

2276 2657 2418 2710 τῶν·
2453 2657 2583 2710 ποτὲ
2611 2655 2656 2709 δ’
2686 2650 2753 2708 αὗ
2786 2654 2949 2708 πάλιν
3001 2650 3376 2721 άπομεινάσης
3421 2646 3522 2717 τῆς
3552 2645 3676 2698 ὄνου
3707 2643 3867 2698 κάτω

2276 2751 2389 2814 τοῖς
2423 2748 2663 2812 οἰκέταις
2691 2746 2850 2818 ὁμοῦ,
2885 2743 3366 2815 καταφορτίσαντα
3414 2741 3512 2811 μὲν
3539 2741 3654 2802 τοῖς
3680 2735 3863 2802 ξύλοις

2278 2840 2370 2895 τὸν
2416 2841 2626 2907 Ἰσαὰκ,
2651 2840 2842 2909 ἔχοντα
2869 2838 2926 2891 δέ
2960 2837 3098 2907 μετά
3120 2836 3312 2907 χεῖρας
3334 2833 3435 2903 τὴν
3463 2831 3738 2902 μάχαιραν
3762 2829 3865 2883 καὶ

2279 2930 2338 2983 τὸ
2357 2929 2468 3002 πῦρ
2489 2947 2500 2958 ·
2529 2932 2622 2983 καὶ
2639 2929 2744 2999 μὴν
2767 2927 2865 2981 καὶ
2893 2925 3120 2996 ἑτέρωθι
3149 2924 3242 2977 τὸν
3275 2923 3435 2976 αὐτὸν
3459 2924 3516 2975 tv
3542 2920 3670 2974 εἴδει
3695 2920 3866 2976 πάλιν

2279 3022 2454 3094 ἑτέρῳ
2496 3020 2906 3091 συμποδίσαντα
2939 3018 3037 3088 μὲν
3069 3015 3131 3070 τὸ
3163 3014 3452 3086 μειράκιον
3477 3013 3573 3066 ἐπὶ
3599 3011 3669 3068 τὰ
3703 3011 3860 3078 Eua,

591 3105 1066 3161 adolescentulum
1102 3123 1268 3177 supra
1308 3108 1583 3179 lignorum
1626 3119 1836 3166 struem
1888 3112 2169 3184 ligantem,

2279 3114 2577 3169 ὁπλίσαντα
2625 3111 2682 3168 δὲ
2726 3115 2792 3184 τῇ
2830 3109 3077 3201 μαχαίρᾳ
3107 3111 3206 3180 τὴν
3237 3107 3438 3175 δεξιὰν,
3475 3107 3563 3161 ἵνα
3602 3106 3862 3201 ἐπαγάγῃ

593 3198 882 3268 gladioque
895 3199 1174 3253 dexteram
1197 3200 1264 3255 'ad
1282 3200 1630 3256 mactandum
1649 3213 1951 3258 armantem
1972 3205 1994 3257 ?
2015 3206 2170 3275 132

591 3289 758 3359 Atqui
785 3304 893 3343 non
915 3291 1189 3346 eratalius
1214 3300 1376 3361 atque
1402 3292 1542 3347 alius
1579 3294 1874 3360 Abraham,
1899 3295 2025 3351 licet
2067 3298 2168 3352 alia

591 3391 647 3436 et
676 3381 780 3436 alia
818 3379 990 3452 eﬂigie
1018 3391 1073 3436 et
1096 3383 1375 3438 schemate
1423 3385 1660 3440 subinde
1708 3397 2020 3456 spectetur;
2075 3387 2171 3443 sed

593 3471 796 3542 ubique
835 3472 1002 3536 idem,
1025 3474 1253 3542 pictoris
1281 3485 1396 3530 arte
1427 3493 1608 3531 rerum
1640 3478 1832 3533 usibus
1857 3480 2062 3550 ubique
2114 3497 2171 3536 se

588 3562 1062 3618 accommodante.
1086 3565 1272 3634 Neque
1306 3568 1452 3620 enim
1480 3585 1578 3638 par
1611 3578 1749 3634 erat,
1775 3581 1872 3627 aut
1922 3572 2041 3627 ﬁeri
2068 3589 2170 3644 po-

595 3661 757 3719 terat,
780 3662 841 3708 ut
878 3657 1061 3710 omnia
1100 3657 1216 3711 haec
1248 3674 1369 3728 quae
1409 3659 1554 3715 dicta
1612 3671 1757 3727 sunt,
1793 3664 1958 3719 simul
2013 3666 2171 3722 obire

591 3745 996 3802 ostenderetur.
1024 3749 1153 3802 Erat
1187 3749 1369 3818 itaque
1415 3751 1502 3805 lex
1543 3753 1757 3821 pictura
1784 3756 2053 3824 quaedam,
2109 3773 2173 3813 ac

596 3851 780 3891 rerum
808 3838 948 3909 typis
981 3839 1267 3894 veritatem
1293 3848 1452 3896 utero
1481 3852 1719 3912 gestans.
1759 3843 2020 3910 Quamvis
2039 3863 2169 3918 ergo

594 3943 730 3982 usus
750 3929 1066 3999 postulabat
1089 3937 1151 3984 ut
1192 3930 1303 3986 duo
1343 3931 1480 3987 hirci
1508 3933 1702 3988 acduo
1754 3934 1945 3989 itidem
1982 3952 2169 4006 passe-

594 4032 686 4073 res
707 4017 775 4071 ad
798 4020 1216 4088 exprimendum
1241 4022 1447 4083 Christi
1473 4025 1794 4095 mysterium
1826 4025 2167 4083 induceren-

594 4118 707 4173 tur,
730 4125 873 4164 unus
905 4119 1082 4166 tamen
1109 4113 1164 4167 in
1191 4115 1440 4184 utrisque
1472 4115 1727 4171 Christus
1753 4120 2164 4186 continebatur,

595 4201 727 4257 hinc
749 4202 971 4272 quidem
1019 4213 1080 4259 ut
1118 4206 1358 4275 passioni
1406 4207 1729 4273 obstrictus,
1787 4210 1916 4265 inde
1951 4228 2080 4266 vero
2107 4220 2169 4266 ut

591 4302 748 4349 extra
784 4297 1092 4365 passionem
1141 4299 1502 4353 constitutus:
1561 4300 1691 4355 hinc
1739 4318 1956 4357 rursum
2005 4303 2169 4357 morti

596 4385 897 4456 subjectus,
926 4388 1053 4443 inde
1082 4405 1215 4445 vero
1248 4399 1424 4445 morte
1454 4392 1706 4461 superior
1736 4394 2011 4462 coelosque
2033 4410 2168 4448 con-

2277 3209 2377 3278 τήν
2392 3209 2640 3279 σφαγήν;
2673 3205 2812 3258 Ἀλλ’
2828 3200 2898 3276 ἦν
2913 3205 3011 3274 ούχ
3036 3204 3244 3274 ἕτερος,
3261 3202 3356 3255 καὶ
3369 3201 3456 3255 tes
3465 3218 3557 3271 ρος
3583 3198 3861 3273 Ἀϐραὰμ,

2279 3297 2603 3370 πλεισταχοῦ
2641 3297 2740 3368 τῆς
2785 3295 3009 3368 γραφῆς
3041 3294 3320 3366 ὁρώμενος
3369 3291 3624 3363 ἐτεροίως
3644 3309 3658 3322 ο
3687 3291 3803 3346 ἀλλ’
3827 3293 3864 3347 6

2278 3391 2440 3455 αὐτὸς
2459 3387 2754 3459 πανταχοῦ,
2768 3389 2889 3450 ταῖς
2903 3384 3012 3440 τῶν
3030 3383 3372 3456 πραγμάτων
3386 3381 3596 3454 χρείαις
3619 3379 3866 3449 συγκαθ-

2281 3481 2576 3553 ισταμένης
2620 3479 2709 3532 ἀεὶ⁸
2738 3481 2838 3549 τῆς
2884 3475 2978 3530 τοῦ
3022 3475 3330 3545 γράφοντος
3367 3472 3591 3545 τέχνης.
3642 3473 3719 3528 Οὐ
3747 3472 3865 3545 γὰρ

2275 3571 2344 3646 ἦν
2373 3573 2539 3638 εἰκὸς,
2582 3573 2751 3642 ήγουν
2786 3580 2808 3608 ι
2841 3569 2951 3623 τῶν
2995 3567 3379 3639 ἐνδεχομένων,
3411 3568 3470 3620 ἐν
3508 3567 3590 3620 ἐνὶ
3619 3564 3865 3621 κατιδεῖν

2279 3665 2438 3720 αὐτὸν
2464 3664 2642 3718 πάντα
2665 3661 2879 3733 δρῶντα
2905 3660 2975 3714 τά
3005 3659 3292 3731 εἰρημένα.
3339 3657 3532 3729 Γραφὴ
3567 3654 3862 3728 τοιγαροῦν

2277 3759 2306 3810 ὁ
2350 3757 2512 3827 νόμος
2541 3750 2631 3826 ἦν,
2663 3755 2759 3808 καὶ
2791 3752 2951 3806 τύποι
2991 3750 3336 3823 πραγμάτων
3365 3762 3414 3815 ι,
3447 3748 3733 3813 ὡδίνοντες
3756 3747 3863 3820 τὴν

2277 3850 2554 3922 ἀλήθειαν.
2588 3847 2754 3901 ’Ὥστε
2786 3845 2891 3900 κᾶν
2919 3846 2970 3899 εἰ
2995 3844 3090 3899 δύο
3113 3844 3144 3884 1³
3185 3844 3460 3915 χιμάρους
3484 3841 3864 3912 παρεκόμισεν

2279 3940 2500 4012 ήχρεία
2527 3936 2664 4009 πρὸς
2705 3935 3024 4007 παράδειξιν
3057 3931 3154 3987 τοῦ
3191 3933 3332 3986 κατά
3377 3930 3610 4002 Χριστὸν
3646 3946 3860 4002 μυστη-

2280 4030 2414 4102 ρίου,
2443 4028 2545 4083 κᾶν
2564 4031 2612 4082 εἰ
2627 4026 3022 4098 δυάςόρνιθίων
3041 4020 3131 4096 ἦν,
3151 4022 3269 4078 ἀλλ’
3295 4018 3377 4086 εἷς
3399 4017 3467 4094 ἦν
3494 4023 3522 4075 ὁ
3544 4023 3601 4074 tv
3629 4021 3858 4093 ἀμφοῖν,

2277 4125 2370 4177 καὶ
2397 4122 2473 4186 ὼς
2512 4123 2571 4175 ἐν
2602 4119 2788 4183 πάθει,
2834 4117 2928 4172 καὶ
2971 4116 3076 4183 ἔξω
3106 4115 3335 4180 πάθους,
3379 4115 3474 4170 καὶ
3512 4115 3570 4167 ἐν
3613 4112 3856 4184 θανάτῳ,

2276 4213 2369 4268 καὶ
2418 4212 2560 4284 ὑπὲρ
2610 4211 2876 4275 θάνατον,
2922 4209 3016 4263 καὶ
3059 4207 3370 4263 ἀναϐαίνων
3437 4207 3520 4268 εἰς
3567 4204 3856 4276 οὐρανοὺς,

2276 4306 2495 4378 ἀπαρχὴ
2525 4321 2609 4369 τις
2647 4304 2836 4375 ὥσπερ
2864 4301 3092 4374 δευτέρα
3135 4301 3238 4372 τῆς
3267 4296 3688 4370 ἀνθρωπότητος
3723 4297 3860 4352 ἀνα-

2275 4397 2571 4468 νεωθείσης
2595 4392 2674 4460 εἰς
2695 4394 3026 4468 ἀφθαρσίαν.
3051 4392 3355 4462 Αύτδςγάρ
3382 4392 3514 4461 ἡμῖν
3543 4389 3857 4444 ἀνεκαίνισε

593 4477 882 4542 scendens,
916 4479 1087 4535 veluti
1116 4481 1368 4536 secundae
1401 4481 1650 4551 quaedam
1675 4482 2034 4536 humanitatis
2054 4484 2166 4552 pri-

2279 4487 2377 4556 τὴν
2420 4487 2499 4549 εἰς
2541 4484 2609 4538 τὰ
2647 4485 2761 4540 ἀνω
2803 4484 3012 4555 τρίϐον,
3049 4485 3143 4538 καὶ
3177 4480 3420 4553 ἑψόμεθα
3460 4479 3602 4534 κατά
3631 4481 3859 4551 καιροὺς

598 4566 766 4621 mitia:
803 4568 870 4622 ad
928 4568 1395 4640 incorruptionem
1445 4573 1784 4626 instauratae.
1845 4572 1979 4626 Nam
2052 4574 2172 4643 ipse

599 4655 760 4710 nobis
781 4657 922 4710 viam
966 4658 1034 4712 ad
1057 4659 1303 4714 coelestia
1359 4661 1661 4726 innovavit,
1706 4670 1917 4715 etcum
1955 4671 2173 4731 tempus

595 4746 725 4810 erit,
753 4747 905 4801 illum
935 4765 1260 4820 sequemur:
1299 4771 1316 4802 ι
1339 4752 1510 4819 Vade,
1548 4753 1749 4823 inquit,
1774 4769 1971 4823 parare
2013 4755 2172 4810 vobis

597 4837 810 4892 locum:
837 4847 894 4893 et
926 4839 1124 4894 iterum
1150 4843 1385 4908 veniam,
1411 4850 1467 4898 et
1493 4845 1755 4914 accipiam
1798 4860 1898 4898 vos
1941 4845 2007 4899 ad
2053 4861 2170 4899 me-

597 4929 805 4997 ipsum;
831 4936 890 4983 ut
922 4929 1015 4984 ubi
1042 4945 1164 4984 sum
1188 4947 1310 5002 ego,
1341 4942 1398 4987 et
1429 4949 1528 4988 vos
1555 4950 1771 4988 mecum
1807 4933 1927 4988 sitis
1953 4935 2019 4987 ⁸⁷.
2047 4953 2063 4984 ι
2103 4935 2171 4989 Et

601 5021 742 5075 hanc
769 5037 953 5076 veram
979 5038 1131 5091 spem
1162 5024 1446 5079 habemus.
1475 5025 1748 5080 Hactenus
1772 5027 2013 5097 [quidem
2047 5042 2168 5096 quae

598 5111 839 5166 sciebam
865 5113 1092 5182 scripsi:
1121 5113 1341 5183 pietatis
1373 5131 1504 5170 vero
1567 5125 1670 5171 tuze
1724 5117 1891 5171 fuerit
1921 5117 2170 5172 exactius

594 5203 799 5272 scripta
828 5203 929 5258 ista
966 5206 1301 5268 examinare,
1341 5215 1399 5260 ut
1423 5207 1467 5261 si
1499 5208 1628 5276 quid
1675 5210 1875 5263 melius
1921 5208 2172 5264 invenire

599 5293 913 5364 contigerit,
943 5295 998 5350 id
1021 5305 1078 5350 et
1105 5297 1284 5362 nobis,
1315 5307 1372 5353 et
1394 5300 1608 5353 caeteris
1650 5317 1866 5370 quoque
1911 5302 2004 5371 qui
2047 5302 2170 5358 istic

673 5451 716 5480 "
747 5450 882 5505 Gen.
916 5468 1048 5520 χιιι,
1078 5453 1186 5508 1-6.
1264 5456 1309 5486 ’⁸
1341 5456 1472 5510 ibid.
1502 5457 1554 5520 9,
1591 5456 1669 5509 IO.

2270 4576 2452 4648 αύτῷ·
2487 4596 2506 4630 ι
2550 4576 2898 4648 Πορεύσομαι
2922 4588 2943 4615 ο
2979 4577 3108 4649 γὰρ.
3151 4575 3336 4646 φησιν,
3367 4573 3656 4643 ἑτοιμάσαι
3689 4573 3859 4625 τόπον

2271 4668 2425 4739 ὑμῖν,
2463 4667 2560 4722 καὶ
2611 4668 2775 4723 πάλιν
2822 4666 3076 4739 ἔρχομαι,
3129 4668 3226 4721 καὶ
3263 4665 3663 4736 παραλήψομαι
3708 4664 3856 4734 ὑμᾶς

2274 4757 2391 4826 μετ’
2435 4756 2707 4827 ἐμαυτοῦ,
2757 4757 2843 4810 ἵνα
2877 4758 3013 4810 ὅπου
3044 4757 3161 4827 εἰμί
3211 4755 3346 4824 ἐγὼ,
3383 4756 3478 4809 καὶ
3524 4756 3684 4826 ὑμεῖς
3731 4753 3852 4825 μετ’

2273 4847 2407 4917 ἐμοῦ
2436 4842 2558 4918 ἦτε.
2601 4864 2620 4897 ι
2680 4845 2898 4911 Ταύτας
2948 4847 3144 4917 ἔχομεν
3187 4845 3286 4910 τὰς
3331 4845 3551 4916 ἀληθεῖς
3605 4843 3855 4907 ἐλπίδας.

2283 4939 2426 5006 Ἐγὼ
2456 4938 2553 5009 μὲν
2588 4932 2680 4992 οὖν
2708 4939 2850 5010 άπερ
2881 4938 3027 5009 ᾔδειν
3055 4937 3329 5008 γέγραφα,
3365 4937 3466 5007 τῆς
3508 4937 3565 4990 δὲ
3595 4936 3694 5005 σῆς
3732 4936 3858 4989 θεο-

2274 5030 2492 5094 σεϐείας
2544 5031 2690 5084 ἐστὶν
2724 5029 3125 5102 ἀκριϐεστέραν
3162 5030 3274 5091 τοῖς
3310 5028 3719 5098 γεγραμμένοις
3757 5028 3862 5081 ἐπ-

2271 5123 2516 5190 ενεγκεῖν
2539 5121 2635 5192 τὴν
2655 5120 2903 5191 βάσανον,
2920 5121 3008 5174 ἴνα
3033 5120 3150 5172 εἶπε
3158 5137 3189 5190 ρ
3219 5120 3402 5186 τιζτῶν
3426 5122 3728 5190 ἀμεινόνων
3764 5122 3862 5174 εὑ-

2277 5214 2500 5284 ρεθῆναι
2519 5231 2581 5265 συ
2589 5213 2720 5285 μϐῇ,
2741 5215 2889 5285 ἡμᾶς
2913 5229 2971 5265 τε
2996 5212 3236 5275 καὶτοὺς
3259 5212 3447 5266 αὐτόθι
3462 5213 3625 5276 λαοὺς
3643 5212 3856 5284 ὠφελῇ.

2273 5305 2504 5374 Χριστὸς
2534 5305 2640 5375 γάρ
2678 5307 2827 5358 ἐστιν
2860 5306 2888 5358 ὁ
2916 5303 3317 5360 ἀποκαλύπτων
3362 5301 3531 5370 βαθέα
3589 5303 3684 5357 καὶ
3720 5303 3859 5358 ἀπό-

1747 5458 1787 5488 "
1813 5458 1969 5513 Jonu.
2001 5477 2107 5525 xlv,
2138 5460 2192 5524 2,
2220 5460 2271 5514 ζ’».

1696 5612 1863 5666 Vari-.e
1889 5613 2151 5669 lectiones
2175 5615 2378 5669 codicis
2415 5615 2771 5679 Sa-guivriani.

681 5770 701 5800 ³
736 5761 765 5828 ἦ
809 5764 934 5824 γοῦν
1053 5781 1072 5806 α
1106 5783 1440 5836 γραμμάτων
1511 5775 1517 5785 '
1558 5769 1581 5806 l'
1609 5771 1715 5820 δύο.
1835 5783 1851 5796 ”
1906 5771 2196 5837 πυρεύων
