4154 6322
305 335 406 395 nt
1655 332 1992 390 EPISTOLA
2028 332 2211 388 XLIII.
3468 325 3573 380 2:22

305 472 520 526 κρυφα,
553 453 648 508 καὶ
673 451 892 506 σύνεσιν
911 451 1162 524 καρδίαις
1185 449 1212 491 τι
1243 450 1427 516 ἐνιείς.
1467 452 1554 506 Ἐν
1585 451 1734 524 αὑτῷ
1751 452 1884 523 γὰρ,

1990 459 2139 516 sunt,
2168 450 2362 522 prosit.
2413 450 2667 505 Christus
2692 447 2841 505 enim
2878 459 2963 504 est
2993 448 3087 520 qui
3127 459 3184 505 et
3209 449 3484 519 profunda
3515 456 3574 505 et

307 547 402 602 καὶ
426 544 563 616 παρ’
590 542 757 597 αὐτοῦ
787 542 990 605 πάντες
1017 533 1155 594 είσὶν
1185 543 1236 595 οί
1266 541 1531 613 θησαυροὶ
1563 544 1664 613 τῆς
1689 541 1886 612 σοφίας

1997 543 2314 598 abscondita
2341 543 2569 608 revelat,
2591 552 2647 598 et
2666 541 3079 613 intelligentiam
3111 543 3263 596 cordi
3288 543 3482 598 inserit
3501 539 3571 599 ".

304 635 402 689 καὶ
427 633 688 702 γνώσεως
716 632 1044 703 ἀπόκρυφοι.
1078 632 1156 683 Δι’
1196 630 1360 685 αὐτοῦ
1404 649 1466 685 τε
1493 632 1584 686 καὶ
1612 633 1707 687 σὺν
1739 633 1887 704 αὑτῷ

1995 634 2056 689 In
2079 633 2196 705 ipso
2219 651 2455 705 namque
2475 644 2532 690 et
2553 635 2622 689 ab
2657 635 2776 705 ipso
2796 651 2987 690 omnes
3029 643 3156 691 sunt
3204 633 3445 688 thesauri
3481 648 3572 686 sa-

302 723 383 794 τῷ
407 723 533 795 Θεῷ
557 725 650 778 καὶ
682 722 862 794 Πατρὶ
894 721 1041 787 δόξα,
1075 722 1170 774 καὶ
1193 722 1394 793 κράτος
1420 723 1517 776 σὺν
1551 721 1690 793 ἁγίῳ
1710 722 1887 776 Πνεῦ-

1991 725 2215 794 pientiae
2247 734 2302 781 et
2323 726 2565 782 scientia:
2593 725 2899 779 absconditi
2922 727 2988 779 ".
3016 725 3122 781 Per
3145 725 3332 794 ipsum
3351 731 3407 777 et
3432 739 3560 777 cum

308 832 442 887 ματι
464 817 546 882 είς
561 816 690 880 τοὺς
711 814 915 878 αίῶνας
937 812 1045 868 τῶν
1069 812 1304 870 αἰώνων.
1343 815 1540 886 Ἀμήν.

1993 815 2114 885 ipso
2137 816 2209 872 sit
2235 817 2348 873 Deo
2365 833 2429 873 ac
2449 815 2600 873 Patri
2625 825 2681 870 et
2705 827 2894 871 sancto
2924 815 3158 886 Spiritui
3186 814 3361 888 gloria
3382 822 3438 870 et
3462 813 3572 868 im-

1991 907 2212 976 perium
2241 908 2296 962 in
2320 908 2517 964 saecula
2557 907 2905 964 saeculorum.
2946 909 3138 964 Amen.

1607 1178 1684 1250 (ί)
1717 1180 2056 1237 EPISTOLA
2094 1180 2254 1236 XLII.

1313 1307 1379 1345 AD
1403 1305 1581 1345 Itlll-‘UI
1610 1292 1684 1363 (2)
1717 1306 2239 1346 russsanomcsnscu
2268 1305 2578 1347 EPISCOPUN.

1110 1407 1274 1462 Illum
1305 1408 1368 1460 de
1404 1425 1533 1478 pace
1569 1425 1685 1461 cum
1721 1407 2078 1464 Orientalibus
2117 1410 2250 1462 inita
2290 1410 2562 1461 certiorem
2613 1406 2759 1478 facit.

379 1549 701 1605 Ἀκόλουθον
727 1547 944 1603 ἅπαντα
971 1546 1039 1600 τὰ
1063 1549 1184 1610 ταῖς
1219 1548 1570 1618 Ἐκκλησίαις
1599 1551 1862 1623 χρήσιμα,
1896 1549 1910 1609 1

2040 1547 2492 1603 Consentaneum
2525 1555 2718 1612 estut,
2759 1545 3030 1617 quidquid
3069 1546 3436 1602 Ecclesxarum
3483 1564 3569 1602 m-

296 1642 390 1696 καὶ
439 1641 516 1695 τὰ
564 1637 946 1696 ἀνακύπτοντα
976 1638 1100 1691 καθ’
1135 1639 1376 1710 ἡμέραν,
1409 1640 1486 1704 ὡς
1519 1641 1650 1706 ἔπος
1678 1644 1875 1711 εἰπεῖν,

1986 1646 2177 1701 terest,
2213 1647 2269 1693 et
2302 1639 2358 1692 in
2385 1638 2532 1693 diem
2561 1638 2812 1708 emergit,
2845 1645 2907 1691 ut
2936 1635 3045 1691 dici
3070 1638 3232 1701 solet,
3258 1647 3448 1692 notum
3477 1639 3572 1692 ﬁat

292 1730 717 1787 ἀνακοινοῦσθαι
749 1733 816 1801 τῇ
846 1730 910 1800 σῇ
939 1728 1199 1798 ὁσιότητι,
1237 1729 1322 1783 ἵνα
1356 1730 1432 1803 μὴ
1459 1729 1645 1803 θρῢλοί
1677 1744 1700 1773 ο
1731 1750 1879 1798 τινες

292 1824 461 1895 ιτερα
490 1823 610 1878 ἀνθ’
660 1822 864 1893 ἑτέρων
903 1820 1154 1888 λέγοντες
1187 1821 1587 1892 ικταράσσουσι
1617 1825 1746 1888 τοὺς
1776 1826 1877 1879 αὒ-

291 1914 408 1970 τόθι
449 1914 908 1977 θεοσεὸεστάτους
955 1911 1310 1976 ἐπισκόπους.
1351 1915 1670 1986 Γεγράφασι
1699 1919 1879 1974 τοίνυν

291 2008 340 2062 0t
365 2009 432 2063 tat
455 2008 562 2078 τῆς
607 2006 896 2078 ’Δνατολῆς
927 2006 1026 2079 τὴν
1057 2006 1344 2062 κοινωνίαν
1375 2007 1734 2074 ἀπαιτοῦντες
1761 2009 1879 2083 [καὶ

291 2097 479 2153 πίστιν
511 2097 724 2153 ἑαυτῶν
749 2097 956 2169 ὲναργῆ
986 2096 1352 2162 καθιστῶντες
1395 2095 1466 2169 Ἷ,
1495 2098 1592 2153 καὶ
1628 2098 1879 2169 λέγοντες

291 2189 546 2262 ἐναργῶς
583 2189 678 2244 καὶ
717 2188 978 2244 Θεοτόκον
999 2189 1100 2260 τὴν
1139 2188 1304 2259 ἁγίαν
1333 2176 1634 2262 Παρθένον,
1662 2194 1756 2248 καὶ
1797 2195 1879 2249 ὅτι

291 2275 372 2346 εἷς
399 2281 557 2334 ἔστιν
579 2281 608 2333 ό
635 2279 763 2343 Υίδς
793 2277 889 2335 τοῦ
935 2279 1069 2334 Θεοῦ
1108 2282 1137 2335 6
1169 2278 1374 2352 Κύριος
1418 2281 1575 2352 ἡμῶν
1613 2283 1818 2354 Ἰησοῦς
1849 2287 1879 2340 6

291 2369 551 2441 Χριστὸς,
582 2368 674 2423 καὶ
706 2366 812 2438 πρὸ
839 2368 1040 2433 παντὸς
1069 2369 1264 2434 αίῶνος
1292 2372 1359 2424 εκ
1389 2371 1605 2446 Πατρδς
1629 2373 1878 2446 ἀπορρή-

290 2475 400 2523 τως
434 2456 860 2531 γεγεννημένος,
906 2459 1001 2514 καὶ
1048 2461 1107 2514 ὲν
1138 2460 1469 2526 τελευταίοις
1503 2465 1533 2518 ό
1574 2463 1736 2529 αὐτὸς
1780 2464 1879 2520 ἄν·

293 2548 514 2620 θρωπος
560 2547 630 2603 tit
677 2547 973 2616 γυναικός·
1015 2549 1113 2603 καὶ
1148 2549 1232 2604 ότι
1276 2549 1335 2604 ἐν
1364 2551 1529 2604 αὐτοῦ
1560 2553 1876 2624 πρόσωπον,

293 2640 387 2694 καὶ
411 2639 475 2694 οὐ
507 2636 627 2695 δύο.
671 2634 806 2692 Εἶτα
831 2638 1239 2706 ὑποκατιόντις,
1262 2640 1449 2714 ἓτερον
1487 2642 1878 2714 προστιθέασιν

294 2727 323 2783 δ
347 2744 502 2793 τινας
533 2727 769 2798 ιτάραξε
803 2728 912 2782 τῶν
941 2729 1004 2783 οὐ
1035 2728 1239 2801 σφόδρα
1265 2729 1507 2786 συνιάναι
1531 2730 1875 2804 δυναμένων,

293 2820 388 2877 καὶ
431 2819 806 2891 ινομίσθησαν
831 2821 895 2874 οὐ
936 2819 1170 2891 πάντηέ
1196 2819 1309 2876 τῶν
1350 2820 1651 2896 Νιστορίου
1701 2825 1873 2879 καθα-

296 2909 478 2985 ρεύειν
510 2889 812 2982 φλυαριῶν.
841 2909 1029 2970 Ταῦτά
1061 2889 1152 2983 μοι
1177 2910 1454 2984 γέγραφεν
1478 2916 1507 2969 6
1533 2889 1727 2987 κύριός
1769 2935 1871 2988 μου
1899 2889 1941 2947 c

293 3004 322 3056 6
345 3001 772 3067 θωσεόέστατος
799 3003 1100 3068 ἐπίσκοπος
1127 3004 1381 3072 Ἀκάκιος
1409 3006 1515 3080 τῆς
1541 3007 1871 3083 Μελιτηνῆς.

294 3093 405 3146 Καὶ
434 3087 506 3162 ἦν
523 3091 826 3161 ἀναγκαῖον
849 3095 1134 3166 ιπιστολὴν
1158 3097 1412 3169 σωθῆναι
1441 3100 1473 3141 ιι
1509 3101 1874 3173 μακροτέραν,

293 3180 389 3235 καὶ
411 3181 808 3254 δωρμηνεῦσαι
828 3182 930 3250 τὰς
971 3187 1152 3256 φωνὰς
1179 3187 1287 3242 τῶν
1323 3190 1388 3243 ὲκ
1421 3191 1520 3261 τῆς
1563 3191 1875 3263 Ἀνατολῆς,

294 3271 378 3341 ἔφ’
419 3268 510 3337 αἶς
549 3273 1046 3346 ισκανδαλίσθησάν
1087 3295 1250 3343 τινες.
1307 3280 1580 3351 Πὲπομιρα
1603 3283 1787 3338 τοίνυν
1817 3283 1879 3338 τὸ

298 3362 410 3419 ἴσον
435 3366 538 3435 τῆς
571 3365 877 3438 ιπιστολῆς,
927 3366 1014 3421 ἵνα
1053 3367 1156 3422 κᾶν
1187 3369 1241 3422 et
1268 3386 1410 3434 τινες
1453 3371 1563 3426 τῶν
1592 3374 1779 3428 αὐτόθι
1807 3375 1876 3429 τὰ

297 3452 390 3510 ῐσα
420 3453 688 3519 παθόντες
725 3453 1020 3525 εὑρεθεῐεν,
1063 3455 1237 3526 ἔχοιεν
1285 3459 1651 3526 ὲγκύπτοντες
1676 3462 1875 3516 εἰδέναι

295 3547 359 3602 τὸ
379 3544 604 3620 ἀληθές.
635 3544 767 3603 Οἶδα
789 3548 848 3603 δὲ
878 3549 974 3604 καὶ
999 3549 1156 3602 τοῦτο
1184 3551 1414 3622 ποιήσας
1449 3553 1740 3623 περιττῶς,
1770 3554 1873 3623 ἀρ-

297 3635 500 3708 κούσης
533 3636 685 3703 ἅπαξ
708 3639 807 3710 τῆς
831 3637 930 3708 σῆς
959 3637 1295 3710 τελειότητος
1333 3641 1468 3712 πρὸς
1498 3642 1558 3694 τὸ
1588 3643 1766 3697 πάντα
1785 3642 1876 3696 δύο

296 3728 490 3783 νασθαι
518 3727 865 3800 διατρανοῦν,
906 3730 1134 3793 καὶτοῖς
1175 3730 1417 3802 ἀμαθείᾳ
1444 3734 1880 3804 κεκρατημένοις

296 3818 357 3872 τὸ
395 3818 497 3890 τῆς
545 3818 774 3891 ἐνούσης
810 3820 946 3891 αὐτῇ
1000 3821 1014 3860 i
1059 3820 1327 3886 συνέσεως
1357 3822 1548 3892 ὄφελος
1575 3824 1878 3894 ἐνεργάσα-

300 3909 445 3965 σθαι.

1979 1730 2260 1784 sanctitati
2289 1740 2414 1793 tuaa,
2439 1747 2509 1785 ne
2534 1745 2866 1786 susurrones
2892 1729 3120 1800 quidam
3145 1729 3294 1785 aliud
3324 1745 3424 1800 pro
3462 1729 3572 1783 alio

1978 1820 2300 1890 loquentes,
2350 1822 2794 1892 religiosissimos
2839 1821 2964 1876 istic
3015 1821 3306 1892 episc0pos
3339 1831 3569 1876 contur-

1980 1913 2135 1967 bent.
2176 1913 2529 1984 Scripserunt
2568 1913 2752 1982 itaque
2786 1912 3099 1968 Orientales
3123 1912 3570 1968 communionem

1977 2010 2256 2071 petentes,
2291 2009 2347 2056 et
2393 2002 2556 2056 iidem
2608 2017 2767 2056 suam
2818 2001 3169 2072 perspicuam
3195 2010 3568 2071 exponentes,

1977 2089 2336 2162 dicentesque
2359 2101 2547 2162 aperte
2573 2101 2630 2148 et
2662 2092 2946 2163 deiparam
2971 2108 3095 2149 esse
3118 2100 3365 2148 sanctam
3387 2093 3569 2163 Virgi-

1979 2198 2128 2247 nem,
2155 2192 2212 2238 et
2235 2201 2405 2239 unum
2429 2186 2630 2240 Filium
2658 2186 2756 2240 Dei
2783 2185 3078 2240 Dominum
3105 2192 3359 2240 nostrum
3380 2183 3569 2240 Iesum

1977 2272 2283 2340 Christum,
2313 2275 2410 2345 qui
2435 2284 2491 2330 et
2517 2285 2644 2332 ante
2671 2293 2834 2332 omne
2869 2291 3050 2332 avum
3086 2276 3154 2332 de
3184 2276 3346 2332 Patre
3371 2275 3568 2331 ineffa—

1977 2349 2172 2419 biliter.
2191 2363 2360 2420 fuerit
2384 2366 2624 2436 genitus,
2650 2376 2707 2423 et
2734 2369 3032 2439 postremis
3051 2369 3398 2440 temporibus
3421 2369 3568 2423 idem

1978 2454 2146 2512 homo
2174 2472 2243 2511 ex
2283 2457 2520 2511 muliere
2549 2458 2857 2524 exstiterit;
2902 2475 3180 2528 unamque
3220 2474 3340 2514 esse
3374 2475 3569 2529 perso-

1977 2563 2105 2602 nam
2133 2549 2277 2619 ejus,
2299 2563 2412 2603 non
2433 2547 2591 2603 duas.
2622 2547 2832 2603 Deinde
2855 2560 3092 2620 pergunt
3124 2550 3333 2620 aliquid
3361 2550 3568 2614 dicere,

1977 2639 2124 2709 quod
2155 2640 2451 2694 nonnullos
2485 2641 2727 2695 turbavit
2758 2656 2957 2696 eorum
2998 2642 3091 2711 qui
3120 2643 3336 2696 acutius
3360 2643 3570 2696 intelli-

1977 2745 2106 2800 gere
2156 2739 2461 2799 nequeunt,
2512 2731 2588 2785 ita
2630 2740 2691 2785 ut
2733 2731 3176 2787 existimaverint
3218 2731 3366 2786 haud
3407 2733 3569 2802 plane

1978 2821 2104 2876 illos
2131 2821 2373 2876 Nestorii
2403 2821 2565 2891 nugis
2587 2836 2708 2876 esse
2746 2823 3040 2877 immunes.
3065 2822 3192 2877 Hec
3223 2821 3292 2876 ad
3316 2837 3403 2877 me
3431 2822 3568 2877 scri—

1976 2911 2086 2981 psit
2139 2910 2592 2983 religiosissimus
2633 2913 2932 2983 episcopus
2979 2912 3262 2968 Melitenes
3312 2913 3568 2968 Aeacius.

1976 3001 2229 3060 Profecto
2254 3019 2399 3077 opus
2420 3003 2621 3062 fuisset
2649 3003 2940 3076 epistolam
2978 3021 3008 3060 ι
3043 3021 3131 3060 me
3162 3004 3416 3075 componi
3443 3004 3569 3060 lou-

1975 3097 2207 3167 giorem,
2236 3105 2293 3152 et
2332 3096 2703 3153 Orientalium
2737 3095 3004 3151 vocabula
3027 3096 3328 3158 enucleari,
3353 3111 3421 3151 ex
3443 3097 3568 3165 qui-

1977 3184 2084 3239 bus
2109 3187 2365 3240 nonnulli
2394 3186 2713 3241 scandalum
2755 3186 2901 3256 passi
2931 3193 3082 3240 sunt.
3111 3186 3230 3240 Misi
3274 3185 3443 3256 igitur
3483 3185 3570 3255 ip-

1978 3275 2094 3330 sius
2136 3277 2385 3346 epistolae
2421 3279 2720 3347 exemplar,
2757 3286 2819 3332 ut
2858 3278 2907 3332 si
2943 3278 3037 3347 qui
3080 3277 3221 3332 forte
3263 3263 3387 3332 istic
3427 3276 3572 3333 hanc

1979 3367 2298 3436 Opinionem
2322 3368 2686 3437 susceperint,
2711 3383 2774 3422 ea
2801 3367 3067 3438 inspecta,
3088 3367 3380 3423 veritatem
3405 3383 3572 3437 agno-

1980 3467 2150 3514 scant.
2177 3458 2501 3529 Quanquam
2532 3459 2588 3514 id
2625 3473 2844 3528 quoque
2887 3473 2975 3512 me
3015 3473 3357 3527 supervacue
3384 3458 3568 3514 facere

1979 3548 2189 3612 sentio,
2255 3565 2381 3604 cum
2431 3558 2525 3604 tua
2586 3549 2850 3604 sanctitas
2895 3547 2964 3603 ad
3009 3549 3193 3603 omnia
3237 3547 3568 3604 declaranda

1979 3657 2207 3711 prorsus
2251 3639 2510 3705 suﬂiciat,
2556 3650 2612 3696 et
2657 3640 2726 3694 ad
2774 3638 3059 3711 sapientia:
3105 3654 3220 3695 suae
3272 3638 3572 3695 utilitatem

1982 3733 2369 3803 ignorantibus
2401 3732 2843 3803 impertiendam.

1660 4160 1996 4218 EPISTOLA
2033 4164 2221 4220 XLIII.

1707 4320 1770 4358 Αι)
1799 4318 2016 4359 suun“
2047 4302 2147 4377 (5).

302 4432 429 4490 Cum
473 4435 730 4490 haereticis
777 4435 1135 4504 paenitentibus
1176 4435 1350 4490 mitius
1387 4433 1668 4506 agendum.
1703 4433 1883 4489 Libros
1915 4450 2047 4517 suos.
2089 4433 2162 4487 De
2207 4436 2574 4488 incarnatione
2614 4441 2664 4487 et
2709 4443 2895 4488 contra
2935 4431 3168 4488 Nestorii
3213 4429 3568 4503 btasphemias

751 4537 754 4540 ’
1757 4514 2089 4559 transmittit.

370 4643 470 4699 Διὰ
496 4644 596 4714 τὴν
619 4643 728 4698 τῶν
761 4644 1096 4716 Ἐκκλησιῶν
1122 4646 1367 4717 εἰρήνην,
1393 4646 1489 4700 καὶ
1516 4645 1578 4698 τὸ
1610 4645 1686 4717 μὴ
1718 4644 1881 4716 ἀλλή-

2059 4644 2159 4696 Pw
2195 4653 2291 4698 iter
2317 4643 2688 4699 Ecclesiarum
2711 4659 2922 4712 pacem,
2950 4633 3007 4698 et
3033 4659 3100 4698 ne
3127 4643 3211 4698 ha:
3237 4642 3470 4696 invicem
3495 4640 3569 4696 ob

300 4729 406 4787 λων
432 4732 604 4798 αὐτὰς
636 4731 1093 4802 ἀπονοσφίζεσθαι
1127 4735 1262 4807 πρὸς
1286 4735 1573 4806 διχονοίας,
1602 4737 1659 4789 αἱ
1693 4746 1707 4784 ι
1745 4751 1878 4804 συγ-

373 4873 638 4931 “Hattb.
663 4889 742 4941 xi,
777 4873 960 4930 25-27.
1037 4876 1083 4909 ³⁸
1107 4874 1318 4932 Coloss.
1344 4893 1404 4941 ιι,
1442 4879 1495 4933 25.

1985 4738 2311 4808 cpiniunum
2336 4737 2648 4794 dissensum
2678 4747 3025 4809 separentur,
3054 4755 3165 4794 non
3192 4745 3320 4793 sunt
3347 4737 3571 4793 inutiles

1704 5014 1879 5070 Varia
1907 5013 2195 5072 lectiones.

371 5122 397 5164 ει
428 5125 673 5196 καρδίας.
730 5122 957 5181 οΟιιοΙ).
986 5125 1224 5198 θρύλλοι.
1273 5126 1634 5184 thaacdesunt
1662 5127 1798 5200 in',0.
1841 5132 1910 5185 ε(

1978 5132 2162 5186 πάντα.
2203 5131 2232 5169 ιι
2257 5133 2320 5188 Ο.
2350 5131 2641 5186 συνθεῖναι.
2696 5132 2712 5171 ί
2737 5131 2860 5187 Vat.
2890 5129 3080 5200 αὐτῆς.
3131 5139 3145 5178 t
3171 5131 3231 5181 υ.
3265 5127 3353 5180 καὶ
3370 5122 3469 5196 pro
3487 5127 3564 5182 αἱ.

1827 5262 2056 5318 NOTAE.

376 5367 450 5444 (I)
480 5370 638 5444 Ha_n_e
652 5368 937 5444 epistolam
956 5372 1353 5444 cumgsequenti
1375 5337 1548 5428 edidit
1568 5372 1718 5444 card.
1738 5373 1876 5444 Aug.

376 5391 424 5439 υ
434 5391 450 5439 ;
482 5391 638 5452 uarie
652 5391 937 5451 epistonam
956 5391 1081 5427 cum
1104 5391 1353 5444 sequenti
1375 5391 1548 5428 caluit
1568 5391 1718 5428 cara.
1738 5391 1876 5498 ang.

311 5437 409 5494 Mai
437 5439 492 5494 in
541 5439 860 5494 Bibliotheca
892 5457 1026 5495 nova
1063 5442 1308 5506 Patrum,
1343 5453 1381 5498 t.
1419 5444 1485 5507 ll,
1514 5459 1566 5507 p.
1599 5442 1720 5507 105,
1755 5443 1820 5497 l0
1863 5485 1876 5507 ,

312 5523 375 5631 ξιξ
397 5509 711 5634 ῗοὰἐιὸηγδι.
736 5509 867 5564 1451
903 5519 958 5566 et
988 5510 1171 5568 Ottob.
1203 5513 1321 5568 Vat.
1357 5513 1480 5569 269.
1506 5509 1692 5569 Roma:
1719 5513 1875 5578 I844,

381 5647 455 5716 (ἢ)
499 5649 624 5703 Rufi
670 5648 1190 5717 Thessalonicensis,
1246 5661 1302 5707 et
1349 5654 1414 5710 ad
1452 5668 1578 5708 eum
1615 5653 1875 5709 Romanae

316 5713 562 5775 Ecclesia:
576 5719 881 5777 litterarum
899 5713 1260 5794 quarumdam
1277 5723 1342 5780 de
1356 5740 1516 5780 causa
1529 5724 1870 5791 Nestoriana,

1990 5377 2242 5432 meminit
2269 5377 2507 5449 Cyrillus
2543 5379 2600 5433 in
2625 5377 2856 5449 epistola
2890 5378 2957 5434 ad
2977 5378 3241 5434 Joannem
3267 5371 3566 5429 Antioche-

1988 5463 2122 5519 num
2148 5449 2255 5519 (ep.
2285 5447 2395 5518 Η).
2425 5449 2548 5519 MAI.

2056 5516 2229 5600 (5)'In
2263 5516 2601 5600 cod._9ttob.
2633 5517 2856 5600 additur
2896 5516 3145 5600 epistola:
3169 5585 3179 5598 κ
3206 5530 3363 5600 quasi
3409 5529 3562 5600 sum-

1984 5582 2219 5658 marium
2245 5590 2326 5643 sic
2348 5607 2360 5642 :
2386 5588 2508 5641 ’Ότι
2528 5590 2609 5652 είς
2628 5589 2690 5642 τὸ
2720 5587 2797 5658 μὴ
2821 5582 3099 5658 σχίζεσθαι
3125 5582 3560 5658 τέιςὲκκλησίας,

1983 5657 2278 5729 ἀναγκαῖόν
2306 5675 2361 5714 τι
2388 5659 2621 5729 πρᾶγμα
2650 5661 2682 5729 ἡ
2716 5653 3140 5727 συγκατάὸασις.
3173 5653 3246 5708 ιι).
