4126 6314
1652 351 1992 410 EPISTULA
2029 352 2210 411 XLlV.

3443 350 3553 408 Μ

258 490 350 527 ται
415 473 468 526 0i
527 468 871 531 ἀνατολικοὶ,
934 467 1028 521 καί
1072 483 1254 535 φασι)
1282 465 1382 522 Διὰ
1431 467 1483 524 τί
1531 464 1628 522 δύο
1665 466 1847 537 φύσεις

1963 468 2213 524 hendunt
2245 470 2517 536 nonnulli,
2543 484 2607 526 ac
2628 477 2822 526 dicunt
2848 489 2861 522 :
2890 469 3064 537 Quam
3084 470 3157 526 ob
3185 486 3301 527 rem
3329 472 3554 543 episco-

259 563 648 635 όνομαζόντων
683 559 868 616 αὐτῶν
894 560 1176 630 ἠνέσχετο.
1207 559 1240 631 ἢ
1291 561 1386 614 καὶ
1429 559 1660 631 ιπῄνεσε
1700 559 1729 610 ὁ
1756 560 1857 630 τῆς

273 654 733 729 ’Λλεξανδρείαςς
767 653 832 708 Οί
859 653 916 707 δὲ
940 651 1008 705 τὰ
1047 652 1345 724 Νεστορίου
1391 650 1738 723 φρονοῦντες,
1768 649 1856 703 λέ-

258 767 424 821 γουσι
456 749 718 804 κάκεῖνον
763 745 908 800 οὕτω
943 746 1182 816 φρονεῖν,
1243 744 1684 816 συναρπάζοντες
1727 745 1856 806 τοὺς

257 844 362 896 οὐκ
388 841 606 905 είδότας
649 840 714 894 τὸ
746 835 994 908 ἀκμΰές.
1046 837 1170 911 Χρὴ
1215 837 1273 892 δι
1318 841 1437 903 τοῖς
1481 837 1855 911 μεμφομένοις

257 935 445 986 ἐκεῖνο
481 931 688 1001 λέγειν’
717 930 805 984 ὅτι
841 929 904 982 ού
931 929 1131 992 πάντα,
1158 929 1259 983 ὅσα
1292 929 1548 998 λέγουσιν
1575 930 1626 983 οί
1655 932 1856 999 αἱρετι-

259 1023 381 1086 κοὶ,
441 1021 670 1090 φεύγειν
715 1017 814 1075 καὶ
864 1019 1253 1091 παραιτεῖσθαι
1319 1021 1450 1091 χρήο
1520 1019 1694 1075 πολλὰ
1744 1020 1853 1090 γὰρ

260 1107 630 1183 ὁμολογοῦσιν
679 1101 755 1165 ὧν
803 1108 902 1164 καὶ
951 1111 1116 1180 ἡμεῖς
1161 1107 1555 1180 ὁμολογοῦμεν.
1606 1102 1753 1173 Οῐον,
1801 1110 1850 1162 οἱ

271 1203 553 1274 ’Λρειανοὶ
580 1202 710 1256 ὅταν
753 1201 956 1272 λέγωσι
985 1201 1078 1254 τὸν
1122 1199 1368 1271 Πατέρα,
1412 1202 1494 1255 δτι
1521 1199 1852 1271 δημιουργός

256 1294 379 1348 δατι
413 1293 526 1346 τῶν
565 1291 704 1347 ὅλων
747 1292 843 1346 καὶ
886 1291 1111 1364 Κύριος,
1165 1290 1244 1364 μὴ
1287 1291 1378 1345 διὰ
1417 1291 1575 1346 τοῦτο
1627 1292 1851 1362 φεύγειν

254 1382 414 1452 ἡμᾶς
458 1377 754 1436 ἀκόλουθον
798 1379 1004 1444 ταύτας
1036 1378 1152 1443 -τὰς
1190 1379 1517 1451 όμολογίαςς
1567 1379 1725 1435 Οὕτω
1758 1382 1851 1434 καὶ

256 1473 355 1528 επὶ
394 1471 720 1544 Νεστορίουο
747 1470 852 1526 κᾶν
884 1470 1018 1542 λέγῃ
1055 1470 1150 1525 δύο
1196 1470 1409 1540 φύσεις,
1443 1471 1543 1544 τὴν
1584 1471 1850 1544 διαφορὰν

259 1562 550 1636 σημαίνων
568 1562 670 1633 τῆς
695 1560 897 1631 σαρκὸς
920 1566 1014 1615 καὶ
1033 1561 1130 1615 τοῦ
1159 1561 1295 1616 Θεοῦ
1320 1562 1516 1630 Λόγου·
1549 1561 1716 1632 ἑτέρα
1739 1561 1849 1634 γὰρ

255 1659 290 1730 ἡ
321 1656 419 1711 τοῦ
454 1655 633 1726 Λόγου
668 1655 851 1726 φύσις,
881 1655 978 1710 καὶ
1005 1655 1171 1728 ἑτέρα
1197 1657 1231 1726 ἡ
1273 1656 1372 1725 τῆς
1407 1655 1632 1727 σαρκὸς,
1664 1655 1847 1708 οὐκέτι

254 1750 360 1822 τὴν
410 1749 610 1804 ῑνωσιν
636 1747 892 1819 ὁμολογεῖ
939 1748 1059 1819 μεθ’
1106 1747 1286 1820 ἡμῶν.
1334 1748 1525 1818 Ἡμεῖς
1573 1747 1683 1817 γὰρ
1717 1746 1849 1801 ivdi-

1960 576 2062 631 pus
2089 560 2495 618 Alexandrinus
2528 562 2651 617 illos
2676 561 2949 626 toleravit,
2977 576 3042 617 ac
3078 561 3323 618 laudavit
3357 563 3552 625 etiam.

1958 666 2085 706 cum
2114 649 2250 706 duas
2288 661 2518 707 naturas
2568 649 2955 707 nominarent?
2979 649 3082 718 Qui
3126 660 3317 706 autem
3347 651 3550 708 Nesto-

1960 745 2100 798 rium
2125 754 2429 807 sectantur,
2449 743 2643 799 eadem
2665 751 2722 799 et
2745 743 2926 813 ipsum
2947 742 3155 798 sentire
3173 742 3550 810 contendunt;

1955 852 2130 907 eaque
2172 839 2388 893 ratione
2415 837 2539 892 illos
2578 836 2673 907 qui
2705 835 2891 890 minus
2925 844 3181 891 accurate
3215 851 3334 890 rem
3363 835 3556 906 perci-

1954 931 2133 1000 piunt,
2160 929 2216 984 in
2243 945 2397 985 suam
2425 929 2756 985 sententiam
2786 929 3089 998 abripiunt.
3121 928 3324 984 Verum
3355 927 3425 984 iis
3451 928 3554 1000 qui

1954 1021 2060 1075 hoc
2086 1021 2309 1076 nomine
2350 1037 2454 1076 nos
2484 1027 2765 1084 accusant,
2805 1018 3247 1088 respondendum
3290 1025 3396 1083 est,
3435 1033 3550 1074 non

1953 1113 2137 1169 omnia
2166 1129 2288 1184 qua
2313 1113 2469 1184 133
2490 1111 2737 1167 haeretici
2767 1111 2979 1176 dicunt,
3001 1111 3186 1166 statim
3205 1110 3462 1182 fugienda
3483 1126 3549 1166 ac

1953 1207 2291 1276 repudianda
2320 1221 2441 1261 esse
2464 1223 2476 1260 :
2502 1206 2674 1260 multa
2694 1204 2844 1261 enim
2866 1203 3201 1260 conﬁtentur
3221 1219 3290 1260 ex
3314 1203 3403 1267 iis,
3425 1217 3550 1274 qua

1951 1315 2052 1356 nos
2078 1314 2296 1370 quoque
2322 1298 2642 1354 asserimus.
2684 1297 2939 1369 Exempli
2975 1312 3162 1360 causa,
3192 1311 3318 1352 cum
3354 1295 3549 1351 Ariani

1949 1394 2122 1448 Deum
2146 1394 2362 1449 Patrem
2387 1392 2636 1447 omnium
2659 1391 3004 1446 conditorem
3027 1405 3092 1446 ac
3108 1389 3401 1445 Dominum
3423 1403 3546 1444 esse

1947 1483 2160 1549 dicunt,
2189 1499 2322 1538 num
2348 1482 2473 1538 ideo
2497 1496 2844 1554 consequens
2867 1489 2953 1537 est
2988 1489 3051 1536 ut
3099 1480 3370 1552 ejusmodi
3407 1494 3546 1536 eon-

1949 1574 2216 1630 fessiones
2243 1572 2604 1630 aversemur?
2626 1571 2720 1629 Sic
2751 1581 2809 1628 et
2832 1571 2902 1628 de
2934 1572 3190 1627 Nestorio
3212 1586 3453 1642 quoque,
3479 1571 3546 1626 li-

1949 1669 2037 1718 cet
2083 1662 2221 1718 duas
2265 1670 2498 1717 naturas
2543 1676 2666 1716 esse
2700 1660 2884 1727 dicat,
2917 1661 3102 1717 carnis
3149 1669 3205 1716 et
3235 1660 3402 1717 Verbi
3445 1661 3544 1716 Dei

1949 1753 2322 1810 diﬁerentiam
2356 1751 2676 1825 signiﬁcans
2711 1770 2730 1807 :
2755 1761 2840 1809 est
2867 1753 3016 1809 enim
3047 1753 3151 1808 alia
3194 1752 3394 1818 Verbi,
3435 1753 3545 1808 alia

255 1838 457 1906 σαντες
487 1839 688 1905 ταῦτα,
717 1840 814 1894 ῑνα
845 1841 1104 1912 Χριστὸν,
1129 1841 1228 1896 ινα
1259 1840 1407 1908 Υἰδν,
1429 1841 1523 1893 τὸν
1545 1839 1728 1905 αὐτὸν,
1752 1837 1847 1894 ἕνα

1950 1847 2135 1903 carnis
2155 1855 2386 1903 natura:
2412 1823 2655 1902 attamen
2685 1845 2948 1902 unionem
2974 1862 3083 1902 una
3109 1846 3402 1902 nobiseum
3430 1861 3544 1902 non

256 1932 464 2006 Κύριον
488 1931 885 2004 ὁμολογοῦμεν
915 1934 1012 1988 καὶ
1037 1927 1225 1988 λοιπὸν
1255 1933 1385 2004 μίαν
1412 1932 1512 2004 τὴν
1540 1932 1632 1985 τοῦ
1654 1930 1789 1985 Θεοῦ
1824 1941 1846 1969 ι

256 2024 426 2096 φύσιν
481 2024 942 2097 σεσαρκωμίνην.
978 2025 1199 2080 Ὀποῖον
1220 2025 1336 2079 εστι
1359 2024 1455 2078 καὶ
1484 2023 1581 2078 επὶ
1609 2022 1705 2078 τοῦ
1735 2040 1849 2078 x0e-

253 2116 353 2174 νοῦ
378 2121 562 2174 εἰπεῖν
591 2115 906 2194 ἀνθρώπου·
937 2118 1052 2173 ἔστι
1089 2118 1190 2189 μὶν
1219 2117 1331 2187 γὰρ
1349 2117 1414 2170 ὲκ
1446 2115 1720 2188 διαφόρων
1746 2116 1846 2185 φύε

255 2225 420 2277 θεων,
450 2208 564 2264 ἀπό
589 2226 655 2263 τε
688 2207 963 2278 σώματος,
995 2206 1164 2279 φημὶ,
1198 2205 1295 2260 καὶ
1314 2205 1516 2276 ψυχῆς.
1546 2205 1656 2259 Καὶ
1682 2207 1712 2259 ὁ
1745 2205 1848 2276 μιν

254 2301 434 2373 λόγος,
461 2302 560 2355 καὶ
597 2301 632 2372 ὴ
680 2299 888 2372 θεωρία
917 2293 1027 2353 οἶδε
1074 2298 1176 2371 τὴν
1204 2297 1501 2369 διαφοράν·
1545 2295 1847 2361 ἑνώσαντες

253 2389 336 2456 ει,
373 2391 500 2446 τότε
527 2389 795 2462 ποιοῦμεν
828 2389 960 2460 μίαν
997 2386 1289 2460 ἀνθρώπου
1323 2389 1508 2458 φύσιν.
1538 2387 1750 2443 Οὐκοῦν
1781 2388 1845 2443 ού

255 2483 319 2538 τὸ
353 2482 555 2538 ειδέναι
617 2481 731 2537 τῶν
782 2480 1001 2551 φύσεων
1046 2480 1150 2554 τὴν
1186 2479 1476 2552 διαφορὰν,
1537 2480 1846 2553 διατίμνειν

255 2575 404 2630 ἐστὶν
430 2577 516 2644 είς
545 2573 642 2629 δύο
684 2573 778 2628 τὸν
816 2573 917 2628 ινα
969 2570 1228 2645 Χριστόν.
1279 2571 1501 2645 Ἐπειδὴ
1545 2571 1605 2625 δὲ
1642 2574 1846 2636 πάντες

255 2667 308 2720 0i
335 2669 399 2722 tat
423 2666 526 2738 τῆς
561 2663 858 2736 ’Λνατολῆς
883 2663 1196 2736 νομίζουσιν
1216 2663 1361 2734 ἡμᾶς
1376 2662 1503 2728 τοὺς
1526 2661 1845 2734 όρθοδόξους

253 2758 376 2823 ηις
407 2755 788 2828 Ἆπολιναρίου
842 2751 1022 2819 δόξαις
1075 2753 1417 2819 ἀκολουθεῖν,
1459 2752 1554 2806 καὶ
1601 2755 1842 2822 φρονεῖν,

255 2849 339 2904 δτι
389 2848 698 2920 σύγκρασις
743 2845 964 2915 ιγένετο
994 2846 1029 2917 ἢ
1075 2844 1341 2916 σύγχυσις
1391 2842 1697 2917 (τοιαύταις
1734 2845 1846 2918 γὰρ

254 2940 352 2995 παὶ
389 2939 551 3003 αὐτοὶ
605 2939 904 3010 κίχρηνται
945 2937 1197 3009 φωναῖς),
1229 2937 1306 3002 ὡς
1344 2935 1441 2991 τοῦ
1480 2934 1617 2990 Θεοῦ
1666 2937 1844 3004 Λόγου

259 3030 732 3104 μηαδεσληκότος
761 3033 781 3067 ⁸
810 3030 892 3093 είς
919 3029 1086 3100 φύσιν
1120 3027 1346 3099 σαρκὸς,
1386 3027 1482 3083 καὶ
1506 3027 1608 3099 τῆς
1640 3028 1845 3101 σαρκὸς

1950 1937 2262 1994 conﬁtetur.
2305 1937 2419 1995 Nos
2449 1938 2600 1994 enim
2636 1937 2762 1994 illas
2801 1937 3132 2002 adunantes,
3163 1933 3346 1992 unum
3382 1951 3543 1993 eum-

1947 2032 2074 2088 dem
2105 2032 2326 2098 Filium,
2351 2046 2524 2087 unum
2547 2031 2843 2087 Dominum
2868 2029 3225 2095 conﬁtemur,
3248 2045 3413 2085 unam
3439 2046 3541 2102 po-

1948 2133 2154 2179 stremo
2189 2123 2311 2180 Filii
2359 2133 2614 2180 naturam
2665 2123 3010 2179 incarnatam
3043 2122 3301 2178 dicimus.
3350 2121 3543 2177 Simile

1946 2213 2082 2286 quid
2106 2222 2164 2270 et
2185 2215 2253 2271 de
2278 2216 2477 2286 quovis
2498 2215 2724 2272 homine
2751 2215 2863 2272 dici
2885 2221 3090 2286 potest.
3119 2213 3256 2269 Nam
3281 2220 3338 2268 et
3361 2212 3452 2268 ille
3473 2228 3543 2269 ex

1947 2306 2186 2364 diversis
2224 2308 2440 2364 naturis
2481 2316 2731 2374 constat,
2784 2323 2855 2365 ex
2899 2320 3135 2377 corpore
3178 2304 3443 2360 nimirum
3484 2315 3544 2362 et

1946 2398 2148 2454 anima.
2183 2397 2444 2466 Quamvis
2469 2397 2620 2454 enim
2647 2397 2789 2454 ratio
2819 2405 2877 2453 et
2906 2395 3299 2467 contemplatio
3337 2395 3542 2450 horum

1946 2489 2245 2548 discrimen
2295 2505 2408 2547 non
2451 2490 2741 2563 ignorent;
2785 2498 2971 2545 tamen
3012 2497 3372 2559 posteaquam
3419 2486 3545 2544 illas

1947 2581 2275 2649 unierimus,
2301 2595 2468 2637 unam
2489 2579 2730 2638 hominis
2751 2587 3008 2634 naturam
3029 2578 3281 2633 facimus.
3339 2577 3545 2645 Quam-

1945 2672 2138 2728 obrem
2159 2681 2483 2727 naturarum
2514 2670 2886 2728 diﬁ‘erentiam
2926 2686 3226 2743 agnoscere
3247 2710 3262 2736 ,
3310 2687 3422 2726 non
3455 2681 3544 2727 est

1945 2778 2118 2819 unum
2143 2761 2427 2819 Christum
2462 2762 2522 2817 in
2557 2763 2670 2818 duo
2706 2761 2982 2818 dividere.
3004 2761 3143 2830 Quia
3174 2776 3310 2817 vero
3349 2777 3550 2818 omnes

1943 2853 2256 2911 Orientales
2285 2863 2503 2925 putant,
2545 2871 2650 2912 nos
2678 2855 3017 2911 orthodoxos
3056 2855 3384 2926 Apollinarii
3417 2853 3541 2926 opi-

1945 2947 2144 3002 niones
2169 2946 2348 3016 sequi,
2376 2944 2694 3017 sentireque
2734 2954 3058 3001 naturarum
3099 2945 3544 3002 commistionem

1944 3035 2032 3091 vel
2055 3033 2438 3090 confusionem
2462 3033 2660 3089 factam
2685 3048 2807 3090 esse
2828 3032 3120 3105 (ejusmodi
3146 3034 3294 3089 enim
3312 3033 3554 3091 vocibus

253 3122 560 3196 τραπείσης
588 3123 672 3186 είς
698 3121 863 3192 φύσιν
903 3121 1184 3192 θεότητος,
1237 3121 1698 3192 συνεχωρήσαμεν
1744 3121 1846 3174 06-

1948 3125 2051 3197 ipsi
2079 3123 2357 3198 utuntur),
2382 3125 2541 3195 quasi
2561 3123 2708 3181 Deus
2733 3124 2974 3180 Verbum
2999 3123 3055 3179 in
3083 3123 3267 3179 carnis
3289 3132 3546 3182 naturam

253 3217 367 3281 τοῖς
401 3216 449 3281 ί,
479 3213 546 3268 οὐ
579 3213 775 3270 διελεῖν
804 3214 886 3279 είς
935 3212 1032 3267 δύο
1078 3212 1173 3268 τὸν
1205 3212 1304 3267 ινα
1336 3212 1591 3285 Χριστόν·
1629 3211 1704 3286 μὴ
1749 3213 1844 3284 γέ-

255 3323 417 3363 νοιτοο
447 3305 570 3362 ἀλλ’
586 3304 924 3377 ὁμολογῆσαι
949 3304 1112 3377 μόνον
1131 3345 1148 3373 ,
1178 3305 1262 3360 δτι
1282 3303 1408 3368 of”:
1440 3303 1703 3375 σύγχυσις
1723 3305 1844 3373 ιγέο

254 3397 541 3468 κτο,οῦτε
572 3397 899 3471 σύγκρασις,
917 3397 1035 3453 ἀλλ’
1057 3399 1091 3469 ἡ
1121 3397 1223 3469 μὲν
1235 3396 1394 3470 σὰρξ,
1412 3395 1549 3469 σὰρξ
1569 3393 1750 3469 inuti»;
1779 3398 1844 3451 εκ

253 3491 519 3561 γυναικὸς
564 3488 858 3561 ληφθεῖσα,
883 3491 914 3544 ό
943 3488 1003 3544 δὲ
1034 3488 1229 3558 Λόγος,
1275 3487 1352 3552 ὡς
1378 3489 1445 3543 ix
1471 3488 1686 3560 Πατρός
1718 3505 1844 3558 γεν-

255 3584 461 3656 νηθεὶς,
491 3582 669 3651 Λόγος
708 3577 797 3654 ἦν’
833 3581 975 3652 πλὴν
1005 3575 1085 3646 εἷς
1108 3580 1140 3633 ό
1164 3579 1422 3653 Χριστὸς,
1457 3579 1553 3635 καὶ
1579 3579 1729 3645 Υίδς,
1749 3581 1845 3635 καὶ

255 3674 482 3748 Κύριος,
533 3672 678 3728 κατὰ
716 3672 820 3744 τὴν
872 3673 1124 3727 Ἰωάννου
1178 3672 1386 3742 φωνὴν,
1435 3671 1512 3737 ὡς
1559 3671 1846 3742 γεγονότος

255 3768 460 3841 σαρκὸς
490 3763 590 3820 τοῦ
619 3765 818 3835 Λόγου·
849 3761 1300 3837 παρεσκευάσθαι
1323 3761 1381 3817 δὲ
1409 3761 1631 3830 αὐτοὺς,
1671 3777 1844 3834 προσ-

255 3862 399 3932 ὲκειν
440 3861 512 3932 τῇ
577 3857 884 3927 ἀναγνώσει
937 3856 1040 3926 τῆς
1079 3855 1373 3927 ἐπιστολῆς
1421 3854 1518 3909 τοῦ
1569 3853 1843 3929 μακαρίου

257 3943 414 4008 πάντα
449 3949 815 4007 ⁴’Λθανασίου.
864 3948 990 4004 Ὅτι
1038 3950 1157 4008 εκεῖ
1202 3947 1655 4018 φιλονεικούντων
1679 3948 1844 4004 τινῶν

254 4043 348 4098 καὶ
375 4040 674 4111 λεγόντων,
698 4041 784 4094 δτι
813 4040 881 4094 ὲκ
909 4040 1008 4112 τῆς
1040 4038 1176 4105 ίδξας
1205 4037 1420 4109 φύσεως
1444 4039 1474 4094 ό
1503 4039 1638 4104 Θεὸς
1671 4039 1845 4109 Λόγος

257 4132 623 4205 μτεποίησεν
656 4128 836 4202 ἑαυτῷ
865 4128 1048 4201 σῶμα,
1073 4128 1188 4184 ἂνω
1211 4131 1307 4185 καὶ
1333 4130 1486 4184 κάτω
1511 4130 1846 4203 ἰσχυρίζεται

255 4223 334 4278 δτι
356 4223 460 4294 οὐχ
506 4223 794 4296 δμοούσιον
817 4217 890 4294 ἦν
917 4221 995 4293 τῷ
1027 4222 1187 4294 Λόγῳ
1225 4222 1288 4277 τὸ
1335 4222 1528 4294 σῶμαο
1578 4224 1629 4277 εί
1663 4221 1721 4277 δὲ
1747 4224 1846 4294 οὐχ

257 4317 566 4390 δμοούσιον.
616 4314 782 4386 ἑτέρα
823 4314 1041 4378 πάντως
1071 4314 1163 4368 καὶ
1186 4314 1368 4387 ,ἑτέρα
1398 4313 1578 4383 φύσις,
1614 4314 1675 4381 ἐξ
1705 4309 1781 4370 ὧν
1819 4317 1847 4368 ό

259 4404 334 4472 είς
357 4407 457 4463 καὶ
479 4404 644 4476 μόνος
659 4407 861 4458 νοεῖται
878 4404 1111 4474 Χριστός
1129 4411 1180 4458 ι.
1195 4404 1432 4458 Κάκεῖνο
1445 4404 1502 4459 δὲ
1530 4405 1607 4477 μὴ
1632 4406 1845 4475 ἀγνοεί-

1947 3213 2256 3278 transierit,
2309 3220 2367 3268 et
2401 3228 2534 3268 caro
2558 3213 2612 3267 in
2637 3212 2950 3269 divinitatis
2982 3221 3236 3268 naturam
3277 3227 3552 3273 converse

1944 3306 2463 3362 sitzconcessimus
2503 3304 2660 3376 ipsis,
2690 3321 2801 3360 non
2848 3313 2910 3360 ut
2956 3321 3128 3361 unum
3169 3303 3454 3362 Christum
3484 3305 3545 3367 in

1946 3397 2090 3453 duos
2121 3395 2390 3461 dividant,
2435 3394 2608 3452 absit!
2640 3393 2738 3451 sed
2767 3405 2827 3450 at
2862 3403 3075 3450 tantum
3129 3394 3408 3451 fateantur
3441 3410 3544 3452 ne-

1946 3505 2056 3561 que
2082 3488 2461 3550 confusionem
2495 3487 2694 3543 factam
2719 3501 2841 3543 esse
2872 3501 3053 3556 neque
3077 3486 3542 3554 commistionem,

1947 3580 2044 3637 sed
2075 3592 2298 3634 carnem
2323 3576 2495 3633 fuisse
2529 3590 2774 3640 carnem,
2807 3583 2866 3631 ut
2892 3590 2960 3630 ex
2985 3574 3220 3630 muliere
3241 3583 3550 3645 sumptam,

1946 3689 2012 3730 ac
2033 3673 2298 3736 Verbum,
2323 3679 2380 3726 ut
2413 3685 2482 3726 ex
2525 3669 2689 3726 Patre
2727 3668 3000 3740 genitum,
3029 3665 3201 3723 fuisse
3233 3666 3479 3722 Verbum
3525 3683 3548 3721 :

1945 3771 2331 3821 verumtamen
2362 3775 2537 3817 unum
2574 3775 2697 3816 esse
2737 3759 3052 3824 Christum,
3088 3773 3260 3813 unum
3303 3757 3503 3813 Filium
3525 3798 3541 3824 ,

1945 3866 2014 3906 ac
2052 3849 2350 3907 Dominum
2395 3863 2566 3903 unum
2593 3865 2608 3915 ;
2632 3847 2876 3903 Verbum
2907 3847 3085 3912 enim,
3113 3847 3270 3918 juxta
3313 3846 3548 3904 Joannis

1947 3957 2140 3998 vocem
2169 3941 2237 4007 ⁸⁸,
2265 3940 2473 3995 factum
2501 3947 2587 3995 est
2607 3955 2738 3995 caro
2763 3958 2778 3992 :
2805 3939 2887 3993 sic
2927 3947 3113 3994 autem
3151 3948 3373 4008 paratos
3397 3954 3541 4003 esse,

1946 4047 2010 4092 ut
2032 4034 2256 4091 lectioni
2286 4035 2368 4105 ep'
2393 4033 2533 4089 uolat
2564 4033 2713 4088 beati
2745 4046 2899 4103 papae
2920 4032 3208 4088 Athanasii
3231 4031 3540 4089 attendant.

1945 4128 2086 4186 Cum
2105 4127 2256 4184 enim
2277 4141 2378 4181 suo
2404 4133 2649 4195 tempore
2673 4124 2926 4180 nonnulli
2952 4122 3351 4178 contenderent
3372 4138 3438 4179 ac
3459 4123 3558 4186 di-t

1948 4229 2144 4276 cerent
2186 4218 2362 4274 Deum
2384 4215 2628 4273 Verbum
2648 4231 2717 4271 ex
2746 4214 2967 4286 propria
2991 4222 3189 4270 natura
3214 4228 3417 4284 corpus
3435 4213 3570 4270 sibi

1951 4311 2371 4368 transformasse
2387 4349 2404 4374 ,
2425 4307 2576 4364 omni
2597 4307 2808 4361 ratione
2829 4304 3158 4360 conﬁrmare
3185 4313 3417 4359 conatus
3434 4315 3542 4369 est.

1946 4403 2154 4462 Christi
2180 4415 2384 4472 corpus
2405 4414 2516 4453 non
2536 4413 2658 4453 esse
2674 4396 2857 4453 Verbo
2873 4393 3374 4461 consubstantiale;
3394 4397 3542 4466 quod

256 4518 438 4557 τωσαν
482 4507 548 4537 ν·
597 4499 736 4554 ὅπου
769 4497 880 4572 γὰρ
939 4498 1136 4563 ῑνωσις
1179 4497 1529 4570 ὀνομάζεται,
1585 4500 1684 4570 οὐχ
1727 4501 1847 4564 ἑνὸς

1950 4500 1994 4555 si
2031 4497 2214 4554 Verbo
2243 4490 2712 4552 consubstantiale
2754 4505 2865 4546 non
2898 4496 3004 4553 est,
3039 4489 3144 4544 alia
3187 4488 3414 4543 omnino
3457 4497 3544 4542 at-

256 4594 590 4666 ιράγματος
661 4591 990 4662 σημαίνεται
1051 4589 1303 4656 σύνοδος,
1376 4590 1491 4645 ἀλλ’
1542 4591 1575 4663 ἧ
1635 4591 1748 4657 δύο,
1807 4593 1842 4663 ἦ

258 4684 548 4750 πλειόνων,
593 4682 692 4738 καὶ
727 4681 1001 4754 διαφόρων
1027 4681 1280 4754 ἀλλήλοις
1311 4691 1339 4720 ι
1361 4681 1508 4737 κατὰ
1529 4683 1629 4755 τὴν
1659 4684 1844 4755 φύσιν.

259 4776 323 4832 Ei
347 4775 531 4832 τοίνυν
571 4775 804 4846 λέγομεν
844 4775 1062 4839 ινωσιν,
1101 4774 1500 4847 ὁμολογοῦμεν,
1529 4777 1612 4831 ὅτι
1643 4778 1846 4851 σαρκὸς

260 4868 622 4942 δψυχωμένης
665 4867 871 4938 νοερῶς
921 4866 1020 4922 καὶ
1077 4867 1278 4937 Λόγουο
1307 4869 1402 4922 καὶ
1445 4871 1494 4923 οί
1537 4868 1631 4923 δύο
1661 4870 1850 4940 λέγον-

259 4976 350 5025 τες
377 4960 595 5030 φύσεις,
642 4957 788 5014 οὓτω
820 4958 1023 5016 νοοῦσι.
1056 4960 1204 5032 Πλὴν
1246 4959 1346 5030 τῆς
1381 4960 1628 5025 ὲνὼσεως
1652 4963 1848 5032 όμολο-

258 5050 558 5122 γουμινης,
605 5049 792 5103 οὐκέτι
836 5050 1140 5105 διίστανται
1171 5052 1419 5123 ἀλλήλων
1449 5053 1519 5107 τὰ
1551 5052 1843 5117 ἑνωθέντα,

260 5139 378 5195 ἀλλ’
409 5132 491 5206 εἷς
518 5140 709 5195 λοιπον
731 5138 883 5203 Υίδς,
917 5141 1018 5211 μία
1059 5141 1224 5210 φύσις
1269 5141 1464 5209 αὐτοῦ,
1503 5141 1582 5206 ὡς
1629 5159 1848 5212 σαρκω-

261 5233 448 5300 Odm
469 5230 567 5286 τοῦ
583 5231 782 5304 Λόγου.
803 5231 992 5288 Ταῦτα
1019 5233 1383 5306 ὡμολόγησαν
1404 5236 1455 5289 0i
1486 5236 1551 5289 εκ
1575 5236 1676 5307 τῆς
1689 5237 1848 5289 ’Λνα-

259 5325 444 5397 τυλῆςο
473 5325 525 5379 ει
554 5323 653 5378 καὶ
679 5325 814 5395 περὶ
841 5323 943 5397 τὴν
966 5325 1111 5394 λέξιν
1133 5326 1316 5396 ὀλίγον
1343 5328 1760 5400 ὲσκοτίσθησαν.
1785 5331 1848 5382 0i

262 5415 374 5490 γὰρ
399 5413 795 5487 ὁμολογοῦντες
849 5419 931 5472 ότι
971 5420 1002 5471 δ
1033 5420 1097 5473 ὲκ
1147 5419 1285 5474 Θεοῦ
1319 5420 1535 5492 Πατρός
1565 5419 1848 5492 γεννηθεὶς

337 5574 381 5606 ⁸⁸
411 5573 565 5629 han.
593 5592 633 5641 ι,
665 5576 751 5629 Η.

1948 4611 2057 4665 que
2084 4593 2190 4648 alia
2216 4597 2414 4645 natura
2446 4588 2519 4644 sit
2551 4593 2790 4656 oportet,
2821 4600 2888 4639 ex
2914 4583 3286 4654 quibusnnus
3306 4595 3370 4637 ac.
3394 4580 3547 4638 solus

1948 4686 2205 4742 Christus
2225 4682 2563 4737 constitutus
2587 4675 2933 4746 intelligitur.
2958 4674 3068 4729 Nec
3093 4673 3227 4728 illud
3250 4674 3504 4744 ignorent
3528 4690 3544 4726 :

1951 4777 2270 4846 ubicunque
2312 4773 2445 4827 unio
2487 4769 2827 4829 nominatur,
2869 4765 2946 4820 ibi
2977 4781 3089 4820 non
3124 4766 3291 4821 unius
3329 4771 3545 4819 tantum

1952 4871 2036 4927 rei
2077 4865 2524 4938 conjunctionem
2562 4858 2880 4931 signiﬁcari,
2921 4857 3017 4912 sed
3049 4858 3132 4912 vel
3169 4857 3424 4920 duarum,
3456 4857 3546 4911 vcl

1953 4963 2195 5036 plurium
2225 4969 2527 5024 earumque
2555 4951 2856 5006 secundum
2887 4958 3141 5004 naturam
3177 4948 3323 5003 inter
3345 4962 3402 5002 se
3433 4946 3543 5003 dif-

1945 5052 2267 5111 ferentium.
2303 5047 2362 5103 Si
2403 5047 2572 5116 igitur
2602 5044 2866 5098 unionem
2907 5040 3164 5104 dicimus,
3200 5039 3381 5094 carnis
3411 5054 3541 5109 pro-

1946 5147 2036 5204 cul
2061 5143 2233 5200 dubio
2265 5138 2606 5209 intelligente
2643 5148 2825 5189 anima
2846 5132 3088 5202 praedita:
3125 5146 3188 5186 ac
3215 5130 3381 5186 Ver-bi
3419 5145 3542 5184 eam

1946 5254 2070 5297 esse
2090 5234 2352 5292 unionem
2373 5230 2640 5291 fatemur;
2664 5233 2829 5294 atque
2852 5223 2927 5279 ita
2951 5223 3264 5294 intelligunt
3286 5221 3382 5292 qui
3403 5219 3542 5278 duas

1948 5339 2177 5385 naturas
2195 5325 2410 5381 dicunt.
2433 5317 2593 5392 135.
2607 5317 2862 5372 Attamen
2891 5314 3094 5370 unione
3124 5314 3293 5370 semel
3314 5314 3426 5384 jam
3454 5326 3540 5367 as-

1951 5430 2235 5485 serta,non
2252 5414 2489 5485 amplius
2504 5428 2533 5466 a
2549 5427 2606 5465 se
2622 5414 2950 5477 separantur
2962 5420 3084 5476 quae
3099 5413 3227 5460 sunt
3243 5404 3398 5458 unita
3416 5399 3541 5458 :sed

1359 5687 1533 5744 Varie
1561 5687 1832 5747 lectiones
1849 5688 2058 5746 codicis
2087 5687 2431 5760 Seguieriani

338 5803 533 5874 τῐιοῦ.
612 5811 634 5838 ³
678 5801 1139 5873 ειεταεεδηκύτος.
1219 5801 1236 5835 ⁸
1275 5799 1490 5865 αὐτούς.
1568 5809 1594 5837 ι
1628 5801 1778 5865 Υίος.

1857 5809 1882 5839 '
1916 5801 2357 5877 μανθανέτωσαν.

2440 5809 2464 5835 ι
2496 5798 2644 5866 ό).λή
