4126 6314
615 383 721 439 2'27

1616 375 1670 428 S.
1713 373 1986 428 (ZYIIILLI
2027 371 2494 428 ALEXANDRINI
2531 373 2848 430 ARCHIEP.

3753 363 3880 422 228

620 512 762 552 unus
784 497 894 567 jam
927 494 1139 548 exsistit
1159 492 1431 556 Christus,
1459 507 1673 559 unaque
1700 491 1869 559 ipsius
1895 498 2110 552 natura,
2129 499 2189 542 ut

2294 467 2589 561 μονογενὴς
2616 491 2807 559 Λόγος,
2835 491 3100 563 ἐγεννήθη
3126 493 3153 544 ὁ
3183 507 3344 554 αυτος
3378 489 3474 545 καὶ
3509 488 3651 544 κατὰ
3680 487 3879 558 σάρκα

621 587 784 641 Verbi
814 586 1071 640 nimirum
1102 584 1385 638 incarnati.
1417 583 1540 637 Haec
1572 582 1804 636 confessi
1843 589 1970 634 sunt
1992 581 2186 635 Orien-

619 681 775 742 tales,
816 678 1065 748 quamvis
1092 675 1276 729 verbis
1309 675 1585 743 aliquanto
1625 671 2038 726 obscurioribus
2078 673 2183 727 usi.

617 772 720 836 Qui
744 771 890 824 enim
915 768 1263 829 conﬁtentur,
1291 767 1423 820 illud
1449 781 1513 818 ex
1539 765 1832 818 Deo'Patre
1856 774 2042 819 natum
2069 765 2190 818 uni-

616 863 860 933 genitum
885 861 1144 922 Verbum,
1176 859 1317 913 idem
1348 859 1514 911 etiam
1545 858 1846 912 secundum
1874 874 2094 913 carnem
2121 874 2188 913 ex

616 953 843 1007 muliere
871 958 1057 1005 natum
1081 966 1234 1015 esse;
1269 959 1324 1004 et
1354 960 1594 1005 sanctam
1620 950 1896 1019 Virginem
1922 950 2018 1005 Dei
2041 951 2191 1021 geni-

616 1045 829 1108 tricem,
853 1051 908 1097 et
932 1059 1094 1096 unam
1119 1057 1238 1096 esse
1266 1041 1470 1098 Christi
1495 1057 1806 1112 personam,
1832 1052 1890 1096 et
1911 1059 2020 1097 non
2051 1043 2190 1098 duos

616 1134 801 1198 Filios,
828 1149 930 1189 nec
968 1133 1109 1188 duos
1129 1133 1394 1198 Christos,
1421 1133 1518 1188 sed
1560 1149 1733 1187 unum
1774 1141 1982 1188 tantum
2009 1150 2023 1186 :
2047 1148 2188 1203 quo-

617 1226 778 1280 modo
805 1225 1044 1280 Nestorii
1087 1225 1440 1294 Opinionibus
1480 1225 1864 1278 consentiunt?
1904 1224 2190 1278 Nestorius

614 1316 760 1370 enim
797 1315 852 1368 in
880 1314 994 1381 suis
1016 1313 1451 1384 expositionibus
1474 1314 1695 1367 simulat
1719 1329 1778 1368 se
1810 1313 1997 1368 dicere
2020 1328 2189 1368 unum

616 1414 827 1461 tantum
869 1405 1100 1470 Filium,
1145 1414 1202 1459 et
1241 1419 1411 1458 unum
1454 1405 1630 1458 solum
1674 1405 1964 1459 Dominum
2008 1419 2128 1459 esse
2174 1422 2187 1458 :

614 1498 710 1553 sed
757 1497 1078 1553 ﬁliationem
1103 1512 1168 1551 ac
1192 1497 1616 1551 dominationem
1641 1495 1706 1550 ad
1739 1496 1914 1550 solum
1939 1496 2033 1550 Dei
2061 1497 2192 1551 Ver-

613 1586 744 1641 bum
768 1587 952 1643 refert.
979 1588 1047 1641 At
1071 1586 1163 1640 ubi
1188 1586 1252 1640 ad
1279 1586 1700 1655 dispensationis
1719 1587 2037 1656 mysterium
2061 1602 2192 1641 ven-

616 1686 730 1732 tum
761 1689 866 1744 est,
895 1693 1086 1732 rursus
1111 1685 1170 1730 ut
1200 1677 1367 1730 alium
1406 1677 1695 1730 Dominum
1740 1677 1969 1731 seorsim
2009 1677 2188 1731 homi-

615 1785 740 1824 nem
775 1770 907 1825 dicit
929 1786 996 1825 ex
1018 1767 1246 1822 muliere
1275 1775 1485 1829 natum,
1513 1767 1608 1835 qui
1629 1768 1741 1822 sola
1764 1768 1988 1836 aaqualis
2010 1768 2189 1823 hono-

617 1863 694 1916 ris
732 1859 993 1934 dignitate
1034 1861 1361 1929 conjunctus
1395 1861 1465 1914 sit
1503 1856 1700 1914 Verbo.
1735 1859 2189 1929 Quandoquidem

616 1954 800 2006 dicere
841 1951 936 2004 Dei
961 1950 1200 2004 Verbum
1241 1950 1312 2004 ob
1343 1950 1398 2003 id
1428 1950 1706 2004 Christum
1737 1951 2007 2004 nominari
2044 1951 2191 2021 quod

614 2060 738 2098 cum
765 2044 982 2100 Christo
1019 2043 1462 2113 conjunctionem
1497 2042 1716 2104 habeat,
1749 2041 1880 2111 quid
1923 2042 2071 2096 aliud
2111 2051 2194 2097 est

611 2149 777 2202 quam
804 2133 950 2188 clare
971 2147 1223 2187 asserere
1247 2131 1386 2186 duos
1417 2147 1538 2186 esse
1577 2131 1847 2194 Christos,
1872 2133 1918 2186 si
1942 2131 2194 2188 Christus

613 2243 738 2280 cum
761 2225 980 2280 Christo
1003 2225 1447 2295 coniunctionem
1469 2224 1655 2287 habet,
1680 2231 1740 2278 ut
1761 2225 1902 2279 alius
1928 2225 2191 2280 nimirum

613 2335 738 2372 cum
763 2318 909 2371 alio?
936 2318 1006 2372 At
1029 2332 1160 2370 vero
1191 2314 1495 2370 Orientales
1519 2315 1654 2368 nihil
1683 2316 1951 2386 ejusmodi
1980 2315 2191 2387 dicunt,

613 2411 791 2463 solum
817 2418 996 2463 autem
1021 2423 1184 2462 voces
1208 2407 1547 2462 discernunt.
1571 2407 1902 2462 Discernunt
1922 2419 2106 2464 autem
2125 2409 2191 2463 ad

614 2517 740 2554 eum
776 2500 996 2553 modum
1018 2539 1032 2563 ,
1065 2508 1126 2552 ut
1159 2499 1293 2553 alias
1331 2499 1553 2568 quidem
1581 2498 1878 2562 divinitati,
1903 2500 2035 2553 alias
2064 2515 2191 2554 vero

617 2592 964 2656 humanitati,
983 2591 1116 2644 alias
1141 2599 1322 2645 autem
1345 2591 1566 2660 utrique
1595 2591 1964 2645 communiter
1987 2605 2190 2645 conve-

614 2686 734 2738 nire
751 2685 956 2747 dicant,
985 2684 1132 2754 quod
1149 2685 1313 2738 simul
1339 2684 1576 2738 habeant
1601 2683 1747 2752 quod
1771 2683 1882 2736 Deo
1904 2689 1960 2736 et
1981 2683 2190 2737 homini

613 2777 922 2835 conveniat,
939 2777 1011 2829 ita
1037 2785 1238 2840 tamen,
1260 2784 1320 2829 ut
1334 2790 1525 2829 omnes
1543 2774 1609 2828 de
1628 2790 1735 2828 una
1751 2774 2052 2843 eademque
2070 2790 2194 2844 per-

614 2882 747 2921 sona
771 2866 1040 2920 dicantur.
1064 2866 1131 2919 At
1159 2881 1267 2920 non
1294 2867 1369 2919 ita
1393 2864 1705 2927 Nestorius,
1735 2865 1828 2932 qui
1860 2865 1995 2918 alias
2011 2865 2192 2919 Verbo

615 2958 710 3012 Dei
737 2957 1137 3021 seorsim,aIias
1160 2973 1290 3012 vero
1309 2957 1385 3011 illi
1419 2957 1647 3011 ascribit
1671 2972 1739 3010 ex
1774 2956 2010 3012 muliere
2037 2965 2188 3021 nato,

617 3057 872 3118 tanquam
885 3048 1042 3102 alteri
1058 3049 1192 3103 Filio
1203 3049 1377 3104 .Aliud
1394 3058 1576 3103 autem
1592 3057 1675 3103 est
1688 3063 1884 3103 vocum
1897 3064 2190 3120 agnoscere

616 3139 1021 3206 differentiam;
1058 3139 1207 3193 aliud
1243 3155 1462 3194 rursum
1499 3140 1712 3194 duabus
1753 3140 2025 3210 personis,
2070 3149 2190 3194 tan-
2218 3169 2261 3228 ο

615 3245 778 3299 quam
799 3230 904 3283 alte
914 3230 954 3282 ri
969 3238 1023 3284 et
1044 3231 1225 3295 alteri,
1242 3231 1562 3286 differentes
1579 3231 1990 3286 accommodare
2006 3246 2188 3285 voces.

619 3322 862 3392 Epistola
913 3338 1040 3376 vero
1081 3323 1148 3377 ad
1173 3323 1428 3378 Acacium
1466 3324 1760 3393 pracipue,
1791 3325 1948 3394 cujus
1974 3325 2191 3377 initium

616 3420 699 3465 est
726 3430 737 3464 :
772 3431 788 3461 ι
810 3412 918 3466 Res
940 3428 1069 3466 sane
1091 3412 1265 3467 dulcis
1284 3422 1338 3468 et
1359 3415 1809 3469 commendabilis
1827 3422 1912 3468 est
1931 3414 2194 3470 fratribus

615 3505 790 3557 amica
823 3503 1101 3568 salutatio,
1146 3525 1163 3554 ι
1198 3505 1357 3573 plene
1391 3504 1459 3558 de
1496 3506 1580 3558 his
1609 3506 1866 3562 omnibus
1907 3505 2189 3562 satisfacit.

617 3595 797 3649 Ilabes
815 3603 870 3648 et
900 3595 1163 3664 plurimas
1186 3611 1405 3665 quoque
1429 3597 1687 3665 epistolas
1712 3598 1766 3651 in
1791 3599 2032 3668 capsula,
2058 3614 2195 3668 quas

618 3685 861 3739 studiose
905 3687 1120 3741 tradere
1166 3687 1371 3741 debes:
1398 3687 1535 3741 oﬂ'er
1570 3691 1734 3743 etiam
1769 3691 2193 3760 magnificentis-

615 3778 756 3831 simo
797 3778 1087 3846 praeposito
1126 3777 1264 3832 duos
1293 3779 1507 3834 libellos
1539 3796 1678 3849 quos
1704 3781 1771 3834 ad
1816 3782 1968 3836 illum
2014 3784 2135 3839 misi
2178 3803 2190 3838 :

617 3871 849 3922 alterum
881 3881 1068 3924 contra
1095 3871 1330 3924 Nestorii
1356 3871 1724 3940 blasphemias
1748 3874 2035 3943 scriptum,
2064 3876 2197 3931 alte-

619 3976 739 4013 rum
777 3970 894 4014 acta
934 3961 1122 4032 synodi
1156 3969 1343 4014 contra
1369 3961 1700 4028 Nestorium,
1728 3964 2082 4042 ejusdemque
2106 3982 2193 4020 as-

615 4053 810 4115 .wclas,
845 4054 1317 4121 complectentem,
1343 4062 1398 4107 et
1434 4055 1810 4121 refutationes,
1837 4073 1972 4126 quas
2005 4067 2194 4112 contra

619 4145 891 4198 Andream
932 4153 986 4198 et
1025 4145 1428 4200 Theodoretum
1464 4149 1769 4218 episcopos,
1803 4149 1896 4219 qui
1933 4149 2195 4205 adversus

545 4261 551 4266 -
615 4237 793 4306 capita
819 4238 1178 4306 scripserunt,
1217 4238 1383 4291 edidi.
1421 4239 1813 4309 Complectitur
1837 4250 2016 4294 autem
2051 4243 2192 4306 idem

617 4327 836 4380 libellus
876 4327 977 4380 sub
1021 4326 1180 4380 ﬁnem
1225 4328 1422 4382 breves
1455 4329 1716 4397 quasdam
1751 4329 1906 4400 135
1934 4330 2000 4384 de
2033 4331 2194 4385 Chri-

614 4419 685 4471 sti
734 4419 1141 4487 dispensatione
1197 4420 1606 4488 expositiones,
1648 4421 1850 4491 easque
1894 4423 2067 4477 bonas
2100 4423 2194 4478 ad-

2290 585 2354 636 ἐκ
2381 585 2657 653 γυναικὸς,
2682 585 2777 637 καὶ
2797 585 2876 639 ὅτι
2900 584 3164 668 Θεοτόδιος
3181 585 3329 638 ἐστὶν
3351 585 3384 653 ή
3413 582 3544 649 ἁγία
3563 579 3877 652 Παρθένος.

2292 677 2383 729 καὶ
2405 677 2488 730 ὅτι
2511 677 2567 730 ἐν
2588 675 2753 729 αὐτοῦ
2785 675 2845 729 τὸ
2877 677 3187 745 πρόσωπον,
3209 676 3302 728 καὶ
3319 677 3400 727 ὃτι
3425 675 3484 727 οὐ
3523 673 3617 726 δύο
3640 672 3778 729 Υἱοὶ.
3808 670 3881 722 οὐ

2289 768 2382 820 δύο
2398 769 2440 822 Χ
2449 770 2640 839 ριστοὶ,
2661 768 2774 821 ἀλλ’
2797 761 3022 830 εἷς,πῶς
3037 771 3154 830 ταῖς
3171 765 3465 836 Νεπορίου
3495 764 3884 835 συμφέρονται

2290 860 2503 926 δόξαις
2547 860 2839 930 Νεστόριος
2869 860 2968 931 μὲν
2991 859 3099 930 γάρ
3120 861 3177 913 ἐν
3205 861 3325 921 ταῖς
3347 855 3542 911 ἐαυτοῦ
3573 855 3886 925 ἐξηγήσεσι

2292 954 2670 1023 προσποιεῖται
2723 952 2900 1021 λέγειν
2936 953 3018 1006 ὅτι
3069 951 3196 1013 Υίὸς
3239 946 3339 1014 εἷς,
3375 948 3467 1002 καὶ
3517 942 3596 1010 εἷς
3631 946 3882 1017 Κύριοςο

2291 1042 2427 1096 ἀλλά
2457 1043 2717 1114 ἀναφέρει
2759 1043 2858 1112 τὴν
2892 1043 3116 1114 υίότητα
3167 1042 3262 1095 καὶ
3300 1039 3397 1112 τὴν
3435 1039 3733 1110 κυριότητα
3773 1037 3888 1090 ἐπὶ

2295 1133 2454 1203 μόνον
2506 1134 2598 1188 τὸν
2650 1136 2743 1188 τοῦ
2793 1133 2927 1188 Θεοῦ
2976 1134 3170 1202 Λόγον.
3197 1133 3364 1187 Ὀταν
3396 1131 3452 1184 δέ
3483 1129 3611 1202 ἐλθῃ
3658 1129 3736 1191 είς
3765 1127 3887 1198 τὴν

2289 1224 2624 1294 οἰκονομίαν,
2654 1224 2836 1287 πάλιν,
2881 1224 2956 1287 ὡς
2987 1223 3175 1295 ἕτερον
3207 1222 3432 1290 Κύριον,
3461 1220 3553 1274 τὸν
3580 1222 3644 1272 ἐκ
3672 1233 3846 1287 γυναι
3866 1245 3885 1258 -

2292 1314 2386 1378 κὸς
2439 1313 2543 1383 ιδίᾳ
2593 1314 2881 1386 ἄνθρωπόν
2915 1332 3069 1384 φησι,
3105 1312 3446 1383 συναφθέντα
3489 1313 3555 1383 τῇ
3601 1309 3728 1380 ἀξίᾳ
3764 1307 3886 1379 τῆς

2293 1405 2586 1474 ἰσοτιμίας.
2629 1406 2702 1458 Τὸ
2725 1407 2834 1474 γὰρ
2868 1405 3048 1474 λέγειν
3095 1405 3176 1458 ὅτι
3213 1405 3303 1458 διὰ
3333 1402 3493 1456 τοῦτο
3529 1403 3558 1456 ὁ
3603 1401 3734 1465 Θεὸς
3760 1400 3881 1455 Δό-

2291 1511 2387 1564 γος
2418 1495 2652 1567 Χριστὸς
2679 1495 3026 1566 ὀνομάζεται,
3056 1496 3137 1549 ὅτι
3177 1495 3292 1565 ἔχει
3318 1493 3419 1563 τὴν
3445 1492 3739 1560 συνάφειαν
3763 1489 3876 1564 τὴν

2293 1586 2428 1657 πρὸς
2458 1587 2550 1640 τὸν
2577 1587 2835 1660 Χριστὸν,
2868 1587 2986 1650 πῶς
3028 1588 3127 1640 οὐκ
3171 1586 3396 1656 ἐναργές
3423 1587 3539 1640 ἐστι
3565 1583 3659 1638 δύο
3686 1583 3877 1652 λέγειν

2291 1676 2580 1745 Χριστοὺς,
2611 1679 2659 1730 εί
2708 1677 2942 1748 Χριστὸς
2975 1678 3112 1747 πρὸς
3149 1677 3384 1749 Χριστὸν
3405 1676 3516 1746 ἔχει
3547 1676 3872 1745 συνάφειαν,

2289 1768 2366 1832 ὡς
2399 1767 2558 1832 ἄλλος
2583 1768 2719 1840 πρὸς
2752 1768 2946 1834 mc»;
2983 1771 3046 1822 Ol
3080 1768 3137 1822 δέ
3174 1770 3237 1822 ἐκ
3270 1767 3371 1838 τῆς
3399 1766 3686 1838 ’Δνατιολῆς
3713 1766 3876 1822 οὺδδν

2293 1859 2548 1930 εἰρήκασι
2580 1859 2841 1925 τοιοῦτον,
2872 1858 2970 1922 τὰς
2999 1859 3056 1913 δέ
3089 1859 3272 1929 φωνάς
3303 1859 3572 1931 διαιροῦσι
3609 1860 3775 1930 μόνας
3811 1866 3870 1913 ἵ.

2293 1949 2570 2021 Διαιροῦσι
2611 1942 2672 2004 δέ
2717 1951 2859 2005 κατά
2901 1951 3089 2004 τοῦτον
3120 1951 3210 2004 τὸν
3247 1951 3469 2022 τρόπον,
3515 1951 3591 2014 ὼς
3633 1950 3735 2014 τὰς
3765 1950 3874 2020 μὲν

2295 2040 2617 2113 θεοπρεπεῐς
2656 2038 2794 2096 εἶναι
2827 2042 3025 2111 λέγειν,
3054 2041 3155 2105 τὰς
3199 2043 3257 2096 δέ
3286 2042 3652 2113 ἀνθρωπίνας,
3683 2041 3781 2105 τὰς
3810 2040 3874 2094 δδ

2295 2134 2787 2204 κοινοποιηθείσας,
2814 2134 2890 2199 ὼς
2917 2134 3147 2204 ἐχούσας
3173 2134 3311 2205 ὁμοῦ
3339 2135 3434 2188 καὶ
3457 2134 3519 2187 τὸ
3543 2132 3871 2205 θεοπρεπὲς,

2293 2225 2387 2278 καὶ
2416 2225 2475 2278 τὸ
2501 2225 2862 2296 ἀνθρώπινον,
2907 2226 3047 2295 πλὴν
3091 2226 3389 2297 εἰρημένας
3419 2225 3550 2298 περὶ
3595 2224 3729 2290 ἐνὸς,
3773 2224 3876 2279 καὶ⁵

2293 2314 2386 2369 τοῦ
2416 2316 2604 2378 αὐτοῦ,
2630 2317 2726 2370 καὶ
2776 2318 2874 2387 οὐχ
2919 2318 2994 2380 ὡς
3037 2317 3332 2387 Νεστόριος
3359 2316 3456 2379 τὰς
3492 2314 3593 2387 μὲν
3626 2313 3704 2386 τῷ
3746 2312 3877 2385 Θεῷ

2292 2407 2452 2478 Λόγῳ
2489 2407 2670 2472 ίδικῶς
2711 2410 2994 2479 ἀπονέμει,
3034 2409 3132 2471 τὰς
3177 2408 3234 2462 δέ
3265 2406 3344 2478 τῷ
3385 2409 3449 2461 ἐκ
3477 2406 3751 2476 γυναικὸς,
3791 2404 3877 2469 ὡς

2293 2497 2466 2569 ἐτέρῳ
2495 2499 2628 2571 Υίῷ.
2659 2500 2884 2571 Ἕτερον
2924 2500 2982 2553 δέ
3031 2501 3148 2553 ἐστι
3181 2499 3242 2552 τὸ
3281 2499 3476 2569 φωνῶν
3505 2499 3704 2552 εἰδέναι
3751 2496 3876 2552 δια-

2293 2589 2488 2660 φορὰν,
2529 2592 2623 2642 καὶ
2658 2590 2843 2659 ἕτερον
2884 2590 2946 2642 τὸ
2995 2589 3240 2660 μερίζειν
3291 2589 3386 2642 δύο
3429 2587 3764 2660 προσώποις,
3791 2588 3878 2653 ὡς

2293 2681 2482 2754 ἑτέρῳ,
2530 2685 2624 2736 καὶ
2667 2685 2858 2754 ἑτέρῳ.
2891 2684 2953 2735 Ἡ
2995 2682 3050 2735 δέ
3091 2680 3410 2752 ἐπιστολὴή
3448 2681 3584 2752 πρὸς
3618 2679 3878 2734 ’Δκάκιον

2297 2775 2553 2842 μάλιστα,
2579 2773 2646 2847 ἦς
2681 2777 2714 2846 ή
2747 2776 2914 2846 ἀρχή·
2958 2794 2976 2825 ‹
3011 2774 3220 2844 Χρῆμα
3252 2774 3351 2845 μὲν
3379 2772 3634 2842 ἀδελφοῖς
3654 2771 3879 2844 eum.

2296 2880 2452 2934 ρησις
2481 2864 2653 2932 γλυκύ
2698 2882 2758 2917 τε
2797 2867 2890 2916 καὶ
2920 2865 3271 2932 ἁξιάγαστον,
3309 2883 3328 2915 ι
3367 2864 3540 2934 καλὴν
3574 2862 3876 2932 ἀπολογίαν

2295 2955 2408 3026 ἔχει
2445 2957 2576 3029 περὶ
2620 2958 2858 3011 πάντων.
2884 2957 3070 3026 Ἔχεις
3099 2955 3156 3009 δὲ
3188 2954 3447 3019 πλείστας
3492 2955 3777 3019 ἐπιστολὰς
3810 2955 3878 3011 ἐν

2293 3049 2369 3119 τῷ
2425 3049 2795 3119 γλωσσοκόμῳ
2833 3058 2876 3084 ι·
2924 3047 2991 3110 ἃς
3019 3046 3256 3116 ὀφείλεις
3305 3046 3604 3110 σπουδαίως
3659 3044 3876 3099 ἐπιδοῦ-

2294 3157 2420 3194 ναι·
2470 3141 2788 3211 προσάγαγε
2821 3141 2878 3194 δέ
2910 3141 2988 3212 τῷ
3025 3139 3530 3213 μεγαπρεπεστάτῳ
3562 3151 3588 3180 ι
3635 3155 3878 3210 πραιπο-

2297 3233 2449 3302 σίτῳ,
2475 3233 2570 3285 ml.
2606 3231 2674 3285 τὰ
2715 3232 3091 3286 ἀποσταλέντα
3127 3234 3258 3304 παρ’
3289 3230 3424 3302 ἐμοῦ
3455 3229 3550 3283 δύο
3583 3229 3786 3300 βιϐλία,
3811 3230 3878 3284 ἓν

2299 3324 2417 3395 μέν,
2480 3324 2621 3378 κατά
2669 3323 2777 3377 τῶν
2822 3323 3118 3396 Νεστορίου
3173 3323 3517 3395 δυσφημιῶν,
3569 3321 3755 3392 ἕτερον
3811 3321 3876 3376 δέ

2295 3417 2420 3488 ἐχον
2453 3417 2521 3472 τὰ
2548 3418 2608 3473 ἐν
2637 3419 2701 3488 τῇ
2735 3416 2936 3487 συνόδῳ
2965 3415 3330 3487 πεπραγμένα
3375 3413 3518 3469 κατά
3571 3413 3875 3486 Νεστορίου

2296 3511 2514 3566 καὶτῶν
2543 3511 2610 3564 τὰ
2637 3510 2802 3563 αὐτοῦ
2843 3508 3203 3581 φρονούντων,
3233 3509 3326 3563 καὶ
3359 3508 3711 3580 ἀντιρρήσεις
3737 3509 3873 3579 παρ’

2296 3603 2432 3674 ἐμοῦ
2467 3603 2855 3674 γεγραμμένας
2883 3603 2910 3643 ι)
2948 3601 3081 3673 πρὶς
3105 3603 3230 3666 τοὺς
3255 3600 3572 3673 γράψαντας
3599 3599 3741 3654 κατά
3762 3598 3876 3653 τῶν

2296 3695 2630 3765 κεφαλαίωνο
2677 3694 2770 3748 δύο
2821 3694 2876 3748 δέ
2933 3698 3070 3748 εἰσιν
3121 3695 3438 3755 ἐπίσκοποι,
3477 3691 3736 3764 Ἀνδρέας
3780 3693 3876 3746 καὶ

2295 3787 2656 3859 Θεοδὼρητος.
2708 3787 2861 3857 Ἔχει
2896 3787 2952 3840 δὲ
2987 3789 3079 3841 ἐπὶ
3111 3787 3254 3842 τέλει
3290 3787 3351 3841 τὸ
3384 3785 3518 3840 αὐτὸ
3549 3784 3752 3855 βιϐλίον
3777 3785 3876 3840 καὶ

2297 3880 2595 3950 συντόμους
2626 3878 2872 3943 ἐκθέσεις
2904 3879 3032 3949 περὶ
3080 3879 3181 3951 τῆς
3220 3879 3362 3933 κατά
3398 3877 3633 3950 Χριστὸν
3663 3878 3873 3931 οίκονοο

2299 3972 2447 4041 μίας,
2482 3971 2684 4041 σφόδρα
2709 3965 2906 4032 καλὰς,
2925 3971 3019 4024 καὶ
3046 3969 3326 4042 ὠφελῆσαι
3355 3969 3677 4040 δυναμένας.
3700 3969 3876 4038 Προσ·

2296 4062 2470 4130 άγαγε
2499 4061 2553 4113 δέ
2582 4061 2781 4130 ὁμοίως
2809 4061 2955 4130 αὐτῷ
2999 4062 3062 4113 ἐκ
3111 4060 3217 4112 τῶν
3260 4058 3500 4128 ἐχουσῶν
3527 4058 3704 4128 δέρμα
3747 4057 3873 4110 ἐπι-

2297 4153 2488 4215 στολὰς
2511 4152 2696 4216 πέντε,
2727 4152 2856 4221 μίαν
2886 4152 2985 4222 μὲν
3016 4151 3110 4204 τοῦ
3144 4152 3411 4222 μακαρίου
3457 4152 3615 4203 πάπα
3646 4148 3872 4202 Ἀθανα-

2298 4245 2413 4297 σίου
2471 4244 2607 4313 πρὸς
2653 4243 2995 4313 Ἐπίκτητον,
3064 4245 3159 4296 καὶ
3223 4243 3388 4312 ἀλλην
3440 4241 3578 4313 πρὸς
3613 4240 3869 4306 Ἰωάννην

2296 4336 2426 4406 παρ’
2455 4333 2633 4406 ήμῶν,
2669 4334 2762 4387 καὶ
2797 4335 2931 4405 πρὸς
2972 4335 3266 4404 Νεστόριον
3298 4335 3411 4395 δύο,
3455 4333 3584 4402 μίαν
3629 4331 3740 4402 τὴν
3774 4347 3866 4402 μι-

2295 4425 2458 4494 κρὰν,
2509 4426 2602 4479 καὶ
2643 4424 2771 4494 μίαν
2808 4427 2905 4497 τὴν
2957 4426 3222 4503 μεγάλην,
3263 4425 3358 4477 καὶ
3387 4423 3488 4494 τήν
3533 4421 3671 4494 πρὸς
3704 4421 3865 4476 Ἀκά-

616 4507 840 4562 modum
898 4519 952 4563 et
1007 4511 1186 4564 utiles.
1235 4511 1383 4565 Oll‘er
1425 4513 1476 4565 ei
1527 4513 1776 4566 similiter
1811 4529 1880 4567 ex
1923 4514 2033 4569 illis
2073 4531 2191 4585 quae

2298 4534 2433 4573 κιον.
2460 4517 2638 4579 Αὺτάς
2673 4527 2696 4554 α
2729 4517 2834 4587 γὰρ
2857 4517 3087 4588 ἐζήτησε
3115 4518 3242 4589 παρ’
3267 4515 3444 4586 ἡμῶν.

613 4601 784 4653 corio'
809 4603 1056 4657 obductae
1088 4613 1235 4668 sunt,
1267 4605 1507 4675 quinque
1542 4607 1800 4676 epistolas
1827 4625 1838 4659 :
1865 4623 2027 4661 unam
2064 4609 2208 4664 beati
2245 4627 2397 4682 papae
2424 4611 2705 4666 Athanasii
2747 4610 2815 4664 ad
2840 4610 3178 4680 Epictetum;
3226 4609 3456 4663 alteram
3497 4621 3692 4670 meam,
3721 4604 3868 4659 illam

615 4695 873 4750 videlicet
906 4715 1066 4767 quam
1093 4700 1159 4754 ad
1192 4699 1455 4754 Joannem
1481 4702 1807 4771 perscripsi;
1834 4718 2053 4757 rursum
2092 4704 2229 4758 duas
2260 4719 2428 4770 meas,
2457 4720 2594 4775 quas
2629 4704 2697 4758 ad
2720 4704 3030 4759 Nestorium
3057 4703 3207 4768 misi;
3233 4705 3482 4774 exiguam
3510 4714 3696 4766 unam,
3737 4713 3864 4772 pro-

614 4788 779 4843 lixam
817 4790 1076 4857 alteram;
1135 4791 1371 4863 denique
1403 4792 1550 4847 illam
1570 4810 1694 4864 quae
1747 4805 1831 4851 est
1867 4797 1935 4852 ad
1999 4797 2279 4852 Acacium.
2313 4798 2448 4852 Nam
2481 4799 2612 4855 istas
2638 4814 2829 4854 omnes
2857 4814 2886 4852 a
2911 4797 3070 4853 nobis
3092 4796 3271 4867 petiit.

1735 5015 2069 5072 EPISTOLA
2108 5019 2246 5078 XLV
2293 5020 2386 5093 (al.
2429 5018 2736 5087 XXXVIII).

1902 5147 1967 5183 ΑΙ)
1994 5145 2290 5191 ευςεεαευι
2316 5149 2620 5190 EPISCOPUI.

615 5231 867 5306 Ejusde_m
889 5231 1072 5302 Cyrilli
1089 5235 1159 5287 ad
1185 5233 1497 5288 Succensum
1513 5236 1810 5306 episcopum
1831 5239 2177 5300 Diocwsarea

795 5303 1105 5357 Isauriensis
1131 5307 1409 5375 provincia:
1437 5303 1654 5375 epistola
1678 5303 1730 5360 ί·
1763 5308 1836 5362 De
1857 5311 1978 5378 ﬁde.

687 5531 897 5601 Perlegi
947 5534 1428 5587 commonitorium
1481 5536 1624 5604 quod
1671 5553 1698 5590 a
1742 5547 1831 5592 tua
1893 5540 2179 5593 sanctitate

607 5620 878 5676 directum
908 5632 1010 5686 est,
1034 5631 1088 5676 et
1125 5624 1280 5678 valde
1311 5625 1527 5693 gavisus
1553 5641 1671 5679 sum
1711 5628 1880 5696 quod,
1915 5644 2038 5681 cum
2067 5629 2181 5698 ipse

2296 5273 2406 5328 Τοῦ
2451 5270 2638 5326 αὑτοῦ
2682 5270 2831 5339 πρὸς
2879 5286 2985 5323 τον
3025 5285 3474 5339 μακαριωτστον
3522 5272 3860 5328 Σούκενσον

2359 5343 2698 5395 ἐπίσκοπον
2749 5341 2858 5406 τῆς
2912 5341 3349 5410 Διοκαισαρέων
3395 5339 3510 5408 τῆς
3548 5343 3697 5395 κατὰ
3750 5344 3859 5411 τὴν

2375 5414 2652 5478 Ἰσαύρων
2681 5411 2994 5480 ἐπαρχίαν,
3020 5411 3157 5479 Περὶ
3187 5412 3444 5475 πίστεως
3474 5417 3545 5465 a’.

2374 5539 2654 5610 Ἐνέτυχον
2692 5541 2789 5611 μὲν
2814 5541 2896 5611 τῷ
2922 5541 3316 5612 ὑπομνηστικῷ
3343 5541 3419 5612 τῷ
3453 5545 3603 5615 παρά
3632 5544 3730 5613 τῆς
3762 5543 3853 5615 σῆς

2285 5630 2563 5701 ὁσιότητος
2605 5633 2999 5695 ἀποσταλέντι,
3049 5635 3223 5705 ἣσθην
3272 5636 3327 5689 δὲ
3375 5637 3514 5704 ἄγαν
3556 5634 3635 5691 ὅτι
3686 5639 3850 5694 καίτοι

1700 5784 1869 5839 Vari-.e
1896 5785 2159 5839 lectiones
2189 5784 2398 5840 codicis
2435 5785 2793 5857 Seguieriani.

676 5901 702 5942 1
733 5893 908 5964 μόνον.
990 5905 1009 5932 ι
1039 5898 1287 5963 τοιαύτας
1320 5895 1852 5970 ἐν’-ξλιυπῡκομτίῳ,

1929 5913 1952 5940 ιι
1983 5898 2057 5970 τῷ
2090 5899 2396 5970 μεγαλοπρε
2409 5902 2672 5973 πεστᾶτιει.

2753 5905 2777 5941 b
2811 5905 3119 5974 γενομένας.
3207 5916 3228 5944 ⁸
3258 5905 3449 5960 ταῦτα.
