4154 6322
265 316 360 370 ὲὶθ

1617 313 1949 372 EPISTOLA
1991 316 2148 371 XLV.

3431 309 3540 367 150

261 440 558 510 δυνάμενος
591 439 738 509 ἡμᾶς
785 452 845 490 τε
881 436 973 490 καὶ
1009 436 1227 504 ἑτέρους
1272 433 1502 502 ὠφελεῖν
1538 435 1600 486 ἐκ
1636 433 1836 502 πολλῆς

1955 448 2034 488 Lua
2062 435 2260 504 insigni
2291 434 2540 489 doctrina
2576 433 2752 503 possis
2770 444 2824 487 et
2864 431 3026 486 nobis
3073 441 3127 486 et
3168 430 3383 486 caeteris
3408 445 3538 502 pro-

261 535 394 601 άγαν
427 529 784 602 φιλομαθίας,
818 529 1145 600 προτρέπειν
1175 526 1344 590 ἀξιοῖς
1375 527 1408 580 ’ἁ
1449 527 1528 588 είς
1561 524 1684 577 νοῦν
1723 526 1841 593 ἐχο-

261 644 377 696 μεν,
409 624 503 678 καί
532 640 592 676 σε
623 625 838 694 φρονεῖν
860 621 1262 688 ὑπειλήφαμεν,
1289 618 1462 672 ταῦτα
1489 619 1580 671 καὶ
1610 615 1840 684 γράψαι.

259 712 568 783 Φρονοῦμεν
593 711 770 762 τοίνυν
815 709 940 778 περι
971 707 1071 774 τῆς
1105 705 1201 758 τοῦ
1229 703 1483 772 Σωτῆρος
1519 703 1674 772 ἡμῶν
1702 703 1842 752 οίκο-

262 807 477 874 νομίας,
511 804 547 858 ἃ.
573 804 668 857 καὶ
696 805 744 854 οἱ
777 800 883 868 πρὸ
913 799 1068 869 ἡμῶν
1098 799 1241 866 ἅγιοι
1265 795 1523 867 [Ιατέρες.
1565 791 1842 859 ’Λναγνόν-

265 913 352 956 τες,¹
393 897 507 967 γὰρ
546 897 674 957 τοὺς
714 893 936 946 ἐκείνων
976 891 1170 952 πόνους
1192 930 1206 953 ,
1239 889 1332 941 τὸν
1361 885 1569 939 ἑαυτῶν
1593 885 1718 938 νοῦν
1747 902 1844 937 κα-

260 987 696 1060 ταρυθμίζομεν,
725 984 866 1037 ὥστε
895 982 1128 1036 κατόπιν
1156 979 1338 1034 αὐτῶν
1366 979 1522 1043 ίέναι,
1553 976 1649 1030 και
1679 975 1845 1045 μηδὲν

258 1084 323 1152 τῇ
374 1079 492 1133 τῶν
544 1076 830 1147 δογμάτων
891 1073 1144 1145 ὀρθότητι
1197 1070 1384 1125 καινὸν
1454 1067 1842 1138 ὲπωσφρῆσαι.

271 1170 493 1240 Ἐπειδὴ
531 1167 588 1220 δὲ
623 1168 655 1236 ἡ
706 1167 773 1236 σὴ
821 1163 1097 1234 τελειότης
1139 1159 1562 1215 διαπυνθάνεται
1615 1159 1844 1226 πότερον

259 1263 362 1334 χρὴ
380 1261 563 1328 λέγειν
589 1258 681 1310 ἐπὶ
711 1255 943 1328 Χριστοῦ
972 1253 1064 1307 δύο
1084 1252 1296 1322 φύσεις,
1331 1251 1366 1322 ἢ
1399 1250 1495 1321 μὴ,
1525 1249 1634 1303 δεῖν
1659 1247 1844 1318 ᾠήθη-

263 1368 363 1421 μεν
399 1348 540 1418 πρὸς
565 1345 726 1399 τοῦτο
758 1345 956 1398 εἰπεῖν,
988 1342 1250 1413 Διόδωρός
1275 1358 1357 1404 τις
1386 1341 1846 1410 πνευματομὰχος

257 1443 331 1495 ὢν
359 1440 508 1494 κατὰ
540 1439 786 1509 καιροὺς,
817 1435 893 1499 ὣς
928 1452 1082 1504 φασι,
1117 1431 1487 1502 κεκοινώνηκε
1517 1433 1583 1502 τῇ
1616 1430 1725 1483 τῶν
1757 1431 1848 1499 ὁρ-

259 1533 495 1599 θοδόξων
551 1528 868 1600 Ἐκκλησία.
905 1519 1073 1592 Οὗτος
1121 1524 1458 1592 ἀποθέμενος
1481 1563 1498 1589 ,
1535 1525 1724 1593 ὥσπερ
1758 1517 1849 1575 οὖν

258 1625 508 1694 ινόμισε,
541 1622 634 1674 τὸν
668 1620 772 1690 τῆς
809 1618 1191 1688 Μακεδονικῆς
1230 1615 1498 1680 αἱρέσεως
1526 1613 1736 1676 σπῖλον,
1771 1615 1849 1674 είς

259 1716 459 1787 ἑτέραν
497 1712 855 1767 ἐκπέπτωκεν
886 1709 1218 1781 ἀρρωστίαν.
1256 1707 1575 1777 Πεφρόνηκε
1609 1706 1717 1775 γὰρ
1753 1703 1847 1757 καὶ

258 1777 564 1879 γέγραφεν,
591 1806 672 1858 ὅτι
699 1803 884 1874 lupo;
1051 1799 1177 1863 Υιδς
1214 1797 1334 1852 κατ’
1368 1796 1506 1852 ίδίαν
1539 1797 1688 1849 ἐστὶν
1719 1797 1746 1849 ὁ
1783 1797 1846 1846 ἐκ
1885 1777 1922 1828 Β

262 1899 583 1970 σπέρματος
609 1894 774 1948 Δαϐὶδ
805 1892 1088 1963 γεννηθεὶς
1133 1893 1198 1945 ὲκ
1239 1890 1337 1961 τῆς
1377 1889 1538 1957 ἁγίας
1572 1885 1848 1959 παρθένου

262 1992 354 2044 καὶ
388 1991 739 2060 θωμὴτορος·
779 1985 966 2056 ἕτερος
1012 1983 1069 2037 δὲ
1102 1982 1264 2037 πάλιν
1315 1979 1496 2043 ίδικῶς
1540 1979 1670 2042 Υἱὸς
1713 1979 1742 2031 ό
1786 1979 1850 2030 ὲκ

261 2077 400 2133 Θεοῦ
434 2077 652 2150 Πατρδς
686 2076 879 2146 Λόγος.
911 2074 1107 2145 κωδίῳ
1150 2073 1340 2143 ὥσπερ
1369 2071 1645 2142 προϐάτου
1676 2087 1848 2124 κατα-

264 2170 510 2236 σκιάζων
535 2171 626 2223 τὸν
667 2167 850 2234 λύκον,
900 2167 1286 2238 προσποιεῖται
1341 2163 1441 2234 μὲν
1471 2163 1568 2216 ἕνα
1614 2160 1849 2232 Χριστὸν

262 2263 464 2331 λέγειν’
515 2260 807 2332 ἀναφέρων
856 2258 954 2329 μὲν
998 2256 1060 2310 τὸ
1093 2256 1261 2326 δνομα
1300 2255 1390 2308 ἐπὶ
1441 2254 1602 2325 μόνον
1647 2251 1738 2304 τὸν
1787 2252 1851 2304 εκ

267 2350 406 2406 Θεοῦ
442 2351 660 2422 Πατρὸς
701 2349 874 2417 Λόγον
901 2346 1230 2418 γεννηθέντα
1275 2344 1402 2398 Υίὸν
1441 2343 1734 2415 μονογενῆο
1775 2342 1849 2407 ὼς

264 2445 323 2496 ὲν
369 2443 596 2514 χάριτος
627 2440 684 2494 δὲ
729 2437 883 2504 τάξει
927 2435 1255 2508 προσνέμων
1299 2435 1472 2506 αὐτῷ,
1508 2434 1656 2490 καθά
1686 2449 1851 2504 φησιν

264 2533 450 2597 αὐτός’
491 2529 703 2585 καὶτὸν
735 2531 800 2583 lx
847 2526 1161 2598 σπέρματος
1201 2522 1366 2577 Δασὶδ
1399 2523 1514 2575 υἱὸν
1558 2520 1847 2584 ἀποκαλεῖ,

261 2625 337 2688 ὼς
371 2621 664 2685 ένωθέντα,
692 2619 850 2691 φησι,
877 2618 958 2688 τῷ
982 2616 1126 2672 κατὰ
1149 2614 1404 2685 ἀλήθειαν
1424 2612 1558 2684 Υίῷο
1584 2613 1850 2666 ένωθέντα

262 2715 344 2783 δὲ,
383 2716 484 2784 οὐχ
515 2712 706 2783 ὥσπερ
746 2711 907 2782 ἡμεῖς
951 2708 1268 2777 δοξάζομεν,
1309 2703 1446 2758 ἁλλὰ
1492 2703 1636 2758 κατὰ
1683 2704 1850 2774 μόνην

264 2807 364 2879 τὴν
402 2805 582 2873 ἀξίαν,
612 2805 708 2858 και
729 2802 872 2857 κατὰ
902 2799 1213 2862 αὑθεντίαν,
1254 2799 1348 2852 καὶ
1375 2796 1520 2850 κατὰ
1552 2795 1847 2865 ἰσοτιμίαν.

265 2895 472 2952 τούτου
504 2896 695 2964 γέγονε
727 2893 976 2963 μαθητὴς
1005 2889 1319 2961 Νεστόριος·
1357 2889 1454 2943 και
1485 2889 1549 2941 ὲκ
1573 2887 1681 2941 τῶν
1705 2887 1848 2940 ὲκεί-

267 3005 360 3042 νου
387 2985 606 3056 βιϐλίων
635 2983 1040 3066 ὲσκοτισμένος,
1067 2982 1445 3054 προσποιεῖται
1482 2979 1582 3050 μὲν
1617 2974 1850 3048 Χριστὸν

266 3079 384 3144 ινα,
421 3079 517 3132 και
549 3075 697 3140 Υίὺν,
728 3075 824 3129 καὶ
855 3073 1059 3144 Κύριον
1086 3071 1390 3142 ὁμολογεῖν,
1427 3070 1639 3140 μερίζει
1673 3068 1728 3121 δὲ
1757 3067 1850 3121 και
1878 3109 1921 3167 c

265 3173 430 3234 αὐτὸς
457 3169 538 3231 είς
563 3167 656 3221 δύο
677 3166 770 3220 τὸν
799 3166 916 3231 ἕνα,
943 3165 1038 3218 καὶ
1067 3163 1172 3218 ἁνὰ
1197 3163 1382 3234 μέρος·
1410 3159 1696 3232 ἄνθρωπον
1729 3176 1851 3212 συν-

267 3262 444 3336 ἧφθαι
496 3260 670 3330 λέγων
715 3258 795 3329 τῷ
822 3256 942 3328 Θεῷ
969 3256 1160 3327 Λόγῳ,
1199 3257 1267 3325 τῇ
1300 3253 1616 3323 ὁμωνυμία,
1643 3253 1707 3322 τῇ
1741 3251 1852 3303 too-

266 3355 428 3428 τιμία
463 3353 551 3426 [τῇ
589 3350 788 3422 τάξει],
819 3353 886 3422 τῇ
924 3349 1071 3421 ἀξία.
1111 3347 1222 3401 Καὶ
1247 3348 1378 3416 γοῦν
1407 3345 1506 3408 τὰς
1534 3343 1719 3413 φωνὰς
1755 3342 1853 3406 τὰς

269 3453 328 3505 ἐν
377 3452 492 3510 τοῖς
539 3448 915 3516 εὐαγγελικοῖς
961 3445 1058 3499 καὶ
1114 3443 1493 3505 ἁποστολικοῖς
1535 3439 1854 3511 κηρύγμασι

270 3543 401 3613 περὶ
429 3537 666 3610 Χριστοῦ
699 3537 958 3607 κειμένας
995 3534 1223 3605 διορίζει
1250 3575 1264 3600 ,
1301 3533 1394 3586 καί
1435 3547 1570 3603 φησι
1613 3531 1713 3594 τὰς
1757 3536 1856 3600 μὲν

270 3628 684 3702 ἐφαρμόξεσθαι
707 3627 817 3681 δεῖν
839 3625 918 3698 τῷ
947 3625 1240 3698 ἀνθρώπῳ,
1269 3623 1508 3694 δηλονότι
1528 3621 1624 3686 τὰς
1645 3621 1856 3691 ἁνθρω-

272 3725 457 3786 πίνας
494 3721 591 3784 τὰς
627 3721 684 3774 δὲ
726 3720 958 3791 πρέπειν
1005 3718 1169 3772 κατὰι
1193 3718 1363 3789 μόνας
1387 3715 1464 3787 τῷ
1508 3715 1630 3786 Θεῷ
1663 3715 1853 3784 Λόγῳ,

269 3815 515 3887 δηλονότι
546 3812 645 3876 τὰς
683 3812 1028 3882 θεοπρεπεῖς.
1067 3810 1178 3864 Καὶ
1226 3807 1414 3878 ἐπειδὴ
1464 3807 1697 3875 διίστησι
1727 3805 1856 3860 πολ-

269 3905 456 3977 λαχῶς
478 3945 492 3968 ,
528 3905 622 3957 και
658 3901 764 3956 άνὰ
797 3901 962 3973 μέρος
1005 3900 1219 3970 τίθησιν
1245 3898 1322 3961 ὡς
1351 3897 1639 3969 ἄνθρωπον
1675 3896 1856 3961 ίδικῶς

269 3993 364 4047 τὸν
385 3996 452 4048 ὲκ
482 3994 578 4064 τῆς
605 3993 765 4060 ἁγίας
795 3991 1070 4062 Παρθένου
1096 3988 1512 4059 γεγεννημένον,
1543 3988 1636 4042 καὶ
1659 3987 1858 4058 ὁμοίως

277 4085 484 4150 Ιδικῶς,
518 4084 614 4138 καὶ
643 4084 745 4138 ἁνὰ
777 4083 968 4155 μέρος,
998 4082 1129 4136 Υίὸν
1156 4081 1248 4135 τὸν
1279 4084 1343 4135 ὲκ
1371 4081 1506 4135 Θεοῦ
1533 4080 1745 4152 Πατρὸς
1765 4080 1860 4134 Λό-

273 4193 394 4246 γον,
425 4175 514 4229 διὰ
532 4175 692 4228 τοῦτο
721 4173 818 4245 τὴν
849 4172 1008 4242 ἁγίαν
1037 4170 1316 4242 Παρθένον
1347 4171 1409 4224 ού
1440 4169 1702 4223 Θεοτόκον
1720 4167 1859 4222 εἷναί

274 4285 466 4339 φησιν,
500 4267 914 4338 ἁνθρωποτὸκον
951 4265 1008 4318 δὲ
1041 4264 1264 4336 μᾶλλον.
1298 4263 1486 4333 Ἡμεῖς
1509 4262 1565 4315 δὲ
1594 4262 1690 4332 ούχ
1718 4261 1860 4315 οὕτω

274 4362 451 4415 ταῦτα
488 4359 632 4430 ἔχειν
664 4357 1008 4429 διακείμεθα,
1042 4357 1158 4411 ἁλλ’
1193 4354 1551 4426 ἐδιδάχθημεν
1585 4355 1736 4425 παρὰ
1760 4353 1860 4424 τῆς

1955 528 2138 591 desse,
2171 536 2353 582 tamen
2380 527 2591 580 hortari
2618 525 2862 595 digneris
2882 533 2941 579 ut
2973 539 3094 593 qua:
3116 532 3300 577 mente
3333 522 3539 576 retine-

1946 634 2067 671 mus
2093 627 2254 688 teque
2285 621 2490 672 sentire
2509 618 2910 682 existimamus,
2937 615 3128 670 eadem
3157 629 3376 684 quoque
3399 615 3541 669 scri-

1947 707 2159 761 bamus.
2197 708 2368 778 lgitur
2423 707 2846 761 de'Salvatoris
2897 705 3073 760 nostri
3126 704 3540 774 dispensatione

1945 799 2138 853 eadem
2181 799 2452 853 sentimus
2487 815 2608 868 quas
2655 808 2783 852 ante
2812 813 2914 851 nos
2955 796 3103 850 beati
3148 797 3339 851 Patres
3362 793 3542 850 nostri

1947 901 2256 946 senserunt.
2300 893 2438 945 Dum
2491 891 2639 945 enim
2677 891 2897 944 illorum
2949 903 3116 958 Opera
3159 888 3421 959 legimus,
3465 886 3541 941 ita

1945 983 2302 1038 nloderamur
2321 985 2564 1038 animum
2592 995 2651 1037 ut
2673 983 2795 1036 illos
2820 980 2990 1035 duces
3016 996 3046 1033 a
3079 989 3231 1050 tergo
3253 988 3540 1049 sequatur,

1946 1083 2001 1128 et
2024 1073 2163 1127 nihil
2181 1088 2382 1127 novum
2423 1074 2588 1126 rectis
2621 1071 2972 1141 dogmatibus
2996 1069 3244 1124 invehat.
3269 1068 3378 1123 Sed
3409 1051 3539 1140 qui'a

1947 1164 2263 1220 sciscitatur
2296 1171 2389 1218 tua
2421 1163 2687 1218 sanctitas
2713 1171 2900 1217 utrum
2926 1162 2980 1216 in
3009 1160 3235 1216 Christo
3267 1159 3407 1215 duas
3437 1176 3540 1216 na-

1948 1265 2103 1311 turas
2125 1256 2312 1311 dicere
2347 1263 2622 1325 oporteat,
2655 1271 2725 1310 an
2749 1269 2940 1317 secus,
2967 1253 3171 1308 adhoc
3195 1251 3540 1322 responden-

1947 1347 2079 1402 dum
2104 1348 2437 1418 putavimus.
2482 1346 2759 1401 Diodorus
2782 1345 3010 1416 quidam
3034 1384 3048 1408 ,
3095 1343 3273 1398 sancti
3302 1343 3548 1413 Spiritus

1947 1441 2077 1494 olim
2104 1440 2486 1510 impugnator,
2519 1447 2582 1493 ut
2614 1439 2790 1502 aiunt,
2819 1453 2945 1492 cum
2971 1436 3409 1492 orthodoxorum
3439 1436 3543 1489 lic--

1947 1533 2113 1588 clesia
2141 1531 2590 1587 communicavit.
2630 1531 2730 1585 Hic
2755 1529 3029 1600 deposita,
3061 1537 3124 1582 ut
3157 1527 3396 1598 putavit,
3426 1526 3542 1581 Ma-

1948 1623 2266 1678 cedonianae
2304 1621 2533 1676 han-esis
2555 1619 2701 1684 labe,
2735 1619 2790 1673 in
2821 1619 3053 1673 alterius
3088 1611 3269 1672 morbi
3302 1616 3412 1671 vim
3443 1617 3542 1672 de-

1951 1713 2108 1768 cidit.
2147 1712 2332 1768 Sensit
2366 1713 2512 1767 enim
2551 1727 2614 1766 ac
2643 1711 2866 1781 scripsit
2893 1711 3127 1765 alterum
3166 1707 3396 1764 seorsim
3424 1723 3546 1764 esse

1953 1804 2124 1858 ﬁlium
2149 1819 2276 1859 eum
2309 1803 2403 1874 qui
2434 1819 2500 1857 ex
2527 1804 2736 1858 semine
2777 1802 2950 1857 David
2993 1818 3063 1856 ex
3099 1809 3288 1856 sancta
3320 1800 3546 1871 Virgine

1952 1901 2158 1969 Deique
2185 1907 2356 1953 matre
2393 1908 2557 1953 natus
2598 1905 2704 1961 est,
2759 1897 2994 1951 alterum
3045 1909 3241 1950 rursus
3283 1893 3544 1964 privatim

1953 1990 2126 2044 tilium
2167 1989 2307 2044 illud
2349 2005 2414 2044 ex
2445 1990 2556 2044 Deo
2604 1989 2768 2042 Patre
2807 1987 3070 2043 Verbum.
3097 1985 3201 2053 Qui
3245 1985 3352 2040 sub
3380 1984 3544 2040 ovina

1952 2080 2095 2150 pelle
2142 2079 2555 2150 quodammodo
2603 2080 2792 2150 lupum
2832 2086 3130 2149 contegens
3154 2078 3221 2142 “,
3266 2092 3439 2133 unum
3484 2091 3547 2132 se

1953 2172 2241 2227 Christum
2266 2173 2451 2227 dicere
2500 2172 2744 2236 simulat,
2784 2171 2882 2226 sed
2921 2187 3048 2227 cum
3087 2170 3291 2225 referat
3316 2168 3545 2240 quidem

1953 2262 2058 2317 hoc
2098 2279 2300 2318 nomen
2334 2263 2402 2318 ad
2445 2265 2623 2319 solum
2671 2263 2808 2318 illud
2854 2279 2922 2318 ex
2949 2263 3063 2318 Deo
3090 2263 3252 2318 Patre
3298 2261 3546 2332 genitum

1957 2354 2196 2411 Verbum
2242 2354 2443 2408 Filium
2488 2354 2857 2424 unigenitum,
2905 2353 3085 2422 ipsum
3116 2366 3340 2423 quoque
3363 2365 3426 2406 ex
3454 2365 3545 2406 se-

1954 2447 2101 2501 mine
2115 2445 2284 2500 David
2316 2445 2488 2500 (llium
2520 2447 2787 2516 appellat;
2814 2445 2907 2500 sed
2933 2453 3191 2515 tanquam
3215 2442 3404 2516 gratiae
3425 2443 3548 2500 loco

1951 2554 2152 2593 nomen
2181 2537 2286 2592 hoc
2321 2538 2372 2592 ei
2417 2538 2636 2602 tribuit,
2667 2545 2858 2608 utpote
2883 2537 2978 2607 qui
3004 2537 3081 2591 illi
3113 2535 3417 2592 secundum
3449 2549 3547 2592 ve-

1953 2629 2174 2682 ritatem
2211 2627 2349 2681 Filio
2383 2626 2457 2682 sit
2495 2627 2702 2682 unitus.
2743 2627 2944 2682 Unitus
2978 2634 3161 2680 autem
3201 2639 3314 2678 non
3358 2626 3419 2677 ut
3443 2635 3549 2678 nos

1953 2721 2275 2783 asserimus,
2306 2720 2402 2777 sed
2442 2720 2748 2775 secundum
2779 2719 2951 2773 solam
2996 2717 3340 2788 dignitatem,
3367 2725 3424 2771 et
3449 2730 3542 2771 se-

1953 2811 2195 2866 cundum
2221 2811 2628 2872 auctoritatem,
2655 2818 2711 2863 et
2734 2807 3039 2863 secundum
3065 2807 3294 2862 honoris
3319 2805 3548 2876 aequali-

1955 2913 2140 2958 tatem.
2167 2903 2339 2973 Hujus
2365 2901 2668 2970 discipulus
2693 2899 3200 2955 exstititNestorius
3225 2915 3239 2953 :
3267 2899 3454 2968 itaque
3479 2912 3551 2954 ex

1954 2995 2100 3048 iitius
2129 2992 2285 3047 libris
2319 2993 2737 3056 obtenebratus,
2771 2991 2994 3046 simulat
3027 2991 3249 3060 quidem
3293 3004 3352 3044 se
3378 2987 3546 3044 Chri-

1953 3095 2094 3138 stum
2124 3099 2316 3147 unum,
2352 3091 2407 3137 et
2431 3082 2652 3145 Filium,
2677 3091 2732 3137 et
2758 3081 3049 3136 Dominum
3087 3080 3246 3150 136
3265 3077 3542 3142 conﬁteri,

1955 3178 2048 3232 sed
2080 3177 2278 3232 dividit
2319 3177 2485 3231 etiam
2535 3177 2652 3246 ipse
2697 3191 2868 3230 unum
2913 3175 2970 3230 in
3009 3175 3171 3237 duos,
3217 3188 3282 3228 ac
3314 3171 3550 3228 seorsim

1956 3269 2111 3339 ponit
2138 3310 2152 3333 ,
2202 3284 2328 3324 cum
2361 3267 2641 3322 hominem
2679 3268 3033 3337 conjunctum
3068 3280 3188 3320 esse
3219 3265 3333 3320 Deo
3367 3263 3554 3319 Verbo

1956 3362 2103 3416 dicat
2126 3361 2513 3415 communione
2554 3359 2814 3423 nominis,
2844 3359 3072 3413 honoris
3095 3357 3430 3424 :equalitate,
3462 3355 3551 3410 di-

1956 3454 2185 3523 gnitate.
2235 3453 2422 3522 Itaque
2466 3467 2630 3506 voces
2679 3451 2734 3504 in
2759 3451 3092 3521 evangelicis
3125 3449 3552 3519 apostolicisque

1957 3545 2243 3615 praeconiis
2267 3545 2334 3599 de
2359 3544 2580 3599 Christo
2611 3544 2818 3612 positas
2850 3543 3158 3610 distinguit,
3186 3549 3243 3596 ct
3266 3540 3402 3594 alias
3423 3541 3551 3610 qui-

1957 3637 2080 3692 dem
2105 3637 2316 3691 homini
2343 3633 2665 3690 tribuendas
2690 3651 2811 3689 esse
2836 3634 3050 3696 asserit,
3075 3632 3338 3686 nimirum
3359 3632 3527 3686 buma

1958 3742 2076 3790 nas,
2103 3726 2240 3780 alias
2273 3739 2406 3779 vero
2452 3725 2808 3795 singulariter
2848 3723 2960 3777 Deo
2997 3721 3180 3776 Verbo
3227 3718 3550 3795 convenire,

1958 3817 2172 3871 scilicet
2223 3816 2458 3870 divinas.
2512 3791 2577 3868 Εἰ
2617 3814 2746 3883 quia
2791 3812 3174 3882 multipliciter
3222 3791 3442 3872 dividit,
3487 3824 3553 3863 ac

1959 3909 2188 3964 seorsim
2242 3909 2397 3978 ponit
2445 3917 2705 3976 tanquam
2745 3904 3027 3958 hominem
3083 3903 3340 3973 proprie,
3395 3901 3548 3955 illum

1958 4021 2023 4059 ex
2065 4011 2252 4058 sancta
2297 4004 2521 4073 Virgine
2573 4011 2786 4065 natum,
2839 4009 2893 4054 et
2924 4000 3182 4054 similiter
3224 3996 3447 4068 proprie
3487 4012 3551 4050 ac

1960 4097 2190 4150 seorsim
2219 4093 2413 4149 Filium
2438 4094 2571 4148 illud
2599 4111 2665 4149 ex
2689 4095 2801 4148 Deo
2828 4093 2988 4147 Patre
3013 4092 3277 4152 Verbum,
3298 4097 3550 4160 propter-

1960 4202 2024 4240 ea
2050 4194 2292 4238 sanctaln
2319 4186 2465 4238 illam
2495 4185 2773 4254 Virginem
2798 4199 2908 4236 non
2937 4182 3032 4236 Dei
3066 4181 3413 4251 genitricem,
3455 4179 3551 4234 sed

1961 4277 2143 4345 potius
2172 4276 2412 4331 hominis
2459 4283 2690 4329 matrem
2736 4289 2856 4328 esse
2881 4273 3098 4327 asserit.
3139 4271 3250 4326 Nos
3278 4286 3409 4324 vero
3439 4286 3550 4326 non

1964 4372 2036 4426 ita
2059 4385 2116 4426 se
2141 4370 2258 4424 haec
2284 4369 2488 4422 habere
2522 4367 2812 4429 sentimus,
2843 4364 2938 4420 sed
2964 4380 2993 4418 a
3016 4363 3219 4417 divinis
3242 4361 3470 4415 Litteris
3494 4371 3552 4417 et

276 4451 432 4515 θείας
473 4450 695 4521 Γραφῆς
728 4449 822 4503 καὶ
850 4450 958 4503 τῶν
994 4448 1162 4516 ἁγίων
1185 4446 1447 4518 Πατέρων
1475 4446 1573 4500 ἕνα
1602 4447 1729 4500 Υίὸν
1762 4448 1854 4499 καὶ

1962 4475 1990 4513 a
2013 4459 2218 4513 sanctis
2244 4457 2504 4512 Patribus
2535 4455 2716 4510 edocti
2752 4453 3049 4508 didicimus
3073 4467 3243 4506 unum
3276 4449 3475 4504 Filium
3495 4458 3554 4504 et

276 4542 520 4615 Χριστὸν
548 4541 643 4594 καὶ
685 4540 892 4612 Κύριον
936 4541 1241 4611 ὁμολογεῖν,
1271 4537 1417 4592 τοῦτ’
1463 4539 1611 4604 ἔστι,
1662 4537 1755 4592 τὸν
1798 4540 1860 4591 ὲκ

276 4633 417 4688 Θεοῦ
455 4633 668 4704 [ἰατρὸς
707 4632 903 4701 Λόγον,
951 4631 1282 4702 γεννηθέντα
1314 4631 1411 4702 μὲν
1460 4628 1520 4695 ἐξ
1554 4628 1721 4685 αὐτοῦ
1757 4630 1864 4702 πρὸ

276 4724 516 4789 αίώνων,
549 4723 870 4794 θεοπρεπῶς
895 4724 992 4777 καὶ
1017 4723 1295 4794 ἁῤῥήτως’
1327 4723 1385 4776 ὲν
1407 4722 1655 4792 ἐσχάτοις
1682 4721 1738 4774 δὲ
1767 4720 1860 4774 τοῦ

276 4817 479 4880 atavo;
507 4819 718 4888 καιροῖς
751 4817 843 4870 τὸν
874 4815 1038 4870 αὑτὸν
1073 4815 1141 4868 δι’
1183 4817 1332 4886 ἡμᾶς
1359 4813 1688 4884 γεννηθέντα
1721 4813 1862 4868 κατὰ

282 4909 462 4978 σάρκα
493 4909 558 4961 ὲκ
584 4906 868 4978 τῆς-ἁγίας
890 4907 1190 4978 Παρθένουο
1219 4907 1314 4962 καὶ
1335 4906 1520 4978 ἐπειδὴ
1549 4905 1682 4960 Θεὸν
1711 4909 1862 4960 ένανο

284 4999 656 5070 θρωπήσαντα
697 4999 791 5053 καὶ
823 4997 1180 5071 σαρκωθέντα
1213 4998 1509 5070 γεγέννηκε
1533 5038 1549 5064 ,
1583 4998 1671 5053 διὰ
1706 4999 1863 5052 τοῦτο

285 5091 382 5144 και
409 5088 752 5160 ὀνομάζομεν
781 5089 1041 5143 Θεοτόκον
1069 5089 1264 5160 αὐτήν.
1294 5084 1391 5151 Εἷς
1419 5084 1513 5142 οὖν
1533 5090 1679 5142 ἐστιν
1713 5088 1859 5152 Υίὸς,

285 5178 368 5245 εἷς
393 5181 598 5253 Κύριος
629 5179 834 5252 Ἰησοῦς
856 5180 1109 5251 Χριστὸς,
1133 5181 1227 5234 καὶ
1254 5180 1359 5252 πρὸ
1383 5181 1482 5251 τῆς
1508 5180 1858 5252 σαρκώσεως,

283 5276 378 5328 καὶ
414 5271 555 5344 μετὰ
573 5273 671 5342 τὴν
701 5271 998 5343 σάρκωσιν.
1034 5272 1110 5325 Οὐ
1143 5270 1253 5342 γὰρ
1285 5271 1469 5340 ἕτερος
1497 5266 1566 5341 ἦν
1591 5270 1719 5334 Υίδς
1748 5273 1776 5324 ό
1799 5274 1858 5326 ὲκ

284 5366 422 5422 Θεοῦ
457 5365 668 5437 Πατρδς
693 5365 864 5433 Λόγος
883 5405 898 5430 ,
923 5364 1110 5436 ιτερος
1130 5364 1189 5418 δε
1219 5364 1382 5418 πάλιν
1420 5368 1448 5419 ὁ
1475 5367 1538 5417 ὲκ
1562 5367 1661 5434 τῆς
1697 5364 1857 5433 ἁγίας

287 5457 588 5527 Παρθένου’
626 5455 740 5509 ἀλλ’
772 5455 935 5519 αὐτὸς
969 5455 1174 5519 ἐκεῖνος
1193 5458 1224 5510 ό
1252 5455 1577 5527 προαιώνιος
1607 5458 1861 5512 καὶκατὰ

287 5552 465 5622 σάρκα
499 5552 563 5603 ἐκ
605 5547 860 5611 γυναικὸς
894 5547 1254 5618 γεγεννῆσθαι
1282 5547 1623 5603 πιστεύεταυ
1654 5549 1861 5622 ούχξὼς

355 5728 398 5760 ⁸⁵
427 5725 620 5783 llatth.
657 5740 750 5789 vn,
781 5725 864 5780 15.
944 5725 986 5757 ³’
1018 5722 1190 5780 l-Cor.
1229 5740 1342 5788 viil,
1375 5725 1423 5780 6.

1957 4548 2242 4602 Christum
2279 4555 2335 4600 et
2374 4547 2670 4600 Dominum
2715 4538 2992 4609 conﬁteri,
3023 4543 3129 4596 hoc
3174 4549 3279 4606 est,
3309 4540 3444 4596 illud
3485 4555 3554 4596 ex

1959 4639 2071 4694 Deo
2095 4639 2258 4694 Patre
2287 4638 2552 4701 Verbum,
2583 4652 2651 4691 ex
2677 4637 2796 4706 ipso
2820 4635 3041 4705 quidem
3078 4641 3204 4687 ante
3234 4631 3432 4688 saecula
3465 4631 3552 4686 di-

1959 4728 2090 4783 vino
2116 4736 2174 4782 et
2208 4726 2474 4782 ineﬂabili
2501 4723 2676 4781 modo
2695 4725 2963 4796 genitum,
2993 4723 3252 4793 idemque
3277 4722 3332 4776 in
3366 4729 3553 4776 extre-

1958 4822 2066 4876 mis
2111 4821 2298 4875 δεξιουιὶ
2335 4820 2677 4891 temporibus
2701 4826 2928 4889 propter
2961 4832 3069 4871 nos.
3095 4814 3401 4873 secundum
3429 4829 3551 4869 car-

1969 4927 2097 4966 nem
2143 4927 2213 4966 ex
2253 4919 2443 4967 sancta
2472 4911 2696 4981 Virgine
2729 4919 2916 4964 natum
2951 4923 3176 4978 :quam,
3217 4905 3347 4977 quia
3377 4905 3553 4960 Deum

1969 5005 2249 5058 hominem
2281 5003 2486 5058 factum
2519 5013 2575 5058 et
2597 5003 2944 5057 incarnatum
2968 5000 3177 5069 genuit,
3204 5013 3269 5052 ea
3296 4997 3364 5051 de
3388 5011 3553 5053 causa

1961 5097 2134 5151 etiam
2156 5097 2254 5151 Dei
2279 5105 2512 5151 matrem
2541 5095 2901 5166 appellamus.
2923 5092 3077 5147 Unus
3099 5103 3232 5159 ergo
3256 5097 3342 5143 est
3358 5087 3553 5152 Filius,

1963 5203 2113 5243 unus
2143 5187 2410 5242 Dominus
2433 5187 2592 5242 Jesus
2613 5185 2867 5241 Christus
2888 5185 2956 5246 ”,
2981 5190 3036 5237 et
3065 5189 3193 5236 ante
3214 5180 3552 5235 incarnatio-

1967 5296 2116 5344 nem,
2147 5287 2340 5349 etpost
2384 5278 2840 5333 incarnationem.
2883 5276 3004 5330 Non
3025 5273 3175 5329 enim
3201 5273 3340 5327 alter
3382 5271 3556 5325 Filius

1967 5380 2087 5426 erat
2111 5370 2248 5425 illud
2284 5386 2352 5424 ex
2383 5371 2494 5425 Deo
2525 5370 2686 5424 Patre
2713 5368 2980 5430 Verbum,
3009 5367 3148 5422 alter
3171 5374 3438 5436 praeterea
3459 5363 3552 5418 ille

1968 5479 2035 5518 ex
2059 5470 2244 5516 sancta
2269 5461 2490 5531 Virgine
2519 5470 2681 5514 natus
2716 5479 2727 5513 :
2757 5459 2853 5514 sed
2887 5460 2978 5513 ille
2997 5458 3142 5513 idem
3167 5456 3263 5527 qui
3288 5464 3406 5509 erat
3425 5463 3553 5509 ante

1969 5552 2185 5616 saecula,
2219 5553 2384 5609 etiam
2415 5552 2716 5607 secundum
2757 5567 2977 5608 carnem
3009 5566 3074 5606 ex
3110 5549 3343 5616 muliere
3389 5551 3554 5600 natus
