4154 6322
601 365 696 420 9.Ξί

1627 365 1682 417 S.
1722 362 1998 418 (IVRILU
2041 355 2507 413 ALEXANDRINI
2549 352 2868 408 ARCHIEP.

3756 344 3879 400 93!

600 483 878 550 creditur;
920 500 1028 540 non
1054 485 1199 555 quod
1223 486 1340 555 ejus
1372 483 1633 537 divinitas
1663 481 1878 534 initium
1903 477 2174 546 acceperit

2281 471 2382 540 τῆς
2415 471 2668 540 θεότητος
2715 467 2882 522 αὐτοῦ
2922 467 3097 538 ἀρχὴν
3143 466 3412 536 λαϐούσης
3456 467 3533 530 εἰς
3578 465 3641 518 τὸ
3691 461 3831 518 εἶναι
3857 500 3874 522 .

602 582 663 629 ut
696 572 786 638 sit,
813 582 906 627 aut
930 573 996 627 ad
1027 575 1239 628 initium
1265 573 1594 628 exsistentia:
1619 586 1715 640 per
1737 579 1980 624 sanctam
2004 567 2182 637 Virgi-

599 679 726 719 nem
754 673 944 718 vocata
968 665 1039 719 sit
1073 683 1084 717 :
1113 664 1207 718 sed
1236 664 1405 733 quod,
1443 670 1503 717 ut
1527 662 1662 724 dixi,
1689 676 1810 714 cum
1837 669 1962 713 ante
1987 658 2180 712 sarcula

599 754 839 811 Verbum
863 766 1028 820 esset,
1059 774 1124 811 ex
1157 758 1247 811 illa
1277 758 1578 813 secundum
1603 767 1823 807 carnem
1856 759 2042 806 natum
2063 763 2182 804 esse

599 845 823 901 dicitur.
853 848 985 901 Nam
1009 849 1229 917 propria
1259 849 1432 917 ipsius
1457 856 1575 901 erat
1601 847 1691 900 illa
1720 860 1871 907 caro,
1902 853 1962 898 ut
1995 844 2181 912 cujus-

600 952 706 1007 que
748 947 996 992 nostrum
1048 939 1334 1008 proprium
1387 938 1728 1007 singulorum
1778 952 1996 1005 corpus.
2044 933 2182 1001 Quia

598 1041 732 1082 vero
755 1028 1005 1083 nonnulli
1055 1028 1216 1083 nobis
1272 1028 1598 1098 Apollinarii
1645 1043 1864 1082 errores
1888 1027 2178 1097 objiciunt,

599 1133 663 1175 ac
695 1118 886 1180 dicunt
913 1138 925 1172 :
956 1118 1012 1174 Si
1037 1136 1206 1175 unum
1232 1119 1415 1175 dicitis
1451 1121 1647 1175 Filium
1675 1119 1977 1174 secundum
2001 1117 2182 1187 perfe-

597 1218 739 1264 ctam
763 1220 927 1280 atque
950 1213 1293 1267 eommistam
1321 1213 1584 1267 unitatem
1606 1254 1619 1276 ,
1649 1213 1782 1266 illud
1805 1228 1873 1266 ex
1889 1213 1999 1266 Deo
2019 1196 2180 1265 Patré

595 1300 836 1357 Verbum
888 1304 1168 1360 hominem
1219 1309 1425 1360 factum
1472 1316 1527 1360 et
1570 1306 1936 1369 incarnatum,
1991 1303 2179 1372 utique

596 1389 732 1446 illud
771 1392 936 1447 etiam
979 1396 1193 1464 opinari
1237 1406 1294 1450 et
1338 1395 1541 1450 sentire
1582 1395 1922 1460 decrevistis,
1948 1393 2176 1449 commi-

593 1483 858 1550 stionem,
897 1487 982 1541 vel
1026 1487 1437 1552 confusionem,
1488 1498 1584 1542 aut
1620 1487 2050 1557 compactionem
2095 1485 2178 1538 {a-

593 1580 737 1628 ctam
765 1588 887 1629 esse
903 1575 1069 1629 Verbi
1095 1592 1220 1631 cum
1242 1591 1494 1646 corpore,
1514 1586 1609 1631 aut
1625 1585 1774 1631 certe
1799 1576 2049 1645 corporis
2073 1576 2177 1629 imo

594 1663 956 1717 mutationem
979 1665 1033 1718 in
1057 1664 1360 1720 divinitatis
1384 1675 1658 1718 naturam.
1686 1664 1760 1718 Ea
1787 1664 1854 1719 de
1884 1679 2049 1718 causa
2077 1679 2178 1719 nos

592 1753 888 1808 admodum
933 1755 1228 1824 sapienter,
1261 1763 1321 1810 ut
1351 1756 1682 1810 calumniam
1717 1756 2067 1826 repellamus,
2097 1755 2178 1809 di-

2286 564 2456 632 ἡγουν
2480 564 2558 623 εἰς
2589 561 2763 632 ἀρχὴν
2785 559 3075 631 ὑπάρξεως
3097 559 3262 629 κεκλη
3273 559 3438 630 μένης
3463 557 3550 611 διὰ
3577 556 3673 627 τῆς
3704 555 3876 625 ἁγίας

2288 654 2586 725 Παρθένου·
2627 653 2741 706 ἀλλ’
2769 654 2851 706 ὅτι
2879 652 3100 720 μᾶλλον,
3133 651 3206 713 ὼς
3236 649 3392 717 ἔφην,
3435 647 3759 719 προαιώνιος
3792 646 3877 699 ὢν

2285 746 2493 810 Λόγος,
2527 745 2584 811 ἐξ
2628 745 2799 813 αὐτῆς
2829 743 3188 812 γεγεννῆσθαι
3234 741 3450 809 λέγεται
3483 743 3623 793 κατά
3666 739 3871 809 σάρκα.

2298 836 2426 890 Ἰδία
2450 835 2558 907 γὰρ
2583 831 2651 907 ἦν
2671 834 2836 888 αὑτοῦ
2860 835 2894 904 ή
2921 832 3077 904 σὰρξ.
3106 833 3353 903 καθάπερ
3375 830 3565 900 ἀμέλει
3592 832 3686 882 καὶ
3710 829 3876 899 ἡμῶν

2283 925 2543 987 ἑκάστου,
2573 925 2631 978 τὸ
2655 925 2786 977 ἴδιον
2815 923 2980 978 αὑτοῦ
3009 923 3191 991 σῶμα.
3240 921 3454 990 Ἐπειδὴ
3483 920 3539 973 δέ
3571 936 3717 982 τινες
3741 923 3873 972 sm-

2283 1019 2578 1072 πλέκουσιν
2624 1020 2757 1089 ἡμῖν
2796 1019 2897 1080 τὰς
2951 1015 3327 1087 Ἀπολιναρίου
3361 1012 3538 1078 δόξας,
3578 1013 3670 1066 καί
3702 1029 3872 1080 φασιν

2282 1113 2385 1172 ὅτι,
2409 1113 2472 1165 Εἰ
2495 1112 2591 1165 ἕνα
2611 1112 2800 1180 λέγετε
2832 1109 2955 1165 καθ’
2981 1110 3175 1163 ἕνωσιν
3201 1108 3406 1180 ἀκρισῆ
3438 1111 3528 1160 καὶ
3553 1122 3868 1177 συγκεκρα-

2286 1202 2456 1274 μένην
2492 1203 2640 1266 Υίὺν,
2672 1203 2764 1256 τὺν
2804 1205 2868 1255 ὲκ
2897 1199 3033 1254 Θεοῦ
3066 1201 3276 1270 Πατρός
3309 1201 3482 1268 Λόγον
3507 1198 3869 1270 ένανθρωπήο

2283 1311 2454 1349 σαντα
2481 1295 2574 1349 καὶ
2620 1295 3064 1368 σεσαρκωμένον,
3093 1295 3234 1364 τάχα
3275 1309 3376 1346 που
3413 1293 3634 1346 κάκεῖνο
3661 1292 3872 1362 φαντά-

2282 1381 2471 1450 ζεσθαι
2516 1385 2610 1439 καί⁵
2638 1388 2856 1456 φρονεῖν
2889 1384 3165 1452 ἐγνώκατε
3186 1426 3199 1445 ,
3246 1384 3328 1437 ὅτι
3382 1382 3711 1452 σύγκρασις,
3745 1382 3872 1451 ἦτοι

2282 1476 2565 1547 σύγχυσις,
2598 1476 2631 1548 ἢ
2656 1477 2872 1547 φυρμὸς
2898 1477 3089 1545 γέγονε
3119 1475 3214 1528 τοῦ
3238 1475 3414 1542 Λόγου
3441 1474 3576 1546 πρὸς
3599 1473 3659 1526 τὸ
3682 1472 3868 1542 σῶμα,

2281 1569 2448 1639 ἧγουν
2493 1567 2588 1621 τοῦ
2640 1567 2892 1636 σώματος
2935 1569 3015 1632 εἰς
3060 1567 3222 1636 φύσιν
3268 1566 3521 1636 θεότητος
3567 1564 3865 1636 μεταϐολή.

2281 1661 2467 1730 Ταύτῃ
2489 1678 2592 1727 τοι,
2614 1661 2707 1715 καὶ
2740 1661 2885 1731 μάλα
2917 1661 3207 1732 έμιρρόνως
3237 1662 3398 1731 ἡμεῖς
3429 1659 3864 1730 ἀποκρουόμενοι

2279 1751 2376 1823 τὴν
2395 1751 2779 1820 συκοφαντίαν,
2798 1751 3002 1820 φαμὲν,
3033 1751 3114 1804 ὅτι
3137 1752 3166 1804 ό
3189 1752 3252 1804 ὲκ
3275 1749 3412 1804 Θεοῦ
3438 1749 3648 1818 Πατρός
3664 1749 3863 1818 Λόγος.

592 1842 770 1900 cimus
792 1845 927 1899 illud
956 1846 1051 1901 Dei
1080 1847 1259 1902 Patris
1282 1848 1548 1908 Verbum,
1575 1848 1738 1903 modo
1757 1849 1854 1918 qui
1886 1863 2066 1917 neque
2091 1847 2174 1902 in-

2279 1845 2653 1916 ἀπερινοήτως
2703 1861 2762 1896 τε
2811 1845 2907 1896 καὶ
2947 1844 3024 1904 ὡς
3061 1843 3162 1896 οὐκ
3207 1841 3356 1896 ἐστιν
3403 1843 3599 1904 εἰπεῖν,
3653 1842 3868 1912 ῆνωσεν

592 1933 763 2005 telligi
807 1949 986 2005 neque
1042 1937 1276 2006 exprimi
1334 1938 1517 1992 verbis
1562 1937 1768 2007 possit,
1832 1937 2018 1990 unisse
2069 1935 2174 1990 sibi

2279 1935 2457 2007 ἑαυτῷ
2494 1937 2656 2008 σῶμα
2683 1935 3099 2008 ὲμψυχωμένον,
3132 1936 3277 2006 ψυχῇ
3313 1935 3496 2004 νοερᾷ,
3531 1934 3627 1988 καὶ
3655 1931 3866 2006 προῆλ-

588 2037 792 2095 corpus
817 2025 1121 2081 animatum
1166 2028 1351 2082 anima
1391 2029 1780 2092 intellectuali,
1821 2038 1876 2083 et
1906 2027 2174 2098 prodiisse

2279 2028 2370 2082 θεν
2396 2029 2684 2100 ἄνθρωπος
2703 2032 2768 2083 ὲκ
2789 2029 3069 2098 γυναικὸς,
3091 2027 3159 2096 ,οὐ
3191 2024 3461 2096 μεταϐολῇ
3490 2023 3706 2093 φύσεως
3735 2025 3865 2080 καθ’

589 2113 868 2171 hominem
901 2133 967 2172 ex
997 2118 1252 2182 muliere,
1288 2119 1443 2189 137
1473 2135 1582 2173 non
1606 2118 1988 2173 immutatione
2010 2127 2173 2173 natu-

590 2219 686 2269 rae,
716 2206 812 2261 sed
843 2209 1029 2278 potius
1066 2208 1470 2279 dispensatoria
1499 2209 1780 2264 voluntate
1814 2209 1991 2264 nostri
2024 2209 2175 2264 simi-

588 2296 696 2352 lem
721 2297 946 2354 factum.
989 2299 1172 2355 Voluit
1199 2302 1346 2355 enim
1387 2301 1553 2357 homo
1579 2300 1716 2366 ﬁeri,
1749 2316 1860 2356 non
1886 2317 1954 2356 eo
1972 2301 2174 2356 amisso

587 2392 736 2461 quod
755 2393 1058 2447 secundum
1082 2401 1335 2448 naturam
1364 2394 1510 2448 Deus
1539 2400 1680 2449 erat.
1704 2393 1814 2449 Sed
1842 2393 2094 2465 quamvis
2116 2394 2172 2448 in

587 2491 808 2538 nostras
835 2498 1122 2540 mensuras
1147 2484 1523 2552 descenderit,
1559 2495 1616 2542 et
1635 2487 1780 2542 servi
1811 2487 2042 2542 formam
2084 2487 2170 2542 in—

584 2571 769 2628 duerit
785 2574 850 2639 ³⁸,
880 2583 1060 2630 tamen
1085 2575 1166 2630 sic
1187 2591 1406 2647 quoque
1432 2579 1488 2632 in
1516 2593 1630 2634 suae
1666 2579 1972 2634 divinitatis
1987 2581 2170 2635 excel-

585 2664 774 2729 lentia,
813 2666 950 2721 etin
981 2681 1084 2721 suo
1117 2669 1356 2723 naturali
1393 2669 1677 2725 dominatur
1709 2671 2030 2741 permansit.
2062 2671 2174 2726 Nos

587 2753 761 2826 igitur‘
787 2757 916 2811 dum
942 2757 1022 2815 illi
1063 2767 1265 2814 sancta:
1300 2761 1456 2815 carni
1498 2761 1737 2816 animam
1777 2762 2170 2833 intelligentem

589 2846 835 2913 habenti,
861 2849 1213 2907 ineﬂ‘abiliter
1235 2864 1292 2908 et
1320 2868 1486 2924 supra
1507 2869 1672 2924 quam
1707 2855 1936 2926 intelligi
1975 2856 2168 2926 possit,

583 2937 721 2993 illud
754 2955 819 2993 ex
847 2939 959 2996 Deo
986 2940 1146 2997 Patre
1181 2943 1422 2998 Verbum
1448 2945 1688 3009 unimus,
1720 2947 1857 3000 citra
1888 2946 2168 3001 confusio-

585 3045 712 3086 nem
753 3032 942 3098 ullam,
972 3035 1110 3090 citra
1161 3037 1583 3092 conversionem
1626 3047 1792 3108 atque
1833 3038 2168 3093 immutatio-

585 3137 735 3182 nem.
767 3140 940 3180 unum
967 3124 1249 3183 Christum
1270 3136 1326 3183 et
1359 3128 1558 3184 Filium
1591 3138 1646 3184 et
1670 3130 1963 3185 Dominum
1992 3129 2164 3185 conii-
2195 3165 2240 3224 ο

588 3225 788 3280 temur,
826 3217 998 3272 Deum
1036 3221 1292 3276 eumdem
1335 3229 1392 3276 et
1425 3222 1727 3286 hominem,
1778 3239 1888 3277 non
1931 3223 2166 3278 alterum

587 3321 751 3379 atque
791 3310 1050 3375 alterum,
1081 3313 1177 3368 sed
1223 3313 1342 3384 qui,
1377 3330 1503 3369 cum
1547 3331 1691 3371 unus
1717 3315 1971 3386 idemque
1996 3317 2086 3388 sit,
2114 3324 2170 3370 et

587 3401 693 3458 hoc
726 3411 783 3459 et
805 3403 936 3459 illud
957 3406 1189 3460 exsistat
1218 3415 1274 3460 et
1311 3406 1665 3477 intelligatur.
1696 3407 1882 3477 Itaque
1911 3422 2168 3461 nonnun-

584 3510 750 3566 quam
768 3504 830 3550 ut
860 3497 1026 3552 homo
1059 3499 1272 3554 ratione
1298 3498 1699 3568 dispensatoria
1733 3510 1788 3555 et
1813 3499 2173 3555 humanitatis

586 3587 750 3643 modo
787 3588 1055 3658 loquitur,
1093 3605 1490 3661 nonnunquam
1542 3608 1674 3647 vero
1718 3600 1977 3662 tanquam
2027 3593 2173 3648 Deus

586 3693 713 3732 cum
750 3687 1022 3749 potestate
1048 3695 1169 3751 quae
1207 3682 1378 3737 Deum
1417 3682 1629 3746 deceat,
1656 3684 1826 3738 verba
1855 3683 2002 3738 facit.
2033 3684 2172 3740 illud

585 3770 751 3825 etiam
779 3771 1102 3836 asserimus,
1146 3771 1442 3843 diligenter
1463 3774 1818 3843 exquirentes
1855 3775 2004 3829 illius
2046 3791 2173 3830 cum

585 3876 751 3917 carne
775 3860 1199 3932 dispensationis
1225 3864 1484 3930 modum,
1516 3873 1573 3920 et
1609 3866 1886 3921 subtiliter
1931 3867 2171 3922 circum-

586 3952 885 4022 spicientes
928 3953 1032 4007 hoc
1067 3952 1412 4025 mysterium,
1459 3956 1816 4026 intelligimus
1854 3957 1949 4012 Dei
1994 3959 2175 4014 Patris

586 4045 830 4101 Verbum
857 4045 1138 4100 hominem
1159 4047 1364 4102 factum
1391 4057 1447 4103 et
1481 4049 1824 4104 incarnatum
1847 4049 2033 4115 fuisse,
2060 4067 2170 4106 non

585 4133 732 4205 quod
767 4151 836 4190 ex
859 4145 1054 4191 natura
1080 4152 1179 4192 sua
1220 4137 1405 4192 divina
1441 4139 1760 4196 formaveri'
1788 4155 2002 4196 sacrum
2038 4142 2171 4197 illud

585 4242 819 4298 corpus,
868 4229 963 4283 sed
1015 4244 1082 4284 ex
1117 4229 1331 4301 virgine
1371 4231 1539 4286 Maria
1591 4233 1906 4302 sumpserit.
1950 4235 2170 4304 Alioqui

585 4319 866 4389 quomodo
900 4318 1078 4374 iactus
1120 4330 1204 4375 est
1235 4321 1420 4387 homo,
1468 4324 1512 4377 si
1542 4332 1793 4378 nostrum
1833 4341 2036 4395 corpus
2066 4328 2170 4381 mi-

588 4413 736 4468 nime
779 4412 1051 4483 gestavit?
1087 4411 1515 4470 Consideranth
1564 4417 1752 4487 igitur,
1789 4419 2004 4482 utdixi,
2050 4436 2169 4475 mo-

2276 2124 2426 2193 ἡμᾶς
2479 2121 2757 2191 γεγονὼς,
2809 2121 2925 2175 ἀλλ’
2979 2120 3200 2192 εὐδοκία
3269 2118 3472 2189 μᾶλλον
3519 2120 3862 2190 οἰκονομικῇ.

2290 2214 2550 2285 Ἦθέλησε
2573 2214 2683 2286 γὰρ
2704 2213 2988 2284 ἄνθρωπος
3013 2212 3288 2280 γενέσθαι,
3310 2212 3372 2265 τὸ
3401 2207 3538 2266 εἶναι
3564 2209 3698 2274 Θεὸς
3721 2212 3867 2266 κατά

2278 2307 2440 2378 φύσιν
2472 2308 2572 2361 οὐκ
2595 2306 2908 2361 ἀποϐαλών.
2953 2304 3092 2359 Ἀλλ’
3119 2307 3166 2357 εἰ
3197 2305 3292 2359 καὶ
3329 2303 3386 2358 ὲν
3414 2306 3529 2367 τοῖς
3561 2302 3683 2357 καθ’
3713 2303 3867 2374 ἡμᾶς

2277 2399 2532 2453 καθίκετο
2559 2396 2588 2438 ἀ
2643 2398 2894 2469 μέτροις,
2926 2397 3019 2450 καὶ
3063 2396 3346 2466 πεφόρηκε
3385 2393 3482 2466 τὴν
3528 2393 3622 2448 τοῦ
3671 2394 3864 2450 δούλου

2279 2489 2515 2561 μορφὴν,
2548 2489 2643 2543 καὶ
2681 2487 2825 2542 οὕτω
2869 2487 3185 2558 μεμένηκεν
3219 2490 3278 2541 έν
3324 2489 3442 2548 ταῖς
3469 2485 3569 2555 τῆς
3607 2485 3867 2557 θεότητος

2274 2584 2604 2654 ὑπεροχαῖς,
2640 2581 2736 2635 καὶ
2788 2581 2847 2634 έν
2887 2582 2952 2651 τῇ
2983 2581 3183 2650 φυσικῇ
3225 2579 3529 2652 κυριότητι.
3587 2577 3866 2645 Ἐνοῦντες

2271 2673 2451 2728 τοίνυν
2475 2675 2634 2744 ἡμεῖς
2673 2674 2739 2743 τῇ
2775 2671 2910 2741 ἀγίᾳ
2951 2673 3136 2743 σαρκὶ,
3169 2670 3352 2742 ψυχὴν
3378 2670 3577 2743 ἐχούσῃ
3613 2672 3716 2743 τὴν
3740 2687 3864 2726 νοε-

2275 2764 2397 2834 ράν,
2424 2764 2752 2834 ἀπορρήτως
2778 2779 2836 2816 τε
2869 2762 2966 2817 καὶ
2995 2763 3136 2834 ὑπὲρ
3170 2759 3317 2825 νοῦν,
3353 2762 3446 2816 τὸν
3477 2763 3543 2816 έκ
3575 2761 3714 2816 Θεοῦ
3747 2762 3865 2819 Πα-

2271 2858 2402 2926 τρὸς
2443 2855 2616 2923 Λόγον
2638 2893 2654 2918 ,
2699 2855 3020 2925 ἀσυγχὺτως
3041 2893 3058 2918 ,
3091 2855 3400 2925 ἀτρέπτως,
3434 2853 3864 2926 ἀμεταωήτως,

2274 2949 2372 3003 ενα
2403 2947 2642 3018 Χριστὸν
2678 2947 2771 3000 καὶ
2807 2946 2955 3011 Υίδν,
2990 2946 3083 3000 καὶ
3113 2946 3320 3018 Κύριον
3350 2945 3747 3017 ὁμολογοῦμεν,
3773 2946 3866 3002 τὸν

2270 3041 2434 3094 αὐτὸν
2463 3040 2602 3094 Θεὸν
2640 3039 2737 3094 καὶ
2783 3038 3092 3110 ἄνθρωπον,
3139 3039 3239 3110 οὐχ
3281 3039 3468 3110 ἕτερον
3508 3039 3604 3093 καὶ
3655 3039 3862 3111 ιτερον,

2272 3131 2388 3186 ἀλλ’
2427 3131 2525 3188 Eva.
2571 3129 2666 3185 καὶ
2702 3130 2793 3185 τὸν
2834 3129 3019 3196 αὑτὸν,
3054 3129 3216 3184 τοῦτο
3267 3130 3494 3186 κάκεῖνο
3549 3129 3866 3201 ὑπάρχοντα

2271 3225 2366 3279 καὶ
2412 3223 2725 3295 νοούμενον.
2779 3223 3072 3294 Τοιγάρτοι
3110 3221 3242 3276 ποτε
3292 3222 3414 3293 μιν,
3461 3221 3538 3286 ὡς
3577 3220 3864 3294 ἄνθρωπος

2270 3315 2630 3386 οἰκονομικῶς
2677 3316 2770 3368 καὶ
2811 3313 3171 3385 ἀνθρωπίνως
3202 3313 3553 3381 διαλέγεται,
3602 3313 3736 3367 ποτὶ
3773 3312 3860 3374 ἃ,

2271 3409 2346 3473 ὡς
2379 3408 2513 3472 Θεὸς
2550 3409 2664 3478 μετ’
2693 3406 2944 3474 ἐξουσίας
2974 3407 3075 3476 τῆς
3104 3403 3443 3478 θεοπρεποῦς
3471 3407 3710 3459 ποιεῖται
3737 3405 3865 3470 τοὺς

2272 3503 2488 3570 λόγους.
2532 3499 2718 3572 Φαμὲν
2767 3498 3130 3564 δὲ’κάκεῖνο,
3179 3496 3563 3568 βασανίζοντες
3595 3498 3865 3569 εὐτέχνως

2271 3594 2374 3665 τῆς
2411 3593 2548 3666 μετὰ
2580 3590 2782 3664 σαρκὸς
2805 3589 3117 3660 οἰκονομίας
3151 3589 3242 3643 τὸν
3272 3590 3496 3662 τρόπον,
3551 3589 3649 3644 καὶ
3705 3607 3864 3662 περι-

2273 3686 2565 3758 αθροῦντες
2590 3683 2785 3756 ἰσχνῶς
2805 3684 2866 3737 τὸ
2885 3683 3205 3754 μυστήριον,
3232 3682 3450 3754 ὁρῶμεν
3472 3683 3555 3736 ὅτι
3573 3683 3603 3735 ό
3633 3683 3699 3738 εκ
3727 3681 3864 3737 Θεοῦ

2276 3776 2490 3848 Πατρὸς
2523 3775 2694 3844 Λόγος
2727 3773 3120 3845 ενηνθρώπησέ
3153 3789 3213 3826 τε
3253 3773 3352 3826 καὶ
3399 3770 3693 3844 έσαρκώθη
3718 3811 3735 3839 ,
3769 3774 3865 3828 καὶ

2274 3867 2374 3920 οὐκ
2406 3870 2468 3920 ὲκ
2501 3865 2602 3936 τῆς
2637 3863 2834 3918 ἑαυτοῦ
2868 3863 3018 3928 θείας
3047 3864 3263 3934 φύσεως
3293 3863 3354 3918 τὸ
3383 3864 3526 3936 ἱερὸν
3556 3865 3735 3919 ὲκετνο
3762 3883 3863 3920 πε-

2275 3959 2694 4031 πλαστούργηκε
2725 3956 2916 4027 σῶμα,
2943 3956 3060 4010 ἀλλ’
3087 3959 3151 4010 ὲκ
3188 3955 3285 4026 τῆς
3332 3955 3610 4027 Παρθένου
3641 3958 3861 4029 Μαρίας

2279 4051 2478 4122 μᾶλλον
2503 4049 2694 4104 ἐλαϐεν
2725 4048 2876 4102 αὐτό.
2925 4047 3081 4101 Ἐπεὶ
3111 4047 3229 4110 πῶς
3275 4047 3499 4115 γέγονεν
3532 4045 3820 4117 ἄνθρωπος
3843 4085 3862 4112 ,

2275 4147 2324 4198 εἰ
2375 4144 2448 4216 μὴ
2496 4143 2658 4214 σῶμα
2708 4141 2987 4212 πεφόρηκε
3031 4140 3094 4192 τὸ
3149 4139 3456 4211 ἡμέτερονς
3523 4138 3863 4204 Ἐννοοῦντες

2273 4235 2473 4299 τοίνυν,
2508 4235 2584 4297 ὼς
2633 4231 2790 4302 ἔφην,
2843 4230 2942 4301 τῆς
2988 4229 3462 4302 ὲνανθρωπήσεως
3501 4229 3592 4282 τὸν
3635 4230 3857 4300 τρόπον,

2273 4326 2490 4398 ὁρῶμεν
2513 4328 2595 4379 ὅτι
2619 4323 2711 4378 δύο
2731 4321 2920 4391 φύσεις
2944 4321 3208 4391 συνῆλθον
3237 4320 3497 4391 ἀλλήλαις
3521 4319 3640 4375 καθ’
3666 4321 3861 4376 ἕνωσιν

2275 4418 2646 4472 ἀδιάσπαστον
2674 4414 2993 4484 ἀσυγχύτως
3039 4414 3134 4466 καὶ
3160 4414 3453 4483 ἀτρέπτως
3470 4430 3482 4443 ·
3509 4413 3542 4483 ἡ
3589 4411 3698 4482 γὰρ
3724 4413 3861 4483 σὰρξ

586 4503 718 4557 dum
745 4503 1173 4569 liumanationis,
1207 4505 1564 4578 intelligimus
1591 4507 1728 4564 duas
1754 4511 1896 4565 inter
1923 4527 1981 4566 se
2004 4511 2174 4566 indis-

2280 4511 2419 4583 σάρξ
2446 4513 2584 4574 ἔστι,
2625 4508 2721 4562 καὶ
2752 4509 2811 4561 οὐ
2843 4507 3055 4576 Θεότης,
3086 4508 3134 4559 εἰ
3166 4511 3260 4561 καὶ
3293 4507 3484 4575 γέγονε
3519 4505 3656 4560 Θεοῦ
3692 4505 3856 4574 σάρξ’

586 4593 806 4650 solubili
826 4595 1358 4653 unioneconvenisse
1377 4606 1620 4663 naturas,
1639 4607 1774 4654 citra
1791 4600 2169 4658 confusionem

586 4695 752 4756 atque
777 4685 1217 4742 immutationem
1246 4688 1411 4744 ullam
1455 4707 1469 4743 :
1493 4705 1622 4745 caro
1656 4691 1804 4746 enim
1824 4708 1953 4749 caro
1981 4707 2085 4759 est,
2113 4705 2172 4751 et

587 4792 697 4830 non
744 4775 1031 4840 divinitas,
1077 4778 1291 4832 etiamsi
1332 4778 1428 4834 Dei
1454 4795 1584 4834 caro
1610 4781 1752 4836 facta
1773 4794 1859 4838 est
1887 4802 1900 4837 :
1927 4787 2169 4856 itemque

590 4867 830 4922 Verbum
855 4868 1000 4922 Deus
1018 4877 1121 4931 est,
1155 4878 1210 4924 et
1234 4885 1343 4925 non
1365 4887 1516 4935 caro,
1542 4875 1793 4943 quamvis
1823 4875 2168 4946 dispensatoo

592 4960 672 5014 ria
700 4960 911 5015 ratione
937 4962 1214 5031 propriam
1239 4963 1340 5017 sibi
1369 4963 1561 5020 iecerit
1589 4982 1829 5022 carnem.
1857 4969 2172 5040 lgitureum

591 5053 646 5108 id
671 5053 1110 5119 consideramus,
1136 5056 1274 5109 nilnl
1304 5058 1454 5112 illum
1483 5060 1536 5113 in
1556 5061 1821 5116 unitatem
1845 5078 2174 5119 concursum

593 5143 880 5207 violemus,
916 5144 1046 5199 dum
1073 5163 1138 5200 ex
1164 5147 1380 5202 duabus
1416 5152 1630 5206 naturis
1653 5152 1855 5207 factum
1887 5169 2007 5209 esse
2044 5155 2180 5210 dici-

593 5247 754 5286 mus:
796 5232 891 5286 sed
924 5243 1046 5302 post
1067 5237 1352 5303 unionem,
1376 5248 1601 5296 naturas
1638 5243 1870 5296 alteram
1898 5244 1967 5298 ab
2004 5246 2174 5300 altera

593 5339 703 5378 non
739 5322 1068 5385 dividimus,
1101 5345 1278 5398 neque
1316 5331 1369 5384 in
1419 5330 1558 5388 duos
1594 5334 1759 5388 Filios
1794 5337 1946 5390 illum
2001 5353 2170 5392 unum

592 5415 1092 5487 impartibilemque
1122 5436 1390 5487 secamus,
1440 5427 1534 5480 sed
1561 5444 1726 5482 unum
1756 5431 2054 5484 asserimus
2081 5431 2168 5484 Fi-

662 5572 708 5603 ³⁸
741 5572 976 5643 Philipp.
1017 5591 1071 5637 ιι,
1108 5578 1158 5628 6.

2277 4603 2478 4674 ὁμοίως
2509 4602 2564 4656 δὲ
2599 4599 2693 4653 καὶ
2716 4601 2744 4654 ό
2772 4600 2942 4668 Λόγος
2972 4599 3104 4661 Θεός
3133 4600 3270 4662 ἔστι,
3297 4599 3392 4652 καὶ
3413 4599 3473 4652 οὐ
3500 4599 3657 4670 σὰρξ,
3693 4601 3741 4654 εί
3769 4602 3859 4654 καὶ

2282 4697 2416 4750 ἰδίαν
2457 4694 2756 4762 ἐποιήσατο
2792 4692 2890 4763 τὴν
2927 4690 3108 4762 σάρκα
3139 4691 3516 4761 οἰκονομικῶς.
3561 4691 3729 4746 Ὅταν
3767 4688 3861 4746 οῦν

2280 4787 2552 4858 ἐννοῶμεν
2592 4784 2782 4848 τοῦτο,
2827 4784 2981 4838 οὐδὲν
3029 4783 3324 4854 ἀδικοῦμεν
3365 4784 3464 4854 τὴν
3515 4787 3593 4848 εἰς
3635 4785 3860 4856 ἑνότητα

2280 4882 2609 4953 συνδρομὴν,
2633 4882 2697 4933 ἐκ
2717 4879 2810 4932 δύο
2834 4877 3049 4947 φύσεων
3071 4875 3404 4946 γεγενῆσθαι
3425 4876 3696 4944 λέγοντεςσ
3725 4881 3861 4948 μετὰ

2286 4976 2464 5046 μέντοι
2519 4972 2616 5043 τὴν
2660 4973 2853 5026 ἕνωσιν
2902 4971 2964 5023 οὐ
3012 4969 3331 5041 διαιροῦμεν
3379 4969 3479 5032 τὰς
3531 4969 3720 5038 φύσεις
3766 4971 3860 5026 ἀπ’

2283 5064 2553 5134 ἀλλήλων,
2590 5063 2708 5116 οὐδὲ
2743 5065 2822 5125 εἰς
2862 5060 2956 5114 δύο
2989 5060 3260 5131 τέμνσμεν
3302 5061 3466 5124 Υίοῦς
3506 5062 3596 5114 τὸν
3633 5063 3731 5115 ἕνα
3770 5065 3865 5117 καὶ

2285 5157 2602 5228 ἀμέριστον,
2635 5155 2747 5209 ἀλλ’
2779 5155 2875 5206 ἕνα
2921 5154 3102 5223 φαμὲν
3127 5153 3273 5220 Υἱὸν,
3307 5157 3400 5209 καί⁵
3429 5154 3504 5219 ὼς
3528 5157 3579 5208 οἰ
3621 5157 3865 5229 Πατέρες

2282 5252 2559 5319 εἰρήκασι,
2592 5247 2720 5318 μίαν
2751 5247 2912 5317 φύσιν
2935 5247 3030 5299 τοῦ
3058 5243 3192 5300 Θεοῦ
3221 5249 3392 5315 Λόγου
3418 5252 3862 5321 σεσαρκωμένην.

2283 5339 2492 5395 Οὐκοῦν
2522 5340 2644 5390 ὅσον
2680 5338 2778 5409 μὲν
2809 5333 2946 5407 ἧκεν
2983 5341 3061 5400 εἰς
3091 5338 3321 5396 ἔννοιαν,
3363 5339 3457 5392 καὶ
3493 5340 3574 5402 εἰς
3604 5355 3666 5410 γε
3706 5340 3865 5411 μόνον

2278 5433 2339 5485 τὸ
2371 5431 2504 5501 όρᾷν
2550 5430 2660 5491 τοῖς
2699 5431 2797 5496 τῆς
2839 5429 3016 5498 ψυχῆς
3041 5428 3284 5498 ὄμμασι,
3321 5429 3441 5484 τίνα
3475 5428 3675 5500 τρόπον
3707 5431 3863 5500 ἰνην-

1705 5695 1872 5745 Vm-im
1908 5694 2169 5746 lertirirzus
2198 5697 2404 5752 codicis
2436 5698 2798 5769 Segnieriani.

659 5803 691 5849 ά
720 5807 807 5862 ῐσ.
834 5807 1106 5865 καθίκετο.
