4126 6314
215 375 315 432 ass
1589 369 1926 428 EPISTOLA
1963 370 2125 430 XLV.
3372 375 3476 432 156

220 500 492 574 θρώπησεν
522 499 553 553 6
580 496 932 569 Μονογενὴς,
965 497 1056 552 δύο
1087 498 1183 562 τάς
1219 495 1409 569 φύσεις
1440 494 1577 552 εἷναί
1607 515 1786 569 φαμεν

1896 498 2053 563 lium,
2085 507 2162 564 et,
2203 508 2263 554 ut
2287 501 2462 556 sancti
2503 501 2693 556 Patres
2714 499 2990 565 dixerunt,
3021 512 3186 555 unam
3217 507 3476 554 naturam

219 592 311 655 τάς
329 588 638 652 ίνωθείσας.
672 589 771 642 ινα
794 587 856 642 δὲ
887 586 1120 660 Χριστὸν
1148 587 1243 643 καὶ
1270 587 1398 642 Υίδν
1429 589 1522 643 καὶ
1559 588 1786 661 Κύριον.

1893 589 1988 644 Dei
2022 589 2189 646 Verbi
2227 590 2585 647 incarnatam.
2617 590 2808 659 itaque
2837 597 3102 659 quantum
3128 587 3196 644 ad
3217 588 3474 646 conside-

217 682 304 737 τὸν
343 679 431 735 τοῦ
468 679 609 734 Θεοῦ
645 679 862 752 Πατρδς
907 680 1105 748 Λόγον,
1156 681 1658 751 ἑνανθρωπήοαντα
1696 683 1789 734 καὶ

1893 680 2125 736 randum
2149 682 2366 748 attinet,
2383 689 2548 753 atque
2566 682 2736 737 animi
2756 679 2932 736 oculis
2949 678 3329 735 tantummodo
3345 695 3478 735 con-

218 773 647 845 σεσαρκωμίνον.
682 772 791 826 Καὶ
811 811 826 833 .
854 773 902 824 εί
925 770 1106 838 δοκεῖ,
1134 771 1418 844 δεξώμεθα
1452 772 1588 844 πρὸς
1615 772 1789 843 ταιρά-

1892 770 2266 840 templandum
2290 771 2566 842 quomodo
2589 772 2756 826 homo
2787 770 2967 826 factus
3001 769 3074 825 sit
3099 769 3191 826 ille
3215 768 3476 842 Unigeni—

213 866 411 935 δειγμα
430 865 530 935 τὴν
552 864 676 918 καθ’
700 865 850 935 ἡμᾶς
874 865 1073 930 αὐτοὺς
1095 864 1363 929 σύνθεσιν,
1385 863 1507 918 καθ’
1529 865 1600 935 ἦν
1623 865 1789 936 ὲσμεν

1894 870 2001 927 tus,
2028 862 2166 918 duas
2193 872 2422 918 naturas
2463 863 2646 919 unitas
2681 878 2804 919 esse
2834 863 3094 928 dicimus,
3139 877 3314 918 unum
3345 876 3479 916 vero

213 956 507 1028 ἄνθρωποι.
540 955 939 1026 Συντεθείμεθα
960 958 1069 1029 γάρ
1102 958 1166 1009 ὲκ
1187 955 1368 1027 ψυχῆς
1391 956 1488 1008 καὶ
1519 955 1789 1025 σώματος,

1890 953 2174 1010 Christum
2215 963 2271 1009 et
2323 957 2522 1010 Filium
2549 963 2607 1010 et
2655 955 2948 1010 Dominum
2994 953 3126 1010 illud
3173 953 3270 1010 Dei
3301 953 3480 1010 Patris

213 1047 307 1100 καί
336 1046 552 1116 δρῶμεν
579 1044 672 1098 δύο
701 1044 922 1116 φύσεις,
954 1046 1146 1118 ἑτέραν
1171 1046 1292 1118 μὲν,
1335 1046 1438 1118 τὴν
1477 1043 1572 1099 τοῦ
1604 1044 1789 1117 σώμα-

1892 1045 2132 1102 Verbum
2162 1046 2442 1102 hominem
2467 1047 2672 1102 factum
2695 1053 2752 1101 et
2774 1045 3122 1101 incarnatum
3157 1045 3476 1102 asserimus.

210 1151 332 1202 τος,
364 1139 559 1208 ἑτέραν
596 1136 653 1190 δὲ
673 1178 686 1198 ,
719 1136 818 1208 τὴν
850 1136 948 1207 τῆς
983 1137 1162 1208 ψυχῆς
1183 1153 1196 1168 ·
1226 1137 1340 1191 ἀλλ’
1381 1133 1462 1202 εἷς
1496 1137 1556 1204 ἐξ
1587 1137 1789 1209 ἀμφοῖν

1890 1135 1981 1201 At,
2008 1135 2055 1191 si
2103 1136 2312 1207 placet,
2355 1137 2499 1192 hanc
2529 1136 2701 1207 ipsam
2745 1145 2990 1192 nostram
3021 1136 3478 1208 compositionem

211 1230 338 1283 καθ’
367 1230 563 1282 Ξνωσιν
593 1228 902 1301 ἄνθρωπος.
934 1230 1045 1283 Καὶ
1068 1230 1168 1301 οὐχ
1197 1231 1280 1284 ὅτι
1304 1232 1369 1285 ὲκ
1395 1229 1491 1284 δύο
1520 1229 1789 1284 συντέθει-

1891 1241 2000 1297 qua
2019 1241 2210 1281 sumus
2237 1226 2510 1291 homines,
2533 1226 2591 1280 in
2605 1226 2914 1297 exemplum
2939 1225 3100 1297 138
3121 1227 3479 1298 accipiamus.

208 1335 298 1374 ται
325 1319 539 1387 φύσεων
562 1321 591 1373 6
617 1319 926 1391 ἄνθρωπος,
957 1320 1051 1374 δύο
1079 1321 1402 1392 ἀνθρώπους
1432 1321 1523 1376 τὸν
1573 1322 1672 1376 ἕνα
1702 1337 1789 1376 νοε-

1893 1317 1974 1373 Ex
1995 1319 2178 1373 anima
2188 1333 2424 1389 namque
2441 1328 2498 1374 et
2513 1333 2745 1389 corpore
2765 1333 2955 1376 sumus
2976 1319 3291 1390 compositi,
3315 1319 3482 1377 duas—

212 1409 456 1479 μισ-τίον,
481 1409 596 1463 ἀλλ’
627 1410 723 1465 ἕνα
750 1411 843 1464 τὸν
869 1411 1028 1464 αὐτὸν
1062 1413 1206 1467 κατὰ
1232 1413 1502 1478 σύνθεσιν,
1530 1413 1607 1478 ὡς
1629 1412 1789 1485 ἔφην,

1891 1424 2000 1480 que
2029 1417 2260 1465 naturas
2303 1409 2614 1474 intuemur,
2661 1410 2892 1464 alteram
2926 1411 3209 1480 corporis,
3246 1411 3480 1467 alteram

206 1501 302 1555 τὸν
332 1503 397 1555 ὲκ
423 1503 601 1573 ψυχῆς
641 1503 736 1556 καὶ
793 1502 1066 1574 σώματος.
1109 1504 1236 1559 Ἐἀν
1265 1505 1374 1578 γὰρ
1401 1505 1682 1578 ἀνέλωμεν
1711 1505 1789 1574 τὺ,

1891 1499 2092 1556 anima:
2128 1517 2142 1554 :
2171 1499 2268 1556 sed
2306 1516 2450 1556 unus
2484 1515 2553 1556 ex
2575 1499 2865 1571 utriusque
2890 1500 3095 1556 unione
3127 1510 3343 1556 constat
3375 1501 3480 1557 ho-

205 1591 291 1646 δτι
321 1593 385 1646 ἑκ
415 1592 511 1647 δύο
537 1594 630 1647 καὶ
655 1593 929 1667 διαφόρων
955 1596 1172 1666 φύσεων
1199 1599 1229 1651 6
1260 1593 1340 1663 εἷς
1367 1600 1461 1653 καὶ
1490 1599 1650 1671 μόνος
1677 1601 1789 1655 ἐστὶ

1893 1606 2003 1647 mo.
2026 1591 2218 1662 Neque
2244 1607 2377 1648 vero
2402 1591 2534 1663 quia
2559 1607 2627 1647 ex
2658 1591 2873 1648 duabus
2898 1593 3116 1648 naturis
3137 1593 3307 1649 homo
3328 1607 3482 1649 com-

206 1683 468 1756 Χριστὸς,
502 1685 870 1752 ἀδιάσπαστος
895 1688 970 1741 ὢν
1000 1690 1094 1743 καὶ
1126 1691 1264 1760 μετὰ
1285 1689 1383 1762 τὴν
1402 1691 1615 1758 ῑνωσιν,
1639 1690 1789 1764 ἐροῦ·

1893 1684 2108 1754 positus
2127 1692 2232 1749 est,
2260 1683 2401 1739 duos
2427 1691 2620 1754 putare
2638 1683 2906 1740 debemus
2927 1681 3183 1742 homines
3210 1685 3307 1757 qui
3335 1701 3483 1742 unus

205 1789 294 1828 σιν
327 1778 376 1828 ot
413 1778 483 1848 τῇ
513 1777 647 1849 ὀρθῇ
679 1777 808 1850 δόξῃ
833 1790 858 1819 ο
900 1781 1221 1853 μαχόμενον
1263 1783 1326 1837 El
1375 1783 1474 1855 μία
1527 1783 1689 1853 φύσις
1733 1783 1789 1838 τὲ

1893 1783 2000 1840 est,
2029 1775 2126 1831 sed
2147 1791 2318 1830 unum
2340 1775 2597 1832 eumdem
2621 1792 2722 1847 per
2745 1778 3220 1848 compositionem,
3251 1786 3313 1834 ut
3340 1777 3478 1845 dixi,

202 1864 347 1930 ελον,
381 1867 504 1932 πῶς
543 1869 983 1942 ινηνθρώπησεν,
1027 1873 1061 1944 ἢ
1113 1873 1273 1946 ποίαν
1314 1874 1450 1930 ίδίαν
1495 1876 1789 1946 ἐποιήσατο

1894 1868 1991 1937 qui
2022 1884 2091 1925 ex
2115 1869 2298 1924 anima
2324 1877 2541 1924 constat
2570 1876 2628 1924 et
2659 1883 2914 1939 corpore.
2944 1868 3083 1925 Nam
3115 1870 3160 1926 si
3187 1870 3479 1943 negaveri-

203 1957 424 2028 σάρκας
471 1958 692 2031 Ἐπειδὴ
716 1960 774 2014 δὲ
803 1956 964 2033 εῦρον
995 1963 1055 2016 ὲν
1083 1945 1165 2035 τῷ
1187 1963 1584 2036 ὑπομνηστικῷ
1611 1945 1789 2036 ἔμεινα⁴

1896 1975 2020 2015 mus
2040 1974 2110 2015 ex
2139 1959 2357 2016 duabus
2381 1960 2726 2031 diversisque
2767 1960 2982 2016 naturis
3009 1976 3183 2017 unum
3206 1977 3274 2019 ac
3300 1962 3479 2019 solum

203 2049 293 2103 σίν
320 2067 446 2104 τινα
485 2050 648 2119 λόγου
678 2052 958 2126 τοιαύτην,
994 2055 1077 2109 ὅτι
1110 2055 1252 2127 μετά
1278 2056 1378 2128 τὴν
1406 2057 1704 2112 ἀνάστασιν
1733 2058 1789 2114 τὸ

1893 2064 2015 2106 esse
2036 2049 2317 2106 Christum
2347 2050 2442 2122 qui
2474 2060 2598 2123 post
2633 2052 2895 2108 unionem
2931 2051 3105 2109 dividi
3137 2068 3248 2109 non
3279 2052 3476 2126 possit.

200 2139 363 2211 ἅγιον
413 2142 577 2213 σῶμα
624 2142 720 2198 τοῦ
769 2145 990 2200 πάντων
1040 2147 1199 2217 ἡμῶν
1235 2147 1485 2220 Σωτῆρος
1511 2149 1749 2222 Χριστοῦ
1775 2189 1792 2216 ,

201 2235 283 2298 είς
308 2233 542 2305 θεὸτητα
565 2275 580 2302 ,
634 2237 772 2309 φησὶ
805 2237 852 2302 ί,
891 2235 1370 2310 μετακεχώρηκεν,
1421 2239 1499 2303 ὡς
1549 2234 1688 2296 εἶναι
1732 2241 1795 2295 τὸ

199 2322 326 2377 δλον
358 2323 593 2394 θεότητα
627 2325 820 2398 μόνην,
854 2325 965 2380 δεῖν
1007 2326 1196 2398 ᾠήθην
1230 2328 1325 2382 καὶ
1356 2329 1494 2400 πρός
1521 2346 1588 2398 γε
1631 2329 1794 2384 τοῦτο

200 2415 404 2468 είπεῖν.
449 2413 659 2478 Παῦλος
687 2417 716 2469 6
759 2416 1032 2487 μακάριος
1058 2417 1262 2489 γράφει
1304 2421 1405 2488 τῆς
1436 2419 1791 2493 ινανθρωπή-

205 2521 349 2569 σεως
394 2505 492 2558 τοῦ
523 2506 847 2578 μονογενοῦς
878 2506 1010 2562 Υίοῦ
1045 2507 1142 2563 τοῦ
1175 2508 1311 2563 Θεοῦ
1339 2511 1439 2576 τὰς
1487 2512 1667 2577 αίτίας
1701 2513 1790 2580 ιε-

1894 2141 2097 2198 dicturi
2132 2133 2266 2198 sunt
2304 2145 2397 2214 qui
2438 2159 2566 2199 cum
2603 2152 2752 2201 recta
2782 2144 2889 2202 ﬁde
2916 2146 3123 2202 bellum
3149 2156 3348 2221 gerunt
3374 2165 3387 2203 :
3418 2147 3478 2205 Si

1896 2241 2071 2289 totum
2105 2251 2212 2290 una
2241 2245 2327 2290 est
2364 2245 2559 2292 natura
2580 2278 2594 2302 ,
2646 2238 2924 2307 quomodo
2951 2237 3131 2295 factus
3171 2247 3259 2296 est
3287 2240 3475 2308 homo,

1893 2337 2126 2392 quamve
2158 2338 2380 2380 carnem
2418 2325 2700 2396 propriam
2745 2326 2920 2382 fecit?
2958 2327 3230 2395 Quoniam
3254 2345 3391 2386 vero
3420 2329 3476 2386 in

1894 2412 2013 2483 ipso
2033 2415 2456 2471 commonitorio
2493 2415 2723 2471 formam
2754 2419 3048 2490 quamdam
3081 2421 3354 2478 sermonis
3374 2422 3478 2480 ltu-

1887 2505 2196 2575 juscemodi
2242 2507 2444 2577 reperi,
2491 2507 2638 2577 quod
2665 2518 2790 2577 post
2837 2512 3304 2568 resurrectionem
3351 2529 3481 2570 san-

202 2595 532 2667 ηγούμενος,
569 2599 700 2651 ποτὲ
739 2597 860 2669 μὲν,
890 2599 972 2653 ὅτι
1008 2617 1027 2651 ε
1061 2599 1135 2653 Τὸ
1156 2599 1265 2672 γὰρ
1292 2601 1552 2657 ἀδύνατον
1571 2603 1667 2658 τοῦ
1701 2605 1789 2659 νό-

1891 2605 2041 2652 ctum
2068 2597 2201 2653 illud
2232 2613 2436 2670 corpus
2458 2601 2633 2656 nostri
2665 2602 2910 2656 omnium
2937 2601 3235 2660 Salvatoris
3266 2604 3475 2663 Christi

205 2703 336 2758 μου,
368 2681 488 2754 ινῷ
514 2689 731 2759 ἠσθένει
755 2690 845 2745 διά
865 2691 963 2762 τῆς
993 2693 1219 2765 σαρκὸς,
1249 2694 1280 2747 6
1308 2693 1442 2758 Θεὸς
1473 2695 1564 2750 τὸν
1593 2696 1788 2751 ἑαυτοῦ

1891 2688 1947 2743 in
1972 2689 2280 2744 divinitatis
2301 2698 2556 2746 naturam
2597 2691 2904 2757 transierit,
2934 2703 2997 2749 ut
3039 2703 3218 2750 totum
3252 2696 3324 2752 sit
3357 2698 3474 2752 sola

205 2779 342 2834 Υἱδν
387 2782 613 2851 πέμψας
655 2783 716 2835 εν
749 2782 1058 2854 ὁμοιώματι
1117 2785 1318 2856 σαρκὸς
1353 2787 1660 2859 ἁμαρτίας,
1695 2788 1789 2842 καὶ

1890 2780 2184 2846 divinitas;
2235 2781 2303 2836 ad
2363 2781 2469 2837 hoc
2497 2798 2719 2852 quoque
2767 2785 3210 2855 respondendum
3257 2791 3470 2844 censui.

206 2872 340 2942 περὶ
364 2871 641 2942 ἁμαρτίας
679 2873 969 2944 κατέκρινε
991 2873 1092 2944 τὴν
1118 2874 1396 2946 ἁμαρτίαν
1421 2877 1481 2930 ὲν
1505 2877 1571 2946 τῇ
1601 2877 1786 2947 σαρκὶ,

1890 2873 2090 2928 Beatus
2132 2873 2356 2940 Paulus,
2384 2889 2579 2929 causas
2620 2875 3019 2935 incarnationis
3046 2881 3316 2953 unigeniti
3349 2884 3471 2940 Filii

206 2961 297 3019 ενα
325 2963 389 3016 τὸ
418 2963 696 3036 δικαίωμα
717 2963 812 3019 τοῦ
843 2964 1010 3036 νόμου
1035 2966 1299 3039 πληρωθῇ
1327 2969 1384 3021 ιν
1410 2968 1542 3040 ἡμῖν
1568 2971 1682 3033 τοῖς
1713 2968 1789 3042 μὴ

1890 2962 1985 3017 Dei
2028 2977 2328 3033 exponens,
2361 2980 2510 3019 nunc
2547 2965 2770 3036 quidem
2801 2969 3034 3024 scribit:
3078 2990 3096 3022 ι
3124 2972 3280 3040 Quod
3323 2976 3470 3030 enim

205 3054 356 3109 κατά
405 3055 585 3127 σάρκα
631 3055 1049 3127 περιπατοῦσιν,
1097 3057 1236 3112 ἀλλά
1276 3059 1416 3114 κατά
1458 3059 1701 3132 Πνεῦμα’
1761 3080 1780 3112 ι

1890 3054 2230 3126 impossibile
2261 3064 2379 3110 erat
2406 3057 2562 3128 legis,
2588 3057 2642 3113 in
2665 3073 2775 3129 quo
2800 3058 3185 3119 inﬂrmabatur
3210 3081 3312 3136 per
3350 3084 3473 3124 car-

207 3144 347 3198 ποτε
371 3144 429 3198 δι
461 3145 643 3200 πάλινο
681 3165 699 3197 ι
748 3147 967 3220 Ἐπειδὴ
1002 3147 1111 3221 γὰρ
1134 3149 1205 3204 τὰ
1232 3149 1419 3205 παιδία
1461 3151 1782 3224 κεκοινώνη-

1890 3163 2035 3211 nem,
2072 3147 2216 3201 Deus
2237 3146 2436 3202 Filium
2461 3164 2620 3202 suum
2646 3150 2870 3206 mittens
2893 3151 2947 3205 in
2964 3152 3325 3212 similitudine
3347 3173 3471 3214 car-

205 3251 306 3290 κεν
355 3237 584 3306 αἵματος
628 3236 724 3291 καὶ
773 3239 993 3310 σαρκὸς,
1043 3241 1137 3295 καὶ
1182 3241 1346 3306 αὐτὸς
1388 3244 1786 3316 παραπλησίως

1890 3237 1977 3292 nis
2020 3238 2254 3308 peccati,
2300 3249 2357 3293 et
2387 3238 2454 3292 de
2497 3249 2722 3310 peccato
2761 3241 3043 3300 damnavit
3091 3258 3378 3318 peccatum
3415 3253 3474 3308 in

208 3327 444 3400 μετέσχε
469 3328 588 3385 τῶν.
621 3329 824 3397 αὐτῶν,
859 3331 947 3387 ἵνα
970 3332 1062 3386 διά
1081 3332 1176 3386 τοῦ
1206 3333 1437 3390 θανάτου
1464 3338 1788 3410 καταργήσῃ

203 3419 301 3474 τὸν
346 3420 407 3475 τὸ
451 3421 654 3493 κράτος
685 3421 877 3493 [κοντα
906 3421 1004 3478 τοῦ
1031 3423 1262 3480 θανάτου
1283 3465 1298 3492 ,
1329 3426 1475 3481 τοῦτ’
1523 3427 1670 3496 Ιστι,
1697 3429 1790 3483 τδν

202 3508 480 3578 διάϐολον,
509 3512 603 3566 καὶ
627 3512 910 3586 ἀπαλλάξῃ
949 3514 1174 3580 τούτους
1192 3557 1208 3584 ,
1233 3518 1349 3573 ὅσοι
1376 3518 1526 3592 φόϐῳ
1555 3519 1788 3576 θανάτου

202 3602 507 3669 διαπαντὸς
524 3604 619 3660 τοῦ
635 3603 736 3678 ζῇν
751 3606 926 3678 ενοχοι
939 3603 1081 3680 ἦσαν
1095 3608 1361 3675 δουλείας.
1385 3611 1458 3666 Οὐ
1478 3611 1588 3686 γὰρ
1605 3614 1787 3686 δήπου

203 3694 462 3765 ἀγγέλων
499 3697 932 3769 ἐπιλαμϐάνεται
955 3742 970 3766 ,
1001 3701 1141 3756 ἀλλά
1167 3701 1482 3778 σπέρματος
1539 3704 1790 3776 Ἀδραάμ

204 3787 645 3858 ιπιλαμδάνεται
670 3807 686 3822 ο
714 3789 837 3845 ὅθεν
863 3789 1062 3862 ὤφειλε
1099 3793 1242 3848 κατά
1275 3777 1472 3850 πάνταχ
1485 3798 1598 3861 τοῖς
1638 3797 1791 3851 ἀδελ-

204 3883 334 3950 φοῖς
359 3880 712 3953 ὁμοιωθῆναι.
747 3901 766 3936 ι
794 3884 979 3956 Φαμὶν
999 3881 1093 3940 οῦν
1115 3886 1196 3940 ὃτι
1217 3887 1282 3941 ὲκ
1302 3889 1400 3958 τῆς
1425 3888 1792 3960 παραϐάσεως

202 3970 304 4026 τοῦ
357 3969 528 4043 ’Δδάμ
567 3972 669 4043 τῆς
702 3973 1051 4046 ἀνθρωπίνης
1099 3977 1314 4047 φύσεως
1363 3978 1644 4051 παθούσης
1689 3982 1791 4052 τὴν

205 4060 443 4133 φθορὰν,
474 4062 570 4118 καὶ
597 4065 1042 4138 τυραννουμένης
1071 4069 1172 4140 τῆς
1200 4071 1258 4123 ὲν
1289 4071 1422 4142 ἡμῖν
1453 4070 1693 4136 διανοίας
1725 4075 1790 4127 εκ

205 4151 322 4206 τῶν
362 4156 462 4224 τῆς
492 4153 696 4226 σαρκὸς
731 4155 957 4226 ἡδονῶν,
990 4158 1110 4229 ἦτοι
1152 4160 1471 4232 κινημάτων
1504 4161 1788 4233 ἐμφύτων,

206 4245 511 4312 ἀναγκαίον
553 4245 776 4316 γίγονεν
817 4248 951 4320 ἡμῖν
987 4251 1070 4315 είς
1107 4252 1382 4324 σωτηρίαν
1425 4255 1537 4318 τοῖς
1567 4253 1660 4308 ἰπὶ
1690 4255 1792 4325 τῆς

206 4335 313 4406 τῆς
350 4333 431 4397 τδ,
471 4333 888 4407 ινανθρωπῆσαι
923 4337 1018 4393 τὸν
1055 4341 1151 4395 τοῦ
1183 4340 1320 4396 Θεοῦ
1343 4342 1538 4412 Λόγον,
1576 4344 1666 4398 ἵνα
1691 4343 1790 4418 τήν

209 4423 396 4494 σάρκα
433 4423 533 4496 τὴν
575 4423 920 4500 ἀνθρωπίνην
964 4429 1404 4505 ὐπενηνεγμένην
1446 4435 1513 4506 τῇ
1572 4432 1786 4507 φθορᾷ,

1889 3345 2075 3394 carne,
2105 3340 2167 3385 ut
2197 3330 2520 3402 justiﬁeatio
2551 3334 2686 3406 legis
2726 3336 3048 3407 impleretur
3084 3342 3140 3396 in
3180 3343 3341 3400 nobis
3374 3346 3470 3417 qui

1890 3438 2000 3489 non
2039 3423 2340 3479 secundum
2372 3440 2593 3482 carnem
2625 3428 2998 3497 ambulamus,
3031 3433 3126 3488 sed
3163 3437 3470 3495 secundum

1891 3514 2158 3586 Spiritum
2179 3515 2244 3571 ³⁸.
2289 3536 2306 3568 ι
2355 3516 2512 3573 Nunc
2561 3533 2757 3574 rursus
2819 3537 2833 3574 :
2882 3541 2900 3572 ‹
2928 3521 3064 3589 Quia
3122 3539 3254 3598 ergo
3311 3533 3469 3601 pueri

1889 3607 2440 3664 communicaverunt
2478 3609 2631 3665 carni
2677 3620 2734 3667 et
2762 3614 3038 3685 sanguini,
3071 3625 3127 3672 et
3159 3619 3277 3689 ipse
3314 3622 3470 3678 simi-

1888 3699 2018 3754 liter
2055 3700 2652 3772 participaviteisdem,
2676 3712 2736 3758 ut
2767 3720 2869 3776 per
2896 3717 3132 3764 mortem
3157 3710 3474 3771 destrueret

1888 3804 2017 3845 eum
2039 3791 2135 3862 qui
2175 3790 2416 3847 habebat
2453 3793 2650 3849 mortis
2691 3794 3009 3866 imperium,
3047 3799 3103 3856 id
3140 3809 3245 3868 est,
3276 3803 3470 3861 diabo-

1889 3878 2026 3945 lum,
2040 3889 2096 3936 et
2121 3881 2315 3937 libera.
2329 3890 2386 3937 et
2408 3897 2504 3938 eos
2527 3883 2620 3954 qui
2643 3884 2842 3942 timore
2868 3891 3064 3946 mortis
3082 3907 3184 3963 per
3204 3901 3374 3950 totam
3393 3898 3473 3952 vi-

1893 3981 2002 4027 tam
2019 3973 2245 4029 obnoxii
2272 3984 2430 4030 erant
2460 3977 2734 4032 servituti.
2769 3979 3054 4052 Nusquam
3074 3985 3224 4040 enim
3248 3990 3473 4060 angelos

1890 4064 2274 4136 apprehendit,
2307 4067 2403 4122 sed
2426 4083 2615 4123 semen
2632 4068 2866 4127 Abrahm
2885 4074 3255 4143 apprehendit
3281 4095 3294 4133 :
3326 4081 3473 4136 unde

1889 4153 2081 4212 debuit
2111 4171 2210 4226 per
2241 4159 2426 4214 omnia
2464 4158 2732 4216 fratribus
2757 4161 2987 4218 similari
3007 4165 3071 4220 ⁸⁸.
3104 4185 3123 4218 ι
3160 4166 3474 4226 Asserimus

1889 4251 2057 4323 igitur
2073 4267 2140 4307 ex
2159 4252 2331 4308 Adam
2349 4254 2792 4324 praevaricatione
2814 4255 3110 4315 humanam
3138 4269 3392 4320 naturam
3413 4264 3470 4322 in

1888 4343 2302 4413 corruptionem
2329 4345 2608 4410 incidisse,
2638 4361 2877 4418 cumque
2905 4350 3126 4407 animus
3151 4362 3342 4410 noster
3369 4371 3472 4412 vo-

1888 4434 2160 4506 luptatum
2200 4435 2402 4502 carnis,
2450 4451 2516 4491 ac
2553 4446 2804 4493 motuum
2852 4438 3144 4498 insitarum
3183 4446 3473 4518 tyrannica

204 4514 306 4570 καὶ
379 4517 684 4586 νοσήσασαν
747 4517 809 4573 τὸ
885 4519 1195 4591 φιλήδονον,
1267 4522 1403 4579 ίδίαν
1454 4526 1782 4598 ποιήσηται·

1891 4527 2173 4583 dominatu
2191 4537 2556 4598 premeretur,
2573 4530 2944 4586 necessarium
2965 4533 3032 4588 ad
3045 4514 3277 4592 salutem
3301 4537 3472 4598 fuisse

204 4605 306 4661 καὶ
348 4605 646 4680 ιπειδηπερ
694 4609 812 4663 εστὶ
839 4609 953 4683 ζωὴ
991 4613 1086 4675 καὶ
1123 4612 1381 4681 (monui);
1403 4656 1419 4682 ρ
1463 4619 1790 4692 καταργήσῃ

207 4699 319 4770 μιν
377 4696 485 4770 τὴν
526 4700 588 4753 εν
625 4699 762 4772 αὐτῇ
813 4700 1043 4774 φθοράν,
1091 4700 1394 4778 επιτιμησῃ
1430 4706 1487 4762 δὲ
1537 4708 1633 4763 καὶ
1675 4711 1790 4774 τοῖς

205 4784 480 4858 ἀμφύτοις
505 4789 790 4860 κινήμασι,
829 4794 942 4856 τοῖς
968 4793 1049 4857 είς
1083 4793 1395 4866 φιληδονίαν
1429 4796 1653 4870 δηλαδή.
1680 4793 1790 4852 Ἦν

203 4878 324 4951 γὰρ
367 4877 509 4935 οὕτω
551 4880 890 4953 νεκρωθῆναι
925 4884 1026 4957 τὴν
1073 4885 1346 4958 ἁμαρτίαν
1375 4886 1475 4960 τὴν
1521 4889 1580 4944 ιν
1624 4891 1786 4962 αὐτῇ.

207 4970 563 5044 ηεμνήμεθα
583 4971 639 5026 δὶ
660 4973 865 5028 καὶτοῦ
893 4977 1163 5049 μακαρίου
1185 4977 1400 5035 Παύλου
1421 4981 1585 5053 νόμον
1604 4983 1791 5055 ἀμαρ-

205 5063 334 5126 τίας
355 5061 684 5128 καλάσαντος
709 5062 771 5118 τὸ
795 5066 854 5119 ἐν
885 5067 1017 5138 ημῐν
1047 5066 1290 5139 ἔμφυτον
1315 5070 1542 5144 κίνημα.
1572 5073 1787 5128 Οὐκοῦν

203 5151 514 5225 casan
531 5154 567 5227 η
587 5153 905 5229 ἀνθρωπίνη
934 5157 1074 5229 σάρξ
1095 5160 1320 5230 γέγονεν
1346 5160 1450 5216 ίδία
1468 5162 1564 5218 τοῦ
1587 5164 1787 5234 Λόγου,

206 5244 494 5300 θείαν-ται
517 5245 623 5318 μιν
649 5246 714 5301 τδ
739 5247 1107 5320 ὑποφέρεσθαι
1145 5254 1214 5324 τῇ
1249 5251 1446 5327 φθορᾷ·
1479 5255 1574 5310 καὶ
1597 5257 1787 5330 επειδὴ

200 5335 490 5410 ἁμαρτίαν
517 5336 619 5393 οὐκ
650 5336 910 5410 ιποίησεν
936 5338 1015 5404 ὡς
1053 5339 1206 5408 Θεδς,
1239 5344 1660 5417 οἰκειωσάμενος
1690 5349 1788 5404 a6-

1891 4619 2054 4676 nobis
2075 4619 2172 4690 qui
2203 4619 2258 4674 in
2285 4617 2449 4675 terris
2479 4618 2751 4692 degimus,
2773 4621 2873 4678 Dei
2906 4623 3150 4680 Verbum
3189 4627 3472 4686 hominem

1893 4709 2033 4775 ﬁeri,
2063 4719 2126 4766 ut
2163 4709 2461 4765 humanam
2498 4725 2723 4766 carnem
2771 4713 3116 4784 corruptioni
3163 4716 3470 4790 subjectam

1890 4810 1948 4859 et
1966 4801 2307 4873 voluptatum
2324 4799 2628 4871 cupiditate
2655 4800 2994 4859 laborantem
3023 4806 3306 4876 propriam
3328 4807 3474 4866 face-

1892 4899 2008 4957 ret;
2029 4898 2232 4946 etcum
2252 4890 2368 4945 vita
2393 4889 2466 4946 sit
2490 4904 2555 4946 ac
2580 4889 2906 4957 viviﬁcator,
2938 4891 3253 4954 destrueret
3271 4911 3470 4956 eorru-

1892 4981 2136 5053 ptionem
2171 4997 2294 5054 qua:
2331 4983 2479 5039 illam
2529 4983 2826 5049 invaserat,
2852 4991 2911 5041 et
2949 4985 3145 5046 insitos
3180 5000 3367 5049 motus
3399 4989 3470 5049 ad

1888 5074 2392 5146 concupiscentiam
2429 5088 2498 5130 ac
2523 5075 2863 5146 voluptatem
2897 5079 3285 5149 pertrahean
3319 5096 3476 5142 com-

1887 5172 2156 5237 pesceret.
2188 5164 2304 5222 Hac
2325 5179 2565 5238 namque
2597 5166 2814 5226 ratione
2833 5171 3151 5230 mortiﬂmri
3173 5185 3393 5247 poterat
3415 5176 3472 5238 in

1888 5269 2080 5317 nostra
2113 5274 2282 5318 carne
2309 5269 2622 5334 peccatum.
2657 5261 3006 5325 Ieminimus
3042 5269 3208 5327 etiam
3247 5269 3472 5333 beatum

1888 5350 2181 5408 Paulum“
2203 5352 2380 5425 legem
2411 5355 2622 5426 peccati
2648 5357 2952 5428 appellasse
2994 5359 3190 5419 insitos
3223 5362 3384 5438 ιω
3412 5364 3471 5423 ia

284 5494 328 5530 ’⁵
359 5492 516 5551 Bon.
547 5508 664 5560 πη,
696 5495 752 5560 3,
783 5495 840 5550 δ.
917 5493 964 5528 ⁸⁸
993 5494 1161 5554 Hebr.
1195 5514 1255 5564 tt,
1289 5499 1470 5556 ιε-Π.
1549 5502 1601 5536 ³⁸
1626 5502 1783 5560 Rom.
1813 5522 1910 5569 vn,
1943 5508 2034 5563 ‘25.

1271 5656 1445 5714 Varie
1472 5660 1737 5718 lectiones
1765 5661 1973 5720 codicis
2011 5662 2375 5743 Seguleriani.

277 5822 307 5853 ο
332 5810 422 5868 lc.
458 5809 753 5885 ὁμοδοξία.
836 5809 855 5863 ί
891 5812 979 5870 ιον.
1008 5811 1261 5885 θεότητος
1298 5820 1477 5889 φύσιν.

530 5903 778 5970 Pauor.
847 5907 938 5972 Gn
1027 5909 1306 5977 LXXVII.
