4126 6314
605 403 708 455 235

1625 384 1679 439 S.
1721 377 1994 434 CYRlLLl
2034 368 2498 429 ALEXANDRlNl
2539 364 2854 422 ARClllEP.

3749 354 3861 413 εκ

605 517 766 573 nobis
799 511 1176 583 voluptuarios
1200 518 1395 563 motus.
1425 507 1768 575 Quapropter
1803 503 1930 572 quia
1948 501 2188 553 humana

2308 496 2386 566 τὴν
2412 496 2504 549 καὶ
2534 493 2669 546 ἰδίαν
2709 490 3019 560 ἀποφήνας,
3049 488 3128 550 ὡς
3153 487 3310 558 εφην,
3342 497 3612 541 πεπαυται
3648 482 3741 535 καὶ
3763 476 3860 532 τοῦ

608 623 736 663 caro
785 606 926 660 facta
961 612 1044 658 est
1087 602 1248 656 Verbi
1305 599 1523 670 prOpria
1549 638 1562 661 ,
1607 596 1770 650 desiit
1805 596 1916 665 jam
1985 607 2178 646 corru-

609 698 782 769 ptioni
819 695 1179 751 succumbere
1211 711 1222 744 :
1258 701 1314 744 et
1359 691 1487 760 quia
1519 699 1773 756 tanquam
1806 687 1952 739 Deus
1989 697 2183 753 pecca-

609 805 724 848 tum
761 807 870 846 non
923 788 1052 843 fecit
1070 788 1112 818 ³⁷
1140 828 1152 848 ,
1191 801 1315 840 cum
1363 799 1480 836 eam
1523 780 1626 836 sibi
1673 778 1903 841 unisset,
1950 784 2010 830 ut
2045 775 2178 838 dixi,

612 883 995 955 propriamque
1027 877 1265 936 fecisset,
1296 872 1458 927 desiit
1489 871 1653 924 etiam
1685 869 1775 922 illa
1810 865 2184 935 voluptatibus

609 971 1009 1044 cupiditatique
1043 967 1349 1035 subjacere.
1389 963 1576 1031 Neque
1603 960 1706 1014 hoc
1738 959 1844 1013 sibi
1897 955 2184 1026 acquisivit

615 1043 954 1128 unigenitum
992 1053 1125 1108 illud
1160 1053 1254 1105 Dei
1293 1050 1529 1103 Verbum
1553 1050 1658 1117 (est
1690 1048 1838 1102 enim
1865 1060 2082 1114 semper
2105 1043 2187 1097 id-

615 1155 791 1221 ipsum
816 1147 962 1219 quod
986 1146 1113 1216 est),
1148 1145 1241 1200 sed
1264 1143 1455 1213 procul
1487 1141 1655 1194 dubio
1683 1139 1860 1193 nobis.
1885 1138 2019 1192 Nam
2046 1137 2089 1190 si
2120 1151 2187 1190 ex

612 1244 743 1300 Adte
773 1239 1220 1312 praevaricatione
1247 1235 1373 1290 facti
1400 1250 1590 1289 sumus
1627 1231 1784 1285 malis
1799 1229 2042 1290 obnoxii.
2064 1243 2190 1283 eve-

615 1333 972 1402 nientutique
1001 1329 1161 1385 nobis
1188 1328 1352 1382 etiam
1373 1327 1515 1380 bona
1552 1340 1670 1394 quae
1703 1324 1758 1378 in
1792 1321 2012 1377 Christo
2039 1325 2187 1384 sunt,

619 1424 959 1494 mcorruplio
1019 1421 1230 1476 scilicet
1283 1427 1749 1488 peccatorumque
1813 1411 2185 1466 mortificatio.

612 1518 816 1571 Factus
849 1526 932 1570 est
968 1515 1134 1585 igitur
1168 1513 1352 1574 homo,
1394 1525 1503 1562 non
1538 1508 1813 1560 hominem
1865 1503 2187 1572 assumpsit,

617 1621 676 1663 ut
707 1607 960 1663 Nestorio
1002 1607 1198 1674 placet.
1229 1603 1406 1670 Atque
1434 1612 1494 1652 ut
1522 1599 1685 1651 homo
1721 1597 1899 1649 factus
1927 1610 2047 1648 esse
2074 1609 2192 1647 cre-

615 1700 798 1763 datur,
823 1699 952 1752 licet
976 1697 1029 1750 id
1055 1695 1199 1764 quod
1223 1702 1341 1746 crat
1365 1687 1748 1760 permanserit,
1775 1688 2034 1740 nimirum
2047 1686 2191 1740 Deus

2284 588 2456 638 νοσεῖν
2481 584 2538 636 τὸ
2571 580 2874 650 φιλήδονον.
2912 579 3020 632 Καὶ
3056 578 3153 647 οὐχ
3178 575 3357 644 ἑαυτῷ
3383 574 3538 628 τοῦτο
3565 567 3858 640 κατώρθωο

2284 691 2379 728 κεν
2408 674 2436 725 ό
2471 669 2764 743 μονογενὴς
2792 666 2886 721 τοῦ
2928 666 3065 720 Θεοῦ
3095 667 3266 736 Λόγος
3293 666 3311 736 (
3334 665 3450 718 ἔστι
3482 664 3609 734 γὰρ,
3651 662 3679 715 δ
3713 663 3866 713 ἐστιν

2284 767 2403 835 ἀεὶ)
2427 806 2441 830 ,
2470 764 2581 818 ἀλλ’
2614 764 2747 833 ήμϊν
2782 758 3041 813 δολονότι.
3071 758 3134 810 Ei
3165 757 3272 828 γὰρ
3303 751 3718 824 ὑπενηνέγμεθα
3749 750 3866 812 τοῖς,

2285 857 2350 909 ὲκ
2377 854 2739 928 παραϐάσεως
2772 851 2870 922 τῆς
2899 851 2957 901 ὲν
2998 849 3171 919 Ἀδὰμ
3209 848 3431 909 κακοῖς,
3483 844 3603 914 ἥξει
3650 843 3869 903 πάντως

2287 947 2371 1016 ἐφ’
2405 948 2550 1018 ἡμᾶς
2578 946 2672 998 καὶ
2694 943 2762 996 τὰ
2786 945 2841 994 ὲν
2864 939 3105 1012 Χριστῷ,
3137 938 3280 992 τοῦτ’
3316 937 3483 997 ἐστιν,
3508 931 3865 1006 ήὰφθαρσία.

2289 1039 2382 1091 καὶ
2414 1037 2514 1106 τῆς
2550 1035 2826 1106 ἁμαρτίας
2857 1036 2900 1104 ιή
2932 1035 3222 1102 νέκρωσις.
3270 1027 3480 1083 Οὐκοῦν
3517 1027 3737 1096 γέγονεν
3775 1025 3873 1077 ἄν·

2288 1130 2525 1200 θρωπος,
2549 1129 2650 1182 οὐκ
2679 1127 2962 1195 ἄνθρωπον
2989 1122 3269 1181 ἀνέλαϐεν,
3297 1121 3371 1184 ὡς
3392 1117 3670 1187 Νεστορίῳ
3697 1116 3869 1177 δοκεῖ,

2286 1223 2399 1275 Καὶ
2429 1223 2515 1273 ἵνα
2539 1219 2804 1289 πιστευθῇ
2828 1217 3108 1287 ἄνθρωπος
3137 1211 3396 1283 γεγονὼς,
3421 1211 3598 1264 καίτοι
3633 1223 3876 1279 μεμενη-

2289 1311 2402 1375 κὼς
2430 1311 2568 1380 ὅπερ
2596 1305 2685 1378 ἦν,
2716 1310 2874 1378 δῆλον
2897 1308 2953 1362 δὲ
2973 1310 3054 1360 ὅτι
3078 1306 3207 1369 Θεὸς
3235 1305 3376 1358 κατὰ
3400 1302 3580 1372 φύσιν,
3599 1300 3770 1370 ταύτῃ
3789 1313 3877 1351 τοι

2291 1406 2386 1460 καὶ
2435 1405 2689 1473 πεινῆσαι
2737 1402 2989 1469 λέγεται,
3037 1399 3133 1453 καὶ
3180 1400 3375 1464 καμεῖν
3427 1394 3482 1460 ἐξ
3528 1392 3874 1461 ὁδοιπορίας,

2292 1495 2617 1565 ἀνασχέσθαι
2645 1493 2700 1546 δὲ
2731 1494 2822 1545 καὶ
2854 1492 3022 1544 ὕπνου
3045 1493 3137 1544 καὶ
3158 1489 3404 1558 ταραχῆς
3433 1485 3528 1538 καὶ
3555 1484 3750 1552 λύπης,
3777 1480 3879 1535 καὶ

2293 1587 2397 1640 τῶν
2425 1585 2596 1640 ἄλλων
2628 1583 2981 1654 ἀνθρωπίνων
3017 1583 3110 1635 καὶ
3139 1579 3474 1648 ἀδιαϐλήτων
3503 1574 3710 1627 παθών.
3755 1573 3879 1625 Ἵνα

2295 1679 2352 1731 δὲ
2377 1678 2537 1730 πάλιν
2575 1675 2968 1744 πληροφορήσῃ
2993 1674 3118 1735 τοὺς
3147 1671 3388 1739 ὁρῶντας
3415 1667 3596 1731 αὑτὸν,
3622 1667 3703 1719 δτι
3736 1662 3878 1734 μετὰ

616 1792 919 1846 secundum
945 1798 1214 1849 naturam,
1245 1785 1447 1838 idcirco
1467 1791 1522 1836 et
1547 1782 1758 1835 esurire
1785 1780 2008 1841 dicitur,
2037 1785 2093 1830 et
2124 1792 2193 1830 ex

2308 1768 2388 1822 τοῦ
2415 1764 2552 1822 εἷναι
2586 1767 2868 1838 ἄνθρωπος
2889 1805 2904 1829 ,
2937 1765 3032 1817 καὶ
3066 1764 3196 1826 Θεός
3229 1765 3375 1816 ἐστιν
3402 1759 3673 1831 ἀληθινὸς,
3701 1754 3882 1826 ὴργάο

619 1885 816 1938 itinere
840 1881 1074 1952 fatigari,
1107 1879 1350 1948 perferre
1368 1877 1533 1930 etiam
1567 1889 1819 1928 somnum
1845 1883 1900 1927 et
1922 1871 2193 1927 turbatio—

2308 1849 2418 1926 ζετο
2457 1861 2555 1924 τὰς
2595 1859 2924 1928 θεοσημείας
2948 1900 2975 1952 ,.
2993 1856 3292 1918 θαλάσσαις
3322 1854 3611 1923 ἐπιτιμῶν,
3649 1851 3882 1923 νεκροὺς

616 1990 744 2030 nem
776 1983 937 2042 atque
984 1970 1285 2032 tristitiam,
1332 1976 1668 2035 ceterasque
1718 1965 1985 2018 humanas
2032 1972 2195 2033 atque

619 2065 1132 2138 irreprebensihiles
1187 2063 1490 2133 passiones.
1541 2060 1854 2128 Contraque
1905 2069 1966 2114 ut
2016 2068 2198 2114 certos

619 2159 818 2215 faceret
857 2157 1106 2212 videntes
1151 2171 1230 2218 se,
1273 2169 1398 2208 cum
1453 2152 1524 2207 sit
1574 2152 1757 2215 homo,
1799 2152 1967 2205 etiam
2005 2167 2196 2204 verum

620 2253 793 2308 Deum
827 2265 969 2313 esse,
995 2247 1264 2303 elﬁciebat
1299 2245 1482 2299 divina
1523 2244 1813 2307 miracula,
1850 2258 1974 2296 cum
2023 2243 2200 2295 incre-

620 2353 776 2416 paret
800 2359 982 2405 mare,
1005 2348 1250 2394 mortuos
1283 2338 1564 2400 excitaret,
1607 2337 1822 2405 aliaque
1853 2335 2199 2389 admirabilia

619 2438 806 2492 ederet
829 2450 1014 2504 opera.
1041 2432 1271 2486 Crucem
1300 2444 1517 2498 quoque
1555 2428 1846 2491 sustinuit,
1881 2436 1941 2480 ut
1967 2435 2198 2480 mortem

621 2542 804 2590 carne,
857 2540 965 2578 non
985 2523 1204 2577 deitatis
1217 2530 1447 2583 natura,
1471 2535 1786 2589 perpessus,
1811 2519 1968 2574 ﬁeret
1995 2519 2202 2588 primo—

622 2618 839 2688 genitus
865 2631 928 2670 ex
959 2612 1191 2666 mortuis
1215 2609 1280 2674 ³⁵³,
1307 2619 1362 2663 et
1399 2609 1502 2678 ipsi
1549 2609 1800 2662 humana:
1841 2617 2050 2663 natura:
2101 2608 2200 2661 im-

626 2708 972 2764 mortalitatis
1001 2706 1210 2759 aditum
1262 2702 1530 2772 aperiret;
1583 2700 1774 2756 inferis
1813 2717 2031 2770 quoque
2073 2717 2200 2771 spo-

624 2801 789 2862 liatis,
804 2800 1015 2852 animas
1039 2796 1301 2849 liberaret
1322 2808 1445 2862 qua:
1462 2793 1835 2846 ibi-conclusa:
1852 2793 2202 2847 tenebantur.

627 2893 752 2945 Post
778 2886 1240 2943 resurrectionem
1273 2899 1403 2938 vero
1434 2892 1551 2938 erat
1586 2883 1810 2952 quidem
1850 2883 1983 2936 illud
2024 2883 2203 2952 ipsum

625 2995 826 3050 corpus
859 2977 1002 3048 quod
1029 2990 1249 3047 passum
1277 2974 1478 3038 fuerat,
1516 2988 1624 3026 non
1649 2982 1828 3026 tamen
1857 2971 2039 3025 adhuc
2065 2972 2120 3024 in
2147 2987 2205 3026 se

630 3073 894 3124 humanas
919 3067 1268 3121 inﬁrmitates
1313 3064 1540 3117 habens.
1566 3062 1686 3117 Non
1716 3063 1864 3117 enim
1893 3063 2037 3116 ultra
2071 3063 2204 3117 illud

2292 1955 2543 2023 ὲγείρων,
2559 1954 2653 2006 καὶ
2675 1953 2743 2006 τὰ
2763 1953 2926 2022 ἔτερα
2951 1938 3229 2021 παράδοξα
3251 1948 3552 2019 κατορθῶν.
3584 1946 3884 2015 ’Υπέμεινε

2294 2047 2350 2100 δὲ
2384 2047 2476 2100 καὶ
2503 2045 2754 2114 σταυρὸν,
2780 2044 2868 2097 ἵνα
2895 2061 2958 2095 σα
2969 2044 3061 2114 ρκὶ
3085 2040 3279 2096 παθὼν
3302 2042 3394 2094 τὸν
3424 2039 3653 2093 θάνατον
3688 2036 3785 2090 καὶ
3813 2036 3880 2091 οὐ

2296 2139 2455 2208 φύσει
2480 2138 2754 2206 θεότητος,
2785 2137 3010 2206 γένηται
3037 2134 3380 2205 πρωτότοκος
3411 2133 3479 2184 ὲκ
3506 2130 3614 2184 τῶν
3640 2129 3882 2202 νεκρῶν,

2299 2231 2390 2284 καὶ
2421 2231 2713 2300 όδοποιήσῃ
2744 2230 2804 2299 τῇ
2829 2226 3116 2298 ἀνθρώπου
3152 2227 3310 2294 φύσει
3340 2225 3439 2294 τὴν
3467 2227 3547 2287 είς
3569 2222 3887 2293 ἀφθαρσίαν

2296 2322 2433 2376 ὁδόνο
2465 2321 2561 2374 καὶ
2586 2319 2888 2381 σκυλεύσας
2915 2320 3006 2371 τὸν
3041 2318 3174 2389 ᾅδην
3203 2318 3300 2380 τὰς
3330 2315 3519 2370 αύτόθι
3548 2315 3888 2386 καθειργμέ-

2297 2431 2393 2476 νας
2429 2411 2771 2483 ἐλευθερώσῃ
2810 2413 3007 2482 ψυχάς.
3051 2412 3207 2464 Μετὰ
3251 2427 3314 2478 γε
3358 2410 3458 2480 τὴν
3491 2409 3784 2463 ἀνάστασιν
3815 2402 3890 2478 ἦν

2302 2509 2400 2577 μὲν
2425 2507 2555 2559 αὐτὸ
2590 2507 2649 2559 τὸ
2681 2505 2840 2575 σῶμα
2867 2506 2926 2557 τὸ
2960 2503 3246 2564 πεπονθὸς,
3281 2502 3420 2572 πλὴν
3452 2501 3636 2554 οὐκέτι
3659 2500 3756 2563 τὰς
3790 2501 3892 2553 dv-

2301 2598 2576 2670 θρωπίνας
2604 2597 2887 2659 ἀσθενείας
2928 2595 3050 2666 ἔχον
3080 2597 3136 2648 ὲν
3168 2592 3363 2662 ἑαυτῷ.
3403 2594 3477 2646 Ού
3513 2592 3620 2662 γὰρ
3656 2591 3736 2644 ἐτι
3762 2589 3891 2643 πεί-

2302 2707 2420 2760 νης,
2454 2689 2485 2760 ἢ
2516 2689 2710 2752 κόπου,
2747 2688 2778 2758 ἢ
2812 2688 2999 2758 ἐτέρου
3028 2687 3137 2739 τῶν
3173 2685 3431 2738 τοιούτων
3463 2683 3608 2745 τινὸς
3641 2681 3894 2736 δεκτικὸν

2301 2777 2439 2834 εἷναί
2468 2797 2647 2850 φαμεν
2681 2779 2844 2843 αὐτὸ,
2889 2780 3023 2833 ἀλλὰ
3052 2778 3238 2831 λοιπὸν
3279 2777 3586 2848 ἄφθαρτονο
3637 2775 3728 2837 καὶ
3763 2777 3893 2847 οὐχὶ

2302 2872 2460 2927 τοῦτο
2486 2873 2662 2940 μόνον,
2689 2871 2826 2926 ἀλλά
2845 2873 2939 2925 καὶ
2964 2871 3247 2936 ζωοποιόν·
3275 2869 3419 2940 ζωῆς
3438 2869 3545 2938 γάρ
3567 2871 3681 2922 ἐστι
3705 2868 3890 2938 σῶμα,

2303 2963 2447 3018 τοῦτ’
2479 2963 2623 3029 ἔστι,
2666 2962 2762 3016 τοῦ
2795 2960 3154 3029 Μονογενοῦς’
3198 2959 3660 3031 κατελαμπρύνθη
3693 2959 3748 3012 δὲ
3794 2959 3894 3012 καὶ

2305 3056 2432 3130 δόξῃ
2459 3059 2524 3128 τῇ
2557 3055 3022 3126 θεοπρεπεστάτῃ,
3049 3054 3142 3106 xa‘t
3174 3056 3372 3107 νοεῖται
3393 3051 3527 3106 θεοῦ
3558 3051 3733 3122 σῶμα.
3771 3051 3895 3105 Tat-

627 3177 828 3232 corpus
857 3159 1038 3223 famis,
1077 3166 1171 3211 aut
1199 3155 1554 3226 fatigationis,
1587 3164 1681 3208 aut
1712 3154 1943 3225 alicujus
1978 3156 2207 3210 alterius

2309 3150 2536 3218 γάρτοι,
2574 3147 2675 3200 κᾶν
2714 3147 2766 3199 εῐ
2798 3165 2880 3210 τις
2920 3146 3053 3200 αὐτὸ
3093 3144 3240 3212 λέγοι
3284 3143 3428 3198 θεῖον
3459 3143 3647 3214 ὥσπερ
3697 3143 3894 3213 ἀμέλει

627 3249 896 3321 ejusmodi
927 3262 1048 3302 esse
1081 3245 1452 3314 susceptivum
1481 3244 1802 3308 asserimus,
1843 3246 1937 3299 sed
1966 3246 2075 3316 jam
2123 3247 2208 3300 in-

631 3339 988 3410 corruptibile
1015 3355 1034 3390 Δε
1067 3350 1245 3404 neque
1284 3335 1335 3388 id
1374 3336 1574 3397 solum,
1602 3349 1791 3388 verum
1828 3336 1994 3388 etiam
2031 3335 2211 3390 Vivit}-

631 3449 776 3497 cum,
810 3431 936 3484 vita:
959 3442 1194 3496 namque
1223 3440 1419 3494 corpus
1440 3434 1544 3488 est,
1571 3423 1622 3478 id
1649 3434 1731 3478 est
1761 3424 2024 3494 unigeniti
2049 3425 2210 3496 Filii;

633 3523 992 3596 glorilicatum
1031 3519 1198 3573 etiam
1228 3517 1474 3571 claritate
1499 3533 1619 3586 qum
1657 3518 1890 3572 maxime
1915 3519 2086 3572 Deum
2113 3518 2212 3573 de-

632 3624 742 3679 cet,
782 3623 837 3669 et
873 3611 1197 3682 intelligitur
1232 3609 1326 3664 Dei
1367 3623 1586 3678 corpus.
1626 3609 1812 3677 Itaque
1850 3611 1894 3664 si
1920 3611 2043 3679 quis
2079 3610 2213 3665 illud

634 3722 836 3776 corpus
865 3706 1028 3760 etiam
1052 3702 1298 3756 divinum
1321 3700 1488 3764 dicat,
1519 3707 1578 3754 ut
1602 3700 1863 3755 nimirum
1893 3717 2094 3773 corpus
2118 3703 2216 3758 ho—

637 3798 802 3852 minis
819 3796 1142 3859 humanum,
1173 3811 1203 3848 a
1226 3794 1440 3848 decenti
1472 3792 1684 3847 ratione
1709 3809 1816 3847 non
1837 3795 2035 3848 deviat.
2061 3796 2215 3851 Unde

637 3891 834 3962 opinor
869 3891 1032 3944 etiam
1059 3886 1466 3955 sapientissime
1493 3885 1714 3939 beatum
1744 3888 2047 3955 apostolum
2077 3889 2218 3942 Pau-

639 3983 752 4036 lum
776 3981 976 4034 dixisse
1016 3996 1027 4031 :
1073 3997 1089 4028 ‹
1119 3977 1186 4032 Ει
1215 3977 1258 4030 si
1287 3977 1641 4047 cognovimus
1667 3977 1966 4032 secundum
1995 3994 2215 4033 carnem

639 4072 940 4133 Christum,
978 4068 1073 4123 sed
1095 4083 1242 4121 nunc
1267 4068 1378 4134 jam
1403 4083 1520 4121 non
1546 4069 1807 4122 novimus
1835 4070 1900 4122 ³⁹.
1941 4090 1959 4120 ι
1984 4069 2124 4125 Cum
2147 4071 2217 4127 sit

641 4165 791 4220 enim
815 4162 1098 4232 proprium
1117 4160 1214 4213 Dei
1237 4174 1453 4228 corpus,
1478 4160 1660 4214 omnia
1677 4160 1915 4215 humana
1942 4171 2218 4218 transcen-

643 4256 741 4310 dit.
768 4253 1195 4309 Conversionem
1219 4266 1386 4320 porro
1419 4251 1474 4304 in
1504 4251 1724 4308 deitatis
1753 4264 2004 4310 naturam
2029 4256 2216 4312 subire

645 4361 754 4400 non
781 4343 1049 4413 contingit
1073 4356 1320 4411 corpuse
1356 4350 1534 4408 terra;
1569 4343 1624 4396 id
1653 4344 1798 4399 enim
1833 4345 1951 4401 ﬁeri
1975 4362 2086 4402 non
2110 4362 2216 4417 po-

646 4446 752 4495 test
776 4454 790 4492 :
817 4436 1020 4505 alioqui
1049 4435 1238 4490 deitati
1263 4434 1648 4505 derogabimus
1673 4449 1930 4507 tanquam
1961 4439 2032 4495 sit
2051 4439 2214 4508 facta,

2312 3241 2406 3294 τοῦ
2443 3240 2732 3308 ἀνθρώπου
2777 3238 2837 3291 τὸ
2875 3236 3234 3308 ἀνθρώπινον,
3278 3237 3377 3290 οὐκ
3418 3235 3483 3290 ἂν
3517 3237 3752 3307 ἁμάρτοι
3797 3232 3896 3289 τοῦ

2314 3335 2613 3406 πρέποντος
2642 3333 2924 3402 λογισμοῦ.
2964 3331 3125 3385 Ὅθεν
3153 3327 3306 3401 οἶμαι
3333 3331 3426 3384 καὶ
3454 3330 3544 3383 τὸν
3585 3329 3898 3399 σοφώτατον

2314 3425 2522 3478 Παῦλον
2547 3427 2741 3477 είπεῖν·
2787 3441 2804 3472 ε
2839 3423 2897 3475 Εἰ
2925 3423 3021 3476 καῖ⁸
3046 3421 3367 3492 ἐγνώκαμεν
3393 3421 3532 3475 κατὰ
3559 3422 3735 3491 σάρκα
3765 3421 3897 3490 Χριο

2315 3519 2460 3577 στὸν,
2489 3517 2622 3571 ἀλλὰ
2663 3515 2758 3568 νῦν
2797 3515 2986 3568 οὐκέτι
3013 3515 3378 3585 γινώσκομεν.
3414 3533 3432 3567 ι
3470 3513 3605 3568 Θεοῦ
3633 3514 3774 3585 γὰρ,
3819 3515 3900 3580 ὡς

2315 3609 2470 3679 ἔφην,
2499 3609 2626 3661 ίδιον
2654 3607 2812 3676 σῶμα
2837 3607 3100 3678 ὑπάρχον,
3128 3606 3370 3677 ὑπερέϐη
3399 3606 3575 3659 πάντα
3600 3607 3666 3660 τὰ
3687 3607 3900 3678 ἀνθρώ-

2315 3719 2466 3756 πινα.
2497 3699 2814 3769 Μεταϐολὴν
2845 3700 2898 3753 δὲ
2935 3701 3032 3770 τὴν
3067 3701 3144 3763 εἰς
3171 3698 3272 3769 τὴν
3307 3699 3406 3768 τῆς
3436 3697 3690 3768 θεότητος
3713 3699 3899 3768 φύσιν,

2315 3797 2414 3848 οὐκ
2457 3795 2728 3864 ἐνδέχεται
2765 3792 2954 3846 παθεῖν
3003 3793 3161 3864 σῶμα
3203 3792 3265 3846 τὸ
3307 3792 3414 3845 ἀπὸ
3458 3791 3588 3861 γῆς·
3619 3792 3903 3862 ἀμήχανον

2315 3889 2445 3957 γάρ’
2485 3888 2608 3940 ἐπεὶ
2636 3889 3080 3958 καταγορεύομεν
3109 3889 3206 3958 τῆς
3245 3886 3495 3956 θεότητος
3519 3885 3594 3948 ὼς
3635 3887 3902 3956 γενητῆς,

2317 3981 2410 4032 καὶ
2451 3981 2526 4043 ὡς
2565 3979 2978 4050 προσλαϐούσης
3011 3995 3063 4031 τι
3109 3979 3166 4030 ἐν
3193 3979 3395 4048 ἑαυτῇ,
3425 3978 3453 4030 δ
3496 3976 3570 4047 μὴ
3599 3979 3716 4031 ἐστὶ
3761 3977 3904 4033 κατὰ

2318 4071 2478 4140 φύσιν
2509 4071 2637 4125 ἴδιον
2660 4073 2850 4141 αὐτῆς.
2883 4073 3024 4125 Ἰσον
3055 4072 3161 4142 γάρ
3188 4074 3336 4124 ἐστιν
3371 4073 3450 4134 είς
3486 4071 3716 4132 ἀτοπίας
3739 4069 3899 4140 λόγον

2317 4167 2378 4221 τὸ
2402 4168 2574 4219 εἰπεῖν
2598 4167 2681 4219 ὅτι
2705 4164 3013 4236 μετεϐλήθη
3043 4165 3104 4217 τὸ
3139 4163 3294 4234 σῶμα
3325 4165 3405 4227 είς
3438 4163 3691 4234 θεότητος
3717 4163 3901 4236 φύσιν,

2319 4258 2413 4313 καὶ
2447 4257 2551 4329 μὴν
2582 4258 2825 4324 κάκεῖνο,
2867 4257 2949 4310 ὃτι
3001 4256 3310 4328 μετεϐλήθη
3345 4256 3372 4309 ό
3402 4256 3577 4324 Λόγος
3621 4257 3699 4320 είς
3744 4255 3906 4326 φύσιν

2322 4349 2543 4421 σαρκὸς,
2575 4349 2653 4420 τῷ
2679 4349 2861 4418 λέγειν
2885 4349 3403 4420 μετακεχωρηκέναι
3424 4345 3523 4418 τήν
3549 4346 3780 4417 θεότητα
3826 4349 3906 4414 είς

2321 4442 2483 4512 φύσιν
2524 4442 2745 4513 σαρκός.
2785 4441 2996 4510 Ὠσπερ
3025 4441 3083 4496 δὲ
3105 4440 3264 4495 τοῦτο
3299 4441 3603 4512 ἀμήχανον,
3638 4442 3905 4513 ἄτρεπτος

644 4537 701 4585 et
729 4539 985 4597 tanquam
1010 4526 1090 4582 illi
1113 4525 1318 4597 aliquid
1351 4528 1664 4593 accesserit,
1697 4529 1856 4602 140
1884 4533 2030 4601 quod
2068 4532 2208 4589 illius

2323 4533 2430 4605 γὰρ
2460 4534 2551 4586 καὶ
2594 4532 2956 4598 ἀναλλοίωτός
2985 4535 3152 4597 ἐστιν,
3194 4533 3336 4587 οὕτω
3380 4533 3558 4588 καὶτὸ
3591 4534 3796 4609 ἓτερον.
3831 4535 3904 4590 Οὐ

645 4627 855 4676 natura:
876 4617 1159 4689 proprium
1185 4631 1295 4671 non
1317 4617 1405 4672 sit.
1433 4617 1534 4673 Par
1556 4619 1704 4674 enim
1731 4630 1814 4675 est
1841 4621 1911 4675 ad
1963 4620 2218 4679 absurdi-

648 4710 775 4765 tatis
805 4709 1070 4764 rationem
1101 4707 1286 4764 dicere
1316 4719 1584 4764 mutatum
1613 4726 1734 4767 esse
1773 4728 1971 4783 corpus
2016 4715 2072 4768 in
2101 4714 2219 4770 dei-

650 4800 775 4856 tatis
803 4808 1077 4862 naturam,
1106 4807 1163 4853 et
1196 4797 1382 4854 dicere
1407 4798 1749 4856 divinitatem
1781 4803 1837 4856 in
1861 4805 2044 4858 carnis
2066 4813 2224 4859 natu-

651 4906 764 4945 ram
800 4888 1104 4944 transiisse.
1145 4887 1299 4944 Sicut
1348 4899 1532 4946 autem
1580 4891 1685 4947 hoc
1730 4902 1813 4950 est
1862 4895 2217 4965 impossibile.

651 4983 780 5052 quia
811 4979 1170 5036 immutabilis
1187 4989 1348 5036 estet
1380 4982 1723 5040 invariabilis
1749 4995 1948 5042 natura
1980 4985 2219 5054 deitatis,

653 5075 727 5129 ita
767 5071 902 5127 illud
942 5087 1161 5142 quoque
1206 5073 1442 5129 alterum
1493 5073 1611 5129 ﬁeri
1651 5091 1761 5131 non
1792 5086 1992 5148 potest.
2037 5079 2225 5149 Neque

651 5165 800 5220 enim
830 5163 1096 5235 contingit
1134 5163 1190 5219 in
1236 5163 1456 5220 deitatis
1495 5168 1790 5223 essentiam
1823 5169 1909 5224 vel
1951 5179 2224 5237 naturam,

653 5254 896 5324 aliquam
928 5263 1236 5308 creaturam
1268 5268 1426 5323 posse
1453 5255 1697 5310 converti
1729 5273 1742 5309 :
1785 5257 1930 5313 inter
1949 5269 2228 5315 creaturas

653 5351 843 5398 autem
900 5341 1016 5412 ipsa
1045 5342 1211 5396 etiam
1263 5359 1392 5398 caro
1439 5355 1782 5401 numeratur.
1833 5347 1978 5419 Ergo
2024 5348 2228 5405 Christi

657 5450 860 5505 corpus
909 5449 1029 5489 esse
1075 5436 1296 5504 quidem
1347 5435 1594 5492 divinum
1629 5440 1942 5506 asserimus,
1995 5457 2121 5496 cum
2160 5444 2232 5499 sit

658 5525 755 5582 Dei
778 5541 979 5597 corpus
1014 5535 1070 5580 et
1093 5527 1352 5581 ineffabili
1391 5530 1563 5599 gloria
1592 5531 1909 5587 decoratum
1932 5575 1945 5598 ,
1979 5535 2230 5591 incorru-

661 5620 872 5690 ptibile,
905 5630 1174 5686 sanctum,
1214 5621 1489 5677 viviﬁcum
1516 5641 1529 5677 :
1560 5639 1680 5681 esse
1715 5634 1898 5682 autem
1933 5629 1988 5683 in
2014 5629 2232 5686 deitatis

2318 4629 2426 4698 γάρ
2451 4629 2568 4680 ἐστι
2589 4626 2698 4681 τῶν
2720 4627 2960 4697 ἐφικτῶν
2992 4629 3072 4691 είς
3087 4628 3342 4698 θεότητος
3367 4625 3559 4681 οὐσίαν
3579 4629 3702 4697 ἦτοι
3723 4628 3902 4698 φύσιν,

2323 4715 2710 4789 μεταχωρῆσαί
2744 4733 2796 4770 τι
2828 4715 3088 4770 δύνασθαι
3121 4716 3231 4770 τῶν
3256 4713 3590 4786 κτισμάτων·
3623 4716 3828 4785 κτίσμα
3851 4715 3906 4770 δδ

2321 4810 2414 4863 καὶ
2445 4811 2478 4880 ή
2508 4808 2676 4880 σάρξ.
2723 4807 2933 4863 υύκοῦν
2964 4810 3106 4863 θεῖον
3141 4809 3241 4880 μὲν
3271 4801 3416 4863 εἶναι
3444 4825 3626 4880 φαμεν
3648 4809 3709 4864 τὸ
3747 4809 3905 4881 σῶμα

2321 4901 2413 4955 τοῦ
2446 4899 2703 4972 Χριστοῦ,
2738 4901 2926 4971 ἐπειδὴ
2949 4902 3044 4956 καὶ
3067 4901 3200 4954 Θεοῦ
3226 4899 3386 4971 σῶμά
3405 4904 3544 4968 εστι,
3568 4901 3661 4957 καὶ⁵
3685 4902 3906 4976 ἀρρήτῳ

2330 4991 2459 5066 δόξῃ
2496 4993 2988 5065 κατηγλαῖσμένον,
3037 4992 3332 5062 ἄφθαρτον.
3380 4994 3558 5064 ἃγιον,
3610 4993 3905 5060 ζωοποιόν·

2330 5085 2412 5138 ὅτι
2441 5084 2498 5138 δὲ
2532 5086 2608 5149 είς
2651 5083 2904 5156 θεότητος
2944 5085 3106 5156 φύσιν
3139 5085 3442 5158 μετεϐλήθη
3471 5128 3486 5150 ,
3515 5085 3639 5142 οὔτε
3686 5103 3771 5153 τις
3801 5086 3907 5141 τῶν

2333 5177 2503 5246 ἁγίων
2533 5177 2790 5249 Πατέρων
2818 5178 2850 5251 ἢ
2880 5178 3247 5250 πεφρόνηκεν,
3273 5179 3305 5251 ἢ
3334 5180 3578 5252 εἴρηκεν,
3605 5179 3729 5233 οὔτε
3749 5181 3906 5251 ἡμεῖς

2334 5269 2476 5322 οὕτω
2499 5269 2837 5341 διακείμεθα.
2864 5269 2957 5342 Μὴ
2985 5270 3246 5338 ἀγνοείτω
3275 5272 3496 5325 κάκεῖνο
3526 5273 3560 5343 ή
3584 5273 3652 5343 σὴ
3673 5271 3906 5341 ὁσιότης,

2335 5361 2417 5415 ὅτι
2442 5365 2471 5416 ό
2499 5361 2599 5432 τῆς
2628 5363 2902 5433 μακαρίας
2930 5364 3152 5434 μνήμης
3174 5362 3362 5435 Πατὴρ
3388 5363 3544 5434 ἡμῶν
3577 5363 3906 5430 Ἀθανάσιος,

2335 5452 2365 5505 ό
2390 5452 2676 5524 γενόμενος
2707 5455 2848 5509 κατὰ
2882 5456 3108 5525 καιροὺς
3133 5454 3233 5525 τῆς
3269 5455 3664 5527 Ἀλεξανδρέων
3693 5456 3910 5508 ἐπίσκο-

2338 5561 2460 5609 πος,
2501 5545 2878 5616 κεκινημένων
2905 5545 3068 5600 τινῶν
3089 5547 3208 5601 κατ’
3234 5548 3411 5600 ἐκεῖνο
3434 5547 3647 5616 καιροῦ,
3675 5547 3910 5618 ἔγραφεν

2339 5633 2628 5707 επιστολὴν
2653 5635 2787 5708 πρὸς
2827 5637 3148 5709 Ἐπίκτητον
3177 5638 3474 5693 ἐπίσκοπον
3498 5638 3595 5709 τῆς
3625 5637 3907 5710 Κορίνθου,

734 5796 774 5831 ³⁷
807 5797 828 5854 ι
861 5794 1008 5851 Petr.
1035 5811 1092 5862 ιι,
1123 5794 1213 5851 22.
1291 5793 1334 5830 ³³
1368 5795 1575 5854 Coloss.
1615 5813 1652 5863 ι,
1696 5797 1778 5853 18.
1859 5800 1901 5832 ⁸³
1935 5801 1978 5855 ll
2007 5799 2131 5858 Cor.
2165 5819 2215 5868 ν,
2251 5804 2336 5859 16.
