4126 6314
277 355 375 413 237

1617 352 1956 411 EPISTOLA
2005 350 2190 413 XLVI.

3432 355 3540 415 238

279 476 450 544 πάσης
481 469 795 542 όρθοδοξίας
832 471 1056 541 μεστὴν.
1099 471 1252 526 Ἐπεὶ
1279 472 1338 526 δὲ
1371 472 1634 542 ἠλέγχετο
1668 473 1763 524 καὶ
1797 468 1856 536 ἐξ

1960 479 2212 526 naturam
2241 470 2610 536 immutatum,
2642 487 2821 542 neque
2836 475 3126 547 quisquam
3146 493 3176 531 e
3206 477 3413 530 sanctis
3443 476 3548 532 Pa-

275 565 441 636 αὐτῆς
465 563 784 635 Νεστόριος,
817 564 913 618 καὶ
933 565 981 616 oi
1010 565 1075 634 τῇ
1098 562 1231 635 όρθῇ
1257 564 1435 618 πίστει
1464 564 1856 635 συναγορεύον-

275 673 388 720 τις,
421 655 630 727 ταύτην
667 653 1133 724 ἀναγινώσκοντες
1153 697 1168 721 ,
1209 655 1584 722 ὲξεδυσώπουν
1629 655 1756 719 τοὺς
1785 653 1858 708 τὰ

275 749 409 805 αὐτὰ
440 748 593 818 αὗτῷ
617 751 833 820 φρονεῖν
862 745 1169 810 ἐθέλοντας,
1191 747 1556 818 ἀπειρηκότες
1578 748 1715 820 πρὸς
1731 749 1858 811 τοὺς

275 840 522 894 ιντεῦθεν
566 840 844 909 ἐλέγχους,
893 840 1312 910 ἐμηχανήσαντό
1362 858 1415 893 τι
1455 840 1716 912 πονηρὸν,
1765 841 1859 894 καὶ

273 930 370 1000 τῆς
399 931 682 1000 αἱρετικῆς
705 928 1022 992 δυσσεϐείας
1041 929 1210 994 ἄξιον.
1238 930 1720 1002 Παραφθείραντες
1747 930 1859 1003 γὰρ

270 1022 370 1091 τὴν
413 1021 726 1090 ἐπιστολὴν,
769 1020 959 1074 καὶτὰ
996 1021 1095 1090 μὲν
1139 1021 1448 1089 ύφελόντες.
1484 1021 1555 1074 τὰ
1591 1021 1649 1075 δὲ
1689 1038 1859 1092 προσ-

273 1112 487 1176 θέντες,
548 1109 946 1165 ὲκδεδώκασιν·
987 1111 1066 1174 ὡς
1113 1111 1293 1165 δοκεῖν
1341 1113 1434 1166 καὶ
1480 1113 1574 1165 τὸν
1616 1112 1860 1183 ἀοίδιμον

271 1204 482 1256 ικεῖνον
509 1202 726 1272 συνῳδὰ
751 1201 829 1272 τῷ
863 1201 1146 1272 Νεστορίῳ
1176 1205 1417 1272 φρονεῖν,
1462 1202 1558 1254 καὶ
1585 1204 1698 1266 τοῖς
1723 1204 1862 1273 ἀμφ’

270 1293 452 1348 αὐτόν.
482 1290 592 1346 Ἦν
619 1289 716 1346 οὗν
745 1295 1044 1361 ἀναγκαῖον
1067 1293 1208 1365 ὑπὲρ
1237 1293 1332 1346 τοῦ
1360 1293 1434 1364 μὴ
1460 1293 1684 1347 κάκεῖσέ
1710 1312 1863 1359 τινας

273 1385 742 1457 παρεφθαρμένην
787 1386 959 1452 αὐτὴν
1008 1385 1417 1448 ἐπιδεικνύναι,
1469 1389 1532 1438 ὲκ
1579 1385 1687 1439 τῶν
1733 1386 1863 1457 παρ’

271 1479 404 1548 ἡμῖν
446 1477 799 1546 ἀντιγράφων
843 1476 904 1528 τὺ
937 1475 1049 1528 ἴσον
1086 1476 1386 1540 λαϐόντας,
1430 1477 1750 1529 ἀποστεῖλαι
1795 1480 1860 1548 τῇ

278 1569 343 1638 σῇ
404 1565 708 1636 θεοσεϐείᾳ.
756 1565 865 1618 Καὶ
913 1565 1021 1636 γὰρ
1061 1567 1089 1618 ὁ
1127 1565 1520 1628 εὐλαϐέστατος
1586 1565 1682 1618 καὶ
1741 1565 1864 1618 θεο-

277 1657 603 1720 σεϐέστατος
669 1657 770 1726 τῆς
865 1644 1182 1726 Ἐμεσηνῶν
1253 1656 1551 1720 ἐπίσκοπος
1617 1656 1863 1722 Παῦλος,

271 1748 442 1803 mam.
487 1751 550 1802 ἐν
603 1748 1012 1818 Ἀλεξανδρείᾳ,
1052 1748 1314 1821 κεκίνηκε
1366 1749 1496 1820 περὶ
1536 1747 1729 1802 τούτου
1777 1747 1864 1799 λό-

1953 563 2138 618 tribus
2166 570 2261 618 aut
2284 563 2456 620 sensit
2478 573 2572 619 aut
2589 563 2796 627 docuit,
2825 581 3004 635 neque
3025 581 3127 622 nos
3149 568 3225 622 ita
3250 567 3541 622 sentimus.

1959 652 2150 723 Neque
2177 668 2311 708 vero
2353 652 2488 708 illud
2519 662 2613 706 tua
2649 654 2911 710 sanctitas
2952 656 3188 726 ignoret,
3217 655 3393 712 beata
3424 672 3539 711 me-

1960 744 2150 800 moria:
2202 746 2421 800 Patrem
2498 756 2748 799 nostrqu
2840 745 3200 802 Athanasium
3268 746 3545 818 quondam

1958 836 2387 891 Alexandrinum
2425 837 2744 906 episcopum
2768 878 2783 902 ,
2839 852 2966 892 cum
3006 853 3106 909 per
3153 838 3298 894 idem
3333 846 3553 909 tempus

1961 927 2292 996 quaestiones
2319 926 2608 987 nonnullae
2642 935 3016 993 moverentur,
3069 927 3358 998 epistolam
3407 928 3551 983 scri-

1962 1021 2136 1090 psisse
2165 1020 2233 1074 ad
2258 1020 2571 1089 Epictetum
2604 1018 3020 1075 Corinthiorum
3050 1021 3394 1092 episcopum,
3428 1035 3552 1076 om-

1963 1108 2020 1162 ni
2071 1117 2353 1164 rectorum
2380 1108 2697 1180 dogmatum
2728 1109 3031 1164 assertione
3060 1110 3299 1180 plenam.
3327 1110 3397 1164 Et
3421 1110 3552 1180 quia

1961 1202 2129 1256 etiam
2161 1217 2229 1257 ex
2254 1217 2318 1256 ea
2348 1201 2634 1256 Nestorius
2657 1201 3010 1272 arguebatur,
3034 1211 3092 1256 et
3117 1209 3281 1256 rectae
3308 1200 3435 1256 ﬁdei
3457 1201 3554 1258 de-

1963 1291 2234 1356 fensores,
2278 1308 2403 1348 cum
2433 1308 2555 1348 eam
2598 1294 2866 1364 legerent,
2897 1292 3301 1348 convincebant
3330 1307 3426 1348 eos
3456 1293 3553 1365 qui

1963 1383 2204 1439 Nestorii
2232 1384 2562 1439 sententiam
2597 1384 3075 1455 amplexabantur.
3114 1384 3192 1439 illi
3220 1383 3555 1440 confulatio-

1963 1473 2130 1528 nibus
2167 1490 2234 1529 ex
2269 1489 2333 1528 ea
2372 1473 2603 1544 prolatis
2631 1462 3145 1539 victifmachinati
3185 1482 3315 1531 sunt
3343 1474 3556 1530 facinus

1965 1563 2222 1619 haeretica
2246 1565 2528 1635 impietate
2551 1565 2957 1636 dignissimum.
2990 1564 3370 1621 Adulteratam
3396 1582 3556 1621 nam-

1965 1673 2072 1728 que
2101 1659 2413 1729 epistolam,
2433 1659 2766 1729 quibusdam
2798 1659 3123 1724 subtractis,
3143 1659 3429 1714 nonnullis
3458 1659 3556 1714 ad-

1956 1749 2143 1819 jectis,
2175 1749 2508 1816 ediderunt;
2534 1760 2596 1804 ut
2620 1748 2713 1804 ille
2736 1751 2822 1804 vir
2843 1751 3268 1821 probatissimus
3290 1750 3555 1806 consimi-

269 1857 382 1911 γον,
414 1842 511 1894 καὶ
557 1841 758 1910 εὑρέθη
813 1842 911 1910 μὲν
961 1841 1098 1911 ἔχων
1144 1841 1202 1894 τὸ
1245 1841 1358 1893 ἴσον
1394 1840 1496 1910 τῆς
1535 1839 1859 1909 ἐπιπολῆς,

1966 1843 2037 1898 lia
2069 1843 2324 1898 Nestorio
2345 1845 2572 1914 ejusque
2587 1843 2954 1898 sectatoribus
2981 1843 3228 1914 sapuisse
3250 1842 3552 1900 videretur.

268 1931 736 2002 παρεφθαρμένον
765 1931 821 1983 δὲ
854 1932 946 1983 καὶ
975 1930 1353 2002 παραποιηθὲν
1390 1929 1544 2001 παρὰ
1573 1931 1682 1984 τῶν
1708 1932 1863 2001 αἱρε-

266 2023 455 2076 τικῶνο
490 2022 635 2075 ὥστε
659 2022 753 2074 καί
787 2021 1014 2090 ἠξίωσεν
1045 2025 1108 2075 ὲκ
1142 2021 1250 2075 τῶν
1278 2023 1410 2093 παρ’
1443 2024 1576 2092 ἡμῖν
1603 2021 1866 2092 ἀντιγρά-

269 2132 386 2184 φων
416 2115 480 2168 τό
503 2114 620 2168 ίσον
652 2116 764 2176 τοῖς
790 2114 930 2168 κατὰ
955 2114 1052 2184 τὴν
1093 2114 1423 2184 Ἀντιόχειαν
1453 2114 1862 2186 ἐκπεμφθῆναι,

268 2207 364 2260 καὶ
409 2206 476 2277 δὴ
527 2207 625 2259 καὶ
677 2206 1065 2277 πεπόμφαμεν.
1127 2205 1574 2268 Ἀκολουθοῢντες
1621 2205 1676 2259 δὲ
1725 2221 1865 2258 πανο

266 2298 411 2368 ταχῆ
462 2300 586 2360 ταῖς
637 2298 746 2350 τῶν
791 2297 966 2366 ἁγίων
1002 2296 1263 2369 Πατέρων
1297 2297 1660 2369 ὀρθοδοξίαις,
1720 2295 1866 2352 κατὰ

268 2389 378 2442 τῶν
421 2389 721 2460 Νεστορίου
768 2389 1055 2460 δογμάτων
1107 2390 1572 2460 συγγεγράφαμεν
1619 2388 1860 2458 βιϐλίον’

269 2484 364 2535 καὶ
395 2480 588 2552 ἓτερον
617 2481 674 2534 δὲ
698 2521 712 2543 ,
749 2480 1188 2552 διαϐεϐληκότων
1218 2482 1383 2535 τινῶν
1415 2480 1524 2534 τῶν
1549 2481 1864 2550 κεφαλαίων

267 2573 366 2644 τὴν
395 2572 652 2644 δύναμινο
682 2574 777 2627 καὶ
803 2573 977 2627 ταῦτα
1019 2573 1317 2626 ἀπέστειλα
1346 2575 1412 2644 τῇ
1446 2575 1512 2644 σῇ
1550 2571 1862 2643 θεοσεϐείᾳ,

269 2664 362 2718 ἵνα
387 2664 444 2716 εῐ
462 2682 605 2727 τινες
628 2660 740 2716 εἷεν
762 2664 937 2734 ἕτεροι
967 2663 1077 2717 τῶν
1104 2663 1415 2733 ὁμοπίστων
1440 2679 1498 2715 τε
1529 2663 1623 2715 καὶ
1653 2661 1862 2733 ὁμοφύ-

268 2772 382 2824 χων
413 2755 544 2825 ἡμῖν
581 2754 848 2824 ἀδελφῶν,
889 2757 1009 2817 ταῖς
1041 2772 1203 2808 τινων
1249 2753 1542 2822 φλυαρίαις
1585 2769 1864 2823 συνηρπα-

271 2847 495 2918 σμένοι,
545 2848 638 2900 καὶ
683 2845 994 2916 νομίζοντες
1033 2847 1115 2899 ὅτι
1162 2845 1516 2917 μετέγνωμεν
1559 2844 1653 2896 ἐπὶ
1697 2847 1809 2908 τοῖς
1839 2846 1865 2885 8

268 2924 563 3011 Νεστορῶι
599 2939 893 3010 λεχθεῖσιν,
927 2939 1233 3009 ὲλεγχθεῖεν
1264 2940 1328 2993 ὲκ
1352 2938 1453 3007 τῆς
1479 2936 1861 3006 ἀναγνώσεως,

268 3032 366 3084 καὶ
401 3029 648 3100 μάθωσιν
678 3031 761 3083 ὅτι
791 3029 973 3094 καλῶς
1006 3033 1099 3083 καὶ
1132 3029 1308 3101 ὀρθῶς
1337 3030 1754 3100 ὲπετιμήσαμεν
1787 3030 1864 3093 ὼς

270 3123 712 3193 πεπλανημένῳ’
744 3123 838 3175 καὶ
881 3121 976 3176 νῦν
1010 3123 1162 3174 οὐδὲν
1191 3117 1353 3192 ἦττον
1392 3120 1690 3190 ἐγκείμεθα
1720 3136 1860 3172 παν-

265 3213 437 3284 ταχοῦ
477 3213 779 3284 μαχόμενοι
826 3216 948 3276 ταῖς
976 3213 1142 3268 αὐτοῦ
1176 3213 1533 3283 δυσφημίαις.
1595 3211 1658 3290 ᾚ
1702 3210 1758 3263 δὲ
1790 3209 1857 3280 σὴ

266 3303 545 3376 τελειότης
569 3344 585 3371 ,
625 3304 696 3358 τὰ
724 3304 804 3358 ἔτι
837 3304 1010 3376 μείζω
1043 3308 1184 3358 νοεῖν
1226 3304 1502 3374 δυναμένη
1525 3344 1541 3368 ,
1583 3303 1678 3356 καὶ
1706 3303 1855 3373 ἡμᾶς

267 3394 561 3466 «φιλήσει,
597 3396 689 3448 καὶ
714 3395 1001 3465 γράφουσα
1033 3396 1124 3447 καὶ
1152 3393 1590 3464 προσευχομένη.

1964 1935 2134 2005 Igitur
2177 1936 2553 1989 necessarium
2613 1935 2737 2000 fuit,
2777 1950 2848 1990 ne
2893 1935 2988 2006 qui
3035 1935 3159 1990 istic
3186 1951 3407 2006 quoque
3433 1951 3555 1992 eam

1962 2025 2248 2093 epistolam
2270 2032 2584 2094 corruptam
2612 2024 2940 2094 proferrent,
2966 2041 3034 2080 ex
3058 2026 3264 2081 nostris
3276 2028 3557 2097 exempla-

1965 2117 2120 2170 ribus
2160 2116 2435 2186 descripta
2489 2124 2596 2171 tua:
2657 2119 2988 2173 reverentia:
3043 2119 3198 2189 paria
3251 2118 3556 2176 destinate.

1965 2207 2098 2262 Nam
2128 2208 2214 2261 vir
2255 2222 2476 2277 quoque
2525 2208 2973 2278 religiosissimus
3019 2209 3222 2265 Paulus
3264 2209 3558 2267 Emiseno-

1964 2315 2087 2353 rum
2127 2299 2422 2369 episcopus
2441 2299 2832 2354 Alexandriam
2853 2300 3082 2355 veniens
3107 2301 3211 2355 hac
3227 2300 3295 2356 de
3317 2317 3374 2356 re
3397 2302 3510 2373 egit
3540 2317 3556 2355 :

1963 2395 2019 2441 et
2048 2389 2168 2458 ejus
2195 2386 2441 2457 epistola:
2466 2386 2923 2457 exemplar‘quod
2956 2388 3216 2454 habebat,
3249 2389 3549 2459 deprehen-

1965 2494 2085 2533 sum
2109 2488 2194 2533 est
2219 2479 2289 2532 ab
2312 2479 2588 2533 haereticis
2629 2478 2796 2533 fuisse
2832 2487 3155 2549 corruptum
3186 2495 3249 2534 ac
3286 2479 3556 2550 deprava-

1965 2580 2082 2625 tum
2113 2590 2124 2622 :
2155 2571 2342 2642 itaque
2391 2571 2644 2641 poposcit
2692 2577 2754 2624 ut
2795 2585 2864 2624 ex
2902 2571 3105 2625 nostris
3147 2560 3557 2641 exemplaribus

1964 2663 2238 2733 descripta
2271 2663 2424 2733 paria
2447 2661 2807 2718 Antiochenis
2836 2661 3210 2728 mitterentur,
3242 2680 3365 2733 qua:
3387 2663 3555 2719 etiam

1964 2756 2232 2810 mittenda
2256 2755 2594 2810 curavimus.
2624 2754 2932 2824 Sequentcs
2965 2755 3130 2809 etiam
3170 2755 3376 2826 ubique
3407 2741 3556 2812 recte

1962 2856 2279 2902 sanctorum
2312 2846 2534 2900 Patrum
2575 2845 2796 2915 placita,
2851 2845 3056 2900 librum
3093 2855 3287 2901 contra
3319 2847 3556 2903 Nestorii

1964 2937 2218 3008 dogmata
2243 2935 2695 3005 conscripsimus,
2731 2950 2947 2990 necnon
2991 2943 3048 2990 et
3079 2936 3314 2990 alterum
3364 2945 3557 2993 contra

1963 3027 2228 3096 quosdam
2250 3026 2344 3094 qui
2370 3025 2478 3078 vim
2504 3025 2872 3094 capitulorum
2905 3041 3152 3081 meorum
3186 3026 3557 3098 reprehende-

1965 3127 2087 3172 rant
2118 3135 2132 3171 :
2168 3117 2270 3171 hos
2307 3133 2526 3187 quoque
2571 3127 2678 3171 tua:
2719 3118 3046 3174 reverentiae
3083 3119 3246 3184 misi,
3280 3127 3341 3174 ut
3386 3120 3555 3190 siqui

1963 3209 2105 3266 forte
2133 3226 2201 3265 ex
2246 3209 2511 3264 fratribus
2534 3209 2727 3265 eadem
2767 3210 2871 3266 fide
2898 3211 3205 3281 eodemque
3231 3212 3415 3267 animo
3452 3230 3555 3268 no-

1961 3299 2174 3354 biscum
2195 3298 2396 3369 juncti,
2424 3299 2819 3354 nonnullorum
2853 3301 3355 3357 obtrectationibus
3396 3302 3554 3358 decc-

1958 3392 2037 3462 pti
2053 3399 2250 3461 putant
2267 3407 2367 3446 nos
2394 3392 2447 3445 in
2461 3392 2547 3446 his
2562 3407 2682 3461 quae
2700 3391 2852 3463 141
2873 3401 3062 3448 contra
3079 3394 3391 3450 Nestorium
3404 3394 3554 3452 dicta

264 3497 416 3552 sunt,
436 3497 679 3545 mutasse
699 3490 1052 3555 sententiam,
1073 3490 1191 3544 haec
1209 3487 1440 3559 legendo
1465 3495 1854 3556 coarguantur,
1898 3493 1954 3540 et
1983 3486 2197 3542 discant
2219 3501 2345 3540 eum
2370 3486 2474 3540 rite
2495 3502 2559 3541 ac
2583 3495 2732 3554 recte
2763 3494 3022 3556 tanquam
3047 3496 3320 3542 errantem
3372 3500 3407 3541 a
3451 3501 3555 3543 n0-

269 3579 360 3635 bis
386 3580 554 3636 fuisse
605 3583 1041 3652 reprehensum,
1073 3589 1132 3637 et
1193 3596 1341 3636 nunc
1373 3580 1737 3635 nihilominus
1798 3577 2004 3648 ubique
2073 3578 2141 3632 ad
2187 3579 2308 3648 ejus
2368 3579 2738 3650 blasphemias
2772 3577 3166 3650 oppugnandas
3207 3575 3552 3636 incumbere.

268 3671 386 3730 Tua
409 3689 542 3729 vero
586 3674 858 3731 sanctitas
903 3691 1028 3730 cum
1075 3674 1163 3730 his
1192 3675 1396 3746 majora
1437 3673 1618 3728 valeat
1661 3670 1988 3742 intelligere,
2013 3678 2126 3725 tum
2144 3670 2461 3737 scribendo,
2483 3678 2600 3727 tum
2623 3669 2951 3727 orandonos
2970 3668 3445 3742 quoquejuvabit.

1445 3983 1781 4040 EPISTOLA
1820 3982 1982 4038 XLVI
2023 3983 2118 4054 (οί.
2146 3979 2413 4049 XXXIX).

1537 4157 1600 4195 AD
1635 4156 1934 4195 SIJCCENSUI
1961 4155 2210 4194 EPISTOLA
2240 4153 2299 4191 ll.

266 4298 514 4370 Ἕτερον
582 4299 1049 4370 ὑπομνηστικὸγ
1117 4298 1483 4370 ἀναγραφέν
1539 4297 1690 4364 πρὸς
1750 4298 1855 4362 τὰς

633 4372 887 4438 πεύσεις
917 4368 1086 4440 ἡμῶν
1113 4371 1251 4438 παρ’
1276 4368 1483 4424 αὐτοῦ.

1964 4295 2207 4349 Alterum
2226 4293 2685 4346 commonitorium
2707 4292 3024 4362 rescriptum,
3066 4289 3139 4344 ad
3169 4290 3550 4362 interrogatio-

2357 4379 2445 4417 nes
2472 4362 2620 4415 nobis
2642 4363 2705 4414 ab
2738 4376 2797 4414 eo
2817 4361 3112 4432 propositas

352 4481 601 4565 Ἐμφανῆ
645 4482 745 4552 μὲν
779 4482 1102 4552 καθίστησιν
1146 4483 1348 4553 ἑαυτὴν
1383 4482 1416 4553 ἡ
1465 4481 1692 4553 ἀλήθεια
1737 4483 1851 4545 τοῖς

2031 4478 2397 4550 Spectandam
2423 4492 2480 4531 se
2511 4475 2721 4547 praebet
2747 4476 2954 4531 veritas
2978 4475 3047 4531 iis
3081 4475 3178 4547 qui
3220 4474 3368 4530 illam
3416 4475 3548 4531 dili-

266 4575 555 4645 ἀγαπῶσιν
576 4577 768 4648 αὐτὴν,
800 4577 1104 4649 κρύπτεται
1129 4577 1210 4640 δὲ,
1239 4572 1396 4647 οἶμαι
1416 4617 1430 4639 ,
1463 4577 1558 4629 καὶ
1591 4579 1850 4648 πειρᾶται

265 4667 548 4722 λανθάνειν
600 4668 700 4729 τὰς
757 4667 866 4722 τῶν
925 4669 1285 4723 πολυπλόκων
1334 4669 1563 4731 ἑννοίας.
1615 4669 1690 4721 Οὐ
1741 4668 1851 4740 γὰρ

265 4759 450 4824 ἀξίους
495 4760 728 4823 ἑαυτοὺς
761 4763 1124 4832 ἀποφαίνουσι
1167 4763 1281 4826 τοῖς
1319 4759 1594 4831 λαμπροῖς
1635 4759 1849 4831 ὄμμασι

265 4853 506 4907 κατιδεῖν
549 4853 740 4921 αὑτήν.
775 4853 884 4907 Καὶ
916 4854 965 4904 oi
1002 4853 1100 4924 μὲν
1137 4853 1237 4924 τῆς
1266 4852 1574 4924 ἀμωμήτου
1608 4852 1848 4916 πίστεως

265 4943 518 5014 ἐρασταὶ,
572 4942 786 4996 αἰτοῦσι
826 4944 919 4996 τὸν
965 4943 1169 5014 Κύριον
1209 4945 1265 4996 ὲν
1314 4943 1578 5014 ἁπλότητι
1625 4943 1853 5015 καρδίας

266 5033 452 5096 καθὼς
478 5035 795 5107 γέγραπται
822 5051 836 5065 ·
866 5036 915 5087 οἱ
939 5035 996 5088 δὲ
1029 5034 1325 5105 καμπύλας
1358 5034 1584 5106 τροχιὰς
1618 5035 1852 5106 ἐρχόμε-

271 5145 367 5191 μοι,
399 5129 497 5181 καὶ
522 5127 752 5200 καρδίαν
789 5128 1003 5198 ἔχοντες
1043 5127 1322 5199 σκαμϐὴν,
1356 5128 1502 5181 κατὰ
1529 5126 1588 5181 τὸ
1617 5129 1674 5180 ἐν
1697 5127 1853 5182 Ψαλ-

265 5225 391 5292 μοῖς
416 5225 536 5294 είρη
546 5224 730 5294 μένον,
755 5223 1205 5295 διεστραμμένων
1234 5222 1456 5276 ἐννοιῶν
1481 5221 1856 5284 πολυπλόκους

260 5317 484 5377 ἑαυτοῖς
527 5316 943 5388 συναγείρουσιν
996 5316 1294 5388 ἀφορμὰς,
1352 5316 1440 5371 ἵνα
1487 5315 1853 5387 διαστρέφωσι

259 5406 363 5469 τὰς
395 5406 549 5470 ὁδοὺς
581 5408 791 5477 Κυρίου
822 5406 922 5474 τὰς
955 5408 1168 5474 εὐθείας
1192 5451 1206 5476 ,
1237 5409 1331 5464 καὶ
1375 5406 1473 5470 τὰς
1497 5407 1608 5460 τῶν
1652 5404 1858 5461 ἁπλου-

333 5564 377 5595 ⁸⁸
421 5564 548 5634 Sap.
579 5583 616 5631 ι,
655 5566 706 5620 l.
789 5567 828 5598 δ’
865 5567 1006 5621 Psal.
1039 5582 1088 5633 c,
1125 5569 1180 5627 4.

1961 4579 2117 4642 gunt,
2135 4569 2445 4625 occultatur
2469 4576 2675 4634 autem,
2694 4576 2755 4622 ut
2772 4566 3032 4631 arbitror,
3051 4574 3107 4622 et
3125 4564 3330 4621 abdere
3352 4580 3410 4621 se
3433 4573 3548 4622 stu-

1959 4667 2054 4723 det
2073 4681 2104 4720 a
2121 4662 2449 4720 callidorum
2474 4661 2760 4717 hominum
2786 4659 3234 4731 cogitationibus.
3260 4659 3378 4715 Non
3397 4658 3548 4715 enim

1959 4773 2018 4814 se
2044 4757 2180 4812 tales
2201 4755 2480 4826 praebent,
2508 4761 2570 4808 ut
2607 4767 2728 4807 eam
2766 4751 2932 4806 claris
2957 4748 3134 4804 oculis
3177 4748 3380 4804 intueri
3430 4752 3550 4805 me-

1958 4859 2207 4906 reantur.
2234 4848 2303 4902 Et
2332 4855 2610 4901 amatores
2631 4843 2855 4915 quidem
2891 4842 3258 4899 immaculata:
3317 4838 3446 4894 ﬁdei
3485 4838 3546 4895 in

1953 4941 2310 5013 simplicitate
2337 4938 2542 5001 cordis,
2567 4945 2629 4991 ut
2654 4935 2918 5006 scriptum
2942 4941 3029 4989 est
3043 4935 3111 4999 ⁵ο,
3140 4932 3432 4990 Dominum
3448 4928 3549 4985 de-

1950 5041 2272 5108 precantur.
2302 5030 2407 5099 Qui
2433 5044 2567 5084 vero
2593 5043 2694 5099 per
2731 5025 2997 5081 distortos
3020 5025 3186 5080 calles
3229 5021 3538 5085 ambulant,

1951 5137 2007 5182 et
2044 5142 2142 5182 cor
2185 5124 2393 5179 habent
2428 5135 2683 5192 pravum,
2710 5127 2772 5172 ut
2799 5116 3008 5171 dictum
3035 5122 3121 5170 est
3144 5114 3200 5168 in
3225 5111 3457 5168 Psalmis
3475 5109 3542 5172 δ’.

1955 5229 2345 5288 perversorum
2385 5224 2649 5266 sensuum
2693 5207 2798 5262 sibi
2851 5204 3185 5274 multiplices
3227 5200 3547 5257 occasiones

1954 5307 2328 5370 accumulant,
2371 5312 2434 5359 ut
2477 5306 2802 5375 pervertant
2837 5299 2957 5353 vias
2999 5294 3220 5352 Domini
3256 5301 3462 5356 rectas.
3486 5301 3544 5346 et

1955 5400 2350 5470 simpliciorum
2390 5397 2605 5452 animas
2631 5392 2920 5457 seducant,
2943 5397 3006 5446 ut
3037 5404 3101 5445 ea
3133 5386 3377 5444 sentiant
3419 5399 3545 5458 qua

1339 5687 1509 5742 Variae
1539 5683 1802 5740 lectiones
1825 5680 2036 5738 codicis
2067 5674 2435 5749 Seguieriani.

339 5809 364 5850 ε
389 5809 477 5862 Io.
510 5824 578 5861 κα
591 5808 673 5862 τά.
