4126 6314
597 373 715 434 "259

1598 368 1654 423 S.
1692 366 1965 424 CYRILL!
2002 366 2469 425 ΑιεχΑΝωιιΝι
2504 366 2822 425 ΛΒΟΗΙΕΡ.

3737 364 3850 422 ειο

613 485 768 543 nefas
787 493 893 540 est.
915 483 1040 540 Haec
1072 483 1196 540 ideo
1223 484 1346 539 dico
1378 485 1528 555 quia,
1557 499 1683 540 cum
1726 483 1978 556 legissem
2012 496 2044 537 a
2082 490 2177 536 tua

2283 484 2486 554 στέρων
2504 481 2925 555 παρακομίσωσι
2950 479 3149 553 ψυχὰς,
3174 483 3255 544 εἰς
3276 480 3338 534 τὸ
3355 479 3550 552 χρῆναι
3579 479 3797 549 φρονεῖν
3812 475 3850 534 ἃ

612 579 904 633 sanctitate
927 576 1096 631 missa
1114 577 1556 642 commonitoria,
1575 573 1912 646 deprehendi
1933 572 2181 644 quaedam

614 669 669 724 in
704 667 818 722 illis
837 667 1150 739 periculose
1194 668 1474 739 proposita
1495 668 1564 723 ab
1595 668 1662 723 iis
1683 667 1778 738 qui
1810 667 1998 722 nescio
2042 680 2182 736 quo—

611 757 783 814 modo
820 772 1139 828 perversam
1170 758 1290 813 falsi
1331 757 1567 814 nominis
1609 756 1898 812 scientiam
1926 755 2179 828 diligunt.

613 845 693 902 Ea
717 859 878 904 erant
892 848 1181 920 ejusmodi.

687 1037 726 1092 l.
763 1036 822 1093 Si
861 1053 925 1092 ea:
971 1037 1173 1092 duabus
1209 1038 1440 1102 naturis,
1497 1037 1691 1107 inquit,
1742 1036 2058 1108 compositus
2105 1041 2182 1087 est

615 1129 958 1197 Emmanuel,
985 1147 1048 1186 ac
1071 1141 1186 1202 post
1208 1133 1454 1185 unionem
1482 1146 1592 1184 una
1621 1129 1939 1201 intelligitur
1985 1134 2181 1181 natura

616 1222 769 1278 Verbi
798 1225 1102 1288 incarnata,
1131 1231 1475 1293 consequetur
1494 1224 1704 1278 omnino
1733 1229 1791 1276 ut
1817 1222 1990 1293 ipsum
2011 1221 2067 1274 in
2083 1235 2182 1274 sua

616 1322 814 1368 natura
837 1329 1051 1385 passum
1081 1330 1189 1368 esse
1223 1314 1479 1369 dicamus.

687 1403 839 1459 Beati
871 1404 1063 1459 Patres
1078 1404 1255 1459 nostri
1278 1404 1372 1475 qui
1405 1401 1781 1459 venerandum
1801 1400 1929 1457 fidei
1955 1399 2184 1473 Symbo-

613 1491 730 1550 lum
757 1494 1111 1562 definierunt,
1132 1496 1313 1566 ipsum
1331 1495 1590 1552 dixerunt
1615 1510 1684 1549 ex
1702 1495 1823 1549 .Deo
1853 1494 2012 1549 Patre
2047 1491 2181 1548 Ver-

615 1583 772 1652 bum,
818 1587 997 1657 ipsum
1028 1604 1097 1643 ex
1131 1591 1251 1660 ejus
1289 1586 1550 1651 essentia,
1600 1586 1779 1656 ipsum
1815 1584 2181 1655 unigenitum,

605 1677 798 1750 ipsum
819 1694 919 1750 per
938 1694 1102 1750 quem
1146 1677 1350 1743 omnia,
1383 1679 1725 1733 incarnatum
1763 1686 1885 1731 eSse
1913 1685 1969 1731 et
2002 1675 2183 1730 homi-

603 1781 742 1822 nem
769 1767 972 1823 factum
1009 1786 1022 1821 :
1060 1782 1238 1837 neque
1260 1767 1372 1821 ullo
1406 1765 1570 1821 modo
1602 1764 1905 1836 putandum
1932 1772 2019 1820 est
2054 1778 2183 1818 san-

2287 575 2362 645 μὴ
2393 574 2570 646 θέμις.
2604 574 2714 627 Καὶ
2734 573 2909 629 ταῦτά
2937 591 3103 645 φημι,
3127 575 3240 637 τοῖς
3262 571 3411 643 παρὰ
3437 569 3539 642 τῆς
3568 570 3665 641 σῆς
3701 566 3852 624 όσιόο

2283 684 2443 739 τητος
2484 666 2721 739 ἐντυχὼν
2758 667 3219 739 ύπομνηστικοῖςο
3267 658 3390 720 εῐτά
3419 680 3544 719 τινα
3581 661 3755 736 εὑρὼν
3789 661 3854 716 δν

2283 761 2466 824 αὐτοῖς
2493 759 2592 813 οὐκ
2620 758 2878 829 ἀσφαλῶς
2923 758 3318 830 προπινόμενα
3343 795 3361 823 ,
3410 756 3564 828 παρά
3605 756 3716 810 τῶν
3745 756 3852 810 οὐκ

2281 848 2379 906 οἷδ’
2411 853 2558 916 ὅπως
2585 850 2952 922 ἡγαπηκότων
2972 851 3072 922 τῆς
3093 850 3441 922 ψευδωνύμου
3470 846 3723 918 γνώσεως
3747 845 3854 919 τὴν

2282 940 2636 1014 διαστροφήν.
2668 937 2851 995 ’Ἦσαν
2885 940 2944 995 δὲ
2978 940 3172 995 ταῦτα.

2357 1037 2436 1090 Δ’.
2477 1037 2549 1090 Et
2586 1036 2655 1089 ἐκ
2689 1035 2799 1089 δύο
2849 1035 3095 1104 φύσεων
3141 1030 3489 1100 συνηνέχθη
3513 1069 3529 1095 ,
3572 1026 3786 1098 φησιν.
3818 1027 3855 1082 δ

2295 1127 2694 1198 Ἐμμανουήλ,
2720 1125 2871 1197 μετὰ
2897 1126 2965 1180 δὲ
2985 1125 3098 1194 τὴν
3125 1123 3346 1178 ἕνωσιν
3358 1124 3468 1192 μία
3492 1121 3679 1192 φύσις
3699 1116 3855 1175 νοεῖρ

2281 1236 2375 1273 ται
2400 1220 2509 1276 τοῦ
2552 1222 2747 1290 Λόγου
2776 1217 3206 1288 σεσαρκωμένη
3223 1255 3240 1279 .
3273 1216 3482 1286 ἕψεται
3518 1212 3755 1278 πάντως
3782 1209 3854 1265 τὸ

2283 1311 2504 1383 χρῆναι
2527 1312 2742 1366 παθεῖν
2769 1313 2958 1367 αὐτὸν
2987 1311 3188 1382 λέγειν
3220 1311 3308 1376 εἰς
3343 1308 3504 1363 ἰδίαν
3529 1307 3740 1376 φύσιν.

2356 1406 2418 1457 Θί
2458 1404 2722 1475 μακάριοι
2756 1403 3029 1476 Πατέρες,
3058 1405 3107 1457 οἰ
3149 1402 3210 1456 τὺ
3240 1401 3436 1455 σεπτὸν
3479 1403 3578 1471 τῆς
3617 1399 3854 1463 πίστεως

2282 1493 2600 1565 ὁρισάμενοι
2646 1491 2957 1564 Σύμϐολον,
2994 1491 3157 1547 αὐτὸν
3191 1491 3429 1562 εφασκον
3471 1490 3564 1544 τὸν
3607 1490 3675 1542 ἐκ
3715 1485 3854 1544 Θεοῦ

2285 1585 2497 1658 Πατρδς
2515 1586 2707 1654 Λόγον,
2730 1583 2822 1638 τὸν
2837 1584 2902 1638 ὲκ
2919 1584 3018 1656 τῆς
3035 1583 3224 1648 οὐσίας
3245 1583 3436 1663 αύτοῦ,
3456 1580 3548 1634 τὸν
3567 1577 3854 1653 μονογενῆ,

2284 1679 2376 1733 τὸν
2406 1678 2473 1732 δι’
2502 1672 2564 1734 οὖ
2582 1676 2654 1731 τὰ
2675 1676 2876 1741 πάντα,
2895 1675 3247 1747 σαρκωθῆναι
3272 1675 3368 1729 καὶ
3397 1671 3815 1745 ενανθρωπῆσαι
3835 1685 3850 1701 ·

2286 1773 2380 1826 καὶ
2404 1771 2466 1826 οὐ
2496 1771 2559 1843 δή
2600 1769 2703 1824 πού
2737 1767 2918 1839 φαμεν
2961 1767 3226 1837 ἀγνοῆσαι
3249 1767 3375 1830 τοὺς
3402 1765 3588 1834 ἁγίους
3612 1762 3866 1826 ἐκείνους

603 1870 735 1916 votos
756 1860 881 1915 illos
894 1860 1040 1915 viros
1058 1859 1340 1931 ignorasse
1369 1858 1584 1913 unitum
1609 1857 1742 1912 illud
1769 1855 1952 1913 Verbo
1983 1871 2181 1928 corpus

2286 1867 2368 1920 ὅτι
2391 1863 2454 1919 τὸ
2481 1862 2680 1917 ἀνωθεν
2703 1860 2784 1932 τῷ
2818 1861 2978 1931 Λόγῳ
3019 1859 3179 1930 σῶμα
3209 1857 3454 1928 ὲψύχωτο
3484 1857 3632 1927 ψυχῇ
3665 1853 3851 1925 νοερᾷ.
3939 1865 3942 1867 ‘

601 1954 795 2008 anima
821 1952 1157 2025 intelligente
1207 1952 1510 2007 animatum
1551 1950 1740 2006 fuisse.
1786 1947 2048 2020 Quisquis
2079 1949 2178 2021 igi-

605 2051 706 2098 sur
744 2041 982 2097 Verbum
1027 2040 1163 2097 dicit
1208 2039 1378 2096 fuisse
1419 2040 1800 2104 incarnatum,
1842 2047 2062 2096 carnem
2103 2038 2184 2094 illi

615 2133 829 2188 vinitam
862 2149 971 2188 non
999 2133 1115 2189 sine
1147 2132 1330 2188 anima
1364 2132 1701 2204 intelligente
1738 2131 1908 2187 fuisse
1953 2130 2182 2188 confite-

603 2236 721 2281 tur.
773 2223 865 2280 Sic
920 2225 1092 2290 enim,
1146 2235 1207 2279 ut
1247 2231 1399 2294 puto,
1436 2224 1546 2279 imo
1580 2240 1713 2280 vero
1761 2231 1824 2278 ut
1855 2237 2045 2277 revera
2076 2233 2181 2289 est,

605 2314 960 2372 confidenter
991 2313 1219 2379 afﬁrmo,
1244 2314 1410 2370 etiam
1450 2313 1800 2370 beatissimus
1849 2313 2184 2385 evangelista

601 2405 855 2464 Joannes
877 2406 1034 2479 142
1056 2406 1296 2462 Verbum
1322 2405 1462 2460 dixit
1495 2421 1717 2462 carnem
1737 2405 1943 2462 factum
1969 2406 2036 2471 δ’,
2072 2419 2183 2460 non

611 2501 768 2572 quasi
785 2501 1098 2555 inanimatae
1141 2499 1291 2554 carni
1313 2499 1480 2555 fuerit
1507 2500 1743 2565 unitum,
1785 2499 1928 2556 absit
1961 2517 1974 2554 :
2006 2510 2182 2570 neque

613 2606 745 2647 vero
773 2592 928 2662 quasi
955 2590 1314 2646 mutationem
1359 2591 1833 2661 variationemque
1868 2591 2178 2662 pertulerit;

614 2683 816 2738 mansit
855 2698 1092 2753 namque
1129 2681 1274 2752 quod
1313 2695 1451 2747 erat,
1485 2682 1589 2759 hoc
1627 2691 1712 2738 est
1751 2691 1947 2738 natura
1988 2683 2133 2738 Deus
2165 2701 2176 2734 :

612 2773 710 2832 sed
731 2774 826 2829 ubi
849 2774 1145 2844 assumpsit
1171 2775 1338 2829 etiam
1368 2783 1428 2828 ut
1450 2783 1597 2830 esset
1635 2774 1820 2841 homo,
1854 2775 1960 2830 hoc
1986 2784 2091 2839 est,
2122 2783 2184 2828 ut

612 2865 773 2922 fieret
797 2865 940 2920 sicut
960 2880 1060 2919 nos
1084 2881 1152 2920 ex
1181 2865 1410 2920 muliere
1431 2865 1734 2921 secundum
1774 2881 2014 2930 carnem,
2056 2883 2182 2921 rur-

613 2971 710 3013 sus
726 2971 869 3010 unus
891 2955 1195 3026 permansit
1216 2955 1410 3022 Filius,
1428 2973 1539 3012 non
1569 2966 1754 3013 tamen
1770 2958 1951 3013 carnis
1965 2972 2182 3028 expers,

615 3058 845 3104 utantea
869 3049 1068 3114 fuerat,
1096 3048 1202 3104 hoc
1223 3057 1308 3104 est
1348 3059 1638 3120 antequam
1676 3049 1840 3104 homo
1863 3046 2040 3113 ﬁeret,
2085 3047 2182 3103 sed

2285 1953 2452 2007 Ὠστε
2498 1952 2552 2006 εῖ
2579 1968 2665 2015 τις
2699 1948 3052 2023 σαρκωθῆναι
3086 1947 3231 2017 λέγει
3267 1947 3372 2000 ,τον
3419 1945 3612 2013 Λόγον,
3639 1943 3700 1998 ού
3726 1942 3852 2014 δίχα

2283 2045 2461 2118 ψυχῆς
2517 2045 2712 2117 νοερᾶς
2748 2043 3002 2115 ὁμολογεῖ
3042 2042 3144 2113 τὴν
3196 2041 3377 2111 σάρκα
3416 2039 3514 2111 τὴν
3561 2037 3857 2093 ινωθεῖσαν

2284 2137 2456 2210 αὐτῷ.
2484 2136 2643 2193 Οὕτω
2665 2135 2796 2208 γάρ,
2819 2135 2895 2200 ὣς
2925 2152 2990 2205 γε
3011 2130 3184 2206 οἶμαι.
3219 2133 3417 2206 μᾶλλον
3439 2133 3496 2186 δὲ
3515 2131 3591 2196 ὡς
3621 2130 3735 2185 ιστι
3761 2146 3858 2184 τε·-

2283 2229 2644 2305 θαρῤηκότως
2676 2231 2885 2295 εἰπεῖν,
2935 2227 3030 2280 καὶ
3067 2229 3096 2282 ό
3142 2227 3416 2295 πάνσοφος
3463 2225 3588 2294 to...
3611 2222 3856 2293 τελεστὴς

2294 2321 2551 2394 Ἰωάννης
2590 2322 2685 2378 τὸν
2731 2321 2903 2391 Λόγον
2939 2320 3044 2392 εφη
3087 2317 3340 2390 γενέσθαι
3395 2316 3601 2388 σάρκα,
3631 2314 3728 2385 οὐχ
3775 2313 3857 2377 ὡς

2283 2415 2476 2489 ἀψύχῳ
2512 2413 2680 2489 σαρκὶ
2723 2413 2992 2469 ἑνωθέντα
3015 2452 3031 2478 ,
3087 2413 3160 2484 μὴ
3193 2411 3435 2480 γένοιτο·
3484 2407 3598 2463 ἀλλ’
3640 2406 3748 2461 οὐδ’
3775 2404 3856 2466 ὡς

2283 2507 2495 2578 τροπὴν
2536 2505 2571 2578 ἢ
2616 2504 2904 2560 ἀλλοίωσιν
2961 2503 3332 2576 ὑπομείναντα
3355 2517 3372 2532 ο
3423 2501 3701 2572 μεμένηκε
3743 2497 3855 2569 γὰρ

2285 2599 2423 2671 ὅπερ
2451 2594 2540 2672 ἦν,
2571 2597 2721 2652 τοῦτ’
2748 2597 2866 2650 ἔστι
2917 2595 3078 2666 φύσει
3115 2595 3278 2660 Θεός·
3319 2590 3642 2666 προσλαϐὼν
3670 2591 3729 2647 δε
3759 2591 3857 2646 καὶ⁸

2282 2691 2347 2746 τδ
2370 2688 2509 2745 εἶναι
2537 2689 2844 2763 ἄνθρωπος,
2877 2688 2998 2760 ἦτοι
3023 2686 3279 2757 γενέσθαι
3323 2685 3447 2741 καθ’
3487 2685 3633 2757 ἡμᾶς
3663 2685 3728 2738 εκ
3751 2698 3856 2754 γυ-

2284 2781 2471 2847 ναικδς
2519 2782 2663 2837 κατὰ
2712 2781 2930 2851 σάρκα,
2985 2779 3150 2834 πάλιν
3199 2771 3280 2840 εἷς
3342 2775 3647 2850 μεμένηκεν
3690 2771 3848 2840 Υἰός·

2284 2874 2425 2945 πλὴν
2455 2874 2556 2928 οὐκ
2583 2874 2843 2944 άσαρκος,
2872 2871 3016 2926 καθὰ
3054 2872 3151 2926 καὶ
3200 2868 3367 2924 πάλαι
3389 2907 3410 2937 ,
3438 2867 3558 2940 ἦτοι
3601 2865 3708 2945 πρὸ
3743 2863 3857 2920 τῶν

2284 2927 2394 3038 τῆς.
2409 2927 2734 3038 ινανθρωπῖίι
2742 2927 2878 3027 caui;
2906 2962 3139 3035 καιρῶν.
3156 2927 3570 3032 ἀμφιασάμενος
3589 2927 3856 3029 ὥσπερ

2287 3056 2380 3112 καὶ
2401 3054 2500 3128 τὴν
2524 3054 2802 3127 ἡμετέραν
2823 3052 3006 3123 φύσιν.
3045 3051 3182 3107 Ἀλλ’
3205 3054 3254 3106 εἰ
3279 3051 3373 3106 καὶ
3397 3051 3472 3123 μὴ
3500 3049 3646 3104 εστιν
3664 3047 3856 3120 όμοού-

613 3142 781 3198 etiam
812 3150 1015 3196 nostra:
1051 3141 1460 3214 quodammodo
1490 3151 1703 3198 natura:
1731 3151 1884 3199 veste
1929 3143 2177 3199 indutus.

2287 3161 2403 3199 σιον
2431 3143 2511 3216 τῷ
2536 3144 2601 3198 εκ
2623 3142 2762 3197 Θεοῦ
2791 3142 3003 3213 Πατρδς
3029 3142 3188 3211 φύντι
3215 3140 3375 3212 Λόγῳ
3402 3137 3465 3194 τὸ
3481 3137 3680 3236 ἑνωθεν
3707 3135 3857 3236 αύτῷ

612 3229 874 3300 Quamvis
892 3241 1075 3287 autem
1091 3231 1274 3288 Verbo
1293 3247 1362 3288 ex
1384 3233 1498 3288 Deo
1525 3233 1684 3289 Patre
1715 3234 1899 3305 genito
1942 3235 2182 3291 consub-

614 3323 869 3380 stantiale
895 3339 1005 3378 non
1027 3323 1098 3378 sit
1123 3323 1203 3379 illi
1240 3323 1455 3384 unitum
1489 3339 1711 3395 corpus,
1734 3324 1916 3380 anima
1937 3324 2070 3381 licet
2096 3325 2184 3380 in-

617 3414 894 3486 telligente
917 3414 1227 3485 praeditum,
1281 3421 1338 3470 at
1371 3422 1522 3470 certe
1548 3415 1828 3470 unitarum
1861 3425 2184 3471 naturarum

615 3505 989 3562 differentiam
1023 3521 1149 3561 cum
1172 3505 1484 3562 intellectus
1505 3516 1694 3562 noster
1723 3507 1970 3578 aspiciat,
2011 3523 2182 3562 unum

614 3607 800 3656 tamen
825 3597 1023 3654 Filium
1061 3604 1118 3654 et
1136 3595 1415 3653 Christum
1440 3606 1497 3654 et
1517 3598 1809 3654 Dominum
1833 3599 2180 3665 conﬁtemur,

615 3698 806 3761 utpote
827 3705 953 3747 cum
969 3689 1210 3746 Verbum
1235 3689 1308 3745 sit
1323 3680 1450 3746 caro
1465 3689 1688 3746 factum.
1706 3690 1843 3747 Cum
1864 3707 2016 3757 vero,
2031 3708 2180 3760 caro,

615 3779 870 3848 dicimus,
906 3781 1249 3838 tantumdem
1277 3791 1362 3838 est
1392 3797 1454 3838 ac
1472 3784 1518 3838 si
1540 3784 1820 3840 hominem
1853 3784 2179 3840 diceremus.

614 3871 872 3941 Quaenam
913 3874 1080 3945 igitur
1118 3876 1418 3930 necessitas
1451 3875 1597 3947 cogit
1639 3883 1700 3931 ut
1754 3885 1879 3947 post
1922 3877 2182 3933 unionem

615 3962 830 4021 dicatur
876 3981 986 4021 una
1026 3974 1222 4021 natura
1258 3966 1384 4022 Filii
1449 3967 1730 4023 incarnata
1772 3969 1951 4039 ipsum
1986 3968 2043 4023 in
2083 3985 2182 4025 sua

616 4063 813 4111 natura
850 4071 1070 4126 passum
1094 4071 1214 4112 esse
1251 4059 1658 4130 consequatur?
1695 4059 1830 4114 Nam
1869 4060 1915 4116 si
1952 4059 2008 4114 in
2032 4060 2183 4116 illius

617 4144 1040 4218 dispensationis
1075 4149 1284 4204 ratione
1323 4149 1460 4205 nihil
1500 4159 1646 4207 esset
1690 4151 1837 4223 quod
1871 4145 2181 4223 passionem

615 4249 804 4311 posset
842 4239 1116 4310 excipere,
1153 4250 1303 4296 recte
1335 4239 1571 4296 forsitan
1612 4243 1681 4299 ab
1714 4244 1824 4300 illis
1859 4245 2067 4300 dictum
2094 4262 2181 4303 es-

615 4337 700 4384 set
745 4346 758 4382 :
810 4329 1052 4398 patiendi
1085 4329 1233 4385 enim
1265 4329 1448 4386 ablato
1487 4332 1754 4404 subjecto,
1806 4337 2178 4392 necessarium

615 4420 841 4475 omnino
865 4429 1011 4476 esset
1053 4419 1109 4475 in
1139 4420 1304 4477 Verbi
1333 4431 1588 4477 naturam
1615 4423 1812 4480 cadere
1845 4426 2176 4495 passionem.

2286 3230 2464 3303 σῶμα,
2500 3231 2596 3285 καὶ
2629 3229 2807 3300 ψυχῆς
2853 3228 3078 3301 ενούσης
3121 3227 3272 3300 αὐτῷ
3300 3228 3494 3299 νοερᾶς
3515 3267 3531 3292 ,
3563 3226 3678 3280 ἀλλ’
3712 3222 3804 3282 οὖν
3826 3228 3858 3282 ό

2285 3321 2386 3391 μὲν
2420 3319 2546 3385 νοῦς
2575 3319 2907 3390 φαντάζεται
2935 3319 2998 3373 τὸ
3029 3318 3325 3391 ιτεροφυὶς
3365 3317 3480 3374 τῶν
3510 3317 3816 3372 ἑνωθέντων
3835 3332 3855 3351 ο

2282 3415 2380 3470 ἕνα
2410 3430 2475 3484 γε
2506 3413 2614 3487 μὴν
2648 3411 3022 3485 ὁμολογοῦμεν
3050 3411 3180 3466 Υἰδν
3213 3411 3308 3469 καὶ
3350 3410 3589 3484 Χριστὸν
3618 3410 3713 3465 καὶ
3738 3407 3855 3465 Κύ-

2283 3524 2419 3580 ριον,
2447 3505 2526 3571 ὡς
2555 3506 2842 3576 γεγονότος
2872 3503 3073 3578 σαρκδς
3099 3502 3193 3559 τοῦ
3231 3504 3429 3574 Λόγου.
3458 3501 3533 3557 Τὸ
3565 3502 3624 3558 δὲ
3658 3502 3857 3575 σαρκὸς

2279 3600 2411 3655 ὅταν
2435 3598 2701 3670 εἴπωμεν,
2731 3596 3021 3671 ἀνθρώπου
3054 3595 3257 3668 φαμέν.
3287 3595 3425 3650 Ποία
3450 3594 3631 3649 τοίνυν
3663 3593 3856 3650 παθεῖν

2279 3689 2448 3745 αὑτὸν
2478 3688 2694 3759 ἀνάγκη
2720 3690 2800 3752 εἰς
2844 3687 2981 3742 ἰδίαν
3021 3687 3205 3758 φύσιν,
3255 3682 3306 3740 εἰ
3351 3685 3562 3756 λέγοιτο
3594 3685 3730 3758 μετὰ
3754 3685 3856 3759 τὴν

2281 3781 2477 3836 ἕνωσιν
2507 3779 2608 3854 μία
2641 3778 2804 3848 φύσις
2848 3778 2979 3833 Υἱοῦ
3010 3776 3449 3852 σεσαρκωμένης
3498 3778 3563 3832 Ei
3610 3778 3710 3850 μὲν
3743 3777 3856 3851 γὰρ

2281 3873 2380 3928 οὐκ
2406 3867 2475 3944 ἦν
2497 3873 2556 3926 ὲν
2579 3873 2692 3936 τοῖς
2713 3869 2890 3940 λόγοις
2915 3869 3015 3942 τῆς
3039 3869 3351 3941 οἰκονομίας
3371 3867 3430 3922 τὸ
3457 3867 3699 3938 πεφυκὸς
3723 3867 3857 3923 ὑπο-

2283 3962 2465 4033 μένειν
2488 3961 2549 4016 τὺ
2577 3960 2774 4026 πάθος,
2800 3960 2976 4034 ὀρθῶς
3002 3961 3069 4016 ἂν
3096 3959 3308 4033 ἔφησαν
3331 3977 3345 3992 ·
3374 3961 3456 4014 ὅτι
3481 3959 3556 4032 μὴ
3575 3961 3728 4025 ὄντος
3757 3961 3855 4018 τοῦ

2280 4052 2587 4123 πεφυκότος
2606 4051 2858 4122 πάσχειν,
2891 4051 3044 4106 πᾶσά
3076 4067 3194 4115 πως
3216 4051 3431 4122 ἀνάγκη
3466 4053 3533 4123 τῇ
3560 4051 3654 4105 τοῦ
3679 4052 3856 4123 Λόγου

2282 4142 2444 4214 φύσει
2471 4143 2794 4215 συμϐαίνειν
2818 4142 2879 4197 τὸ
2905 4142 3098 4208 πάθος.
3129 4143 3192 4197 Εἰ
3223 4143 3279 4198 δὲ
3305 4144 3366 4197 ιν
3396 4142 3475 4214 τῷ
3503 4143 3858 4217 σεσαρκωμι-

2283 4253 2383 4310 νην
2417 4237 2626 4302 εἰπεῖν,
2654 4235 2877 4306 σύμπας
2903 4235 2932 4288 ὁ
2962 4234 3120 4304 λόγος
3147 4233 3248 4306 τῆς
3294 4235 3434 4307 μετὰ
3473 4236 3674 4308 σαρκὸς
3710 4238 3859 4293 οἰκο-

2283 4329 2478 4401 νομίας
2504 4328 2817 4400 εἰσφέρεται
2843 4326 2863 4401 (
2879 4325 3167 4400 ὲσαρκώθη
3198 4327 3307 4399 γὰρ
3327 4328 3426 4398 οὐχ
3450 4327 3651 4400 ἑτέρως
3670 4367 3686 4393 ,
3717 4329 3856 4387 ἀλλὰ

2287 4390 2617 4494 imprium;
2666 4390 2921 4494 ;A69adp
2973 4390 3369 4491 έπιλαόόμενος
3385 4390 3558 4486 καὶ.
3596 4390 3855 4496 dipoth

617 4508 678 4567 Si
728 4520 910 4566 autem
950 4510 1138 4568 addito
1175 4513 1368 4579 verbo,
1413 4513 1771 4581 incarnatam,
1811 4517 1992 4572 omnis
2037 4518 2178 4572 ratio

2283 4513 2424 4570 κατὰ
2443 4513 2623 4570 πάντα
2641 4516 2754 4578 τοῖς
2781 4513 3049 4583 ἀδελφοῖς,
3078 4513 3172 4567 καὶ
3197 4513 3410 4585 μορφὴν
3425 4511 3614 4567 δούλου
3627 4512 3853 4586 λαϐὼν).

617 4597 766 4656 illius
783 4613 908 4654 cum
934 4615 1095 4657 carne
1110 4600 1537 4672 dispensationis
1557 4602 1792 4659 infertur
1815 4614 2015 4678 (neque
2037 4607 2185 4662 enim

617 4690 777 4748 aliter
791 4691 1103 4748 incarnatus
1115 4702 1199 4749 est
1208 4693 1314 4749 nisi
1334 4692 1793 4764 apprehendendo
1812 4711 2001 4753 semen
2015 4698 2186 4755 Abra-

617 4781 827 4849 ham“,
855 4791 913 4839 et
935 4782 1133 4840 similis
1163 4783 1338 4843 factus
1372 4793 1456 4842 est
1474 4801 1573 4858 per
1588 4788 1771 4844 omnia
1803 4787 2067 4846 fratribus
2089 4791 2182 4856 δ”,

615 4873 749 4932 dum
768 4873 1001 4931 formam
1025 4876 1169 4932 servi
1187 4877 1428 4950 suscepit
1448 4878 1539 4950 “);
1571 4878 1776 4938 frustra
1790 4890 2069 4954 nugantur
2086 4884 2182 4954 qui

615 4964 828 5031 dicunt,
862 4981 1210 5038 consequens
1223 4968 1449 5025 omnino
1470 4985 1594 5028 esse
1619 4980 1683 5027 ut
1711 4971 1828 5044 ipse
1858 4971 1914 5028 in
1954 4987 2054 5029 sua
2088 4989 2184 5030 na-

616 5062 739 5111 tura
761 5057 1069 5128 passionom
1088 5058 1438 5127 sustinuerit,
1462 5076 1585 5118 cum
1606 5077 1738 5120 caro
1759 5063 1992 5137 subjecti
2007 5064 2184 5122 vicem

614 5156 819 5214 teneat,
867 5149 1013 5206 circa
1062 5165 1228 5223 quam
1295 5152 1588 5226 contigisse
1624 5155 1936 5226 passionem
1984 5158 2183 5213 merito

612 5239 788 5309 possit
834 5237 1091 5312 intelligi,
1127 5239 1308 5299 Verbo
1357 5244 1680 5318 impassibiii
1736 5257 2014 5305 manente.
2059 5249 2181 5307 Non

614 5334 794 5383 tamen
818 5337 1108 5399 propterea
1138 5332 1271 5388 illud
1287 5334 1602 5398 eximimus.
1631 5337 1926 5406 quominus
1963 5340 2179 5395 dicatur

2284 4607 2411 4679 εἰκῆ
2439 4605 2582 4680 [καὶ]
2623 4605 3078 4679 πεφλυαρήκασιν
3097 4608 3148 4660 οἰ
3174 4605 3424 4674 λέγοντες
3447 4605 3762 4662 ἀκολουθεῖν
3790 4609 3858 4664 τὸ

2281 4699 2482 4773 χρῆναι
2505 4699 2724 4764 πάντως
2750 4698 2914 4754 αὐτὸν
2935 4700 3015 4763 εἰς
3043 4699 3178 4754 ἰδίαν
3199 4696 3362 4768 φύσιν
3381 4697 3688 4770 ὑπομεῖναι,
3717 4698 3857 4755 ὓπο-

2282 4789 2545 4864 κειμὲνης
2579 4788 2690 4863 γάρ
2731 4790 2763 4832 δ
2790 4789 2889 4863 τῆς
2942 4790 3184 4863 σαρκὸς,
3227 4788 3358 4861 περὶ
3405 4788 3476 4860 ἢν
3511 4789 3741 4855 εἰκότως
3784 4789 3857 4847 ἂν

2281 4881 2556 4956 συμϐῆναι
2573 4880 2640 4936 τδ
2661 4880 2855 4938 παθεῖν
2878 4883 3071 4948 νοοῖτο,
3095 4879 3341 4947 ἀπαθοῦς
3355 4881 3508 4947 ὄντος
3531 4879 3627 4937 τοῦ
3651 4880 3854 4951 Λόγου.

2293 4973 2437 5030 ⁹Λλλ*
2452 4973 2556 5030 οὐκ
2575 4972 2683 5041 lim
2703 4972 2795 5031 διὰ
2812 4972 2971 5030 τοῦτο
2987 4974 3225 5048 λέγομεν
3246 4971 3411 5030 αὑτὸν
3431 4967 3528 5030 τοῦ
3544 4971 3802 5045 λέγεσθαι
3829 4977 3850 5018 ί

2283 5065 2495 5123 παθεῖν.
2544 5064 2754 5138 Ὠσπερ
2802 5065 2912 5141 γὰρ
2944 5067 3078 5123 [διον
3120 5063 3288 5120 αὐτοῦ
3320 5062 3513 5136 γέγονε
3543 5062 3609 5120 τὸ
3655 5061 3817 5135 σῶμα
3838 5103 3856 5129 .

2279 5157 2427 5216 οὕτω
2453 5158 2550 5214 καὶ
2592 5157 2771 5215 πάντα
2803 5157 2875 5215 τά
2903 5157 3000 5214 τοῦ
3031 5156 3282 5230 σώματος
3313 5155 3440 5231 δίχα
3473 5156 3644 5229 μόνης
3672 5155 3860 5227 ἀμαρ-

2276 5247 2400 5310 τίας
2425 5245 2626 5318 λέγοιτ’
2652 5247 2720 5303 ἂν
2742 5248 2897 5304 ούδὶν
2922 5243 3084 5322 ἦττον
3107 5245 3296 5314 αὐτοῦ,
3322 5248 3446 5303 κατ’
3477 5245 3753 5303 οἰκείωσιν
3776 5243 3859 5297 οἰη-

2278 5341 2592 5412 κονομικήν.
2637 5337 2777 5394 Ἀλλ’
2806 5336 3024 5413 ιροῦσιν
3048 5338 3100 5393 οἰ
3123 5337 3194 5393 δι’
3222 5336 3494 5403 ἐναντίαςο

612 5437 851 5495 passum.
877 5423 947 5480 Ut
978 5427 1125 5483 enim
1142 5430 1423 5500 proprium
1449 5431 1620 5502 ipsius
1637 5433 1800 5489 Verbi
1845 5434 2049 5491 factum
2083 5445 2166 5492 est
2206 5451 2426 5507 corpus,
2459 5436 2540 5492 sic
2563 5435 2750 5493 omnia
2777 5449 2900 5508 qua
2958 5442 3088 5493 sunt
3143 5431 3412 5506 corporis,
3444 5440 3676 5504 excepto
3729 5427 3856 5487 scio

682 5581 725 5612 δ’
757 5581 914 5637 Joan.
952 5600 990 5649 t,
1021 5585 1105 5639 14.
1183 5585 1229 5617 ⁸³
1264 5585 1426 5643 Hebr.
1459 5604 1518 5652 ll,
1552 5589 1637 5643 16.
1707 5591 1773 5622 ⁴³⁶
1810 5589 1946 5647 Ibid.
1975 5591 2039 5645 l7
2117 5593 2160 5624 “

2283 5593 2428 5667 ilipp.
2464 5610 2523 5661 ll,
2555 5597 2607 5650 7.

1659 5723 1835 5780 Var-ite
1865 5725 2128 5782 lectiones
2160 5727 2370 5786 codicis
2390 5728 2750 5801 Seguieriani.

680 5827 712 5872 δ
737 5825 824 5887 τσ.
855 5846 937 5899 γε.
1017 5845 1033 5872 ι
1069 5831 1286 5904 τίθεμεν
1314 5834 1478 5906 αύτοῦ
1506 5834 1585 5902 τὸ,
1611 5832 1879 5906 λέγεσθαι.
