4154 6322
310 342 402 399 2M

1658 335 1993 394 EPISTULA
2031 338 2212 395 XLVI.

3442 333 3552 396 ιιι

311 464 552 528 peccato,
619 450 1018 524 dispensatoris
1086 446 1324 521 quadam
1394 447 1781 519 conjunctione
1845 447 2017 516 ipsius
2055 449 2162 504 dici
2208 449 2566 504 nihilominus
2619 459 2863 520 possunt.
2933 448 3040 505 Sed
3108 449 3296 507 dicent
3355 452 3554 508 adver-

309 548 437 609 sarii
470 565 484 602 :

383 644 457 697 B'.
492 642 564 696 Et
583 639 695 710 μία
732 639 919 708 φύσις
956 636 1057 706 ἦν,
1079 634 1252 706 φησι,
1283 635 1392 692 τοῦ
1423 634 1619 703 Λόγου
1651 647 1876 702 σεσαρ-

2054 631 2117 684 ιι.
2146 629 2201 684 Si
2229 648 2334 685 una
2362 641 2435 685 est
2461 639 2658 686 natura
2680 629 2830 684 Verbi
2864 631 3169 696 incuruata,
3208 636 3421 686 omnino
3466 651 3559 690 no-

311 735 567 805 κωμένη,
609 733 779 789 πᾶσὰ
825 748 952 798 πως
997 730 1226 802 ἀνάγκη
1267 729 1470 800 λέγειν
1512 726 1747 797 φυρμὸν
1789 743 1881 797 τε·

310 829 522 884 νέσθαι
554 825 655 880 καὶ
695 825 1040 894 σύγκρασιν
1061 863 1077 889 ,
1119 819 1487 892 μειουμένης
1528 817 1732 888 ὥσπερ
1781 819 1882 873 καὶ

312 918 852 990 ὑποκλεπτομένης
896 913 1005 984 τῆς
1029 915 1138 971 τοῦ
1186 911 1502 983 ἀνθρώπου
1541 913 1782 983 φύσεως
1817 911 1886 966 er

311 1008 490 1076 αὐτῷ.

395 1098 700 1168 Ἦγνόησαν
726 1096 891 1152 πάλιν
931 1098 982 1152 ot
1020 1097 1092 1152 τά
1135 1095 1275 1169 ὀρθὰ
1309 1094 1760 1167 διαστρέφοντες,
1804 1093 1885 1148 δτι

315 1189 458 1246 κατά
485 1189 747 1262 ἀλήθειάν
781 1190 898 1244 ἐστι
940 1189 1038 1259 μία
1069 1189 1231 1260 φύσις
1267 1187 1363 1242 τοῦ
1399 1187 1576 1258 Λόγου
1612 1202 1889 1257 σεσαρκω-

314 1282 452 1355 μὲνη
495 1283 557 1336 Ei
583 1282 695 1352 γὰρ
719 1278 801 1347 εἷς
825 1283 973 1338 ἐστιν
991 1283 1123 1345 Υἱὸς
1149 1282 1180 1335 6
1206 1279 1368 1350 φύσει
1389 1280 1482 1335 καὶ
1509 1278 1727 1352 ἀληθῶς
1760 1280 1790 1334 6
1823 1278 1888 1332 ῑκ

312 1376 450 1433 Θεοῦ
483 1375 697 1447 Πατρδς
737 1376 927 1446 Λόγος,
959 1378 1006 1432 ’ὁ
1039 1375 1368 1447 ἀπορρήτως
1409 1372 1690 1444 γεννηθεὶς
1709 1413 1726 1440 ,
1767 1366 1890 1427 εἶτα

312 1469 457 1523 κατά
475 1467 776 1540 πρόσληψιν
792 1469 1015 1540 σαρκὸς,
1030 1468 1132 1522 οὐκ
1149 1465 1377 1538 ἀψύχου,
1397 1467 1515 1521 ἀλλ’
1531 1464 1890 1538 ὲψυχωμὲνης

315 1558 521 1630 νοερῶς
551 1558 823 1630 προῆλθεν
852 1558 1139 1627 ἄνθρωπος
1167 1560 1232 1613 ὲκ
1260 1557 1540 1628 γυναικὸς,
1568 1559 1671 1613 οὐκ
1697 1558 1776 1622 εις
1797 1554 1892 1610 δύο

318 1649 717 1723 μιρισθήσεται
757 1649 846 1705 διά
878 1647 1039 1704 τοῦτο
1075 1649 1348 1720 πρόσωπα
1396 1651 1492 1706 καὶ
1522 1649 1706 1714 υἱοὺς,
1752 1645 1892 1702 ἀλλά

317 1742 631 1815 μεμένηκεν
655 1737 756 1807 εἷς,
782 1742 922 1816 πλὴν
941 1743 1042 1797 οὐκ
1070 1741 1332 1815 ἄσαρκος,
1353 1743 1464 1797 οὐδ’
1487 1742 1591 1808 ἔξω
1614 1740 1891 1812 σώματος.

313 1834 430 1889 ἀλλ’
457 1833 591 1887 ίδιον
618 1833 758 1904 ἔχων
786 1834 920 1888 αὐτὸ
951 1831 1073 1887 καθ’
1099 1832 1294 1886 ῑνωσιν
1319 1831 1706 1886 ἀδιάσπαστον.
1747 1829 1806 1883 '0
1834 1828 1893 1883 δὲ

313 1924 476 1981 τοῦτο
504 1925 697 1995 λέγων,
728 1925 789 1979 ού
823 1925 1061 1997 φυρμὸν,
1091 1925 1154 1978 οὐ
1177 1923 1462 1996 σύγχυσιν,
1491 1922 1600 1976 οὐδ’
1633 1920 1819 1992 ἕτερόν
1839 1939 1890 1974 τι

1986 740 2123 778 resse
2151 733 2224 778 est
2245 723 2414 777 dicere
2447 724 2834 794 permistionem
2865 723 3324 796 confusionemque
3360 725 3557 795 factam

1986 818 2165 885 (uisse,
2217 817 2498 870 imminuta
2547 815 2935 885 quodaminodo
2966 815 3024 869 in
3069 816 3183 887 ipso
3221 825 3380 878 atque
3432 817 3558 873 sub-

1987 915 2160 959 tracta
2179 905 2401 959 hominis
2431 913 2652 959 natura.

2057 1085 2270 1140 Rursus
2309 1085 2566 1155 ignorant
2601 1085 2696 1154 qui
2739 1091 2890 1140 recta
2921 1090 3249 1156 pervertunt
3293 1084 3362 1150 “,
3391 1100 3555 1141 unam

1990 1192 2182 1232 revera
2228 1193 2349 1233 esse
2399 1186 2654 1234 naturam
2695 1177 2862 1232 Verbi
2900 1177 3260 1234 incarnatam.
3303 1175 3361 1232 Si
3407 1177 3558 1232 enim

1991 1285 2135 1324 unus
2167 1279 2252 1324 est
2304 1269 2496 1333 Filius,
2533 1269 2626 1324 ille
2662 1276 2859 1324 natura
2893 1282 2958 1324 ac
2985 1284 3136 1335 vere,
3170 1267 3312 1324 illud
3354 1283 3424 1325 ex
3446 1267 3562 1325 Deo

1990 1361 2148 1418 Patre
2175 1359 2414 1417 Verbum
2438 1359 2792 1415 ineﬂabiliter
2823 1359 3092 1431 genitum,
3123 1361 3219 1431 qui
3247 1359 3446 1416 deinde
3467 1373 3558 1416 se-

1991 1454 2232 1510 cundum
2253 1452 2682 1523 assumptionem
2714 1453 2895 1507 carnis
2924 1467 3036 1507 non
3078 1450 3408 1515 inanimata,
3461 1449 3558 1506 sed

1993 1547 2332 1618 intelligente
2373 1545 2557 1601 anima
2615 1545 2858 1616 praedita;
2887 1543 3094 1615 prodiit
3119 1543 3280 1598 homo
3311 1539 3466 1612 153
3492 1555 3560 1597 ex

1993 1639 2243 1705 muliere,
2271 1655 2383 1695 non
2402 1645 2694 1710 propterea
2736 1638 2793 1693 in
2825 1637 2962 1693 duas
3012 1649 3274 1708 personas
3313 1632 3562 1702 duosque

1995 1730 2137 1786 filios
2167 1729 2466 1795 dividetur,
2499 1745 2625 1785 cum
2649 1726 3014 1799 permanserit
3041 1741 3210 1789 unus,
3242 1738 3353 1778 non
3378 1730 3560 1778 tamen

1994 1823 2114 1878 sine
2135 1836 2299 1876 carne
2339 1827 2435 1874 aut
2465 1827 2620 1874 extra
2651 1832 2872 1889 corpus,
2917 1815 3013 1871 sed
3056 1815 3236 1885 ipsum
3276 1811 3560 1883 proprium

1995 1914 2225 1977 habens,
2265 1926 2366 1982 per
2414 1909 2682 1966 unitatem
2741 1923 2866 1985 quae
2917 1903 3150 1963 distrahi
3197 1903 3352 1958 nullo
3400 1899 3564 1957 modo

314 2019 423 2072 τῶν
446 1991 704 2072 τοιούτων
939 1991 1005 2070 τε
1033 2016 1132 2071 καὶ
1158 1991 1378 2080 πάντως
1401 2015 1552 2086 δηλοῖ
1571 2029 1587 2046 ο
1619 1991 1744 2067 οὔτε
1783 2013 1890 2084 μὴν

2000 2006 2186 2078 possit.
2216 2003 2321 2072 Qui
2343 2012 2528 2058 autem
2558 2002 2663 2061 hoc
2695 2001 2849 2067 dicit,
2887 2000 2933 2055 is
2969 1998 3122 2054 nullo
3147 2010 3374 2068 prorsus
3401 1993 3565 2050 modo

313 2111 389 2175 ὡς
423 2111 486 2177 ἐξ
514 2110 815 2180 ἀναγκαίου
838 2109 932 2163 τοῦ
955 2109 1118 2179 λόγου
1142 2107 1300 2162 τοῦτο
1321 2106 1677 2177 ἀκολουθήσει
1703 2105 1887 2159 ποθέν.

317 2203 382 2259 Ei
410 2203 521 2274 γὰρ
558 2204 652 2256 καὶ
678 2198 758 2266 εἷς
790 2201 1000 2271 λέγοιτο
1027 2199 1166 2272 πρὸς
1185 2198 1348 2271 ήμῶν
1382 2197 1411 2251 6
1441 2195 1735 2269 μονογενὴς
1765 2194 1891 2260 Υίδς

315 2295 410 2350 τοῦ
449 2293 586 2348 Θεοῦ
618 2291 1045 2363 -σεσαρκωμένος
1080 2293 1176 2346 καὶ
1220 2290 1674 2361 ὲνανθρωπήσας,
1706 2289 1767 2342 ού
1797 2287 1892 2341 πὲ-

316 2404 518 2458 φυρται
542 2384 632 2440 διὰ
655 2385 833 2448 τοῦτο,
865 2384 1008 2440 κατά
1034 2383 1098 2438 τὸ
1116 2383 1346 2447 ἐκείνοις
1381 2380 1592 2449 δοκοῦν,
1629 2380 1753 2435 οὕτε
1785 2381 1892 2452 μὴν

314 2481 395 2544 είς
417 2478 518 2549 τὴν
548 2480 648 2550 τῆς
675 2477 875 2548 σαρκὸς
903 2476 1066 2546 φύσιν
1094 2474 1565 2545 μεταπεφοίτηκεν
1599 2475 1634 2543 ή
1671 2472 1765 2526 τοῦ
1791 2472 1893 2526 Δό-

315 2588 416 2641 γου
445 2569 627 2640 φύσις,
651 2569 766 2624 ἀλλ’
780 2569 900 2623 οὐδὲ
916 2571 950 2640 ή
981 2570 1083 2639 τῆς
1111 2567 1317 2639 σαρκὸς
1334 2569 1414 2631 είς
1429 2566 1529 2639 τὴν
1550 2565 1714 2621 αὐτοῦ
1735 2582 1748 2594 ·
1775 2564 1892 2620 ἀλλ’

316 2667 375 2719 ιν
408 2663 635 2735 ἰδιότητι
662 2665 728 2734 τῇ
761 2663 903 2716 κατά
926 2662 1090 2733 φύσιν
1129 2661 1392 2732 ἑκατέρου
1430 2659 1681 2731 μένοντές
1712 2675 1771 2712 τε
1799 2659 1895 2712 καὶ

316 2757 638 2828 νοουμένου,
665 2755 808 2810 κατά
838 2771 903 2824 γε
934 2755 1023 2808 τὸν
1048 2755 1250 2824 ἀρτίως
1278 2755 1413 2824 ἡμῖν
1445 2751 1778 2808 ἀποδοθέντα
1803 2750 1895 2804 λό-

317 2868 454 2920 γον,
489 2849 746 2920 ἀρρήτως
795 2848 890 2900 καὶ
936 2847 1230 2916 ἀφράστως
1274 2844 1532 2910 ὲνωθεὶς,
1586 2844 1716 2916 μίαν
1763 2845 1895 2914 ἡμῖν

317 2941 521 3008 ἔδειξεν
554 2939 684 2994 Υἱοῦ
714 2939 904 3010 φύσιν·
939 2940 1103 3009 πλὴν,
1144 2937 1220 3001 ὡς
1249 2937 1408 3008 ἔφην,
1446 2935 1891 3008 σεσαρκωμένην.

317 3036 393 3090 Ού
427 3034 538 3106 γὰρ
581 3034 674 3087 ἐπὶ
713 3034 888 3104 μόνων
933 3032 1042 3085 τῶν
1084 3031 1272 3087 ἁπλῶν
1315 3031 1458 3085 κατά
1501 3029 1684 3100 φύσιν,
1731 3029 1794 3083 τὸ
1838 3027 1896 3082 ἓν

322 3125 541 3195 ἀληθῶς
585 3125 824 3194 λέγεται,
873 3125 1011 3180 ἀλλά
1051 3125 1146 3178 καὶ⁴
1192 3124 1284 3176 ἐπὶ
1315 3123 1422 3176 τῶν
1467 3123 1605 3176 κατά
1648 3120 1897 3175 σύνθεσιν

327 3216 700 3288 συνηγμένων·
723 3216 905 3270 όποῖὀν
926 3233 979 3269 τι
1000 3214 1191 3287 χρῆμά
1220 3215 1365 3267 ἐστιν
1393 3215 1421 3266 6
1439 3213 1744 3282 ἄνθρωπος,
1782 3211 1812 3263 6
1833 3212 1898 3264 ὲκ

325 3310 505 3380 ψυχῆς
533 3309 627 3362 καὶ
649 3307 920 3378 σώματος.
954 3305 1258 3378 Ἐτεροειδῆ
1290 3305 1387 3375 μὲν
1415 3304 1525 3375 γὰρ
1543 3303 1613 3357 τὰ
1647 3303 1894 3368 τοιαῦτα,
1927 3347 1969 3405 C

325 3400 420 3455 καὶ
451 3398 703 3469 ἀλλήλοις
733 3398 832 3468 οὐχ
868 3396 1131 3467 όμοούσια
1153 3435 1169 3458 ,
1205 3393 1475 3448 ἑνωθέντα
1503 3409 1568 3461 γε
1606 3393 1734 3463 μὴν,
1772 3392 1901 3462 μίαν

323 3486 617 3561 ἀνθρώπου
664 3487 824 3556 φύσιν
865 3487 1238 3541 ἀπετέλεσανο
1278 3484 1382 3538 κᾶν
1423 3486 1535 3547 τοῖς
1577 3482 1677 3551 τῆς
1717 3481 1903 3535 συνθὲ-

327 3597 466 3644 σεως
498 3580 676 3648 λόγοις
715 3579 998 3651 ὲνυπάρχῃ
1040 3577 1101 3630 τὸ
1132 3577 1391 3646 διάφορον
1426 3575 1569 3630 κατά
1609 3574 1707 3646 τὴν
1743 3573 1906 3643 φύσιν

327 3672 435 3725 τῶν
479 3672 559 3733 είς
608 3669 834 3740 ἑνότητα
875 3669 1418 3740 συγκεκομισμένων.
1454 3666 1905 3742 Περιττολογοῦσι

325 3763 508 3818 τοίνυν
540 3765 590 3816 οἱ
619 3763 870 3832 λέγοντες
895 3801 910 3827 ,
951 3763 1028 3826 ὡς
1059 3763 1216 3832 εἴπερ
1266 3761 1364 3831 μία
1401 3760 1562 3829 φύσις
1605 3760 1700 3814 τοῦ
1728 3760 1905 3828 Λόγου

330 3853 733 3925 σεσαρκωμένη
767 3853 854 3922 εἴη
876 3892 892 3916 ,
934 3853 1112 3922 πάντη
1144 3870 1206 3905 τε
1252 3852 1346 3904 καὶ
1373 3851 1590 3914 πάντως
1627 3851 1814 3904 ἕποιτο
1841 3850 1908 3904 ἂν

328 3944 390 4000 τὸ
418 3945 636 4014 φυρμδν
663 3942 918 4010 γενέσθαι
959 3944 1054 3997 καὶ
1100 3942 1426 4014 σύγκρασιν,
1464 3942 1539 4005 ὡς
1578 3943 1908 4012 μειουμένης

330 4035 428 4090 καὶ
477 4033 958 4104 ύποκλεπτομένης
1003 4034 1104 4104 τῆς
1157 4033 1446 4105 ἀνθρώπου
1495 4034 1726 4102 φύσεως.
1771 4033 1908 4088 Οὔτε

331 4126 444 4199 γὰρ
487 4125 785 4198 μεμείωται
814 4164 829 4189 ,
871 4124 996 4180 οὔτε
1044 4127 1190 4181 καθά
1237 4144 1422 4198 φησιν,
1481 4127 1902 4182 ὑποκλέπτεται·

331 4221 498 4290 ἀρκεῖ
532 4219 641 4289 γάρ
689 4218 824 4286 πρὸς
866 4212 1099 4290 δήλωσιν
1140 4219 1240 4290 τὴν
1283 4220 1642 4291 τελειωτάτην
1687 4219 1782 4273 τοῦ
1826 4221 1908 4274 ὅτι

333 4307 559 4382 γέγονεν
605 4310 919 4382 ἄνθρωπος,
967 4310 1029 4363 τὸ
1064 4310 1264 4379 λέγειν,
1309 4312 1392 4365 ὅτι
1440 4311 1803 4382 σεσάρκωται.
1847 4312 1909 4365 Et

339 4404 440 4476 μὲν
465 4403 578 4474 γάρ
612 4403 771 4457 τοῦτο
818 4403 1076 4473 σεσίγητο
1107 4404 1236 4475 παρ’
1267 4403 1448 4474 ήμῶν,
1494 4404 1650 4474 ἔσχεν
1694 4405 1759 4457 ἀν
1787 4422 1911 4458 τινα

337 4495 524 4569 χώραν
561 4496 748 4559 αὐτοῖς
776 4497 811 4566 ή
864 4496 1216 4564 συκοφαντία.
1255 4495 1473 4566 Ἐπειδὴ
1509 4496 1565 4549 δὲ
1597 4497 1912 4566 ἀναγκαίως

338 4589 844 4661 προσεπενήνεκται
865 4628 879 4649 ,
902 4587 962 4641 τὸ
981 4589 1061 4640 ὃτι
1089 4588 1460 4659 σεσάρκωται,
1489 4586 1592 4641 ποῦ
1618 4590 1718 4658 τῆς
1756 4587 1913 4660 μειὼ·

340 4697 479 4744 σεως
506 4681 626 4748 ἦτοι
665 4679 874 4749 κλοπῆς
901 4680 930 4731 6
956 4679 1154 4749 τρόπος
1176 4695 1190 4742 ;

1996 2093 2433 2166 permistionem,
2459 2100 2553 2146 aut
2579 2089 2978 2152 confusionem,
3003 2094 3098 2142 aut
3118 2082 3387 2156 ejusmodi
3415 2080 3564 2137 aliud

1997 2185 2266 2258 signiﬁcat
2299 2202 2311 2237 :
2339 2197 2521 2254 neque
2546 2181 2602 2238 id
2635 2196 2830 2238 rursus
2849 2185 3107 2249 tanquam
3149 2192 3218 2233 ex
3256 2173 3565 2230 necessaria

1999 2280 2212 2335 ratione
2244 2278 2356 2334 ullo
2388 2277 2551 2333 modo
2577 2282 2970 2345 consequetur.
2995 2271 3153 2336 Nam,
3174 2268 3392 2325 etiamsi
3425 2282 3580 2323 unus

1998 2373 2214 2428 dicatur
2244 2387 2274 2426 a
2299 2369 2463 2424 nobis
2487 2365 2804 2438 unigenitus
2831 2363 3006 2419 Filius
3045 2359 3144 2416 Dei
3170 2360 3489 2415 incarnatus
3513 2365 3565 2414 et

1999 2467 2164 2522 homo
2205 2463 2401 2527 factus,
2426 2476 2540 2516 non
2577 2467 2868 2531 propterea
2900 2454 3197 2526 permistus
3214 2460 3322 2516 est,
3373 2458 3434 2507 ut
3487 2449 3566 2504 illi

2000 2569 2214 2634 putant,
2274 2571 2455 2627 neque
2501 2554 2558 2608 in
2614 2551 2796 2606 carnis
2831 2557 3081 2604 naturam
3135 2544 3355 2600 transiit
3402 2541 3573 2598 Verbi

2000 2633 2215 2714 natura,
2273 2662 2454 2717 neque
2495 2657 2685 2699 rursus
2727 2648 2925 2696 natura
2969 2637 3152 2694 carnis
3199 2637 3255 2689 in
3281 2633 3446 2689 Verbi
3467 2648 3570 2687 ηασ-

2000 2753 2181 2799 turam
2217 2759 2229 2796 :
2257 2739 2375 2804 sed,
2405 2753 2530 2794 cum
2571 2744 2864 2802 utrumque
2894 2729 2950 2784 in
2980 2744 3078 2784 sua
3106 2727 3439 2798 proprietate
3467 2737 3568 2778 na-

2002 2836 2168 2893 turali
2197 2837 2517 2904 permaneat
2540 2838 2596 2882 et
2619 2822 3017 2884 consideretur,
3043 2819 3200 2889 juxta
3231 2815 3500 2870 rationem
3537 2827 3570 2868 ι

2003 2929 2163 2984 nobis
2184 2902 2348 2997 paulo
2368 2929 2494 2977 ante
2519 2917 2820 2978 redditam,
2839 2909 3193 2967 ineti‘abiliter
3251 2915 3308 2960 et
3334 2902 3568 2974 inexpli-

2003 3021 2254 3078 cabiliter
2277 3017 2516 3077 unitum,
2566 3024 2730 3064 unam
2759 3010 2920 3062 nonis
2951 3001 3074 3057 Filii
3103 3006 3352 3055 naturam
3381 3004 3566 3050 osten-

2003 3117 2104 3180 dit,
2131 3113 2248 3176 sed,
2276 3120 2337 3166 ut
2361 3108 2621 3167 diximus,
2659 3102 3017 3155 incarnatam.
3039 3095 3160 3150 Non
3187 3091 3334 3148 enim
3366 3089 3568 3159 ipsum,

2006 3222 2198 3270 unum,
2221 3205 2280 3259 in
2302 3202 2392 3255 his
2419 3197 2550 3253 solis
2567 3208 2688 3264 quae
2717 3187 3018 3248 secundum
3053 3193 3304 3240 naturam
3356 3176 3570 3248 simpli-

2006 3300 2091 3355 cia
2114 3302 2260 3357 sunt,
2285 3305 2413 3345 vere
2440 3285 2664 3348 dicitur,
2718 3279 2813 3336 sed
2875 3277 2932 3332 in
2959 3275 3064 3330 his
3101 3272 3266 3329 etiam
3295 3284 3415 3341 qua:
3444 3275 3574 3322 sunt

2007 3407 2102 3463 per
2127 3381 2582 3455 compositionem
2605 3374 2933 3445 conjuncta;
2965 3362 3270 3437 cuiusmodi
3301 3367 3385 3416 est
3407 3360 3573 3463 homo

2006 3450 2071 3540 ex
2103 3481 2285 3537 anima
2314 3481 2571 3531 constans
2601 3478 2658 3523 et
2681 3476 2932 3535 corpore.
2993 3459 3130 3514 Nam
3183 3450 3451 3525 ejusmodi
3483 3462 3574 3504 res

2007 3590 2133 3632 cum
2158 3569 2387 3627 alterius
2411 3566 2529 3622 sint
2544 3559 2770 3633 speciei,
2801 3565 2862 3611 et
2892 3551 3119 3608 minime
3156 3543 3403 3617 ejusdem
3430 3541 3573 3633 inter

2010 3684 2068 3724 se
2097 3664 2369 3726 essentiaa,
2399 3670 2581 3713 tamen
2611 3667 2735 3708 cum
2759 3647 2927 3703 unitas
2956 3648 3104 3705 sunt,
3137 3649 3302 3692 unam
3335 3628 3576 3687 hominis

2010 3768 2264 3815 naturam
2301 3751 2627 3813 absolvunt;
2672 3739 2920 3814 quamvis
2962 3733 3104 3792 adsit
3131 3730 3190 3784 in
3227 3721 3566 3795 compositio

2010 3855 2098 3908 nis
2141 3850 2355 3906 ratione
2408 3839 2742 3902 diﬁerentia,
2783 3829 3082 3890 secundum
3107 3831 3359 3879 naturam
3393 3829 3578 3908 rerum

2009 3942 2079 3998 ad
2141 3941 2412 3994 unitatem
2479 3923 2944 3986 concurrentium.
3005 3915 3356 3984 Supervacue

2011 4032 2406 4089 ratiocinantur
2426 4024 2522 4094 qui
2549 4024 2823 4079 asserunt,
2863 4013 2910 4068 si
2939 4024 3048 4065 una
3085 4005 3155 4061 sit
3186 4010 3381 4058 natura
3410 3993 3574 4050 Verbi

2012 4127 2314 4184 incarnata,
2350 4129 2579 4188 prorsus
2632 4104 2896 4175 consequi
2951 4095 3361 4172 permistionem
3412 4097 3577 4156 atque

2012 4215 2388 4274 confusionem
2440 4209 2638 4262 factam
2701 4201 2910 4262 fuisse,
2971 4191 3258 4248 imminuta
3313 4181 3576 4274 nimirum

2013 4319 2176 4378 atque
2204 4304 2486 4360 subtracta
2516 4291 2759 4350 hominis
2805 4296 3018 4344 natura.
3050 4283 3238 4350 Neque
3279 4275 3428 4331 enim
3477 4271 3568 4378 im:

2013 4361 2228 4458 minuta
2277 4408 2457 4464 neque
2509 4389 2788 4445 subtracta
2832 4389 2936 4445 est,
2981 4385 3042 4432 ut
3088 4373 3282 4428 aiunt:
3321 4380 3451 4422 nam
3508 4361 3578 4417 ad

2015 4491 2330 4566 plenissime
2355 4462 2744 4540 declarandum
2764 4472 2908 4544 quod
2938 4471 3008 4525 sit
3039 4467 3246 4566 factus"
3265 4462 3454 4560 homo,
3489 4470 3578 4556 sa:

2017 4549 2087 4640 iis
2113 4592 2196 4638 est
2217 4578 2377 4634 fateri
2406 4573 2541 4629 illud
2591 4570 2760 4624 fuisse
2810 4552 3316 4618 incarnatum.Hoc
3335 4549 3482 4604 enim
3533 4549 3581 4600 si

1946 4678 1991 4731 D
2021 4695 2052 4733 a
2082 4674 2239 4731 nobis
2269 4674 2568 4726 taceretur,
2601 4659 2868 4713 haberent
2891 4654 3071 4707 locum
3111 4645 3350 4715 aliquem
3384 4649 3581 4733 eorum

341 4724 476 4744 π...
513 4724 626 4748 .,---
667 4724 872 4749 -.η---.η
905 4724 928 4731 -
968 4724 1190 4749 -..νην
1946 4724 1983 4731 _
2021 4724 2052 4733 _
2082 4724 2233 4731 η---
2278 4724 2317 4726 ἡ.
2556 4724 2562 4726 .

337 4773 650 4830 calumniae.
704 4771 843 4828 Cum
896 4787 1031 4827 vero
1056 4772 1370 4827 necessario
1406 4771 1762 4844 subjunctum
1816 4780 1906 4840 sit,
1941 4774 2285 4829 incarnatum
2331 4773 2474 4822 esse,
2526 4753 2752 4808 Ubinam
2821 4745 2970 4800 unus
3029 4724 3581 4796 imminuuoni'mb'

339 4865 694 4947 ,ractionisve
725 4865 925 4921 modus
945 4865 1171 4922 relictus
1191 4874 1277 4921 est
1292 4866 1319 4918 ἲ

409 4961 486 5014 1".
515 4959 587 5011 Et
623 4959 875 5024 τέλειος,
922 4959 1096 5029 φησι,
1135 4959 1279 5026 Θεὸς
1307 4961 1342 5014 d
1370 4959 1626 5040 Xpthbc
1646 4999 1661 5023 ,
1691 4961 1793 5015 και
1823 4961 1917 5016 τέ-

2093 4952 2181 5008 lll.
2217 4948 2273 5004 Si
2303 4945 2564 5006 Christus,
2601 4935 2794 5007 inquit,
2849 4929 3104 5003 perfectus
3148 4921 3305 4983 Deus,
3344 4918 3582 4996 idemque

337 5009 881 5119 Jewc‘drapwxoc,d
903 5009 1581 5121 aiore;

2023 5046 2276 5119 perfectus
2309 5041 2462 5093 homo
2493 5028 2830 5100 intelligitur,
2864 5030 2912 5077 et
2940 5011 3394 5121 consubstantiaiis
3431 5009 3590 5064 Patri

337 5106 454 5214 μὲν
478 5106 565 5218 τῷ
599 5106 782 5209 ἀατρὶ
801 5106 980 5195 ’κατά
1023 5106 1148 5210 ttin-
1178 5106 1463 5211 θεότητά,
1503 5106 1654 5197 κιττά
1692 5141 1763 5196 δὲ
1795 5106 1899 5210 τὴὲ

2019 5106 2301 5195 εεριιηάιιηι
2334 5129 2684 5185 divinitatem,
2731 5114 3016 5174 secundum
3043 5106 3428 5164 humanitatem
3462 5117 3586 5156 vero

2623 5217 2629 5218 ί
2757 5212 2803 5218 --
3014 5209 3026 5218 ι
3103 5198 3298 5218 μέλ---.3-
3355 5195 3394 5218 -2
3422 5194 3558 5218 L-_.:

340 5232 771 5299 ἀνθρωπότητα
820 5232 1142 5301 ὀμοούσιος
1186 5234 1352 5304 ἡμῖν,
1393 5232 1511 5288 ποῦ
1556 5234 1623 5288 τὸ
1660 5231 1913 5296 τέλειον,

2022 5194 2485 5288 consubstantiatis
2513 5217 2679 5279 nobis,
2714 5212 2932 5266 ubinam
2953 5209 3028 5258 est
3053 5198 3322 5272 perfectio,
3349 5194 3572 5288 sinomi-

341 5327 393 5376 si
416 5323 630 5393 μηκέτι
656 5286 1009 5395 «ἐφέσιὶηκεν
1033 5327 1071 5395 τι
1097 5286 1418 5397 ire}ng
1442 5286 1628 5397 φύσις
1648 5286 1899 5410 πέδω

2022 5286 2103 5379 nis
2137 5329 2331 5375 natura
2365 5329 2471 5367 non
2495 5303 2765 5365 substitit?
2795 5298 2889 5355 Ubi
2920 5296 3079 5350 etiam
3118 5290 3300 5344 eadem
3323 5286 3584 5340 nobiscum

2404 5407 2414 5410 -
2450 5406 2460 5410 -
2533 5402 2545 5410 -
2703 5397 2714 5407 -
2836 5387 3054 5410 --.L-.:.:.
3103 5382 3317 5410 ---ηομ
3387 5378 3478 5410 ιιι...
3514 5384 3584 5410 ραι

343 5417 446 5470 καί
485 5417 552 5471 τὸ
585 5419 909 5486 όμοούσιον
956 5419 1120 5488 ἡμῖν,
1151 5435 1205 5474 ει
1241 5418 1454 5490 μηκέτι
1494 5418 1840 5491 ὑφέστηκεν
1876 5418 1916 5486 ή

345 5508 545 5572 οὐσία,
575 5507 722 5576 ὅπερ
751 5510 923 5566 ἐστὶν
950 5511 990 5580 ἡ
1017 5513 1204 5581 φύσις
1232 5511 1442 5582 ἡμῶνὶ

430 5602 619 5674 ’Δρκιϊ
648 5603 747 5656 καὶ
769 5603 980 5670 τούτοις
1003 5606 1083 5669 είς
1103 5604 1432 5677 διασάφησιν
1453 5604 1488 5676 ή
1511 5605 1602 5659 ἰπὶ
1629 5602 1708 5675 τῷ
1729 5619 1922 5678 ειιροκτε⁸

420 5801 466 5836 ⁵⁸
495 5801 662 5858 Mich.
701 5815 777 5861 In.
807 5799 838 5854 9

2022 5411 2336 5472 substantia,
2371 5407 2416 5460 si
2443 5402 2546 5474 ipsi
2571 5415 2678 5453 non
2687 5397 2806 5466 jam
2826 5387 3054 5445 substitit
3098 5382 3340 5444 essentia,
3384 5378 3478 5432 hoc
3514 5384 3586 5427 est

2026 5514 2203 5562 nostra
2235 5507 2430 5555 natura
2454 5495 2478 5548 1’

2097 5595 2178 5650 Ad
2224 5591 2422 5648 horum
2477 5594 2696 5656 quoque
2735 5571 3162 5633 declarationem
3209 5560 3345 5621 satis
3389 5564 3477 5613 est
3521 5568 3585 5609 ea
