4126 6314
561 378 667 439 963

1578 366 1637 424 S.
1675 364 1954 423 CYRILLI
1986 360 2465 422 ALEXANDMNY
2491 358 2809 424 Dicm.

3707 362 3820 420 σει

561 509 688 567 qua
715 490 783 547 ad
837 503 1094 560 superius
1134 492 1297 556 caput
1344 484 1503 539 allata
1536 493 1624 538 est
1658 483 1878 546 solutio,
1922 496 2020 538 seu
2050 495 2141 536 re-

2245 481 2496 553 ταγμένῳ
2538 481 2830 554 κεφαλαίῳ·
2862 480 3044 549 λύσις,
3075 482 3244 567 ἤγουν
3280 482 3563 554 ἀπολογία.
3614 482 3686 538 Εἰ⁵
3711 485 3817 558 μὶν

562 583 804 658 sponsio.
825 581 963 638 Nam
987 580 1034 636 si
1059 577 1305 634 dicentes
1335 591 1500 631 unam
1544 573 1710 630 Verbi
1739 582 2014 637 naturam,
2043 579 2127 626 ta-

561 677 871 733 cuissemus
890 687 956 728 ac
979 670 1206 726 minime
1231 667 1689 740 adjunxissemus,
1737 663 1898 737 ιω
1944 664 2127 718 i‘ncar-

561 777 771 834 natam,
796 767 1020 824 excluso
1051 760 1449 835 pr0pemodum
1478 757 1905 829 dispensationis
1930 762 2132 828 myste-

562 861 671 925 rio,
694 866 839 917 esset
864 858 1082 913 illorum
1106 854 1336 909 fortasse
1363 850 1541 905 oratio
1596 864 1707 905 non
1739 848 1945 920 inepta,
1998 847 2131 903 dum

564 951 910 1022 interrogare
932 963 991 1004 se
1013 945 1271 1004 simulant
1298 961 1310 996 :
1335 941 1566 998 Ubinam
1600 950 1686 998 est
1710 941 1764 994 in
1789 939 2131 994 humanitate

563 1041 852 1114 perfectio,
869 1048 962 1094 aut
979 1034 1254 1108 quomodo
1270 1032 1515 1089 substitit
1536 1031 1628 1085 illa
1648 1037 1836 1085 nostra
1858 1027 2135 1084 essentia?

567 1133 676 1191 Sed
705 1135 831 1205 quia
853 1140 909 1187 et
929 1130 1018 1185 illa
1051 1130 1108 1184 in
1132 1127 1475 1182 humanitate
1513 1123 1804 1196 perfectio,
1850 1129 1913 1176 et
1941 1135 2133 1176 essen-

567 1231 660 1281 ηε
678 1231 878 1280 nostra:
899 1220 1218 1284 declaratio,
1259 1217 1419 1272 illata
1431 1224 1516 1272 est
1536 1215 1666 1271 dum
1694 1215 1932 1269 dicimus
1953 1212 2137 1266 incar-

567 1325 772 1381 natam,
806 1315 1062 1370 desinant
1097 1311 1295 1368 hacuio
1343 1309 1508 1365 inniti
1541 1306 1868 1363 arundineo.
1898 1304 1950 1359 Is
1990 1304 2141 1359 enim

563 1409 661 1479 qui
673 1408 993 1464 excluderet
1019 1393 1451 1476 dispensationis
1479 1401 1824 1474 mysterium,
1885 1400 2139 1454 incarna-

564 1498 885 1569 tionemque
908 1503 1153 1568 negaret,
1184 1496 1311 1566 jure
1338 1493 1560 1564 coargui
1585 1500 1773 1562 posset
1790 1499 2067 1558 -tanquam
2109 1502 2141 1542 a

567 1589 708 1645 Filio
747 1589 1046 1660 perfectam
1095 1585 1491 1641 humanitatem
1533 1582 1797 1638 auferret.
1841 1579 2044 1643 Sed'si,
2081 1587 2148 1634 ut

563 1679 675 1748 jam
703 1678 838 1742 dixi,
861 1678 916 1733 in
941 1693 1008 1733 eo
1032 1676 1178 1747 quod
1195 1673 1716 1729 illum'incarnatum
1737 1685 1860 1727 esse
1882 1670 2139 1731 dicimus,

569 1772 854 1842 perspicua
874 1779 931 1826 et
956 1777 1106 1824 certa
1142 1764 1417 1823 confessio
1437 1765 1778 1826 continetur,
1808 1778 1917 1833 qua
1974 1762 2142 1816 etiam

569 1837 844 1918 hominem
869 1875 990 1916 esse
1015 1859 1218 1915 factum
1262 1856 1610 1929 profitemur,
1644 1855 1786 1909 nihil
1827 1855 1941 1925 jam
1976 1853 2141 1908 intel-
2171 1837 2214 1893 Β

567 1953 738 2025 iigere
761 1951 1040 2023 prohibet,
1072 1947 1375 2012 Christum,
1404 1962 1530 2002 cum
1572 1946 1646 2000 sit
1694 1961 1839 2000 unus
1877 1959 1942 1999 ac
1993 1944 2143 1998 solus

567 2041 733 2106 illius,
747 2039 1002 2096 eumdem
1019 2039 1192 2095 Deum
1215 2053 1338 2093 esse
1352 2046 1410 2093 et
1429 2036 1731 2100 hominem,
1756 2035 1892 2090 utin
1915 2033 2139 2097 deitate,

566 2133 643 2189 ita
672 2133 837 2188 etiam
869 2133 927 2189 in
950 2130 1292 2186 humanitate
1324 2129 1650 2200 perfectum.
1683 2126 2008 2182 Rectissime
2041 2142 2142 2181 au-

567 2233 678 2281 tem
710 2241 773 2281 ac
797 2224 1201 2294 sapientissime
1240 2231 1335 2277 tua
1361 2221 1653 2293 prudentia
1676 2221 1945 2274 rationem
1992 2218 2139 2273 salu-

567 2315 743 2371 tiferae
786 2314 1058 2386 passionis
1079 2314 1354 2383 exposuit,
1401 2311 1743 2383 unigenitum
1791 2311 1888 2365 Dei
1939 2310 2140 2365 Filium

568 2421 680 2462 non
708 2423 777 2462 ex
795 2422 862 2463 eo
885 2405 1032 2477 quod
1055 2404 1378 2474 intelligitur
1403 2414 1462 2458 et
1482 2413 1566 2459 est
1585 2405 1751 2466 Deus,
1783 2403 1841 2457 in
1876 2417 1984 2456 sua
2035 2418 2138 2456 na-

569 2507 694 2553 tura
721 2498 1047 2554 sustinuisse
1095 2496 1348 2566 corporis
1378 2497 1664 2566 passiones
1693 2494 1989 2559 aﬂirmans,
2041 2493 2146 2548 sed-

568 2606 788 2663 passum
811 2591 996 2662 potius
1022 2588 1273 2645 terrestri
1299 2596 1494 2643 natura
1524 2605 1539 2654 ;
1567 2603 1696 2643 nam
1721 2588 1816 2642 uni
1849 2596 1906 2643 et
1938 2602 2144 2642 secun-

567 2682 700 2737 dum
728 2682 1019 2738 veritatem
1037 2681 1177 2736 Filio
1209 2689 1509 2750 utrumque
1553 2680 1868 2735 necessario
1909 2694 2138 2734 servan-

570 2774 701 2830 dum
743 2773 870 2839 fuit,
917 2781 980 2830 ut
1025 2782 1083 2829 et
1132 2773 1359 2828 minime
1403 2781 1688 2843 pateretur
1735 2771 2037 2837 divinitus,
2087 2777 2143 2826 et

570 2878 765 2936 passus
779 2864 1058 2920 diceretur
1083 2862 1402 2918 humanitus
1429 2879 1451 2918 :.
1465 2863 1639 2933 ipsius
1661 2862 1810 2918 enim
1831 2877 1961 2917 caro
1983 2877 2142 2932 passa

571 2963 674 3010 est.
711 2953 816 3010 Sed
860 2954 939 3010 illi
968 2969 1188 3009 rursum
1232 2953 1594 3018 arbitrantur,
1653 2967 1754 3024 per
1789 2953 1897 3008 hoc
1919 2968 1952 3007 a
1982 2952 2144 3006 nobis

571 3049 720 3106 illam
748 3062 871 3118 quas
892 3046 1035 3116 apud
1051 3061 1148 3102 eos
1172 3045 1535 3117 Theopathia,
1561 3045 1668 3101 hoc
1689 3053 1795 3108 est,
1822 3045 1920 3100 Dei
1942 3045 2138 3116 passio,

573 3141 798 3205 dicitur,
829 3139 1017 3195 induci
1056 3154 1277 3209 :neque
1314 3139 1626 3209 intelligunt
1658 3138 1976 3210 mysterium
2026 3137 2140 3193 dis-

574 3231 931 3302 pensationis,
1003 3231 1100 3286 sed
1161 3230 1432 3285 malitiose
1476 3229 1771 3285 admodum
1829 3229 2152 3285 adnituntur

575 3326 632 3380 in
656 3325 937 3380 hominem
963 3324 1186 3396 proprie
1219 3325 1518 3381 transferre
1547 3325 1882 3395 passionem,
1922 3325 2152 3381 damno-

575 3433 689 3474 sam
700 3419 956 3490 pietatem
971 3418 1351 3490 imprudenter
1375 3418 1721 3483 affectantes,
1755 3426 1816 3473 ut
1834 3434 1946 3473 non
1973 3419 2150 3489 ipsum

575 3509 674 3566 Dei
698 3510 938 3566 Verbum
964 3509 1323 3565 conﬂteamur
1355 3509 1714 3576 Salvatorem,
1769 3518 1957 3582 utpote
2003 3510 2150 3580 quod

575 3596 853 3668 pronobis
873 3597 1157 3670 proprium
1185 3599 1506 3669 sanguinem
1555 3599 1790 3665 dederit,
1839 3600 1936 3657 sed
1985 3601 2150 3658 homo

575 3688 674 3760 qui
703 3691 926 3761 proprie
950 3705 1016 3746 ac
1040 3690 1266 3745 seorsim
1286 3691 1666 3747 consideretur
1693 3692 1884 3758 Filius,
1929 3692 1987 3748 id
2021 3709 2149 3764 per-

575 3780 775 3840 fecisse
802 3781 1036 3839 dicatur.
1086 3783 1291 3838 Verum
1339 3783 1433 3854 qui
1480 3783 1555 3839 ita
1609 3785 1873 3851 sentiunt,
1932 3800 2151 3841 omnem

584 3873 737 3930 illius
756 3889 881 3931 cum
901 3890 1065 3931 carne
1087 3874 1515 3946 dispensationis
1525 3874 1790 3931 rationem
1807 3875 2150 3941 concutiunt,

578 3972 943 4037 nostrumque
991 3967 1310 4039 mysterium
1333 3967 1582 4022 divinum
1628 3967 1698 4022 ad
1731 3967 1971 4024 hominis
2012 3968 2150 4024 ado-

580 4056 737 4114 randi
790 4058 1000 4117 cultum
1056 4059 1202 4114 haud
1255 4060 1489 4116 obscure
1545 4059 1924 4115 transferunt:
1975 4075 2155 4132 neque

580 4149 718 4210 illud
743 4151 1095 4208 considerant
1131 4153 1278 4223 quod
1302 4153 1482 4224 ipsum
1508 4170 1576 4209 ex
1612 4153 1816 4209 Iudaeis
1854 4154 2155 4210 secundum

582 4256 824 4308 carnem,
855 4243 910 4300 id
939 4254 1046 4308 est,
1070 4244 1248 4316 ipsum
1270 4260 1337 4299 ex
1362 4245 1635 4300 Abraham
1655 4255 1712 4300 et
1729 4246 1880 4302 Jesse
1903 4256 1959 4303 et
1986 4247 2156 4302 David

583 4335 795 4393 semine
813 4335 1114 4401 Christum,
1139 4345 1196 4392 et
1240 4336 1532 4392 Dominum
1579 4337 1764 4408 gloria:
1791 4339 1854 4401 “,
1882 4349 1940 4394 et
1987 4340 2156 4394 Deum

583 4425 933 4486 benedictum
957 4429 1013 4486 in
1037 4432 1255 4496 secula,
1285 4439 1342 4487 et
1364 4447 1531 4502 super
1552 4433 1759 4495 omnia,
1796 4433 1989 4488 beatus
2014 4435 2156 4488 Pau-

2229 572 2338 642 γάρ
2369 572 2496 642 μίαν
2517 572 2760 636 εἰπόντες
2780 571 2881 643 τὴν
2907 572 3069 642 φύσιν
3085 565 3181 626 τοῦ
3207 573 3382 641 Λόγου
3418 573 3816 645 σεσιγήκαμεν,

2229 665 2335 716 οὐκ
2363 663 2748 732 ἔπενεγκόντες
2790 663 2877 728 τὸ,
2915 663 3378 737 σεσαρκωμένην,
3411 664 3539 719 ἀλλ’.
3566 661 3685 720 οἷον
3708 663 3818 730 ἔξω

2231 754 2416 820 θέντες
2445 756 2543 827 τὴν
2579 755 2911 828 οἰκονομίαν,
2952 750 3021 828 ἢν
3061 756 3246 820 αὐτοῖς
3273 756 3412 825 τάχα
3447 773 3552 810 που
3584 756 3685 811 καῖ
3712 757 3819 810 οὐκ

2231 846 2494 912 ἀπίθανος
2519 849 2548 902 ό
2574 847 2751 918 λόγος,
2797 850 3291 920 προσποιουμένοις
3334 849 3544 921 ἐρωτᾷν
3563 865 3578 878 ·
3614 847 3724 902 Ποῦ
3753 847 3820 902 es

2231 927 2435 997 τέλειον
2456 944 2514 996 ἐν
2533 941 2928 1014 άνθρωπότητι,
2953 941 2988 1014 ἢ
3013 943 3132 1006 πῶς
3151 943 3455 1014 ὑφέστηκεν
3479 943 3514 1014 ἡ
3532 940 3651 995 καθ’
3666 942 3822 1012 ἡμᾶς

2231 1031 2422 1099 οὐσίας
2464 1033 2683 1106 Ἐπειδὴ
2711 1032 2768 1087 δὲ
2796 1033 2892 1087 καὶ
2919 1034 2953 1103 ἡ
2993 1032 3055 1086 ιν
3098 1032 3477 1104 άνθρωπότητι
3505 1032 3822 1101 τελειότηςι

2235 1123 2328 1174 καὶ
2351 1123 2452 1192 τῆς
2480 1122 2604 1176 καθ’
2631 1123 2781 1194 ἡμᾶς
2807 1122 2990 1185 οὐσίας
3019 1123 3059 1193 ἠ
3090 1121 3344 1192 δήλωσις,
3393 1121 3816 1192 εἰσκεκόμισται

2235 1211 2323 1265 διὰ
2354 1211 2449 1264 τοῦ
2482 1211 2662 1281 λέγειν
2701 1210 3150 1283 σεσαρκωμένην,
3195 1209 3602 1265 παυσάσθωσαν
3640 1208 3818 1267 καλα-

2242 1302 2405 1375 μίνην
2435 1303 2631 1374 ῥάϐδον
2655 1305 2868 1368 ἑαυτοῖς
2895 1305 3324 1374 ὑποστήσαντες.
3352 1302 3598 1377 τοῦιγὰρ
3618 1302 3788 1358 ικσάλ

2239 1397 2422 1460 λοντος
2451 1395 2552 1466 τὴν
2588 1396 2925 1466 οἰκονομίαν,
2961 1397 3057 1451 καὶ
3103 1380 3439 1468 ἀρνουμένου
3469 1396 3567 1467 τὴν
3593 1397 3820 1469 σάρκιν-

2245 1505 2346 1550 σιν,
2380 1483 2450 1560 ἦν
2492 1488 2556 1540 τὸ
2607 1487 2958 1556 ἐγκαλεῖσθαι
3015 1488 3241 1552 δικαίως
3274 1487 3678 1560 ἀφαιρουμένου
3721 1487 3826 1542 τὸν

2243 1582 2368 1634 Υἰὺν
2398 1581 2497 1652 τῆς
2523 1581 2746 1645 τελείας
2777 1580 3230 1654 άνθρωπότητος.
3266 1583 3330 1636 Εἰ
3357 1582 3436 1646 δὲ,
3465 1581 3541 1646 ὥς
3567 1580 3726 1654 ἔφην,
3754 1581 3822 1635 ιν

2243 1675 2321 1744 τῷ
2353 1670 2734 1744 πσαρκῶσθαι
2762 1671 2945 1742 λέγειν
2971 1673 3157 1737 αὐτὸν,
3201 1676 3379 1744 σαφής
3416 1689 3478 1726 τε
3517 1672 3614 1726 καὶ
3637 1673 3821 1744 ἀναμ-

2245 1765 2458 1835 φίϐολος
2485 1765 2519 1835 ἠ
2548 1763 2811 1836 ὁμολογία
2830 1762 2946 1828 τοῦ,
2973 1763 3056 1818 δτι
3086 1765 3310 1835 γέγονεν
3337 1764 3642 1835 ἄνθρωπος,
3665 1763 3824 1820 obob

2244 1855 2324 1909 ἔτι
2358 1853 2566 1909 κωλύει·
2583 1857 2746 1920 νοεῖν,
2780 1854 2856 1917 ὡς
2895 1850 2978 1919 εἷς
3011 1854 3278 1929 ὑπάρχων
3307 1856 3403 1911 καί
3436 1856 3595 1929 μόνος
3632 1855 3763 1923 me
3787 1856 3826 1911 ὅ

2242 1947 2498 2020 Χριστὸς,
2538 1948 2697 2012 αὐτὸς
2735 1946 2867 2013 Θεός
2905 1949 3022 2002 ἐστι
3058 1948 3152 2002 καὶ
3182 1947 3502 2020 ἄνθρωπος,
3533 1947 3721 2021 ὥσπερ
3757 1949 3825 2002 ιν

2244 2033 2456 2106 θεότητι
2491 2035 2731 2100 τέλειος,
2771 2035 2914 2092 οὕτω
2947 2037 3050 2092 καὶ-
3080 2039 3141 2092 ἒν
3182 2037 3586 2110 ἀνθρωπότητι.
3629 2037 3824 2110 Ὀρθό-

2242 2145 2378 2182 τατα
2409 2128 2469 2181 δὲ
2512 2129 2608 2184 καὶ
2650 2128 2794 2182 πάνυ
2837 2129 3077 2193 συνετῶς
3103 2132 3138 2201 ἠ
3167 2129 3234 2202 σὴ
3268 2129 3544 2203 τελειότης
3565 2130 3660 2197 τὸν
3689 2131 3827 2203 περὶ

2240 2220 2338 2273 τοῦ
2369 2221 2638 2292 σωτηρίου
2683 2221 2889 2285 πάθους
2926 2220 3229 2276 ὲκτέθειται
3264 2220 3423 2290 λόγον
3444 2238 3457 2250 ·
3519 2222 3621 2276 οὐκ
3655 2221 3824 2278 αὐτὸν

2240 2312 2333 2365 τὸν
2376 2311 2642 2382 μονογενῆ
2667 2311 2761 2365 τοῦ
2805 2311 2942 2366 Θεοῦ
2979 2313 3110 2366 Υἰδν
3147 2312 3290 2367 καθὸ·
3328 2315 3532 2368 νοεῖται
3573 2314 3674 2368 καί
3699 2313 3824 2368 ἔστι

2240 2405 2395 2470 Θεὸς,
2417 2406 2608 2460 παθεῖν
2623 2408 2704 2469 εἰς
2725 2405 2862 2460 ἰδίαν
2883 2406 3044 2476 φύσιν
3059 2406 3127 2461 τά
3144 2405 3393 2478 σώματος
3412 2406 3822 2479 ἰσχυριζομένη,

2240 2497 2436 2552 παθεῖν
2479 2497 2538 2551 δὲ
2584 2496 2787 2569 μᾶλλον
2828 2500 2894 2569 τῇ
2923 2501 3084 2571 χοῖκῇ
3119 2497 3281 2568 φύσει
3305 2514 3320 2530 ·
3359 2497 3466 2552 ἔδει
3495 2498 3603 2570 γὰρ
3647 2499 3824 2568 άναγ-

2241 2591 2412 2654 καίως
2435 2589 2722 2662 ἀμφότερα
2753 2587 3021 2653 σώζεσθαι
3050 2590 3129 2661 τῷ
3159 2590 3240 2643 ἑνὶ
3265 2591 3360 2644 καὶ
3398 2591 3541 2646 κατὰ
3561 2589 3827 2661 ἀλήθειαν

2241 2682 2377 2753 Υἰῷ,
2411 2682 2584 2738 καὶετὸ
2613 2681 2689 2754 μὴ
2724 2682 2954 2752 πάσχειν
2978 2681 3198 2747 θεῖκῶς,
3227 2682 3404 2736 καὶτὸ
3432 2680 3688 2751 λέγεσθαι
3712 2698 3827 2736 πα-

2243 2774 2360 2829 θεῖν
2387 2772 2746 2845 ἀνθρωπίνως
2764 2787 2779 2802 ⁶
2806 2773 2841 2844 ἠ
2867 2771 3030 2826 αὐτοῦ
3057 2771 3168 2843 γὰρ
3191 2772 3425 2826 πέπονθε
3465 2771 3623 2844 σάρξ.
3675 2761 3836 2827 Ἀλλ’

2241 2867 2455 2921 οῖονταο
2478 2863 2640 2919 πάλιν
2687 2865 2884 2917 ἐκεῖνοι
2931 2861 3032 2934 τὴν
3068 2862 3416 2933 καλουμένην
3463 2863 3596 2934 παρ’
3635 2861 3826 2928 αὐτοῖς

2241 2956 2612 3023 Θεοπάθειαν,
2645 2956 2795 3028 ἡμᾶς
2851 2953 3137 3025 εἰσφέρειν
3174 2952 3263 3007 διὰ
3302 2953 3495 3006 τούτου
3518 2970 3536 2986 ο
3581 2953 3682 3007 καὶ
3720 2953 3828 3007 οὐκ

2243 3049 2486 3104 ὲννοοῦσι
2516 3047 2616 3120 τὴν
2638 3045 2973 3117 οἰκονομίαν,
2997 3043 3411 3117 κακουργότατα
3441 3044 3498 3098 δὲ
3522 3044 3826 3116 πειρῶνται

2177 3173 2220 3230 c
2255 3142 2513 3215 μεθιστᾷν
2543 3143 2621 3205 εἰς
2657 3139 2946 3211 ἄνθρωπον
2979 3137 3162 3203 ἰδικῶς
3207 3139 3270 3192 τὸ
3297 3137 3470 3230 πάθος
3495 3153 3510 3168 ⁸
3537 3136 3828 3230 eodem?

2250 3235 2537 3306 ἐπιζήμιον
2586 3232 2863 3297 ἀσυνέτως
2903 3231 3347 3303 ἐπιτηδεύοντες,
3384 3229 3471 3283 ἵνα
3529 3229 3605 3301 μὴ
3659 3228 3825 3284 δ-τοῢ

2249 3327 2386 3382 Θεοῦ
2412 3328 2582 3397 Λόγος
2605 3324 2931 3397 ὁμολογῆται
2949 3323 3160 3395 Σωτὴρ,
3179 3323 3256 3385 ὡς
3275 3322 3338 3375 rb’
3350 3322 3481 3377 ἴδιον
3500 3322 3643 3393 ὑπὲρ
3662 3320 3828 3393 ἡμῶν

2248 3415 2388 3491 αἷμα
2415 3419 2571 3486 δοῦς’
2610 3417 2726 3472 ἀλλ’
2770 3415 2859 3470 ῐνα
2897 3415 3097 3487 μᾶλλον
3142 3413 3428 3486 ἄνθρωπος
3473 3411 3658 3478 ἰδικῶς
3681 3453 3696 3475 ,
3727 3412 3854 3468 ναὶ.

2249 3510 2370 3564 καθ’
2400 3508 2588 3562 ἑαυτὸν
2614 3508 2900 3579 νοούμενος
2933 3507 3085 3571 Υἰδς,
3109 3504 3269 3560 τοῦτο
3295 3505 3522 3574 λέγηται
3545 3503 3830 3575 κατορθῶ-

2250 3619 2360 3655 σαι.
2395 3600 2688 3655 Κατασείει
2717 3601 2773 3655 δὲ
2808 3600 2871 3655 τὸ
2898 3598 3042 3654 οὓτω
3065 3599 3282 3672 φρονεῖν
3313 3597 3532 3652 ἅπαντα
3561 3597 3661 3667 τῆς
3685 3595 3827 3668 μετὰ

2251 3694 2453 3766 σαρκὸς
2476 3690 2789 3763 οἰκονομίας
2818 3691 2911 3747 τὸν
2935 3689 3116 3760 λόγον,
3150 3689 3246 3744 καὶ
3279 3687 3340 3742 τὸ
3361 3688 3504 3742 θεῖον
3528 3686 3686 3758 ἡμῶν
3717 3692 3837 3757 μυ-’

2251 3790 2474 3859 στήριον
2495 3787 2575 3850 εἰς
2604 3785 2834 3856 δύναμιν
2863 3781 3346 3856 άνθρωπολατρίας
3380 3781 3828 3853 παραστήσουσιν

2251 3877 2352 3930 οὐκ
2374 3875 2738 3947 άσυμφανῶς·
2770 3874 2864 3927 καὶ
2882 3873 2982 3928 οὐκ
3013 3871 3285 3926 ἐννοοῦσιν
3323 3873 3428 3936 ὅτι,
3459 3871 3551 3925 τδν
3581 3870 3640 3938 ἐξ
3682 3871 3820 3925 του-

2251 3968 2416 4022 δαίων
2456 3966 2601 4022 κατά
2644 3967 2843 4038 σάρκα,
2886 3964 3034 4020 τοῦτ’
3073 3965 3214 4032 ἐστι,
3250 3965 3344 4019 τὸν
3396 3965 3462 4018 ὲκ
3506 3965 3829 4035 σπέρματος

2266 4060 2521 4132 Ἀϐραὰμ
2548 4061 2642 4114 καί
2682 4059 2883 4113 Ἰεσσαὶ
2908 4058 3005 4114 καὶ
3028 4057 3192 4112 Δασίδ
3212 4057 3463 4130 Χριστδν,
3497 4057 3595 4110 καὶ
3618 4055 3829 4127 Κύριον

2253 4155 2353 4222 τῆς
2383 4151 2561 4222 δόξης,
2603 4151 2698 4205 καὶ
2720 4150 2853 4205 Θεὸν
2892 4149 3184 4221 εὐλογητδν
3209 4149 3288 4213 εἰς
3311 4149 3441 4211 τοὺς
3465 4147 3689 4209 αἰῶνας,
3726 4147 3829 4202 καὶ

2255 4249 2348 4302 ἐπὶ
2372 4249 2572 4308 πάντα.
2615 4249 2644 4302 ὁ
2675 4248 2944 4320 μακάριος
2975 4245 3078 4316 ἔφη
3108 4244 3342 4308 Παῦλος,
3382 4243 3512 4297 ίδιον
3537 4242 3830 4313 άποφηνας

2255 4343 2347 4398 τοῦ
2397 4345 2570 4412 Λόγου
2607 4344 2668 4396 τὸ
2703 4344 2884 4414 σῶμα,
2914 4342 2974 4396 τὸ
2993 4339 3070 4411 τῷ
3119 4339 3258 4410 ξύλῳ
3315 4332 3690 4408 προσηλωθὶν,
3727 4335 3828 4390 καὶ

2256 4435 2404 4504 αὐτῷ
2437 4436 2527 4488 τὸν
2569 4436 2800 4503 σταυρὸν
2819 4435 2908 4488 διά
2927 4431 3085 4487 τοῦτο
3117 4429 3462 4503 προσνέμων.

583 4520 674 4576 ius
695 4523 928 4577 asseruit
954 4523 1025 4587 ⁸⁷,
1080 4523 1361 4594 proprium
1407 4539 1531 4579 esse
1597 4525 1960 4595 pronuntians
1986 4525 2146 4580 Verbi
2187 4543 2387 4597 corpus
2425 4527 2572 4598 ligno
2592 4526 2881 4591 sufﬁxum,
2925 4540 2990 4580 ac
3025 4540 3124 4596 per
3170 4523 3277 4578 hoc
3337 4520 3440 4592 ipsi
3473 4521 3655 4577 Verbo
3699 4533 3826 4576 cru-

585 4628 705 4670 cem
738 4616 1061 4672 attribuens.

649 4705 739 4763 IV.
783 4705 1026 4776 ϐοτῆρονὶ
1055 4710 1216 4763 etiam
1261 4708 1412 4764 aliud
1436 4711 1687 4781 quiddam
1738 4728 1845 4766 esse
1898 4723 2146 4781 praeterea

2330 4712 2401 4762 A'.
2454 4705 2748 4762 Μανθάνω
2777 4704 2876 4766 δὲ,
2924 4703 3011 4756 ὅτι
3049 4702 3148 4757 καὶ
3180 4699 3385 4768 ἕτερόν
3419 4717 3474 4753 τι
3507 4697 3658 4769 πρὸς
3687 4699 3829 4755 τού⁹

583 4797 723 4866 quod
765 4807 1057 4869 queratur.
1093 4799 1233 4855 Nam
1275 4803 1365 4872 qui
1409 4800 1531 4855 dicit
1582 4801 1865 4855 Dominum
1918 4811 2154 4856 nostrum

584 4888 730 4944 suda
759 4888 1155 4960 solaquecarue
1179 4908 1410 4960 passum,
1471 4894 1890 4947 irrationabitem
1951 4904 2000 4946 et
2051 4911 2154 4949 non

584 4991 930 5058 spontaneum
940 4984 1055 5053 ejus
1075 4986 1256 5038 asserit
1275 4985 1755 5057 passionemlﬁs
1776 4985 1832 5041 Si
1845 4989 1958 5058 quis
1977 4998 2155 5041 autem

585 5054 814 5137 dixerit:
816 5090 933 5128 eum
957 5091 1077 5129 cum
1099 5054 1281 5129 anima
1297 5054 1876 5147 intelligertte‘passum‘,
1908 5086 1964 5128 ut
1983 5078 2156 5147 passio

585 5167 655 5221 sit
685 5173 1000 5234 spontanee,
1025 5167 1354 5220 tantumdem
1398 5177 1471 5220 est
1509 5183 1570 5219 ac
1600 5169 1646 5219 si
1688 5167 1828 5220 dicat
1859 5169 1914 5220 in
1963 5176 2156 5221 natura

585 5237 933 5311 huiuanitatis
969 5257 1126 5325 fuisse
1147 5275 1379 5328 passum.
1414 5256 1563 5322 Quod
1594 5259 1638 5312 si
1660 5274 1840 5313 verum
1886 5269 1981 5323 est,
2025 5278 2156 5330 quo-

590 5335 950 5420 modo‘negari
973 5357 1137 5420 potest
1167 5349 1298 5402 duas
1333 5359 1554 5402 naturas
1583 5358 1694 5420 post
1724 5350 1967 5402 unionem
2016 5351 2153 5405 indi-

589 5440 694 5494 vise
718 5439 1044 5495 subsistere?
1081 5440 1265 5510 Itaque
1292 5443 1336 5493 si
1391 5443 1504 5509 quis
1541 5440 1686 5502 dicit,
1747 5429 1950 5496 Christo
2001 5443 2161 5512 igitur

590 5548 746 5598 passo
772 5533 827 5585 in
851 5547 1011 5586 carne
1041 5533 1106 5595 ",
1141 5533 1270 5586 nihil
1293 5532 1442 5593 aliud
1465 5533 1588 5585 dicit
1632 5534 1752 5593 nisi.
1795 5531 2000 5585 Christo
2058 5534 2156 5604 igi-

594 5630 678 5676 tur
701 5639 856 5695 passo
881 5638 974 5692 pro
997 5623 1139 5676 nobis
1163 5625 1217 5675 in
1246 5631 1426 5676 nostra
1457 5632 1670 5676 natura.

670 5799 907 5857 "ICor.
939 5815 996 5863 ιι,
1040 5800 1087 5850 8.
1157 5803 1188 5827 ι’
1227 5802 1378 5854 ll-zm.
1422 5818 1491 5860 ix.
1531 5803 1579 5855 fi.
1663 5799 1703 5832 δ’
1739 5801 1760 5856 1
1795 5801 1918 5856 PM"
1982 5820 2048 5852 ιε’.
2101 5803 2143 5854 i.

1157 5803 1188 5827 “’
1227 5802 1378 5854 R-zm.
1422 5818 1491 5860 Ix.
1531 5803 1579 5855 5i.

2259 4818 2381 4864 τοις
2413 4797 2544 4852 ἐστί
2568 4797 2634 4851 τὸ
2669 4795 3048 4864 ζητούμενον.
3092 4793 3158 4848 '0
3187 4790 3300 4861 γάρ
3324 4808 3412 4846 τοι
3436 4791 3632 4860 λέγων
3646 4790 3831 4859 σαρκὶ

2259 4891 2474 4946 παθεῖν
2497 4888 2694 4960 γυμνῇ
2730 4888 2838 4942 τὸν
2888 4887 3125 4954 Κύριον,
3157 4883 3383 4953 ἄλογον
3411 4882 3509 4937 καί
3536 4883 3834 4938 ἀκούσιον

2261 4982 2509 5039 ποιεῖται
2535 4983 2599 5035 τὸ
2635 4980 2843 5044 πάθος.
2887 4978 3027 5034 Ἐὰν
3057 4979 3126 5032 δέ
3150 4995 3241 5043 τις
3267 4977 3407 5045 eius;
3441 4977 3593 5046 μετὰ
3621 4974 3834 5044 ψυχῆς

2267 5074 2478 5144 νοερᾶς
2507 5072 2719 5128 παθεῖν
2760 5070 2965 5132 αὐτὸν,
2999 5073 3101 5124 ἵνα
3127 5065 3168 5142 ᾖ
3203 5071 3267 5125 τὸ
3299 5068 3488 5135 πάθος
3522 5069 3831 5131 ἑκούσιον,

2263 5166 2444 5220 οὐδὲν
2464 5165 2682 5220 κωλύει
2713 5161 2913 5231 λέγειν
2937 5159 3013 5228 τῇ
3041 5153 3220 5229 piros;
3241 5159 3350 5228 τῆς
3378 5158 3830 5226 ἀνθρωπότητος

2263 5259 2451 5313 αὐτὸν
2498 5257 2732 5313 παθεῖν.
2773 5257 2842 5312 Εἰ
2873 5253 2941 5306 δὲ
2970 5254 3068 5308 καί
3101 5252 3276 5309 τοῦτο
3320 5249 3566 5318 ἀληθὲς,
3608 5247 3732 5313 πῶς
3763 5249 3838 5302 οὐ

2265 5349 2370 5416 τὰς
2417 5349 2526 5403 δύο
2575 5350 2793 5419 φύσεις
2834 5345 3158 5413 ὑφιστάναι
3211 5344 3484 5412 δώσομεν
3522 5339 3674 5411 μετὰ
3723 5336 3839 5407 τὴν

2263 5441 2484 5497 ἕνωσιν
2510 5439 2885 5509 ἀδιαιρέτως;
2925 5439 3127 5503 Ὥστε,
3161 5437 3218 5491 εἷ
3243 5453 3332 5502 τις
3362 5433 3546 5503 λέγει,
3580 5428 3839 5501 Χριστοῦ

2269 5528 2385 5590 οὖν
2412 5535 2710 5598 παθόντος
2745 5532 2898 5598 ὑπὲρ
2948 5529 3117 5599 ἡμῶν
3155 5525 3368 5596 σαρκὶ,
3409 5524 3593 5580 οὐδὲν
3634 5523 3839 5592 ἕτερον

2268 5623 2427 5695 λέγει
2449 5624 2636 5691 πλὴν,
2659 5623 2745 5676 ὅτι
2766 5621 3018 5688 Χριστοῦ
3044 5617 3154 5674 (ὗν
3180 5619 3472 5680 ,ταθέντος
3496 5613 3644 5682 ὑπὲρ
3671 5609 3836 5684 ἡμῶν

2267 5715 2343 5783 τῇ
2371 5716 2617 5786 ἠμενέρῃ
2653 5715 2852 5768 φύσει.
