4154 6322
322 325 422 385 ειε

1662 318 2001 379 EPISTOLA
2038 317 2226 377 XLVI:

3471 329 3582 385 216

385 441 638 510 Μάχεται
671 437 840 491 πάλιν
857 434 918 491 et
935 436 1224 509 πρόϐλημα
1244 437 1399 491 οὐδὲν
1426 453 1589 510 ηττον
1619 438 1733 500 τοῖς
1760 436 1884 507 μίαν

2066 434 2405 493 Adversatur
2431 452 2623 492 rursus
2647 437 2764 493 haec
2804 452 2995 491 eorum
3029 445 3339 507 proposntio
3375 437 3582 493 nihilo-

317 526 450 586 εἶναι
514 530 734 597 λέγουσι
783 527 876 582 τοῦ
916 528 1044 582 Υίοῦ
1094 529 1254 598 φύσιν
1302 528 1751 600 σεσαρκωμένην,
1799 529 1893 581 καὶ

313 617 422 677 οἷον
450 624 658 676 εἰκαῖον
692 619 1010 690 ἀποφαίνειν
1039 619 1313 686 ἐθέλοντες
1343 622 1496 685 αὐτὸ,
1529 619 1892 691 φιλονεικοῦσι

315 715 592 783 πανταχοῦ
631 712 725 772 δύο
772 712 959 782 φύσεις
999 713 1322 779 ὑφεστώσας
1365 714 1718 789 ἀποφαίνειν.⁵
1754 713 1892 766 Ἀλλ’

311 804 449 872 ὴγνό
471 821 589 874 (σαν
617 805 701 859 ὅτι
736 805 834 858 ὅσα
867 801 941 873 μὴ
972 805 1116 856 κατά
1150 806 1319 876 μόνην
1348 804 1446 877 τὴν
1481 803 1717 876 θεωρίαν
1751 806 1890 859 διαι-

315 898 528 966 ρεῖσθαι
557 896 721 959 φιλεῖ,
759 893 931 948 ταῦτα
962 896 1180 960 πάντως
1223 897 1318 951 καὶ
1356 899 1436 960 είς
1473 898 1770 969 ἑτερότητα
1796 896 1892 968 τὴν

312 986 420 1041 ἀνὰ
455 988 624 1060 μέρος
669 986 978 1057 όλοτρόπως
1002 987 1099 1040 καὶ
1139 987 1323 1052 ίδικῶς
1358 989 1780 1061 ἀποφοιτήσειεν
1826 989 1893 1044 ἂν

311 1078 582 1149 ἀλλήλων.
623 1077 803 1130 Ἔστω
847 1077 904 1131 δὲ
959 1078 1092 1148 ἡμῖν
1138 1080 1220 1142 είς
1279 1079 1629 1150 παράδειγμα
1677 1079 1838 1134 πάλιν
1864 1080 1893 1132 ό

312 1167 438 1224 καθ’
471 1169 619 1239 ἡμᾶς
656 1165 965 1238 ἄνθρωπος.
997 1167 1102 1222 Δύο
1144 1169 1243 1238 μιν
1287 1168 1396 1241 γὰρ
1425 1170 1513 1224 ἔπ’
1549 1169 1712 1224 αὑτοῦ
1738 1171 1892 1224 νοοῦ-

315 1275 417 1330 μεν
455 1258 554 1320 τὰς
601 1257 812 1326 φύσεις.
853 1258 983 1328 μίαν
1026 1259 1148 1328 μὶν,
1186 1258 1289 1328 τῆς
1322 1260 1523 1331 ψυχῆς,
1574 1261 1770 1334 ἑτέραν
1810 1261 1889 1328 δὲ,

309 1347 408 1404 τοῦ
459 1347 732 1420 σώματος.
802 1348 943 1405 Ἀλλ’
991 1351 1047 1403 έν
1086 1350 1269 1419 ψιλαῖς
1323 1350 1588 1417 διελόντες
1638 1352 1890 1417 ἐννοίαις,

310 1443 406 1496 καὶ
451 1442 528 1505 ὡς
576 1444 634 1494 έν
665 1443 875 1519 ίσχναῖς
909 1442 1187 1516 θεωρίαις,
1239 1444 1358 1516 ἦτοι
1413 1444 1507 1498 νοῦ
1561 1445 1892 1515 φαντασίαις

307 1533 410 1605 τὴν
438 1533 704 1604 διαφορὰν
731 1534 1037 1605 δεξάμενοι,
1064 1537 1163 1589 οὐκ
1201 1534 1308 1589 ἀνὰ
1339 1535 1507 1607 μέρος
1539 1535 1764 1606 τίθεμεν
1793 1535 1891 1602 τὰς

308 1625 529 1695 φύσεις·
581 1626 704 1681 οὔτε
752 1628 860 1698 μὴν
899 1627 1146 1698 διαμπὰξ
1177 1627 1264 1681 διὰ
1309 1628 1406 1698 τῆς
1443 1627 1618 1699 τομῆς
1663 1628 1891 1698 ὲφίεμεν

304 1716 404 1787 τὴν
447 1716 678 1788 δύναμιν
724 1719 936 1782 αὐταῖς,
995 1719 1109 1773 an!
1136 1719 1253 1784 ινδς
1279 1716 1417 1772 εἶναι
1446 1719 1674 1790 νοοῦμεν
1695 1735 1708 1750 ·
1747 1718 1889 1772 ὥστε

302 1804 400 1870 τὰς
428 1805 542 1869 δύο,
578 1808 774 1878 μηκέτι
823 1809 923 1879 μὲν
969 1805 1110 1864 εἶναι
1158 1809 1272 1872 δύο.
1314 1809 1380 1864 δι’
1427 1811 1631 1881 ἀμφοῖν
1656 1810 1714 1865 δὲ
1739 1809 1800 1863 τὸ
1830 1810 1889 1864 ἓν

300 1893 686 1952 ἀποτελεῖσθαι
721 1897 880 1964 ζῶον.
909 1901 1145 1967 Οὐκοῦν,
1177 1900 1282 1956 κᾶν
1312 1903 1362 1954 εί
1411 1901 1624 1970 λέγοιεν
1670 1903 1886 1974 ἀνθρω-

301 1986 537 2056 πότητος
578 1989 740 2059 φύσιν
795 1991 890 2045 καὶ
929 1990 1182 2062 θεότητος
1227 1992 1323 2045 ἐπὶ
1365 1991 1460 2046 τοῦ
1516 1991 1883 2067 Ἐμμανουὴλ,

300 2079 472 2153 ἀλλ’ἡ
505 2081 862 2154 ἁνθρωπότης
896 2082 1122 2153 γέγονεν
1161 2083 1270 2139 ίδία
1295 2083 1392 2138 τοῦ
1439 2086 1637 2156 Λόγου,
1675 2088 1771 2141 καὶ
1803 2085 1884 2153 είς

304 2169 427 2236 mg
477 2176 680 2227 νοεῖται
730 2174 826 2228 σὺν
875 2174 1037 2247 αὐτῇ.
1071 2175 1185 2246 Τῆς
1235 2193 1299 2246 γε
1357 2175 1465 2250 μὴν
1521 2178 1880 2236 θεοπνεύστου

299 2261 523 2334 Γραφῆς
554 2266 719 2336 σαρκὶ
748 2264 943 2320 παθεῖν
978 2266 1141 2321 αὐτὸν
1179 2267 1468 2338 λεγούσης,
1503 2270 1728 2342 ἄμεινον
1788 2274 1882 2327 καὶ

300 2353 444 2423 ἡμᾶς
469 2351 619 2407 οὕτω
639 2354 836 2422 λέγειν,
864 2356 1030 2427 ηγουν
1046 2362 1113 2430 τῇ
1136 2357 1295 2428 φύσει
1320 2362 1421 2432 τῆς
1440 2360 1877 2432 ἁνθρωτυότητοςο

297 2443 348 2494 εί
381 2445 476 2496 καὶ
506 2443 586 2496 ὅτι
625 2444 881 2514 μάλιστα,
917 2448 967 2500 εί
1006 2447 1083 2519 μὴ
1121 2448 1442 2521 δυστρόπως
1474 2451 1689 2520 λέγοιτο
1718 2453 1880 2507 τοῦτο

297 2531 436 2602 πρός
468 2549 651 2597 τινων,
697 2533 1007 2606 ἀδικήσειεν
1038 2537 1104 2592 ἂν
1134 2540 1287 2593 οὐδὲν
1325 2541 1416 2594 τὸν
1444 2543 1537 2596 τοῦ
1575 2546 1876 2618 μυστηρίου

297 2618 476 2690 λόγον.
511 2623 577 2677 Τί
625 2624 732 2696 γάρ
784 2626 932 2680 ιστιν
989 2627 1410 2701 ἁνθρωπότητος
1455 2633 1618 2702 φύσις
1667 2635 1874 2706 ἕτερον,

295 2714 438 2784 πλὴν
471 2714 552 2769 ότι
577 2715 713 2788 σὰρξ
740 2715 1068 2790 εψυχωμένη
1098 2722 1321 2793 νοερῶς,
1351 2717 1385 2797 ᾗ
1418 2724 1514 2778 καὶ
1548 2727 1874 2782 πεπονθέναι

298 2805 480 2875 φαμεν
500 2805 664 2880 σαρκὶ
696 2806 788 2861 τὸν
810 2807 1040 2878 Κύριονς
1072 2809 1481 2883 Περιεργότατα
1513 2812 1695 2871 τοίνυν
1722 2816 1874 2882 φασὶ,

296 2894 357 2949 τδ
381 2898 450 2967 τῇ
481 2896 640 2965 φύσει
689 2898 789 2970 τῆς
827 2898 1250 2973 ἀνθρωπότητος
1277 2903 1442 2957 αὐτὸν
1484 2904 1678 2960 παθεῖν
1698 2923 1712 2937 ·
1740 2901 1873 2973 οἷον,

296 2983 708 3050 ἀποὸιῖστάντες
739 2987 912 3060 αὐτὴν
965 2989 1060 3043 τοῦ
1107 2990 1307 3060 Λόγου,
1347 2993 1441 3048 καὶ
1479 2994 1586 3061 ἔξω
1634 2996 1875 3063 τιθέντες

299 3075 504 3143 ιδικῶς,
537 3077 622 3133 ἵνα
641 3078 734 3134 δύο
757 3081 1006 3147 νοῶνται,
1042 3084 1138 3137 καὶ
1163 3085 1262 3154 οὐχ
1295 3080 1376 3149 εἷς
1406 3086 1488 3140 ἔτι
1518 3093 1876 3163 σεσαρκωμέ-

296 3182 387 3231 νος
413 3168 508 3221 καὶ
531 3169 960 3242 ένανθρωπὴσας
978 3175 1007 3227 ὁ
1024 3175 1089 3228 ἐκ
1116 3174 1253 3229 Θεοῦ
1274 3177 1482 3248 Πατρὺς
1506 3180 1780 3250 Λόγος.Τδ
1805 3185 1888 3252 δὲ,

296 3257 648 3333 ἁδιαιρέτως,
697 3264 996 3334 προστεθὲν
1038 3265 1168 3338 παρ’
1196 3267 1403 3334 αὐτοῖς,
1439 3270 1592 3326 δοκεῖ
1631 3274 1732 3344 μέν
1768 3294 1887 3342 πως

297 3350 430 3419 παρ’
461 3351 594 3423 ἡμῖν
627 3352 795 3424 ὀρθῆς
823 3348 961 3409 εἶναι
999 3354 1161 3427 δόξης
1191 3359 1551 3428 σημαντικόν.
1590 3362 1759 3418 Αὐτοὶ
1797 3367 1880 3433 δὲ,

295 3437 393 3509 οὐκ
427 3438 572 3494 οὕτω
620 3442 841 3498 νοοῦσι·
880 3445 943 3498 τδ
988 3446 1101 3518 γὰρ
1152 3447 1462 3521 ἀδιαίρετον
1515 3456 1648 3526 παρ’
1678 3456 1884 3525 αὐτοῖς’

294 3532 438 3585 κατὰ
470 3531 571 3596 τὰς
614 3536 952 3606 κενοφωνίας
1008 3538 1327 3610 Νεστορίου,
1363 3542 1492 3597 καθ’
1525 3544 1713 3616 ἕτερον
1743 3548 1887 3620 λαμ-

294 3621 525 3676 σάνεται
557 3624 774 3696 τρόπον.
802 3627 941 3681 Φασὶ
968 3628 1077 3700 γὰρ
1119 3631 1203 3684 ὅτι
1236 3635 1303 3703 τῇ
1342 3634 1606 3707 ίσοτιμίᾳ,
1651 3639 1719 3709 τῇ
1761 3655 1888 3693 ταυ-

291 3714 568 3788 τοσουλίᾳ,
604 3720 670 3789 τῇ
698 3718 976 3793 αύθεντίᾳ,
1005 3720 1311 3792 ἀδιαίρετός
1339 3726 1458 3778 ἐστι
1500 3727 1597 3781 τοῦ
1621 3728 1756 3783 Θεοῦ
1779 3732 1885 3786 Λό-

291 3824 392 3877 γου
418 3809 449 3861 ό
487 3810 548 3862 ὲν
578 3802 622 3877 ᾧ
668 3809 990 3884 κατῴκησεν
1015 3813 1321 3885 ἄνθρωπος.
1357 3817 1520 3873 Ὥστε
1563 3821 1664 3892 οὐχ
1695 3822 1884 3889 ἁπλῶς

291 3899 394 3964 τὰς
432 3900 607 3966 λέξεις
642 3902 1068 3974 προσφέρουσιν,
1095 3904 1231 3960 ἀλλὰ
1262 3910 1402 3980 μετά
1428 3927 1575 3976 τινος
1607 3911 1760 3967 δόλου
1787 3917 1884 3971 καὶ

291 3993 656 4062 κακουργίας.
709 3994 944 4064 Χριστὸν
1002 3998 1102 4066 μὲν
1149 3999 1255 4072 γὰρ
1306 4001 1491 4068 ίδικῶς
1518 4004 1883 4076 ὀνομάζεσθαί

291 4099 428 4154 φησι
457 4083 550 4137 τὸν
601 4083 695 4138 τοῦ
743 4086 877 4139 Θεοῦ
922 4089 1117 4158 Λόγον,
1150 4091 1296 4162 ἔχειν
1345 4094 1402 4148 δὲ
1445 4096 1550 4164 τὴν
1585 4099 1881 4167 συνάφειαν

290 4174 393 4244 τὴν
427 4175 565 4245 πρὸς
592 4174 685 4229 τὸν
718 4177 955 4248 Χριστὸν
986 4180 1233 4254 διηνεκῆ.
1265 4179 1395 4256 Ἆρ’
1427 4181 1520 4241 οὖν
1539 4188 1601 4242 οὐ
1629 4189 1721 4243 δύο
1742 4191 1879 4262 Χρι-

293 4263 456 4327 στοὺς
488 4265 862 4336 ἐναργέστατα
897 4266 1077 4338 λέγεις
1109 4272 1224 4325 Οὐκ
1270 4273 1557 4346 ἄνθρωπον
1580 4275 1703 4348 Θεῷ
1739 4295 1878 4351 συμ-

290 4352 775 4441 προσκυνούμενον
827 4357 1026 4426 σέϐειν,
1087 4362 1189 4415 οὐκ
1231 4353 1328 4418 οἷδ’
1383 4365 1555 4431 ὅπως,
1590 4370 1879 4441 ὁμολογεῖ;

1995 526 2180 582 minus
2207 527 2274 582 iis
2303 529 2398 599 qui
2426 528 2620 584 dicunt
2640 545 2803 583 unam
2829 544 2951 584 esse
2985 529 3103 582 Filii
3126 538 3374 583 naturam
3401 531 3551 584 incar

1993 619 2211 679 natam;
2265 615 2430 685 idque
2477 616 2628 670 velut
2673 617 2919 686 ineptum
2971 615 3218 670 volentes
3266 617 3579 677 ostendere.

1995 702 2202 773 ubique
2222 704 2361 761 duas
2383 715 2612 761 naturas
2634 706 2999 762 subsistentes
3021 716 3291 762 conantur
3309 718 3580 764 astruere.

1998 791 2106 851 Sed
2134 795 2388 866 ignorant
2409 815 2754 869 quaecunque
2788 815 2895 855 non
2939 801 3055 856 sola
3091 801 3292 856 mentis
3330 800 3582 856 conside-

1993 889 2206 944 ratione
2237 889 2501 962 distingui
2537 892 2735 952 solent,
2761 908 2824 946 ea
2849 907 3080 961 prorsus
3111 893 3277 948 etiam
3309 893 3366 947 in
3401 892 3584 949 diver-

1993 977 2213 1034 sitatem
2266 980 2581 1037 distinctam
2631 983 2978 1038 omnifariam
3028 999 3092 1038 ac
3146 985 3405 1054 privatim
3451 1000 3481 1040 ι
3522 998 3583 1038 se

1993 1077 2188 1126 mutuo
2237 1075 2534 1145 segregari.
2589 1074 2673 1129 Sit
2716 1091 2910 1131 rursus
2956 1076 3119 1131 nobis
3164 1077 3221 1131 in
3268 1077 3580 1147 exemplum

1994 1161 2160 1218 homo
2199 1165 2376 1220 nostri
2416 1166 2634 1222 similis.
2680 1168 2828 1223 Duas
2874 1184 3113 1238 namque
3158 1169 3214 1223 in
3253 1184 3321 1224 eo
3357 1176 3586 1223 naturas

1992 1254 2369 1327 intelligimus,
2409 1275 2573 1320 unam
2623 1258 2838 1324 animm,
2877 1261 3107 1315 alteram
3155 1261 3425 1330 corporis.
3473 1259 3580 1318 Sed

1992 1359 2117 1400 cum
2167 1349 2282 1402 sola
2325 1348 2750 1406 discreverimus
2795 1352 3178 1424 intelligentia,
3217 1362 3276 1409 et
3317 1353 3582 1414 diﬂ'eren-

1992 1437 2124 1492 tiam
2167 1438 2357 1493 subtili
2405 1442 2892 1514 contemplatione,
2934 1459 3030 1498 seu
3071 1445 3275 1501 mentis
3313 1445 3547 1516 imagina

1992 1527 2140 1584 tione
2184 1533 2641 1601 conceperimus;
2681 1551 2791 1589 non
2821 1544 3003 1592 tamen
3051 1537 3282 1596 seorsim
3324 1539 3585 1608 ponimus

1991 1627 2238 1684 naturas,
2266 1637 2446 1691 neque
2483 1624 2591 1678 illis
2627 1624 2682 1678 in
2713 1632 2887 1678 totum
2919 1641 3018 1695 per
3049 1608 3374 1680 divisionem
3403 1627 3580 1679 virtu-

1995 1714 2103 1762 tem
2148 1707 2517 1772 immittimus,
2559 1713 2655 1768 sed
2693 1714 2858 1768 unius
2893 1714 3135 1778 hominis
3171 1730 3292 1769 esse
3327 1713 3586 1785 intelligi-

1921 1781 1963 1840 Π
1991 1813 2134 1865 mus,
2168 1799 2245 1855 ita
2277 1810 2342 1854 ut
2365 1800 2470 1856 illa:
2498 1801 2620 1858 duae
2646 1819 2755 1858 non
2775 1805 2887 1875 jam
2918 1805 3030 1860 sint
3065 1805 3196 1867 duo,
3227 1803 3322 1858 sed
3351 1781 3588 1874 utraque

1989 1887 2191 1945 animal
2214 1907 2389 1946 unum
2417 1893 2757 1949 absolvatur.
2785 1895 3048 1962 Quamvis
3083 1897 3249 1968 igitur
3279 1895 3334 1950 in
3353 1896 3585 1953 Emma-

1986 1982 2116 2036 nuel
2142 1983 2504 2042 humanitatis
2528 1997 2780 2042 naturam
2812 2005 2875 2043 ac
2900 1989 3204 2043 divinitatis
3229 1989 3438 2054 dicant,
3463 1988 3583 2061 ipsa

1987 2081 2169 2127 tamen
2196 2072 2513 2129 humanitas
2540 2077 2761 2146 propria
2804 2077 2945 2133 facta
2984 2086 3068 2132 est
3111 2077 3296 2141 Verbi,
3325 2093 3584 2147 unusque

1984 2178 2112 2218 cum
2145 2165 2262 2236 ipsa
2295 2165 2470 2220 Filius
2501 2166 2850 2238 intelligitur.
2882 2167 3019 2222 Cum
3052 2183 3186 2222 vero
3212 2167 3400 2223 divina
3431 2168 3583 2224 Scri-

1983 2263 2148 2326 ptura
2189 2256 2358 2323 dicat,
2403 2259 2583 2328 ipsum
2632 2275 2797 2314 carne
2843 2269 3086 2330 pessum,
3131 2259 3304 2314 satius
3350 2268 3437 2314 est
3482 2273 3583 2314 nos

1981 2362 2203 2418 quoque
2245 2349 2326 2404 sic
2371 2349 2578 2415 dicere,
2623 2366 2789 2420 quam
2836 2351 2889 2404 in
2938 2358 3137 2406 natura
3181 2349 3578 2414 humanitatis;

1980 2439 2233 2507 quamvis
2270 2455 2337 2495 ea
2373 2440 2600 2505 locutio,
2639 2440 2746 2495 nisi
2788 2441 3059 2496 malitiose
3093 2442 3163 2496 ab
3198 2441 3477 2512 aliquibus
3508 2442 3582 2496 ita

1979 2527 2220 2595 dicatur,
2256 2529 2394 2584 nihil
2427 2530 2598 2585 violet
2631 2531 2879 2600 mysterii
2918 2531 3211 2586 rationem.
3251 2529 3396 2598 Quid
3432 2532 3583 2587 enim

1980 2619 2133 2675 aliud
2156 2629 2242 2676 est
2265 2621 2628 2676 humanitatis
2655 2632 2875 2686 natura,
2903 2623 3012 2678 nisi
3047 2638 3176 2679 caro
3209 2623 3450 2680 animata
3481 2639 3583 2695 per

1978 2710 2218 2765 animam
2251 2711 2675 2782 intelligentem,
2718 2712 2773 2766 in
2815 2728 2926 2782 qua
2958 2726 3180 2782 passum
3212 2711 3387 2767 fuisse
3412 2727 3580 2768 carne

1978 2799 2274 2854 Dominum
2332 2800 2608 2854 fatemur?
2657 2801 2900 2856 Nimium
2956 2803 3124 2873 igitur
3181 2811 3438 2859 accurate
3493 2803 3578 2857 lo-

1978 2900 2231 2960 quuntur
2254 2906 2380 2947 cum
2410 2892 2625 2957 dicunt,
2646 2908 2866 2963 passum
2899 2893 3051 2948 illum
3083 2894 3254 2950 fuisse
3288 2895 3347 2949 in
3379 2903 3580 2950 natura

1977 2984 2359 3051 humanitatis,
2397 2984 2554 3054 quasi
2578 2983 2728 3038 illam
2754 2999 2784 3038 a
2807 2983 2992 3038 Verbo
3010 2985 3325 3057 sejungant,
3359 3001 3423 3040 ac
3451 3002 3581 3056 pro-

1981 3074 2099 3143 prie
2142 3073 2505 3144 distinguant,
2537 3083 2601 3129 ut
2638 3072 2751 3128 duo
2794 3073 3195 3145 intelligantur,
3223 3082 3282 3129 et
3321 3090 3433 3129 non
3464 3076 3580 3146 jam

1993 3180 2164 3218 unum
2187 3164 2533 3219 incamatum
2558 3173 2615 3220 et
2646 3165 2812 3219 homo
2839 3163 3044 3220 factum
3075 3164 3213 3220 illud
3236 3180 3305 3220 ex
3329 3166 3444 3221 Deo
3474 3167 3580 3222 Pa-

1989 3266 2073 3312 tre
2105 3256 2368 3312 Verbum.
2405 3256 2562 3324 Quod
2607 3265 2791 3312 autem
2831 3257 3172 3330 adjecerunt,
3206 3259 3465 3325 indivise,
3495 3261 3581 3316 vi-

1988 3347 2152 3403 detur
2179 3348 2589 3418 quodammodo
2615 3349 2761 3418 apud
2783 3363 2887 3404 nos
2910 3351 3045 3405 recti
3074 3350 3346 3422 dogmatis
3375 3351 3580 3409 habere

1987 3439 2469 3510 significationem.
2497 3440 2608 3510 ipsi
2637 3455 2772 3495 vero
2800 3454 2913 3495 non
2947 3440 3028 3495 sic
3061 3441 3374 3511 intelligunt
3406 3459 3418 3496 :
3452 3456 3579 3497 nam

1988 3530 2104 3586 haec
2142 3546 2268 3596 vox,
2303 3531 2625 3596 indivisum,
2666 3531 2811 3601 apud
2849 3546 2966 3596 eos,
3007 3531 3165 3602 juxta
3205 3531 3444 3587 Nestorii
3478 3548 3578 3589 γοο-

1986 3637 2111 3678 cum
2139 3622 2435 3686 novitates,
2461 3623 2571 3676 alio
2597 3623 2762 3677 modo
2787 3622 3078 3693 accipitur.
3107 3621 3278 3677 Aiunt
3308 3623 3458 3678 enim
3487 3637 3578 3679 se-

1985 3714 2228 3770 cundum
2275 3715 2504 3770 honoris
2547 3714 2939 3784 aequalitatem,
2978 3714 3284 3771 secundum
3326 3715 3578 3771 eamdem

1983 3807 2346 3871 voluntatem,
2386 3806 2693 3862 secundum
2735 3807 3141 3872 auctoritatem,
3183 3822 3216 3861 a
3260 3805 3426 3879 156
3465 3806 3579 3863 Deo

1986 3897 2165 3953 Verbo
2201 3897 2500 3952 indivisum
2536 3913 2661 3954 esse
2701 3898 2860 3952 illum
2893 3898 3174 3953 hominem
3209 3898 3264 3951 in
3297 3912 3407 3967 quo
3441 3897 3578 3954 Ver-

1982 3989 2114 4045 bum
2149 3990 2439 4046 hahitavit.
2470 3990 2660 4060 Itaque
2693 3989 2842 4044 haud
2875 3989 3203 4059 simpliciter
3235 3989 3407 4044 verba
3445 4005 3577 4060 pro-

1982 4081 2187 4146 ferunt,
2218 4081 2314 4136 sed
2347 4096 2474 4135 cum
2501 4080 2630 4135 dolo
2660 4095 2726 4134 ac
2756 4079 2948 4134 fraude
2976 4079 3074 4151 (ί).
3109 4077 3391 4134 Christum
3417 4079 3576 4135 deui-

1981 4188 2088 4243 que
2131 4173 2356 4242 proprie
2396 4171 2495 4227 Dei
2538 4172 2782 4227 Verbum
2823 4171 3158 4242 appellatum
3200 4171 3427 4236 dicunt,
3479 4172 3576 4227 sed

1981 4264 2188 4320 habere
2253 4263 2700 4334 coniunctionem
2771 4279 2894 4318 cum
2960 4263 3184 4320 Christo
3250 4272 3579 4336 perpetuam

1983 4363 2256 4411 asserunt.
2286 4354 2480 4410 Nonne
2510 4355 2678 4426 igitur
2715 4355 2855 4410 duos
2881 4355 3139 4421 christos,
3165 4357 3260 4426 qui
3287 4355 3394 4412 hoc
3418 4357 3574 4422 dicit,

288 4440 459 4499 Ταῦτ’
481 4440 576 4498 οὖν
627 4445 833 4514 ἀδελφὰ
884 4451 998 4514 τοῖς
1059 4455 1189 4525 παρ’
1223 4455 1446 4511 ἐκείνων
1499 4440 1725 4531 opstat;
1766 4466 1881 4519 Οὐκ

1984 4446 2335 4517 apertissime
2358 4447 2712 4516 pronuntiat?
2735 4446 2929 4502 Nonne
2955 4446 3235 4502 hominem
3258 4446 3421 4503 simul
3451 4465 3576 4504 cum

285 4533 698 4603 ἁντεξάγουσαν
736 4539 850 4610 ἔχει
879 4542 1013 4610 πρὸς
1038 4543 1248 4615 ἄλληλα
1280 4546 1388 4601 τῶν
1412 4551 1632 4607 ἐννοιῶν
1659 4556 1757 4625 τὴν
1786 4555 1877 4610 δύο

288 4644 486 4700 ναμιν;
528 4628 585 4683 ’0
620 4629 718 4700 μὲν
769 4631 879 4703 γὰρ
931 4633 1025 4686 δύο
1080 4639 1246 4707 φησὶν
1276 4639 1548 4712 ἐναργῶς,
1579 4647 1627 4699 οἱ
1660 4645 1719 4698 δὲ
1749 4648 1882 4719 Χρι-

291 4721 413 4776 στὸν
439 4722 560 4788 ἕνα,
591 4723 689 4776 καὶ
717 4723 869 4791 Υἱὲ-ν,
909 4730 1002 4781 καὶ
1025 4727 1179 4795 Θεὸν,
1209 4731 1300 4786 καὶ
1324 4735 1392 4787 τὰ
1419 4734 1568 4807 ἑξῆς.

479 5047 631 5132 ifars
659 5050 944 5131 posterior.
979 5054 1145 5132 hujus
1191 5055 1446 5132 epistolae.
1487 5060 1676 5115 iisdem
1724 5062 1883 5132 piane

282 5119 472 5201 verbis
507 5119 709 5188 legitur
763 5122 816 5201 in
860 5119 1092 5201 epistola
1129 5119 1514 5201 gad‘Acaciuz‘n
1569 5119 1749 5201 (epist.
1791 5133 1882 5195 35,

1982 4539 2096 4594 Deo
2127 4539 2495 4604 adorandum,
2523 4540 2714 4595 nescio
2745 4538 3024 4610 quomodo
3051 4554 3108 4595 se
3135 4540 3316 4595 colere
3343 4542 3574 4599 confite-

1979 4633 2108 4686 tur?
2135 4631 2279 4686 Num
2319 4632 2427 4686 ista
2462 4632 2532 4687 iis
2569 4639 2802 4702 cognata
2836 4631 3118 4694 videntur,
3164 4647 3287 4702 qua:
3317 4631 3577 4689 Orienta-

1979 4723 2126 4778 libus
2159 4722 2457 4777 dicuntur?
2489 4723 2683 4778 Nonne
2715 4723 2861 4778 inter
2889 4737 2947 4778 se
2974 4723 3265 4778 sententiis
3297 4727 3578 4795 pugnant?

1978 4815 2267 4871 Nestorius
2311 4817 2461 4871 enim
2513 4818 2719 4873 diserte
2769 4818 2909 4873 duos
2955 4819 3187 4881 asserit,
3239 4818 3573 4879 Antiocheni

1981 4925 2116 4964 vero
2149 4925 2320 4965 unum
2347 4909 2633 4966 Christum
2669 4921 2724 4967 et
2755 4911 2953 4967 Filium
2985 4921 3041 4966 et
3065 4912 3261 4977 Deum,
3289 4921 3394 4968 etc.

1987 5078 2174 5139 mento
2209 5073 2315 5123 isto
2347 5069 2625 5132 exhibeat,
2659 5078 2716 5124 et
2745 5069 2990 5139 episcopi
3023 5068 3281 5124 catholici
3317 5070 3371 5124 in
3409 5070 3578 5125 colla-

1988 5137 2135 5194 tione
2184 5137 2796 5210 Constantinopolitana‘
2835 5137 2981 5210 anni
3015 5139 3119 5192 552
3166 5149 3260 5194 aut
3307 5140 3409 5194 555
3455 5139 3577 5194 eam

282 5189 987 5279 ξξιρΪΞλῖ-ςξῌτξῐξοξιίβυε
1040 5197 1173 5250 satis
1227 5189 1640 5279 probabilibus'
1665 5189 1886 5257 nonnisi
1983 5189 2154 5279 veluti
2595 5189 3257 5279 h‘diﬁ‘ééri‘ﬁi’luéhgi,"EI
3462 5189 3573 5264 chi.

279 5267 691 5335 assumentum,
723 5262 909 5335 nescio
935 5279 1205 5335 quocasu
1227 5262 1345 5322 huc
1382 5271 1728 5335 translatum,
1759 5289 1885 5327 εδει)

274 5329 584 5404 iudicatur,
617 5329 1007 5404 matime‘cum
1037 5333 1349 5404 Synodicon
1377 5339 1590 5396 Cassin.
1617 5329 1736 5397 adv.
1771 5353 1884 5397 tra-

277 5399 521 5471 gcediam
547 5399 766 5462 lremc't.
785 5418 832 5459 c.
857 5401 982 5474 215,
1014 5399 1157 5462 hanc
1178 5409 1465 5477 epistolam
1491 5412 1697 5482 absque
1724 5430 1884 5468 assu-

1984 5278 2131 5400 $28).
2169 5280 2388 5336 Partem
2436 5281 2601 5352 igitur
2643 5281 2782 5334 hanc
2814 5288 2876 5333 ut
2910 5279 3201 5335 ascititiam
3238 5295 3573 5336 resecamus.

2017 5367 2134 5400 .l’llT.

2017 5367 2134 5403 .illT.
