4154 6322
615 345 724 405 24⁸1

1641 349 1699 404 S.
1747 348 2024 405 CYRlLLl
2061 347 2526 406 ALEXANDRINI
2557 343 2873 408 ARCHIEP.

1700 500 2124 560 EPISTOLA
2174 501 2413 558 XLVII
2449 504 2539 576 (cl.
2576 504 2754 577 XLI).

1668 656 1855 698 ολιιιιιθ
1885 656 2117 697 ενιεεορι
2147 654 2442 695 Διιτιοειιιε
2474 658 2540 697 ΔΙ)
2569 658 2849 702 οῖιιιιυιι.

617 777 922 837 Paucorum
949 781 1005 834 in
1029 777 1261 850 formula
1290 781 1432 849 pacis
1470 778 1534 831 ab
1566 777 1765 850 Cyrilto
1797 780 1959 850 missa
1983 783 2310 850 iniuratorum
2333 779 2540 835 veniam

2578 785 2722 866 petit.
2756 784 2867 866 Sibi
2890 859 2902 866 _
2921 789 2984 843 de
3006 808 3132 861 pace
3184 792 3322 847 inter
3352 808 3489 864 ipsos
3521 793 3857 848 reconciliata

1518 844 1846 918 gratulatur.
1875 847 2018 902 Petit
2043 855 2101 899 ut
2125 844 2304 900 missos
2326 862 2446 902 suos
2472 844 2689 925 benigne
2711 857 2982 929 suscipiat.

689 985 923 1043 Domino
953 999 1077 1042 meo
1102 985 1346 1056 piissimo
1370 997 1427 1043 et
1451 988 1794 1044 sanctissimo
1817 987 2192 1042 comminisu-o
2223 985 2267 1042 Α

619 1075 842 1149 Cyrillo,
864 1074 1103 1131 Joannes
1132 1075 1186 1130 in
1212 1075 1441 1132 Domino
1471 1078 1730 1132 salutem.

689 1165 842 1223 Alter
880 1165 1038 1221 alteri
1085 1165 1286 1220 redditi
1335 1181 1554 1231 sumus,
1577 1165 1817 1233 domine,
1843 1166 1939 1224 Dei
1970 1165 2194 1237 quidem

620 1264 781 1319 nutu,
825 1254 950 1310 sive
978 1253 1185 1309 domini
1235 1255 1388 1311 Pauli
1432 1256 1674 1327 episcopi
1708 1273 1808 1328 per
1836 1256 2020 1312 omnia
2062 1257 2192 1312 reli-

621 1345 912 1418 giosissimi
947 1347 1282 1411 interventu,
1314 1348 1402 1403 cui
1436 1347 1573 1402 nihil
1608 1348 1762 1418 prius
1793 1356 1888 1403 aut
1915 1348 2194 1419 antiquius

620 1436 727 1492 fuit
755 1453 918 1508 quam
952 1446 1013 1493 ut
1049 1437 1107 1492 in
1144 1438 1405 1494 Ecclesiis
1433 1438 1531 1494 Dei
1560 1438 1735 1494 turbas
1758 1439 2099 1505 sedarentur,
2136 1448 2193 1496 et

619 1527 734 1584 Deo
769 1535 924 1600 grata
952 1528 1246 1584 concordia
1278 1528 1503 1584 rediret.
1542 1528 1678 1585 Cum
1715 1545 1849 1600 pace
1889 1529 2074 1600 itaque
2101 1545 2192 1584 re-

617 1620 876 1685 vertitur,
913 1629 970 1676 et
999 1621 1209 1691 privata
1239 1621 1493 1676 amicitia:
1527 1623 1650 1692 jura
1682 1622 1841 1677 nobis
1873 1637 2004 1693 erga
2043 1630 2191 1678 tuam

618 1712 880 1782 pietatem
915 1721 1127 1768 servata
1153 1719 1282 1768 sunt
1303 1713 1507 1778 omnia,
1530 1715 1722 1785 paucis
1743 1724 1941 1785 praeter
1970 1732 2036 1772 ea
2071 1733 2193 1786 quae

617 1820 648 1858 ιι
679 1813 773 1860 tua
804 1805 1091 1860 sanctitate
1121 1803 1322 1860 dictata
1352 1815 1479 1861 sunt
1511 1805 1745 1862 invicem
1773 1809 2050 1879 repositis,
2071 1824 2193 1879 quae

617 1895 670 1951 vi
703 1903 762 1951 et
798 1911 962 1951 sensu
1002 1911 1114 1951 non
1147 1895 1483 1968 discrepant,
1519 1898 1616 1968 sed
1654 1899 1732 1955 rei
1763 1899 2192 1956 moderationem

616 1987 921 2043 continent.
957 1987 1188 2045 Maxime
1221 1992 1369 2045 enim
1412 1991 1538 2046 volo
1582 1998 1639 2046 et
1682 2001 1833 2062 opto,
1865 2007 1975 2048 non
2017 1994 2190 2048 solum

623 2077 970 2152 157-155
989 2081 1282 2152 meipsum,
1319 2084 1414 2138 sed
1458 2100 1648 2141 omnes
1687 2100 1905 2155 quoque
1943 2085 2193 2141 dominos

616 2171 1058 2242 religiosissimos
1068 2171 1308 2229 Orientis
1323 2176 1610 2246 episcopos
1625 2175 1794 2230 charo
1808 2185 1864 2231 et
1879 2176 2194 2231 venerando

2365 985 2440 1057 (1)
2462 990 2551 1064 Τῷ
2573 993 2801 1070 δεσπότῃ
2823 1014 2923 1067 μου
2939 997 3016 1069 τῷ
3031 998 3425 1073 θεοφιλεστάτῳ
3449 1000 3542 1056 καὶ
3569 1000 3860 1074 ἁγιωτάτῳ

2296 1081 2696 1160 συλλειτουργῷ
2721 1089 2992 1162 Κυρίλλῳ,
3035 1091 3287 1164 Ἰωάννης
3315 1095 3374 1147 ὲν
3401 1093 3592 1167 Κυρίῳ
3621 1091 3852 1164 χαίρειν.

2374 1174 2778 1250 ’Δπειλήφαμεν
2824 1179 3118 1254 ἀλλήλους,
3171 1183 3441 1248 δέσποτα,
3491 1183 3709 1256 εὐδοκία
3756 1183 3860 1257 μὲν

2292 1263 2461 1332 Θεοῦ,
2523 1267 2623 1320 εἰτ’
2665 1263 2759 1323 οὖν
2811 1269 3060 1344 μεσιτείᾳ
3104 1270 3198 1326 τοῦ
3256 1271 3326 1326 τὰ
3380 1271 3557 1326 πάντα
3611 1270 3859 1325 θεοσεϐεο

2295 1357 2488 1412 στάτου
2525 1359 2850 1432 ἀμφοτέροις
2881 1363 3032 1433 ἡμῖν,
3074 1362 3167 1417 τοῦ
3217 1362 3424 1436 Κυρίου
3482 1362 3699 1418 Παύλου
3758 1361 3859 1417 τοῦ

2295 1450 2617 1518 ἐπισκόπου,
2647 1453 2836 1526 ἀνδρὸς
2867 1454 3084 1510 πάντων
3115 1454 3225 1510 τῶν
3263 1456 3386 1511 καθ’
3418 1457 3607 1510 ἑαυτὸν
3653 1453 3858 1526 ἀμελή-

2295 1562 2506 1610 σαντος,
2555 1547 2704 1611 ὅπως
2737 1549 2856 1612 ταῖς
2900 1546 3246 1620 Ἐκκλησίαις
3277 1547 3370 1602 τοῦ
3421 1547 3556 1604 Θεοῦ
3591 1563 3857 1602 κατευνα⁹

2296 1635 2444 1705 σθείη
2493 1635 2563 1690 τὰ
2609 1636 2721 1691 τῶν
2771 1637 3044 1709 ταραχῶν,
3073 1637 3167 1691 καὶ
3200 1637 3233 1708 ἡ
3260 1636 3382 1709 Θεῷ
3412 1635 3619 1709 ἀρεστὴ
3648 1635 3860 1706 γένοιτο

2297 1728 2580 1797 συνάφεια.
2624 1729 2917 1800 Ἐπανήκει
2937 1725 3031 1783 οὖν
3063 1727 3202 1799 μετὰ
3217 1729 3467 1800 εἰρήνης,
3497 1726 3594 1781 καὶ
3622 1727 3690 1781 τὰ
3720 1725 3859 1781 ἰδιά-

2295 1818 2454 1884 ζοντα
2475 1821 2576 1891 τῆς
2605 1818 2786 1891 φιλίας
2812 1819 2995 1874 δίκαια
3031 1819 3322 1890 γεγένηται
3358 1819 3494 1889 παρ’
3518 1816 3676 1888 ἡμῶν
3717 1816 3861 1870 ἀπα-

2295 1911 2599 1983 ραλείπτως
2640 1913 2854 1968 ἅπαντα
2894 1911 3033 1983 πρὸς
3061 1911 3160 1983 τὴν
3199 1910 3298 1981 σὴν
3329 1907 3661 1972 θεοσέϐειαν,
3688 1904 3865 1978 μικρὰ

2294 2005 2353 2058 ἑν
2378 2003 2628 2076 ἀλλήλοις
2648 2002 3006 2076 χρησαμένων
3036 2003 3194 2073 ἡμῶν
3221 2001 3373 2074 παρὰ
3392 1999 3460 2054 τὸ
3486 1999 3593 2055 ὑπὸ
3624 2002 3724 2072 τῆς
3758 1997 3860 2071 σῆς

2293 2097 2567 2167 ὁσιότητος
2599 2095 3068 2167 ὑπαγορευόμενα,
3100 2093 3160 2148 ού
3187 2093 3450 2165 διαφορὰν
3473 2091 3670 2164 έχοντα
3703 2090 3862 2145 δυνα-

2297 2207 2464 2262 μεως,
2493 2188 2610 2242 ἀλλ’
2645 2188 2954 2258 οἰκονομίας
3010 2185 3404 2259 μεταχείρισιν.
3436 2183 3705 2254 Βούλομαι
3750 2181 3862 2253 γὰρ

614 2259 784 2332 capiti
834 2268 944 2317 tua:
992 2264 1328 2320 sinceritatis
1376 2266 1733 2336 conjungere,
1783 2281 1945 2336 quam
1996 2282 2192 2337 magno

615 2352 736 2378 ΙΑΑΑ
769 2367 987 2378 ..Δρ-...Α-
1019 2354 1184 2378 ι-ι...ε
1243 2356 1347 2378 Ω-)
1380 2357 1541 2378 1...----
1584 2367 1797 2378 Α-.....---
1826 2373 1921 2378 _--
1954 2358 2166 2378 ,ΙΞ--..-2ι

2300 2259 2496 2354 μᾶλλον
2535 2280 2632 2335 καὶ
2674 2278 2922 2352 εὖχομαι,
2955 2279 3018 2332 ού
3075 2278 3235 2350 μόνον
3281 2276 3534 2349 ἐμαυτὸν,
3565 2273 3702 2329 ἀλλὰ
3764 2279 3862 2378 καί

615 2352 739 2408 loco
769 2367 987 2424 semper
1018 2354 1207 2410 habui.
1243 2356 1348 2412 Sed
1379 2357 1546 2412 breve
1584 2367 1801 2428 tempus
1823 2373 1924 2414 nos
1946 2358 2188 2422 diremit,

616 2449 734 2495 tum
758 2458 951 2498 rursus
983 2443 1059 2498 ita
1090 2444 1201 2499 Deo
1225 2446 1444 2501 volente
1480 2447 1538 2502 in
1575 2448 1872 2504 amicitiam
1904 2449 2188 2515 rediimus,

613 2534 832 2589 cunctis
858 2534 1229 2592 simultatibus
1252 2537 1558 2606 exstinctis,
1590 2540 1848 2610 nullaque
1871 2541 2032 2611 plane
2059 2557 2196 2597 con-

613 2625 878 2682 tentionis
912 2633 1008 2681 aut
1044 2627 1333 2685 discordia:
1371 2632 1601 2686 materia
1643 2633 1788 2703 apud
1832 2649 1934 2690 nos
1979 2634 2186 2690 relicta.

613 2712 772 2781 Quod
803 2732 916 2773 non
944 2718 1064 2774 sine
1090 2720 1315 2774 numine
1344 2720 1546 2775 factum
1577 2731 1681 2785 est,
1706 2725 1797 2780 sed
1825 2725 1937 2780 Deo
1965 2736 2190 2782 auctore

610 2816 670 2862 et
715 2807 1091 2879 piissimorum
1134 2810 1527 2882 imperatorum
1573 2822 1862 2884 potestate.
1920 2817 2193 2888 Suscipiat

612 2916 743 2973 ergo
765 2910 858 2957 tua
883 2902 1060 2973 pietas
1097 2904 1539 2975 religiosissimos
1577 2905 1824 2964 Cassium
1868 2919 1925 2965 et
1966 2910 2190 2968 Ammo-

613 2992 789 3058 nium,
810 2994 905 3066 qui
931 2994 1092 3050 nobis
1127 2996 1376 3054 obsecuti
1409 3008 1557 3066 sunt,
1591 3015 1702 3056 non
1729 3009 1788 3056 ut
1823 3003 1922 3058 tibi
1948 3003 2190 3077 refraga-

614 3091 826 3149 rentur,
864 3084 966 3140 sed
998 3094 1058 3140 ut
1083 3102 1212 3156 quae.
1233 3088 1332 3144 abs
1365 3096 1418 3145 te
1452 3099 1581 3146 sunt
1605 3093 1870 3149 aediﬁcata
1912 3095 1979 3150 ad
2015 3095 2190 3152 ﬁrmi-

614 3182 781 3229 tatem
823 3183 881 3231 et
916 3176 1186 3246 optimum
1229 3179 1436 3235 exitum
1475 3181 1929 3251 perdueerentur.
1978 3184 2191 3244 Gratias

614 3273 797 3318 autem
820 3278 888 3318 ea
913 3264 981 3320 de
1015 3280 1074 3320 re
1102 3267 1315 3337 agimus
1349 3272 1514 3325 etiam
1547 3272 1772 3328 domino
1808 3291 1929 3332 meo
1959 3293 2190 3334 venera-

613 3352 884 3410 bilissimo
931 3365 989 3411 et
1028 3356 1226 3423 illustri
1274 3360 1548 3418 Aristolao
1586 3364 1810 3437 tribuno
1853 3378 1913 3423 et
1952 3359 2189 3436 notario,

613 3445 706 3513 qui
739 3460 806 3500 ex
837 3460 1024 3503 rerum
1055 3458 1370 3507 nostrarum
1401 3460 1552 3509 motu
1580 3455 1791 3525 didicit,
1821 3461 2057 3534 demptis
2078 3468 2192 3521 exi-

611 3535 734 3607 guis
760 3538 1002 3609 syllabis,
1029 3541 1202 3598 satius
1236 3559 1358 3600 esse
1392 3561 1495 3602 nos
1534 3534 1768 3608 ﬁrmiter
1796 3565 1851 3610 et
1876 3567 2191 3615 constanter

2292 2371 2503 2434 πάντας
2532 2369 2657 2436 τοὺς
2689 2369 2909 2440 κυρίους
2936 2368 3382 2439 θεοφιλεστάτους
3408 2365 3739 2429 ἐπισκόπους
3761 2365 3864 2436 τῆς

2305 2456 2593 2528 Ἀνατολῆς
2626 2457 2859 2527 συνάψαι
2887 2460 2951 2529 τῇ
2982 2456 3106 2528 φίλῃ
3139 2455 3262 2526 ἐμοὶ
3315 2456 3410 2509 καὶ
3462 2454 3620 2527 τιμία
3652 2454 3861 2526 κεφαλῇ

2291 2549 2391 2618 τῆς
2438 2549 2536 2620 σῆς
2581 2566 2724 2620 φημι
2776 2548 3150 2620 γνησιότητος,
3184 2549 3251 2619 ἢν
3281 2545 3410 2619 περὶ
3470 2547 3724 2602 πλείστου
3760 2545 3863 2617 μὶν

2292 2639 2608 2711 ἐποιούμην.
2649 2640 2877 2709 Διέκοψε
2903 2640 2960 2693 δέ
2980 2658 3062 2703 τις
3092 2639 3296 2711 βραχὺς
3324 2638 3514 2710 χρόνος
3533 2655 3548 2669 ο
3588 2633 3686 2692 εἴτ’
3708 2634 3865 2703 αὖθις

2293 2731 2454 2786 πάλιν
2485 2731 2622 2785 Θεοῦ
2648 2730 2998 2802 βουληθέντος
3030 2732 3166 2804 πρὸς
3200 2733 3429 2798 ἑαυτοὺς
3463 2732 3861 2805 ἐπανήλθομεν,
3925 2739 3930 2747 “

2293 2825 2507 2878 ἃπαντα
2537 2823 2826 2888 σϐέσαντες
2852 2824 2924 2879 τὰ
2957 2824 3192 2896 λυπηρὰ,
3229 2824 3326 2879 καὶ
3359 2825 3529 2896 μηδὲν
3553 2825 3613 2878 τὸ
3644 2824 3866 2880 σύνολον

2293 2914 2682 2978 καταλιπόντες
2748 2917 2878 2986 παρ’
2931 2917 3139 2979 ἑαυτοῖς
3203 2915 3381 2985 ἔριδος
3453 2916 3486 2989 ἦ
3531 2916 3866 2984 φιλονεικίας

2291 3007 2459 3071 ἄξιον.
2493 3007 2608 3060 Ούκ
2661 3005 2811 3059 ἀθεεὶ
2865 3007 2922 3060 δὲ
2973 3006 3128 3061 τοῦτο
3181 3006 3498 3080 γεγένηται,
3534 3007 3672 3060 ἀλλὰ
3724 3004 3862 3061 Θεοῦ

2293 3095 2784 3164 πρυτανεύσαντος,
2819 3095 2913 3149 καὶ
2939 3096 3048 3148 τῶν
3080 3095 3440 3166 φιλοχρίστων
3471 3097 3566 3150 καὶ
3611 3096 3864 3151 θεοσεϐε-

2295 3187 2504 3241 στάτων
2543 3187 2806 3257 βασιλέων
2845 3189 2912 3258 τῇ
2951 3188 3133 3249 αὐτοῖς
3166 3187 3450 3261 πρεπούσῃ
3477 3187 3861 3259 χρησαμένων.

2306 3278 2676 3345 ἐλποδεξάσθω
2699 3274 2792 3333 οὖν
2819 3280 2852 3350 ἡ
2877 3279 2944 3350 σὴ
2974 3279 3250 3333 θεοσέϐεια
3279 3281 3405 3345 τοὺς
3431 3281 3864 3346 εὐλαϐεστάτους

2293 3373 2532 3427 Κάσσιον
2580 3373 2675 3426 καὶ
2725 3372 2991 3440 Ἀμώνιον
3036 3371 3282 3436 εἴξαντας
3319 3374 3476 3442 ἡμῖν,
3508 3375 3606 3443 οὐχ
3640 3373 3727 3426 ἵνα
3778 3388 3864 3426 σοι

2291 3466 2681 3536 ἀπειθήσουσιν,
2735 3463 2850 3518 ἀλλ’
2887 3464 3035 3527 ὅπως
3072 3463 3141 3517 τά
3176 3480 3256 3518 σοι
3316 3463 3736 3535 οἰκοδομηθέντα
3783 3465 3864 3529 εἰς

2279 3555 2584 3627 ,βεϐαίωσιν
2643 3555 2750 3619 καὶ,
2795 3553 2966 3625 πέρας
3018 3553 3303 3608 κάλλιστον
3355 3553 3569 3624 ἀχθείη.
3603 3550 3867 3625 Χάρινδδ

613 3625 846 3684 invicem
871 3631 1149 3704 conjungi.
1172 3635 1366 3692 Nostra
1389 3638 1576 3710 igitur,
1605 3660 1809 3713 quaeso,
1829 3648 1992 3704 etiam
2019 3655 2192 3707 susci-

2295 3625 2453 3718 ίσμεν
2502 3648 2594 3700 ἐπὶ
2627 3645 2823 3718 τούτῳ,
2853 3647 2949 3701 καὶ
2973 3645 3051 3717 τῷ
3081 3646 3272 3716 Κυρίῳ
3301 3663 3404 3715 μου
3436 3646 3512 3717 τῷ
3551 3645 3869 3716 θαυμασιω-

614 3735 704 3789 pe,
737 3730 888 3778 recte
920 3731 1085 3795 atque
1114 3727 1334 3794 ordine,
1363 3741 1422 3787 et
1452 3748 1598 3803 quoa
1629 3735 1728 3790 tibi
1768 3748 1921 3794 certo
1963 3756 2191 3811 persua-

613 3811 777 3904 deas,
791 3812 859 3869 ad
887 3816 966 3871 rei
992 3818 1304 3887 aequitatem
1329 3832 1385 3877 et
1408 3825 1839 3885 moderationem
1869 3834 2194 3904 composita,

612 3901 921 3975 litterisque
959 3907 1248 3977 mandata;
1285 3927 1388 3968 nee
1427 3913 1484 3969 in
1532 3917 1776 3976 animum
1814 3901 2059 3990 inducas,
2092 3941 2195 3982 nos

610 3994 824 4066 aliquid
870 3995 928 4053 in
976 3998 1143 4056 rebus
1190 4005 1489 4074 propositis
1531 4009 1683 4066 vafre
1732 4014 1934 4083 egisse.
1973 4016 2192 4075 Conscii

613 4084 762 4140 enim
794 4101 1007 4152 sumus,
1039 4098 1096 4144 et
1135 4099 1326 4148 testem
1361 4095 1533 4152 Deum
1569 4102 1926 4170 appellamus,
1959 4123 2062 4164 nos
2100 4118 2190 4166 tua

615 4184 914 4233 concutere
940 4179 1203 4246 noluisse,
1236 4185 1329 4240 sed
1361 4202 1452 4242 res
1482 4202 1700 4248 nostras
1726 4195 1794 4250 ad
1824 4197 2192 4258 Ecclesiarum

615 4266 908 4323 utilitatem
949 4270 1246 4328 moderari.
1298 4275 1686 4339 Moderationis
1733 4297 1916 4344 autem
1966 4293 2190 4349 modum

616 4357 787 4414 iidem
817 4360 1214 4432 religiosissimi
1252 4366 1469 4426 diaconi
1501 4375 1768 4444 aperient.
1808 4379 2002 4441 Omnia
2045 4386 2198 4443 enim

616 4452 833 4546 abunde
862 4458 1241 4526 prastitimus,
1263 4473 1325 4518 ut
1351 4480 1514 4521 nemo
1542 4473 1889 4528 concordiam
1910 4492 2031 4546 quas
2051 4477 2192 4536 facta

616 4544 783 4637 fuerit
832 4550 1125 4619 repudiare
1171 4557 1361 4622 possit.
1413 4556 1642 4632 Suscipe
1689 4564 1894 4636 itaque,
1928 4544 2188 4637 ﬁobseero,

616 4635 812 4693 libenti
849 4641 1040 4698 animo
1075 4643 1273 4702 fratres
1316 4649 1410 4718 qui
1443 4653 1594 4720 pacis
1625 4635 1898 4713 bonatibi
1930 4635 2188 4726 aﬂ‘erunt,

617 4738 846 4798 oretque
874 4740 969 4824 tua
1001 4736 1262 4824 sanctitas
1298 4749 1357 4794 ut
1392 4739 1596 4800 Christi
1631 4745 1893 4805 Ecclesiis
1938 4767 2028 4808 res
2067 4769 2193 4824 pro-

616 4830 777 4886 spere
806 4818 984 4874 cedat.
1011 4822 1082 4880 Ut
1104 4825 1251 4881 enim
1292 4827 1531 4886 affectus.
1556 4834 1673 4905 lege
1703 4851 1806 4892 nos
1839 4839 1938 4895 tibi
1970 4818 2194 4899 tradidi-

620 4924 761 4973 mus,
794 4911 874 4965 sic
898 4913 1063 4976 etiam
1088 4930 1345 4976 curamus
1376 4930 1432 4976 et
1456 4924 1728 4991 volumus,
1757 4929 2005 5002 adeoque
2041 4945 2193 5005 cpta-

2293 3739 2441 3808 τάτῳ
2470 3737 2564 3791 καὶ
2595 3735 2940 3807 περιϐλέπτῳ
2981 3735 3314 3808 Ἀριστολάῳ
3341 3736 3420 3808 τῷ
3462 3737 3730 3808 τριϐούνῳ
3773 3735 3869 3790 καὶ

2292 3830 2546 3902 νοταρίῳ,
2575 3829 2634 3893 ὃς
2664 3829 2900 3882 συνεῖδεν
2938 3829 3003 3882 ὲκ
3041 3827 3151 3882 τῶν
3179 3828 3307 3898 παρ’
3343 3827 3504 3898 ἡμῶν
3529 3829 3866 3899 κινουμένων

2295 3921 2633 3994 πραγμάτων
2667 3921 2913 3992 κρεῖττον
2939 3915 3076 3973 εἶναι
3103 3918 3164 3970 τὸ
3185 3917 3333 3988 παρὰ
3371 3917 3634 3990 βραχείας
3665 3918 3862 3973 συλλα-

2294 4015 2395 4079 ϐὰς
2420 4013 2654 4086 ἰσχυρῶς
2701 4013 2795 4068 καὶ
2823 4011 3062 4096 βεϐαίως
3093 4007 3345 4080 ἀλλήλοις
3390 4010 3536 4082 ἡμᾶς
3568 4011 3862 4082 συμϐῆναι.

2293 4107 2460 4179 Δέχου
2497 4103 2610 4173 οὖν,
2669 4103 2991 4176 παρακαλῶ,
3028 4104 3122 4157 καὶ
3169 4103 3238 4156 τὰ
3288 4103 3418 4174 παρ’
3467 4102 3624 4174 ήμῶν
3669 4098 3730 4157 εὖ
3772 4103 3868 4158 καὶ

2294 4201 2473 4264 καλῶς
2505 4200 2599 4254 καὶ
2630 4200 2807 4252 πᾶσαν
2839 4196 2991 4266 ἰσχὺν
3019 4195 3211 4266 ἔχοντα
3240 4197 3320 4258 εἰς
3365 4194 3738 4267 πληροφορίαν
3765 4195 3868 4267 τὴν

2295 4293 2413 4366 σὴν,
2490 4290 2911 4363 οἰκονομηθέντα
2988 4290 3085 4360 μὲν
3157 4289 3253 4343 καὶ
3329 4287 3730 4358 ἐπεσταλμένα,
3773 4286 3866 4340 καὶ

2298 4384 2488 4456 μηδείς
2533 4401 2593 4437 σε
2652 4382 2867 4453 εἰσέλθῃ
2920 4381 3200 4451 λογισμὸς,
3247 4373 3325 4443 ὡς
3378 4379 3537 4449 ἡμῶν
3563 4394 3617 4431 τι
3663 4379 3722 4430 ὲν
3753 4381 3868 4442 τοῖς

2294 4477 2675 4550 προκειμένοις
2734 4473 3056 4544 πανούργως
3109 4471 3485 4543 πεπραχότων.
3551 4469 3869 4526 Ἐπίσταται

2293 4569 2403 4641 γὰρ
2438 4569 2594 4640 ήμῶν
2626 4568 2688 4621 τὸ
2727 4564 2986 4627 συνειδὸς,
3035 4565 3131 4617 καὶ
3161 4563 3252 4615 τὸν
3281 4561 3488 4616 ἄνωθεν
3530 4560 3680 4615 ἕλκει
3727 4561 3868 4632 μάρ-

2291 4679 2453 4734 τυρα,
2483 4661 2558 4725 ὼς
2589 4662 2648 4713 οὐ
2697 4659 2768 4713 τὰ
2815 4658 2882 4711 σὰ
2919 4653 3167 4727 σαθρῶςὶ
3203 4653 3600 4726 ἐϐουλήθημεν,
3638 4654 3774 4709 ἁλλὰ
3799 4653 3871 4708 τὰ

2294 4753 2415 4807 καθ’
2445 4754 2592 4823 ἡμᾶς
2645 4750 2841 4812 αὐτοὺς
2891 4747 3241 4817 οἰκονομῆσαι
3301 4745 3438 4815 πρὸς
3504 4745 3567 4799 τὸ
3627 4748 3870 4800 συνοῖσον

2293 4848 2412 4909 ταῖς
2441 4845 2534 4898 τοῦ
2567 4842 2803 4915 Χριστοῦ
2848 4839 3211 4911 Ἐκκλησίαις.
3265 4837 3479 4908 Ἐροῦσι
3522 4838 3579 4892 δὲ
3618 4839 3668 4892 οἰ
3716 4839 3870 4893 αὐτοὶ

2299 4937 2682 4992 εύλαϐἐστατοι
2730 4934 2963 4988 διάκονοι
3013 4932 3104 4985 τὸν
3148 4930 3347 5001 τρόπον
3392 4931 3486 5000 τῆς
3533 4930 3868 5001 οἰκονομίας.

619 5017 742 5057 mus
804 5010 865 5057 ut
901 5021 1065 5062 nemo
1102 5025 1329 5079 prorsus
1366 5029 1558 5070 eorum
1596 5019 1688 5089 qui
1731 5023 1875 5091 apud
1916 5001 2023 5079 nos
2064 5001 2193 5082 sunt

2298 5028 2623 5098 Πέπρακται
2663 5023 2773 5095 γὰρ
2805 5024 2937 5094 ἡμῖν
2968 5019 3392 5091 ἀπαραλείπτως
3434 5021 3671 5083 ἅπαντα,
3705 5021 3781 5085 ὠς
3805 5020 3871 5076 ἂν

620 5106 728 5148 non
753 5095 943 5153 eadem
972 5099 1258 5158 nobiscum
1290 5105 1569 5174 decernat,
1602 5126 1727 5167 cum
1763 5115 1924 5171 nobis
1964 5117 2097 5172 illud
2138 5120 2191 5174 in

620 5185 811 5253 primis
849 5203 995 5244 cura:
1029 5191 1099 5246 sit
1131 5200 1193 5247 ut
1222 5197 1478 5266 aquitate
1510 5208 1566 5254 et
1596 5203 1967 5262 moderatione
1996 5208 2192 5280 singuli

619 5281 1032 5350 pertrahantur,
1048 5285 1250 5354 quibus
1263 5288 1454 5360 exigua
1472 5292 1876 5362 adhortatione,
1901 5301 2012 5356 imo
2024 5303 2191 5359 ductu

2302 5120 2488 5192 μηδεὶς
2534 5117 2648 5187 ἔχοι
2688 5113 2993 5183 ἁφοσιῶσαι
3027 5111 3168 5165 κατὰ
3203 5111 3301 5181 τῆς
3330 5113 3626 5182 γενομένης
3655 5113 3867 5182 συμϐά.

2302 5228 2458 5275 σεως.
2497 5209 2666 5278 Δέχου
2701 5204 2814 5269 οὖν,
2855 5202 3178 5274 παρακαλῶ,
3231 5203 3402 5272 ἡδέως
3442 5205 3569 5268 τοὺς
3609 5205 3871 5272 ἀδελφοὺς

2299 5305 2520 5374 εἰρήνης
2555 5318 2635 5354 σοι
2663 5297 2842 5368 ἀγαθὰ
2870 5295 3356 5367 προσκομίζοντας,
3381 5297 3474 5350 καὶ
3509 5295 3754 5368 εὐχέσθω
3777 5311 3868 5349 σου

1677 5450 1855 5509 Varia:
1876 5457 2139 5512 lectiones
2168 5460 2374 5515 codicis
2414 5456 2776 5528 Seguieriani.

694 5554 703 5588 γ
751 5544 834 5598 ἵσ.
863 5547 1118 5620 σαθροῠν.

2137 5683 2355 5738 NOTAE.

695 5779 766 5837 (τι
809 5779 884 5836 Ex
909 5782 1074 5852 Regis
1103 5783 1478 5846 Christianiss.
1516 5790 1847 5849 bibliotheca
1877 5793 2058 5850 Graec
2095 5811 2238 5850 nunc
2280 5797 2514 5865 primum
2554 5807 2599 5844 cl
2643 5797 2829 5850 Latine
2861 5797 3024 5851 edita.
3063 5799 3354 5852 Arsames.
