4126 6314
236 358 334 419 149
1547 351 1850 414 EPISTULA

1925 353 2151 414 XLVIII.
3385 357 3500 418 Ξω

238 484 270 557 ἢ
303 479 522 550 ὁσιότης
548 478 742 541 ala»;
780 476 902 539 ulc
941 473 1031 529 τοῦ
1068 467 1304 544 Χριστοῦ
1357 464 1708 542 Ἐκκλησίαις
1738 469 1850 534 τάλ

1925 481 2102 527 ιοειτο
2129 473 2433 530 etiamnum
2458 489 2600 546 opus
2616 481 2723 540 est,
2747 472 2817 530 ad
2841 472 3101 530 Ecclesia
3126 471 3413 530 catholica
3438 482 3499 531 et

237 570 536 646 πράγματα
573 565 912 639 προϐαίνειν.
944 565 1152 636 Ὠσπερ
1183 561 1293 633 γὰρ
1332 562 1560 627 ἑαυτοὺς
1603 561 1802 634 φόρον-

1925 561 1993 618 rei
2020 560 2348 618 Christianae
2382 563 2695 620 utilitatem.
2740 563 2891 620 Scito
2930 563 3097 636 igitur
3134 561 3360 620 eosdem
3392 577 3501 620 nos

235 677 323 728 τες
339 660 422 733 τῷ
450 660 554 732 τῆς
580 658 873 724 διαθέσεως
894 657 1044 728 νόμῳ
1067 652 1476 726 ἀπιδεὸώκαμὲν
1491 668 1596 719 σοι,
1627 651 1804 717 οὕτως

1925 669 2021 709 :sse
2045 669 2184 725 quos
2215 665 2377 713 antea
2399 656 2565 721 nosti,
2582 656 2940 728 ejusdemque
2961 671 3093 728 erga
3115 663 3169 713 te
3187 653 3378 720 animi,
3396 670 3496 712 seu

236 752 328 808 καὶ
363 749 739 822 σπουδάζομεν
774 750 869 805 καὶ
890 746 1217 819 βουλόμεθα,
1252 745 1452 818 μᾶλλον
1483 743 1541 800 δδ
1576 745 1674 800 καὶ
1712 745 1807 801 εὑ·

1925 748 2112 812 nittas,
2136 763 2234 804 seu
2259 764 2290 804 a
2309 750 2471 806 nobis
2491 749 2706 807 litteras
2733 750 2990 822 accipias.
3024 748 3182 822 155
3203 749 3321 806 Hoc
3344 748 3496 805 enim

235 839 438 913 ιὸμεθα
474 841 682 912 μηδένα
725 838 831 893 τῶν
874 835 1006 910 παρ’
1045 837 1177 908 ἡμῖν
1232 834 1590 907 παραλιπεῖν,
1631 833 1692 900 δς
1740 835 1804 889 οὐ

1925 846 1962 893 :t
1993 838 2157 896 nobis
2185 841 2294 896 erit
2319 850 2669 908 ornamento,
2692 850 2751 898 et
2780 851 2928 899 tuam
2958 841 3308 902 sanctitatem
3335 854 3496 896 coroo

234 934 298 988 τὰ
350 932 494 988 αὺτά
543 936 677 1006 ἡμῖν
715 929 1017 1002 σκέψηται,
1066 928 1226 1002 ἡμῶν
1279 927 1518 1000 σπουδὴν
1567 929 1807 1000 ἑχόντων

1925 928 2081 985 Iabit.
2130 931 2454 989 Universam
2504 943 2690 992 tecum
2735 933 3142 991 fraternitatem
3193 931 3495 1006 plurimum

234 1023 571 1092 ἀνεξικάκως
612 1025 706 1078 καὶ
756 1020 1117 1094 οἰκονομικῶς
1164 1019 1309 1075 κατά
1365 1021 1533 1093 μόρος
1577 1020 1810 1093 εκφέρε-
1908 1021 2231 1078 salutamus.

236 1117 406 1174 σθαιε
450 1118 581 1182 τοὺς
617 1113 895 1187 όλιγίστης
947 1111 1321 1185 παραμυθίας,
1384 1110 1586 1181 μᾶλλον
1640 1110 1699 1166 δὲ
1740 1109 1836 1166 καὶ
1871 1109 2095 1182 ὁδηγίας
2163 1113 2293 1185 παρ’
2329 1113 2487 1185 ἡμῶν
2532 1113 2616 1170 ιτι
2667 1113 2948 1187 δεομένοις
2997 1115 3094 1169 ἀπὶ
3158 1113 3494 1186 σνμφόροντι

232 1210 329 1282 τῆς
360 1210 656 1281 καθολικῆς
695 1206 1041 1280 Ἑκκλησίας,
1102 1206 1197 1261 καὶ
1243 1205 1353 1260 τῶν
1389 1206 1448 1261 ιν
1481 1207 1621 1280 αὐτῇ
1686 1205 2054 1280 πραγμάτων.
2086 1205 2163 1264 Εὖ
2212 1207 2322 1264 ῐσθι
2359 1209 2648 1284 τοιγαροῦν
2712 1212 2844 1276 τοὺς
2887 1210 3086 1275 αὐτοὺς
3139 1206 3282 1264 εῐναι
3321 1209 3494 1282 ἡμᾶς,

230 1304 439 1375 οὕσπερ
486 1300 621 1373 ᾔδης
694 1301 790 1359 καὶ
857 1299 1152 1372 πρότερον,
1219 1299 1361 1371 μετά
1396 1301 1498 1372 τῆς
1542 1300 1712 1373 αὐτῆς
1752 1297 2066 1368 διαθέσεως,
2128 1303 2225 1359 καὶ
2275 1305 2511 1377 πέμπων
2565 1305 2661 1360 καὶ
2707 1305 2997 1377 δεχόμενος
3041 1304 3110 1360 τά
3161 1303 3292 1377 παρ’
3335 1303 3498 1376 ημῶν

232 1396 550 1469 γράμματα.
582 1392 758 1449 Τοῦτο
780 1391 890 1465 γὰρ
952 1391 1046 1448 καὶ
1068 1393 1218 1465 ἡμᾶς
1260 1393 1551 1468 κοσμήσει,
1600 1393 1698 1449 καὶ
1740 1392 1841 1464 τὴν
1880 1393 1980 1466 σὴν
2044 1395 2305 1469 ὁσιότητα
2348 1397 2708 1468 στεφανώσει.
2746 1398 2934 1454 ﬁdem
2969 1395 3069 1469 τὴν
3107 1396 3204 1452 σὺν
3235 1395 3320 1451 σοὶΙ
3341 1394 3499 1451 ἀδελ-

225 1488 435 1560 *ότητα
462 1486 692 1542 πλεῖστα
711 1485 1207 1561 προσαγορεύομεν.

1396 1803 1737 1861 EPISTOLA
1772 1803 1985 1861 XLVIII
2022 1803 2116 1876 (at.
2157 1803 2344 1876 xm.)

1038 1974 1246 2016 manu
1276 1974 1343 2015 AD
1367 1974 1616 2015 οοιητωι
1651 1975 1928 2015 Νιεοιιοιιε
1956 1975 2182 2016 VETERIS
2205 1974 2350 2014 EPIII
2379 1973 2687 2017 ενιεσοιιυκ.

784 2115 1055 2176 Uuitatent
1092 2115 1343 2174 Ecclesia:
1385 2116 1687 2170 restitutam
1728 2115 1968 2180 nuntiat,
2010 2130 2121 2168 rem
2164 2123 2368 2186 gestam
2392 2124 2641 2172 accurate
2682 2131 2962 2186 exponens.

300 2277 492 2351 κυρίῳ
532 2293 635 2346 μου
679 2272 953 2346 ἀγαπητῷ
1003 2271 1217 2343 ἀδελφῷ
1267 2271 1362 2329 καὶ
1406 2270 1850 2344 συλλειτουργῷ]

1983 2272 2216 2328 Domino
2242 2285 2367 2326 meo
2385 2270 2587 2327 dilecto
2608 2271 2766 2327 fratri
2789 2287 2845 2327 ei
2867 2271 3245 2327 eomministro
3264 2271 3498 2352 Donato,

233 2371 464 2440 Δονάτῳ,
495 2366 766 2438 Κύριλλος
798 2366 857 2420 ὲν
877 2364 1068 2437 Κυρίῳ
1098 2365 1331 2436 χαίρειν.

299 2463 420 2514 Δεῖν
447 2459 636 2532 ᾠήθην
657 2460 725 2529 τῇ
759 2461 825 2527 σῇ
857 2456 1138 2529 θεοσεϐείᾳ
1155 2457 1225 2511 τά
1255 2457 1823 2530 παρακολουθήσαντα.

235 2552 324 2607 ἐπὶ
346 2554 414 2624 τῇ
438 2551 631 2622 εἰρήνῃ
650 2549 762 2603 τῶν
792 2547 1130 2620 Ἐκκλησιῶν
1161 2548 1507 2620 καταστῆσαι
1537 2548 1812 2620 γνώριμα.

245 2643 499 2713 ’Δφίκετο
527 2642 708 2697 τοίνυν
753 2642 782 2696 ὁ
811 2638 1002 2711 κύριός
1038 2657 1140 2711 μου
1169 2642 1199 2695 ὁ
1227 2639 1674 2711 θαυμασιώτατος
1693 2657 1817 2712 τρι-

233 2734 424 2801 σοῦνος
447 2734 546 2789 καὶ
578 2732 828 2804 νοτάριος
861 2732 1204 2803 ’Δριστόλαος
1226 2731 1303 2796 είς
1322 2731 1422 2802 τὴν
1461 2731 1814 2803 ⁹Δντιόχειαν,

233 2826 629 2898 ὶπιφερόμενος
666 2824 762 2878 καὶ
802 2822 1088 2894 βασιλικὰς
1127 2823 1422 2889 συλλαϐὰς,
1476 2825 1532 2880 αἳ
1572 2842 1813 2896 παρεκε-

234 2917 454 2974 λεύοντο
496 2917 587 2972 τὸν
632 2916 1027 2972 εὐλαϐέστατον
1073 2917 1175 2988 τῆς
1224 2918 1543 2990 Ἀντιοχέων
1591 2917 1822 2990 Ἐκκλησ-

236 3012 356 3077 σίας
419 3009 726 3065 ἐπίσκοπον
801 3006 1078 3080 Ἰωάννην,
1133 3008 1534 3080 ἀναθεματίσαι
1593 3009 1693 3081 μὲν
1752 3010 1820 3065 τά

239 3104 411 3177 μιαρὰ
443 3102 539 3157 τοῦ
566 3101 866 3174 Νεπορίου
909 3100 1174 3172 δόγματα,
1223 3101 1709 3174 καταψηφίσασθαι
1761 3101 1820 3156 δὲ

236 3196 329 3251 καὶ
350 3195 452 3266 τὴν
472 3193 797 3264 καθαίρεσιν
824 3191 1014 3256 αὑτοῦ,
1047 3192 1168 3246 καθ’
1194 3193 1496 3263 ὁμοιότητα
1520 3193 1621 3262 τῆς
1651 3193 1821 3262 ἁγίας

237 3287 479 3352 συνόδου,
513 3284 752 3356 ζητῆσαί
772 3303 832 3340 τε
862 3285 1007 3340 οὕτω
1030 3285 1128 3358 τὴν
1151 3285 1282 3356 παρ’
1314 3284 1472 3355 ήμῶν
1511 3287 1817 3342 κοινωνίαν.

238 3380 345 3435 Καὶ
380 3380 415 3451 ἡ
449 3379 551 3449 μὲν
584 3377 817 3449 δύναμις
847 3377 957 3432 τῶν
995 3376 1396 3450 γεγραμμένων
1462 3374 1622 3451 αὕτη.
1667 3377 1822 3440 Τινὲς

235 3471 290 3526 δι
326 3471 440 3527 τῶν
482 3469 627 3524 κατά
652 3469 751 3541 τὴν
787 3467 1076 3541 ’Δνατολὴν
1110 3467 1447 3533 επισκὸπων,
1497 3467 1652 3528 οὔπω
1680 3469 1822 3541 τάχα

239 3563 538 3635 Νεπορίου
565 3559 1092 3630 καταγινώσκοντες,
1115 3558 1147 3631 ἥ
1180 3558 1276 3613 καὶ
1315 3560 1651 3631 προστασίαν
1673 3561 1821 3632 αὐτῷ

241 3655 520 3726 νίμοντες,
560 3653 662 3723 τὴν
702 3651 868 3725 ὀρθὴν
906 3652 1064 3722 ἡμῶν
1106 3651 1334 3706 λυποῦσι
1387 3652 1602 3706 πίστιν·
1630 3653 1724 3707 καὶ⁵
1753 3656 1822 3725 τῇ

240 3746 365 3820 δόξῃ
390 3747 486 3801 τοῦ
511 3746 728 3800 πάντων
751 3744 907 3816 ἡμῶν
923 3745 1176 3816 Σωτῆρος
1196 3744 1433 3816 Χριστοῦ
1451 3745 1823 3816 προσκρούου-

241 3857 323 3894 σιν
354 3839 416 3894 οὐ
449 3837 708 3910 μετρίως,
762 3836 1188 3909 παρεσκεύασαν
1223 3853 1282 3890 τε
1323 3838 1532 3908 γράψαι
1577 3837 1716 3909 πρός
1751 3855 1818 3908 με

241 3931 330 3988 τὸν
375 3929 802 3984 θεοσεϐέστατον
853 3930 951 3984 καὶ
1015 3928 1312 3983 ὁσιώτατον
1368 3930 1468 4000 τῆς
1521 3930 1824 4004 ωρροιέων

241 4023 544 4080 ιπίσκοπον
587 4020 842 4076 ’Δκάκιον
887 4023 1072 4075 είκαῖά
1097 4038 1238 4085 τινα,
1280 4021 1356 4085 ὡς
1389 4021 1570 4076 αὐτῶν
1600 4020 1827 4076 ἀἰτούν-

242 4134 370 4178 των.
403 4115 603 4186 χρῆναι
651 4113 749 4185 μὲν
800 4113 1019 4169 ἅπαντα
1059 4113 1129 4166 τὰ
1180 4113 1313 4184 παρ’
1340 4113 1499 4184 ἡμῶν
1542 4114 1825 4185 γραφέντα

245 4203 394 4266 κατά
415 4201 714 4273 Νεστορίου
759 4202 1156 4274 παραλύεσθαι,
1191 4202 1283 4258 καὶ
1319 4203 1394 4267 ώς
1423 4203 1604 4276 ἄκυρα
1639 4206 1827 4277 ῥίπτε-

245 4292 406 4350 σθαι·
437 4293 730 4347 συνθέσθαι
757 4293 815 4346 δὲ
869 4293 1014 4362 μόνῳ
1043 4292 1120 4363 τῷ
1174 4294 1434 4364 Συμὸόλῳ
1456 4296 1557 4367 τῆς
1591 4296 1824 4360 πίστεως

245 4385 348 4457 τῆς
393 4384 709 4456 ὁρισθείσης
736 4383 890 4456 παρά
917 4385 1024 4439 τῶν
1046 4385 1218 4453 ἁγίων
1263 4386 1523 4458 Πατέρων
1545 4389 1604 4441 ἐν
1631 4391 1699 4459 τῇ
1729 4389 1827 4442 Νι-

247 4479 431 4535 καέων
461 4477 634 4531 πόλει.
675 4471 798 4531 Οἵδε
824 4476 881 4530 δὲ
907 4478 940 4549 ἡ
971 4476 1037 4548 σὴ
1068 4477 1285 4549 ὁσιότης
1311 4481 1393 4533 ὅτι
1427 4479 1672 4534 τοιαῦται
1725 4481 1828 4536 πά-

246 4567 338 4624 λαι
373 4566 556 4621 αὐτῶν
590 4566 646 4620 αἱ
695 4565 988 4638 προτάσεις
1018 4562 1158 4637 ἦσαν
1210 4569 1349 4622 κατά
1385 4567 1483 4640 τὴν
1512 4569 1619 4623 τῶν
1665 4571 1826 4639 Ἐφε-

250 4660 382 4714 σίων
435 4656 611 4711 πόλιν.
657 4655 800 4725 Ἐγὼ
847 4656 904 4710 δὲ
963 4657 1100 4729 πρὸς
1164 4659 1341 4712 ταῦτα
1397 4660 1674 4731 γέγραφα,
1745 4666 1828 4719 ὅτι

251 4752 487 4822 πρᾶγμα
518 4747 761 4804 αιτοῡσιν
793 4748 893 4802 οὐκ
913 4748 1258 4821 ινδεχάμενον
1281 4765 1298 4781 ο
1326 4754 1687 4826 γεγράφαμεν
1719 4755 1827 4826 γὰρ

250 4840 449 4914 ὀρθῶς,
481 4840 518 4895 ἀ
569 4841 946 4911 γεγράφαμεν,
981 4843 1044 4912 τῇ
1075 4841 1206 4913 ὀρθῇ
1247 4844 1342 4896 καὶ
1370 4845 1661 4917 ἀμωμήτῳ
1703 4863 1827 4901 συν-

1913 2363 2153 2436 Cyrinus
2182 2365 2237 2418 in
2263 2362 2496 2418 Domino
2522 2362 2775 2416 salutem.

1983 2452 2177 2523 Opera:
2213 2452 2450 2523 pretium
2492 2450 2624 2506 duxi
2657 2451 2918 2520 pietatem
2954 2459 3104 2505 tuam
3136 2449 3205 2507 de
3237 2451 3304 2507 iis
3335 2450 3504 2509 rebus

1915 2544 2210 2600 certiorem
2236 2543 2440 2607 facere,
2463 2557 2584 2612 qua
2614 2557 2781 2613 super
2803 2543 3178 2598 Ecclesiarum
3205 2560 3340 2614 pace
3367 2560 3504 2601 cou-

1916 2635 2196 2693 stitueuda
2235 2642 2560 2691 evenerunt.
2600 2633 2764 2690 Venit
2811 2635 2998 2705 itaque
3046 2635 3305 2693 dominus
3350 2653 3508 2694 meus

1917 2727 2374 2806 praeclarissimas
2421 2725 2681 2781 tribunus
2706 2734 2763 2781 et
2786 2726 3039 2782 notarius
3063 2725 3371 2784 Aristolaus
3391 2728 3507 2785 An-

1919 2821 2201 2886 tiochiam,
2238 2817 2455 2874 litteras
2504 2820 2683 2890 regias
2739 2835 2928 2875 secum
2979 2820 3263 2885 deferens.
3305 2821 3511 2893 quibus

1917 2912 2114 2969 Joauni
2140 2911 2388 2982 piissimo
2414 2911 2674 2966 Ecclesiae
2695 2911 3054 2967 Antiochense
3074 2913 3335 2984 episcopo
3358 2931 3514 2970 man-

1920 3003 2175 3068 dabatur,
2211 3010 2272 3056 ut
2305 3001 2571 3056 scelerata
2609 3001 2853 3056 Nestorii
2892 3000 3147 3073 dogmata
3189 3003 3506 3060 anathema-

1921 3095 2136 3160 tizaret,
2167 3109 2383 3150 necnon
2408 3109 2516 3147 una
2542 3107 2668 3146 cum
2696 3102 2883 3147 sancta
2909 3093 3119 3163 synodo
3150 3093 3513 3164 depositionis

1923 3185 2249 3242 sententiam
2291 3192 2484 3239 contra
2527 3183 2683 3237 illum
2727 3182 2918 3251 ferret,
2951 3192 3117 3256 atque
3155 3185 3230 3239 ita
3268 3195 3510 3241 nostram

1923 3276 2365 3332 communionem
2393 3283 2625 3346 peteret.
2658 3274 2727 3331 Et
2757 3276 2876 3331 haec
2903 3276 3127 3346 quidem
3157 3276 3514 3332 continebant

1924 3369 2030 3425 illae
2062 3369 2279 3424 litterae.
2314 3366 2549 3434 Quidam
2581 3375 2767 3422 autem
2797 3384 2861 3422 ex
2888 3366 3266 3423 Orientalibus
3293 3367 3511 3438 episco-

1922 3462 2009 3533 pis
2031 3461 2123 3532 qui
2146 3460 2461 3516 Nestorium
2487 3459 2629 3514 forte
2649 3459 2888 3514 necdum
2923 3460 3384 3524 condemnarunt,
3416 3469 3515 3516 aut

1924 3553 2090 3608 etiam
2125 3551 2204 3606 illi
2238 3551 2444 3615 favent,
2481 3556 2688 3604 rectam
2718 3558 2966 3605 nostram
3000 3550 3165 3606 ﬁdem
3202 3549 3513 3615 offendunt,

1924 3653 1980 3697 et
1998 3641 2204 3697 Christi
2229 3642 2476 3697 omnium
2500 3650 2749 3697 nostrum
2781 3639 3082 3696 Salvatoris
3103 3638 3332 3711 gloriam
3366 3638 3516 3694 haud

1924 3734 2281 3791 mediocriter
2341 3743 2699 3806 oppugnant,
2749 3742 2917 3805 atque
2971 3732 3046 3787 ita
3107 3731 3517 3788 sanctissimum

1925 3827 2342 3898 piissimumque
2387 3826 2649 3880 Acacium
2700 3824 3121 3879 Berrhceensem
3171 3823 3515 3893 episcopum.

1927 3929 2003 3974 ut-
2032 3918 2098 3974 ad
2138 3934 2226 3972 me
2263 3917 2501 3973 absurda
2537 3916 2788 3988 quadam
2831 3916 3122 3980 scriberet,
3153 3914 3516 3979 induxerunt,

1925 4021 2186 4081 tanquam
2223 4010 2326 4081 ipsi
2360 4009 2705 4080 postularent
2754 4016 3012 4079 oportere
3057 4014 3119 4060 ut
3171 4005 3359 4060 omnia
3395 4019 3519 4074 qua:

1926 4101 2192 4158 adversus
2205 4080 2518 4156 Nestorium
2538 4099 2878 4168 scripsimus,
2898 4097 3277 4162 abolerentur,
3295 4102 3353 4150 et
3366 4094 3521 4149 velut

1928 4194 2086 4249 irrita
2122 4194 2506 4264 rejicerentur,
2542 4192 2832 4262 solumque
2883 4189 3202 4261 Symbolum
3250 4204 3281 4243 a
3314 4187 3521 4244 sanctis

1927 4283 2186 4340 Patribus
2229 4283 2286 4337 in
2332 4282 2556 4337 civitate
2599 4281 2778 4336 Nicaea
2821 4279 3165 4350 congregatis
3203 4276 3518 4349 expositum

1927 4375 2364 4430 admitteremus.
2406 4372 2654 4428 Meminit
2686 4371 2946 4428 sanctitas
2981 4377 3072 4424 tua
3103 4384 3282 4440 nuper
3315 4367 3520 4440 Ephesi

1928 4483 2149 4540 quoque
2192 4466 2463 4538 ejusmodi
2509 4467 2579 4521 ab
2626 4465 2737 4519 illis
2777 4463 3094 4535 pr0positas
3128 4462 3297 4518 fuisse
3332 4461 3522 4518 condi-

1928 4559 2126 4614 tiones.
2164 4559 2280 4628 Ego
2311 4573 2443 4614 vero
2471 4557 2540 4611 ad
2572 4557 2692 4611 haec
2725 4554 3009 4625 rescripsi,
3039 4569 3154 4608 rem
3187 4553 3309 4608 illos
3331 4560 3522 4624 postu-

1928 4652 2044 4707 lare
2071 4667 2193 4722 quae
2217 4650 2336 4706 ﬁeri
2363 4651 2522 4720 plane
2546 4665 2654 4704 non
2687 4648 2882 4719 possit,
2904 4663 2971 4702 eo
2994 4645 3142 4716 quod
3173 4659 3520 4715 quaecunque

1929 4743 2270 4814 scripsimus,
2309 4753 2458 4798 recte
2495 4741 2902 4812 scripserimus,
2942 4749 3130 4810 utpote
3175 4747 3339 4792 rectae
3374 4735 3517 4791 inte-

1928 4854 2150 4910 grteque
2176 4836 2302 4891 ﬁdei
2330 4836 2774 4906 patrocinantes;
2805 4833 3056 4902 nihilque
3089 4845 3319 4900 prorsus
3350 4843 3418 4883 ex
3451 4827 3521 4883 iis

254 4931 612 5002 αγορεύοντες
638 4931 849 4983 πίστει·
887 4930 978 4984 καὶ
998 4932 1150 4986 οὐδὲν
1172 4933 1234 4986 τὸ
1255 4937 1519 5004 παράπαν
1544 4937 1653 4991 τῶν
1686 4939 1830 4993 ἰδίων

1931 4945 2052 5000 qua:
2075 4945 2107 4983 a
2128 4927 2291 4982 nobis
2311 4928 2514 4998 scripta
2537 4934 2744 4988 essent,
2771 4939 2968 4994 negare
2995 4938 3097 4978 nos
3119 4936 3300 4992 posse.
3329 4918 3520 4992 Neque

254 5021 588 5094 ἀρνούμεθα.
619 5021 694 5075 Οὐ
719 5021 827 5092 γὰρ
849 5022 1064 5094 εἴρηταί
1093 5041 1148 5077 τι
1165 5022 1212 5090 ι,
1247 5026 1499 5099 καθάπερ
1529 5029 1680 5082 αὐτοί
1728 5049 1829 5098 φα-

259 5128 362 5179 σιν,
392 5111 705 5183 ἀτημελῶς,
740 5113 876 5167 ἀλλὰ
911 5114 1010 5185 τῆς
1042 5116 1332 5187 ὀρθότητος
1369 5120 1602 5190 ἐχόμενα
1637 5140 1830 5176 παντε-

255 5203 361 5269 λῶς
396 5204 495 5258 καὶ
529 5202 806 5275 πανταχοῦ
838 5206 932 5258 καὶ
960 5208 1026 5277 τῇ
1044 5209 1144 5276 τῆς
1169 5208 1428 5280 ἀληθείας
1450 5211 1678 5282 δυνάμει
1708 5230 1834 5266 συνε-

256 5296 519 5367 τρὸχοντα
540 5311 555 5328 ο
581 5295 778 5365 χρῆναι
810 5295 868 5348 δὲ
909 5296 1108 5366 μᾶλλον
1141 5298 1336 5362 αὐτοὺς
1373 5301 1448 5371 μὴ
1477 5301 1835 5372 περιδρομαῖς

257 5403 365 5441 τισι
412 5388 508 5440 καὶ
555 5385 848 5449 ἀναϐολαῖς
880 5388 1181 5458 κεχρῆσθαι
1218 5391 1512 5455 τοιαύταις,
1558 5395 1694 5462 μήτε
1731 5395 1837 5465 μὴν

260 5475 362 5544 ιξω
420 5476 683 5545 φέρεσθαι
723 5478 832 5529 τῶν
865 5477 1201 5545 ἀναγκαίων,
1243 5480 1379 5532 ἀλλὰ
1418 5481 1560 5535 κατὰ
1593 5484 1653 5536 τὸ
1679 5484 1836 5551 δόξαν

1933 5023 2083 5077 enim
2124 5021 2424 5092 quidquam
2457 5019 2683 5073 omnino
2722 5025 2933 5071 temere
2971 5030 3003 5070 a
3042 5029 3130 5068 me
3173 5013 3380 5068 dictum
3411 5020 3518 5075 est,

1938 5124 2000 5169 ut
2022 5113 2125 5183 ipsi
2148 5112 2380 5167 dicunt:
2408 5112 2502 5166 sed
2523 5126 2587 5165 ea
2613 5118 2823 5164 tantum
2867 5123 2990 5177 qua:
3023 5122 3149 5161 cum
3191 5103 3317 5159 fidei
3357 5104 3521 5158 recti-

1933 5206 2125 5262 tudine
2177 5205 2384 5274 ubique
2440 5203 2750 5266 cohaerent,
2802 5199 3136 5269 veritatique
3184 5212 3282 5267 per
3331 5197 3520 5251 omnia

1933 5298 2290 5354 consentiunt
2323 5316 2335 5350 :
2366 5297 2690 5366 :equiusque
2720 5294 2894 5349 multo
2919 5308 3041 5348 esse
3077 5299 3137 5345 ut
3165 5289 3290 5360 ipsi,
3327 5289 3518 5344 amlua-

1934 5393 2094 5462 gibus
2123 5391 2232 5445 illis
2257 5405 2320 5444 ac
2345 5389 2706 5445 dilationibus
2731 5387 2934 5457 quibus
2959 5384 3258 5441 utebantur
3311 5380 3514 5444 missis,

1941 5484 2100 5556 156
2130 5499 2309 5554 neque
2348 5483 2492 5537 ultra
2537 5497 2698 5551 quam
2747 5479 3043 5535 necessitas
3081 5477 3341 5548 postulat,
3387 5489 3517 5546 pro-

1330 5634 1505 5693 νοτία
1530 5637 1794 5696 lectiones
1832 5639 2037 5695 codicis
2073 5639 2432 5709 Seguieriani.

332 5787 356 5828 Ιι
399 5787 454 5841 σί
501 5787 848 5858 ἐφέλκεσθαι.
933 5788 944 5827 ι
996 5787 1227 5860 εἴρηται.
