4126 6314
631 348 732 407 25!

1665 343 1722 398 S.
1761 318 2035 397 CYRILLl
2073 327 2536 391 ALEXANDBINI
2575 323 2891 383 ARCHIEP.

634 461 1015 533 graderentur,
1053 457 1148 515 sed
1188 456 1418 529 piissimi
1457 457 1675 525 Deoque
1722 451 2060 509 dilectissimi
2099 449 2200 504 im-

2316 442 2366 499 εὖ
2395 444 2537 516 ἐχειν
2562 441 2656 494 καὶ
2685 438 2835 509 αὐτῷ
2861 436 2938 508 τῷ
2965 431 3366 504 θεοσεϐεστάτῳ
3398 428 3494 484 καὶ
3519 429 3881 501 θεοφιλεστάο

635 553 906 624 peratoris
949 566 1226 622 sacraque
1277 549 1464 622 synodi
1511 547 1722 618 placitis
1770 545 2199 614 acquiescentes,

632 645 873 702 Nestorii
897 660 1071 716 nugas
1095 651 1153 699 et
1181 635 1547 711 blasphemias
1583 647 1772 693 contra
1803 636 2081 691 Christum
2113 632 2199 687 di-

633 749 753 795 ctas
779 737 1327 799 anathematizarent;
1361 745 1574 786 necnon
1603 738 1659 784 et
1687 727 2016 798 depositioni
2055 725 2202 779 illius

634 830 1032 892 consentirent,
1063 836 1225 896 atque
1252 823 1653 880 ordinationem
1681 819 2010 876 sanctissimi
2044 819 2199 888 pien-

634 903 939 989 tissimique
971 917 1213 988 episcopi
1247 915 1557 970 Maximiani
1590 911 2028 982 comprobarent.
2063 908 2198 965 Cum

632 1012 816 1083 itaque
864 1011 962 1066 has
999 1009 1067 1065 ad
1108 1009 1231 1064 illos
1271 1009 1482 1063 litteras
1524 1005 1817 1069 misissem,
1854 1002 2198 1058 animadver-

633 1112 811 1160 tentes
836 1118 895 1157 se
920 1086 1358 1158 communionem
1393 1101 1638 1171 recipere
1659 1115 1768 1153 non
1801 1112 1979 1169 posse,
2009 1094 2111 1150 nisi
2134 1108 2200 1149 ea

631 1209 753 1263 quae
789 1193 967 1248 facere
1005 1192 1301 1255 debebant,
1336 1191 1494 1261 prius
1525 1189 1903 1260 perfecissent,
1934 1187 2202 1242 miserunt

632 1284 1012 1340 Alexandriam
1052 1283 1276 1338 Paulum
1313 1281 1832 1337 reverendissimum
1863 1277 2201 1349 religiosissi-

632 1389 892 1442 mumque
931 1373 1250 1430 Emisenum
1288 1373 1627 1444 episcopum,
1657 1371 1748 1441 qui
1779 1369 1846 1426 ad
1879 1383 1966 1423 me
1993 1369 2208 1423 litteras

629 1467 873 1529 aﬂ'erret,
899 1465 1304 1521 communionis
1325 1464 1548 1535 quidem
1579 1462 2028 1518 instaurationem
2065 1474 2199 1514 con-

627 1565 940 1617 cernentes,
965 1572 1157 1628 parum
1185 1565 1364 1611 tamen
1389 1562 1538 1610 recte
1560 1554 1810 1609 dictatas.
1833 1552 1950 1607 Prw
1975 1566 2033 1605 se
2060 1550 2203 1605 fere-

629 1651 764 1707 bant
792 1651 938 1706 enim
968 1648 1230 1721 quasdam
1263 1648 1514 1718 querelas
1553 1647 1818 1701 adversus
1845 1660 1944 1700 nos
1975 1644 2198 1710 habere,

629 1742 786 1811 quasi
815 1741 1062 1811 quaedam
1099 1740 1153 1794 in
1186 1754 1343 1794 sacro
1371 1739 1606 1793 concilio
1635 1752 1812 1807 neque
1846 1743 1994 1791 recte
2032 1734 2200 1799 dicta,

2306 557 2384 610 τῳ
2414 535 2644 609 βασιλεῖ,
2668 532 2764 586 καὶ
2777 534 2842 602 τῇ
2862 531 2993 602 ἁγίᾳ
3011 526 3232 596 συνόδῳ,
3259 524 3355 590 τὰς
3383 523 3673 594 Νιστορίου
3704 521 3880 593 φλυα-

2311 629 2448 701 ρίας,
2476 625 2570 680 καὶ
2612 622 2711 687 τὰς
2752 620 2896 676 κατὰ
2943 616 3177 690 Χριστοῦ
3212 615 3512 686 γενομένας
3535 613 3879 687 δυσφημίας,

2307 715 2728 792 ἀναθεματίσαι,
2758 710 3091 785 ὁμολογῆσαί
3121 725 3182 762 τε
3204 707 3304 777 τὴν
3336 705 3652 777 καθαίρεσιν
3674 703 3872 771 αὐτοῦ,

2305 815 2398 868 καὶ
2429 808 2715 866 συνθέσθαι
2742 808 2810 877 τῇ
2838 800 3142 875 χειροτονίᾳ
3162 797 3257 853 τοῦ
3284 796 3600 856 δσιωτάτου,
3638 799 3733 850 καὶ
3751 796 3880 851 θεο-

2308 904 2630 959 σεσεστάτου
2674 897 2974 954 ἐπισκόπου
3019 888 3386 963 Μαξιμιανοῦ.
3434 888 3653 942 Totier
3692 889 3885 944 τοίνυν

2304 1000 2436 1068 παρ’
2475 993 2609 1067 ἐμοῦ
2653 986 3100 1061 διαπεμφθέντων
3150 982 3334 1046 αὐτοῖς
3360 980 3470 1035 τῶν
3508 981 3880 1052 γραμμάτων,

2307 1083 2731 1158 συνεωρακότες,
2777 1081 2859 1134 δτι
2910 1077 3009 1132 οὐκ
3065 1073 3133 1129 ἂν
3178 1071 3395 1127 λάϐοιεν
3439 1073 3536 1144 τὴν
3565 1070 3880 1138 κοινωνίαν,

2309 1176 2386 1250 μὴ
2405 1179 2485 1240 είς
2505 1177 2677 1247 πέρας
2701 1169 3073 1244 ἐνηνεγμένων
3095 1158 3170 1220 ὧν
3185 1163 3294 1219 ἔδει
3314 1166 3486 1218 ποιεῖν
3500 1163 3720 1230 αὐτοὺς,
3737 1163 3882 1218 άπο-

2307 1268 2612 1325 στέλλουσιν
2632 1269 2712 1330 είς
2727 1264 2827 1337 τὴν
2841 1259 3240 1331 Ἀλεξάνδρειαν
3255 1254 3347 1309 τὸν
3367 1255 3759 1310 εὐλαϐέστατον
3781 1253 3885 1310 καὶ

2305 1355 3031 1430 θεοφιλέστατονέπίσκοπον
3053 1353 3149 1423 τῆς
3172 1345 3480 1419 Ἐμισηνῶν
3501 1347 3733 1410 Παῦλον,
3755 1349 3885 1401 ἐπι-

2305 1450 2666 1523 κομιζόμενον
2699 1447 2835 1519 πρός
2865 1463 2933 1516 με
2959 1447 3282 1517 γράμματα,
3313 1442 3604 1498 κοινωνικὰ
3629 1439 3750 1510 μιν,
3781 1438 3887 1493 ὃπ-

2306 1539 2668 1612 αγορευθέντα
2682 1538 2737 1592 δὲ
2757 1537 2818 1592 οὐ
2829 1545 2867 1573 ω
2885 1536 3094 1606 σφόδρα
3109 1534 3473 1605 καθηκόντως.
3485 1526 3887 1609 Προσεποιοῦν-

2305 1651 2366 1688 το
2393 1637 2501 1705 γὰρ
2532 1631 2624 1686 καὶ
2658 1630 2894 1702 μέμψεις
2927 1629 3247 1698 προσάγειν,
3278 1626 3354 1690 ὡς
3383 1625 3484 1678 οὐκ
3509 1622 3686 1694 ὀρθῶς
3716 1633 3887 1675 τινων

2309 1725 2633 1797 εἰρημένων.
2673 1723 2771 1777 καὶ
2817 1720 3226 1792 πεπραγμένων
3269 1719 3328 1771 ἐν
3364 1721 3432 1789 τῇ
3475 1716 3607 1788 ἁγίᾳ
3650 1712 3883 1787 συνόδῳ.

630 1805 809 1903 neque
834 1805 984 1887 recte
1011 1831 1150 1886 facta
1176 1839 1381 1886 essent.
1411 1830 1613 1886 Verum
1641 1805 1953 1900 huiusmodi
1982 1828 2205 1898 quidem

2316 1816 2414 1868 Καὶ
2459 1815 2559 1877 τὰς
2608 1811 2707 1882 μὲν
2749 1810 3007 1873 τοιαύτας
3043 1808 3333 1872 ἐπιστολὰς
3376 1810 3436 1862 οὐ
3489 1805 3887 1878 προσηκάμην,

583 1961 585 1964 ι
626 1924 889 1995 epistolas
925 1940 1038 1978 non
1073 1923 1290 1987 admisi,
1318 1923 1412 1978 sed
1450 1922 1731 1994 respondi.
1789 1922 1926 1977 Cum
1958 1922 2026 1976 de
2061 1922 2201 1992 prio-

629 2015 785 2070 ribus
814 2013 1028 2070 veniam
1059 2013 1382 2084 suppliciter
1404 2021 1593 2082 petere
1617 2012 1902 2075 deberent,
1931 2011 2206 2081 quomodo

627 2122 801 2163 novas
827 2107 1028 2163 iterum
1060 2105 1423 2161 contumelias
1453 2105 1654 2160 inferre
1687 2103 1924 2159 audent?
1951 2102 2088 2157 Cum
2112 2119 2210 2156 au-

630 2205 742 2253 tem
770 2205 1109 2252 memoratus
1136 2196 1417 2266 piissimus
1439 2196 1726 2264 episcopus
1758 2193 1959 2248 factum
1983 2209 2209 2249 excusa-

631 2298 735 2355 ret,
764 2290 1188 2360 juramentoque
1219 2285 1532 2350 allirmaret,
1561 2301 1670 2340 non
1705 2301 1825 2341 esse
1859 2286 1962 2341 hoc
1987 2286 2206 2341 illorum

631 2379 999 2450 propositum,
1036 2377 1131 2434 sed
1173 2392 1241 2432 ex
1282 2392 1432 2432 mera
1474 2376 1641 2432 animi
1677 2377 2027 2447 simplicitate
2057 2375 2209 2431 adid

631 2470 986 2526 scribendum
1025 2484 1346 2542 progressos
1382 2485 1524 2534 esse,
1561 2469 1845 2524 charitatis
1877 2483 2039 2525 causa
2073 2485 2207 2539 pur-

629 2564 906 2636 gationem
963 2563 1181 2619 admisi.
1241 2563 1515 2619 Caeterum
1583 2579 1694 2617 non
1754 2562 1910 2633 prius
1952 2563 2102 2617 illum
2140 2561 2207 2616 ad

629 2659 875 2730 synaxim
899 2657 1083 2728 recepi
1106 2672 1294 2727 quam,
1319 2655 1448 2711 dato
1469 2655 1678 2720 libello,
1702 2655 1936 2711 Ne'storii
1957 2656 2211 2725 degmata

629 2766 731 2806 suo
760 2752 969 2821 scripto
1001 2749 1538 2814 anathemauzasset,
1580 2763 1747 2819 seque
1787 2748 1940 2803 illum
1980 2763 2081 2818 pro
2117 2747 2213 2802 de-

629 2841 812 2912 posito
834 2841 1037 2898 habere
1059 2840 1341 2897 confessus
1362 2847 1529 2905 esset,
1556 2850 1612 2896 et
1637 2839 1969 2894 ordinationi
1991 2838 2212 2910 religio-

630 2935 834 2991 sissimi
854 2935 1095 3007 episcopi
1118 2933 1426 2999 Maximiani
1444 2933 1798 2988 assensisset..
1817 2932 1984 2987 Petiit
2006 2940 2211 2996 autem,

635 3034 696 3081 ιιι
717 3026 837 3082 istis
861 3042 892 3081 ιι
918 3041 976 3081 se
1001 3025 1245 3085 omnium
1280 3023 1818 3095 religiosissimorum
1852 3019 2212 3076 Orientalium

631 3119 1016 3190 episcoporum
1046 3118 1167 3172 loco
1195 3115 1393 3172 oblatis
1414 3114 1638 3178 libellis,
1670 3113 1809 3168 nihil
1837 3113 2071 3183 amplius
2099 3112 2214 3168 exi-

634 3226 850 3281 gerem;
887 3207 1034 3278 quod
1077 3208 1228 3262 nulla
1275 3207 1485 3262 ratione
1524 3205 1642 3260 ﬁeri
1687 3221 1807 3260 sum
1844 3221 2038 3275 passus
2068 3221 2083 3260 :
2117 3205 2213 3261 sed

634 3314 745 3354 una
776 3313 901 3354 cum
926 3297 1151 3352 domino
1175 3311 1299 3352 meo
1323 3297 1740 3367 praeclarissimo
1770 3296 1994 3351 tribuno
2019 3312 2085 3353 ac
2111 3311 2214 3351 no-

635 3388 777 3444 tario
808 3386 1084 3466 Aristolao
1122 3387 1263 3442 duos
1303 3401 1335 3441 e
1376 3386 1581 3441 nostris
1619 3385 1834 3441 clericis
1869 3386 1992 3441 misi
2029 3386 2218 3443 Antio-

633 3481 836 3545 chiam,
867 3481 1225 3551 cbartamque
1258 3479 1478 3541 tradidi,
1509 3480 1774 3535 mandans
1809 3487 1891 3544 ut,
1908 3480 1954 3535 si
1980 3480 2218 3536 Joannes

636 3571 1130 3628 reverendissimus
1183 3572 1444 3633 Ecclesia:
1501 3572 1861 3627 Antiochense
1927 3573 2218 3642 episcopus

637 3662 1049 3734 subscripserit,
1075 3672 1134 3719 et
1162 3663 1310 3718 illam
1339 3664 1636 3734 acceperit,
1663 3672 1796 3719 tunc
1821 3665 2040 3719 demum
2073 3664 2206 3720 litte-

639 3770 731 3811 ras
764 3754 834 3811 de
862 3756 1249 3811 communione
1286 3755 1599 3812 redderent.
1630 3754 1794 3826 Egre
1829 3755 1975 3811 enim
2007 3770 2206 3810 moram

641 3846 854 3903 ferebat
883 3856 1219 3903 memoratus
1248 3848 1587 3903 clarissimus
1613 3847 1872 3902 tribunus
1893 3846 2216 3903 Aristolaus.

635 3939 776 3994 Cum
800 3939 969 4010 igitur
992 3939 1274 4010 piissimus
1287 3940 1524 3996 Joannes
1547 3939 1985 4010 subscripsisset,
2010 3942 2223 3996 caeteri-

636 4046 748 4100 que
785 4031 881 4102 qui
903 4047 1028 4087 cum
1051 4033 1168 4102 ipso
1187 4033 1516 4089 illustriores
1537 4041 1718 4097 erant,
1753 4049 1990 4104 cumque
2026 4034 2223 4090 Nesto-

643 4121 711 4176 rii
755 4121 1063 4178 doctrinam
1107 4124 1696 4190 anathematizassent,
1745 4131 1802 4178 et
1849 4123 1995 4195 quod
2043 4125 2221 4194 ipsum

2308 1909 2423 1962 ἀλλ’
2452 1908 2612 1977 ἔφην,
2647 1907 2732 1960 ὅτι
2771 1907 2821 1958 οἱ
2856 1904 2952 1959 καὶ
2998 1902 3334 1973 συγγνώμην
3376 1903 3548 1955 αίτεῐν
3579 1899 3894 1969 ὀφείλοντες

2307 2000 2402 2054 ἐπὶ
2445 2001 2556 2062 τοῖς
2613 1997 2870 2067 φθάσασι,
2934 1994 3054 2058 πῶς
3111 1992 3207 2047 καὶ
3275 1991 3531 2065 δευτέρας
3585 1989 3893 2058 ἐπάγουσιν

2309 2091 2524 2162 ὕϐρειςς
2569 2084 3030 2157 Ἀπολογυυμένου
3060 2084 3117 2139 δέ
3137 2082 3232 2138 τοῦ
3269 2078 3735 2153 μνημονευθέντος
3765 2077 3894 2132 θεο-

2310 2182 2638 2236 σεσεστάτου
2683 2177 3003 2241 ἐπισκόπου,
3040 2175 3328 2245 ἐνωμότως
3373 2190 3434 2226 τε
3468 2168 3887 2238 διαδεδαιουμέ-

2308 2289 2420 2335 νου,
2451 2271 2526 2342 μὴ
2551 2267 2791 2322 τοιοῦτον
2817 2265 3113 2336 ἐσχηκέναι
3138 2264 3338 2317 σκοπὸν
3374 2262 3594 2326 αὐτοὺς,
3636 2260 3696 2326 ἐξ
3721 2258 3894 2314 ἁπλό-

2306 2379 2466 2434 τητος
2494 2361 2549 2414 δὲ
2586 2359 2786 2430 μᾶλλον
2812 2359 2903 2411 ἐπὶ
2930 2358 2991 2410 τὸ
3014 2357 3251 2427 γράμμα
3281 2354 3478 2420 ἐλθεῖν,
3499 2353 3893 2426 παρηκάμην³

2307 2454 2401 2507 καὶ
2460 2450 2619 2504 τοῦτο
2659 2450 2747 2504 διὰ
2799 2450 2900 2520 τὴν
2959 2450 3201 2519 ἀγάπην.
3233 2448 3309 2502 Οὐ
3361 2449 3624 2519 πρότερον
3669 2445 3725 2499 δέ
3760 2461 3897 2499 συν-

2308 2544 2540 2615 αχθῆναι
2582 2541 2730 2612 αὐτῷ
2775 2539 3202 2612 συγκεχώρηκα,
3255 2540 3306 2593 εί
3357 2539 3433 2610 μὴ
3478 2537 3680 2608 βισλίον
3721 2535 3898 2601 δοὺςο

2309 2635 2622 2705 ἐγγράφως,
2657 2631 3019 2703 ἀνεθεμάτισε
3051 2632 3122 2685 τά
3159 2629 3458 2698 Νεστορίου
3493 2627 3762 2699 δόγματα.
3797 2626 3898 2681 καὶ

2309 2728 2661 2800 ὡμολόγησεν
2707 2724 2851 2797 ἔχειν
2900 2723 3065 2778 αὑτὸν
3123 2721 3530 2793 καθῃρημένον,
3581 2722 3676 2774 καὶ
3724 2719 3880 2774 συντί

2311 2821 2499 2875 θεσθαι
2550 2821 2617 2890 τῇ
2666 2815 3095 2888 χειροτονίᾳτοῦ
3130 2815 3522 2870 εὐλαὸεστάτου
3578 2812 3887 2873 ἐπισκόπου

2311 2911 2680 2984 Μαξιμιανοῦ.
2718 2910 2829 2965 Καὶ
2859 2909 3010 2978 ἠξίου
3045 2909 3165 2979 μὲν,
3206 2907 3297 2974 ὡς
3321 2907 3460 2979 ὑπὲρ
3511 2905 3732 2960 πάντων
3785 2902 3901 2959 τῶν

2313 3006 2453 3060 κατὰ
2480 3004 2579 3076 τὴν
2625 3000 2911 3072 ’Δνατολὴν
2931 3001 3100 3056 ὅντων
3125 2999 3560 3054 θεοσεδεστάτων
3584 2996 3901 3058 ἐπισκόπων

2313 3101 2382 3155 τά
2408 3099 2634 3153 τοιαῦτα
2668 3096 2846 3167 βιϐλία
2893 3095 3054 3160 δοὺς.
3091 3093 3256 3165 μηδὲν
3295 3093 3482 3165 ἕτερον
3515 3092 3688 3168 ,ἡμᾶς
3737 3105 3902 3161 προσο

2315 3193 2636 3263 ατοαιτῆσαι.
2671 3189 3009 3260 Ἦνεσχόμην
3030 3186 3087 3240 δὲ
3115 3185 3387 3257 οὐδαμῶς·
3414 3182 3554 3238 ἀλλὰ
3579 3182 3687 3253 γάρ
3710 3197 3805 3236 συν
3816 3179 3904 3248 εξ-

2319 3282 2541 3353 έπεμψα
2566 3282 2645 3353 τῷ
2674 3281 2848 3351 κυρίῳ
2884 3296 2986 3350 μου
3023 3277 3100 3350 τῷ
3145 3277 3586 3348 θαυμασιωτάτῳ
3630 3273 3906 3348 τριϐοὑνῳ

2317 3376 2412 3428 καὶ
2439 3374 2672 3445 νοταρίῳ
2715 3371 3067 3443 Ἀριστολάῳ,
3098 3369 3191 3424 δύο
3226 3369 3337 3423 τῶν
3373 3369 3660 3441 ἡμετέρων
3702 3370 3900 3440 κληρι-

2319 3464 2431 3519 κῶν
2476 3466 2556 3527 είς
2605 3463 2703 3534 τὴν
2741 3463 3094 3533 Ἀντιόχειαν,
3145 3461 3463 3533 ἐγχειρίσας
3512 3460 3746 3531 χάρτην,
3801 3459 3901 3513 καὶ

2317 3555 2509 3622 είπὼν,
2537 3557 2618 3610 ὅτι
2645 3555 2770 3609 Ἐὰν
2792 3554 3088 3627 ὑπογράφῃ
3113 3557 3140 3609 ό
3160 3552 3577 3616 θεοσεεέστατος
3605 3551 3907 3615 ἐπίσκοπος

2332 3647 2665 3718 Ἀντιοχείας
2695 3646 2972 3718 Ἰωάννης,
3002 3647 3096 3700 καὶ
3124 3645 3348 3715 δέξηται
3373 3641 3583 3708 τοῦτον,
3606 3641 3728 3694 τότε
3761 3641 3907 3696 dmi-

2317 3739 2440 3794 δοτε
2462 3737 2532 3792 τά
2570 3738 2885 3792 κοινωνικὰ.
2933 3737 3315 3807 Ἐδυσχέραινε
3343 3735 3459 3806 γὰρ
3484 3743 3510 3784 1³
3539 3735 3633 3786 ἐπὶ
3654 3731 3732 3801 τῷ
3767 3729 3910 3802 βρά-

2319 3832 2398 3884 δει
2431 3830 2890 3902 ἀμνημονευθεὶς
2929 3825 3383 3900 θαυμασιιὲιτατος
3437 3824 3722 3895 τριϐοῦνος
3760 3824 3909 3895 ’Δρι-

2323 3924 2566 3988 στόλαος.
2615 3921 3068 3995 ’Υπογράψαντος
3112 3921 3295 3974 τοίνυν
3339 3917 3438 3973 τοῦ
3487 3915 3911 3973 θεοσεΰεστάτου

2322 4015 2622 4069 ἐπισκόπου
2664 4015 2914 4068 Ἰωάννου
2936 4053 2951 4076 ,
2979 4014 3076 4068 καὶ
3104 4011 3214 4066 τῶν
3249 4011 3347 4064 σὺν
3371 4009 3522 4080 αὐτῷ
3546 4007 3910 4080 ἐπιφανεστέ-

2325 4125 2459 4181 ρων,
2507 4105 3028 4178 άναθεματισάντων
3085 4104 3143 4158 δὲ
3200 4103 3380 4157 αὐτῶν
3443 4103 3556 4156 τὰς
3604 4101 3910 4175 Νεστορίου

642 4228 744 4281 pro
788 4212 1041 4284 deposito
1083 4214 1385 4280 haberent,
1430 4214 1663 4285 professi
1709 4194 1921 4280 essent,
1968 4214 2122 4286 157
2159 4231 2212 4272 ac

2322 4202 2592 4273 δόγματα,
2629 4201 2726 4254 καὶ
2756 4198 3215 4272 ὁμολογησάντων
3259 4196 3408 4269 ἔχειν
3441 4195 3609 4250 αὐτὸν
3653 4194 3911 4268 καθῃρη-

644 4302 957 4358 Maximiani
1018 4304 1418 4376 religiosissimi
1477 4305 1916 4375 pientissimique
1977 4307 2212 4376 episcOpi

2328 4296 2512 4360 μένον,
2549 4293 2896 4364 συνθεμένων
2924 4310 2983 4346 τε
3011 4293 3081 4363 τῇ
3107 4289 3417 4361 χειροτονίᾳ
3438 4286 3537 4354 τοῦ
3574 4288 3911 4341 εὐλαϐεστά-

643 4393 1048 4452 ordinationem
1105 4396 1540 4467 approbassent,
1606 4398 2051 4454 communionem
2115 4398 2212 4454 illis

2324 4406 2416 4442 του
2445 4391 2539 4443 καὶ
2580 4387 3004 4442 θεοσεϐεστάσιου
3033 4383 3336 4438 ἐπισκόπου
3369 4381 3737 4454 Μαξιμιανοῦ.
3776 4383 3913 4436 ἁπο-

647 4487 1004 4544 restituimus.
1054 4488 1179 4545 Haec
1227 4489 1376 4544 enim
1425 4491 1542 4544 sola
1588 4489 1752 4544 etiam
1792 4489 1992 4560 Ephesi
2037 4499 2212 4546 sancta

2329 4480 2642 4548 δεδώκαμεν
2692 4478 2791 4549 τὴν
2847 4476 3152 4532 κοινωνίαν.
3187 4474 3371 4528 Ταῦτα
3431 4474 3541 4546 γὰρ
3588 4474 3771 4538 αὐτοῖς
3821 4471 3912 4527 καὶ

644 4580 889 4650 synodus
917 4581 985 4636 ab
1018 4583 1155 4652 ipsis
1190 4582 1459 4653 exigebat.
1489 4581 1638 4638 Sciat
1662 4591 1718 4637 et
1745 4583 1851 4638 hoc
1885 4599 2104 4654 quoque
2135 4592 2226 4640 tua

647 4671 928 4734 sanctitas,
960 4672 1432 4743 religiosissimum
1467 4673 1980 4744 pientissimumque
2009 4691 2226 4744 8|)|S('0-

647 4773 776 4828 pum
815 4760 1043 4815 Paulum
1090 4762 1248 4818 initio
1301 4764 1599 4833 plurimum
1649 4763 1912 4819 institisse
1958 4762 2224 4830 llclladii,

649 4851 922 4917 Eutherii,
952 4851 1201 4920 Himerii,
1235 4863 1290 4909 et
1324 4855 1587 4911 Dorothei
1626 4855 2002 4926 depositorum
2039 4871 2222 4921 causa,

651 4943 957 5015 obnixeque
1007 4961 1250 5016 rogasse,
1301 4955 1363 5001 ut
1399 4964 1521 5017 qua:
1568 4959 1758 5003 contra
1813 4949 1961 5019 ipsos
2006 4948 2228 5004 decreta

651 5041 827 5097 erant,
857 5033 1279 5104 abrogarentur.
1319 5035 1637 5090 Aﬁirmabat
1674 5037 1844 5096 enim,
1882 5050 2073 5104 pacem
2120 5034 2224 5089 Ec-

653 5123 942 5178 clesiarum
981 5125 1144 5180 aliter
1179 5125 1370 5195 perﬁci
1415 5142 1523 5180 non
1563 5143 1741 5196 posse,
1772 5129 1873 5181 nisi
1919 5126 1970 5181 id
2009 5142 2226 5196 quoque

653 5213 849 5269 fuisset
866 5214 1156 5285 adjectum.
1183 5215 1295 5288 Ego
1313 5232 1447 5272 vero
1471 5218 1890 5287 respondebam,
1913 5235 2026 5273 rem
2050 5219 2226 5288 ipsum

656 5306 832 5362 modis
865 5308 1123 5362 omnibus
1162 5308 1554 5378 lmpossibilem
1595 5312 1803 5374 conari,
1837 5327 1902 5365 eo
1943 5311 2088 5380 quod
2130 5326 2231 5364 nos

657 5397 804 5452 istud
865 5414 1144 5469 nunquam
1211 5416 1455 5456 essemus
1519 5404 1860 5472 permissuri.
1916 5403 2233 5458 Manscrunt

659 5497 843 5559 itaque
868 5491 922 5544 in
954 5491 1144 5546 eodem
1179 5493 1491 5560 schismate,
1531 5495 1582 5548 in
1612 5512 1718 5564 quo
1742 5496 1904 5548 etiam
1935 5509 2080 5547 nunc
2104 5509 2232 5562 per-

2329 4573 2472 4628 κατὰ
2501 4571 2600 4643 τὴν
2656 4570 2922 4641 Ἐφεσίων
2979 4566 3313 4641 μητρόπολιν
3365 4566 3708 4635 προετείνετο
3757 4565 3913 4637 παρὰ

2328 4669 2428 4738 τῆς
2464 4667 2628 4735 ἁγίας
2657 4665 2896 4720 συνὸδου.
2937 4665 3103 4717 Ἵστω
3140 4662 3198 4716 δὲ
3223 4663 3446 4714 κάκεῖνο
3481 4662 3512 4730 ἡ
3552 4659 3620 4730 σὴ
3657 4659 3911 4729 ὁσιότης.

2327 4755 2521 4826 ἐνέστη
2591 4754 2690 4825 μὲν
2744 4753 2854 4825 γὰρ
2893 4756 2950 4806 ἐν
2988 4753 3186 4822 ἀρχαῖς
3243 4750 3470 4806 πλεῖστα
3517 4748 3852 4819 παρακαλῶν
3885 4751 3914 4803 ό

2328 4847 2724 4910 εὑλαδέστατος
2769 4845 2865 4900 καὶ
2917 4843 3340 4914 θεοφιλέστατος
3371 4842 3670 4905 ἐπίσκοπος
3701 4840 3913 4908 Παῦλος

2335 4939 2443 4993 τῶν
2477 4939 2879 5009 καθῃρημένων
2902 4938 3089 5000 ἕνεκα,
3118 4933 3415 4988 Παλλαδίου
3459 4951 3543 4996 τε,
3575 4933 3670 4986 καὶ
3694 4943 3713 4970 τ
3742 4932 3914 5003 Εὑθηο

2336 5032 2476 5101 ρίου,
2503 5031 2756 5101 Ἱμερίου,
2790 5029 2886 5083 καὶ
2909 5027 3209 5100 Δωροθέου,
3237 5027 3332 5080 καὶ
3353 5026 3504 5097 ἠξίου
3528 5027 3595 5078 τὰ
3615 5026 3702 5079 ἐπ’
3732 5026 3913 5091 αὐτοῖς

2332 5123 2592 5193 ἀργῆσαι,
2629 5122 3030 5191 διατεινόμενος
3067 5118 3141 5188 μὴ
3181 5119 3381 5190 ἑτέρως
3419 5117 3681 5171 δύνασθαι
3715 5116 3913 5193 τὴνλεί-

2537 5213 2644 5266 τῶν
2689 5186 3025 5282 Ἐκκλησιῶν
3055 5186 3335 5281 ἐνεχθῆναι
3380 5212 3515 5282 πρὸς
3543 5209 3736 5278 πέρας,
3764 5186 3915 5280 είμὴ

2334 5305 2657 5377 προστεθείη
2693 5307 2787 5359 καὶ
2818 5306 2994 5359 τοῦτο.
3033 5304 3172 5374 Ἐγὼ
3201 5304 3255 5358 δὲ
3282 5305 3439 5374 ἔφην,
3465 5301 3710 5372 ἀδυνάτῳ
3736 5301 3913 5372 πράγ-

2334 5415 2470 5467 ματι
2505 5400 2803 5468 ἐπιχειρεῖν
2830 5397 2996 5451 αὐτόν
3021 5415 3032 5426 ι
3068 5398 3163 5451 καὶ
3203 5395 3362 5450 τοῦτο
3390 5396 3492 5447 οὐκ
3534 5392 3749 5448 ἔσεσθαί
3783 5411 3914 5449 ποτε

2342 5489 2471 5561 παρ’
2501 5491 2677 5562 ἡμῶν.
2726 5491 3083 5561 Μεμενήκασι
3129 5490 3306 5542 τοίνυν
3357 5489 3415 5538 ἐν
3545 5483 3639 5538 καὶ
3687 5483 3783 5537 νῦν
3809 5485 3914 5558 tim

1745 5651 1921 5706 VariJz
1954 5652 2217 5705 lectiones
2242 5646 2447 5704 codicis
2478 5648 2840 5719 Seguieriani.

730 5793 774 5823 τι
813 5783 871 5839 δέ
896 5801 994 5839 που
1023 5785 1104 5838 οὐ,
1185 5795 1210 5823 ιι
1249 5785 1624 5851 προσηκάμην.
1707 5796 1728 5821 ³
1772 5785 2007 5849 ἐπιδούς.

2097 5796 2120 5833 ι»
2159 5782 2237 5839 δέ.

2314 5795 2339 5834 ιι
2385 5802 2437 5835 τε
2486 5784 2571 5836 τά.
2658 5793 2674 5817 τ
2727 5780 2997 5835 Ἐλλαδίνιυ

3035 5780 3091 5834 τὲ
3128 5798 3266 5851 φημι
3301 5781 3413 5834 καὶ.
