4154 6322
1559 340 1895 398 EPISTULA
1936 341 2124 399 XLIX.

3367 338 3478 400 286

228 451 466 524 σχίσματι
492 465 515 494 ι
537 469 554 485 ·
595 453 698 519 καὶ
729 455 956 530 οὐδεμία
1010 458 1237 528 γέγονεν
1270 472 1453 512 αυτιον
1496 459 1685 529 μνήμη
1731 459 1789 513 tv

1910 469 2181 527 ueverant;
2223 474 2405 532 neque
2449 460 2557 518 ulla
2609 477 2804 518 eorum
2850 477 2908 518 ιιι
2949 461 3365 519 conditionibus
3407 458 3479 516 de

225 545 331 608 sui;
382 544 686 615 συνθήκρις
721 549 841 612 ταῖς
872 548 1003 620 περὶ
1057 548 1157 618 τῆς
1199 549 1426 619 εἰρήνης
1468 546 1576 602 τῶν
1623 548 1793 618 ἁγίων

235 638 582 711 Ἑκκλησιῦν.
622 642 946 715 Γεγράφασι
974 643 1031 696 δὲ
1059 642 1160 715 τὴν
1200 643 1370 715 αὐτὴν
1400 643 1795 715 επιστολὴν,ὴν

225 730 460 803 tanta
481 731 624 805 ⁴ιτρός
662 751 758 807 με,
797 735 1051 807 καὶπρὸς
1079 735 1207 800 τοὺς
1231 735 1680 796 θεοσεδεστατους
1703 738 1796 789 καὶ

225 826 538 891 ὁσιωτάτους
563 827 926 892 επισκόπους,
960 828 1050 881 τόν
1072 845 1133 881 τε
1160 830 1260 899 τῆς
1293 827 1536 900 μεγάλης
1578 825 1797 899 Ῥώμης

223 916 432 982 Etim,
467 920 567 974 καὶ
596 921 696 974 τὸν
726 920 826 990 τῆς
870 920 1033 988 ἁγίας
1069 919 1188 973 τῶν
1226 920 1799 974 Κωνσταντινουπολι-

221 1010 322 1064 τῶν
392 1011 727 1084 Ἐκκλησίας
779 1012 1146 1082 Μαξιμιανόν.
1204 1011 1316 1066 Καὶ
1373 1007 1443 1084 ἦν
1501 1013 1798 1081 ἀναγκαίαν

222 1099 457 1171 ἀκριϐῶς
496 1101 821 1173 διδαχθῆναι
868 1102 1042 1156 ταῦτα
1079 1101 1180 1172 τὴν
1216 1101 1316 1173 σὴν
1345 1099 1687 1172 τελειότητα·
1723 1100 1800 1165 ὡς

221 1192 283 1250 ἂν
319 1197 390 1266 μή
439 1211 592 1258 τινες
641 1195 806 1266 ῑτερα
859 1192 976 1248 ἀνθ’
1004 1191 1207 1263 ἑτέρων
1243 1192 1505 1262 φλυαρεῖν
1526 1191 1796 1256 εἰωθότες,

220 1285 488 1356 ταράξωσί
520 1301 684 1350 τινας
715 1283 824 1340 τῶν
863 1283 1130 1352 ἀδελφῶν,
1167 1283 1244 1347 ὡς
1283 1283 1450 1355 ἡμῶν
1486 1281 1801 1355 ἀρνησαμέ-

221 1391 321 1429 νων
346 1375 387 1431 ἃ
406 1376 780 1448 γεγράφαμεν
812 1375 954 1430 κατὰ
979 1375 1089 1429 τῶν
1138 1376 1431 1448 Νεστορίου
1460 1375 1798 1446 δυσφημιῶν.

232 1467 552 1522 ’Δκεστειλα
585 1468 648 1522 δὲ
701 1468 798 1537 κα)
820 1469 888 1522 τά
918 1468 1010 1522 an.
1053 1466 1162 1520 τῶν
1193 1466 1511 1530 ἐπιστολῶνδ
1537 1467 1636 1535 τῆς
1669 1466 1801 1535 παρ’

225 1558 361 1632 εμοῦ
406 1559 728 1631 γραφείσης
760 1561 897 1632 πρὸς
917 1560 1014 1613 τὸν
1047 1559 1438 1613 εὐλαϐέστατον
1463 1559 1562 1630 τῆς
1601 1559 1806 1610 Ἀντιο-

219 1651 366 1722 χείας
410 1652 725 1706 ἐπίσκοπον
799 1652 1072 1723 Ἰωάννην,
1132 1650 1228 1703 καὶ
1284 1650 1384 1721 τῆς
1443 1649 1574 1720 παρ’
1635 1647 1801 1702 αὐτοῦ

219 1745 523 1816 γραφείσης
557 1747 698 1818 πρός
729 1761 797 1815 με
821 1745 916 1798 tati;
943 1743 1020 1816 τῷ
1060 1741 1491 1813 άναθεματισμῷ
1544 1742 1652 1794 τῶν
1693 1740 1800 1794 Νε-

221 1838 431 1908 πορὶου
468 1839 820 1910 δυσφημιῶν,
847 1840 943 1893 καὶ
980 1839 1048 1909 τῇ
1073 1836 1393 1908 καθαιρέσει
1441 1834 1632 1900 αὑτοῦ,
1660 1833 1800 1906 πρὸς

219 1929 514 2000 εὐμάθειαν
546 1931 758 2004 άκριδῆ
791 1932 892 2003 τῆς
920 1932 1018 2003 σῆς
1046 1932 1410 2004 τελειότητος.
1458 1932 1570 1985 Καὶ
1607 1929 1800 2001 ἑτέρως

221 2020 508 2086 επιστολάς
533 2021 690 2092 παρὰ
708 2020 914 2085 ταύτας
940 2020 1358 2094 προσκομιζέτω
1387 2020 1598 2091 μηδείς.
1622 2019 1803 2090 Πρόσ-

221 2129 336 2168 ειπε
373 2113 475 2186 τὴν
529 2117 632 2170 σὺν
679 2115 764 2168 σοι
814 2113 1179 2188 ἀδελφότητα.
1238 2114 1305 2168 Σὲ
1345 2115 1379 2186 ἡ
1417 2113 1516 2166 σὺν
1565 2113 1699 2186 ἡμῖν
1745 2115 1803 2167 ὲν

219 2204 437 2277 Χριστῷ
466 2208 485 2244 ί
530 2206 956 2280 προσαγορεύει.

1895 567 2028 626 pace
2077 564 2393 611 sanctarum
2441 554 2813 610 Ecclesiarum
2863 552 3162 625 propositis
3209 553 3349 609 facta
3393 559 3482 608 est

1896 649 2121 704 mentio.
2159 648 2428 704 Miserum
2464 657 2652 704 autem
2689 647 2940 704 eamdem
2978 647 3128 702 illam
3167 643 3479 715 epistolam.

1895 755 2061 810 quam
2089 739 2160 795 ad
2184 756 2270 796 me
2298 742 2655 811 scripserunt,
2683 741 2751 796 ad
2773 739 3485 812 piissimus-sanctissimos-

1897 847 2004 902 que
2038 831 2268 904 Xystum
2298 846 2506 903 magna
2534 832 2740 896 Romae,
2768 840 2825 886 et
2859 831 3249 887 Maximianum
3281 836 3486 885 sancta

1899 923 2159 978 Ecclesia:
2200 921 2821 992 Constantinopolitanae
2868 919 3180 991 episcopos.
3233 918 3292 973 Id
3333 916 3484 988 quod

1901 1015 2270 1086 integritatem
2326 1023 2477 1070 tuam
2540 1013 2830 1086 perspicue
2889 1027 3052 1068 nosse
3113 1011 3486 1066 necessarium

1901 1106 2026 1172 fuit,
2044 1122 2123 1162 ne
2162 1107 2304 1162 forte
2334 1106 2523 1178 aliqui,
2549 1107 2644 1178 qui
2674 1106 2778 1160 alia
2811 1121 2910 1176 pro
2950 1103 3075 1160 aliis
3106 1118 3251 1174 saepe
3290 1101 3488 1173 nugari

1902 1196 2099 1262 solent,
2131 1197 2426 1252 nonnullos
2456 1213 2525 1252 ex
2562 1195 2827 1252 fratribus
2862 1195 3219 1258 conturbent,
3256 1191 3489 1264 perinde

1903 1301 1968 1343 ac
1999 1287 2046 1342 si
2083 1302 2185 1342 nos
2215 1301 2336 1356 quae
2362 1296 2554 1342 contra
2587 1286 2825 1342 Nestorii
2861 1286 3236 1357 blasphemias
3261 1284 3490 1356 scripsi-

1905 1392 2047 1444 mus,
2077 1377 2278 1432 iterum
2315 1377 2816 1433 retractaverimus.
2851 1375 2973 1431 Misi
3013 1384 3199 1430 autem
3241 1373 3490 1445 exempla

1905 1470 2283 1540 epistolarum,
2318 1478 2434 1524 tum
2466 1470 2606 1540 ejus,
2645 1483 2808 1539 quam
2856 1467 2925 1522 ad
2955 1468 3224 1524 Joannem
3264 1467 3490 1536 religio-

1907 1562 2184 1619 sissimum
2215 1562 2531 1619 Antiochiae
2563 1564 2886 1635 episcopum
2928 1563 3148 1633 scripsi,
3183 1554 3304 1617 tum
3341 1560 3492 1616 illius

1909 1669 2167 1720 rursum,
2216 1671 2339 1724 quae
2385 1654 2453 1710 de
2501 1655 2960 1730 anathematismo
3018 1652 3490 1724 blasphemiarum

1908 1747 2148 1803 Nestorii
2199 1747 2378 1817 deque
2427 1748 2675 1820 ejusdem
2725 1742 3068 1819 depositione
3118 1746 3234 1816 ipse
3285 1742 3355 1798 ad
3405 1757 3493 1797 me

1905 1840 2054 1896 misit
2087 1858 2106 1894 :
2136 1847 2194 1895 ut
2227 1841 2514 1912 integritas
2557 1850 2649 1896 tua
2691 1841 2809 1895 haec
2840 1839 3024 1894 omnia
3057 1852 3222 1908 quam
3255 1833 3490 1890 exactis-

1905 1934 2042 1990 sime
2075 1943 2386 2004 pernoscat.
2428 1934 2544 1990 Nec
2576 1935 2716 1990 ullas
2749 1933 2887 1988 alias
2916 1931 3132 1987 litteras
3166 1938 3368 2000 praeter
3394 1926 3498 1983 bas

1908 2025 2181 2097 quispiam
2220 2025 2479 2097 proferat.
2513 2024 2702 2080 Saluta
2731 2040 2856 2096 quae
2885 2032 3068 2079 tecum
3110 2029 3197 2077 est
3235 2016 3476 2075 fraterni-

1912 2130 2098 2177 tatem.
2135 2120 2212 2177 Te
2241 2129 2428 2177 nostra
2458 2120 2513 2175 in
2547 2120 2782 2176 Domino
2810 2118 3037 2175 salutat.

1401 2517 1738 2576 EPISTOLA
1769 2519 1939 2576 XLIX
1978 2517 2072 2592 (οι.
2113 2517 2325 2588 mn).

1120 2696 1186 2734 AD
1215 2692 1547 2735 ωΙΙΙΔΝυΙ
1577 2691 2246 2733 εοινετιιιετιιιιονοιιτιιιιυι
2283 2689 2587 2730 EPISCOPUI

1350 2831 1611 2906 Ejusdem
1647 2849 1766 2886 cum
1795 2834 2067 2905 superiore
2090 2833 2419 2903 argutum“.

289 2994 381 3067 Τῷ
412 2994 698 3066 όσιωτάτῳ
753 2994 850 3048 καὶ
875 2995 1168 3067 ἁγιωτάτῳ
1192 2994 1429 3068 δεσπότῃ
1477 2993 1620 3064 ἐμῷ,
1646 2992 1804 3063 ἀρχι-

1983 2988 2419 3061 Religiosissimo
2444 2987 2904 3059 sanctissimeque
2928 2985 3155 3044 domino
3177 3002 3304 3044 meo
3332 2987 3506 3061 Maxi-

223 3087 509 3158 επισκόπῳ
557 3085 734 3157 ηατρὶ
785 3085 1133 3157 Μαξιμιάνῷ,
1165 3086 1434 3158 Κύριλλος
1497 3087 1553 3138 ὲν
1618 3083 1808 3156 Κυρίῳ

1915 3082 2102 3136 miano
2133 3081 2552 3152 archiepiscopo
2591 3090 2647 3137 et
2680 3081 2856 3147 Patri,
2889 3079 3130 3136 Cvrillus
3175 3079 3232 3135 in
3271 3079 3508 3137 Domino

261 3176 463 3231 αίοειν.

261 3192 314 3229 αι
388 3193 463 3231 ιν.

224 3192 258 3246 κ
295 3192 414 3322 οῗκ
566 3267 893 3346 ἀμφίϐολον,
943 3267 1026 3321 δτι
1077 3268 1256 3340 πάντη
1283 3284 1345 3322 τε
1386 3269 1482 3322 καὶ
1511 3267 1729 3330 πάντως
1756 3266 1814 3320 al

223 3357 321 3428 τῆς
358 3357 464 3427 σῆς
501 3357 786 3430 ὁσιότητος
825 3356 1106 3429 ίσχύσουσι
1153 3358 1486 3429 προσευχαί·
1521 3355 1812 3411 κατανεύει

222 3451 330 3523 γὰρ
363 3451 606 3523 ἑτοίμως
639 3454 754 3516 τοῖς
783 3449 1072 3521 ἀγαπῶσιν
1101 3449 1264 3504 αὑτὸν
1315 3451 1345 3504 ό
1391 3450 1609 3505 πάντων
1655 3448 1813 3520 ἡμῶν

224 3543 453 3616 Σωτήρο
479 3545 624 3599 ὥστε
674 3543 908 3597 ῑκαοτον
973 3543 1070 3598 καὶ
1114 3543 1208 3595 ἐπὶ
1245 3539 1420 3612 τούτῳ
1446 3540 1708 3612 χαίροντά
1753 3557 1814 3595 τε

225 3635 317 3689 καὶ
339 3634 781 3705 ἀνασκιρτῶντα,
801 3633 983 3702 λέγειν
1003 3649 1016 3663 ⁸
1049 3653 1070 3687 ι
1097 3635 1369 3688 Ἤκουσεν
1408 3635 1473 3686 ἐκ
1503 3630 1631 3685 ναοῦ
1655 3630 1813 3699 ἁγίου

227 3729 398 3783 αὐτοῦ
436 3729 621 3800 φωνῆς
649 3745 773 3799 μου,
810 3728 906 3782 καὶ
943 3728 1219 3799 ήκραυγή
1250 3744 1350 3798 μου
1385 3724 1617 3780 ἐνώπιον
1646 3721 1812 3777 αὑτοῦ

227 3820 602 3876 είσελεύσεται
631 3821 713 3886 είς
754 3821 824 3876 τά
851 3813 968 3874 ὦτα
995 3819 1185 3874 αὐτοῦ.
1208 3839 1228 3871 ι
1277 3818 1407 3872 Ἰδοὺ
1431 3819 1562 3890 γὰρ,
1595 3817 1703 3870 ίδοὺ
1747 3817 1816 3870 τά

226 3911 604 3982 διεσπασμένα
669 3911 805 3984 μέλη
865 3910 960 3966 τοῦ
1003 3911 1103 3982 τῆς
1159 3908 1484 3982 Ἐκκλησίας
1540 3907 1814 3978 σώματος,

230 4005 484 4078 συνήφθη
504 4006 669 4060 πάλιν
690 4006 942 4078 ἀλλήλοις
960 4024 974 4038 ·
1010 4007 1102 4060 καὶ
1125 4006 1404 4076 διατέμνει
1434 4005 1534 4077 μὲν
1561 4005 1711 4059 οὐδὲν
1736 4006 1815 4068 είς

228 4098 498 4170 διχόνοιαν
523 4098 651 4162 τοὺς
668 4097 1084 4170 ίερουργοῦντας
1111 4098 1174 4152 τὸ
1199 4097 1532 4167 Εὑαγγέλιον
1560 4095 1654 4151 τοῦ
1679 4098 1817 4168 Χρι-

232 4191 384 4245 στοῦ.
417 4191 533 4262 Μιᾷ
580 4191 637 4246 δὲ
686 4192 738 4245 οί
767 4191 970 4256 πάντες
1025 4191 1439 4261 στεφανούμεθα
1487 4191 1691 4252 πίστει,
1725 4190 1817 4242 τὸν

213 4283 342 4338 τιτῶν
380 4283 614 4337 ἀνοσίων
642 4285 871 4355 εὑρετὴν
900 4283 1194 4356 Νεστόριον
1226 4283 1331 4350 ἔξω
1366 4282 1474 4336 τῶν
1515 4281 1677 4352 ἱερῶν
1695 4282 1820 4336 ἐλά·-

233 4388 434 4436 σαντες
458 4372 784 4441 περιϐόλων,
812 4374 907 4428 καὶ
957 4373 1161 4443 ἀγέλης
1201 4371 1456 4441 εὐγενοῦς
1481 4371 1819 4442 ἀποστήσαν-

233 4481 326 4529 τες
373 4465 468 4518 τὸν
511 4464 933 4537 ψευδοποιμένα.
965 4466 1162 4535 Γέγονε
1205 4464 1262 4519 δὲ
1291 4461 1574 4517 καὶτοῦτο
1620 4461 1680 4517 ἓν
1707 4462 1816 4516 τῶν

237 4557 343 4611 σῶν
387 4557 722 4630 κατόρθωμα
771 4560 1120 4632 προσευχῶν..
1165 4559 1320 4614 Ἐπεὶ
1365 4559 1546 4613 τοίνυν
1594 4558 1816 4628 φροντὶς

237 4647 516 4718 ἀναγκαία
544 4648 738 4718 γέγονε
787 4652 884 4706 καὶ
923 4655 1038 4716 τοῖς
1067 4651 1478 4715 εὐσεϐεστάτοις
1507 4650 1818 4720 βασιλεῦσιν

239 4740 438 4812 ἠπερὶ
473 4740 583 4794 τῶν
620 4742 960 4815 Ἑκκλησιῶν
1001 4745 1233 4815 εἰρήνη,
1290 4741 1564 4814 εὐχόμεθα
1611 4743 1670 4796 δὲ
1723 4742 1818 4795 καὶ

238 4833 404 4904 ἡμεῖς
441 4831 618 4897 αὐτοὶ,
660 4833 916 4902 γενέσθαι
947 4835 1046 4906 μὲν
1073 4836 1138 4888 ὲκ
1183 4835 1351 4906 μέσου
1379 4835 1442 4888 τὺ
1470 4834 1816 4906 διατειχίζον,

241 4921 333 4974 καὶ
352 4921 642 4993 διατέμνον
668 4923 814 4994 ἡμᾶς
838 4926 917 4989 είς
941 4925 1223 4996 διαφοράν,
1258 4927 1571 5000 ἀναλάμψαι
1606 4927 1662 4980 δὲ
1705 4944 1819 4996 φω-

237 5016 330 5077 τὸς
372 5013 532 5084 δίκην
583 5013 703 5085 Θεῷ
748 5015 1010 5088 φιλτάτην
1055 5018 1304 5092 εἰρήνην,
1354 5019 1812 5090 ὁμολογησάντων

240 5101 556 5172 ιγγράφως,
599 5102 698 5158 τοῦ
746 5103 1198 5176 θεοφιλεστάτου,
1253 5111 1348 5165 καὶ
1397 5110 1818 5164 θεοσεσεστάτου

253 5193 572 5266 ’Δντιοχέων
614 5196 942 5269 Ἐκκλησίας
975 5201 1244 5264 Ἰωάννου,
1276 5202 1370 5256 καὶ
1404 5203 1512 5257 τῶν
1534 5204 1631 5257 σὺν
1668 5201 1819 5273 αὐτῷ

239 5286 650 5342 εὐλαϐεστάτων
691 5290 1025 5357 επισκόπων,
1075 5295 1159 5348 ὅτι
1198 5294 1580 5366 καθῃρημένον
1637 5295 1820 5366 ἔχουσι

239 5375 556 5450 Νεστόριον,
586 5379 682 5433 καὶ
719 5380 1176 5452 άναθεματίζουσι
1223 5387 1317 5452 τὰς
1357 5389 1604 5452 ἀνοσίους
1655 5390 1821 5442 αὑτοῦ

314 5539 354 5566 δ’
381 5538 522 5593 Psal.
558 5555 688 5602 xm,
722 5540 773 5594 7.

1840 3149 1888 3213 ο
1917 3174 2176 3229 salutem.

1983 3266 2224 3322 Dubium
2265 3265 2430 3336 plane
2473 3264 2689 3320 nullum
2717 3271 2868 3330 erat,
2897 3262 3032 3334 quin
3063 3261 3373 3319 sanctitatis
3401 3267 3509 3318 tua:

1913 3374 2108 3430 preces
2145 3359 2373 3414 omnino
2399 3367 2457 3414 et
2490 3372 2710 3426 semper
2736 3355 2984 3411 eilicaces
3015 3362 3224 3418 essent,
3253 3353 3508 3425 quando-

1913 3453 2138 3523 quidem
2162 3452 2414 3508 Salvator
2445 3449 2693 3505 omnium
2720 3455 2973 3518 prompte
3005 3447 3374 3516 alacriterque
3409 3460 3508 3500 eo-

1913 3561 2038 3600 rum
2062 3545 2207 3599 votis
2239 3557 2484 3598 annuere
2513 3541 2671 3606 solet,
2699 3539 2794 3610 qui
2831 3539 3012 3609 ipsum
3041 3538 3299 3609 diligunt,
3330 3537 3407 3592 ita
3449 3544 3512 3592 ut

1913 3653 2035 3694 eam
2077 3637 2150 3693 ob
2194 3651 2314 3691 rem
2358 3632 2592 3706 quilibet
2634 3647 2760 3686 cum
2815 3629 3004 3685 laetitia
3046 3636 3103 3683 et
3143 3626 3512 3683 exsultatione

1915 3731 2102 3787 dicere
2154 3734 2322 3799 queat
2365 3744 2377 3780 :
2419 3745 2437 3778 ι
2480 3723 2776 3780 Exaudivit
2825 3722 2894 3778 de
2948 3721 3154 3792 templo
3185 3728 3375 3775 sancto
3409 3733 3512 3774 suo

1914 3837 2107 3878 vocem
2148 3835 2349 3886 meam,
2378 3827 2435 3874 et
2478 3819 2686 3873 clamor
2729 3831 2888 3871 meus
2936 3815 2992 3869 in
3038 3823 3336 3884 conspectu
3392 3813 3515 3883 ejus

1921 3902 2083 3986 158
2118 3912 2370 3968 introivit
2410 3911 2468 3966 in
2507 3925 2670 3965 aures
2708 3910 2829 3980 ejus
2848 3909 2914 3961 δ’.
2948 3927 2966 3959 ι
3002 3906 3145 3962 Ecce
3177 3907 3349 3968 enim,
3381 3919 3513 3960 ecce

1915 4005 2128 4061 divulsa
2155 4020 2219 4060 ec
2256 4001 2518 4059 lesiastici
2547 4000 2797 4071 corporis
2826 3999 3078 4055 membra
3107 4013 3328 4054 rursum
3368 3996 3515 4052 inter

1917 4116 1976 4157 se
2003 4100 2312 4156 coadnnata
2339 4107 2490 4162 sunt,
2524 4106 2581 4151 et
2607 4097 2718 4165 jam
2751 4094 2889 4148 nihil
2923 4093 3200 4163 reliquum
3228 4099 3315 4147 est
3361 4089 3511 4160 quod

1916 4195 2203 4250 ministros
2236 4189 2521 4261 Evangelii
2559 4187 2766 4243 Christi
2811 4202 2912 4256 per
2955 4184 3290 4241 discordiam
3328 4183 3514 4253 sejun-

1916 4295 2025 4360 gat.
2060 4284 2265 4342 Omnes
2302 4289 2488 4338 autem
2536 4295 2643 4334 una
2685 4277 2792 4332 ﬁde
2835 4292 3120 4340 ornamur,
3155 4290 3282 4329 cum
3313 4272 3514 4328 Nesto-

1918 4381 2064 4435 rium
2090 4374 2436 4448 impietatum
2468 4374 2813 4428 inventorem
2842 4385 2873 4426 e
2899 4370 3071 4425 sacris
3100 4367 3270 4438 septis
3303 4365 3516 4436 expuli-

1849 4500 1893 4556 υ
1921 4487 2065 4535 mus,
2092 4479 2149 4525 et
2177 4468 2376 4524 falsum
2405 4477 2682 4538 pastorem
2709 4479 2740 4518 a
2768 4463 2937 4518 nobili
2966 4477 3128 4533 grege
3161 4459 3509 4515 seclusimus.

1923 4564 1992 4619 Et
2027 4563 2134 4616 hoc
2158 4574 2380 4631 quoque
2412 4553 2739 4628 praeclarum
2773 4571 2913 4626 opus
2952 4554 3062 4609 tuis
3095 4552 3357 4624 precibus
3384 4565 3512 4618 per-

1922 4656 2128 4712 fectum
2155 4660 2260 4708 est.
2288 4651 2427 4707 Cum
2461 4665 2590 4722 ergo
2627 4648 2863 4720 piissimi
2897 4648 3257 4716 imperatores
3287 4643 3356 4698 de
3381 4658 3516 4714 pace

1924 4745 2297 4802 Ecclesiarum
2357 4757 2549 4796 curam
2605 4737 3077 4810 pernecessariam
3137 4732 3515 4803 susceperint.

1925 4853 2137 4908 nosque
2171 4837 2275 4907 ipsi
2308 4844 2370 4890 ut
2403 4835 2459 4890 id
2491 4850 2523 4890 e
2555 4833 2738 4889 medio
2765 4830 3059 4886 lacesseret
3115 4825 3263 4898 quod
3293 4839 3395 4879 nos
3426 4823 3516 4877 di-

1925 4931 2168 4996 videbat,
2200 4945 2265 4984 ac
2300 4929 2358 4984 in
2388 4927 2664 4983 discordia
2698 4921 3002 4986 detinebat,
3027 4927 3083 4976 et
3113 4935 3220 4990 pax
3247 4917 3360 4972 Deo
3386 4931 3514 4988 gra-

1927 5022 2139 5078 tissima
2177 5021 2319 5075 lucis
2355 5021 2530 5074 instar
2568 5016 2876 5086 effulgeret,
2909 5013 3141 5068 summis
3171 5009 3316 5066 votis
3344 5022 3515 5079 expe-

1929 5123 2207 5179 teremus;
2249 5126 2486 5182 cumque
2531 5107 2916 5165 sanctissimus
2952 5105 3174 5173 Deoque
3220 5098 3521 5156 dilectissi-

1927 5222 2050 5262 mus
2071 5206 2312 5262 Joannes
2340 5203 2646 5260 Antiochiae
2670 5201 2964 5272 episcopus
2983 5206 3040 5253 et
3057 5195 3238 5252 ueteri
3267 5194 3361 5265 qui
3387 5208 3514 5247 cum

1929 5301 2051 5370 ipso
2083 5306 2241 5354 erant
2277 5295 2723 5352 reverendissimi
2760 5289 3006 5363 episcopi
3043 5289 3250 5359 scripto
3279 5283 3518 5340 confessi

1931 5398 2117 5452 essent
2161 5403 2220 5443 se
2246 5381 2482 5444 Nestorii
2510 5384 2912 5456 depositionem
2946 5391 3119 5436 ratam
3157 5377 3382 5440 habere,
3408 5371 3521 5428 im-

1340 5676 1799 5744 Varimlcctioncs
1828 5677 2035 5734 codicis
2073 5675 2440 5746 Seguieriani.

312 5796 331 5823 ⁸
367 5790 625 5858 σχήματι.
715 5790 731 5824 ί
777 5791 981 5858 Κυρίῳ,
