4126 6314
626 355 735 412 238

1652 357 1711 416 S.
1751 359 2026 416 CYRILLI
2065 359 2537 418 ALEXANDBINI
2573 361 2891 420 ARCHIEP.

3776 365 3889 425 136

626 472 858 543 piasque
886 472 1036 530 illius
1066 472 1437 546 blasphemias
1467 475 1964 546 anathematizare;
2000 478 2214 536 litteras

2323 481 2650 554 δυσφημίας,
2684 481 2950 555 πέπομφα
2983 483 3292 556 γράμματα
3323 484 3458 558 πρός
3495 501 3554 540 τε
3574 482 3673 556 τὴν
3699 484 3891 541 θεοσέ-

625 565 1034 622 eommunionis
1061 575 1178 622 tum
1207 567 1275 622 ad
1303 567 1478 638 ipsius
1499 569 1781 640 pietatem,
1814 579 1932 627 tum
1955 572 2024 626 ad
2047 581 2211 628 caete-

624 667 723 711 ros
759 671 982 728 quoque
1032 657 1322 728 episcopos
1361 659 1486 715 misi
1535 678 1548 714 :
1598 667 1762 732 atque
1803 662 1880 718 ita
1922 664 2212 720 sanctitate

629 755 758 813 tua,
805 747 1144 819 reliquisque
1189 751 1482 816 omnibus,
1535 769 1604 808 ex
1659 753 1861 828 quibus
1909 755 2212 826 perfectum

629 849 833 895 sancta:
875 840 1072 912 synodi
1104 858 1308 914 corpus
1346 845 1707 901 constitutum
1740 857 1847 912 est,
1875 847 1946 909 ad
1984 848 2090 905 hoc
2116 866 2214 905 an-

628 931 932 988 nuentibus
969 941 1026 989 et
1063 936 1542 1002 concurrentibus,
1575 937 1644 992 ad
1690 938 1979 1008 pristinam
2030 940 2213 997 denuo

628 1021 846 1080 reducti
897 1040 1090 1083 sumus
1140 1027 1514 1084 concordiam.
1555 1027 1679 1084 Non
1725 1028 1876 1084 enim
1922 1030 2067 1102 apud
2113 1045 2216 1086 nos

547 1146 549 1148 -
629 1117 916 1172 contentio
944 1126 1040 1172 aut
1067 1119 1410 1175 concertatio
1448 1127 1660 1191 regnat,
1686 1119 1783 1176 sed
1818 1137 1990 1176 unum
2022 1136 2215 1178 omnes

631 1221 860 1279 scopum
885 1209 952 1265 ad
983 1225 1172 1280 pacem
1198 1221 1538 1283 spectantem
1559 1211 1900 1283 propositum
1925 1213 2212 1269 habemus.

631 1299 703 1356 Et
742 1300 789 1357 si
825 1302 1049 1372 quidem
1081 1304 1387 1360 voluissent
1421 1304 1523 1371 illi,
1549 1303 1646 1376 qui
1674 1304 1833 1361 initio
1869 1321 1970 1377 per
2002 1305 2213 1362 discor-

631 1391 778 1448 diam
804 1409 836 1449 a
859 1395 1018 1451 nobis
1040 1395 1414 1462 desciverunt,
1437 1412 1605 1468 seque
1627 1413 1658 1452 a
1681 1397 1842 1454 nobis
1864 1405 2211 1469 separarunt,

631 1484 783 1540 nulla
825 1502 1070 1558 unquam
1111 1489 1394 1544 contentio
1437 1504 1501 1545 ac
1532 1490 1808 1546 discordia
1847 1491 2214 1546 Ecclesiarum

631 1577 951 1635 exstitisset.
971 1581 1358 1637 Verumtamen
1388 1582 1716 1639 benedictus
1740 1582 1990 1639 Salvator
2003 1590 2211 1646 noster,

633 1668 729 1740 qui
764 1669 905 1727 hanc
943 1679 1320 1743 tempestatem
1351 1674 1582 1740 sedavit,
1607 1675 2025 1747 concordiaeque
2064 1683 2213 1729 tran-

632 1761 960 1831 quillitatem
990 1765 1253 1832 restituit,
1294 1766 1461 1837 idque
1494 1784 1593 1838 per
1624 1783 1816 1840 preces
1851 1776 1908 1825 et
1946 1769 2213 1824 interces-

2315 573 2470 634 σιιαν
2493 574 2682 642 αὑτοῦ,
2713 577 2809 630 καὶ
2835 577 2963 642 τοὺς
2993 574 3187 642 ἄλλους
3212 578 3547 645 ἐπισκόπους
3571 579 3887 635 κοινωνικάο

2314 666 2412 722 καὶ
2461 667 2818 740 συνήφθημεν
2857 668 2938 733 είς
2995 669 3270 740 ὁμόνοιαν,
3307 668 3705 742 συπρεχοόσης
3749 669 3891 742 πρὸς

2313 755 2473 812 τοῦτο
2493 757 2588 812 καὶ
2608 761 2707 830 τῆς
2727 759 2828 829 σῆς
2847 759 3147 832 ὁσιότητος,
3159 760 3254 816 καὶ
3281 761 3535 816 ἁπάντων
3554 761 3663 816 τῶν
3688 759 3888 825 ἄλλων,

2315 850 2376 915 ἐξ
2397 843 2472 906 ὧν
2495 850 2558 905 τὸ
2581 851 2682 922 τῆς
2702 851 2864 919 ἁγίας
2887 851 3105 906 συνόδου
3135 852 3324 924 γέγονε
3357 851 3652 926 πλήρωμα.
3677 852 3753 906 Οὐ
3777 852 3892 925 γὰρ

2315 943 2432 1015 ἔρις
2505 942 2602 999 καὶ
2639 943 2943 1013 φιλονεικία
2993 947 3190 1018 κρατεῖ
3239 945 3369 1018 παρ’
3409 946 3578 1016 ἡμῖν’
3622 943 3740 999 ἀλλ’
3789 944 3895 1001 ἕνα

2318 1036 2522 1092 σκοπὸν
2558 1035 2799 1102 ἅπαντες
2821 1037 3141 1109 ἐσχήκαμεν
3170 1037 3308 1109 πρὸς
3334 1039 3561 1109 εἰρήνην
3589 1035 3885 1107 βλέποντα.

2315 1129 2427 1184 Καὶ
2454 1130 2612 1201 εἴπερ
2645 1127 2916 1200 ἠθέλησαν
2944 1130 2994 1183 oi
3015 1128 3075 1196 ἐξ
3106 1128 3283 1201 ἀρχῆς
3297 1130 3430 1201 ἡμῖν
3454 1127 3895 1200 διχονοήσαντες,

2316 1218 2411 1272 καὶ
2442 1219 2672 1282 ἑαυτοὺς
2703 1217 2861 1290 ἡμῶν
2886 1218 3274 1290 ἀποτεμόντες,
3299 1218 3412 1274 οὐδ’
3440 1217 3507 1274 ἂν
3529 1218 3670 1283 ὅλως
3697 1215 3898 1289 γέγονέ

2313 1323 2398 1371 τις
2439 1306 2556 1378 ἐρις
2605 1308 2702 1362 καὶ
2747 1308 2982 1379 διαφορὰ
3011 1309 3122 1363 τῶν
3158 1308 3523 1380 Ἐκκλησιῶν.
3558 1307 3708 1381 Πλὴν
3733 1308 3897 1365 εὐλοι-

2315 1397 2483 1467 γητδς
2531 1401 2560 1453 ό
2610 1400 2822 1473 Σωτὴρ,
2870 1399 2899 1453 ό
2936 1400 3030 1454 τὸν
3081 1400 3326 1474 χειμῶνα
3381 1400 3768 1467 καταπαύσας,
3795 1399 3902 1455 καὶ

2313 1490 2414 1562 τὴν
2446 1491 2548 1561 τῆς
2589 1492 2891 1565 ὁμοψυχίας
2917 1494 3053 1564 ἡμῖν
3098 1491 3358 1558 ἁπλώσας
3415 1494 3659 1566 γαλήνην
3704 1492 3901 1562 εὐχαῖς

2315 1584 2411 1637 καὶ
2449 1582 2771 1656 πρεσϐείαις
2801 1585 2902 1657 τῆς
2935 1584 3039 1656 σῆς
3078 1585 3376 1657 ὁσιότητος,
3413 1587 3508 1641 καὶ
3555 1584 3668 1639 τῶν
3715 1583 3901 1639 ἄλλων

2314 1674 2373 1729 δὲ
2399 1675 2640 1738 πάντων,
2673 1677 2790 1730 ὅσοι
2821 1676 3002 1732 πίστιν
3030 1679 3244 1749 ἔχοντες
3266 1677 3434 1750 ὀρθὴν
3488 1677 3582 1732 καὶ
3601 1674 3898 1748 εἰλικρινῆ,

2315 1767 2416 1839 τὴν
2439 1769 2497 1821 ὲν
2528 1767 2810 1839 Πνεύματι
2862 1769 2958 1824 καὶ
2988 1769 3217 1842 ἀληθείᾳ
3261 1768 3650 1841 προσκύνησιν,
3676 1767 3774 1822 καὶ
3799 1765 3903 1822 λα-

632 1850 819 1907 siones
876 1855 1182 1911 sanctitatis
1241 1865 1349 1915 tua
1404 1864 1468 1913 et’
1516 1832 1752 1914 aliorum
1800 1859 2077 1923 omnium,
2118 1857 2214 1928 qui

2323 1859 2502 1931 τρείαν
2539 1860 2789 1915 τελοῦσιν
2815 1861 2986 1933 αὐτῷ.

635 1949 841 1999 rectam
895 1944 1277 2020 sinceramque
1332 1949 1498 2007 tidem
1550 1951 1854 2017 habentes,
1906 1952 1964 2006 in
2017 1950 2213 2021 spiritu
2289 1961 2346 2008 et
2417 1954 2646 2010 veritate
2695 1954 3070 2011 adorationem
3115 1969 3180 2010 ac
3225 1954 3549 2010 servitutem
3594 1953 3698 2025 ipsi
3739 1949 3872 2010 def.

634 2045 789 2094 runt.

1879 2331 2218 2389 EPISTOLA
2255 2332 2298 2388 L
2339 2333 2431 2406 (οι.
2471 2334 2681 2406 XLIV).

1694 2503 1761 2543 AD
1795 2503 2131 2542 VALERIANUI
2173 2503 2484 2544 ICONIENSEI
2522 2503 2833 2544 EPISCOPUI.

1802 2641 1881 2696 De
1913 2641 2064 2696 Verbi
2095 2643 2466 2697 incarnatione
2492 2643 2740 2714 exegesis.

637 2801 891 2874 Ejusdem
928 2800 997 2854 ad
1031 2795 1370 2874 Valerianum
1408 2794 2217 2874 episgopuntfeiigiosissimum,

705 2872 953 2927 adversus
1011 2885 1096 2924 eos
1155 2869 1245 2940 qui
1291 2866 1452 2940 juxta
1503 2866 1731 2921 Nestorii
1782 2866 2033 2938 dogmata
2085 2882 2221 2921 sen-

707 2943 865 2997 tiunt.

705 3055 853 3110 Satis
874 3051 1096 3124 quidem
1135 3050 1302 3106 habet
1324 3049 1546 3114 virium,
1575 3058 1635 3103 ut
1668 3057 1824 3119 puto,
1851 3050 1962 3104 imo
1995 3064 2128 3106 vero
2161 3057 2223 3104 ut

633 3156 829 3204 natura
863 3146 1030 3201 etiam
1068 3143 1318 3199 veritatis
1341 3142 1529 3206 habet,
1562 3142 1649 3196 vel
1683 3141 1800 3211 ipsa
1825 3150 1931 3195 tuae
1956 3141 2218 3196 sanctita-

635 3242 709 3297 tis
752 3238 1032 3311 vigilantia
1077 3247 1242 3307 atque
1281 3236 1577 3306 prudentia
1612 3236 1666 3289 in
1709 3236 1836 3299 hoc,
1883 3243 1943 3290 ut
1985 3234 2221 3288 viriliter

634 3331 931 3389 admodum
975 3329 1133 3383 vanis
1182 3326 1546 3396 quorumdam
1598 3326 1948 3396 nugamentis
2011 3335 2218 3379 certam

2328 2797 2446 2853 Τοῦ
2492 2800 2687 2868 αὑτοῦ
2729 2797 2879 2866 πρὸς
2917 2798 3322 2868 οὑαλεριανὸν
3365 2800 3723 2868 ἐπίσκοπον,
3753 2805 3909 2860 κατὰ

2603 2867 2722 2921 τῶν
2751 2870 2825 2922 τὰ
2852 2867 3180 2938 Νεστορίου
3211 2872 3615 2939 φρονούντων.

2409 3047 2653 3119 Ἀπόχρη
2712 3050 2830 3118 μὲν,
2891 3050 2967 3112 ὡς
3015 3049 3324 3121 διάκειμαι,
3365 3050 3565 3120 μᾶλλον
3596 3049 3655 3103 δὲ
3702 3049 3798 3104 καὶ
3828 3050 3912 3114 ὡς

2325 3139 2440 3210 ἔχει
2466 3139 2683 3208 φύσεως
2709 3141 2772 3193 τὸ
2800 3139 3022 3211 ἀληθὲς,
3050 3142 3144 3194 καὶ
3167 3143 3200 3212 ὴ
3237 3141 3398 3211 νῆψις
3425 3141 3526 3211 τῆς
3562 3141 3663 3211 σῆς
3689 3140 3877 3213 όσιόκη
3896 3174 3910 3181 -

2323 3247 2437 3294 τος,
2469 3231 2551 3295 εἷς
2586 3247 2650 3299 γε
2695 3230 2757 3283 τὸ
2789 3230 3050 3285 δύνασθαι
3101 3231 3198 3284 κα)⁸
3247 3231 3393 3302 μάλα
3431 3229 3738 3297 νεανικῶς,
3783 3231 3918 3287 ἀνιε-

2323 3324 2628 3393 αναστῆσαι
2654 3322 2715 3374 τὸ
2745 3321 2970 3392 ἀκριϐὲς
2999 3324 3118 3384 ταῖς
3150 3339 3313 3376 τινων
3339 3321 3760 3392 είκαιομυθίαις.
3783 3321 3878 3377 γυ

633 3425 924 3480 veritatem
962 3420 1206 3491 objicere
1246 3426 1430 3488 queat.
1475 3417 1762 3486 Nugantur
1807 3417 1955 3470 enim
2000 3417 2219 3470 aniliter

2323 3411 2642 3482 χρολογοῦσι
2671 3410 2781 3483 γὰρ
2800 3413 3188 3482 γραοπρεπῶς,
3213 3412 3326 3466 ἄνω
3350 3429 3412 3465 τε
3431 3414 3528 3466 καὶ
3551 3413 3702 3466 κάτω
3732 3413 3921 3467 πάντα

635 3515 908 3579 nonnulli,
940 3512 1100 3584 159
1128 3511 1424 3579 omniaque
1461 3524 1678 3564 sursum
1717 3524 1782 3562 ac
1815 3508 2071 3562 deorsum
2098 3524 2221 3577 per-

636 3608 961 3669 miscentes,
1019 3601 1292 3658 incarnati
1348 3600 1626 3670 Unigeniti
1679 3599 1999 3670 mysterium
2061 3607 2222 3653 acute

637 3701 1025 3770 subtiliterque
1070 3696 1363 3768 exquirere
1409 3709 1468 3749 se
1515 3693 1777 3746 simulant
1818 3709 1832 3745 :
1882 3708 1993 3746 non
2038 3701 2222 3746 tamen

639 3794 775 3850 illud
821 3791 1155 3862 intelligunt,
1205 3788 1301 3843 sed
1342 3784 1479 3840 inid
1527 3783 1685 3839 facile
1732 3782 2031 3838 deﬂectunt
2073 3782 2224 3853 quod

636 3900 752 3942 non
778 3884 928 3948 licet,
960 3898 1024 3936 ac
1064 3894 1322 3951 perversa
1352 3877 1616 3932 sentiunt.
1647 3875 1918 3930 Caeterum
1944 3875 2090 3945 quod
2122 3875 2224 3929 hac

639 3979 698 4034 in
737 3992 798 4033 re
839 3971 1369 4046 periculosissimum
1408 3976 1510 4032 est,
1552 3968 1684 4022 dum
1724 3982 1782 4022 se
1829 3975 1977 4021 recte
2017 3969 2224 4022 sentire

638 4067 781 4124 velle
804 4066 1037 4137 lingunt,
1066 4062 1308 4131 dumque
1332 4060 1670 4130 opinionem,
1694 4058 1850 4128 quasi
1877 4058 1934 4111 in
1951 4073 2080 4112 eam
2109 4074 2226 4112 rem

639 4160 754 4216 sint
795 4155 1078 4229 propensi,
1119 4154 1274 4210 velut
1317 4166 1627 4221 personam.
1651 4149 1945 4220 quamdam
1980 4150 2084 4205 sibi
2114 4151 2226 4204 cir-

641 4249 1029 4322 cumponendo
1066 4246 1384 4310 conciliant,
1423 4243 1762 4298 Nestorianaa
1801 4243 2099 4312 impietatis
2134 4258 2228 4298 ve-

641 4358 848 4400 nenum
896 4340 1232 4411 simplicium
1271 4337 1470 4393 animis
1510 4335 1828 4390 infundunt.
1869 4335 2011 4390 Sunt
2041 4350 2225 4390 autem

641 4435 896 4491 homines
927 4429 1240 4487 istiusmodi
1272 4428 1640 4483 humanorum
1673 4442 1965 4496 corporum
2000 4427 2230 4483 medicis

643 4542 754 4582 non
786 4523 1086 4580 absimiles.
1124 4521 1191 4577 Hi
1229 4521 1377 4576 enim
1417 4518 1729 4590 pharmacis
1768 4519 2092 4573 insuavibus
2117 4517 2227 4572 mel

643 4617 955 4672 immiscere
999 4613 1216 4676 solent,
1272 4617 1336 4665 ut
1378 4609 1687 4664 dulcedinis
1729 4607 1994 4678 qualitate
2030 4622 2229 4661 eorum

2321 3503 2620 3569 κυκῶντες,
2657 3503 2754 3556 καὶ
2804 3503 3257 3575 προσποιούμενοι
3313 3505 3409 3574 μὲν
3444 3503 3918 3575 περιεργάζεσθαι

2321 3595 2536 3658 λεπτῶς
2578 3598 2680 3667 τῆς
2727 3595 3198 3667 ὲνανθρωπήσεως
3237 3595 3333 3648 τοῦ
3394 3595 3754 3663 Μονογενοῦς,
3814 3595 3920 3650 καὶ

2321 3688 2554 3758 Κυρίου,
2605 3687 2668 3739 τὸ
2728 3688 3049 3758 μυστήριον,
3098 3687 3160 3740 οὐ
3213 3686 3320 3758 μὴν
3381 3686 3460 3741 ἔτι
3491 3687 3586 3741 καὶ
3637 3685 3920 3746 συνιέντες

2323 3780 2476 3846 αὐτὸ,
2504 3780 2985 3852 παρατρεπόμενοι
3028 3781 3108 3844 δὲ,
3146 3779 3245 3834 καὶ⁸
3275 3778 3434 3833 τοῦτο
3466 3779 3729 3843 εὐκόλως,
3768 3780 3917 3851 πρὸς

2322 3869 2359 3923 ἃ
2397 3869 2472 3941 μὴ
2517 3868 2697 3940 θέμις,
2729 3871 2824 3924 καὶ
2853 3870 3182 3941 φρονοῦντες
3241 3869 3313 3923 τὰ
3359 3869 3798 3941 διεστραμμένα.
3835 3871 3920 3927 Τδ

2322 3959 2383 4014 δέ
2411 3977 2475 4029 γε
2509 3960 2860 4030 παγχάλεπον
2892 3959 3071 4013 ἐκεῖνό
3101 3961 3249 4012 ἐστιν
3271 3960 3330 4012 ὲν
3361 3958 3605 4023 τούτοιςο
3631 3960 3918 4017 ὑποπλη-

2323 4069 2512 4105 τονται
2559 4053 2659 4123 μὲν
2698 4052 2806 4123 γὰρ
2833 4051 2902 4105 τὰ
2926 4051 3064 4123 ὀρθὰ
3087 4050 3374 4121 βούλεσθαι
3418 4053 3657 4121 φρονεῖν,
3694 4053 3790 4106 καὶ
3821 4052 3917 4108 δό-

2326 4160 2488 4214 κησιν
2516 4143 2729 4206 ἑαυτοῖς
2755 4143 2856 4213 τῆς
2870 4145 2951 4206 είς
2974 4141 3136 4196 τοῦτο
3157 4142 3353 4213 ῥοπῆς,
3376 4143 3633 4216 καθάπερ
3669 4162 3721 4197 τι
3739 4161 3919 4216 προσ-

2325 4239 2528 4291 ωπεῖον
2599 4236 3025 4308 ἐναρμόσαντες,
3073 4235 3165 4289 τὸν
3212 4236 3311 4307 τῆς
3370 4236 3666 4307 Νεστορίου
3720 4237 3918 4292 δυσσε-

2327 4329 2483 4394 ϐείας
2533 4330 2610 4383 ίὸν
2643 4328 2898 4401 ἐκχέουσι
2948 4331 3068 4392 ταῖς
3104 4329 3214 4383 τῶν
3255 4328 3640 4400 ἁπλουστέρων
3682 4328 3913 4400 ψυχαῖς.

2339 4422 2579 4475 Ἐοίκασι
2629 4421 2688 4474 δέ
2733 4438 2849 4486 πως
2900 4422 3016 4485 τοῖς
3058 4420 3170 4474 τῶν
3226 4419 3585 4491 ἀνθρωπίνων
3640 4420 3918 4487 σωμάτων

2327 4512 2609 4577 ἀκεσταῖς,
2643 4513 2815 4582 ἡγουν
2847 4512 3074 4582 ἰατροῖς,
3104 4511 3154 4563 οῖ
3198 4511 3313 4572 τοῖς
3341 4508 3453 4563 τῶν
3475 4510 3784 4580 φαρμάκων
3811 4510 3916 4580 οὐχ

2327 4605 2482 4677 ἡδέσι
2508 4605 2570 4658 τὸ
2599 4604 2773 4674 γλυκὺ
2802 4603 3212 4676 προσπλέκουσι
3248 4601 3393 4673 μέλι,
3426 4604 3494 4672 τῇ
3525 4601 3619 4655 τοῦ
3665 4603 3915 4673 χρηστοῦ

643 4708 834 4764 fallant
872 4705 1305 4778 perceptionem,
1331 4717 1453 4774 qum
1483 4709 1676 4772 suapte
1709 4709 1906 4754 natura
1949 4697 2220 4753 tristitiam

2331 4695 2598 4765 ποιότητι,
2633 4692 2728 4747 τοῦ
2777 4693 3084 4761 πεφυκότος
3130 4692 3321 4745 λυπεῖν
3365 4691 3465 4761 τὴν
3497 4691 3751 4763 αἴσθησιν
3776 4690 3918 4746 ὕπο-

642 4771 1017 4872 nauseamque
1040 4771 1334 4852 inducunt.
1348 4771 1431 4850 'At
1451 4809 1553 4849 nos
1573 4771 1775 4849 Christi
1804 4805 2049 4851 sensum,
2072 4791 2220 4861 juxta

2330 4788 2677 4849 κλέπτοντες.
2719 4786 2861 4838 Ἀλλ’
2887 4787 2946 4838 οὐ
2979 4784 3087 4856 γὰρ
3109 4785 3291 4838 αὐτῶν
3321 4783 3391 4839 τὰ
3411 4786 3659 4853 νοήματα
3685 4782 3915 4851 ἀγνοοῦ-

644 4888 910 4962 sapientis
952 4887 1108 4943 Pauli
1150 4883 1609 4957 sapientissimam
1657 4880 1989 4936 sententiam
2023 4879 2090 4944 ⁵ο,
2133 4879 2228 4933 ha-

643 4983 861 5046 bentes,
883 4993 1078 5034 eorum
1105 4976 1465 5048 cogitationes
1486 4989 1601 5029 non
1629 4973 1966 5044 ignoramus.
1990 4969 2047 5025 Si
2078 4971 2227 5040 quis-

645 5071 793 5141 piam
832 5069 982 5126 enim
1020 5066 1366 5137 unigenitum
1406 5064 1506 5120 Dei
1545 5063 1810 5125 Verbum,
1836 5061 1983 5132 quod
2025 5077 2227 5117 arcano

646 5159 1130 5231 inexplicabilique
1178 5157 1342 5214 modo
1391 5173 1460 5213 ex
1515 5157 1627 5212 Deo
1681 5163 1737 5210 et
1783 5155 1942 5210 Patre
1979 5155 2226 5224 genitum

645 5263 732 5311 est
757 5255 825 5320 ",
867 5253 1223 5324 ipsorumque
1272 5249 1597 5306 saeculorum
1642 5247 1917 5310 conditor,
1963 5263 2030 5301 ex
2075 5261 2227 5301 sacra

646 5347 872 5418 Virgine
905 5345 1277 5401 subsistentia:
1321 5342 1542 5398 initium
1577 5341 1836 5397 habuisse
1874 5339 2104 5403 diceret,
2142 5338 2227 5391 vi-

644 5438 876 5493 deretur
911 5451 1023 5491 non
1055 5442 1210 5489 extra
1238 5447 1464 5504 scopum
1497 5430 1724 5486 tendere
1764 5428 1910 5500 quod
1955 5436 2225 5484 asserunt.

649 5529 707 5585 Si
731 5527 826 5584 Dei
851 5527 1095 5582 Verbum
1121 5534 1315 5596 suapte
1338 5532 1537 5579 natura
1570 5523 1799 5593 spiritus
1821 5529 1926 5586 est,
1952 5519 2228 5590 quomodo

648 5638 715 5679 ex
739 5640 903 5681 carne
942 5631 1132 5678 natum
1167 5631 1272 5688 est,
1303 5623 1452 5692 quod
1487 5623 1750 5678 Dominus
1777 5621 1923 5676 dicat
1957 5639 1966 5674 :
2015 5639 2033 5673 ι
2071 5619 2225 5685 Quoa

761 5801 805 5835 "
836 5799 1008 5858 lCor.
1038 5817 1097 5865 ιι.
1139 5800 1222 5857 l6.
1337 5801 1376 5833 "
1405 5801 1543 5858 lbid.
1577 5802 1625 5854 7.

2337 4894 2458 4948 μεν,
2483 4875 2606 4929 νοῦν
2639 4875 2859 4944 ἔχοντες
2891 4873 3149 4944 Χριστοῦ,
3177 4871 3320 4926 κατὰ
3368 4870 3462 4924 τὸν
3498 4869 3788 4939 σοφώτατα
3833 4872 3916 4924 εί-

2333 4968 2505 5021 πόντα
2556 4966 2834 5034 πάνσοφον
2884 4962 3118 5017 Παῦλον.
3153 4962 3216 5014 Εί
3251 4961 3349 5031 μὲν
3376 4960 3485 5032 γὰρ
3520 4955 3588 5032 ἦν
3624 4977 3707 5023 τις
3751 4962 3778 5014 ό
3824 4960 3914 5016 λέ-

2333 5076 2468 5129 γων,
2499 5058 2576 5122 ὡς
2615 5058 2643 5110 ὁ
2674 5058 2741 5111 ἐκ
2786 5055 2925 5109 Θεοῦ
2985 5054 3200 5124 Πατρὸς
3244 5053 3574 5126 ἀποῤῥήτως
3628 5052 3911 5122 γεννηθεὶς

2337 5150 2634 5224 μονογενὴς
2675 5151 2811 5214 Θεὸς
2850 5149 3045 5218 Λόγος,
3078 5149 3108 5200 ὁ
3141 5145 3237 5200 καὶ
3289 5146 3470 5204 αὐτῶν
3536 5144 3647 5198 τῶν
3695 5141 3912 5199 αίώνων

2334 5243 2584 5316 ποιητὴς,
2615 5242 2790 5314 ἀρχὴν
2835 5238 3123 5310 ὑπάρξεως
3166 5238 3326 5308 ἔσχεν
3355 5238 3418 5290 ὲκ
3449 5237 3547 5306 τῆς
3571 5234 3731 5303 ἁγίας
3760 5233 3913 5306 Παρ-

2333 5337 2512 5401 θένου,
2538 5334 2716 5402 ἔδοξεν
2741 5332 2808 5386 ἂν
2845 5333 3030 5394 αὐτοῖς
3054 5329 3154 5382 οὐκ
3184 5329 3290 5393 ἔξω
3323 5326 3588 5398 φέρεσθαι
3617 5323 3818 5378 σκοποῦ
3847 5324 3911 5377 τὸ

2331 5429 2529 5500 χρῆναι
2561 5426 2768 5494 λέγειν·
2804 5425 2864 5477 Ei
2892 5422 3114 5492 πνεῦμα
3149 5420 3290 5475 κατὰ
3323 5417 3484 5486 φύσιν
3535 5416 3682 5469 ἐστὶν
3730 5418 3759 5469 ὁ
3810 5415 3908 5470 τοῦ

2330 5520 2468 5574 Θεοῦ
2500 5519 2691 5587 Λόγος,
2725 5516 2842 5580 πῶς
2882 5515 2947 5570 ἂν
2973 5514 3080 5569 ἀπὸ
3107 5513 3306 5584 σαρκὸς
3334 5508 3627 5580 ἐγεννήθη,
3662 5506 3758 5561 τοῦ
3794 5508 3912 5562 Ku-

2333 5615 2450 5686 ρίου
2492 5611 2772 5680 λέγοντος·
2815 5628 2832 5660 ι
2857 5608 2931 5661 Τὸ
2969 5603 3367 5676 γεγεννημένον
3414 5605 3478 5655 ὲκ
3533 5600 3636 5672 τῆς
3682 5599 3911 5672 σαρκὸς,
