4154 6322
266 347 360 406 251

262 464 394 536 σάρξ
424 464 611 531 εστιν,
719 465 936 536 Ἐπειδὴ
988 464 1043 519 δὲ
1085 467 1116 519 6
1159 464 1253 518 τοῦ
1283 464 1428 520 κατά
1464 464 1701 536 Χριστὸν
1731 483 1833 536 μυ-

261 557 481 630 στηρίου
510 554 669 626 λόγος
698 557 896 630 ἑτέραν
926 554 1102 628 οἷμον,
1139 556 1258 627 ἦτοι
1287 557 1425 624 ὁδὸν,
1473 555 1690 627 ἔρχεται
1731 556 1833 630 τὴν

257 649 334 712 εις
367 647 499 703 εὐθύ
541 663 602 702 τε
635 649 732 702 καὶ
768 648 1002 718 ἀπλανῆ,
1029 647 1125 700 καὶ
1167 646 1320 701 οὐδὲν
1359 646 1592 717 ἔχουσαν
1625 647 1686 701 τὸ
1712 645 1833 702 διά-

259 753 513 810 στροφον,
544 737 664 793 ἀνθ’
686 739 812 793 δτου
838 735 1253 810 βαττολογοῦσιν
1301 738 1443 810 εικῆ,
1489 756 1508 790 ι
1536 736 1626 810 Μὴ
1651 738 1832 793 νοοῦν·

254 846 345 895 τες
378 831 518 902 μήτε
567 831 605 887 ἀ
645 831 879 902 λίγουσι,
915 830 1054 903 μήτε
1083 830 1210 902 περὶ
1267 830 1430 885 τίνων
1461 828 1833 888 διαϐεϐαιοῦν-

255 937 376 989 ται;
400 940 421 974 ι
453 923 638 992 Qa:pr
662 924 772 994 γὰρ
795 923 877 977 ὃτι
921 924 950 978 ὀ
997 923 1291 994 μονογενὴς
1331 921 1428 976 τοῦ
1474 922 1610 978 Θεοῦ
1636 924 1829 993 Λόγος.

258 1012 485 1084 πνεῦμα
513 1015 590 1068 ὼν
621 1015 698 1077 ὡς
743 1011 896 1076 Θεὸς,
926 1013 1068 1067 κατά
1094 1011 1195 1076 τὰς
1229 1011 1472 1084 Γραφάς,
1518 1013 1611 1068 επὶ
1655 1030 1834 1086 σωτη-

255 1101 349 1179 ρίᾳ
377 1105 490 1159 τῶν
530 1103 878 1176 ἀνθρώπωνιι
911 1100 1200 1176 εσαρκώθη
1247 1120 1308 1157 τε
1340 1105 1434 1159 καὶ
1475 1104 1832 1178 ἔνηνθρώπη-

257 1211 370 1262 ων,
398 1196 501 1250 οὐκ
541 1197 604 1250 εκ
650 1195 749 1265 τῆς
803 1194 939 1260 ίδίας
980 1196 1198 1265 φύσεως
1251 1196 1414 1260 αὐτὸς
1466 1197 1645 1269 ἑαυτῷ
1673 1197 1834 1269 σῶμα

258 1286 581 1359 μεταϐαλὼν
598 1295 651 1350 ν,
707 1285 824 1340 ἀλλ’
875 1286 1000 1340 οὐδὲ
1057 1287 1259 1352 εκστάς
1300 1287 1396 1342 τοῦ
1450 1283 1589 1343 εἶναι
1619 1289 1648 1344 6
1670 1286 1758 1362 ἦν,
1796 1290 1831 1362 ἢ

253 1379 489 1452 τροπὴν,
524 1375 867 1449 ἢάλλοίωσιν
918 1377 1239 1449 ὑπομείνας,
1272 1377 1389 1433 ἀλλ’
1415 1380 1482 1434 εκ
1527 1380 1629 1452 τῆς
1669 1381 1833 1452 ἀγίας

256 1471 537 1544 Παρθένου
591 1471 655 1524 τὸ
708 1471 978 1544 ἄχραντον
1034 1471 1196 1543 σῶμα
1242 1471 1424 1528 λαϐὼν
1475 1475 1832 1546 ἐψυχωμένον

254 1564 480 1637 νοερῶς,
519 1563 650 1619 ῖδιον
684 1565 972 1636 ἀποφήνας
1031 1564 1167 1620 αὐτὸ
1217 1565 1344 1620 καθ’
1389 1565 1586 1621 ῑνωσιν
1638 1568 1834 1640 ἀπερι-

253 1658 467 1728 νόητον,
495 1657 592 1712 καὶ
631 1655 963 1729 ἁσύγχυτον,
990 1657 1086 1712 καὶ
1116 1659 1397 1729 ἄφραστον
1420 1659 1724 1726 παντελῶς,
1756 1660 1834 1725 ὡς

256 1746 331 1820 μὴ
363 1748 560 1820 ἑτέρου
616 1748 780 1815 τινὸς,
829 1748 943 1803 ἀλλ’
974 1748 1107 1804 ῐδιον
1162 1749 1331 1805 αὐτοῦ
1367 1749 1524 1805 τοῦτο
1565 1751 1828 1807 νοεῖσθαι.

1685 347 2018 406 EPISTULA
2057 349 2118 406 L.

719 465 936 536 Ἐπειδὴ
988 464 1043 519 δὲ
1085 467 1116 519 6
1159 463 1253 518 τοῦ
1283 464 1428 520 κατά
1464 464 1701 536 Χριστὸν
1731 483 1834 536 μυ-

1943 476 2127 521 natum
2151 477 2236 522 est
2260 483 2327 523 ex
2350 481 2539 534 carne,
2567 481 2694 522 caro
2724 478 2810 523 est
2834 465 2918 522 "f
2952 485 2972 519 ο
3008 469 3078 522 At
3108 468 3237 537 quia
3268 467 3520 523 doctrina

3412 348 3523 408 158

1940 555 2010 613 de
2034 557 2241 613 Christi
2269 557 2530 629 mysterio
2563 556 2671 613 alia
2708 557 2917 614 incedit
2941 558 3050 623 via,
3079 559 3339 613 nimirum
3370 570 3521 616 recta

1938 657 1994 704 et
2033 649 2242 704 erroris
2275 658 2523 718 experte,
2557 655 2616 704 et
2651 648 2790 703 nihil
2828 648 3208 718 perversitatis
3247 647 3520 717 habente;

1939 759 2038 799 cur
2075 743 2156 799 illi
2200 751 2407 799 temere
2450 743 2763 814 frustraque
2804 751 3104 815 nugantur,
3149 761 3166 794 ι
3198 742 3318 798 Νοιι
3363 743 3524 799 intel—

1938 834 2173 904 ligentes
2208 830 2388 904 neque
2428 847 2552 903 quae
2590 833 2803 898 dicunt,
2843 848 3023 903 neque
3059 832 3128 888 de
3153 831 3359 902 quibus
3379 831 3526 887 θωτ-

1940 933 2092 981 mant
2126 926 2212 978 "7
2245 945 2264 977 ι
2313 925 2424 980 Nos
2451 924 2619 996 igitur
2651 923 2788 979 illud
2815 924 2997 994 ipsum
3037 923 3382 994 unigenitum
3424 921 3524 979 Del

1939 1019 2202 1084 Verbum,
2231 1018 2378 1090 quod
2416 1018 2645 1088 spiritus
2665 1024 2768 1081 est,
2795 1023 2985 1086 utpote
3019 1016 3187 1082 Deus,
3216 1015 3524 1072 secundm

1940 1110 2254 1182 Scriptum
2275 1110 2344 1176 “,
2369 1109 2656 1165 hominum
2685 1109 2883 1164 salutis
2907 1123 3072 1164 causa
3099 1107 3443 1163 incarnatum
3465 1114 3526 1164 et

1939 1202 2220 1258 hominem
2257 1200 2460 1257 factum
2490 1202 2790 1257 asserimus
2821 1217 2835 1254 :
2864 1215 2975 1255 non
3008 1199 3163 1271 εμοιί
3195 1215 3262 1256 ex
3295 1199 3523 1270 propria

1939 1304 2139 1350 natura
2175 1307 2378 1364 corpus
2416 1292 2523 1348 sibi
2561 1291 3034 1357 transmutaverit,
3054 1300 3150 1348 aut
3177 1291 3248 1347 ab
3277 1307 3345 1348 eo
3372 1291 3524 1364 quod

1938 1399 2079 1452 erat,
2103 1385 2454 1451 abscesserit,
2484 1392 2581 1440 aut
2615 1385 3034 1442 conversionem
3068 1384 3524 1441 alterationemve

1939 1476 2269 1532 sustinuerit
2295 1493 2310 1531 :
2337 1474 2434 1532 sed
2460 1473 2608 1546 quod
2638 1490 2706 1530 ex
2730 1483 2919 1532 sancta
2947 1475 3172 1548 Virgine
3195 1491 3398 1548 corpus
3421 1477 3525 1533 im-

1939 1568 2274 1623 maculatum
2317 1566 2679 1636 assumpserit
2726 1567 3056 1640 intelligenti
3101 1568 3283 1625 anima
3325 1569 3526 1641 praedi-

1940 1670 2079 1726 tum,
2112 1669 2171 1717 et
2222 1658 2359 1716 illud
2408 1659 2954 1731 incomprehensibili
3008 1669 3067 1717 et
3119 1656 3408 1718 inconfusa
3458 1675 3527 1718 ac

1940 1754 2208 1812 ineﬂ'abili
2251 1768 2482 1832 prorsus
2530 1753 2737 1810 unione
2791 1769 2954 1810 suum
2999 1753 3270 1820 eﬂ‘ecerit,
3304 1760 3367 1811 ut
3409 1768 3524 1810 non

252 1838 440 1904 οὕτως
495 1840 745 1913 εἰσῆλθεν
793 1843 872 1908 είς
934 1841 1027 1898 τὸν
1083 1843 1290 1916 κόσμον
1337 1845 1368 1897 ό
1399 1844 1736 1918 Μονοτενὴς,
1759 1844 1837 1911 ὡς

1943 1846 2170 1902 alterius
2201 1843 2530 1917 cuiuspiam,
2561 1845 2655 1901 sed
2690 1858 2853 1900 suum
2886 1842 3061 1913 ipsius
3085 1844 3372 1916 proprium
3400 1857 3525 1900 esse

251 1931 602 2005 πρωτότοκος
623 1948 638 1964 ⁸
694 1934 793 1988 καὶ
844 1935 905 1989 ιν
956 1933 1174 2000 πολλοῖς
1226 1935 1452 2004 γέγονεν
1509 1935 1781 2006 ἀδελφοῖς,
1807 1937 1838 1991 6

250 2021 594 2088 ἀσύντακτος
644 2025 712 2096 τῇ
762 2024 960 2090 κτίσει,
1012 2023 1151 2079 καθὸ
1206 2027 1408 2080 νοεῖται
1459 2024 1612 2091 Θεός.
1667 2026 1837 2082 ὀταν

250 2113 433 2169 τοίνυν
462 2115 829 2188 γεγεννῆσθαι
867 2117 1119 2188 λέγηται,
1147 2117 1244 2173 καὶ
1271 2118 1337 2173 εκ
1365 2117 1642 2188 γυναικὸς,
1661 2119 1836 2189 ἀναγ-

249 2207 426 2273 καίως
448 2207 513 2262 τὸ
531 2209 674 2265 κατά
695 2208 874 2282 σάρκα
901 2209 1372 2283 προσεπιφφεται
1389 2228 1403 2243 ο
1439 2211 1529 2267 ῖνα
1562 2212 1638 2285 μὴ
1660 2212 1838 2285 ὑπάρ-

249 2296 389 2366 ξεως
442 2299 621 2372 ἀρχὴν
661 2302 832 2354 νοοῖτο
873 2299 1053 2354 λαϐὼν
1091 2301 1158 2355 εκ
1196 2300 1300 2373 τῆς
1334 2302 1499 2372 ἀγίας
1532 2301 1835 2374 Παρθένου.

250 2391 448 2448 Καίτοι
473 2392 582 2464 πρὸ
616 2391 817 2457 παντὸς
848 2391 1114 2465 ὑπάρχων
1156 2393 1353 2459 αίῶνος
1376 2396 1404 2450 6
1429 2395 1700 2460 συναῖδιος
1744 2396 1840 2450 καὶ

249 2483 337 2539 ἀεὶ
358 2483 786 2555 συνυφεστηκὼς
811 2483 890 2556 τῷ
931 2485 1050 2557 ίδίῳ
1086 2486 1268 2559 Πατρὶ
1298 2485 1434 2551 Θεὸς
1482 2487 1655 2557 Λόγος
1677 2502 1692 2520 ο
1722 2486 1837 2542 ἀλλ’

249 2579 338 2634 δτε
364 2579 490 2634 κατ’
511 2579 762 2634 εὐδοκίαν
787 2578 881 2634 τοῦ
910 2579 1126 2651 [ἰατρὸς
1151 2578 1253 2649 τὴν
1281 2576 1378 2633 τοῦ
1406 2578 1596 2634 δούλου
1626 2578 1840 2653 μορφὴν

253 2669 490 2744 ἠθέλησε
519 2669 727 2737 λαϐεῖν,
763 2671 886 2725 τότε
915 2670 1012 2725 καὶ
1043 2669 1300 2736 ἀπότεξιν
1349 2671 1448 2742 τὴν
1488 2671 1554 2724 ἐκ
1580 2670 1841 2739 γυναικὸς

253 2761 398 2818 κατά
439 2761 622 2832 σάρκα
666 2761 785 2833 μεθ’
812 2761 973 2834 ἡμῶν
1013 2761 1308 2833 ὑπομεῖναι
1355 2759 1593 2831 λέγεται.
1631 2761 1842 2816 οὐκοῦν

251 2854 702 2926 ὁμολογουμένως
730 2853 828 2925 μιν
860 2854 923 2908 τὸ
963 2853 1073 2908 ἀπὸ
1115 2851 1321 2927 σαρκός
1352 2853 1491 2926 σάρξ
1519 2854 1658 2922 ἐστι,
1691 2853 1752 2909 τὸ
1784 2853 1842 2908 δὲ

251 2947 317 3001 ὲκ
345 2943 487 2999 Θεοῦ
540 2944 694 3009 Θεός.
731 2945 889 3000 Ἐστι
949 2945 1008 3000 δὲ
1058 2945 1245 3000 κατάι
1297 2945 1498 3000 ταυτὸν
1555 2944 1843 3017 ἀμφότερα

251 3038 512 3112 Χριστὸς,
569 3031 651 3103 εἷς
697 3036 773 3093 ὼν
823 3037 974 3104 Υίὸς,
1002 3038 1101 3093 καὶ
1143 3037 1350 3110 Κύριος
1392 3037 1543 3108 -μετά
1570 3037 1673 3110 τῆς
1705 3037 1845 3101 ιδίας

252 3131 462 3205 σαρκὸς
509 3130 702 3195 αὐτοῦ,
753 3131 857 3184 οὐκ
898 3129 1109 3202 ἀψύχου
1165 3131 1387 3202 μᾶλλον,
1416 3131 1493 3195 ὼς
1545 3129 1704 3201 ιφην,
1729 3129 1843 3184 ἀλλ’

251 3199 611 3295 εψυχωμίνης
636 3219 859 3292 νοερῶς.
891 3199 984 3294 Μὴ
1014 3199 1199 3276 τοίνυν
1248 3199 1684 3294 διατεμνίτωσαν
1711 3222 1844 3292 ἡμῖν
1871 3199 1914 3256 C

251 3313 342 3370 τὸν
379 3314 479 3369 ινα
511 3312 663 3377 Υἱὸν,
707 3312 814 3368 ἀνά
848 3312 1016 3386 μέρος
1068 3314 1317 3378 ἱστάντες
1347 3312 1443 3368 τὸν
1465 3321 1496 3361 γ
1524 3312 1724 3383 Λόγον,
1753 3313 1848 3368 καὶ

257 3405 384 3462 Υίὸν
410 3405 602 3478 ἕτερον
635 3404 882 3471 ῖδικῶτες
903 3409 944 3474 ⁸,
966 3406 1063 3462 καὶ
1102 3405 1209 3462 ἀνὰ
1237 3408 1403 3479 μέρος
1435 3405 1726 3477 ἄνθρωπον
1754 3405 1849 3461 τὸν

257 3502 321 3556 εκ
350 3499 634 3569 γυναικὸς,
661 3497 808 3554 καθά
828 3516 994 3570 φασιν
1015 3497 1200 3553 αὐτοί·
1222 3498 1338 3554 ἀλλ’
1359 3500 1736 3563 ἐννοείτωσαν,
1761 3499 1846 3554 δτι

250 3593 352 3647 οὐκ
384 3589 663 3663 ἀνθρώπῳ
710 3588 958 3663 συνήφθη
1005 3589 1207 3660 μᾶλλον
1246 3591 1276 3645 6
1311 3589 1446 3655 Θεὸς
1488 3590 1682 3660 Λόγος,
1729 3590 1846 3645 ἀλλ’

252 3683 423 3748 αὐτὸς
505 3681 796 3755 ἄνθρωπος
878 3681 1135 3751 γενεσθαι
1200 3682 1458 3752 λέγεται,
1536 3683 1848 3756 σπέρματος

265 3773 521 3846 ’Δϐραάμ
543 3772 961 3846 ιπιλαϐόμενος,
985 3773 1127 3829 κατά
1147 3774 1249 3839 τὰς
1270 3773 1516 3848 Γραφάς,
1541 3776 1638 3830 καὶ
1651 3777 1848 3847 ὁμοιω-

255 3867 371 3932 θεὶς
426 3866 572 3921 κατά
624 3866 808 3921 πάντα
841 3867 957 3931 τοῖς
988 3866 1259 3936 ἀδελφοῖς,
1291 3867 1417 3939 δίχα
1453 3867 1620 3940 μόνης
1661 3869 1846 3940 ἀμαρ-

256 3960 403 4023 τίας.
448 3958 515 4014 Ἦ
558 3959 621 4015 δι
667 3959 904 4015 είσάπαν
935 3959 1195 4031 ὁμοίωσις
1220 3959 1335 4032 ιχοι
1370 3959 1437 4014 ἀν
1473 3960 1721 4024 είκότως,
1753 3959 1849 4014 καὶ

259 4049 369 4123 πρό
416 4064 482 4118 γε
536 4047 646 4103 τῶν
701 4048 900 4115 ἄλλων,
929 4049 1030 4121 τὴν
1071 4049 1139 4103 εκ
1179 4049 1436 4117 γυναικὸς
1485 4048 1775 4116 ἀπότεξινο
1809 4048 1845 4120 η

259 4143 467 4196 νοεῖται
510 4141 612 4213 μὲν
644 4139 731 4210 ἐφ’
779 4139 938 4213 ἡμῶν
981 4139 1362 4213 ἀνθρωπίνως,
1396 4140 1490 4196 καὶ
1519 4140 1642 4196 καθ’
1673 4141 1843 4213 ἡμᾶς,

265 4231 359 4288 ιάι
393 4232 457 4287 δέ
483 4249 549 4302 γε
582 4231 678 4287 τοῦ
723 4229 1069 4302 Μονογενοῦς
1097 4233 1241 4306 ὑπὲρ
1263 4233 1422 4289 τοῦτο
1438 4247 1453 4263 ·
1480 4235 1614 4299 Θεὸς
1640 4234 1752 4307 γὰρ
1776 4229 1847 4307 ἦν

261 4326 468 4402 σαρκού
477 4344 657 4398 μενος.
685 4327 973 4399 Τοιγάρτοι
996 4327 1092 4380 καὶ
1109 4326 1370 4393 Θεοτόκος
1397 4328 1644 4384 καλεῖται
1663 4331 1698 4401 ἡ
1715 4328 1849 4398 ἀγία

259 4417 561 4494 Παρθενος.
609 4417 734 4472 Ἐὰν
765 4417 822 4471 δὲ
859 4416 1114 4487 λέγωσιν,
1139 4418 1222 4474 δτι
1258 4419 1393 4485 Θεὸς
1437 4420 1534 4476 καὶ
1561 4420 1847 4493 ἄνθρωπος

261 4508 614 4572 συνελθόντες
644 4507 788 4563 κατά
827 4508 1047 4576 ταυτὸν,
1095 4509 1433 4566 ἀπετέλεσαν
1459 4513 1558 4568 ινα
1583 4513 1842 4587 Χριστὸν,

258 4597 681 4674 φυλαττομένης
723 4597 966 4671 δηλονότι
1017 4599 1120 4671 τῆς
1175 4601 1529 4669 ὑποστάσεως
1579 4603 1844 4678 ἑκατέρου

257 4692 611 4765 ἀσυγχύτως,
643 4690 723 4764 τῷ
742 4691 800 4746 δὲ
829 4693 974 4766 λόγῳ
1002 4694 1409 4770 διαιρουμένης,
1441 4699 1595 4754 οὐδὲν
1617 4699 1846 4772 ἀκριϐὲς

261 4788 357 4841 ἐπὶ
398 4785 576 4860 τούτῳ
634 4785 972 4858 φρονοῦντας
1031 4787 1068 4860 ἢ
1123 4789 1380 4860 λέγοντας
1427 4791 1639 4847 ἔνεστιν
1690 4792 1844 4850 ίδεῖν.

260 4880 338 4936 οὗ
367 4879 502 4952 γὰρ,
530 4879 676 4935 καθά
699 4895 854 4949 φασι,
892 4881 1026 4947 Θεὸς
1063 4883 1160 4938 καὶ
1186 4881 1476 4956 ἄνθρωπος
1499 4883 1847 4949 συνελθόντες

260 4971 605 5032 ἀπετέλεσαν
617 4971 717 5030 ινα
745 4972 1004 5045 Χριστὸν,
1032 4973 1172 5042 ἀλλ’,
1188 4975 1268 5040 ὡς
1294 4973 1457 5048 ἔφην,
1481 4975 1587 5050 ήδη
1607 4975 1742 5042 Θεὸς
1767 4975 1847 5032 ὢν

261 5062 514 5133 ὸΔότος,
555 5060 958 5138 παραπλησίως
988 5066 1124 5138 ἡμῖν
1176 5065 1443 5139 μετέσχεν
1479 5067 1715 5140 αἵματος
1753 5066 1850 5123 καὶ

266 5152 493 5227 σαρκὸς,
517 5152 607 5210 ῖνα
630 5153 766 5221 Θεὸς
785 5154 1218 5230 ινανθρωπήσας
1234 5159 1451 5231 νοῆται,
1473 5159 1569 5216 καὶ
1588 5159 1688 5234 τὴν
1709 5162 1850 5233 ἠμε-

263 5245 433 5319 τεραν
460 5244 644 5318 σάρκα
681 5245 887 5314 λαϐὼν,
917 5248 1012 5305 καὶ
1057 5250 1194 5308 ἰδίαν
1227 5252 1401 5324 αὐτὴν
1442 5252 1844 5324 ποιησάμενος·

265 5335 376 5403 ῖνα,
403 5335 656 5410 καθάπερ
687 5336 719 5393 δ
753 5339 879 5394 καθ’
910 5341 1060 5414 ημᾶς
1112 5342 1403 5417 νοούμενος
1452 5343 1740 5416 ἄνθρωπος
1781 5345 1847 5400 εκ

1937 1935 2300 2006 intelligatur;
2327 1934 2410 1990 Ad
2438 1934 2589 1990 hunc
2621 1934 2806 2007 itaque
2835 1933 3062 1989 modum
3087 1933 3404 2008 unigenitus
3424 1933 3524 1991 Dei

1937 2026 2112 2083 Filius
2149 2027 2208 2082 in
2246 2026 2440 2082 orbem
2478 2033 2754 2081 terrarum
2784 2024 3085 2097 ingressus,
3114 2034 3376 2096 tanquam
3407 2029 3525 2097 pri-

1936 2118 2252 2190 mogenitus
2277 2127 2335 2174 et
2365 2118 2421 2173 in
2451 2117 2644 2172 multis
2675 2114 2944 2172 fratribus
2975 2100 3079 2172 fuit
3102 2115 3185 2184 ";
3209 2116 3306 2187 qui
3341 2123 3525 2171 tamen

1938 2226 2047 2282 qua
2068 2210 2215 2267 Deus
2241 2209 2570 2282 intelligitur
2597 2211 2742 2265 inter
2763 2218 3051 2266 creaturas
3073 2208 3301 2264 minimo
3328 2222 3524 2264 cense-

1939 2309 2049 2358 tur.
2083 2299 2264 2369 Quare
2301 2316 2428 2357 cum
2461 2301 2857 2357 diciturnatus
2887 2306 2944 2355 et
2977 2314 3047 2355 ex
3068 2299 3301 2356 muliere
3330 2298 3399 2366 ⁸⁸,
3423 2313 3526 2354 ne-

1939 2394 2179 2450 oessario
2208 2393 2514 2450 secundum
2540 2408 2761 2449 carnem
2795 2392 2956 2465 ια)
2983 2392 3149 2446 simul
3177 2389 3432 2455 infertur,
3455 2403 3530 2446 no

1939 2499 1970 2541 ιι
1996 2495 2184 2540 sancta
2205 2484 2431 2556 Virgine
2453 2481 2794 2539 subsistendi
2819 2483 3039 2537 initium
3067 2480 3348 2552 accepisse
3369 2479 3528 2552 quis-

1940 2578 2087 2648 piam
2140 2586 2316 2649 putet.
2363 2575 2627 2645 Quamvis
2677 2574 2826 2631 enim
2874 2580 3002 2630 ante
3051 2589 3214 2629 omne
3265 2573 3528 2630 mulum

1940 2669 2170 2724 exsistat
2195 2669 2287 2724 ille
2307 2669 2454 2725 Deus
2474 2668 2717 2725 Verbum
2740 2667 2888 2724 Patri
2912 2682 3014 2723 suo
3035 2674 3364 2733 coaeternus,
3387 2682 3533 2724 sem-

1941 2778 2041 2833 per
2078 2777 2205 2817 cum
2250 2762 2347 2818 illo
2390 2762 2556 2818 simul
2602 2762 2913 2818 subsistens
2934 2803 2950 2828 ,
3021 2767 3263 2816 attamen
3310 2759 3531 2832 quando

1942 2854 2191 2928 ejusdem
2236 2854 2335 2910 Dei
2377 2855 2558 2911 Patris
2605 2846 2956 2925 beneplacito
2998 2853 3254 2908 servilem
3296 2850 3531 2908 formam

1944 2962 2224 3003 assumere
2245 2945 2426 3002 voluit
2445 2946 2513 3012 ",
2542 2953 2678 3002 tunc
2709 2945 3056 3001 nativitatem
3079 2957 3300 3014 quoque
3330 2957 3533 2999 secun-

1944 3039 2076 3094 dum
2110 3053 2332 3095 carnem
2361 3054 2431 3094 ex
2457 3038 2690 3094 muliere
2720 3036 3011 3092 nobiscum
3038 3035 3274 3091 subiisse
3304 3033 3532 3091 dicitur.

1945 3129 2314 3198 Quamobrem
2339 3130 2487 3201 quod
2511 3145 2580 3186 ex
2615 3143 2782 3184 carne
2808 3126 3039 3199 prodiit,
3064 3127 3121 3182 id
3145 3127 3285 3183 citra
3313 3141 3535 3182 omnem

1947 3222 2381 3278 controversiam
2404 3236 2536 3277 caro
2563 3229 2679 3287 est;
2714 3229 2773 3276 et
2809 3218 2958 3291 quod
2989 3234 3060 3275 ex
3083 3218 3198 3292 Deo
3242 3219 3409 3275 Deus.
3436 3218 3535 3275 Est

1947 3320 2132 3369 autem
2155 3313 2321 3369 simul
2345 3313 2511 3369 ambo
2539 3312 2815 3378 Christus,
2844 3326 2969 3367 cum
3003 3326 3148 3367 unus
3175 3311 3248 3366 sit
3272 3310 3447 3368 Filius
3475 3319 3537 3370 et.

1946 3404 2214 3460 Dominus
2243 3419 2352 3459 una
2385 3418 2512 3460 cum
2544 3419 2644 3459 sua
2675 3419 2862 3469 carne,
2884 3417 2997 3458 non
3020 3401 3275 3468 inanimi,
3299 3408 3362 3458 ut
3393 3400 3532 3467 dixi.

1946 3495 2044 3552 sed
2067 3495 2248 3552 anima
2271 3495 2611 3568 intelligente
2636 3493 2889 3566 pnedita.
2914 3493 2996 3550 Ne
3016 3507 3150 3574 ergo
3172 3492 3336 3549 nobis
3360 3506 3535 3548 unum

1947 3588 2152 3644 Filium
2197 3581 2474 3653 dividant,
2522 3601 2774 3644 seorsum
2815 3585 3061 3643 Verbum
3106 3593 3440 3651 statuentes,
3478 3595 3536 3642 et

1945 3681 2180 3736 alterum
2214 3695 2407 3736 rursus
2438 3679 2616 3734 ﬁlium
2648 3678 2900 3745 δεδι-εἰσι,
2934 3677 3216 3733 hominem
3248 3677 3404 3733 illum
3438 3678 3536 3748 qui

1945 3788 2014 3828 ex
2053 3771 2289 3828 muliere
2332 3781 2496 3828 natus
2531 3780 2638 3838 est,
2678 3779 2740 3827 ut
2775 3764 2880 3843 ipsi
2912 3771 3072 3826 aiunt
3105 3787 3118 3824 :
3157 3767 3255 3826 sed
3291 3770 3537 3843 cogitent

1946 3865 2120 3920 Deum
2159 3864 2404 3920 Verbum
2445 3879 2559 3920 non
2606 3863 2820 3920 homini
2867 3864 3226 3935 coniunctum
3261 3876 3404 3927 esse,
3439 3862 3537 3919 sed

1949 3953 2128 4024 ipsum
2167 3953 2277 4010 dici
2315 3955 2597 4010 hominem
2628 3969 2750 4011 esse
2782 3953 3011 4018 factum,
3042 3952 3253 4008 semine
3277 3951 3536 4016 Abraha,

1943 4049 2098 4120 juxta
2133 4047 2447 4119 Scripturas
2468 4047 2537 4115 ⁸⁸,
2574 4047 2943 4119 apprehenso,
2981 4044 3380 4116 fratribusque,
3419 4045 3538 4101 solo

1947 4146 2176 4211 peccato
2212 4147 2463 4210 excepto,
2496 4153 2598 4210 per
2635 4137 2823 4194 omnia
2860 4136 3244 4194 assimilatum.
3276 4135 3405 4192 Haec
3435 4152 3538 4193 au-

1949 4241 2057 4288 tem
2077 4247 2177 4304 per
2194 4231 2380 4287 omnia
2401 4230 2728 4287 assimilatio
2750 4243 3096 4300 consequens
3116 4236 3203 4285 est
3229 4236 3290 4284 ut
3311 4226 3536 4296 habeat,

1947 4334 2005 4384 et
2020 4323 2247 4397 quidem
2267 4337 2382 4395 prae
2404 4322 2638 4389 caeteris,
2657 4329 2878 4394 partum
2899 4336 2969 4377 ex
2989 4319 3223 4377 muliere
3249 4337 3263 4374 :
3285 4319 3380 4391 qui
3411 4333 3540 4392 par-

1948 4425 2039 4474 tus
2069 4419 2126 4474 in
2155 4417 2320 4474 nobis
2346 4416 2572 4488 quidem
2601 4416 2846 4471 humano
2867 4429 3024 4470 more
3048 4413 3340 4486 cogitatur,
3362 4421 3419 4469 et
3445 4427 3538 4469 se-

1949 4511 2193 4567 cundum
2225 4524 2356 4576 nos;
2389 4518 2446 4564 at
2479 4509 2535 4563 in
2569 4506 2884 4580 Unigenito,
2927 4520 3095 4577 supra
3127 4512 3381 4561 nostrum
3415 4520 3538 4560 mo-

1953 4603 2085 4657 dum
2108 4620 2122 4656 :
2144 4602 2291 4657 Deus
2311 4615 2550 4672 namque
2573 4607 2659 4656 est
2680 4601 3016 4657 incarnatus.
3041 4596 3224 4666 Quare
3246 4598 3416 4653 etiam
3438 4595 3541 4653 Del

1951 4693 2204 4751 Genitrix
2238 4700 2470 4748 vocatur
2515 4691 2704 4747 sancta
2750 4690 2936 4762 Virgo.
2972 4687 3129 4758 Quod
3177 4690 3226 4745 si
3269 4687 3535 4753 dixerint,

1952 4789 2128 4846 Deum
2161 4795 2218 4845 et
2256 4786 2540 4842 hominem
2585 4783 2752 4840 simul
2795 4792 3059 4840 coeuntes
3103 4797 3276 4837 unum
3325 4781 3536 4839 consti-

1952 4881 2124 4937 tuisse
2145 4879 2451 4942 Christum,
2478 4877 2772 4947 utriusque
2796 4872 3074 4949 hypostasi
3104 4871 3393 4930 iuconfuse
3423 4887 3542 4930 εστι

1947 4980 2095 5039 vata,
2128 4987 2252 5044 qua
2296 4982 2481 5028 tamen
2528 4967 2834 5025 secundum
2882 4966 3155 5024 rationem
3203 4965 3485 5026 dividatur
3519 4984 3535 5023 :

1948 5065 2110 5124 facile
2145 5064 2337 5124 videas
2362 5062 2501 5120 nihil
2528 5061 2653 5120 illos
2677 5060 2784 5118 hac
2818 5059 2878 5117 in
2913 5074 2975 5116 re
3005 5057 3156 5133 quod
3191 5074 3386 5117 verum
3411 5072 3539 5118 cor-

1950 5167 2179 5231 tumque
2211 5156 2287 5214 sit
2312 5154 2524 5214 sentire
2559 5161 2656 5212 aut
2689 5152 2863 5227 loqui.
2903 5151 3096 5225 Neque
3125 5151 3298 5219 enim,
3331 5158 3396 5208 ut
3433 5150 3519 5223 ips

1952 5253 2128 5318 aiunt,
2151 5251 2299 5308 Deus
2317 5258 2376 5308 et
2396 5249 2563 5305 homo
2583 5247 2748 5306 simul
2769 5253 3165 5305 concurrentes
3180 5260 3357 5304 unum
3377 5245 3514 5304 Chri

1955 5353 2102 5400 stum
2135 5341 2577 5408 constituerunt;
2613 5338 2733 5407 sed,
2763 5347 2826 5396 ut
2863 5336 3030 5395 modo
3063 5335 3199 5405 dixi,
3229 5336 3376 5394 Deus
3400 5336 3526 5395 Ven-

331 5495 385 5569 ‘j
415 5493 572 5569 Joan.
602 5495 790 5569 11526.
865 5498 954 5555 ⁸³1
979 5499 1121 5556 Tim.
1147 5515 1185 5567 ι,
1217 5501 1268 5556 7.
1365 5501 1412 5535 “
1436 5501 1595 5559 Joan.
1625 5515 1701 5569 rv,
1730 5501 1822 5557 94.

1943 5502 2123 5558 Ἥρω.
2151 5517 2264 5566 vnn,
2286 5499 2378 5557 29.
2452 5498 2501 5532 ⁸⁸
2529 5497 2706 5557 Galat.
2733 5511 2809 5564 tv,
2837 5498 2890 5555 4.
2968 5495 3015 5530 ⁸⁷
3036 5495 3277 5568 Philipp.
3309 5508 3369 5559 ιι.
3397 5489 3453 5561 ϐ,
3482 5492 3514 5549 7

265 5561 314 5597 ⁸⁸
339 5563 508 5621 ﬂebr.
543 5581 603 5634 ιι,
634 5568 722 5624 16.

1323 5681 1498 5737 Varize
1528 5681 1796 5739 lectiones
1822 5681 2031 5737 codicis
2065 5683 2429 5756 Seguicriani.

334 5812 363 5843 ι
401 5801 561 5860 ὅλων.
638 5809 663 5841 ν
707 5799 1044 5875 μεταλαϐών.
1120 5811 1147 5842 ι
1196 5804 1333 5872 loti,
1360 5805 1524 5861 κατά.
1601 5811 1628 5852 7
1667 5805 1750 5868 είς
1772 5804 1867 5861 δύο
1891 5807 1983 5862 τὸν
2027 5806 2146 5874 ἕνα,
2181 5805 2297 5864 υἱὸν
2323 5807 2458 5880 ἡμῖν
2485 5804 2586 5862 ἀνὰ
2623 5803 2787 5879 μέρος
2827 5801 3062 5867 ίστόντες
3091 5797 3205 5858 τόν.
