4154 6322
631 370 737 424 259

1648 359 1705 413 S.
1745 354 2019 413 CYBILLI
2056 344 2524 408 ALEXANDRINI
2565 342 2877 400 ARCHIEP.

3787 325 3893 381 260

635 488 766 541 bum
790 483 1019 556 perinde
1043 491 1207 552 atque
1233 495 1334 534 nos
1355 477 1537 534 carnis
1557 487 1613 532 et
1633 477 1911 547 sanguinis
1935 474 2207 544 particeps

2318 467 2480 539 taxi];
2543 464 2639 519 καὶ
2683 465 2931 535 σώματος
2970 457 3236 524 συνεστὼς
3288 450 3368 523 εἷς
3415 458 3581 525 ἐστιν,
3622 458 3770 514 οὕτω
3797 461 3894 516 καὶ

635 575 895 632 eﬂ'ectum
924 583 1027 639 est,
1053 575 1126 628 ita
1157 582 1218 628 ut
1245 573 1390 626 Deus
1419 572 1584 625 homo
1617 569 1794 624 factus
1833 583 1973 632 esse,
2003 575 2058 620 et
2089 581 2212 619 car-

638 683 764 724 nem
805 674 1046 720 nostram
1078 664 1395 734 sumpsisse,
1424 676 1655 730 eamque
1682 660 1787 714 sibi
1821 659 2097 730 propriam
2132 657 2211 711 fe-

641 759 781 813 cisse
808 756 1142 825 intelligatur
1170 773 1180 806 :
1207 763 1270 806 .ut
1293 749 1758 821 quemadmodum
1792 749 1974 818 quivis
2013 756 2214 801 nostra:

642 845 974 901 conditionis
1021 845 1184 898 homo
1222 859 1296 897 ex
1352 841 1532 897 anima
1580 850 1642 895 et
1677 855 1914 910 corpore
1949 837 2216 893 conﬂatus

646 951 785 990 unus
806 943 910 997 est,
942 936 1013 987 ita
1036 942 1092 987 et
1118 933 1295 1001 ipsum
1336 946 1556 1002 quoque
1585 947 1758 985 unum
1784 945 1903 985 esse
1935 938 1993 984 et
2016 928 2214 983 Filium

649 1033 703 1078 et
742 1023 1031 1078 Dominum
1084 1021 1377 1076 fateamur.
1429 1021 1546 1077 Una
1577 1036 1814 1090 namque
1848 1019 2088 1074 hominis
2131 1028 2217 1074 est

641 1125 859 1178 natura,
887 1125 943 1170 et
970 1129 1074 1169 una
1109 1113 1436 1184 bypostasis,
1485 1113 1700 1168 etiamsi
1733 1129 1798 1168 ex
1837 1113 2005 1167 rebus
2029 1112 2214 1166 diver-

642 1209 718 1263 sis
744 1207 1034 1276 specieque
1065 1205 1450 1262 diﬂeremihus
1484 1205 1870 1260 constituatur.
1911 1205 2092 1260 Palam
2132 1212 2217 1259 est

641 1300 787 1356 enim
817 1315 1016 1369 corpus
1048 1315 1167 1353 esse
1191 1298 1452 1367 quiddam
1486 1299 1553 1352 ab
1584 1299 1764 1352 anima
1789 1298 2091 1362 diversum,
2119 1297 2216 1352 sed

642 1400 824 1447 tamen
863 1391 1144 1459 proprium
1183 1389 1376 1458 ipsius,
1405 1398 1461 1443 et
1485 1405 1590 1442 una
1618 1405 1740 1443 cum
1770 1389 1886 1458 ipsa
1914 1388 2078 1442 unius
2115 1388 2215 1441 ho-

641 1482 807 1535 minis
834 1481 1167 1550 hypostasim
1190 1479 1347 1547 plene
1374 1477 1812 1532 constituere.Et
1842 1477 2106 1545 quamvis
2127 1491 2216 1530 se-

641 1572 882 1626 cundum
941 1581 1182 1625 mentem
1245 1579 1299 1622 et
1358 1568 1780 1636 cogitationem,
1831 1567 2215 1636 praedictorum

642 1663 939 1717 discrimen
981 1677 1088 1715 non
1145 1660 1214 1715 sit
1253 1660 1570 1723 obscurum,
1607 1667 1848 1712 attamen
1888 1659 2074 1722 coitio,
2119 1674 2215 1712 seu

643 1753 954 1815 concursio,
980 1767 1100 1806 cum
1129 1751 1198 1803 sit
1221 1750 1474 1814 indivisa,
1506 1752 1658 1820 161
1691 1766 1860 1804 unum
1887 1751 2084 1804 animal
2115 1751 2214 1803 ho-

2315 562 2474 624 αὑτὺς
2520 554 2600 622 εἷς
2641 556 2972 629 ὁμολογῆται
3005 553 3293 624 ὑπάρχειν,
3324 552 3419 606 καὶ
3466 551 3614 616 Υἱὸς,
3645 551 3744 605 καὶ
3773 549 3894 607 Κύ-

2319 669 2452 724 ριος.
2497 649 2610 704 Μία
2657 647 2766 716 γὰρ
2812 644 3154 716 ὁμολογεῖται
3211 641 3375 713 φύσις
3431 641 3744 714 ἀνθρώπου,
3797 643 3891 697 καὶ

2316 744 2610 803 ὑπόστασις
2630 749 2674 803 ι,
2711 737 2812 792 κᾶν
2843 740 2908 791 ἐκ
2945 736 3218 806 διαφόρων
3270 733 3478 805 νοῆται,
3522 734 3617 788 καὶ
3664 734 3725 802 ἐξ
3770 736 3892 788 ἐτε-

2319 833 2537 905 ροειδῶν
2575 829 2940 902 πραγμάτων.
2987 823 3312 897 Ἐτεροφυές
3361 822 3464 893 μὲν
3516 825 3628 894 γὰρ
3691 821 3884 893 ὁμολοι

2316 922 2598 993 γουμένως
2648 920 2726 985 ὠς
2771 919 2911 990 πρὸς
2942 934 3006 986 γε
3047 916 3226 986 ψυχὴν
3265 915 3330 968 τὸ
3379 913 3540 984 σῶμά
3563 915 3741 979 ἐστιν,
3780 912 3891 968 ἀλλ⁸

2318 1011 2451 1065 [διον
2482 1011 2672 1080 αὐτῆς,
2714 1009 2810 1062 καὶ
2846 1003 3364 1060 συναποτελεστικὺν
3410 1003 3508 1072 τῆς
3537 1002 3895 1068 ὑποστάσεως

2316 1103 2412 1158 τοῦ
2442 1103 2560 1164 ἐνὸς
2588 1099 2899 1171 ἀνθρώπου.
2930 1098 3044 1152 Καὶ
3068 1096 3144 1168 νῷ
3175 1097 3298 1168 μὶν,
3325 1096 3418 1150 καὶ
3444 1094 3670 1167 θεωρίᾳ,
3705 1093 3768 1147 τὸ
3793 1093 3904 1147 διά-

2318 1210 2484 1264 φορον
2512 1193 2620 1246 τῶν
2653 1190 3057 1262 ὠνομασμένων
3093 1189 3194 1242 οὐκ
3240 1187 3588 1258 ἀσυμφανές·
3634 1187 3670 1256 ἡ
3717 1185 3782 1238 δέ
3836 1201 3902 1254 γε

2319 1285 2559 1350 σύνοδος,
2588 1286 2707 1355 ἦτοι
2759 1283 3051 1354 συνδρομὴ,
3097 1282 3159 1335 τὸ
3206 1280 3544 1352 ἀδιάτμητον
3589 1277 3794 1350 εχουσα
3845 1277 3902 1330 ἐν

2318 1377 2574 1433 ἀποτελεί
2606 1376 2742 1440 ζῶον
2796 1375 2888 1428 τὸν
2935 1375 3240 1445 ἄνθρωπον.
3284 1373 3345 1424 '0
3378 1371 3556 1425 τοίνυν
3604 1369 3900 1442 μονογενὴς

2317 1469 2410 1522 τοῦ
2449 1467 2586 1521 Θεοῦ
2620 1467 2812 1535 Λόγος,
2835 1468 2935 1520 οὐκ
2967 1467 3253 1536 ἄνθρωπον
3275 1462 3602 1535 προσλαϐὼν
3628 1460 3897 1534 προῆλθεν

2318 1562 2624 1632 ἄνθρωπος,
2665 1560 2799 1613 ἀλλά
2835 1561 3011 1614 καίτοι
3035 1560 3134 1629 τὴν
3157 1558 3252 1612 καὶ
3312 1557 3446 1610 Θεοῦ
3479 1555 3696 1627 Πατρδς
3727 1555 3903 1624 ἀπόρ-

2323 1657 2486 1725 ῥητιν
2518 1655 2657 1723 ἔχων
2691 1652 2968 1720 γέννησιν,
2997 1651 3086 1703 διὰ
3135 1649 3229 1702 τοῦ
3262 1649 3420 1717 ἁγίου
3477 1647 3574 1701 καὶ
3608 1645 3904 1716 ὁμοουσίου

2323 1745 2640 1817 ιινεύματος
2691 1741 2869 1812 ἑαυτῷ
2920 1741 3334 1811 δημιουργήσας
3378 1737 3526 1800 ναὸν,
3552 1737 3780 1806 γέγονεν
3809 1736 3904 1790 ἇν-

643 1843 844 1896 minem
871 1843 1047 1911 ipsum
1071 1839 1334 1894 eiliciunt.
1361 1817 1549 1909 Itaque
1571 1817 1915 1908 unigenitum
1947 1837 2043 1892 Dei
2079 1838 2213 1892 Ver—

2322 1836 2556 1907 θρωπος.
2607 1833 2898 1903 Τοιγάρτοι
2935 1832 3026 1885 καὶ
3057 1825 3138 1894 εἷς
3183 1831 3404 1893 νοεῖται,
3449 1829 3554 1882 κάν
3593 1831 3660 1898 τῇ
3701 1826 3904 1896 θεωρίᾳ

643 1933 772 1989 bum
833 1949 940 1988 non
995 1931 1218 1985 homine
1266 1939 1548 2000 assumpto
1600 1930 1806 1999 prodiit
1863 1930 2059 1994 homo;
2120 1928 2213 1984 sed

2321 1932 2387 1998 τῇ
2427 1928 2568 1980 κατά
2600 1927 2691 1980 τὸν
2731 1927 2908 1995 λόγον,
2951 1924 3239 1996 ἐτεροφυές
3291 1918 3358 1992 ἦν
3405 1923 3578 1992 παρ’·
3631 1919 3798 1974 αὑτὸν
3845 1918 3904 1970 τὸ

642 2026 894 2096 quamvis
939 2023 1274 2078 ineffabilem
1336 2038 1402 2076 ex
1446 2022 1556 2076 Deo
1601 2022 1760 2076 Patre
1808 2021 2213 2091 generationem

2325 2020 2482 2090 σῶμα
2537 2019 2723 2073 αὑτοῦ.
2772 2016 3170 2088 Ὀμολογείσθω
3223 2015 3278 2068 δὲ
3336 2011 3636 2083 πανταχοῦ,
3686 2011 3771 2064 ὅτι
3831 2008 3905 2078 μὴ

643 2114 890 2177 haberet,
939 2114 1141 2182 templo
1184 2128 1282 2181 per
1328 2111 1590 2180 Spiritum
1637 2120 1885 2164 sanctum
1928 2109 2038 2164 sibi
2083 2125 2213 2163 con-

2323 2112 2528 2182 ἆψυχον
2561 2108 2650 2182 ἦν,
2680 2110 2794 2164 ἀλλ’
2825 2109 3070 2180 ὲψύχωτο
3102 2107 3247 2178 ψυχῇ
3285 2108 3471 2178 νοερᾷ.

642 2206 1056 2261 substantialem
1100 2213 1436 2266 constructo,
1467 2203 1631 2256 homo
1672 2201 1874 2255 factum
1916 2209 2020 2255 est.
2067 2202 2221 2256 Unus
2259 2204 2488 2271 proinde
2512 2202 2857 2272 intelligitur,
2901 2201 3115 2255 etiamsi
3143 2214 3341 2268 corpus
3382 2197 3533 2268 quod
3581 2203 3905 2261 assumpsit,

643 2299 759 2368 ipsa
808 2297 1038 2351 rationis
1082 2293 1542 2362 contemplatione
1589 2292 1820 2346 diversae
1867 2291 1939 2346 sit
1985 2291 2052 2344 ab
2099 2292 2218 2360 ipso
2256 2302 2485 2347 natura.
2517 2292 2730 2362 Ubique
2764 2305 2898 2345 vero
2961 2290 3231 2343 fateamur
3265 2303 3378 2342 non
3441 2286 3682 2342 inanime
3712 2286 3905 2352 fuisse,

642 2389 736 2443 sed
768 2389 952 2442 anima
982 2387 1318 2455 intelligente
1351 2384 1662 2455 prieditum.

711 2479 890 2534 Audio
939 2478 1298 2531 nihilominus
1346 2475 1611 2546 quosdam
1658 2477 1716 2530 in
1763 2492 1882 2530 eam
1939 2475 2215 2531 vesaniam

641 2571 929 2641 prolapsos
955 2585 1096 2632 esse,
1124 2579 1184 2623 ut
1207 2569 1392 2622 dicere
1418 2583 1529 2622 non
1555 2578 1849 2623 vereantur
1876 2569 2046 2622 Deum
2078 2570 2214 2624 Ver-

641 2662 772 2715 bum
809 2662 864 2714 in
904 2660 998 2713 illo
1034 2659 1255 2712 homine
1288 2674 1354 2712 ex
1383 2659 1603 2729 Virgine
1636 2669 1766 2714 nato
1797 2661 2023 2729 perinde
2063 2675 2126 2714 ac
2160 2660 2215 2714 in

640 2751 878 2822 quodam
936 2750 1048 2802 lilio
1094 2748 1450 2812 inhabitasse,
1491 2749 1857 2818 eumdemque
1910 2749 2212 2804 deilicasse.

642 2843 772 2906 Sed,
801 2860 834 2897 ο
859 2842 984 2896 boni
1012 2842 1135 2905 viri,
1164 2857 1273 2894 non
1308 2841 1413 2894 hoc
1435 2849 1538 2904 est,
1567 2841 1810 2911 inquam,
1852 2842 1948 2894 Dei
1979 2841 2217 2895 Verbum

643 2936 986 2989 incarnatum
1009 2934 1095 2987 vel
1121 2933 1399 2986 hominem
1422 2931 1624 2985 factum
1654 2947 1804 2996 esse;
1832 2931 1925 2986 sed
1956 2933 2138 3001 potius
2161 2933 2218 2987 in

639 3026 862 3081 homine
893 3040 1004 3078 non
1039 3039 1197 3078 secus
1227 3039 1292 3077 ac
1323 3024 1378 3077 in
1417 3023 1600 3092 aliquo
1630 3033 1945 3077 sanctorum
1976 3023 2216 3094 prophe-

2396 2473 2590 2528 Ἥκειν
2637 2487 2701 2538 γε
2755 2471 2862 2540 μὴν
2903 2472 2984 2532 εἰς
3029 2468 3187 2522 τοῦτο
3231 2466 3577 2538 ἀποπληξίας
3625 2467 3907 2538 ἐπυθόμην

2323 2564 2494 2626 τινὰς,
2527 2563 2602 2624 ὡς
2648 2560 2722 2630 μὴ
2764 2558 3136 2612 καταιδείσθαι
3161 2556 3188 2596 δ
3217 2556 3419 2623 λέγειν,
3452 2556 3528 2619 ώς
3562 2555 3620 2608 ἐν
3658 2573 3768 2608 τινι
3805 2555 3907 2625 υἱῷ

2322 2653 2400 2723 τῷ
2437 2654 2499 2704 ἐκ
2534 2649 2812 2722 Παρθένου
2850 2646 3096 2718 τεχθέντι
3127 2648 3487 2716 ἐνοικήσαντα
3520 2645 3611 2700 τὸν
3639 2644 3775 2698 Θεδν
3809 2646 3900 2700 Δό-

2324 2763 2442 2814 γον,
2477 2743 2665 2797 τοῦτον
2687 2741 3019 2796 ἀποθεῶσαι.
3063 2740 3203 2792 Ἀλλ’
3228 2741 3290 2792 οὐ
3321 2738 3483 2792 τοῦτό
3513 2740 3685 2803 ἐστιν,
3721 2734 3766 2792 ὦ
3789 2737 3898 2809 βέλ-

2325 2854 2517 2898 τιστοι,
2558 2835 2722 2905 φαίην
2746 2835 2810 2888 ἂν
2832 2835 3037 2896 αὐτοῖς,
3064 2833 3123 2886 τὸ
3147 2830 3503 2902 σαρκωθῆναί
3532 2847 3593 2884 τε
3623 2831 3720 2884 καὶ
3748 2832 3910 2884 ἐναν-

2327 2924 2617 2997 θρωπῆσαι
2669 2925 2760 2978 τὸν
2793 2923 2888 2978 τοῦ
2939 2924 3075 2977 Θεοῦ
3122 2924 3315 2991 Λόγον,
3370 2924 3774 3002 ἐγκατοικῆσαι
3801 2935 3822 2963 ε
3856 2923 3911 2977 δέ

2329 3019 2530 3087 μᾶλλον
2583 3015 2874 3088 ἀνθρώπῳ,
2930 3015 3182 3086 καθάπερ
3233 3014 3463 3086 ἀμέλει,
3522 3015 3619 3069 καὶ
3674 3014 3757 3068 ἐνὶ⁷
3803 3016 3913 3069 τῶν

640 3126 818 3172 tarum
865 3116 1158 3169 habitasse.
1198 3114 1494 3168 Enimvero
1535 3113 1876 3169 admirabilis
1911 3113 2213 3168 secundum

2326 3108 2497 3177 ἁγίων
2553 3106 2867 3179 προφητῶν.
2913 3107 2969 3160 Ὀ
3013 3106 3070 3159 δέ
3105 3123 3169 3175 γε
3214 3105 3309 3159 τοῦ
3344 3105 3472 3160 καθ’
3497 3107 3648 3176 ἡμᾶς
3712 3121 3897 3177 μυστη

638 3219 742 3259 nos
784 3204 1030 3275 mysterii
1072 3203 1230 3265 ratio,
1275 3210 1334 3254 ut.
1378 3203 1540 3271 paulo
1585 3204 1837 3272 superius
1880 3205 2213 3269 monuimus,

640 3296 772 3349 illud
805 3295 981 3364 ipsum
1011 3293 1106 3347 Dei
1143 3293 1322 3346 Patris
1358 3293 1597 3348 Verbum
1639 3310 1881 3360 carnem,
1915 3296 2217 3349 secundum

636 3389 953 3457 Scripturas
979 3387 1046 3450 ",
1080 3385 1284 3438 factum
1332 3385 1492 3440 docet
1525 3404 1536 3438 :
1572 3402 1680 3439 non
1724 3387 1870 3455 quod
1910 3387 2218 3441 naturalem

632 3480 875 3548 aliquam
908 3477 1268 3530 mutationem
1312 3485 1406 3530 aut
1449 3477 1828 3531 alterationem
1868 3477 2214 3541 sustinuerit,

636 3580 696 3624 ut
723 3572 778 3624 in
811 3584 1032 3624 carnem
1066 3584 1285 3623 versum
1324 3569 1394 3622 sit
1423 3586 1437 3620 ε
1469 3569 1564 3622 sed
1597 3571 1742 3638 quod
1777 3586 1998 3626 carnem
2031 3572 2218 3627 anima

637 3662 888 3717 rationali
919 3669 1224 3730 vegetatam
1253 3660 1356 3713 sibi
1382 3661 1656 3725 asciverit,
1688 3663 1959 3732 homoque
1991 3680 2216 3732 proces-

635 3754 791 3815 serit,
833 3769 944 3807 non
983 3752 1130 3822 quod
1165 3752 1375 3806 homini
1401 3751 1472 3806 sit
1498 3753 1871 3822 conjunctum,
1907 3763 2002 3808 aut
2034 3756 2090 3809 in
2115 3756 2218 3810 ho-

635 3847 784 3902 nine
816 3845 1227 3907 inhabitaverit,
1257 3855 1317 3898 ut
1358 3845 1460 3914 ipsi
1498 3845 1708 3898 dicunt.
1741 3847 1915 3900 Porro
1952 3847 2127 3912 illum,
2160 3850 2214 3904 in

636 3953 747 4008 quo
771 3937 1034 3991 habitarit
1058 3937 1241 3992 dicere
1273 3937 1585 3991 deiﬁcatum
1619 3936 1807 4001 fuisse,
1837 3945 1895 3991 ut
1929 3938 2032 4008 ipsi
2065 3954 2214 3994 asse-

640 4038 767 4086 runt
793 4029 869 4099 (id
896 4030 1044 4083 enim
1079 4044 1179 4083 nos
1212 4043 1440 4098 prorsus
1477 4029 1846 4097 respuendum
1881 4031 2213 4101 censemus),

635 4119 915 4190 quomodo
946 4135 1056 4173 non
1087 4134 1314 4174 summae
1351 4119 1597 4173 stultitia:
1626 4120 2080 4190 significationem
2115 4121 2214 4176 ha-

638 4211 766 4267 bet?
811 4211 1024 4281 Pugnat
1085 4211 1232 4265 enim
1287 4225 1411 4264 cum
1472 4225 1747 4265 sacrarum
1805 4211 2215 4282 Scripturarum

633 4317 827 4372 scopo.
869 4300 1324 4371 Quandoquidem
1371 4300 1591 4355 divinus
1633 4302 1834 4356 Paulus
1870 4303 2041 4357 Deum
2076 4304 2215 4358 Ver-

634 4395 765 4450 bum
797 4394 852 4448 in
883 4394 1054 4447 forma
1087 4403 1144 4447 et
1174 4393 1263 4447 illa
1298 4407 1397 4462 per
1433 4393 1616 4446 omnia
1650 4394 1744 4448 Dei
1784 4395 1960 4449 Patris
1984 4395 2212 4465 aequali-

2323 3200 2439 3271 ρίου
2468 3201 2643 3268 λόγος,
2672 3199 2747 3261 ὼς
2773 3199 2866 3252 καὶ
2903 3199 2960 3251 ἐν
2983 3201 3094 3262 τοῖς
3135 3196 3428 3264 ἀνωτέροις
3447 3195 3473 3234 ἀ
3505 3195 3683 3268 βραχὺ
3717 3197 3890 3269 προδε

2320 3295 2574 3364 δήλωται,
2617 3292 2777 3347 αὑτὸν
2807 3290 3052 3362 βούλεται
3087 3290 3178 3343 τὸν
3203 3291 3268 3342 ἐκ
3303 3288 3442 3342 Θεοῦ
3479 3288 3701 3359 Πατρὸς
3724 3304 3914 3359 γεννηο

2323 3383 2483 3437 θέντα
2535 3385 2727 3452 Λόγον,
2780 3382 2960 3452 σάρκα
3019 3380 3273 3449 γενέσθαι
3326 3379 3470 3433 κατά
3523 3379 3625 3444 τὰς
3659 3380 3914 3450 Γραφάς,

2321 3475 2418 3546 οὐχ
2441 3476 2518 3540 ὼς
2543 3476 2870 3546 μετάστασιν
2898 3473 3153 3543 φυσικὴν,
3177 3474 3346 3544 ἦγουν
3367 3472 3598 3545 τροπὴν,
3625 3475 3659 3544 ἢ
3680 3473 3915 3527 ἀλλοίω-

2323 3582 2406 3619 σιν
2435 3567 2818 3637 ὑπομείναντα,
2841 3565 2942 3635 τὴν
2964 3567 3042 3628 είς
3071 3565 3248 3636 σάρκα
3305 3564 3473 3636 φημὶ,
3507 3565 3622 3620 ἀλλ’
3641 3567 3725 3619 ὅτι
3779 3567 3917 3639 σάρ-

2321 3677 2393 3713 κα
2417 3660 2773 3730 ἐψυχωμένην
2814 3659 3038 3731 νοερῶς,
3090 3660 3225 3713 ίδίαν
3263 3658 3581 3729 ἐποιήσατο,
3610 3658 3708 3712 καὶ
3743 3661 3914 3723 αὐτὸς

2320 3752 2591 3822 προῆλθεν
2631 3751 2936 3823 ἄνθρωπος,
3007 3752 3104 3805 οὐκ
3164 3749 3438 3821 ἀνθρώπῳ
3484 3751 3762 3823 συνήφθη,
3794 3751 3917 3806 οὐδὲ

2319 3845 2588 3916 ἐνῴκηκε,
2616 3845 2760 3899 καθά
2790 3861 2940 3914 φασι.
2974 3844 3047 3896 Τὸ
3075 3843 3130 3896 δέ
3165 3842 3256 3895 καὶ
3282 3843 3697 3898 ἀποτεθεῶσθαι
3727 3842 3918 3913 λέγειν

2317 3937 2408 3989 τὸν
2458 3938 2731 4006 ἐσχηκότα
2776 3937 2874 4006 τὴν
2927 3936 3224 4004 ἐνοίκησιν,
3261 3933 3338 3999 ὡς
3368 3936 3520 3989 αὐτοὶ
3548 3934 3918 3992 διατείνονται

2321 4028 2501 4097 (τοῦτο
2555 4028 2662 4099 γὰρ
2701 4027 2829 4099 παρ’
2863 4029 2995 4098 ἡμῖν
3039 4025 3346 4095 ἀπόϐλητον
3399 4025 3731 4096 παντελῶς),
3793 4029 3917 4094 πῶς

2317 4120 2414 4189 οὐχ
2448 4104 2667 4191 ἁπάσης
2697 4119 3097 4191 ἐμϐροντησίας
3136 4118 3413 4185 ἀπόδειξιν
3460 4117 3615 4190 ἔχεις
3653 4120 3916 4192 Μάχεται

2317 4211 2427 4280 γὰρ
2460 4210 2538 4280 τῷ
2569 4211 2757 4281 σκοπῷ
2788 4212 2885 4281 τῆς
2913 4211 3064 4275 θείας
3090 4219 3114 4249 ⁶
3148 4211 3392 4282 Γραφῆς.
3421 4211 3481 4265 Ὀ
3516 4210 3619 4279 μὲν
3642 4211 3757 4283 γάρ
3787 4212 3917 4267 θεσ-

2317 4303 2505 4365 πέσιος
2549 4302 2756 4366 Παῦλος
2797 4303 2886 4357 τὸν
2929 4302 3022 4356 τοῦ
3070 4302 3205 4357 Θεοῦ
3240 4302 3432 4370 Λόγον,
3480 4303 3540 4355 ἐν
3585 4307 3774 4376 μορφῇ
3815 4306 3915 4360 καὶ

2321 4394 2522 4464 ίσὸτητι
2556 4397 2622 4466 τῇ
2664 4395 2803 4449 κατὰ
2835 4397 2941 4449 πᾶν
2968 4396 3146 4451 ὁτιοῦν
3177 4395 3271 4450 τοῦ
3316 4396 3533 4467 Πατρὸς
3560 4397 3713 4461 ὄντα,
3739 4401 3913 4472 φησὶν

635 4495 745 4541 tate
811 4487 1205 4549 constitutum,
1253 4502 1362 4540 non
1413 4487 1659 4556 rapinam
1711 4486 2037 4541 arbitratum
2080 4486 2213 4541 dicit

2318 4487 2416 4555 οὐχ
2454 4487 2744 4557 ἁρπαγμὸν
2777 4487 3085 4559 ἡγήσασθαι
3127 4488 3188 4541 τὺ
3215 4484 3356 4542 εἶναι
3391 4488 3482 4542 ῐσα
3513 4489 3656 4561 Θεῷ,
3712 4492 3912 4547 ἐαυτὸν

629 4579 897 4648 aqualem
933 4593 993 4632 se
1025 4593 1144 4631 esse
1184 4578 1314 4643 Deo,
1350 4593 1541 4632 verum
1573 4577 1924 4648 semetipsum
1958 4579 2210 4633 exinani—

633 4672 802 4735 visse,
830 4669 1085 4739 servique
1115 4669 1289 4722 forma
1315 4679 1556 4738 accepta,
1580 4669 1636 4723 in
1662 4669 2076 4725 similitudinem
2095 4670 2209 4724 ho-

634 4764 846 4819 minum
891 4764 1092 4818 factum
1137 4777 1279 4825 esse,
1320 4771 1506 4830 utpote
1547 4762 1857 4825 hominem,
1899 4779 1964 4818 ac
2006 4773 2209 4820 semet-

633 4856 813 4926 ipsum
858 4853 1174 4908 bumiliasse
1202 4853 1267 4907 °°.
1309 4854 1392 4907 Illi
1440 4870 1571 4908 vero
1610 4870 1793 4908 rerum
1838 4865 2088 4910 naturam
2137 4856 2204 4911 ad

631 4945 853 5016 quidvis
902 4943 1236 4998 contrarium
1281 4943 1642 5014 detorquent,
1692 4944 1912 5013 vimque
1957 4945 2207 5000 veritatis

634 5031 800 5102 impie
838 5030 1243 5095 adulterantes,
1276 5031 1554 5086 hominem
1588 5033 1898 5088 deiﬁcatum
1933 5045 2202 5089 asserunt.

635 5123 834 5178 Verum
881 5123 926 5178 si
971 5138 1061 5176 res
1102 5124 1176 5176 ita
1219 5123 1404 5189 habet,
1444 5127 1716 5196 quisnam.
1758 5143 1961 5196 quaeso,
2004 5137 2206 5183 semet-

634 5214 815 5284 ipsum
833 5214 1168 5269 exinanivit?
1188 5215 1462 5285 quomodo
1481 5218 1741 5286 prieterea
1764 5217 2003 5287 seipsum
2029 5220 2209 5274 humi-

632 5305 826 5362 liavit?
853 5307 1070 5378 qualem
1113 5307 1278 5364 dicite
1320 5309 1478 5373 mihi,
1515 5311 1656 5365 servi
1691 5311 1922 5366 formam
1957 5314 2210 5384 accepit?

631 5396 849 5453 Etenim
904 5397 1019 5452 haec
1067 5398 1285 5453 illorum
1328 5398 1576 5454 doctrina
1629 5401 1907 5456 hominem
1951 5404 2210 5458 videlicet

703 5552 748 5584 "
769 5551 926 5608 Joan.
957 5570 995 5618 ι,
1028 5555 1114 5610 14.
1185 5557 1230 5588 ⁸⁸
1251 5556 1486 5627 Philipp.
1525 5575 1582 5623 ιι,
1618 5559 1736 5614 6-8.

2316 4578 2373 4631 δὲ
2411 4579 2610 4646 μᾶλλον
2644 4579 2896 4643 κενῶσαι,
2941 4581 3033 4633 καὶ
3068 4580 3280 4652 μορφὴν
3320 4577 3511 4635 δούλου
3563 4582 3776 4649 λαϐεῖν,
3811 4583 3912 4639 καὶ

2317 4671 2375 4722 ἐν
2419 4671 2721 4740 ὁμοιώματι
2799 4671 3099 4742 ἀνθρώπων
3153 4672 3407 4740 γενέσθαι
3463 4673 3541 4737 ὡς
3587 4673 3906 4745 ἄνθρωπον,

2315 4763 2650 4816 ταπεινῶσαί
2699 4781 2756 4816 τε
2801 4764 3014 4818 ἑαυτόν.
3049 4765 3111 4816 Oi
3153 4763 3212 4816 δὲ
3250 4765 3387 4836 πρὸς
3428 4767 3539 4819 πᾶν
3587 4767 3907 4822 τούναντίον

2317 4853 2673 4922 μεθιστάντες
2727 4855 2835 4911 τῶν
2887 4855 3230 4924 πραγμάτων
3271 4858 3370 4926 τὴν
3418 4856 3605 4926 φύσιν,
3661 4859 3758 4913 καὶ
3801 4859 3906 4929 τῆς

2315 4947 2574 5016 ἀληθείας
2611 4948 2707 5019 τὴν
2749 4947 2975 5018 δύναμιν
3017 4949 3245 5012 ἀνοσίως
3279 4949 3778 5021 ἐκκαπηλεύοντες,
3810 4969 3904 5005 τε-

2314 5038 2661 5107 θεοποιῆσθαί
2714 5057 2878 5108 φασιν
2925 5039 3228 5111 ἄνθρωπον.
3283 5037 3416 5094 Εῐτα
3467 5042 3552 5106 τίς
3583 5041 3614 5095 ό
3648 5043 3903 5111 κενώσας

2315 5129 2527 5192 ἐαυτὸν,
2562 5124 2606 5182 ὦ
2647 5130 2931 5200 βέλτιστοι,
2963 5132 3055 5184 καὶ
3097 5131 3214 5194 πῶς
3243 5131 3680 5200 τεταπείνωται;
3713 5136 3901 5204 ποίαν,

2310 5221 2432 5275 είπέ
2457 5239 2568 5290 μοι,
2605 5222 2783 5275 λαϐὼν
2813 5222 2906 5275 τοῦ
2937 5222 3123 5277 δούλου
3159 5226 3403 5296 μορφήν;
3430 5225 3759 5297 Εἰσκομίζει
3789 5229 3901 5300 γάρ

2309 5315 2458 5384 ἡμῖν,
2495 5313 2568 5376 ὡς
2597 5313 2790 5376 ἔοικεν,
2821 5316 2850 5366 ὁ
2890 5315 3018 5384 παρ’
3056 5316 3239 5368 αὐτῶν
3290 5316 3448 5385 λόγος
3499 5320 3567 5371 ἐκ
3612 5317 3716 5388 τῆς
3774 5319 3900 5374 καθ’

2309 5407 2452 5474 ἡμᾶς
2485 5407 2867 5474 ταπεινότητος
2900 5406 3202 5477 ὑψούμενον
3237 5407 3544 5476 ἄνθρωπον,
3573 5410 3672 5464 καὶ
3697 5411 3764 5466 ἐκ
3798 5411 3897 5482 τῆς

1687 5671 1861 5725 Varize
1893 5671 2156 5727 lectiones
2179 5670 2384 5725 codicis
2423 5670 2784 5741 Seguieriani.

705 5786 728 5816 ⁸
765 5779 1040 5848 σύστασις.
1121 5797 1144 5826 ει
1250 5785 1399 5854 παρ’.
1479 5785 1505 5824 ’³
1537 5785 1870 5840 καταδεῖσαι.

1951 5798 1970 5820 υ
2016 5783 2370 5852 ἐγκατοικεῖν.
2450 5782 2472 5820 ἀ
2519 5783 2792 5853 ἀνωτέρω.

2873 5795 2892 5821 τ
2937 5783 3318 5847 θεοπνεύστου.
