4154 6322
263 327 364 385 2M

1688 324 2023 384 EPISTOLA
2063 326 2124 381 L.

3436 319 3544 379 962

269 443 388 499 καθ’
425 443 580 513 ἡμᾶς
624 443 914 508 κενώσεως
962 443 1042 508 εἰς
1087 442 1148 497 τὸ
1201 441 1408 514 πλῆρες
1455 442 1551 512 τῆς
1611 441 1862 512 θεότητος

1976 440 2199 505 inducit,
2226 442 2319 513 qui
2343 457 2409 497 ex
2443 452 2628 496 nostra
2655 440 2966 504 humilitate
2992 439 3047 493 in
3071 439 3306 494 sublime
3329 449 3553 498 evectus

275 530 663 594 ἀναϐαίνοντα.
689 534 782 585 καὶ
807 532 870 586 ἐκ
898 533 996 602 τῆς
1023 531 1115 586 τοῦ
1137 530 1322 585 δούλου
1352 533 1567 603 μορφῆς
1600 532 1859 602 μεθιστά-

279 639 434 696 μενον
456 624 540 686 εἰς
570 623 919 693 δεσποτικήν.
952 623 1077 686 Πῶς
1101 619 1193 677 οῦν
1221 623 1330 695 ἄρα
1367 622 1703 677 κεκενῶσθαί
1730 638 1861 691 φασι

274 715 362 768 τὸν
394 713 704 783 Μονογενῆ,
738 712 770 786 ἢ
809 717 923 779 πῶς
950 716 1050 785 τὴν
1079 714 1233 784 ήμῶν
1287 714 1547 786 ὑπέμεινε
1571 714 1863 768 λιαπείνωο

277 821 378 867 σιν,
407 806 511 858 οὐκ
542 804 650 876 ἔχω
681 807 823 859 νοεῖν
843 825 857 837 ·
888 809 936 859 εί
967 805 1040 877 μὴ
1066 803 1174 878 ἄρα
1201 806 1542 860 κεκενῶσθαι
1571 823 1734 874 φασιν
1763 807 1861 860 at)-

270 895 382 960 τὸν,
419 897 506 950 ὅτι
552 900 618 968 τῇ
666 897 770 967 ἰδίᾳ
807 897 932 969 δόξῃ
965 898 1227 968 τετίμηκε
1271 898 1362 950 τὸν
1409 898 1712 966 ἄνθρωπον.
1755 897 1864 948 Καὶ

272 985 320 1038 εἰ
348 986 532 1056 τιμῶν
571 987 862 1049 ἀδικεῖται,
897 987 990 1039 καὶ
1021 987 1276 1040 κενοῦται
1308 984 1567 1050 δοξάζων,
1602 984 1719 1046 πῶς
1764 984 1864 1036 οὐκ

270 1076 500 1146 ἄμεινον
533 1081 649 1150 ἐρεῖ
671 1096 753 1142 τις
777 1074 997 1132 εἶναιτὸ
1024 1079 1157 1151 μηδέ
1185 1079 1351 1150 τιμὴν
1377 1078 1560 1141 αὐτὸν,
1591 1079 1725 1147 μήτε
1759 1075 1863 1145 μὴν

270 1170 434 1234 δόξαν
462 1170 573 1224 τινὶ
605 1170 824 1240 νέμειν;
855 1168 1080 1242 Ἔμεινε
1116 1171 1224 1241 γὰρ
1276 1171 1342 1224 ἂν
1387 1173 1443 1221 ἐν
1493 1169 1648 1231 ἰδίαις
1694 1169 1862 1237 ὑπερ-

269 1263 448 1331 οχαῖς.
483 1261 618 1331 μήτε
654 1261 914 1330 τιμήσας.
956 1263 1092 1331 μήτε
1146 1259 1375 1326 δοξάσας
1427 1259 1538 1320 τὸν,
1595 1258 1670 1320 ὼς
1713 1255 1865 1310 αὐτοί

271 1369 461 1422 φασιν,
487 1351 836 1405 οἰκειωθέντα
876 1351 1026 1421 αὑτῷ
1055 1350 1364 1423 ἄνθρωπον.
1389 1347 1520 1420 'Ap'
1539 1349 1600 1403 οὺ
1629 1349 1865 1416 γέλωτος

272 1443 402 1509 ἀξια
427 1442 589 1496 παντί
613 1459 716 1495 που
743 1445 1012 1510 φανεῖται,
1042 1442 1130 1494 καὶ
1159 1441 1488 1513 ἁϐελτηρίας
1517 1441 1744 1511 ἔμπλεω
1768 1441 1865 1509 τῆς

272 1538 539 1608 ἐσχάτης,
573 1535 608 1589 ἃ
639 1536 856 1608 φρονεῖν
888 1535 1180 1603 ἐγνώκασι,
1221 1535 1314 1587 καὶ
1348 1533 1606 1604 θαρσοῦσι
1656 1531 1863 1598 λαλεῖν;

284 1630 434 1683 Ἀλλ’
466 1631 495 1682 ὃ
527 1645 589 1696 γε
637 1627 734 1698 τῆς
761 1627 1019 1700 ἀληθείας
1057 1627 1214 1696 λόγος
1251 1628 1349 1679 οὐκ
1393 1627 1458 1679 ειν
1503 1624 1866 1678 ὑποπτεύσειέ

271 1738 326 1776 τι
355 1719 700 1774 κεκενῶσθαι
732 1720 972 1783 πώποτε,
1000 1720 1074 1789 μὴ
1102 1721 1224 1789 οὐχὶ
1252 1719 1454 1790 πλῆρες
1487 1717 1546 1770 ὂν
1586 1717 1704 1772 κατ’
1733 1717 1869 1770 ἰδίαν

274 1814 447 1886 φύσιν
469 1831 483 1844 ο
523 1813 631 1866 οὐδ’
666 1813 731 1866 ἂν
761 1815 934 1865 νοοῖτο
979 1811 1410 1864 ταπεινοῦσθαι(
1448 1828 1522 1877 τι,
1554 1811 1630 1880 μὴ
1658 1810 1779 1879 οὐχὶ
1802 1810 1866 1880 δὴ
1903 1796 1940 1848 Β

273 1910 500 1971 πάντως
547 1906 684 1976 ὑψοῦ
719 1924 779 1959 τε
810 1907 904 1960 καὶ
935 1905 1195 1959 ἀνωτάτω
1235 1905 1506 1976 κείμενον,
1542 1899 1661 1956 εἶτα
1700 1920 1868 1957 καταο

273 2001 548 2072 φοιτῆσαν
576 2000 656 2062 εἰς
680 1999 814 2070 ὅπερ
845 2000 946 2051 οὐκ
978 1993 1073 2067 ἦν·
1112 1998 1202 2050 τὸν
1229 1997 1285 2050 δέ
1315 2014 1378 2065 γε
1408 1996 1596 2049 δούλου
1635 1995 1869 2048 λαϐόντα

283 2093 529 2163 μορφὴν,
583 2092 789 2144 εἴσεταί
833 2107 936 2143 που
974 2089 1191 2152 πάντως
1219 2088 1324 2159 πρὸ
1366 2087 1538 2158 αὐτῆς
1578 2087 1767 2157 ἔχοντα
1810 2088 1870 2139 τὸ

275 2186 425 2239 κατὰ
467 2185 632 2252 φύσιν
673 2182 988 2252 ἐλεύθερον·
1025 2182 1122 2234 καὶ
1162 2181 1252 2233 τὸν
1283 2180 1550 2248 γεγονότα
1582 2179 1870 2249 ἄνθρωπον

273 2276 379 2328 οὐκ
409 2269 552 2328 οἶδεν
586 2274 714 2327 ὄντα
763 2273 921 2326 τοῦτο
967 2273 1099 2342 πρὶν
1157 2272 1469 2342 γεγένηται.
1517 2272 1625 2341 Τῆς
1692 2271 1872 2325 τοίνυν

274 2366 446 2435 ἁγίας
497 2366 593 2418 καὶ
627 2365 988 2418 θεοπνεύστου
1021 2365 1246 2436 Γραφῆς
1298 2365 1532 2418 κένωσιν
1577 2364 1872 2434 ὀνομαζού-

279 2475 407 2530 σης,
440 2458 534 2511 καὶ
568 2457 754 2511 δούλου
791 2458 1023 2529 μορφὴν,
1061 2459 1155 2511 καὶ
1195 2457 1293 2528 μέν
1329 2474 1413 2510 τοι
1455 2459 1550 2510 καὶ
1584 2457 1871 2528 ἀνθρωπό-

277 2567 444 2620 τητα,
477 2550 573 2602 καὶ
602 2549 692 2602 τὸν
726 2549 899 2602 ταῦτα
933 2549 1253 2611 ἐθελουσίως
1293 2548 1664 2618 ὑπομείναντα
1695 2547 1876 2616 λεγού-

282 2653 387 2709 σης
428 2638 521 2691 τὸν
566 2641 630 2690 ἐκ
671 2637 805 2690 Θεοῦ
849 2638 1061 2710 Πατρὺς
1095 2637 1267 2706 Λόγον
1307 2633 1468 2702 εἶναι,
1513 2637 1563 2690 τί
1601 2640 1875 2708 παρατρέ-

283 2745 484 2784 πουσιν
511 2729 666 2782 αὐτοὶ
694 2729 828 2799 πρὸς
849 2729 908 2781 τὸ
933 2729 1171 2784 ἐναντίον
1194 2730 1295 2800 τῆς
1325 2728 1467 2783 οὔτω
1484 2730 1874 2799 τεθαυμασμέ-

281 2839 383 2892 νης
413 2820 726 2890 οἰκονομίας
750 2822 809 2875 τὸ
835 2823 1108 2891 εὑτεχνές,
1138 2821 1424 2895 ἄνθρωπον
1463 2821 1876 2892 τεθεοποιῆσθαι

279 2912 554 2981 λέγοντες,
598 2911 686 2964 ἴνα
732 2910 897 2981 μηδὲν
937 2911 1018 2964 ἐτι
1056 2911 1352 2982 διαφέρωσι
1397 2912 1715 2984 Χριστιανοὶ
1770 2913 1877 2964 τῶν

280 3006 349 3074 τῇ
397 3002 578 3056 κτίσει
629 3002 1069 3074 λελατρευκότων
1109 3005 1264 3076 παρὰ
1319 3005 1410 3058 τὸν
1468 3004 1763 3070 κτίσαντας
1807 3005 1877 3057 Ἢ

1964 533 2056 597 sit,
2079 535 2284 604 quique
2325 550 2391 588 ex
2425 545 2615 588 nostra
2645 532 3018 588 exinanitione
3048 533 3102 585 in
3131 531 3350 586 deitatis
3378 533 3555 602 pleni-

1965 625 2211 680 tudinem
2233 626 2500 690 evaserit;
2531 641 2632 679 nec
2659 640 2764 678 non
2788 639 2855 678 ex
2878 623 3052 678 forma
3075 624 3260 678 servili
3287 625 3342 678 in
3369 623 3556 679 Domi-

1965 717 2144 771 nicam
2172 717 2401 771 formam
2429 717 2730 772 transierit.
2758 716 3026 786 Equidem
3053 717 3330 786 quomodo
3356 717 3553 787 unige-

1965 809 2140 862 nitum
2182 809 2277 862 Dei
2316 809 2512 863 Filium
2556 808 2920 872 exinanitum,
2954 807 3232 878 quomodo
3269 809 3398 863 item
3445 809 3552 862 hu-

1965 913 2141 953 manae
2198 908 2407 954 natura:
2462 899 2904 953 humiliationem
2953 901 3282 954 sustinuisse
3327 900 3550 964 dicant,

1966 990 2193 1043 omnino
2239 991 2544 1061 intelligere
2585 1007 2695 1046 non
2722 991 2916 1047 valeo:
2958 991 3060 1046 nisi
3090 991 3228 1046 forte
3261 993 3416 1063 162
3455 1006 3546 1062 pet

1966 1080 2074 1135 hoc
2113 1081 2450 1135 exinanitum
2493 1092 2830 1145 asseverent,
2863 1083 3008 1153 quod
3049 1083 3326 1137 hominem
3367 1082 3558 1154 gloria

1967 1188 2080 1226 sua:
2102 1173 2425 1243 participem
2453 1173 2663 1228 fecerit.
2692 1174 2894 1228 Verum
2923 1174 2965 1229 si
2993 1175 3226 1228 alterum
3253 1174 3554 1239 honorans,

1969 1262 2084 1332 ipse
2109 1262 2338 1317 honoris
2365 1265 2449 1317 sui
2481 1263 2876 1319 detrimentum
2905 1264 3066 1329 facit;
3102 1265 3145 1319 si
3174 1266 3408 1319 alterum
3437 1265 3552 1336 glo-

1969 1353 2210 1418 rificans,
2243 1354 2373 1424 ipse,
2401 1357 2736 1420 exinanitur,
2772 1357 2861 1412 cui
2914 1356 3144 1412 dubium
3211 1372 3331 1412 esse
3379 1365 3559 1427 potest

1968 1445 2100 1515 quin
2150 1446 2520 1515 praastabilius
2568 1445 2643 1499 illi
2671 1446 2859 1508 fuerit,
2906 1461 3086 1515 neque
3131 1446 3395 1501 honorem
3435 1447 3558 1501 cui-

1970 1551 2154 1604 quam,
2178 1553 2354 1607 neque
2373 1553 2505 1592 vero
2526 1537 2753 1608 gloriam
2780 1538 2932 1592 illum
2961 1537 3241 1592 tribuere?
3266 1537 3380 1592 Nisi
3411 1538 3560 1592 enim

1971 1626 2271 1691 hominem,
2304 1643 2465 1697 quem
2501 1628 2626 1691 sibi,
2666 1639 2727 1682 ut
2770 1629 2871 1698 ipsi
2912 1629 3238 1700 loquuntur,
3273 1628 3557 1699 proprium

1971 1719 2121 1781 fecit,
2158 1719 2503 1782 honorasset,
2530 1719 2897 1789 eumdemque
2939 1720 3111 1790 gloria
3152 1735 3249 1774 sua
3287 1721 3538 1774 cumulus

1971 1823 2073 1874 set,
2105 1813 2158 1866 in
2195 1813 2415 1882 prapria
2445 1814 2770 1868 excellentia
2801 1821 3058 1868 constans
3079 1814 3428 1885 perstitisset.
3476 1814 3560 1871 An

1972 1919 2081 1957 non
2105 1920 2168 1957 ea
2193 1905 2392 1974 cuique
2419 1906 2531 1959 risu
2557 1905 2740 1976 digna,
2762 1914 2818 1960 et
2841 1913 3100 1960 extrema:
3128 1907 3375 1961 stultitia:
3398 1907 3563 1977 plena

1973 1993 2287 2058 videantur,
2318 2011 2439 2064 quae
2473 1995 2551 2048 illi
2591 2003 2648 2049 et
2685 1996 2892 2050 sentire
2925 2005 3257 2061 statuerunt,
3288 2006 3343 2051 et
3377 1995 3563 2068 eloqui

1974 2087 2214 2140 audent?
2250 2088 2319 2140 At
2353 2103 2487 2141 vero
2537 2088 2676 2141 ratio
2717 2088 2970 2142 veritatis
3016 2089 3170 2143 nullo
3206 2088 3368 2144 modo
3397 2089 3564 2160 quid-

1975 2192 2136 2246 quam
2173 2176 2470 2246 aliquando
2513 2177 2857 2231 exinanitum
2903 2177 3171 2242 censebit,
3204 2179 3248 2232 si
3292 2178 3344 2232 id
3384 2179 3565 2250 ipsum

1976 2276 2134 2326 antea
2171 2267 2472 2322 secundum
2511 2277 2768 2322 naturam
2807 2284 2962 2323 suam
3003 2269 3226 2338 plenum
3262 2286 3372 2324 non
3405 2281 3562 2325 erat:

1976 2375 2155 2428 neque
2194 2375 2414 2413 rursum
2456 2359 2829 2423 humiliatum,
2857 2361 2962 2414 nisi
2999 2361 3131 2415 illud
3164 2361 3218 2415 in
3250 2361 3472 2416 sublimi
3511 2370 3569 2417 et

1977 2469 2193 2507 summo
2215 2454 2476 2522 positum,
2499 2454 2552 2508 in
2579 2454 2629 2508 id
2655 2463 2842 2523 postea
2867 2455 3222 2510 descenderit
3241 2455 3390 2526 quod
3414 2456 3568 2526 prius

1977 2560 2086 2598 non
2109 2553 2256 2599 erat:
2274 2545 2426 2598 illum
2445 2554 2707 2615 prmterea
2731 2546 2824 2616 qui
2848 2545 2992 2601 servi
3015 2545 3243 2600 formam
3269 2549 3566 2617 acceperit,

1977 2653 2205 2706 prorsus
2239 2638 2501 2708 intelliget
2526 2647 2818 2708 antequam
2849 2639 2996 2692 illam
3023 2640 3320 2709 acceperit.
3340 2650 3560 2694 natura-

1977 2727 2084 2780 lem
2106 2728 2416 2782 libertatem
2443 2730 2731 2784 habuisse:
2757 2739 2810 2784 et
2829 2745 2956 2783 eum
2974 2729 3067 2798 qui
3088 2729 3252 2785 homo
3269 2732 3341 2785 sit
3361 2732 3536 2786 factus
3553 2772 3568 2796 ,

1978 2818 2147 2874 fuisse
2189 2820 2469 2894 hominem
2517 2812 2838 2890 priusquam
2885 2820 3064 2878 factus
3113 2822 3212 2886 sit,
3258 2838 3368 2876 non
3406 2838 3546 2894 agno

1979 2913 2101 2966 scit.
2151 2911 2518 2978 Quamobrem
2570 2927 2695 2966 cum
2743 2928 2897 2967 sacra
2945 2921 3002 2968 et
3049 2914 3236 2968 divina
3287 2913 3570 2986 Scriptura

1979 3007 2442 3067 exinanitionem,
2493 3007 2861 3075 servilemque
2908 3006 3168 3070 formam,
3215 3023 3316 3063 nec
3358 3023 3470 3062 non
3514 3019 3572 3064 et

280 3097 428 3168 τάχα
467 3112 572 3149 που
621 3096 1001 3166 πεπλανῆσθαι
1040 3096 1273 3151 δώσουσι
1302 3097 1419 3168 μεθ’
1449 3098 1626 3168 ἡμῶν,
1653 3099 1748 3150 καὶ
1780 3098 1873 3149 αὑ-

1981 3099 2380 3153 humanitatem
2409 3099 2675 3161 nominet,
2703 3114 2942 3168 eumque
2973 3099 3068 3168 qui
3114 3099 3230 3154 haec
3260 3100 3570 3154 voluntario

280 3189 413 3250 τοὺς
471 3189 596 3250 τοὺς
657 3188 842 3256 ἁγίους
888 3189 1175 3256 ἀγγέλους.
1217 3188 1325 3250 Οὓς
1369 3189 1432 3259 δὴ
1472 3190 1872 3261 προστετάχθαι

1980 3189 2242 3257 suscepit.
2273 3187 2367 3242 Dei
2397 3188 2574 3242 Patris
2597 3187 2838 3241 Verbum
2876 3188 3144 3259 appellet:
3176 3186 3452 3258 quomodo
3480 3186 3572 3241 isti

285 3281 424 3349 φησὶ
454 3279 518 3333 τὸ
551 3280 795 3352 Γράμμα
835 3281 897 3333 τὸ
937 3281 1080 3352 ἱερὸν
1124 3284 1503 3353 προσκυνῆσαι
1543 3284 1635 3336 τὸν
1664 3283 1873 3353 πρωτό-

1978 3280 2237 3334 eximiam
2275 3280 2422 3334 illam
2456 3278 2798 3333 admirandae
2825 3280 2992 3350 hujus
3024 3278 3455 3348 dispensationis
3479 3293 3572 3333 sa-

282 3389 444 3425 τοκον
469 3370 786 3442 εἰσαχθέντα
820 3373 900 3434 εἰς
931 3371 1030 3441 τὴν
1062 3373 1406 3444 οἰκουμένην.
1447 3374 1519 3427 Τὸ
1549 3373 1606 3426 δέ
1628 3390 1691 3442 γε
1722 3391 1873 3443 πρω-

1980 3372 2242 3442 pientiam
2280 3372 2336 3426 in
2377 3371 2715 3427 contrarium
2760 3386 2982 3425 sensum
3027 3370 3441 3440 detorquentes,
3469 3370 3572 3426 ho-

281 3465 511 3527 τότοκος
542 3465 716 3534 ὗνομα
751 3464 868 3528 πῶς
899 3465 964 3518 ἂν
997 3467 1342 3537 άρμόσαιμεν
1363 3468 1386 3508 8
1419 3468 1494 3538 μὴ
1519 3468 1873 3540 ἐνανθρωπή-

1978 3465 2182 3520 minem
2209 3465 2502 3534 quemdam
2528 3462 2842 3520 deiﬁcatum
2872 3479 2992 3517 esse
3019 3463 3382 3526 contendunt,
3410 3462 3486 3516 ita
3512 3472 3576 3518 ut

287 3574 446 3612 σαντι
482 3556 560 3626 τῷ
595 3558 922 3624 Μονογενεί;
957 3559 1019 3611 Εἰ
1068 3560 1177 3630 γάρ
1213 3563 1361 3614 ἐστιν
1406 3560 1605 3630 ἀληθὲς
1642 3561 1724 3627 τὸ,
1757 3581 1776 3612 ‹
1800 3562 1873 3626 ὡς

1976 3558 2086 3629 jam
2111 3555 2407 3611 Christiani
2449 3556 2598 3609 nulla
2637 3571 2696 3610 re
2724 3555 2792 3608 ab
2821 3555 2890 3610 iis
2910 3554 3190 3620 differant,
3217 3551 3314 3624 qui
3349 3563 3576 3624 preter-

284 3651 343 3702 ἐν
384 3647 608 3710 πολλοῖς
653 3647 924 3718 ἀδελφοῖς,
947 3668 965 3701 ι
1003 3648 1112 3720 ἄρα
1160 3651 1382 3714 εἰκότως
1414 3654 1614 3704 νοεῖται
1660 3651 1874 3723 πρωτό-

283 3757 467 3804 τοκος,
511 3742 599 3794 ὅτε
651 3739 857 3811 κατέϐη
901 3740 1036 3811 πρὸς
1091 3741 1451 3814 ἀδελφότητα,
1499 3744 1740 3816 δηλονότι
1777 3745 1876 3814 τὴν

285 3832 429 3905 πρὸς
462 3833 632 3904 ἡμᾶς,
660 3832 746 3885 ὅτε
777 3831 899 3886 καθ’
922 3835 1068 3902 ἡμᾶς
1097 3834 1316 3902 γέγονεν
1345 3835 1650 3906 ἄνθρωπος,
1681 3838 1877 3907 ὁμοίων

286 3921 404 3988 θεὶς
438 3921 578 3976 κατὰ
616 3923 816 3987 πάντα,
856 3923 978 3994 δίχα
1014 3925 1181 3994 μόνης
1213 3927 1505 3996 ἁμαρτίας.
1558 3927 1878 3997 Ἀπόχρηδὲ

288 4014 428 4088 πρὸς
459 4013 744 4067 εὐσέϐειαν
765 4017 898 4085 ἡμῖν
919 4015 980 4068 τὸ
996 4015 1307 4084 λογίζεσθαι
1337 4019 1429 4071 καὶ
1456 4021 1616 4081 νοεῖν,
1634 4020 1715 4072 ὃτι
1740 4020 1876 4073 Θεοῦ

287 4103 560 4175 γενομένη
623 4101 762 4174 σὰρξ
813 4104 906 4157 τοῦ
974 4104 1367 4174 ζωογονοῦντος
1417 4107 1486 4161 τὰ
1540 4109 1736 4174 πάντα,
1779 4111 1877 4182 τὴν

292 4195 565 4263 {annoth
598 4196 764 4250 αὑτοῦ
793 4195 1045 4268 δύναμιν,
1083 4200 1177 4251 καὶ
1221 4199 1508 4272 ἐνέργειαν
1531 4199 1668 4272 ἔχει·
1701 4204 1877 4257 καται

292 4287 516 4342 πλουτεῖ
565 4287 621 4341 δέ
672 4287 766 4341 καὶ
817 4287 972 4354 δόξαν
1023 4290 1284 4362 ἄρρητον,
1337 4293 1431 4345 καὶ
1469 4293 1872 4365 ἀπρόσσλητον.

303 4380 560 4444 ’Δπεικδς
582 4380 640 4434 δέ
657 4381 808 4436 οὐδὲν
827 4385 940 4446 τοῖς
955 4383 1009 4435 οῖ
1021 4399 1084 4452 γε
1103 4383 1274 4438 ταῦτα
1296 4390 1513 4458 φρονεῖν
1535 4387 1806 4456 ἐγνώκασι
1825 4390 1876 4453 ιι,

1979 3646 2146 3700 misso
2161 3644 2421 3700 Creatore
2444 3644 2675 3698 adorant
2708 3653 3018 3700 creaturam
3041 3643 3122 3697 “‘l
3159 3643 3419 3713 Nunquid
3450 3659 3575 3698 san-

1978 3746 2098 3790 ctos
2121 3737 2344 3806 angelos
2366 3751 2584 3806 quoque
2610 3735 2726 3805 qui,
2753 3743 2814 3790 ut
2838 3735 3038 3790 divina:
3066 3734 3289 3790 Litterae
3315 3744 3571 3789 testatum

1979 3828 2189 3896 faciunt
2214 3829 2279 3893 θ’,
2307 3827 2731 3898 primogenitum
2772 3829 2828 3882 in
2870 3837 3146 3883 terrarum
3184 3828 3374 3882 orbem
3412 3828 3576 3883 indu-

1980 3929 2128 3974 ctum
2175 3921 2404 3974 adorare
2447 3921 2584 3991 jussi
2634 3920 2881 3986 fuerunt,
2916 3936 3022 3974 una
3068 3920 3234 3974 etiam
3281 3920 3573 3975 nobiscum

1979 4032 2194 4072 errasse
2219 4015 2560 4072 concedent?
2580 4015 2648 4069 At
2664 4012 3573 4085 quomodo,obsecro,primogeniti

1980 4125 2182 4164 nomen
2208 4109 2502 4179 Unigenito
2529 4108 2833 4162 attribuere
2859 4107 3069 4170 licebit,
3097 4106 3144 4161 si
3169 4121 3298 4162 vere
3324 4106 3576 4162 incarna-

1984 4211 2074 4257 tus
2093 4217 2202 4256 non
2229 4201 2372 4255 fuit?
2393 4201 2530 4254 Nam
2556 4200 2598 4255 si
2627 4215 2821 4254 verum
2846 4207 2931 4254 est
2955 4198 3112 4262 illud,
3144 4216 3162 4249 ι
3197 4206 3258 4251 ιιι
3289 4197 3344 4251 in
3385 4197 3574 4252 multis

1981 4295 2248 4350 fratribus
2271 4294 2316 4325 ⁸³
2335 4336 2349 4359 ,
2385 4313 2401 4345 ›
2436 4303 2552 4348 tum
2579 4303 2728 4348 certe
2750 4275 3146 4348 convenienter
3171 4290 3576 4360 primogenitus

1983 4387 2330 4458 intelligitur,
2361 4403 2488 4443 cum
2523 4387 2592 4441 ad
2627 4385 3026 4440 fraternitatem
3058 4383 3251 4454 procul
3274 4383 3445 4438 dubio
3469 4399 3571 4439 no-

291 4471 388 4525 καὶ
427 4470 626 4542 ἐτέρας
660 4474 773 4537 τοῖς
822 4474 989 4544 ἱεροῖς
1038 4474 1301 4545 δόγμασιν
1340 4477 1568 4546 ἐπάγειν
1615 4495 1873 4548 συκοφαν-

1986 4491 2157 4536 stram
2181 4479 2487 4544 descendit,
2515 4495 2641 4534 cum
2666 4478 2833 4533 homo
2853 4477 3027 4532 nostri
3050 4477 3245 4532 similis
3267 4476 3444 4530 factus
3466 4485 3570 4541 est.

290 4562 438 4625 τίας,
478 4561 854 4633 ἀποφέροντας
894 4565 993 4636 μὲν
1029 4561 1123 4621 τοῦ
1165 4568 1459 4640 προσώπου
1496 4567 1591 4623 τοῦ
1645 4571 1883 4640 Μονογε-

290 4653 437 4717 νοῦς,
465 4653 530 4718 ἃς
557 4655 977 4730 ὑπομεμένηκεν
999 4659 1102 4713 ὑπὸ
1131 4659 1238 4713 τῶν
1282 4659 1548 4716 Ἰουδαίων
1573 4666 1880 4736 παροινίας,

293 4748 391 4802 καὶ
417 4748 580 4803 αὐτὸν
623 4748 715 4801 ἐπὶ
734 4749 961 4814 ταύταις
980 4751 1072 4805 τὸν
1097 4751 1238 4807 κατὰ
1260 4753 1437 4825 σάρκα
1471 4754 1720 4821 θάνατον,
1742 4759 1880 4812 ἀπο-

292 4839 558 4912 νᾶμσντας
598 4839 654 4894 δε
687 4842 877 4914 ὥσπερ
903 4842 1008 4913 υίῷ
1046 4847 1167 4898 κατ’
1197 4845 1332 4900 ἰδίαν
1365 4847 1538 4920 ἐτέρῳ
1566 4849 1645 4921 τῷ
1687 4851 1752 4904 ἐκ
1777 4869 1877 4920 γυ-

293 4931 503 5005 ναικός.
539 4933 699 4986 Δοκεῖ
729 4933 834 5004 γὰρ
857 4934 1062 4999 αὐτοῖς,
1089 4935 1189 4990 οὐκ
1229 4930 1522 5006 armis“,
1550 4938 1641 4994 διὰ
1667 4942 1767 5012 τῆς
1800 4944 1878 5006 εἰς

293 5021 582 5078 εὐσέϐειαν
611 5024 712 5078 οὐκ
746 5024 960 5092 εὐθείας
988 5027 1110 5082 ὁδοῦ
1142 5031 1280 5102 πρὸς
1321 5031 1592 5105 πέταυρον
1615 5032 1742 5104 ᾅδου
1781 5053 1880 5088 κα-

293 5115 568 5186 ταπηδᾷν,
594 5115 690 5170 καὶ
715 5119 793 5180 εἰς
840 5116 966 5188 ᾅδου
1009 5119 1280 5192 πυθμένα,
1308 5122 1449 5176 κατὰ
1471 5123 1532 5176 τὸ
1554 5125 1878 5196 γεγραμμέ-

295 5221 409 5261 νον.
442 5205 604 5262 Ἐστι
639 5207 738 5278 μὲν
761 5209 869 5280 γὰρ
904 5210 1350 5284 ὁμολογουμένως
1374 5213 1585 5278 ἀπαθὲς
1611 5216 1673 5271 τὸ
1701 5217 1873 5283 Θεῖον,

296 5310 393 5350 και
432 5297 710 5366 ἀνέπαφον
742 5299 1036 5364 παντελῶς.
1076 5303 1197 5357 Ὀτι
1224 5305 1298 5376 μὴ
1330 5304 1469 5360 κατὰ
1512 5306 1672 5378 σῶμά
1705 5309 1874 5372 ἐστιν,

295 5385 412 5440 ἀλλ’
446 5387 707 5443 ἐπέκεινα
771 5389 951 5462 πάσης
993 5391 1221 5458 κτίσεως
1275 5397 1478 5468 ὁρατῆς
1521 5414 1579 5451 τε
1625 5398 1716 5450 κατ.
1757 5412 1878 5468 νοηη

1989 4588 2088 4643 per
2121 4573 2325 4636 omnia,
2353 4572 2468 4626 solo
2501 4578 2724 4640 peccato
2767 4575 3017 4638 excepto,
3054 4567 3320 4622 fratribus
3361 4567 3576 4621 assimi-

1988 4668 2134 4721 latus
2157 4667 2223 4718 “.
2250 4664 2418 4719 Nobis
2451 4673 2634 4718 autem
2674 4661 2740 4716 ad
2782 4663 3042 4733 pietatem
3078 4660 3212 4714 satis
3235 4667 3322 4714 est
3345 4668 3404 4712 ut
3429 4658 3576 4730 cogi-

1989 4769 2170 4815 temus
2205 4766 2259 4813 et
2298 4756 2689 4827 intelligamus,
2735 4769 2980 4816 carnem,
3010 4767 3131 4822 quae
3174 4751 3272 4805 Dei
3313 4749 3454 4806 facta
3489 4758 3576 4806 est

1987 4855 2172 4905 omnia
2210 4849 2558 4912 viviﬁcantis,
2597 4845 2869 4902 viviﬁcam
2898 4844 3073 4914 ipsius
3106 4842 3272 4898 Verbi
3311 4841 3576 4899 virtutem

1984 4952 2041 4996 et
2072 4941 2446 5012 operationem
2478 4939 2752 5002 obtinere,
2775 4937 3116 5008 gloriamque
3149 4933 3484 5016 ineffabilem
3519 4943 3576 4990 et

1987 5033 2425 5090 inaccessibilem
2465 5041 2816 5087 consecutam
2851 5045 2992 5086 esse.
3023 5029 3294 5085 Caeterum
3330 5026 3427 5097 qui
3466 5027 3574 5082 hoc

1986 5127 2153 5183 modo
2185 5127 2391 5182 sentire
2424 5125 2769 5196 propositum
2809 5123 3034 5184 habent.
3067 5135 3164 5176 eos
3188 5129 3244 5175 et
3272 5118 3407 5174 alias
3431 5134 3572 5188 quo-

1984 5233 2093 5288 que
2116 5216 2421 5272 calumnias
2446 5215 2501 5269 in
2524 5229 2708 5269 sacras
2741 5213 2978 5267 Litteras
3004 5210 3202 5266 aﬂ‘erre
3231 5209 3432 5264 mirum
3459 5223 3572 5264 non

1983 5317 2087 5375 est,
2111 5309 2244 5364 dum
2266 5323 2518 5380 persona:
2539 5305 2842 5378 Unigeniti,
2868 5319 3005 5376 quas
3026 5317 3056 5357 a
3078 5301 3287 5358 Judwis
3308 5299 3574 5357 sustinuit

1983 5399 2235 5470 injurias,
2267 5406 2325 5454 et
2373 5398 2549 5470 ipsam
2594 5404 2857 5468 praeterea
2899 5394 3082 5451 carnis
3127 5400 3363 5448 mortem
3406 5403 3570 5461 quam

369 5543 412 5575 ⁶¹
447 5543 603 5598 Rom.
636 5561 674 5609 ι,
705 5544 792 5600 25.
865 5547 908 5577 ⁶¹
935 5548 1099 5604 Hebr.
1126 5566 1164 5613 1,
1194 5552 1245 5605 6.
1325 5553 1370 5585 ⁸³
1399 5552 1558 5608 Rom.
1593 5571 1707 5620 vm,
1732 5555 1821 5609 29.

1978 5555 2144 5610 Hebr.
2173 5573 2230 5623 ιι,
2267 5557 2357 5611 17.

1393 5669 1568 5724 Variae
1605 5671 1873 5725 lectiones
1899 5671 2107 5725 codicis
2136 5670 2504 5742 Seguieriani.

376 5775 392 5816 ί
433 5777 876 5833 τεταπεινῶσθαι.
961 5789 986 5829 ι
1025 5781 1353 5852 ἁρμόσαιμι.
1432 5784 1458 5824 δ
1501 5786 1612 5849 τοῖς
1636 5800 1698 5854 γε
1725 5782 1899 5857 ταύτῃ
1929 5785 2144 5857 φρονεῖν
2177 5781 2446 5853 ἐγνωκόσι
