  <div class='ocr_page' id='page_1' title='image "/cluster/home/n/w/nwhite01/storage/ocr_20150623/77/pst.000004029045/139.png"; bbox 0 0 4126 6314; ppageno 0'>
   <div class='ocr_carea' id='block_1_1' title="bbox 610 345 719 402">
    <p class='ocr_par' dir='ltr' id='par_1_1' title="bbox 610 345 719 402">
     <span class='ocr_line' id='line_1_1' title="bbox 610 345 719 402; baseline 0 0"><span class='ocrx_word' id='word_1_1' title='bbox 610 345 719 402; x_wconf 72' lang='lat'><strong>263</strong></span> 
     </span>
    </p>
   </div>
   <div class='ocr_carea' id='block_1_2' title="bbox 1627 345 2881 424">
    <p class='ocr_par' dir='ltr' id='par_1_2' title="bbox 1627 345 2881 424">
     <span class='ocr_line' id='line_1_2' title="bbox 1627 345 2881 424; baseline 0.005 -20"><span class='ocrx_word' id='word_1_2' title='bbox 1627 348 1684 404; x_wconf 91' lang='lat' dir='ltr'><strong>s.</strong></span> <span class='ocrx_word' id='word_1_3' title='bbox 1723 345 1996 404; x_wconf 58' lang='lat' dir='ltr'><strong>emus</strong></span> <span class='ocrx_word' id='word_1_4' title='bbox 2036 345 2504 406; x_wconf 73' lang='lat' dir='ltr'><strong>ALEXANDle</strong></span> <span class='ocrx_word' id='word_1_5' title='bbox 2540 349 2881 424; x_wconf 52' lang='grc' dir='ltr'>Αιιειιιειιη</span> 
     </span>
    </p>
   </div>
   <div class='ocr_carea' id='block_1_3' title="bbox 3750 345 3854 400">
    <p class='ocr_par' dir='ltr' id='par_1_3' title="bbox 3750 345 3854 400">
     <span class='ocr_line' id='line_1_3' title="bbox 3750 345 3854 400; baseline 0 0"><span class='ocrx_word' id='word_1_6' title='bbox 3750 345 3854 400; x_wconf 65' lang='lat' dir='ltr'><strong>16d</strong></span> 
     </span>
    </p>
   </div>
   <div class='ocr_carea' id='block_1_4' title="bbox 611 471 2180 562">
    <p class='ocr_par' dir='ltr' id='par_1_4' title="bbox 611 488 2180 562">
     <span class='ocr_line' id='line_1_4' title="bbox 611 488 2180 562; baseline 0.002 -18"><span class='ocrx_word' id='word_1_7' title='bbox 611 488 858 560; x_wconf 86' lang='lat' dir='ltr'><strong>pertulit,</strong></span> <span class='ocrx_word' id='word_1_8' title='bbox 881 488 1167 558; x_wconf 89' lang='lat' dir='ltr'><strong>adimunt;</strong></span> <span class='ocrx_word' id='word_1_9' title='bbox 1193 505 1393 562; x_wconf 83' lang='lat' dir='ltr'><strong>easque</strong></span> <span class='ocrx_word' id='word_1_10' title='bbox 1424 491 1499 546; x_wconf 88' lang='lat' dir='ltr'><strong>illi</strong></span> <span class='ocrx_word' id='word_1_11' title='bbox 1524 491 1619 562; x_wconf 89' lang='lat' dir='ltr'><strong>qui</strong></span> <span class='ocrx_word' id='word_1_12' title='bbox 1645 506 1712 547; x_wconf 88' lang='lat' dir='ltr'><strong>ex</strong></span> <span class='ocrx_word' id='word_1_13' title='bbox 1738 490 1990 556; x_wconf 85' lang='lat' dir='ltr'><strong>muliere,</strong></span> <span class='ocrx_word' id='word_1_14' title='bbox 2014 491 2180 547; x_wconf 86' lang='lat' dir='ltr'><strong>veluti</strong></span> 
     </span>
    </p>
   </div>
   <div class='ocr_carea' id='block_1_5' title="bbox 2279 471 3855 562">
    <p class='ocr_par' dir='ltr' id='par_1_5' title="bbox 2286 471 3855 546">
     <span class='ocr_line' id='line_1_5' title="bbox 2286 471 3855 546; baseline -0.001 -19"><span class='ocrx_word' id='word_1_15' title='bbox 2286 473 2405 545; x_wconf 81' lang='grc' dir='ltr'>τῆς,</span> <span class='ocrx_word' id='word_1_16' title='bbox 2435 473 2529 527; x_wconf 78' lang='grc' dir='ltr'>καὶ</span> <span class='ocrx_word' id='word_1_17' title='bbox 2568 474 2626 527; x_wconf 65' lang='grc' dir='ltr'>ἐν</span> <span class='ocrx_word' id='word_1_18' title='bbox 2660 472 2956 544; x_wconf 83' lang='grc' dir='ltr'>ἀσωμάτῳ,</span> <span class='ocrx_word' id='word_1_19' title='bbox 2990 473 3085 528; x_wconf 79' lang='grc' dir='ltr'>καὶ</span> <span class='ocrx_word' id='word_1_20' title='bbox 3117 471 3390 544; x_wconf 81' lang='grc' dir='ltr'>ἀχράντῳ,</span> <span class='ocrx_word' id='word_1_21' title='bbox 3439 471 3535 526; x_wconf 79' lang='grc' dir='ltr'>καὶ</span> <span class='ocrx_word' id='word_1_22' title='bbox 3570 471 3855 546; x_wconf 70' lang='grc' dir='ltr'>ἀψαύστφ,</span> 
     </span>
    </p>
   </div>
   <div class='ocr_carea' id='block_1_6' title="bbox 611 582 2184 654">
    <p class='ocr_par' dir='ltr' id='par_1_6' title="bbox 611 582 2184 654">
     <span class='ocr_line' id='line_1_6' title="bbox 611 582 2184 654; baseline 0.001 -18"><span class='ocrx_word' id='word_1_23' title='bbox 611 582 769 638; x_wconf 83' lang='lat' dir='ltr'><strong>alteri</strong></span> <span class='ocrx_word' id='word_1_24' title='bbox 799 598 1048 639; x_wconf 84' lang='lat' dir='ltr'><strong>seorsum</strong></span> <span class='ocrx_word' id='word_1_25' title='bbox 1080 582 1191 639; x_wconf 82' lang='lat' dir='ltr'><strong>Illio</strong></span> <span class='ocrx_word' id='word_1_26' title='bbox 1239 584 1542 639; x_wconf 86' lang='lat' dir='ltr'><strong>ascribunt.</strong></span> <span class='ocrx_word' id='word_1_27' title='bbox 1577 582 1733 654; x_wconf 74' lang='lat'><strong>163</strong></span> <span class='ocrx_word' id='word_1_28' title='bbox 1768 582 1906 653; x_wconf 90' lang='lat' dir='ltr'><strong>Ipsis</strong></span> <span class='ocrx_word' id='word_1_29' title='bbox 1949 597 2184 654; x_wconf 81' lang='lat' dir='ltr'><strong>namque</strong></span> 
     </span>
    </p>
   </div>
   <div class='ocr_carea' id='block_1_7' title="bbox 612 675 2188 745">
    <p class='ocr_par' dir='ltr' id='par_1_7' title="bbox 612 675 2188 745">
     <span class='ocr_line' id='line_1_7' title="bbox 612 675 2188 745; baseline 0 -17"><span class='ocrx_word' id='word_1_30' title='bbox 612 678 957 745; x_wconf 89' lang='lat' dir='ltr'><strong>propositum</strong></span> <span class='ocrx_word' id='word_1_31' title='bbox 1000 682 1102 738; x_wconf 85' lang='lat' dir='ltr'><strong>est.</strong></span> <span class='ocrx_word' id='word_1_32' title='bbox 1142 675 1329 731; x_wconf 89' lang='lat' dir='ltr'><strong>nescio</strong></span> <span class='ocrx_word' id='word_1_33' title='bbox 1373 691 1482 745; x_wconf 94' lang='lat' dir='ltr'><strong>quo</strong></span> <span class='ocrx_word' id='word_1_34' title='bbox 1522 675 1708 739; x_wconf 90' lang='lat' dir='ltr'><strong>modo,</strong></span> <span class='ocrx_word' id='word_1_35' title='bbox 1738 689 1837 744; x_wconf 90' lang='lat' dir='ltr'><strong>per</strong></span> <span class='ocrx_word' id='word_1_36' title='bbox 1877 676 2022 729; x_wconf 89' lang='lat' dir='ltr'><strong>viam</strong></span> <span class='ocrx_word' id='word_1_37' title='bbox 2065 689 2188 745; x_wconf 88' lang='lat' dir='ltr'><strong>gra-</strong></span> 
     </span>
    </p>
   </div>
   <div class='ocr_carea' id='block_1_8' title="bbox 613 764 2186 837">
    <p class='ocr_par' dir='ltr' id='par_1_8' title="bbox 613 764 2186 837">
     <span class='ocr_line' id='line_1_8' title="bbox 613 764 2186 837; baseline 0 -17"><span class='ocrx_word' id='word_1_38' title='bbox 613 764 895 821; x_wconf 88' lang='lat' dir='ltr'><strong>dientibus</strong></span> <span class='ocrx_word' id='word_1_39' title='bbox 923 781 1042 835; x_wconf 65' lang='lat' dir='ltr'><strong>qua</strong></span> <span class='ocrx_word' id='word_1_40' title='bbox 1074 766 1140 819; x_wconf 90' lang='lat' dir='ltr'><strong>ad</strong></span> <span class='ocrx_word' id='word_1_41' title='bbox 1179 767 1441 836; x_wconf 89' lang='lat' dir='ltr'><strong>pietatem</strong></span> <span class='ocrx_word' id='word_1_42' title='bbox 1477 773 1624 820; x_wconf 87' lang='lat' dir='ltr'><strong>recta</strong></span> <span class='ocrx_word' id='word_1_43' title='bbox 1659 780 1770 818; x_wconf 89' lang='lat' dir='ltr'><strong>non</strong></span> <span class='ocrx_word' id='word_1_44' title='bbox 1796 774 1900 830; x_wconf 88' lang='lat' dir='ltr'><strong>est,</strong></span> <span class='ocrx_word' id='word_1_45' title='bbox 1933 765 2186 837; x_wconf 64' lang='lat' dir='ltr'><strong>praecipi-</strong></span> 
     </span>
    </p>
   </div>
   <div class='ocr_carea' id='block_1_9' title="bbox 614 855 2183 927">
    <p class='ocr_par' dir='ltr' id='par_1_9' title="bbox 614 855 2183 927">
     <span class='ocr_line' id='line_1_9' title="bbox 614 855 2183 927; baseline 0.001 -17"><span class='ocrx_word' id='word_1_46' title='bbox 614 857 720 911; x_wconf 86' lang='lat' dir='ltr'><strong>tari</strong></span> <span class='ocrx_word' id='word_1_47' title='bbox 756 857 811 911; x_wconf 90' lang='lat' dir='ltr'><strong>in</strong></span> <span class='ocrx_word' id='word_1_48' title='bbox 837 856 1135 926; x_wconf 88' lang='lat' dir='ltr'><strong>abruptum</strong></span> <span class='ocrx_word' id='word_1_49' title='bbox 1172 857 1393 922; x_wconf 82' lang='lat' dir='ltr'><strong>inferni,</strong></span> <span class='ocrx_word' id='word_1_50' title='bbox 1419 865 1477 912; x_wconf 91' lang='lat' dir='ltr'><strong>et</strong></span> <span class='ocrx_word' id='word_1_51' title='bbox 1509 857 1564 912; x_wconf 90' lang='lat' dir='ltr'><strong>in</strong></span> <span class='ocrx_word' id='word_1_52' title='bbox 1597 856 1797 911; x_wconf 80' lang='lat' dir='ltr'><strong>inferni</strong></span> <span class='ocrx_word' id='word_1_53' title='bbox 1830 855 2183 927; x_wconf 79' lang='lat' dir='ltr'><strong>profundum,</strong></span> 
     </span>
    </p>
   </div>
   <div class='ocr_carea' id='block_1_10' title="bbox 612 948 2189 1020">
    <p class='ocr_par' dir='ltr' id='par_1_10' title="bbox 612 948 2189 1020">
     <span class='ocr_line' id='line_1_10' title="bbox 612 948 2189 1020; baseline 0.002 -19"><span class='ocrx_word' id='word_1_54' title='bbox 612 948 758 1002; x_wconf 95' lang='lat' dir='ltr'><strong>sicut</strong></span> <span class='ocrx_word' id='word_1_55' title='bbox 801 948 1066 1019; x_wconf 88' lang='lat' dir='ltr'><strong>scriptum</strong></span> <span class='ocrx_word' id='word_1_56' title='bbox 1108 958 1192 1004; x_wconf 90' lang='lat' dir='ltr'><strong>est</strong></span> <span class='ocrx_word' id='word_1_57' title='bbox 1223 950 1290 1004; x_wconf 83' lang='lat'><strong>“.</strong></span> <span class='ocrx_word' id='word_1_58' title='bbox 1335 949 1477 1006; x_wconf 88' lang='lat' dir='ltr'><strong>Sane</strong></span> <span class='ocrx_word' id='word_1_59' title='bbox 1517 949 1738 1020; x_wconf 87' lang='lat' dir='ltr'><strong>quidem</strong></span> <span class='ocrx_word' id='word_1_60' title='bbox 1782 949 2101 1020; x_wconf 84' lang='lat' dir='ltr'><strong>impatibilis</strong></span> <span class='ocrx_word' id='word_1_61' title='bbox 2131 957 2189 1005; x_wconf 90' lang='lat' dir='ltr'><strong>et</strong></span> 
     </span>
    </p>
   </div>
   <div class='ocr_carea' id='block_1_11' title="bbox 612 1039 2188 1113">
    <p class='ocr_par' dir='ltr' id='par_1_11' title="bbox 612 1039 2188 1113">
     <span class='ocr_line' id='line_1_11' title="bbox 612 1039 2188 1113; baseline 0.003 -20"><span class='ocrx_word' id='word_1_62' title='bbox 612 1039 835 1111; x_wconf 83' lang='lat' dir='ltr'><strong>penitus</strong></span> <span class='ocrx_word' id='word_1_63' title='bbox 864 1039 1232 1111; x_wconf 87' lang='lat' dir='ltr'><strong>impalpabilis</strong></span> <span class='ocrx_word' id='word_1_64' title='bbox 1272 1051 1356 1097; x_wconf 86' lang='lat' dir='ltr'><strong>est</strong></span> <span class='ocrx_word' id='word_1_65' title='bbox 1395 1041 1678 1098; x_wconf 78' lang='lat' dir='ltr'><strong>divinitas.</strong></span> <span class='ocrx_word' id='word_1_66' title='bbox 1715 1042 1904 1113; x_wconf 85' lang='lat' dir='ltr'><strong>Neque</strong></span> <span class='ocrx_word' id='word_1_67' title='bbox 1931 1043 2076 1098; x_wconf 87' lang='lat' dir='ltr'><strong>enim</strong></span> <span class='ocrx_word' id='word_1_68' title='bbox 2102 1053 2188 1098; x_wconf 90' lang='lat' dir='ltr'><strong>est</strong></span> 
     </span>
    </p>
   </div>
   <div class='ocr_carea' id='block_1_12' title="bbox 611 1130 2185 1199">
    <p class='ocr_par' dir='ltr' id='par_1_12' title="bbox 611 1130 2185 1199">
     <span class='ocr_line' id='line_1_12' title="bbox 611 1130 2185 1199; baseline 0.004 -16"><span class='ocrx_word' id='word_1_69' title='bbox 611 1143 896 1199; x_wconf 85' lang='lat' dir='ltr'><strong>corporea,</strong></span> <span class='ocrx_word' id='word_1_70' title='bbox 931 1130 1030 1185; x_wconf 87' lang='lat' dir='ltr'><strong>sed</strong></span> <span class='ocrx_word' id='word_1_71' title='bbox 1082 1132 1226 1186; x_wconf 88' lang='lat' dir='ltr'><strong>ultra</strong></span> <span class='ocrx_word' id='word_1_72' title='bbox 1276 1145 1498 1187; x_wconf 89' lang='lat' dir='ltr'><strong>omnem</strong></span> <span class='ocrx_word' id='word_1_73' title='bbox 1549 1141 1858 1188; x_wconf 78' lang='lat' dir='ltr'><strong>creaturam</strong></span> <span class='ocrx_word' id='word_1_74' title='bbox 1913 1133 2185 1189; x_wconf 84' lang='lat' dir='ltr'><strong>visibilem</strong></span> 
     </span>
    </p>
   </div>
   <div class='ocr_carea' id='block_1_13' title="bbox 611 1221 2184 1296">
    <p class='ocr_par' dir='ltr' id='par_1_13' title="bbox 611 1221 2184 1296">
     <span class='ocr_line' id='line_1_13' title="bbox 611 1221 2184 1296; baseline 0.004 -22"><span class='ocrx_word' id='word_1_75' title='bbox 611 1229 777 1291; x_wconf 78' lang='lat' dir='ltr'><strong>atque</strong></span> <span class='ocrx_word' id='word_1_76' title='bbox 794 1221 1215 1293; x_wconf 88' lang='lat' dir='ltr'><strong>intelligibilem,</strong></span> <span class='ocrx_word' id='word_1_77' title='bbox 1232 1232 1288 1278; x_wconf 91' lang='lat' dir='ltr'><strong>et</strong></span> <span class='ocrx_word' id='word_1_78' title='bbox 1310 1225 1366 1279; x_wconf 91' lang='lat' dir='ltr'><strong>in</strong></span> <span class='ocrx_word' id='word_1_79' title='bbox 1381 1225 1730 1296; x_wconf 89' lang='lat' dir='ltr'><strong>incorporea,</strong></span> <span class='ocrx_word' id='word_1_80' title='bbox 1745 1233 1802 1282; x_wconf 88' lang='lat' dir='ltr'><strong>et</strong></span> <span class='ocrx_word' id='word_1_81' title='bbox 1819 1226 2184 1290; x_wconf 88' lang='lat' dir='ltr'><strong>immaculata,</strong></span> 
     </span>
    </p>
   </div>
   <div class='ocr_carea' id='block_1_14' title="bbox 611 1313 2185 1387">
    <p class='ocr_par' dir='ltr' id='par_1_14' title="bbox 611 1313 2185 1387">
     <span class='ocr_line' id='line_1_14' title="bbox 611 1313 2185 1387; baseline 0.004 -19"><span class='ocrx_word' id='word_1_82' title='bbox 611 1320 670 1368; x_wconf 86' lang='lat' dir='ltr'><strong>et</strong></span> <span class='ocrx_word' id='word_1_83' title='bbox 717 1313 1073 1378; x_wconf 88' lang='lat' dir='ltr'><strong>intractabili,</strong></span> <span class='ocrx_word' id='word_1_84' title='bbox 1103 1323 1159 1370; x_wconf 91' lang='lat' dir='ltr'><strong>et</strong></span> <span class='ocrx_word' id='word_1_85' title='bbox 1201 1316 1754 1387; x_wconf 78' lang='lat' dir='ltr'><strong>incomprehensibili</strong></span> <span class='ocrx_word' id='word_1_86' title='bbox 1803 1327 2020 1374; x_wconf 83' lang='lat' dir='ltr'><strong>natura.</strong></span> <span class='ocrx_word' id='word_1_87' title='bbox 2077 1318 2185 1375; x_wconf 88' lang='lat' dir='ltr'><strong>Sed</strong></span> 
     </span>
    </p>
   </div>
   <div class='ocr_carea' id='block_1_15' title="bbox 611 1401 2186 1478">
    <p class='ocr_par' dir='ltr' id='par_1_15' title="bbox 611 1401 2186 1478">
     <span class='ocr_line' id='line_1_15' title="bbox 611 1401 2186 1478; baseline 0.007 -24"><span class='ocrx_word' id='word_1_88' title='bbox 611 1401 761 1470; x_wconf 83' lang='lat' dir='ltr'><strong>quia,</strong></span> <span class='ocrx_word' id='word_1_89' title='bbox 783 1416 912 1456; x_wconf 89' lang='lat' dir='ltr'><strong>cum</strong></span> <span class='ocrx_word' id='word_1_90' title='bbox 933 1401 1276 1473; x_wconf 75' lang='lat' dir='ltr'><strong>unigenitum</strong></span> <span class='ocrx_word' id='word_1_91' title='bbox 1302 1405 1400 1460; x_wconf 89' lang='lat' dir='ltr'><strong>Dei</strong></span> <span class='ocrx_word' id='word_1_92' title='bbox 1425 1407 1660 1462; x_wconf 85' lang='lat' dir='ltr'><strong>Verbum</strong></span> <span class='ocrx_word' id='word_1_93' title='bbox 1684 1423 1886 1478; x_wconf 84' lang='lat' dir='ltr'><strong>corpus</strong></span> <span class='ocrx_word' id='word_1_94' title='bbox 1906 1424 1974 1463; x_wconf 90' lang='lat' dir='ltr'><strong>ex</strong></span> <span class='ocrx_word' id='word_1_95' title='bbox 1997 1419 2186 1465; x_wconf 89' lang='lat' dir='ltr'><strong>sancta</strong></span> 
     </span>
    </p>
   </div>
   <div class='ocr_carea' id='block_1_16' title="bbox 609 1491 2184 1571">
    <p class='ocr_par' dir='ltr' id='par_1_16' title="bbox 609 1491 2184 1571">
     <span class='ocr_line' id='line_1_16' title="bbox 609 1491 2184 1571; baseline 0.006 -24"><span class='ocrx_word' id='word_1_96' title='bbox 609 1498 669 1547; x_wconf 89' lang='lat' dir='ltr'><strong>et</strong></span> <span class='ocrx_word' id='word_1_97' title='bbox 695 1491 790 1548; x_wconf 89' lang='lat' dir='ltr'><strong>Dei</strong></span> <span class='ocrx_word' id='word_1_98' title='bbox 819 1493 1087 1564; x_wconf 89' lang='lat' dir='ltr'><strong>genitrice</strong></span> <span class='ocrx_word' id='word_1_99' title='bbox 1113 1494 1332 1566; x_wconf 74' lang='lat' dir='ltr'><strong>Virgine</strong></span> <span class='ocrx_word' id='word_1_100' title='bbox 1356 1499 1707 1569; x_wconf 81' lang='lat' dir='ltr'><strong>suscepisset,</strong></span> <span class='ocrx_word' id='word_1_101' title='bbox 1737 1509 2184 1571; x_wconf 86' lang='lat' dir='ltr'><strong>susceptumque,</strong></span> 
     </span>
    </p>
   </div>
   <div class='ocr_carea' id='block_1_17' title="bbox 611 1585 2181 1659">
    <p class='ocr_par' dir='ltr' id='par_1_17' title="bbox 611 1585 2181 1659">
     <span class='ocr_line' id='line_1_17' title="bbox 611 1585 2181 1659; baseline 0.007 -24"><span class='ocrx_word' id='word_1_102' title='bbox 611 1588 674 1636; x_wconf 86' lang='lat' dir='ltr'><strong>ut</strong></span> <span class='ocrx_word' id='word_1_103' title='bbox 698 1596 1077 1652; x_wconf 71' lang='lat' dir='ltr'><strong>saepenumero</strong></span> <span class='ocrx_word' id='word_1_104' title='bbox 1099 1585 1210 1657; x_wconf 87' lang='lat' dir='ltr'><strong>jam</strong></span> <span class='ocrx_word' id='word_1_105' title='bbox 1246 1587 1454 1652; x_wconf 72' lang='lat' dir='ltr'><strong>monui,</strong></span> <span class='ocrx_word' id='word_1_106' title='bbox 1488 1589 1774 1659; x_wconf 88' lang='lat' dir='ltr'><strong>proprium</strong></span> <span class='ocrx_word' id='word_1_107' title='bbox 1809 1590 1915 1647; x_wconf 86' lang='lat' dir='ltr'><strong>sibi</strong></span> <span class='ocrx_word' id='word_1_108' title='bbox 1942 1591 2181 1657; x_wconf 80' lang='lat' dir='ltr'><strong>fecisset,</strong></span> 
     </span>
    </p>
   </div>
   <div class='ocr_carea' id='block_1_18' title="bbox 611 1674 2184 1745">
    <p class='ocr_par' dir='ltr' id='par_1_18' title="bbox 611 1674 2184 1745">
     <span class='ocr_line' id='line_1_18' title="bbox 611 1674 2184 1745; baseline 0.008 -19"><span class='ocrx_word' id='word_1_109' title='bbox 611 1674 968 1743; x_wconf 87' lang='lat' dir='ltr'><strong>semetipsum</strong></span> <span class='ocrx_word' id='word_1_110' title='bbox 1013 1691 1116 1745; x_wconf 90' lang='lat' dir='ltr'><strong>pro</strong></span> <span class='ocrx_word' id='word_1_111' title='bbox 1151 1676 1311 1730; x_wconf 90' lang='lat' dir='ltr'><strong>nobis</strong></span> <span class='ocrx_word' id='word_1_112' title='bbox 1347 1677 1459 1732; x_wconf 91' lang='lat' dir='ltr'><strong>Deo</strong></span> <span class='ocrx_word' id='word_1_113' title='bbox 1500 1685 1557 1734; x_wconf 90' lang='lat' dir='ltr'><strong>et</strong></span> <span class='ocrx_word' id='word_1_114' title='bbox 1596 1679 1743 1735; x_wconf 89' lang='lat' dir='ltr'><strong>Patri</strong></span> <span class='ocrx_word' id='word_1_115' title='bbox 1781 1681 2184 1738; x_wconf 87' lang='lat' dir='ltr'><strong>immaculatam</strong></span> 
     </span>
    </p>
   </div>
   <div class='ocr_carea' id='block_1_19' title="bbox 610 1758 2184 1829">
    <p class='ocr_par' dir='ltr' id='par_1_19' title="bbox 610 1758 2184 1829">
     <span class='ocr_line' id='line_1_19' title="bbox 610 1758 2184 1829; baseline 0.01 -16"><span class='ocrx_word' id='word_1_116' title='bbox 610 1758 847 1815; x_wconf 85' lang='lat' dir='ltr'><strong>hostiam</strong></span> <span class='ocrx_word' id='word_1_117' title='bbox 881 1761 938 1816; x_wconf 91' lang='lat' dir='ltr'><strong>in</strong></span> <span class='ocrx_word' id='word_1_118' title='bbox 969 1763 1193 1817; x_wconf 88' lang='lat' dir='ltr'><strong>odorem</strong></span> <span class='ocrx_word' id='word_1_119' title='bbox 1235 1765 1524 1822; x_wconf 76' lang='lat' dir='ltr'><strong>suavitatis</strong></span> <span class='ocrx_word' id='word_1_120' title='bbox 1562 1768 1764 1825; x_wconf 90' lang='lat' dir='ltr'><strong>obtulit</strong></span> <span class='ocrx_word' id='word_1_121' title='bbox 1788 1771 1834 1803; x_wconf 81' lang='grc'><strong>⁸⁸</strong></span> <span class='ocrx_word' id='word_1_122' title='bbox 1867 1787 1881 1825; x_wconf 91' lang='lat'>:</span> <span class='ocrx_word' id='word_1_123' title='bbox 1916 1770 1979 1825; x_wconf 76' lang='lat' dir='ltr'><strong>fit</strong></span> <span class='ocrx_word' id='word_1_124' title='bbox 2010 1787 2075 1827; x_wconf 86' lang='lat' dir='ltr'><strong>ea</strong></span> <span class='ocrx_word' id='word_1_125' title='bbox 2116 1773 2184 1829; x_wconf 91' lang='lat' dir='ltr'><strong>de</strong></span> 
     </span>
    </p>
   </div>
   <div class='ocr_carea' id='block_1_20' title="bbox 610 1855 2183 1935">
    <p class='ocr_par' dir='ltr' id='par_1_20' title="bbox 610 1855 2183 1935">
     <span class='ocr_line' id='line_1_20' title="bbox 610 1855 2183 1935; baseline 0.01 -29"><span class='ocrx_word' id='word_1_126' title='bbox 610 1865 795 1918; x_wconf 86' lang='lat' dir='ltr'><strong>causa,</strong></span> <span class='ocrx_word' id='word_1_127' title='bbox 822 1861 883 1907; x_wconf 85' lang='lat' dir='ltr'><strong>ut</strong></span> <span class='ocrx_word' id='word_1_128' title='bbox 907 1867 974 1908; x_wconf 88' lang='lat' dir='ltr'><strong>ea</strong></span> <span class='ocrx_word' id='word_1_129' title='bbox 994 1869 1117 1924; x_wconf 62' lang='lat' dir='ltr'><strong>qua</strong></span> <span class='ocrx_word' id='word_1_130' title='bbox 1143 1855 1201 1910; x_wconf 91' lang='lat' dir='ltr'><strong>in</strong></span> <span class='ocrx_word' id='word_1_131' title='bbox 1230 1857 1350 1928; x_wconf 84' lang='lat' dir='ltr'><strong>ejus</strong></span> <span class='ocrx_word' id='word_1_132' title='bbox 1389 1873 1614 1914; x_wconf 87' lang='lat' dir='ltr'><strong>carnem</strong></span> <span class='ocrx_word' id='word_1_133' title='bbox 1650 1860 1795 1917; x_wconf 81' lang='lat' dir='ltr'><strong>facta</strong></span> <span class='ocrx_word' id='word_1_134' title='bbox 1827 1870 1976 1929; x_wconf 88' lang='lat' dir='ltr'><strong>sunt,</strong></span> <span class='ocrx_word' id='word_1_135' title='bbox 2003 1864 2183 1935; x_wconf 89' lang='lat' dir='ltr'><strong>ipsum</strong></span> 
     </span>
    </p>
   </div>
   <div class='ocr_carea' id='block_1_21' title="bbox 611 1944 2182 2028">
    <p class='ocr_par' dir='ltr' id='par_1_21' title="bbox 611 1944 2182 2028">
     <span class='ocr_line' id='line_1_21' title="bbox 611 1944 2182 2028; baseline 0.01 -31"><span class='ocrx_word' id='word_1_136' title='bbox 611 1944 939 2000; x_wconf 81' lang='lat' dir='ltr'><strong>sustinuisse</strong></span> <span class='ocrx_word' id='word_1_137' title='bbox 983 1946 1254 2004; x_wconf 80' lang='lat' dir='ltr'><strong>dicamus.</strong></span> <span class='ocrx_word' id='word_1_138' title='bbox 1305 1949 1440 2005; x_wconf 81' lang='lat' dir='ltr'><strong>Nam</strong></span> <span class='ocrx_word' id='word_1_139' title='bbox 1485 1954 1645 2024; x_wconf 86' lang='lat' dir='ltr'><strong>cujus</strong></span> <span class='ocrx_word' id='word_1_140' title='bbox 1686 1963 1771 2009; x_wconf 88' lang='lat' dir='ltr'><strong>est</strong></span> <span class='ocrx_word' id='word_1_141' title='bbox 1811 1970 2013 2026; x_wconf 89' lang='lat' dir='ltr'><strong>corpus</strong></span> <span class='ocrx_word' id='word_1_142' title='bbox 2051 1973 2182 2028; x_wconf 87' lang='lat' dir='ltr'><strong>pro-</strong></span> 
     </span>
    </p>
   </div>
   <div class='ocr_carea' id='block_1_22' title="bbox 607 2037 2183 2120">
    <p class='ocr_par' dir='ltr' id='par_1_22' title="bbox 607 2037 2183 2120">
     <span class='ocr_line' id='line_1_22' title="bbox 607 2037 2183 2120; baseline 0.011 -30"><span class='ocrx_word' id='word_1_143' title='bbox 607 2037 812 2107; x_wconf 84' lang='lat' dir='ltr'><strong>prium.</strong></span> <span class='ocrx_word' id='word_1_144' title='bbox 835 2039 958 2109; x_wconf 79' lang='lat' dir='ltr'><strong>jure</strong></span> <span class='ocrx_word' id='word_1_145' title='bbox 983 2040 1063 2095; x_wconf 88' lang='lat' dir='ltr'><strong>illi</strong></span> <span class='ocrx_word' id='word_1_146' title='bbox 1084 2042 1251 2097; x_wconf 88' lang='lat' dir='ltr'><strong>etiam</strong></span> <span class='ocrx_word' id='word_1_147' title='bbox 1279 2045 1465 2099; x_wconf 88' lang='lat' dir='ltr'><strong>omnia</strong></span> <span class='ocrx_word' id='word_1_148' title='bbox 1484 2060 1606 2117; x_wconf 70' lang='lat' dir='ltr'><strong>qum</strong></span> <span class='ocrx_word' id='word_1_149' title='bbox 1626 2055 1754 2102; x_wconf 89' lang='lat' dir='ltr'><strong>sunt</strong></span> <span class='ocrx_word' id='word_1_150' title='bbox 1775 2051 2041 2120; x_wconf 88' lang='lat' dir='ltr'><strong>corporis,</strong></span> <span class='ocrx_word' id='word_1_151' title='bbox 2066 2052 2183 2108; x_wconf 93' lang='lat' dir='ltr'><strong>solo</strong></span> 
     </span>
    </p>
   </div>
   <div class='ocr_carea' id='block_1_23' title="bbox 606 2135 2182 2212">
    <p class='ocr_par' dir='ltr' id='par_1_23' title="bbox 606 2135 2182 2212">
     <span class='ocr_line' id='line_1_23' title="bbox 606 2135 2182 2212; baseline 0.013 -30"><span class='ocrx_word' id='word_1_152' title='bbox 606 2139 836 2198; x_wconf 84' lang='lat' dir='ltr'><strong>excepto</strong></span> <span class='ocrx_word' id='word_1_153' title='bbox 880 2141 1130 2201; x_wconf 85' lang='lat' dir='ltr'><strong>peccato,</strong></span> <span class='ocrx_word' id='word_1_154' title='bbox 1157 2135 1498 2192; x_wconf 89' lang='lat' dir='ltr'><strong>tribuuntur.</strong></span> <span class='ocrx_word' id='word_1_155' title='bbox 1534 2138 1705 2210; x_wconf 89' lang='lat' dir='ltr'><strong>Igitur</strong></span> <span class='ocrx_word' id='word_1_156' title='bbox 1735 2143 1993 2212; x_wconf 83' lang='lat' dir='ltr'><strong>quoniam</strong></span> <span class='ocrx_word' id='word_1_157' title='bbox 2037 2145 2182 2202; x_wconf 88' lang='lat' dir='ltr'><strong>Deus</strong></span> 
     </span>
    </p>
   </div>
   <div class='ocr_carea' id='block_1_24' title="bbox 591 2218 2181 2304">
    <p class='ocr_par' dir='ltr' id='par_1_24' title="bbox 591 2218 2181 2304">
     <span class='ocr_line' id='line_1_24' title="bbox 591 2218 2181 2304; baseline 0.009 -25"><span class='ocrx_word' id='word_1_158' title='bbox 591 2218 846 2279; x_wconf 81' lang='lat' dir='ltr'><strong>.Verbum</strong></span> <span class='ocrx_word' id='word_1_159' title='bbox 880 2224 1047 2280; x_wconf 88' lang='lat' dir='ltr'><strong>homo</strong></span> <span class='ocrx_word' id='word_1_160' title='bbox 1080 2225 1256 2282; x_wconf 81' lang='lat' dir='ltr'><strong>factus</strong></span> <span class='ocrx_word' id='word_1_161' title='bbox 1289 2235 1374 2283; x_wconf 90' lang='lat' dir='ltr'><strong>est</strong></span> <span class='ocrx_word' id='word_1_162' title='bbox 1400 2230 1465 2294; x_wconf 83' lang='grc'><strong>⁸⁷,</strong></span> <span class='ocrx_word' id='word_1_163' title='bbox 1498 2231 1700 2286; x_wconf 88' lang='lat' dir='ltr'><strong>mansit</strong></span> <span class='ocrx_word' id='word_1_164' title='bbox 1729 2233 1956 2304; x_wconf 86' lang='lat' dir='ltr'><strong>quidem</strong></span> <span class='ocrx_word' id='word_1_165' title='bbox 1981 2251 2181 2292; x_wconf 88' lang='lat' dir='ltr'><strong>secun-</strong></span> 
     </span>
    </p>
   </div>
   <div class='ocr_carea' id='block_1_25' title="bbox 605 2311 2181 2401">
    <p class='ocr_par' dir='ltr' id='par_1_25' title="bbox 605 2311 2181 2401">
     <span class='ocr_line' id='line_1_25' title="bbox 605 2311 2181 2401; baseline 0.011 -33"><span class='ocrx_word' id='word_1_166' title='bbox 605 2311 740 2369; x_wconf 90' lang='lat' dir='ltr'><strong>dum</strong></span> <span class='ocrx_word' id='word_1_167' title='bbox 784 2323 1040 2372; x_wconf 88' lang='lat' dir='ltr'><strong>naturam</strong></span> <span class='ocrx_word' id='word_1_168' title='bbox 1086 2318 1329 2375; x_wconf 79' lang='lat' dir='ltr'><strong>divinam</strong></span> <span class='ocrx_word' id='word_1_169' title='bbox 1373 2324 1714 2393; x_wconf 83' lang='lat' dir='ltr'><strong>impatibilis,</strong></span> <span class='ocrx_word' id='word_1_170' title='bbox 1742 2341 1806 2382; x_wconf 87' lang='lat' dir='ltr'><strong>ea</strong></span> <span class='ocrx_word' id='word_1_171' title='bbox 1847 2335 2028 2385; x_wconf 86' lang='lat' dir='ltr'><strong>tamen</strong></span> <span class='ocrx_word' id='word_1_172' title='bbox 2059 2339 2181 2401; x_wconf 71' lang='lat' dir='ltr'><strong>qua:</strong></span> 
     </span>
    </p>
   </div>
   <div class='ocr_carea' id='block_1_26' title="bbox 605 2404 2178 2487">
    <p class='ocr_par' dir='ltr' id='par_1_26' title="bbox 605 2404 2178 2487">
     <span class='ocr_line' id='line_1_26' title="bbox 605 2404 2178 2487; baseline 0.014 -32"><span class='ocrx_word' id='word_1_173' title='bbox 605 2414 720 2456; x_wconf 71' lang='lat' dir='ltr'><strong>sua:</strong></span> <span class='ocrx_word' id='word_1_174' title='bbox 764 2404 949 2459; x_wconf 84' lang='lat' dir='ltr'><strong>carnis</strong></span> <span class='ocrx_word' id='word_1_175' title='bbox 991 2414 1170 2473; x_wconf 86' lang='lat' dir='ltr'><strong>erant,</strong></span> <span class='ocrx_word' id='word_1_176' title='bbox 1202 2412 1516 2467; x_wconf 80' lang='lat' dir='ltr'><strong>necessario</strong></span> <span class='ocrx_word' id='word_1_177' title='bbox 1547 2415 1772 2486; x_wconf 88' lang='lat' dir='ltr'><strong>propria</strong></span> <span class='ocrx_word' id='word_1_178' title='bbox 1810 2417 1916 2472; x_wconf 90' lang='lat' dir='ltr'><strong>sibi</strong></span> <span class='ocrx_word' id='word_1_179' title='bbox 1950 2419 2178 2487; x_wconf 78' lang='lat' dir='ltr'><strong>faciens,</strong></span> 
     </span>
    </p>
   </div>
   <div class='ocr_carea' id='block_1_27' title="bbox 606 2492 2179 2578">
    <p class='ocr_par' dir='ltr' id='par_1_27' title="bbox 606 2492 2179 2578">
     <span class='ocr_line' id='line_1_27' title="bbox 606 2492 2179 2578; baseline 0.014 -30"><span class='ocrx_word' id='word_1_180' title='bbox 606 2492 732 2550; x_wconf 88' lang='lat' dir='ltr'><strong>ideo</strong></span> <span class='ocrx_word' id='word_1_181' title='bbox 765 2511 884 2566; x_wconf 69' lang='lat' dir='ltr'><strong>quae</strong></span> <span class='ocrx_word' id='word_1_182' title='bbox 925 2500 1108 2554; x_wconf 88' lang='lat' dir='ltr'><strong>carnis</strong></span> <span class='ocrx_word' id='word_1_183' title='bbox 1160 2511 1322 2557; x_wconf 87' lang='lat' dir='ltr'><strong>erant</strong></span> <span class='ocrx_word' id='word_1_184' title='bbox 1369 2507 1662 2574; x_wconf 88' lang='lat' dir='ltr'><strong>pertulisse</strong></span> <span class='ocrx_word' id='word_1_185' title='bbox 1706 2509 1929 2578; x_wconf 88' lang='lat' dir='ltr'><strong>dicitur,</strong></span> <span class='ocrx_word' id='word_1_186' title='bbox 1966 2514 2179 2570; x_wconf 86' lang='lat' dir='ltr'><strong>etiamsi</strong></span> 
     </span>
    </p>
   </div>
   <div class='ocr_carea' id='block_1_28' title="bbox 607 2584 2181 2673">
    <p class='ocr_par' dir='ltr' id='par_1_28' title="bbox 607 2584 2181 2673">
     <span class='ocr_line' id='line_1_28' title="bbox 607 2584 2181 2673; baseline 0.014 -35"><span class='ocrx_word' id='word_1_187' title='bbox 607 2584 912 2641; x_wconf 85' lang='lat' dir='ltr'><strong>secundum</strong></span> <span class='ocrx_word' id='word_1_188' title='bbox 951 2587 1192 2645; x_wconf 84' lang='lat' dir='ltr'><strong>divinam</strong></span> <span class='ocrx_word' id='word_1_189' title='bbox 1226 2601 1478 2650; x_wconf 84' lang='lat' dir='ltr'><strong>naturam</strong></span> <span class='ocrx_word' id='word_1_190' title='bbox 1511 2597 1648 2652; x_wconf 83' lang='lat' dir='ltr'><strong>nulli</strong></span> <span class='ocrx_word' id='word_1_191' title='bbox 1684 2601 1907 2669; x_wconf 90' lang='lat' dir='ltr'><strong>penitus</strong></span> <span class='ocrx_word' id='word_1_192' title='bbox 1936 2604 2181 2673; x_wconf 88' lang='lat' dir='ltr'><strong>passioni</strong></span> 
     </span>
    </p>
   </div>
   <div class='ocr_carea' id='block_1_29' title="bbox 603 2677 2180 2761">
    <p class='ocr_par' dir='ltr' id='par_1_29' title="bbox 603 2677 2180 2761">
     <span class='ocr_line' id='line_1_29' title="bbox 603 2677 2180 2761; baseline 0.015 -32"><span class='ocrx_word' id='word_1_193' title='bbox 603 2683 750 2730; x_wconf 84' lang='lat' dir='ltr'><strong>esset</strong></span> <span class='ocrx_word' id='word_1_194' title='bbox 778 2677 1068 2734; x_wconf 88' lang='lat' dir='ltr'><strong>obnoxius.</strong></span> <span class='ocrx_word' id='word_1_195' title='bbox 1109 2681 1260 2739; x_wconf 88' lang='lat' dir='ltr'><strong>Unde</strong></span> <span class='ocrx_word' id='word_1_196' title='bbox 1291 2683 1425 2740; x_wconf 79' lang='lat' dir='ltr'><strong>falsa</strong></span> <span class='ocrx_word' id='word_1_197' title='bbox 1458 2688 1678 2757; x_wconf 87' lang='lat' dir='ltr'><strong>pietatis</strong></span> <span class='ocrx_word' id='word_1_198' title='bbox 1707 2694 1991 2761; x_wconf 88' lang='lat' dir='ltr'><strong>persuasio</strong></span> <span class='ocrx_word' id='word_1_199' title='bbox 2023 2711 2053 2750; x_wconf 87' lang='lat' dir='ltr'><strong>a</strong></span> <span class='ocrx_word' id='word_1_200' title='bbox 2083 2712 2180 2752; x_wconf 84' lang='lat' dir='ltr'><strong>ve-</strong></span> 
     </span>
    </p>
   </div>
   <div class='ocr_carea' id='block_1_30' title="bbox 605 2765 2184 2857">
    <p class='ocr_par' dir='ltr' id='par_1_30' title="bbox 605 2765 2184 2857">
     <span class='ocr_line' id='line_1_30' title="bbox 605 2765 2184 2857; baseline 0.015 -38"><span class='ocrx_word' id='word_1_201' title='bbox 605 2765 770 2820; x_wconf 84' lang='lat' dir='ltr'><strong>ritate</strong></span> <span class='ocrx_word' id='word_1_202' title='bbox 793 2782 890 2822; x_wconf 88' lang='lat' dir='ltr'><strong>eos</strong></span> <span class='ocrx_word' id='word_1_203' title='bbox 915 2768 1140 2826; x_wconf 83' lang='lat' dir='ltr'><strong>abducit</strong></span> <span class='ocrx_word' id='word_1_204' title='bbox 1166 2790 1182 2827; x_wconf 92' lang='lat'><strong>:</strong></span> <span class='ocrx_word' id='word_1_205' title='bbox 1208 2789 1318 2828; x_wconf 87' lang='lat' dir='ltr'><strong>non</strong></span> <span class='ocrx_word' id='word_1_206' title='bbox 1341 2777 1488 2831; x_wconf 91' lang='lat' dir='ltr'><strong>enim</strong></span> <span class='ocrx_word' id='word_1_207' title='bbox 1511 2779 1977 2851; x_wconf 86' lang='lat' dir='ltr'><strong>animadvertunt,</strong></span> <span class='ocrx_word' id='word_1_208' title='bbox 2011 2786 2184 2857; x_wconf 82' lang='lat' dir='ltr'><strong>impa-</strong></span> 
     </span>
    </p>
   </div>
   <div class='ocr_carea' id='block_1_31' title="bbox 604 2852 2181 2940">
    <p class='ocr_par' dir='ltr' id='par_1_31' title="bbox 604 2852 2181 2940">
     <span class='ocr_line' id='line_1_31' title="bbox 604 2852 2181 2940; baseline 0.016 -33"><span class='ocrx_word' id='word_1_209' title='bbox 604 2852 919 2912; x_wconf 85' lang='lat' dir='ltr'><strong>tibilitatem</strong></span> <span class='ocrx_word' id='word_1_210' title='bbox 960 2859 1182 2929; x_wconf 88' lang='lat' dir='ltr'><strong>quidem</strong></span> <span class='ocrx_word' id='word_1_211' title='bbox 1228 2863 1306 2917; x_wconf 90' lang='lat' dir='ltr'><strong>illi</strong></span> <span class='ocrx_word' id='word_1_212' title='bbox 1350 2867 1616 2924; x_wconf 85' lang='lat' dir='ltr'><strong>mansisse</strong></span> <span class='ocrx_word' id='word_1_213' title='bbox 1660 2880 1931 2940; x_wconf 86' lang='lat' dir='ltr'><strong>quatenus</strong></span> <span class='ocrx_word' id='word_1_214' title='bbox 1960 2852 2181 2932; x_wconf 47' lang='lat' dir='ltr'><strong>erat-ab</strong></span> 
     </span>
    </p>
   </div>
   <div class='ocr_carea' id='block_1_32' title="bbox 605 2943 2180 3030">
    <p class='ocr_par' dir='ltr' id='par_1_32' title="bbox 605 2943 2180 3030">
     <span class='ocr_line' id='line_1_32' title="bbox 605 2943 2180 3030; baseline 0.016 -30"><span class='ocrx_word' id='word_1_215' title='bbox 605 2943 764 3001; x_wconf 86' lang='lat' dir='ltr'><strong>initio</strong></span> <span class='ocrx_word' id='word_1_216' title='bbox 781 2957 836 3004; x_wconf 89' lang='lat' dir='ltr'><strong>et</strong></span> <span class='ocrx_word' id='word_1_217' title='bbox 856 2961 939 3005; x_wconf 83' lang='lat' dir='ltr'><strong>est</strong></span> <span class='ocrx_word' id='word_1_218' title='bbox 954 2950 1126 3020; x_wconf 87' lang='lat' dir='ltr'><strong>Deus;</strong></span> <span class='ocrx_word' id='word_1_219' title='bbox 1154 2954 1249 3009; x_wconf 89' lang='lat' dir='ltr'><strong>sed</strong></span> <span class='ocrx_word' id='word_1_220' title='bbox 1271 2962 1452 3012; x_wconf 89' lang='lat' dir='ltr'><strong>tamen</strong></span> <span class='ocrx_word' id='word_1_221' title='bbox 1474 2962 1620 3030; x_wconf 92' lang='lat' dir='ltr'><strong>quod</strong></span> <span class='ocrx_word' id='word_1_222' title='bbox 1637 2965 1939 3021; x_wconf 88' lang='lat' dir='ltr'><strong>secundum</strong></span> <span class='ocrx_word' id='word_1_223' title='bbox 1959 2983 2180 3024; x_wconf 78' lang='lat' dir='ltr'><strong>carnem</strong></span> 
     </span>
    </p>
   </div>
   <div class='ocr_carea' id='block_1_33' title="bbox 603 3040 2180 3124">
    <p class='ocr_par' dir='ltr' id='par_1_33' title="bbox 603 3040 2180 3124">
     <span class='ocr_line' id='line_1_33' title="bbox 603 3040 2180 3124; baseline 0.016 -34"><span class='ocrx_word' id='word_1_224' title='bbox 603 3051 705 3108; x_wconf 89' lang='lat' dir='ltr'><strong>pro</strong></span> <span class='ocrx_word' id='word_1_225' title='bbox 753 3040 914 3095; x_wconf 86' lang='lat' dir='ltr'><strong>nobis</strong></span> <span class='ocrx_word' id='word_1_226' title='bbox 958 3044 1205 3111; x_wconf 87' lang='lat' dir='ltr'><strong>pertulit,</strong></span> <span class='ocrx_word' id='word_1_227' title='bbox 1242 3046 1320 3100; x_wconf 89' lang='lat' dir='ltr'><strong>illi</strong></span> <span class='ocrx_word' id='word_1_228' title='bbox 1363 3050 1680 3120; x_wconf 89' lang='lat' dir='ltr'><strong>ascribitur,</strong></span> <span class='ocrx_word' id='word_1_229' title='bbox 1717 3065 1988 3124; x_wconf 88' lang='lat' dir='ltr'><strong>quatenus</strong></span> <span class='ocrx_word' id='word_1_230' title='bbox 2036 3058 2180 3115; x_wconf 89' lang='lat' dir='ltr'><strong>Deus</strong></span> 
     </span>
    </p>
   </div>
   <div class='ocr_carea' id='block_1_34' title="bbox 603 3133 2178 3218">
    <p class='ocr_par' dir='ltr' id='par_1_34' title="bbox 603 3133 2178 3218">
     <span class='ocr_line' id='line_1_34' title="bbox 603 3133 2178 3218; baseline 0.017 -37"><span class='ocrx_word' id='word_1_231' title='bbox 603 3137 798 3184; x_wconf 74' lang='lat' dir='ltr'><strong>natura</strong></span> <span class='ocrx_word' id='word_1_232' title='bbox 830 3133 1118 3199; x_wconf 84' lang='lat' dir='ltr'><strong>exsistens,</strong></span> <span class='ocrx_word' id='word_1_233' title='bbox 1143 3135 1321 3192; x_wconf 79' lang='lat' dir='ltr'><strong>Iactus</strong></span> <span class='ocrx_word' id='word_1_234' title='bbox 1351 3152 1436 3195; x_wconf 82' lang='lat' dir='ltr'><strong>est</strong></span> <span class='ocrx_word' id='word_1_235' title='bbox 1467 3156 1614 3209; x_wconf 90' lang='lat' dir='ltr'><strong>caro,</strong></span> <span class='ocrx_word' id='word_1_236' title='bbox 1641 3145 1746 3201; x_wconf 90' lang='lat' dir='ltr'><strong>hoc</strong></span> <span class='ocrx_word' id='word_1_237' title='bbox 1773 3155 1858 3202; x_wconf 90' lang='lat' dir='ltr'><strong>est</strong></span> <span class='ocrx_word' id='word_1_238' title='bbox 1900 3149 2178 3218; x_wconf 80' lang='lat' dir='ltr'><strong>perfectus</strong></span> 
     </span>
    </p>
   </div>
   <div class='ocr_carea' id='block_1_35' title="bbox 604 3218 2178 3314">
    <p class='ocr_par' dir='ltr' id='par_1_35' title="bbox 604 3218 2178 3314">
     <span class='ocr_line' id='line_1_35' title="bbox 604 3218 2178 3314; baseline 0.015 -39"><span class='ocrx_word' id='word_1_239' title='bbox 604 3218 790 3277; x_wconf 86' lang='lat' dir='ltr'><strong>homo.</strong></span> <span class='ocrx_word' id='word_1_240' title='bbox 827 3222 961 3279; x_wconf 88' lang='lat' dir='ltr'><strong>Nam</strong></span> <span class='ocrx_word' id='word_1_241' title='bbox 1000 3226 1144 3297; x_wconf 89' lang='lat' dir='ltr'><strong>quis,</strong></span> <span class='ocrx_word' id='word_1_242' title='bbox 1180 3245 1386 3300; x_wconf 65' lang='lat' dir='ltr'><strong>quaeso,</strong></span> <span class='ocrx_word' id='word_1_243' title='bbox 1423 3243 1563 3298; x_wconf 90' lang='lat' dir='ltr'><strong>erat,</strong></span> <span class='ocrx_word' id='word_1_244' title='bbox 1591 3237 1686 3306; x_wconf 91' lang='lat' dir='ltr'><strong>qui</strong></span> <span class='ocrx_word' id='word_1_245' title='bbox 1717 3238 1786 3294; x_wconf 89' lang='lat' dir='ltr'><strong>ad</strong></span> <span class='ocrx_word' id='word_1_246' title='bbox 1830 3240 2045 3296; x_wconf 88' lang='lat' dir='ltr'><strong>Patrem</strong></span> <span class='ocrx_word' id='word_1_247' title='bbox 2084 3244 2178 3314; x_wconf 92' lang='lat' dir='ltr'><strong>qui</strong></span> 
     </span>
    </p>
   </div>
   <div class='ocr_carea' id='block_1_36' title="bbox 603 3315 2181 3397">
    <p class='ocr_par' dir='ltr' id='par_1_36' title="bbox 603 3315 2181 3397">
     <span class='ocr_line' id='line_1_36' title="bbox 603 3315 2181 3397; baseline 0.015 -28"><span class='ocrx_word' id='word_1_248' title='bbox 603 3325 687 3370; x_wconf 85' lang='lat' dir='ltr'><strong>est</strong></span> <span class='ocrx_word' id='word_1_249' title='bbox 720 3315 774 3370; x_wconf 86' lang='lat' dir='ltr'><strong>in</strong></span> <span class='ocrx_word' id='word_1_250' title='bbox 804 3318 978 3385; x_wconf 67' lang='lat' dir='ltr'><strong>caelis,</strong></span> <span class='ocrx_word' id='word_1_251' title='bbox 1010 3337 1073 3376; x_wconf 89' lang='lat' dir='ltr'><strong>ac</strong></span> <span class='ocrx_word' id='word_1_252' title='bbox 1095 3322 1267 3378; x_wconf 91' lang='lat' dir='ltr'><strong>Deum</strong></span> <span class='ocrx_word' id='word_1_253' title='bbox 1299 3325 1650 3397; x_wconf 88' lang='lat' dir='ltr'><strong>loquebatur,</strong></span> <span class='ocrx_word' id='word_1_254' title='bbox 1679 3331 1870 3388; x_wconf 91' lang='lat' dir='ltr'><strong>dicens</strong></span> <span class='ocrx_word' id='word_1_255' title='bbox 1899 3352 1914 3387; x_wconf 90' lang='lat'><strong>:</strong></span> <span class='ocrx_word' id='word_1_256' title='bbox 1952 3355 1969 3386; x_wconf 87' lang='grc'><strong><em>‹</em></strong></span> <span class='ocrx_word' id='word_1_257' title='bbox 2003 3335 2181 3393; x_wconf 80' lang='lat' dir='ltr'><strong>Sacri-</strong></span> 
     </span>
    </p>
   </div>
   <div class='ocr_carea' id='block_1_37' title="bbox 603 3404 2178 3496">
    <p class='ocr_par' dir='ltr' id='par_1_37' title="bbox 603 3404 2178 3496">
     <span class='ocr_line' id='line_1_37' title="bbox 603 3404 2178 3496; baseline 0.016 -37"><span class='ocrx_word' id='word_1_258' title='bbox 603 3404 787 3462; x_wconf 74' lang='lat' dir='ltr'><strong>ficium</strong></span> <span class='ocrx_word' id='word_1_259' title='bbox 822 3418 878 3464; x_wconf 90' lang='lat' dir='ltr'><strong>et</strong></span> <span class='ocrx_word' id='word_1_260' title='bbox 911 3410 1244 3469; x_wconf 89' lang='lat' dir='ltr'><strong>oblationem</strong></span> <span class='ocrx_word' id='word_1_261' title='bbox 1271 3417 1516 3486; x_wconf 90' lang='lat' dir='ltr'><strong>noluisti,</strong></span> <span class='ocrx_word' id='word_1_262' title='bbox 1543 3435 1743 3491; x_wconf 90' lang='lat' dir='ltr'><strong>corpus</strong></span> <span class='ocrx_word' id='word_1_263' title='bbox 1773 3434 1954 3481; x_wconf 88' lang='lat' dir='ltr'><strong>autem</strong></span> <span class='ocrx_word' id='word_1_264' title='bbox 1981 3429 2178 3496; x_wconf 88' lang='lat' dir='ltr'><strong>aptasti</strong></span> 
     </span>
    </p>
   </div>
   <div class='ocr_carea' id='block_1_38' title="bbox 603 3498 2180 3583">
    <p class='ocr_par' dir='ltr' id='par_1_38' title="bbox 603 3498 2180 3583">
     <span class='ocr_line' id='line_1_38' title="bbox 603 3498 2180 3583; baseline 0.016 -33"><span class='ocrx_word' id='word_1_265' title='bbox 603 3498 761 3565; x_wconf 83' lang='lat' dir='ltr'><strong>mihi,</strong></span> <span class='ocrx_word' id='word_1_266' title='bbox 798 3499 1237 3561; x_wconf 85' lang='lat' dir='ltr'><strong>holocautomata</strong></span> <span class='ocrx_word' id='word_1_267' title='bbox 1270 3515 1327 3562; x_wconf 91' lang='lat' dir='ltr'><strong>et</strong></span> <span class='ocrx_word' id='word_1_268' title='bbox 1350 3524 1452 3579; x_wconf 87' lang='lat' dir='ltr'><strong>pro</strong></span> <span class='ocrx_word' id='word_1_269' title='bbox 1492 3521 1718 3581; x_wconf 88' lang='lat' dir='ltr'><strong>peccato</strong></span> <span class='ocrx_word' id='word_1_270' title='bbox 1747 3515 1994 3583; x_wconf 86' lang='lat' dir='ltr'><strong>noluisti,</strong></span> <span class='ocrx_word' id='word_1_271' title='bbox 2050 3526 2180 3574; x_wconf 90' lang='lat' dir='ltr'><strong>tunc</strong></span> 
     </span>
    </p>
   </div>
   <div class='ocr_carea' id='block_1_39' title="bbox 601 3587 2176 3670">
    <p class='ocr_par' dir='ltr' id='par_1_39' title="bbox 601 3587 2176 3670">
     <span class='ocr_line' id='line_1_39' title="bbox 601 3587 2176 3670; baseline 0.013 -27"><span class='ocrx_word' id='word_1_272' title='bbox 601 3587 714 3644; x_wconf 90' lang='lat' dir='ltr'><strong>dixi</strong></span> <span class='ocrx_word' id='word_1_273' title='bbox 760 3608 772 3644; x_wconf 94' lang='lat'>:</span> <span class='ocrx_word' id='word_1_274' title='bbox 817 3592 958 3648; x_wconf 87' lang='lat' dir='ltr'><strong>Ecce</strong></span> <span class='ocrx_word' id='word_1_275' title='bbox 1002 3595 1198 3661; x_wconf 87' lang='lat' dir='ltr'><strong>venio,</strong></span> <span class='ocrx_word' id='word_1_276' title='bbox 1245 3609 1308 3654; x_wconf 90' lang='lat' dir='ltr'><strong>ut</strong></span> <span class='ocrx_word' id='word_1_277' title='bbox 1343 3599 1569 3668; x_wconf 76' lang='lat' dir='ltr'><strong>iaciam,</strong></span> <span class='ocrx_word' id='word_1_278' title='bbox 1620 3605 1795 3670; x_wconf 89' lang='lat' dir='ltr'><strong>Deus,</strong></span> <span class='ocrx_word' id='word_1_279' title='bbox 1842 3609 2176 3666; x_wconf 79' lang='lat' dir='ltr'><strong>voluntatem</strong></span> 
     </span>
    </p>
   </div>
   <div class='ocr_carea' id='block_1_40' title="bbox 605 3684 2176 3770">
    <p class='ocr_par' dir='ltr' id='par_1_40' title="bbox 605 3684 2176 3770">
     <span class='ocr_line' id='line_1_40' title="bbox 605 3684 2176 3770; baseline 0.015 -34"><span class='ocrx_word' id='word_1_280' title='bbox 605 3688 753 3738; x_wconf 87' lang='lat' dir='ltr'><strong>tuam</strong></span> <span class='ocrx_word' id='word_1_281' title='bbox 776 3684 854 3738; x_wconf 69' lang='lat'><strong>&quot;1&#39;</strong></span> <span class='ocrx_word' id='word_1_282' title='bbox 881 3705 898 3736; x_wconf 74' lang='grc' dir='ltr'>ι</span> <span class='ocrx_word' id='word_1_283' title='bbox 938 3686 1043 3754; x_wconf 87' lang='lat' dir='ltr'><strong>Qui</strong></span> <span class='ocrx_word' id='word_1_284' title='bbox 1069 3691 1217 3744; x_wconf 89' lang='lat' dir='ltr'><strong>enim</strong></span> <span class='ocrx_word' id='word_1_285' title='bbox 1263 3695 1514 3763; x_wconf 87' lang='lat' dir='ltr'><strong>corporis</strong></span> <span class='ocrx_word' id='word_1_286' title='bbox 1555 3712 1750 3768; x_wconf 78' lang='lat' dir='ltr'><strong>expers</strong></span> <span class='ocrx_word' id='word_1_287' title='bbox 1778 3709 1897 3756; x_wconf 90' lang='lat' dir='ltr'><strong>erat</strong></span> <span class='ocrx_word' id='word_1_288' title='bbox 1929 3711 1989 3756; x_wconf 92' lang='lat' dir='ltr'><strong>ut</strong></span> <span class='ocrx_word' id='word_1_289' title='bbox 2011 3704 2176 3770; x_wconf 92' lang='lat' dir='ltr'><strong>Deus,</strong></span> 
     </span>
    </p>
   </div>
   <div class='ocr_carea' id='block_1_41' title="bbox 602 3777 2174 3863">
    <p class='ocr_par' dir='ltr' id='par_1_41' title="bbox 602 3777 2174 3863">
     <span class='ocr_line' id='line_1_41' title="bbox 602 3777 2174 3863; baseline 0.016 -36"><span class='ocrx_word' id='word_1_290' title='bbox 602 3787 804 3845; x_wconf 89' lang='lat' dir='ltr'><strong>corpus</strong></span> <span class='ocrx_word' id='word_1_291' title='bbox 825 3777 927 3831; x_wconf 89' lang='lat' dir='ltr'><strong>sibi</strong></span> <span class='ocrx_word' id='word_1_292' title='bbox 954 3789 1199 3849; x_wconf 89' lang='lat' dir='ltr'><strong>aptatum</strong></span> <span class='ocrx_word' id='word_1_293' title='bbox 1223 3783 1450 3852; x_wconf 82' lang='lat' dir='ltr'><strong>fatetur,</strong></span> <span class='ocrx_word' id='word_1_294' title='bbox 1479 3796 1539 3842; x_wconf 92' lang='lat' dir='ltr'><strong>ut</strong></span> <span class='ocrx_word' id='word_1_295' title='bbox 1560 3804 1626 3844; x_wconf 92' lang='lat' dir='ltr'><strong>eo</strong></span> <span class='ocrx_word' id='word_1_296' title='bbox 1651 3805 1751 3860; x_wconf 84' lang='lat' dir='ltr'><strong>pro</strong></span> <span class='ocrx_word' id='word_1_297' title='bbox 1783 3793 1942 3848; x_wconf 92' lang='lat' dir='ltr'><strong>nobis</strong></span> <span class='ocrx_word' id='word_1_298' title='bbox 1969 3795 2174 3863; x_wconf 90' lang='lat' dir='ltr'><strong>oblato,</strong></span> 
     </span>
    </p>
   </div>
   <div class='ocr_carea' id='block_1_42' title="bbox 602 3874 2176 3952">
    <p class='ocr_par' dir='ltr' id='par_1_42' title="bbox 602 3874 2176 3952">
     <span class='ocr_line' id='line_1_42' title="bbox 602 3874 2176 3952; baseline 0.016 -33"><span class='ocrx_word' id='word_1_299' title='bbox 602 3879 704 3920; x_wconf 90' lang='lat' dir='ltr'><strong>suo</strong></span> <span class='ocrx_word' id='word_1_300' title='bbox 737 3883 837 3924; x_wconf 87' lang='lat' dir='ltr'><strong>nos</strong></span> <span class='ocrx_word' id='word_1_301' title='bbox 860 3884 1050 3928; x_wconf 90' lang='lat' dir='ltr'><strong>omnes</strong></span> <span class='ocrx_word' id='word_1_302' title='bbox 1077 3874 1441 3949; x_wconf 81' lang='lat' dir='ltr'><strong>livore,juxta</strong></span> <span class='ocrx_word' id='word_1_303' title='bbox 1463 3881 1745 3952; x_wconf 70' lang='lat' dir='ltr'><strong>prophetae</strong></span> <span class='ocrx_word' id='word_1_304' title='bbox 1777 3900 1987 3951; x_wconf 86' lang='lat' dir='ltr'><strong>vocem,</strong></span> <span class='ocrx_word' id='word_1_305' title='bbox 2015 3903 2176 3943; x_wconf 86' lang='lat' dir='ltr'><strong>sana-</strong></span> 
     </span>
    </p>
   </div>
   <div class='ocr_carea' id='block_1_43' title="bbox 603 3957 2178 4044">
    <p class='ocr_par' dir='ltr' id='par_1_43' title="bbox 603 3957 2178 4044">
     <span class='ocr_line' id='line_1_43' title="bbox 603 3957 2178 4044; baseline 0.016 -34"><span class='ocrx_word' id='word_1_306' title='bbox 603 3966 691 4011; x_wconf 89' lang='lat' dir='ltr'><strong>ret</strong></span> <span class='ocrx_word' id='word_1_307' title='bbox 713 3957 776 4012; x_wconf 81' lang='lat'><strong>&quot;.</strong></span> <span class='ocrx_word' id='word_1_308' title='bbox 811 3958 929 4027; x_wconf 91' lang='lat' dir='ltr'><strong>Quo</strong></span> <span class='ocrx_word' id='word_1_309' title='bbox 948 3973 1109 4032; x_wconf 88' lang='lat' dir='ltr'><strong>pacto</strong></span> <span class='ocrx_word' id='word_1_310' title='bbox 1147 3969 1314 4023; x_wconf 88' lang='lat' dir='ltr'><strong>etiam</strong></span> <span class='ocrx_word' id='word_1_311' title='bbox 1349 3988 1490 4028; x_wconf 91' lang='lat' dir='ltr'><strong>unus</strong></span> <span class='ocrx_word' id='word_1_312' title='bbox 1511 3990 1610 4044; x_wconf 92' lang='lat' dir='ltr'><strong>pro</strong></span> <span class='ocrx_word' id='word_1_313' title='bbox 1638 3974 1894 4033; x_wconf 72' lang='lat' dir='ltr'><strong>omnibus</strong></span> <span class='ocrx_word' id='word_1_314' title='bbox 1926 3989 2178 4035; x_wconf 88' lang='lat' dir='ltr'><strong>mortuus</strong></span> 
     </span>
    </p>
   </div>
   <div class='ocr_carea' id='block_1_44' title="bbox 601 4051 2172 4138">
    <p class='ocr_par' dir='ltr' id='par_1_44' title="bbox 601 4051 2172 4138">
     <span class='ocr_line' id='line_1_44' title="bbox 601 4051 2172 4138; baseline 0.018 -36"><span class='ocrx_word' id='word_1_315' title='bbox 601 4058 687 4138; x_wconf 87' lang='lat' dir='ltr'><strong>est</strong></span> <span class='ocrx_word' id='word_1_316' title='bbox 715 4051 783 4115; x_wconf 78' lang='grc'><strong>⁷⁸,</strong></span> <span class='ocrx_word' id='word_1_317' title='bbox 819 4053 1139 4125; x_wconf 85' lang='lat' dir='ltr'><strong>quijustum</strong></span> <span class='ocrx_word' id='word_1_318' title='bbox 1167 4076 1266 4130; x_wconf 79' lang='lat' dir='ltr'><strong>pro</strong></span> <span class='ocrx_word' id='word_1_319' title='bbox 1296 4064 1552 4121; x_wconf 90' lang='lat' dir='ltr'><strong>omnibus</strong></span> <span class='ocrx_word' id='word_1_320' title='bbox 1582 4069 1819 4137; x_wconf 89' lang='lat' dir='ltr'><strong>pretium</strong></span> <span class='ocrx_word' id='word_1_321' title='bbox 1848 4072 2172 4138; x_wconf 80' lang='lat' dir='ltr'><strong>exsolveret,</strong></span> 
     </span>
    </p>
   </div>
   <div class='ocr_carea' id='block_1_45' title="bbox 602 4137 2177 4234">
    <p class='ocr_par' dir='ltr' id='par_1_45' title="bbox 602 4137 2177 4234">
     <span class='ocr_line' id='line_1_45' title="bbox 602 4137 2177 4234; baseline 0.018 -41"><span class='ocrx_word' id='word_1_322' title='bbox 602 4137 650 4194; x_wconf 89' lang='lat' dir='ltr'><strong>si</strong></span> <span class='ocrx_word' id='word_1_323' title='bbox 689 4139 785 4234; x_wconf 72' lang='lat' dir='ltr'><strong>illa</strong></span> <span class='ocrx_word' id='word_1_324' title='bbox 811 4146 994 4214; x_wconf 82' lang='lat' dir='ltr'><strong>passio</strong></span> <span class='ocrx_word' id='word_1_325' title='bbox 1035 4149 1158 4218; x_wconf 90' lang='lat' dir='ltr'><strong>puri</strong></span> <span class='ocrx_word' id='word_1_326' title='bbox 1206 4153 1511 4225; x_wconf 85' lang='lat' dir='ltr'><strong>cujuspiam</strong></span> <span class='ocrx_word' id='word_1_327' title='bbox 1548 4158 1787 4215; x_wconf 86' lang='lat' dir='ltr'><strong>hominis</strong></span> <span class='ocrx_word' id='word_1_328' title='bbox 1819 4161 1988 4218; x_wconf 80' lang='lat' dir='ltr'><strong>fuisse</strong></span> <span class='ocrx_word' id='word_1_329' title='bbox 2021 4174 2177 4234; x_wconf 83' lang='lat' dir='ltr'><strong>puta-</strong></span> 
     </span>
    </p>
   </div>
   <div class='ocr_carea' id='block_1_46' title="bbox 604 4231 2177 4327">
    <p class='ocr_par' dir='ltr' id='par_1_46' title="bbox 604 4231 2177 4327">
     <span class='ocr_line' id='line_1_46' title="bbox 604 4231 2177 4327; baseline 0.018 -42"><span class='ocrx_word' id='word_1_330' title='bbox 604 4231 732 4286; x_wconf 85' lang='lat' dir='ltr'><strong>tur?</strong></span> <span class='ocrx_word' id='word_1_331' title='bbox 755 4232 910 4302; x_wconf 86' lang='lat' dir='ltr'><strong>Quod</strong></span> <span class='ocrx_word' id='word_1_332' title='bbox 942 4239 988 4293; x_wconf 91' lang='lat' dir='ltr'><strong>si</strong></span> <span class='ocrx_word' id='word_1_333' title='bbox 1021 4242 1324 4298; x_wconf 87' lang='lat' dir='ltr'><strong>secundum</strong></span> <span class='ocrx_word' id='word_1_334' title='bbox 1351 4245 1643 4305; x_wconf 87' lang='lat' dir='ltr'><strong>humanam</strong></span> <span class='ocrx_word' id='word_1_335' title='bbox 1669 4259 1923 4309; x_wconf 86' lang='lat' dir='ltr'><strong>naturam</strong></span> <span class='ocrx_word' id='word_1_336' title='bbox 1951 4231 2039 4310; x_wconf 76' lang='lat' dir='ltr'><strong>est</strong></span> <span class='ocrx_word' id='word_1_337' title='bbox 2055 4271 2177 4327; x_wconf 88' lang='lat' dir='ltr'><strong>pas-</strong></span> 
     </span>
    </p>
   </div>
   <div class='ocr_carea' id='block_1_47' title="bbox 602 4330 2171 4416">
    <p class='ocr_par' dir='ltr' id='par_1_47' title="bbox 602 4330 2171 4416">
     <span class='ocr_line' id='line_1_47' title="bbox 602 4330 2171 4416; baseline 0.018 -39"><span class='ocrx_word' id='word_1_338' title='bbox 602 4336 715 4390; x_wconf 84' lang='lat' dir='ltr'><strong>sus,</strong></span> <span class='ocrx_word' id='word_1_339' title='bbox 746 4335 806 4381; x_wconf 92' lang='lat' dir='ltr'><strong>ut</strong></span> <span class='ocrx_word' id='word_1_340' title='bbox 831 4330 925 4398; x_wconf 89' lang='lat' dir='ltr'><strong>qui</strong></span> <span class='ocrx_word' id='word_1_341' title='bbox 954 4345 1067 4387; x_wconf 67' lang='lat' dir='ltr'><strong>suae</strong></span> <span class='ocrx_word' id='word_1_342' title='bbox 1090 4335 1273 4391; x_wconf 88' lang='lat' dir='ltr'><strong>carnis</strong></span> <span class='ocrx_word' id='word_1_343' title='bbox 1301 4341 1583 4407; x_wconf 88' lang='lat' dir='ltr'><strong>passiones</strong></span> <span class='ocrx_word' id='word_1_344' title='bbox 1609 4343 1712 4398; x_wconf 89' lang='lat' dir='ltr'><strong>sibi</strong></span> <span class='ocrx_word' id='word_1_345' title='bbox 1741 4345 1993 4416; x_wconf 90' lang='lat' dir='ltr'><strong>proprias</strong></span> <span class='ocrx_word' id='word_1_346' title='bbox 2013 4347 2171 4415; x_wconf 82' lang='lat' dir='ltr'><strong>fecit;</strong></span> 
     </span>
    </p>
   </div>
   <div class='ocr_carea' id='block_1_48' title="bbox 603 4419 2174 4511">
    <p class='ocr_par' dir='ltr' id='par_1_48' title="bbox 603 4419 2174 4511">
     <span class='ocr_line' id='line_1_48' title="bbox 603 4419 2174 4511; baseline 0.017 -41"><span class='ocrx_word' id='word_1_347' title='bbox 603 4419 974 4486; x_wconf 84' lang='lat' dir='ltr'><strong>tuncdemum</strong></span> <span class='ocrx_word' id='word_1_348' title='bbox 1001 4426 1164 4482; x_wconf 91' lang='lat' dir='ltr'><strong>unius</strong></span> <span class='ocrx_word' id='word_1_349' title='bbox 1186 4440 1418 4486; x_wconf 88' lang='lat' dir='ltr'><strong>mortem</strong></span> <span class='ocrx_word' id='word_1_350' title='bbox 1445 4435 1747 4491; x_wconf 88' lang='lat' dir='ltr'><strong>secundum</strong></span> <span class='ocrx_word' id='word_1_351' title='bbox 1779 4453 1998 4494; x_wconf 86' lang='lat' dir='ltr'><strong>carnem</strong></span> <span class='ocrx_word' id='word_1_352' title='bbox 2020 4481 2034 4505; x_wconf 93' lang='lat'><strong>,</strong></span> <span class='ocrx_word' id='word_1_353' title='bbox 2056 4441 2174 4511; x_wconf 86' lang='lat' dir='ltr'><strong>jus-</strong></span> 
     </span>
    </p>
   </div>
   <div class='ocr_carea' id='block_1_49' title="bbox 2289 563 3856 639">
    <p class='ocr_par' dir='ltr' id='par_1_49' title="bbox 2289 563 3856 639">
     <span class='ocr_line' id='line_1_49' title="bbox 2289 563 3856 639; baseline 0.001 -21"><span class='ocrx_word' id='word_1_354' title='bbox 2289 567 2380 619; x_wconf 77' lang='grc' dir='ltr'>καὶ</span> <span class='ocrx_word' id='word_1_355' title='bbox 2419 567 2760 638; x_wconf 75' lang='grc' dir='ltr'><strong>ἀπερινοήτῳ</strong></span> <span class='ocrx_word' id='word_1_356' title='bbox 2804 566 2981 636; x_wconf 85' lang='grc' dir='ltr'>φύσει.</span> <span class='ocrx_word' id='word_1_357' title='bbox 3024 565 3243 636; x_wconf 77' lang='grc' dir='ltr'>Ἐπειδὴ</span> <span class='ocrx_word' id='word_1_358' title='bbox 3266 565 3322 620; x_wconf 75' lang='grc' dir='ltr'>δι</span> <span class='ocrx_word' id='word_1_359' title='bbox 3363 568 3392 620; x_wconf 89' lang='grc' dir='ltr'><strong>ό</strong></span> <span class='ocrx_word' id='word_1_360' title='bbox 3433 569 3726 639; x_wconf 78' lang='grc' dir='ltr'>μονογενὴς</span> <span class='ocrx_word' id='word_1_361' title='bbox 3757 563 3856 621; x_wconf 79' lang='grc' dir='ltr'>τοῦ</span> 
     </span>
    </p>
   </div>
   <div class='ocr_carea' id='block_1_50' title="bbox 2286 653 3856 729">
    <p class='ocr_par' dir='ltr' id='par_1_50' title="bbox 2286 653 3856 729">
     <span class='ocr_line' id='line_1_50' title="bbox 2286 653 3856 729; baseline 0.003 -20"><span class='ocrx_word' id='word_1_362' title='bbox 2286 653 2423 711; x_wconf 87' lang='grc' dir='ltr'>Θεοῦ</span> <span class='ocrx_word' id='word_1_363' title='bbox 2450 658 2621 728; x_wconf 81' lang='grc' dir='ltr'><strong>Λόγος</strong></span> <span class='ocrx_word' id='word_1_364' title='bbox 2651 658 2811 729; x_wconf 84' lang='grc' dir='ltr'>σῶμα</span> <span class='ocrx_word' id='word_1_365' title='bbox 2851 656 3034 712; x_wconf 72' lang='grc' dir='ltr'>λαϐὼν</span> <span class='ocrx_word' id='word_1_366' title='bbox 3072 661 3135 713; x_wconf 79' lang='grc' dir='ltr'>ὲκ</span> <span class='ocrx_word' id='word_1_367' title='bbox 3162 659 3262 729; x_wconf 85' lang='grc' dir='ltr'><strong>τῆς</strong></span> <span class='ocrx_word' id='word_1_368' title='bbox 3288 658 3452 726; x_wconf 81' lang='grc' dir='ltr'><strong>ἁγίας</strong></span> <span class='ocrx_word' id='word_1_369' title='bbox 3479 661 3572 713; x_wconf 81' lang='grc' dir='ltr'>καὶ</span> <span class='ocrx_word' id='word_1_370' title='bbox 3590 659 3856 713; x_wconf 87' lang='grc' dir='ltr'>Θεοτόκου</span> 
     </span>
    </p>
   </div>
   <div class='ocr_carea' id='block_1_51' title="bbox 2286 747 3854 820">
    <p class='ocr_par' dir='ltr' id='par_1_51' title="bbox 2286 747 3854 820">
     <span class='ocr_line' id='line_1_51' title="bbox 2286 747 3854 820; baseline -0.001 -20"><span class='ocrx_word' id='word_1_371' title='bbox 2286 747 2582 819; x_wconf 85' lang='grc' dir='ltr'>Παρθένου,</span> <span class='ocrx_word' id='word_1_372' title='bbox 2617 749 2731 812; x_wconf 75' lang='grc' dir='ltr'>καὶ,</span> <span class='ocrx_word' id='word_1_373' title='bbox 2759 748 2835 811; x_wconf 84' lang='grc' dir='ltr'>ὡς</span> <span class='ocrx_word' id='word_1_374' title='bbox 2864 747 3001 819; x_wconf 73' lang='grc' dir='ltr'>ἔφην</span> <span class='ocrx_word' id='word_1_375' title='bbox 3053 748 3152 820; x_wconf 73' lang='grc' dir='ltr'><strong>ἥδη</strong></span> <span class='ocrx_word' id='word_1_376' title='bbox 3185 747 3519 814; x_wconf 79' lang='grc' dir='ltr'>πλειστάκις,</span> <span class='ocrx_word' id='word_1_377' title='bbox 3567 748 3698 804; x_wconf 81' lang='grc' dir='ltr'>ῐδιον</span> <span class='ocrx_word' id='word_1_378' title='bbox 3723 747 3854 802; x_wconf 59' lang='grc' dir='ltr'>αὐτὸ</span> 
     </span>
    </p>
   </div>
   <div class='ocr_carea' id='block_1_52' title="bbox 2287 837 3855 910">
    <p class='ocr_par' dir='ltr' id='par_1_52' title="bbox 2287 837 3855 910">
     <span class='ocr_line' id='line_1_52' title="bbox 2287 837 3855 910; baseline 0 -20"><span class='ocrx_word' id='word_1_379' title='bbox 2287 838 2671 909; x_wconf 74' lang='grc' dir='ltr'><strong>ποιησάμενος,</strong></span> <span class='ocrx_word' id='word_1_380' title='bbox 2702 838 2892 892; x_wconf 80' lang='grc' dir='ltr'>ἑαυτὸν</span> <span class='ocrx_word' id='word_1_381' title='bbox 2927 838 3068 910; x_wconf 76' lang='grc' dir='ltr'>ὑπὲρ</span> <span class='ocrx_word' id='word_1_382' title='bbox 3095 838 3252 910; x_wconf 80' lang='grc' dir='ltr'>ὴμῶν</span> <span class='ocrx_word' id='word_1_383' title='bbox 3295 838 3734 910; x_wconf 86' lang='grc' dir='ltr'>προσκεκόμικεν</span> <span class='ocrx_word' id='word_1_384' title='bbox 3769 837 3855 902; x_wconf 86' lang='grc' dir='ltr'><strong>είς</strong></span> 
     </span>
    </p>
   </div>
   <div class='ocr_carea' id='block_1_53' title="bbox 2285 927 3854 1003">
    <p class='ocr_par' dir='ltr' id='par_1_53' title="bbox 2285 927 3854 1003">
     <span class='ocr_line' id='line_1_53' title="bbox 2285 927 3854 1003; baseline -0.001 -22"><span class='ocrx_word' id='word_1_385' title='bbox 2285 929 2462 1003; x_wconf 78' lang='grc' dir='ltr'>ὀσμὴν</span> <span class='ocrx_word' id='word_1_386' title='bbox 2504 930 2729 994; x_wconf 76' lang='grc' dir='ltr'><strong>εὐωδίας</strong></span> <span class='ocrx_word' id='word_1_387' title='bbox 2771 927 2852 1001; x_wconf 84' lang='grc' dir='ltr'><strong>τῷ</strong></span> <span class='ocrx_word' id='word_1_388' title='bbox 2899 928 3018 999; x_wconf 90' lang='grc' dir='ltr'>Θεῷ</span> <span class='ocrx_word' id='word_1_389' title='bbox 3063 929 3158 984; x_wconf 80' lang='grc' dir='ltr'>καὶ</span> <span class='ocrx_word' id='word_1_390' title='bbox 3204 929 3400 1001; x_wconf 72' lang='grc' dir='ltr'>Πατρὶ,</span> <span class='ocrx_word' id='word_1_391' title='bbox 3425 927 3498 992; x_wconf 82' lang='grc' dir='ltr'><strong>ὡς</strong></span> <span class='ocrx_word' id='word_1_392' title='bbox 3526 928 3754 999; x_wconf 73' lang='grc' dir='ltr'><strong>ἄμωμον</strong></span> <span class='ocrx_word' id='word_1_393' title='bbox 3777 927 3854 981; x_wconf 79' lang='lat' dir='ltr'><strong>ls-</strong></span> 
     </span>
    </p>
   </div>
   <div class='ocr_carea' id='block_1_54' title="bbox 2289 1008 3856 1095">
    <p class='ocr_par' dir='ltr' id='par_1_54' title="bbox 2289 1008 3856 1095">
     <span class='ocr_line' id='line_1_54' title="bbox 2289 1008 3856 1095; baseline -0.002 -20"><span class='ocrx_word' id='word_1_394' title='bbox 2289 1008 2452 1094; x_wconf 59' lang='grc' dir='ltr'>ρεῖον,</span> <span class='ocrx_word' id='word_1_395' title='bbox 2481 1021 2652 1095; x_wconf 77' lang='grc' dir='ltr'>ταύτῃ</span> <span class='ocrx_word' id='word_1_396' title='bbox 2675 1039 2779 1085; x_wconf 87' lang='grc' dir='ltr'>τοι,</span> <span class='ocrx_word' id='word_1_397' title='bbox 2809 1022 2904 1076; x_wconf 79' lang='grc' dir='ltr'>καὶ</span> <span class='ocrx_word' id='word_1_398' title='bbox 2923 1022 3213 1091; x_wconf 79' lang='grc' dir='ltr'>ὑπομεῖναι</span> <span class='ocrx_word' id='word_1_399' title='bbox 3247 1020 3462 1090; x_wconf 86' lang='grc' dir='ltr'>λέγεται</span> <span class='ocrx_word' id='word_1_400' title='bbox 3505 1019 3654 1092; x_wconf 76' lang='grc' dir='ltr'>πρὸς,</span> <span class='ocrx_word' id='word_1_401' title='bbox 3692 1017 3856 1091; x_wconf 76' lang='grc' dir='ltr'>ἡμῶν</span> 
     </span>
    </p>
   </div>
   <div class='ocr_carea' id='block_1_55' title="bbox 2284 1108 3855 1188">
    <p class='ocr_par' dir='ltr' id='par_1_55' title="bbox 2284 1108 3855 1188">
     <span class='ocr_line' id='line_1_55' title="bbox 2284 1108 3855 1188; baseline -0.002 -19"><span class='ocrx_word' id='word_1_402' title='bbox 2284 1116 2354 1169; x_wconf 78' lang='grc' dir='ltr'>τὰ</span> <span class='ocrx_word' id='word_1_403' title='bbox 2405 1117 2482 1177; x_wconf 87' lang='grc' dir='ltr'><strong>είς</strong></span> <span class='ocrx_word' id='word_1_404' title='bbox 2531 1115 2628 1188; x_wconf 82' lang='grc' dir='ltr'><strong>τὴν</strong></span> <span class='ocrx_word' id='word_1_405' title='bbox 2673 1115 2853 1187; x_wconf 84' lang='grc' dir='ltr'>σάρκα</span> <span class='ocrx_word' id='word_1_406' title='bbox 2897 1114 3063 1168; x_wconf 80' lang='grc' dir='ltr'>αὐτοῦ</span> <span class='ocrx_word' id='word_1_407' title='bbox 3114 1115 3396 1183; x_wconf 75' lang='grc' dir='ltr'>γεγονότα.</span> <span class='ocrx_word' id='word_1_408' title='bbox 3433 1108 3508 1170; x_wconf 70' lang='grc' dir='ltr'><strong>οὗ</strong></span> <span class='ocrx_word' id='word_1_409' title='bbox 3568 1112 3679 1185; x_wconf 80' lang='grc' dir='ltr'>γὰρ</span> <span class='ocrx_word' id='word_1_410' title='bbox 3723 1111 3855 1167; x_wconf 75' lang='grc' dir='ltr'>ἴδιόν</span> 
     </span>
    </p>
   </div>
   <div class='ocr_carea' id='block_1_56' title="bbox 2285 1204 3856 1279">
    <p class='ocr_par' dir='ltr' id='par_1_56' title="bbox 2285 1204 3856 1279">
     <span class='ocr_line' id='line_1_56' title="bbox 2285 1204 3856 1279; baseline 0.001 -19"><span class='ocrx_word' id='word_1_411' title='bbox 2285 1209 2400 1260; x_wconf 76' lang='grc' dir='ltr'>ἐστι</span> <span class='ocrx_word' id='word_1_412' title='bbox 2432 1209 2495 1261; x_wconf 91' lang='grc' dir='ltr'>τὸ</span> <span class='ocrx_word' id='word_1_413' title='bbox 2543 1207 2724 1278; x_wconf 85' lang='grc' dir='ltr'>σῶμα,</span> <span class='ocrx_word' id='word_1_414' title='bbox 2767 1207 2940 1279; x_wconf 82' lang='grc' dir='ltr'>τούτῳ</span> <span class='ocrx_word' id='word_1_415' title='bbox 2967 1207 3031 1261; x_wconf 81' lang='grc' dir='ltr'>ἂν</span> <span class='ocrx_word' id='word_1_416' title='bbox 3061 1207 3283 1269; x_wconf 73' lang='grc' dir='ltr'>εἰκότως</span> <span class='ocrx_word' id='word_1_417' title='bbox 3313 1206 3734 1278; x_wconf 83' lang='grc' dir='ltr'>προσγράφοιτο,</span> <span class='ocrx_word' id='word_1_418' title='bbox 3759 1204 3856 1261; x_wconf 81' lang='grc' dir='ltr'>καὶ</span> 
     </span>
    </p>
   </div>
   <div class='ocr_carea' id='block_1_57' title="bbox 2283 1294 3852 1368">
    <p class='ocr_par' dir='ltr' id='par_1_57' title="bbox 2283 1294 3852 1368">
     <span class='ocr_line' id='line_1_57' title="bbox 2283 1294 3852 1368; baseline 0 -17"><span class='ocrx_word' id='word_1_419' title='bbox 2283 1296 2354 1352; x_wconf 85' lang='grc' dir='ltr'>τὰ</span> <span class='ocrx_word' id='word_1_420' title='bbox 2382 1296 2546 1352; x_wconf 82' lang='grc' dir='ltr'>αὐτοῦ</span> <span class='ocrx_word' id='word_1_421' title='bbox 2576 1298 2772 1362; x_wconf 89' lang='grc' dir='ltr'>πάντα,</span> <span class='ocrx_word' id='word_1_422' title='bbox 2802 1299 2924 1368; x_wconf 85' lang='grc' dir='ltr'>δίχα</span> <span class='ocrx_word' id='word_1_423' title='bbox 2954 1297 3119 1368; x_wconf 87' lang='grc' dir='ltr'>μόνης</span> <span class='ocrx_word' id='word_1_424' title='bbox 3142 1297 3435 1368; x_wconf 78' lang='grc' dir='ltr'>ἁμαρτίας.</span> <span class='ocrx_word' id='word_1_425' title='bbox 3471 1294 3681 1351; x_wconf 79' lang='grc' dir='ltr'>Οὐκοῦν</span> <span class='ocrx_word' id='word_1_426' title='bbox 3703 1298 3852 1351; x_wconf 59' lang='grc' dir='ltr'>ἐπει-η</span> 
     </span>
    </p>
   </div>
   <div class='ocr_carea' id='block_1_58' title="bbox 2283 1384 3853 1462">
    <p class='ocr_par' dir='ltr' id='par_1_58' title="bbox 2283 1384 3853 1462">
     <span class='ocr_line' id='line_1_58' title="bbox 2283 1384 3853 1462; baseline -0.001 -19"><span class='ocrx_word' id='word_1_427' title='bbox 2283 1389 2458 1462; x_wconf 79' lang='grc' dir='ltr'>δήπερ</span> <span class='ocrx_word' id='word_1_428' title='bbox 2512 1388 2937 1462; x_wconf 80' lang='grc' dir='ltr'>ὲνανθρωπήσας</span> <span class='ocrx_word' id='word_1_429' title='bbox 2978 1384 3046 1460; x_wconf 83' lang='grc' dir='ltr'>ἦν</span> <span class='ocrx_word' id='word_1_430' title='bbox 3094 1391 3122 1442; x_wconf 87' lang='grc' dir='ltr'><strong>ό</strong></span> <span class='ocrx_word' id='word_1_431' title='bbox 3153 1388 3286 1452; x_wconf 86' lang='grc' dir='ltr'>Θεὸς</span> <span class='ocrx_word' id='word_1_432' title='bbox 3334 1388 3527 1456; x_wconf 62' lang='grc' dir='ltr'>Λόγος,</span> <span class='ocrx_word' id='word_1_433' title='bbox 3573 1386 3853 1458; x_wconf 77' lang='grc' dir='ltr'>μεμένηκε</span> 
     </span>
    </p>
   </div>
   <div class='ocr_carea' id='block_1_59' title="bbox 2287 1478 3854 1554">
    <p class='ocr_par' dir='ltr' id='par_1_59' title="bbox 2287 1478 3854 1554">
     <span class='ocr_line' id='line_1_59' title="bbox 2287 1478 3854 1554; baseline -0.002 -19"><span class='ocrx_word' id='word_1_434' title='bbox 2287 1483 2383 1554; x_wconf 81' lang='grc' dir='ltr'><strong>μὲν</strong></span> <span class='ocrx_word' id='word_1_435' title='bbox 2397 1482 2610 1554; x_wconf 83' lang='grc' dir='ltr'>ἀπαθὴς</span> <span class='ocrx_word' id='word_1_436' title='bbox 2631 1482 2846 1548; x_wconf 86' lang='grc' dir='ltr'>θεῖκῶς,</span> <span class='ocrx_word' id='word_1_437' title='bbox 2869 1480 3232 1552; x_wconf 77' lang='grc' dir='ltr'><strong>οἰκειούμενος</strong></span> <span class='ocrx_word' id='word_1_438' title='bbox 3252 1481 3308 1535; x_wconf 71' lang='grc' dir='ltr'><strong>δὲ</strong></span> <span class='ocrx_word' id='word_1_439' title='bbox 3328 1480 3640 1550; x_wconf 75' lang='grc' dir='ltr'><strong>ἀναγκαίως</strong></span> <span class='ocrx_word' id='word_1_440' title='bbox 3657 1480 3724 1533; x_wconf 82' lang='grc' dir='ltr'><strong>τά</strong></span> <span class='ocrx_word' id='word_1_441' title='bbox 3750 1478 3854 1549; x_wconf 83' lang='grc' dir='ltr'>τῆς</span> 
     </span>
    </p>
   </div>
   <div class='ocr_carea' id='block_1_60' title="bbox 2283 1571 3852 1646">
    <p class='ocr_par' dir='ltr' id='par_1_60' title="bbox 2283 1571 3852 1646">
     <span class='ocr_line' id='line_1_60' title="bbox 2283 1571 3852 1646; baseline -0.001 -19"><span class='ocrx_word' id='word_1_442' title='bbox 2283 1572 2478 1628; x_wconf 69' lang='grc' dir='ltr'>ἑαυτοῦ</span> <span class='ocrx_word' id='word_1_443' title='bbox 2513 1574 2731 1646; x_wconf 86' lang='grc' dir='ltr'>σαρκὸς,</span> <span class='ocrx_word' id='word_1_444' title='bbox 2761 1574 2954 1629; x_wconf 80' lang='grc' dir='ltr'>παθεῖν</span> <span class='ocrx_word' id='word_1_445' title='bbox 2977 1573 3194 1643; x_wconf 78' lang='grc' dir='ltr'>λέγεται</span> <span class='ocrx_word' id='word_1_446' title='bbox 3230 1573 3301 1627; x_wconf 81' lang='grc' dir='ltr'>τὰ</span> <span class='ocrx_word' id='word_1_447' title='bbox 3341 1573 3485 1627; x_wconf 87' lang='grc' dir='ltr'><strong>κατά</strong></span> <span class='ocrx_word' id='word_1_448' title='bbox 3504 1573 3702 1645; x_wconf 86' lang='grc' dir='ltr'>σάρκα.</span> <span class='ocrx_word' id='word_1_449' title='bbox 3723 1571 3852 1627; x_wconf 87' lang='grc' dir='ltr'>καί-</span> 
     </span>
    </p>
   </div>
   <div class='ocr_carea' id='block_1_61' title="bbox 2283 1665 3853 1739">
    <p class='ocr_par' dir='ltr' id='par_1_61' title="bbox 2283 1665 3853 1739">
     <span class='ocr_line' id='line_1_61' title="bbox 2283 1665 3853 1739; baseline -0.001 -19"><span class='ocrx_word' id='word_1_450' title='bbox 2283 1683 2363 1720; x_wconf 86' lang='grc' dir='ltr'><strong>τοι</strong></span> <span class='ocrx_word' id='word_1_451' title='bbox 2389 1665 2481 1721; x_wconf 76' lang='grc' dir='ltr'><strong>τοῦ</strong></span> <span class='ocrx_word' id='word_1_452' title='bbox 2506 1667 2696 1721; x_wconf 80' lang='grc' dir='ltr'>παθεῖν</span> <span class='ocrx_word' id='word_1_453' title='bbox 2717 1667 3041 1739; x_wconf 86' lang='grc' dir='ltr'>άπείραστος</span> <span class='ocrx_word' id='word_1_454' title='bbox 3061 1665 3156 1731; x_wconf 83' lang='grc' dir='ltr'>ὣν,</span> <span class='ocrx_word' id='word_1_455' title='bbox 3183 1666 3318 1722; x_wconf 87' lang='grc' dir='ltr'>καθὸ</span> <span class='ocrx_word' id='word_1_456' title='bbox 3350 1668 3548 1721; x_wconf 89' lang='grc' dir='ltr'>νοεῖται</span> <span class='ocrx_word' id='word_1_457' title='bbox 3568 1665 3716 1729; x_wconf 86' lang='grc' dir='ltr'>Θεός.</span> <span class='ocrx_word' id='word_1_458' title='bbox 3747 1665 3853 1719; x_wconf 81' lang='grc' dir='ltr'><strong>Εὐ-</strong></span> 
     </span>
    </p>
   </div>
   <div class='ocr_carea' id='block_1_62' title="bbox 2288 1753 3849 1831">
    <p class='ocr_par' dir='ltr' id='par_1_62' title="bbox 2288 1753 3849 1831">
     <span class='ocr_line' id='line_1_62' title="bbox 2288 1753 3849 1831; baseline 0.007 -20"><span class='ocrx_word' id='word_1_459' title='bbox 2288 1757 2501 1822; x_wconf 80' lang='grc' dir='ltr'>σεσείας</span> <span class='ocrx_word' id='word_1_460' title='bbox 2528 1753 2622 1812; x_wconf 83' lang='grc' dir='ltr'>οὖν</span> <span class='ocrx_word' id='word_1_461' title='bbox 2645 1758 2870 1831; x_wconf 78' lang='grc' dir='ltr'><strong>δόκησις</strong></span> <span class='ocrx_word' id='word_1_462' title='bbox 2914 1758 3178 1830; x_wconf 77' lang='grc' dir='ltr'>ἀποφέρει</span> <span class='ocrx_word' id='word_1_463' title='bbox 3204 1758 3303 1830; x_wconf 86' lang='grc' dir='ltr'>τῆς</span> <span class='ocrx_word' id='word_1_464' title='bbox 3333 1756 3590 1829; x_wconf 76' lang='grc' dir='ltr'><strong>ἀληθείας</strong></span> <span class='ocrx_word' id='word_1_465' title='bbox 3627 1756 3849 1824; x_wconf 78' lang='grc' dir='ltr'><strong>αὐτοὺς.</strong></span> 
     </span>
    </p>
   </div>
   <div class='ocr_carea' id='block_1_63' title="bbox 2217 1840 3850 1922">
    <p class='ocr_par' dir='ltr' id='par_1_63' title="bbox 2217 1840 3850 1922">
     <span class='ocr_line' id='line_1_63' title="bbox 2217 1840 3850 1922; baseline 0.004 -25"><span class='ocrx_word' id='word_1_466' title='bbox 2217 1840 2259 1897; x_wconf 85' lang='grc' dir='ltr'><strong><em>Β</em></strong></span> <span class='ocrx_word' id='word_1_467' title='bbox 2283 1850 2384 1904; x_wconf 78' lang='grc' dir='ltr'>οὐκ</span> <span class='ocrx_word' id='word_1_468' title='bbox 2412 1849 2748 1913; x_wconf 69' lang='grc' dir='ltr'>ἐννοοῦντας,</span> <span class='ocrx_word' id='word_1_469' title='bbox 2788 1851 2870 1904; x_wconf 84' lang='grc' dir='ltr'><strong>δτι</strong></span> <span class='ocrx_word' id='word_1_470' title='bbox 2899 1851 3192 1922; x_wconf 75' lang='grc' dir='ltr'><strong>τετήρηται</strong></span> <span class='ocrx_word' id='word_1_471' title='bbox 3219 1849 3321 1921; x_wconf 75' lang='grc' dir='ltr'><strong>μιν</strong></span> <span class='ocrx_word' id='word_1_472' title='bbox 3348 1848 3410 1904; x_wconf 89' lang='grc' dir='ltr'>τὸ</span> <span class='ocrx_word' id='word_1_473' title='bbox 3437 1849 3647 1914; x_wconf 65' lang='grc' dir='ltr'>ἀπαθὲς</span> <span class='ocrx_word' id='word_1_474' title='bbox 3676 1846 3850 1921; x_wconf 79' lang='grc' dir='ltr'>αὐτῷ.</span> 
     </span>
    </p>
   </div>
   <div class='ocr_carea' id='block_1_64' title="bbox 2286 1938 3854 2015">
    <p class='ocr_par' dir='ltr' id='par_1_64' title="bbox 2286 1938 3854 2015">
     <span class='ocr_line' id='line_1_64' title="bbox 2286 1938 3854 2015; baseline -0.002 -19"><span class='ocrx_word' id='word_1_475' title='bbox 2286 1942 2428 1996; x_wconf 85' lang='grc' dir='ltr'>καθὰ</span> <span class='ocrx_word' id='word_1_476' title='bbox 2477 1942 2712 2015; x_wconf 77' lang='grc' dir='ltr'>ὑπάρχει</span> <span class='ocrx_word' id='word_1_477' title='bbox 2741 1943 2836 1996; x_wconf 71' lang='grc' dir='ltr'>καὶ</span> <span class='ocrx_word' id='word_1_478' title='bbox 2865 1941 2979 1996; x_wconf 76' lang='grc' dir='ltr'>εστι</span> <span class='ocrx_word' id='word_1_479' title='bbox 3023 1941 3176 2007; x_wconf 85' lang='grc' dir='ltr'>Θεὸς.</span> <span class='ocrx_word' id='word_1_480' title='bbox 3214 1939 3620 2013; x_wconf 74' lang='grc' dir='ltr'>προυγράφεται</span> <span class='ocrx_word' id='word_1_481' title='bbox 3664 1939 3724 1994; x_wconf 79' lang='grc' dir='ltr'>δι</span> <span class='ocrx_word' id='word_1_482' title='bbox 3751 1938 3854 1994; x_wconf 78' lang='grc' dir='ltr'>καὶ</span> 
     </span>
    </p>
   </div>
   <div class='ocr_carea' id='block_1_65' title="bbox 2283 2025 3852 2104">
    <p class='ocr_par' dir='ltr' id='par_1_65' title="bbox 2283 2025 3852 2104">
     <span class='ocr_line' id='line_1_65' title="bbox 2283 2025 3852 2104; baseline -0.004 -16"><span class='ocrx_word' id='word_1_483' title='bbox 2283 2035 2344 2088; x_wconf 88' lang='grc' dir='ltr'>τὸ</span> <span class='ocrx_word' id='word_1_484' title='bbox 2393 2033 2584 2090; x_wconf 77' lang='grc' dir='ltr'>παθεῖν</span> <span class='ocrx_word' id='word_1_485' title='bbox 2631 2033 2769 2104; x_wconf 70' lang='grc' dir='ltr'>ὑπὲρ</span> <span class='ocrx_word' id='word_1_486' title='bbox 2809 2033 2966 2103; x_wconf 79' lang='grc' dir='ltr'>ἡμῶν</span> <span class='ocrx_word' id='word_1_487' title='bbox 3003 2031 3158 2096; x_wconf 56' lang='grc' dir='ltr'>κατὰ,</span> <span class='ocrx_word' id='word_1_488' title='bbox 3192 2030 3392 2103; x_wconf 88' lang='grc' dir='ltr'>σάρκα,</span> <span class='ocrx_word' id='word_1_489' title='bbox 3426 2029 3562 2085; x_wconf 88' lang='grc' dir='ltr'>καθὸ</span> <span class='ocrx_word' id='word_1_490' title='bbox 3600 2027 3736 2094; x_wconf 81' lang='grc' dir='ltr'>Θεὸς</span> <span class='ocrx_word' id='word_1_491' title='bbox 3771 2025 3852 2082; x_wconf 79' lang='grc' dir='ltr'>ὢν</span> 
     </span>
    </p>
   </div>
   <div class='ocr_carea' id='block_1_66' title="bbox 2283 2121 3851 2198">
    <p class='ocr_par' dir='ltr' id='par_1_66' title="bbox 2283 2121 3851 2198">
     <span class='ocr_line' id='line_1_66' title="bbox 2283 2121 3851 2198; baseline -0.005 -16"><span class='ocrx_word' id='word_1_492' title='bbox 2283 2127 2465 2198; x_wconf 77' lang='grc' dir='ltr'>φύσει,</span> <span class='ocrx_word' id='word_1_493' title='bbox 2495 2128 2686 2197; x_wconf 82' lang='grc' dir='ltr'>γέγονε</span> <span class='ocrx_word' id='word_1_494' title='bbox 2721 2125 2878 2198; x_wconf 76' lang='grc' dir='ltr'>σὰρξ,</span> <span class='ocrx_word' id='word_1_495' title='bbox 2908 2126 3030 2198; x_wconf 67' lang='grc' dir='ltr'>ἦτοι</span> <span class='ocrx_word' id='word_1_496' title='bbox 3058 2124 3262 2188; x_wconf 85' lang='grc' dir='ltr'>τέλειος</span> <span class='ocrx_word' id='word_1_497' title='bbox 3282 2123 3586 2196; x_wconf 72' lang='grc' dir='ltr'>ἄνθρωπος.</span> <span class='ocrx_word' id='word_1_498' title='bbox 3612 2121 3708 2186; x_wconf 86' lang='grc' dir='ltr'>Τίς</span> <span class='ocrx_word' id='word_1_499' title='bbox 3737 2122 3851 2194; x_wconf 79' lang='grc' dir='ltr'>γὰρ</span> 
     </span>
    </p>
   </div>
   <div class='ocr_carea' id='block_1_67' title="bbox 2280 2211 3846 2292">
    <p class='ocr_par' dir='ltr' id='par_1_67' title="bbox 2280 2211 3846 2292">
     <span class='ocr_line' id='line_1_67' title="bbox 2280 2211 3846 2292; baseline -0.004 -20"><span class='ocrx_word' id='word_1_500' title='bbox 2280 2216 2349 2292; x_wconf 80' lang='grc' dir='ltr'>ἦν</span> <span class='ocrx_word' id='word_1_501' title='bbox 2381 2223 2410 2274; x_wconf 86' lang='grc' dir='ltr'><strong>ό</strong></span> <span class='ocrx_word' id='word_1_502' title='bbox 2447 2220 2621 2289; x_wconf 86' lang='grc' dir='ltr'>λέγων</span> <span class='ocrx_word' id='word_1_503' title='bbox 2654 2217 2792 2290; x_wconf 89' lang='grc' dir='ltr'>πρὸς</span> <span class='ocrx_word' id='word_1_504' title='bbox 2819 2217 2910 2272; x_wconf 87' lang='grc' dir='ltr'>τὸν</span> <span class='ocrx_word' id='word_1_505' title='bbox 2943 2220 3001 2272; x_wconf 68' lang='grc' dir='ltr'>ιν</span> <span class='ocrx_word' id='word_1_506' title='bbox 3026 2217 3274 2290; x_wconf 83' lang='grc' dir='ltr'>οὐρανοῖς</span> <span class='ocrx_word' id='word_1_507' title='bbox 3297 2214 3514 2288; x_wconf 88' lang='grc' dir='ltr'>Πατέρα</span> <span class='ocrx_word' id='word_1_508' title='bbox 3546 2214 3642 2269; x_wconf 75' lang='grc' dir='ltr'>καὶ</span> <span class='ocrx_word' id='word_1_509' title='bbox 3676 2211 3846 2266; x_wconf 84' lang='grc' dir='ltr'>Θεόν·</span> 
     </span>
    </p>
   </div>
   <div class='ocr_carea' id='block_1_68' title="bbox 2287 2302 3849 2381">
    <p class='ocr_par' dir='ltr' id='par_1_68' title="bbox 2287 2302 3849 2381">
     <span class='ocr_line' id='line_1_68' title="bbox 2287 2302 3849 2381; baseline -0.003 -18"><span class='ocrx_word' id='word_1_510' title='bbox 2287 2332 2304 2363; x_wconf 79' lang='grc' dir='ltr'><strong>ε</strong></span> <span class='ocrx_word' id='word_1_511' title='bbox 2334 2311 2537 2366; x_wconf 80' lang='grc' dir='ltr'>Θυσίαν</span> <span class='ocrx_word' id='word_1_512' title='bbox 2586 2311 2680 2364; x_wconf 81' lang='grc' dir='ltr'>καὶ</span> <span class='ocrx_word' id='word_1_513' title='bbox 2733 2309 3046 2381; x_wconf 80' lang='grc' dir='ltr'>προσφορὰν</span> <span class='ocrx_word' id='word_1_514' title='bbox 3095 2308 3196 2362; x_wconf 82' lang='grc' dir='ltr'>οὐκ</span> <span class='ocrx_word' id='word_1_515' title='bbox 3241 2305 3530 2378; x_wconf 72' lang='grc' dir='ltr'>ἠθέλησας,</span> <span class='ocrx_word' id='word_1_516' title='bbox 3576 2303 3737 2377; x_wconf 76' lang='grc' dir='ltr'>σῶμα</span> <span class='ocrx_word' id='word_1_517' title='bbox 3785 2302 3849 2359; x_wconf 73' lang='grc' dir='ltr'>εδ</span> 
     </span>
    </p>
   </div>
   <div class='ocr_carea' id='block_1_69' title="bbox 2282 2395 3849 2474">
    <p class='ocr_par' dir='ltr' id='par_1_69' title="bbox 2282 2395 3849 2474">
     <span class='ocr_line' id='line_1_69' title="bbox 2282 2395 3849 2474; baseline -0.004 -17"><span class='ocrx_word' id='word_1_518' title='bbox 2282 2403 2600 2474; x_wconf 82' lang='grc' dir='ltr'>κατηρτίσω</span> <span class='ocrx_word' id='word_1_519' title='bbox 2643 2419 2766 2474; x_wconf 83' lang='grc' dir='ltr'>μοι,</span> <span class='ocrx_word' id='word_1_520' title='bbox 2802 2399 3234 2472; x_wconf 78' lang='grc' dir='ltr'>ὁλοκαυτώματα</span> <span class='ocrx_word' id='word_1_521' title='bbox 3268 2398 3362 2454; x_wconf 81' lang='grc' dir='ltr'>καὶ</span> <span class='ocrx_word' id='word_1_522' title='bbox 3410 2397 3538 2470; x_wconf 77' lang='grc' dir='ltr'>περὶ</span> <span class='ocrx_word' id='word_1_523' title='bbox 3573 2395 3849 2469; x_wconf 78' lang='grc' dir='ltr'>ἁμαρτίας</span> 
     </span>
    </p>
   </div>
   <div class='ocr_carea' id='block_1_70' title="bbox 2280 2489 3848 2573">
    <p class='ocr_par' dir='ltr' id='par_1_70' title="bbox 2280 2489 3848 2573">
     <span class='ocr_line' id='line_1_70' title="bbox 2280 2489 3848 2573; baseline -0.006 -20"><span class='ocrx_word' id='word_1_524' title='bbox 2280 2498 2381 2553; x_wconf 79' lang='grc' dir='ltr'><strong>οὐκ</strong></span> <span class='ocrx_word' id='word_1_525' title='bbox 2407 2497 2714 2569; x_wconf 81' lang='grc' dir='ltr'>ηὑὸόκησας</span> <span class='ocrx_word' id='word_1_526' title='bbox 2737 2511 2754 2527; x_wconf 65' lang='grc' dir='ltr'><strong>ν</strong></span> <span class='ocrx_word' id='word_1_527' title='bbox 2803 2495 2924 2548; x_wconf 86' lang='grc' dir='ltr'>τότε</span> <span class='ocrx_word' id='word_1_528' title='bbox 2954 2489 3122 2548; x_wconf 73' lang='grc' dir='ltr'>εἶπον·</span> <span class='ocrx_word' id='word_1_529' title='bbox 3163 2492 3292 2547; x_wconf 81' lang='grc' dir='ltr'><strong>Ἰδοὺ</strong></span> <span class='ocrx_word' id='word_1_530' title='bbox 3327 2490 3566 2573; x_wconf 23' lang='grc' dir='ltr'><strong>ἥκω-τοῦ</strong></span> <span class='ocrx_word' id='word_1_531' title='bbox 3599 2491 3848 2561; x_wconf 80' lang='grc' dir='ltr'>ποιῆσαι,</span> 
     </span>
    </p>
   </div>
   <div class='ocr_carea' id='block_1_71' title="bbox 2280 2580 3850 2659">
    <p class='ocr_par' dir='ltr' id='par_1_71' title="bbox 2280 2580 3850 2659">
     <span class='ocr_line' id='line_1_71' title="bbox 2280 2580 3850 2659; baseline -0.005 -16"><span class='ocrx_word' id='word_1_532' title='bbox 2280 2591 2309 2643; x_wconf 85' lang='grc' dir='ltr'><strong>ό</strong></span> <span class='ocrx_word' id='word_1_533' title='bbox 2347 2589 2498 2654; x_wconf 84' lang='grc' dir='ltr'>Θεὸς,</span> <span class='ocrx_word' id='word_1_534' title='bbox 2534 2587 2596 2642; x_wconf 89' lang='grc' dir='ltr'>τὸ</span> <span class='ocrx_word' id='word_1_535' title='bbox 2631 2587 2845 2659; x_wconf 81' lang='grc' dir='ltr'>θέλημά</span> <span class='ocrx_word' id='word_1_536' title='bbox 2883 2601 3012 2651; x_wconf 89' lang='grc' dir='ltr'>σου;</span> <span class='ocrx_word' id='word_1_537' title='bbox 3040 2605 3058 2638; x_wconf 75' lang='grc' dir='ltr'>ι</span> <span class='ocrx_word' id='word_1_538' title='bbox 3106 2586 3164 2639; x_wconf 87' lang='lat'><strong>&#39;0</strong></span> <span class='ocrx_word' id='word_1_539' title='bbox 3186 2584 3295 2656; x_wconf 81' lang='grc' dir='ltr'><strong>γὰρ</strong></span> <span class='ocrx_word' id='word_1_540' title='bbox 3337 2583 3444 2652; x_wconf 73' lang='grc' dir='ltr'><strong>ἔξω</strong></span> <span class='ocrx_word' id='word_1_541' title='bbox 3471 2581 3740 2656; x_wconf 80' lang='grc' dir='ltr'>σώματος,</span> <span class='ocrx_word' id='word_1_542' title='bbox 3769 2580 3850 2647; x_wconf 83' lang='grc' dir='ltr'>ὡς</span> 
     </span>
    </p>
   </div>
   <div class='ocr_carea' id='block_1_72' title="bbox 2281 2672 3851 2750">
    <p class='ocr_par' dir='ltr' id='par_1_72' title="bbox 2281 2672 3851 2750">
     <span class='ocr_line' id='line_1_72' title="bbox 2281 2672 3851 2750; baseline -0.004 -17"><span class='ocrx_word' id='word_1_543' title='bbox 2281 2680 2434 2747; x_wconf 90' lang='grc' dir='ltr'>Θεὸς,</span> <span class='ocrx_word' id='word_1_544' title='bbox 2461 2678 2640 2750; x_wconf 79' lang='grc' dir='ltr'>ἑαυτῷ</span> <span class='ocrx_word' id='word_1_545' title='bbox 2674 2677 2737 2732; x_wconf 84' lang='grc' dir='ltr'>τὸ</span> <span class='ocrx_word' id='word_1_546' title='bbox 2779 2677 2936 2749; x_wconf 81' lang='grc' dir='ltr'>σῶμα</span> <span class='ocrx_word' id='word_1_547' title='bbox 2969 2674 3331 2749; x_wconf 86' lang='grc' dir='ltr'>κατηρτίσθαι</span> <span class='ocrx_word' id='word_1_548' title='bbox 3357 2676 3542 2748; x_wconf 79' lang='grc' dir='ltr'>φησὶν,</span> <span class='ocrx_word' id='word_1_549' title='bbox 3578 2675 3666 2729; x_wconf 84' lang='grc' dir='ltr'>ῐνα</span> <span class='ocrx_word' id='word_1_550' title='bbox 3688 2672 3851 2742; x_wconf 79' lang='grc' dir='ltr'>τοῦτο</span> 
     </span>
    </p>
   </div>
   <div class='ocr_carea' id='block_1_73' title="bbox 2283 2766 3849 2845">
    <p class='ocr_par' dir='ltr' id='par_1_73' title="bbox 2283 2766 3849 2845">
     <span class='ocr_line' id='line_1_73' title="bbox 2283 2766 3849 2845; baseline -0.004 -18"><span class='ocrx_word' id='word_1_551' title='bbox 2283 2773 2424 2845; x_wconf 76' lang='grc' dir='ltr'><strong>ὑπὲρ</strong></span> <span class='ocrx_word' id='word_1_552' title='bbox 2461 2771 2618 2844; x_wconf 77' lang='grc' dir='ltr'>ἡμῶν</span> <span class='ocrx_word' id='word_1_553' title='bbox 2665 2770 3058 2843; x_wconf 84' lang='grc' dir='ltr'>προσενέγκας,</span> <span class='ocrx_word' id='word_1_554' title='bbox 3100 2768 3180 2840; x_wconf 82' lang='grc' dir='ltr'><strong>τῷ</strong></span> <span class='ocrx_word' id='word_1_555' title='bbox 3217 2769 3332 2840; x_wconf 75' lang='grc' dir='ltr'>ἰδίῳ</span> <span class='ocrx_word' id='word_1_556' title='bbox 3374 2766 3602 2839; x_wconf 79' lang='grc' dir='ltr'>μώλωπι</span> <span class='ocrx_word' id='word_1_557' title='bbox 3638 2767 3849 2831; x_wconf 86' lang='grc' dir='ltr'>πάντας</span> 
     </span>
    </p>
   </div>
   <div class='ocr_carea' id='block_1_74' title="bbox 2280 2858 3845 2937">
    <p class='ocr_par' dir='ltr' id='par_1_74' title="bbox 2280 2858 3845 2937">
     <span class='ocr_line' id='line_1_74' title="bbox 2280 2858 3845 2937; baseline -0.003 -18"><span class='ocrx_word' id='word_1_558' title='bbox 2280 2867 2428 2937; x_wconf 70' lang='grc' dir='ltr'><strong>ἡμᾶς</strong></span> <span class='ocrx_word' id='word_1_559' title='bbox 2486 2865 2822 2936; x_wconf 74' lang='grc' dir='ltr'>θεραπεύσῃ,</span> <span class='ocrx_word' id='word_1_560' title='bbox 2856 2863 2997 2917; x_wconf 86' lang='grc' dir='ltr'>κατὰ</span> <span class='ocrx_word' id='word_1_561' title='bbox 3040 2862 3140 2934; x_wconf 80' lang='grc' dir='ltr'>τὴν</span> <span class='ocrx_word' id='word_1_562' title='bbox 3184 2859 3280 2914; x_wconf 83' lang='grc' dir='ltr'><strong>τοῦ</strong></span> <span class='ocrx_word' id='word_1_563' title='bbox 3317 2861 3593 2932; x_wconf 76' lang='grc' dir='ltr'>προφήτου</span> <span class='ocrx_word' id='word_1_564' title='bbox 3638 2858 3845 2930; x_wconf 80' lang='grc' dir='ltr'>φωνήν.</span> 
     </span>
    </p>
   </div>
   <div class='ocr_carea' id='block_1_75' title="bbox 2281 2949 3849 3026">
    <p class='ocr_par' dir='ltr' id='par_1_75' title="bbox 2281 2949 3849 3026">
     <span class='ocr_line' id='line_1_75' title="bbox 2281 2949 3849 3026; baseline -0.006 -14"><span class='ocrx_word' id='word_1_565' title='bbox 2281 2957 2407 3022; x_wconf 85' lang='grc' dir='ltr'><strong>Πῶς</strong></span> <span class='ocrx_word' id='word_1_566' title='bbox 2438 2956 2515 3022; x_wconf 69' lang='grc' dir='ltr'>δὲ,</span> <span class='ocrx_word' id='word_1_567' title='bbox 2550 2956 2644 3010; x_wconf 66' lang='grc' dir='ltr'>καὶ</span> <span class='ocrx_word' id='word_1_568' title='bbox 2680 2950 2762 3020; x_wconf 80' lang='grc' dir='ltr'>εἷς</span> <span class='ocrx_word' id='word_1_569' title='bbox 2809 2954 2951 3026; x_wconf 60' lang='grc' dir='ltr'>ὑπερ</span> <span class='ocrx_word' id='word_1_570' title='bbox 2997 2954 3216 3010; x_wconf 83' lang='grc' dir='ltr'>πάντων</span> <span class='ocrx_word' id='word_1_571' title='bbox 3255 2950 3546 3018; x_wconf 88' lang='grc' dir='ltr'>ἀπέθανεν,</span> <span class='ocrx_word' id='word_1_572' title='bbox 3576 2949 3849 3005; x_wconf 75' lang='grc' dir='ltr'>ἀπάντων</span> 
     </span>
    </p>
   </div>
   <div class='ocr_carea' id='block_1_76' title="bbox 2280 3037 3847 3113">
    <p class='ocr_par' dir='ltr' id='par_1_76' title="bbox 2280 3037 3847 3113">
     <span class='ocr_line' id='line_1_76' title="bbox 2280 3037 3847 3113; baseline -0.006 -11"><span class='ocrx_word' id='word_1_573' title='bbox 2280 3044 2552 3112; x_wconf 79' lang='grc' dir='ltr'>ἀντάξιος,</span> <span class='ocrx_word' id='word_1_574' title='bbox 2577 3046 2626 3100; x_wconf 83' lang='grc' dir='ltr'><strong>εί</strong></span> <span class='ocrx_word' id='word_1_575' title='bbox 2651 3042 2836 3108; x_wconf 84' lang='grc' dir='ltr'>ἁπλῶς</span> <span class='ocrx_word' id='word_1_576' title='bbox 2862 3060 3004 3107; x_wconf 87' lang='grc' dir='ltr'>τινος</span> <span class='ocrx_word' id='word_1_577' title='bbox 3018 3041 3304 3113; x_wconf 85' lang='grc' dir='ltr'>ἀνθρώπου</span> <span class='ocrx_word' id='word_1_578' title='bbox 3333 3043 3530 3095; x_wconf 82' lang='grc' dir='ltr'>νοεῖται</span> <span class='ocrx_word' id='word_1_579' title='bbox 3555 3038 3616 3094; x_wconf 89' lang='grc' dir='ltr'>τὸ</span> <span class='ocrx_word' id='word_1_580' title='bbox 3639 3037 3847 3105; x_wconf 82' lang='grc' dir='ltr'>πάθος;</span> 
     </span>
    </p>
   </div>
   <div class='ocr_carea' id='block_1_77' title="bbox 2281 3129 3848 3206">
    <p class='ocr_par' dir='ltr' id='par_1_77' title="bbox 2281 3129 3848 3206">
     <span class='ocr_line' id='line_1_77' title="bbox 2281 3129 3848 3206; baseline -0.006 -13"><span class='ocrx_word' id='word_1_581' title='bbox 2281 3139 2344 3193; x_wconf 81' lang='lat' dir='ltr'><strong>Ei</strong></span> <span class='ocrx_word' id='word_1_582' title='bbox 2382 3137 2438 3192; x_wconf 74' lang='grc' dir='ltr'><strong>δὲ</strong></span> <span class='ocrx_word' id='word_1_583' title='bbox 2466 3135 2736 3191; x_wconf 77' lang='grc' dir='ltr'>πέπονθεν</span> <span class='ocrx_word' id='word_1_584' title='bbox 2759 3133 3137 3206; x_wconf 85' lang='grc' dir='ltr'>ἀνθρωπίνως,</span> <span class='ocrx_word' id='word_1_585' title='bbox 3161 3133 3238 3197; x_wconf 86' lang='grc' dir='ltr'>ὡς</span> <span class='ocrx_word' id='word_1_586' title='bbox 3264 3132 3332 3186; x_wconf 81' lang='grc' dir='ltr'>τὰ</span> <span class='ocrx_word' id='word_1_587' title='bbox 3352 3131 3451 3203; x_wconf 85' lang='grc' dir='ltr'>τῆς</span> <span class='ocrx_word' id='word_1_588' title='bbox 3480 3129 3674 3186; x_wconf 67' lang='grc' dir='ltr'>ἑαυτοῦ</span> <span class='ocrx_word' id='word_1_589' title='bbox 3707 3146 3848 3198; x_wconf 81' lang='grc' dir='ltr'>σαρ-</span> 
     </span>
    </p>
   </div>
   <div class='ocr_carea' id='block_1_78' title="bbox 2281 3221 3852 3300">
    <p class='ocr_par' dir='ltr' id='par_1_78' title="bbox 2281 3221 3852 3300">
     <span class='ocr_line' id='line_1_78' title="bbox 2281 3221 3852 3300; baseline -0.006 -15"><span class='ocrx_word' id='word_1_590' title='bbox 2281 3231 2376 3294; x_wconf 86' lang='grc' dir='ltr'><strong>κὸς</strong></span> <span class='ocrx_word' id='word_1_591' title='bbox 2419 3227 2790 3300; x_wconf 77' lang='grc' dir='ltr'>οἰκειούμενος</span> <span class='ocrx_word' id='word_1_592' title='bbox 2842 3225 3014 3297; x_wconf 85' lang='grc' dir='ltr'>πάθη,</span> <span class='ocrx_word' id='word_1_593' title='bbox 3047 3226 3168 3280; x_wconf 84' lang='grc' dir='ltr'>τότε</span> <span class='ocrx_word' id='word_1_594' title='bbox 3214 3225 3301 3296; x_wconf 80' lang='grc' dir='ltr'><strong>δὴ,</strong></span> <span class='ocrx_word' id='word_1_595' title='bbox 3348 3224 3467 3280; x_wconf 87' lang='grc' dir='ltr'>τότε</span> <span class='ocrx_word' id='word_1_596' title='bbox 3500 3223 3701 3296; x_wconf 68' lang='grc' dir='ltr'>φαμεν,</span> <span class='ocrx_word' id='word_1_597' title='bbox 3753 3221 3852 3278; x_wconf 79' lang='grc' dir='ltr'>καὶ</span> 
     </span>
    </p>
   </div>
   <div class='ocr_carea' id='block_1_79' title="bbox 2283 3314 3850 3396">
    <p class='ocr_par' dir='ltr' id='par_1_79' title="bbox 2283 3314 3850 3396">
     <span class='ocr_line' id='line_1_79' title="bbox 2283 3314 3850 3396; baseline -0.006 -17"><span class='ocrx_word' id='word_1_598' title='bbox 2283 3323 2429 3396; x_wconf 84' lang='grc' dir='ltr'>μάλα</span> <span class='ocrx_word' id='word_1_599' title='bbox 2488 3323 2738 3387; x_wconf 77' lang='grc' dir='ltr'>εἰκότως,</span> <span class='ocrx_word' id='word_1_600' title='bbox 2780 3319 2855 3385; x_wconf 85' lang='grc' dir='ltr'>ὡς</span> <span class='ocrx_word' id='word_1_601' title='bbox 2899 3319 3001 3390; x_wconf 83' lang='grc' dir='ltr'>τῆς</span> <span class='ocrx_word' id='word_1_602' title='bbox 3054 3319 3310 3374; x_wconf 86' lang='grc' dir='ltr'>ἁπάντων</span> <span class='ocrx_word' id='word_1_603' title='bbox 3356 3317 3501 3389; x_wconf 82' lang='grc' dir='ltr'><strong>ζωῆς</strong></span> <span class='ocrx_word' id='word_1_604' title='bbox 3541 3314 3787 3381; x_wconf 80' lang='grc' dir='ltr'>ἀντάξιος</span> <span class='ocrx_word' id='word_1_605' title='bbox 3819 3315 3850 3369; x_wconf 85' lang='grc' dir='ltr'><strong>ό</strong></span> 
     </span>
    </p>
   </div>
   <div class='ocr_carea' id='block_1_80' title="bbox 2277 3407 3850 3485">
    <p class='ocr_par' dir='ltr' id='par_1_80' title="bbox 2277 3407 3850 3485">
     <span class='ocr_line' id='line_1_80' title="bbox 2277 3407 3850 3485; baseline -0.005 -16"><span class='ocrx_word' id='word_1_606' title='bbox 2277 3415 2399 3480; x_wconf 76' lang='grc' dir='ltr'>ἐνὸς</span> <span class='ocrx_word' id='word_1_607' title='bbox 2418 3417 2618 3469; x_wconf 86' lang='grc' dir='ltr'>νοεῖται</span> <span class='ocrx_word' id='word_1_608' title='bbox 2641 3412 2784 3468; x_wconf 82' lang='grc' dir='ltr'><strong>κατά</strong></span> <span class='ocrx_word' id='word_1_609' title='bbox 2809 3413 2987 3485; x_wconf 89' lang='grc' dir='ltr'>σάρκα</span> <span class='ocrx_word' id='word_1_610' title='bbox 3013 3411 3242 3475; x_wconf 88' lang='grc' dir='ltr'>θάνατος</span> <span class='ocrx_word' id='word_1_611' title='bbox 3263 3427 3276 3443; x_wconf 82' lang='grc'><em>’</em></span> <span class='ocrx_word' id='word_1_612' title='bbox 3305 3410 3404 3482; x_wconf 83' lang='grc' dir='ltr'><strong>οὐχ</strong></span> <span class='ocrx_word' id='word_1_613' title='bbox 3435 3410 3510 3474; x_wconf 89' lang='grc' dir='ltr'>ὼς</span> <span class='ocrx_word' id='word_1_614' title='bbox 3548 3407 3666 3473; x_wconf 72' lang='grc' dir='ltr'><strong>ἑνὸς</strong></span> <span class='ocrx_word' id='word_1_615' title='bbox 3693 3407 3850 3472; x_wconf 76' lang='grc' dir='ltr'>ὄντος</span> 
     </span>
    </p>
   </div>
   <div class='ocr_carea' id='block_1_81' title="bbox 2278 3501 3849 3583">
    <p class='ocr_par' dir='ltr' id='par_1_81' title="bbox 2278 3501 3849 3583">
     <span class='ocr_line' id='line_1_81' title="bbox 2278 3501 3849 3583; baseline -0.006 -17"><span class='ocrx_word' id='word_1_616' title='bbox 2278 3513 2386 3567; x_wconf 88' lang='grc' dir='ltr'><strong>τῶν</strong></span> <span class='ocrx_word' id='word_1_617' title='bbox 2429 3512 2552 3568; x_wconf 80' lang='grc' dir='ltr'>καθ’</span> <span class='ocrx_word' id='word_1_618' title='bbox 2585 3511 2755 3583; x_wconf 76' lang='grc' dir='ltr'><strong>ἡμᾶς,</strong></span> <span class='ocrx_word' id='word_1_619' title='bbox 2801 3511 2850 3563; x_wconf 79' lang='grc' dir='ltr'><strong>εί</strong></span> <span class='ocrx_word' id='word_1_620' title='bbox 2897 3511 2992 3564; x_wconf 76' lang='grc' dir='ltr'>καὶ</span> <span class='ocrx_word' id='word_1_621' title='bbox 3039 3506 3230 3578; x_wconf 82' lang='grc' dir='ltr'>γέγονε</span> <span class='ocrx_word' id='word_1_622' title='bbox 3275 3505 3398 3561; x_wconf 84' lang='grc' dir='ltr'>καθ’</span> <span class='ocrx_word' id='word_1_623' title='bbox 3427 3505 3594 3576; x_wconf 72' lang='grc' dir='ltr'>ἡμᾶς,</span> <span class='ocrx_word' id='word_1_624' title='bbox 3627 3501 3742 3558; x_wconf 85' lang='grc' dir='ltr'>ἀλλ’</span> <span class='ocrx_word' id='word_1_625' title='bbox 3761 3502 3849 3556; x_wconf 79' lang='grc' dir='ltr'><strong>ὅτι</strong></span> 
     </span>
    </p>
   </div>
   <div class='ocr_carea' id='block_1_82' title="bbox 2277 3595 3848 3676">
    <p class='ocr_par' dir='ltr' id='par_1_82' title="bbox 2277 3595 3848 3676">
     <span class='ocr_line' id='line_1_82' title="bbox 2277 3595 3848 3676; baseline -0.008 -16"><span class='ocrx_word' id='word_1_626' title='bbox 2277 3607 2412 3670; x_wconf 85' lang='grc' dir='ltr'>Θεὸς</span> <span class='ocrx_word' id='word_1_627' title='bbox 2458 3605 2530 3659; x_wconf 81' lang='grc' dir='ltr'>ὢν</span> <span class='ocrx_word' id='word_1_628' title='bbox 2559 3604 2740 3676; x_wconf 80' lang='grc' dir='ltr'>φύσει,</span> <span class='ocrx_word' id='word_1_629' title='bbox 2798 3601 3142 3675; x_wconf 77' lang='grc' dir='ltr'>σεσάρκωταί</span> <span class='ocrx_word' id='word_1_630' title='bbox 3191 3617 3252 3654; x_wconf 88' lang='grc' dir='ltr'><strong>τε</strong></span> <span class='ocrx_word' id='word_1_631' title='bbox 3303 3597 3396 3653; x_wconf 71' lang='grc' dir='ltr'>καὶ</span> <span class='ocrx_word' id='word_1_632' title='bbox 3455 3595 3848 3668; x_wconf 83' lang='grc' dir='ltr'>ὲνηνθρὼπησε</span> 
     </span>
    </p>
   </div>
   <div class='ocr_carea' id='block_1_83' title="bbox 2277 3686 3860 3769">
    <p class='ocr_par' dir='ltr' id='par_1_83' title="bbox 2277 3686 3860 3769">
     <span class='ocr_line' id='line_1_83' title="bbox 2277 3686 3860 3769; baseline -0.009 -15"><span class='ocrx_word' id='word_1_633' title='bbox 2277 3700 2420 3754; x_wconf 82' lang='grc' dir='ltr'>κατὰ</span> <span class='ocrx_word' id='word_1_634' title='bbox 2457 3698 2552 3769; x_wconf 80' lang='grc' dir='ltr'>τὴν</span> <span class='ocrx_word' id='word_1_635' title='bbox 2584 3696 2691 3752; x_wconf 84' lang='grc' dir='ltr'><strong>τῶν</strong></span> <span class='ocrx_word' id='word_1_636' title='bbox 2715 3696 2972 3767; x_wconf 79' lang='grc' dir='ltr'>Πατέρων</span> <span class='ocrx_word' id='word_1_637' title='bbox 2989 3693 3299 3766; x_wconf 79' lang='grc' dir='ltr'>ὁμολογίαν.</span> <span class='ocrx_word' id='word_1_638' title='bbox 3332 3691 3395 3745; x_wconf 77' lang='lat' dir='ltr'><strong>EI</strong></span> <span class='ocrx_word' id='word_1_639' title='bbox 3425 3690 3480 3743; x_wconf 71' lang='grc' dir='ltr'><strong>δὲ</strong></span> <span class='ocrx_word' id='word_1_640' title='bbox 3507 3686 3860 3759; x_wconf 52' lang='grc' dir='ltr'>ἀποφέρουσιν</span> 
     </span>
    </p>
   </div>
   <div class='ocr_carea' id='block_1_84' title="bbox 2275 3781 3848 3860">
    <p class='ocr_par' dir='ltr' id='par_1_84' title="bbox 2275 3781 3848 3860">
     <span class='ocr_line' id='line_1_84' title="bbox 2275 3781 3848 3860; baseline -0.008 -15"><span class='ocrx_word' id='word_1_641' title='bbox 2275 3808 2420 3856; x_wconf 87' lang='grc' dir='ltr'>τινες</span> <span class='ocrx_word' id='word_1_642' title='bbox 2451 3791 2544 3845; x_wconf 82' lang='grc' dir='ltr'><strong>τοῦ</strong></span> <span class='ocrx_word' id='word_1_643' title='bbox 2569 3787 2932 3860; x_wconf 84' lang='grc' dir='ltr'>Μονογενοῦς,</span> <span class='ocrx_word' id='word_1_644' title='bbox 2963 3786 3039 3851; x_wconf 84' lang='grc' dir='ltr'>ὡς</span> <span class='ocrx_word' id='word_1_645' title='bbox 3069 3784 3322 3848; x_wconf 73' lang='grc' dir='ltr'>ἀκαλλὲς,</span> <span class='ocrx_word' id='word_1_646' title='bbox 3357 3781 3453 3836; x_wconf 61' lang='grc' dir='ltr'><strong>καλ⁵</strong></span> <span class='ocrx_word' id='word_1_647' title='bbox 3480 3781 3848 3854; x_wconf 81' lang='grc' dir='ltr'>ἀνάρμοστον,</span> 
     </span>
    </p>
   </div>
   <div class='ocr_carea' id='block_1_85' title="bbox 2265 3870 3853 3952">
    <p class='ocr_par' dir='ltr' id='par_1_85' title="bbox 2265 3870 3853 3952">
     <span class='ocr_line' id='line_1_85' title="bbox 2265 3870 3853 3952; baseline -0.008 -15"><span class='ocrx_word' id='word_1_648' title='bbox 2265 3884 2372 3938; x_wconf 77' lang='grc' dir='ltr'>καὶ</span> <span class='ocrx_word' id='word_1_649' title='bbox 2415 3881 2671 3946; x_wconf 87' lang='grc' dir='ltr'>ἀπεοικὸς</span> <span class='ocrx_word' id='word_1_650' title='bbox 2713 3879 2864 3952; x_wconf 78' lang='grc' dir='ltr'><strong>αὑτῷ</strong></span> <span class='ocrx_word' id='word_1_651' title='bbox 2887 3879 2952 3932; x_wconf 90' lang='grc' dir='ltr'>τὸ</span> <span class='ocrx_word' id='word_1_652' title='bbox 2981 3878 3125 3934; x_wconf 82' lang='grc' dir='ltr'>κατὰ</span> <span class='ocrx_word' id='word_1_653' title='bbox 3161 3876 3340 3948; x_wconf 85' lang='grc' dir='ltr'>σάρκα</span> <span class='ocrx_word' id='word_1_654' title='bbox 3380 3872 3571 3937; x_wconf 87' lang='grc' dir='ltr'>πάθος,</span> <span class='ocrx_word' id='word_1_655' title='bbox 3603 3870 3853 3945; x_wconf 52' lang='grc' dir='ltr'>ἀναιρείέ</span> 
     </span>
    </p>
   </div>
   <div class='ocr_carea' id='block_1_86' title="bbox 2274 3961 3852 4045">
    <p class='ocr_par' dir='ltr' id='par_1_86' title="bbox 2274 3961 3852 4045">
     <span class='ocr_line' id='line_1_86' title="bbox 2274 3961 3852 4045; baseline -0.008 -15"><span class='ocrx_word' id='word_1_656' title='bbox 2274 3992 2456 4030; x_wconf 88' lang='grc' dir='ltr'>τωσαν</span> <span class='ocrx_word' id='word_1_657' title='bbox 2490 3973 2694 4045; x_wconf 83' lang='grc' dir='ltr'>ὁμοίως</span> <span class='ocrx_word' id='word_1_658' title='bbox 2726 3969 2915 4038; x_wconf 81' lang='grc' dir='ltr'>αὐτοῦ,</span> <span class='ocrx_word' id='word_1_659' title='bbox 2948 3970 3043 4024; x_wconf 76' lang='grc' dir='ltr'>καὶ</span> <span class='ocrx_word' id='word_1_660' title='bbox 3077 3968 3178 4041; x_wconf 85' lang='grc' dir='ltr'>τὴν</span> <span class='ocrx_word' id='word_1_661' title='bbox 3207 3969 3270 4021; x_wconf 77' lang='grc' dir='ltr'>ὲκ</span> <span class='ocrx_word' id='word_1_662' title='bbox 3310 3966 3407 4038; x_wconf 77' lang='grc' dir='ltr'>τῆς</span> <span class='ocrx_word' id='word_1_663' title='bbox 3439 3964 3600 4034; x_wconf 83' lang='grc' dir='ltr'>ἁγίας</span> <span class='ocrx_word' id='word_1_664' title='bbox 3638 3961 3852 4036; x_wconf 78' lang='grc' dir='ltr'>Παρθέ-</span> 
     </span>
    </p>
   </div>
   <div class='ocr_carea' id='block_1_87' title="bbox 2277 4053 3852 4137">
    <p class='ocr_par' dir='ltr' id='par_1_87' title="bbox 2277 4053 3852 4137">
     <span class='ocr_line' id='line_1_87' title="bbox 2277 4053 3852 4137; baseline -0.009 -16"><span class='ocrx_word' id='word_1_665' title='bbox 2277 4083 2370 4122; x_wconf 88' lang='grc' dir='ltr'><strong>νου</strong></span> <span class='ocrx_word' id='word_1_666' title='bbox 2394 4064 2537 4121; x_wconf 85' lang='grc' dir='ltr'><strong>κατά</strong></span> <span class='ocrx_word' id='word_1_667' title='bbox 2570 4062 2753 4137; x_wconf 88' lang='grc' dir='ltr'>σάρκα</span> <span class='ocrx_word' id='word_1_668' title='bbox 2779 4061 3056 4134; x_wconf 77' lang='grc' dir='ltr'>γέννησιν.</span> <span class='ocrx_word' id='word_1_669' title='bbox 3086 4060 3152 4116; x_wconf 80' lang='lat' dir='ltr'><strong>Et</strong></span> <span class='ocrx_word' id='word_1_670' title='bbox 3180 4059 3290 4132; x_wconf 88' lang='grc' dir='ltr'><strong>γάρ</strong></span> <span class='ocrx_word' id='word_1_671' title='bbox 3309 4060 3426 4113; x_wconf 74' lang='grc' dir='ltr'>ἐστι</span> <span class='ocrx_word' id='word_1_672' title='bbox 3451 4056 3560 4113; x_wconf 85' lang='grc' dir='ltr'><strong>τῶν</strong></span> <span class='ocrx_word' id='word_1_673' title='bbox 3589 4053 3852 4111; x_wconf 80' lang='grc' dir='ltr'>ἀπεοικό-</span> 
     </span>
    </p>
   </div>
   <div class='ocr_carea' id='block_1_88' title="bbox 2273 4147 3850 4229">
    <p class='ocr_par' dir='ltr' id='par_1_88' title="bbox 2273 4147 3850 4229">
     <span class='ocr_line' id='line_1_88' title="bbox 2273 4147 3850 4229; baseline -0.01 -14"><span class='ocrx_word' id='word_1_674' title='bbox 2273 4177 2383 4215; x_wconf 90' lang='grc' dir='ltr'><strong>των</strong></span> <span class='ocrx_word' id='word_1_675' title='bbox 2415 4156 2564 4229; x_wconf 83' lang='grc' dir='ltr'><strong>αὺτῷ</strong></span> <span class='ocrx_word' id='word_1_676' title='bbox 2585 4157 2648 4211; x_wconf 90' lang='grc' dir='ltr'>τὸ</span> <span class='ocrx_word' id='word_1_677' title='bbox 2678 4155 2844 4229; x_wconf 76' lang='grc' dir='ltr'>σαρκὶ</span> <span class='ocrx_word' id='word_1_678' title='bbox 2873 4153 3127 4223; x_wconf 84' lang='grc' dir='ltr'>λέγεσθαι</span> <span class='ocrx_word' id='word_1_679' title='bbox 3157 4151 3369 4212; x_wconf 83' lang='grc' dir='ltr'>παθεῖν.</span> <span class='ocrx_word' id='word_1_680' title='bbox 3403 4149 3522 4213; x_wconf 89' lang='grc' dir='ltr'><strong>πῶς</strong></span> <span class='ocrx_word' id='word_1_681' title='bbox 3544 4150 3607 4203; x_wconf 85' lang='grc' dir='ltr'><strong>οὐ</strong></span> <span class='ocrx_word' id='word_1_682' title='bbox 3638 4147 3744 4220; x_wconf 89' lang='grc' dir='ltr'><strong>πρό</strong></span> <span class='ocrx_word' id='word_1_683' title='bbox 3780 4162 3850 4216; x_wconf 85' lang='grc' dir='ltr'><strong>γε</strong></span> 
     </span>
    </p>
   </div>
   <div class='ocr_carea' id='block_1_89' title="bbox 2273 4241 3851 4322">
    <p class='ocr_par' dir='ltr' id='par_1_89' title="bbox 2273 4241 3851 4322">
     <span class='ocr_line' id='line_1_89' title="bbox 2273 4241 3851 4322; baseline -0.01 -14"><span class='ocrx_word' id='word_1_684' title='bbox 2273 4249 2464 4307; x_wconf 84' lang='grc' dir='ltr'>τούτου</span> <span class='ocrx_word' id='word_1_685' title='bbox 2492 4249 2555 4305; x_wconf 85' lang='grc' dir='ltr'>τό</span> <span class='ocrx_word' id='word_1_686' title='bbox 2589 4247 2827 4322; x_wconf 83' lang='grc' dir='ltr'>πρῶτον,</span> <span class='ocrx_word' id='word_1_687' title='bbox 2866 4247 3146 4304; x_wconf 81' lang='grc' dir='ltr'>τουτέστιν</span> <span class='ocrx_word' id='word_1_688' title='bbox 3196 4247 3231 4318; x_wconf 81' lang='grc' dir='ltr'><strong>ἠ</strong></span> <span class='ocrx_word' id='word_1_689' title='bbox 3271 4248 3411 4299; x_wconf 84' lang='grc' dir='ltr'><strong>κατά</strong></span> <span class='ocrx_word' id='word_1_690' title='bbox 3442 4243 3621 4315; x_wconf 80' lang='grc' dir='ltr'>σάρκα</span> <span class='ocrx_word' id='word_1_691' title='bbox 3651 4241 3851 4312; x_wconf 78' lang='grc' dir='ltr'>γέννη-</span> 
     </span>
    </p>
   </div>
   <div class='ocr_carea' id='block_1_90' title="bbox 2278 4334 3853 4414">
    <p class='ocr_par' dir='ltr' id='par_1_90' title="bbox 2278 4334 3853 4414">
     <span class='ocr_line' id='line_1_90' title="bbox 2278 4334 3853 4414; baseline -0.007 -17"><span class='ocrx_word' id='word_1_692' title='bbox 2278 4358 2382 4409; x_wconf 89' lang='grc' dir='ltr'>σις,</span> <span class='ocrx_word' id='word_1_693' title='bbox 2414 4342 2448 4414; x_wconf 79' lang='grc' dir='ltr'>ἢ</span> <span class='ocrx_word' id='word_1_694' title='bbox 2476 4343 2571 4396; x_wconf 74' lang='grc' dir='ltr'>καὶ</span> <span class='ocrx_word' id='word_1_695' title='bbox 2598 4340 2935 4411; x_wconf 79' lang='grc' dir='ltr'>ἁπαξαπλῶς</span> <span class='ocrx_word' id='word_1_696' title='bbox 2958 4341 3153 4409; x_wconf 76' lang='grc' dir='ltr'>εἰπεῖν,</span> <span class='ocrx_word' id='word_1_697' title='bbox 3184 4340 3214 4393; x_wconf 88' lang='grc' dir='ltr'><strong>ό</strong></span> <span class='ocrx_word' id='word_1_698' title='bbox 3245 4339 3345 4410; x_wconf 75' lang='grc' dir='ltr'>τῆς</span> <span class='ocrx_word' id='word_1_699' title='bbox 3381 4334 3853 4408; x_wconf 75' lang='grc' dir='ltr'>ινανθρωπήσεως</span> 
     </span>
    </p>
   </div>
   <div class='ocr_carea' id='block_1_91' title="bbox 2274 4427 3844 4507">
    <p class='ocr_par' dir='ltr' id='par_1_91' title="bbox 2274 4427 3844 4507">
     <span class='ocr_line' id='line_1_91' title="bbox 2274 4427 3844 4507; baseline -0.008 -17"><span class='ocrx_word' id='word_1_700' title='bbox 2274 4435 2503 4507; x_wconf 85' lang='grc' dir='ltr'>τρόπος;</span> <span class='ocrx_word' id='word_1_701' title='bbox 2537 4434 2742 4505; x_wconf 73' lang='grc' dir='ltr'>οἴχεται</span> <span class='ocrx_word' id='word_1_702' title='bbox 2783 4433 2848 4505; x_wconf 78' lang='grc' dir='ltr'><strong>δὴ</strong></span> <span class='ocrx_word' id='word_1_703' title='bbox 2893 4428 2986 4487; x_wconf 78' lang='grc' dir='ltr'><strong>οὖν</strong></span> <span class='ocrx_word' id='word_1_704' title='bbox 3019 4433 3080 4488; x_wconf 87' lang='grc' dir='ltr'>τὸ</span> <span class='ocrx_word' id='word_1_705' title='bbox 3125 4428 3469 4506; x_wconf 79' lang='grc' dir='ltr'>Χριστιανῶν</span> <span class='ocrx_word' id='word_1_706' title='bbox 3510 4427 3844 4499; x_wconf 73' lang='grc' dir='ltr'>μυστήριον·</span> 
     </span>
    </p>
   </div>
   <div class='ocr_carea' id='block_1_92' title="bbox 603 4516 2180 4598">
    <p class='ocr_par' dir='ltr' id='par_1_92' title="bbox 603 4516 2175 4597">
     <span class='ocr_line' id='line_1_92' title="bbox 603 4516 2175 4597; baseline 0.018 -35"><span class='ocrx_word' id='word_1_707' title='bbox 603 4516 719 4563; x_wconf 89' lang='lat' dir='ltr'><strong>tum</strong></span> <span class='ocrx_word' id='word_1_708' title='bbox 743 4517 1094 4582; x_wconf 84' lang='lat' dir='ltr'><strong>proomnium</strong></span> <span class='ocrx_word' id='word_1_709' title='bbox 1133 4519 1418 4578; x_wconf 85' lang='lat' dir='ltr'><strong>hominum</strong></span> <span class='ocrx_word' id='word_1_710' title='bbox 1445 4525 1556 4580; x_wconf 87' lang='lat' dir='ltr'><strong>vita</strong></span> <span class='ocrx_word' id='word_1_711' title='bbox 1582 4527 1820 4597; x_wconf 89' lang='lat' dir='ltr'><strong>pretium</strong></span> <span class='ocrx_word' id='word_1_712' title='bbox 1849 4529 2019 4587; x_wconf 80' lang='lat' dir='ltr'><strong>fuisse</strong></span> <span class='ocrx_word' id='word_1_713' title='bbox 2054 4548 2175 4589; x_wconf 91' lang='lat' dir='ltr'><strong>rec-</strong></span> 
     </span>
    </p>
   </div>
   <div class='ocr_carea' id='block_1_93' title="bbox 2279 4516 3681 4598">
    <p class='ocr_par' dir='ltr' id='par_1_93' title="bbox 2279 4519 3681 4598">
     <span class='ocr_line' id='line_1_93' title="bbox 2279 4519 3681 4598; baseline -0.008 -14"><span class='ocrx_word' id='word_1_714' title='bbox 2279 4529 2374 4584; x_wconf 77' lang='grc' dir='ltr'>καὶ</span> <span class='ocrx_word' id='word_1_715' title='bbox 2405 4525 2782 4598; x_wconf 80' lang='grc' dir='ltr'>μεματαίωται</span> <span class='ocrx_word' id='word_1_716' title='bbox 2813 4526 2998 4580; x_wconf 90' lang='grc' dir='ltr'>λοιπὸν</span> <span class='ocrx_word' id='word_1_717' title='bbox 3023 4527 3058 4597; x_wconf 78' lang='grc' dir='ltr'><strong>ἡ</strong></span> <span class='ocrx_word' id='word_1_718' title='bbox 3083 4525 3181 4596; x_wconf 82' lang='grc' dir='ltr'><strong>τῆς</strong></span> <span class='ocrx_word' id='word_1_719' title='bbox 3207 4522 3478 4594; x_wconf 88' lang='grc' dir='ltr'>σωτηρίας</span> <span class='ocrx_word' id='word_1_720' title='bbox 3503 4519 3681 4583; x_wconf 67' lang='grc' dir='ltr'>ἐλπίς.</span> 
     </span>
    </p>
   </div>
   <div class='ocr_carea' id='block_1_94' title="bbox 605 4598 3849 4695">
    <p class='ocr_par' dir='ltr' id='par_1_94' title="bbox 605 4598 3849 4695">
     <span class='ocr_line' id='line_1_94' title="bbox 605 4598 3849 4695; baseline 0.006 -42"><span class='ocrx_word' id='word_1_721' title='bbox 605 4598 813 4661; x_wconf 88' lang='lat' dir='ltr'><strong>tissime</strong></span> <span class='ocrx_word' id='word_1_722' title='bbox 830 4609 1127 4667; x_wconf 88' lang='lat' dir='ltr'><strong>asserimus</strong></span> <span class='ocrx_word' id='word_1_723' title='bbox 1144 4630 1158 4665; x_wconf 92' lang='lat'>:</span> <span class='ocrx_word' id='word_1_724' title='bbox 1178 4629 1288 4670; x_wconf 91' lang='lat' dir='ltr'><strong>non</strong></span> <span class='ocrx_word' id='word_1_725' title='bbox 1312 4616 1460 4686; x_wconf 91' lang='lat' dir='ltr'><strong>quod</strong></span> <span class='ocrx_word' id='word_1_726' title='bbox 1481 4619 1645 4676; x_wconf 91' lang='lat' dir='ltr'><strong>unius</strong></span> <span class='ocrx_word' id='word_1_727' title='bbox 1662 4623 1903 4695; x_wconf 87' lang='lat' dir='ltr'><strong>vulgaris</strong></span> <span class='ocrx_word' id='word_1_728' title='bbox 1916 4625 2154 4682; x_wconf 88' lang='lat' dir='ltr'><strong>hominis</strong></span> <span class='ocrx_word' id='word_1_729' title='bbox 2174 4625 2348 4683; x_wconf 84' lang='lat' dir='ltr'><strong>nostri</strong></span> <span class='ocrx_word' id='word_1_730' title='bbox 2363 4623 2559 4679; x_wconf 86' lang='lat' dir='ltr'><strong>similis</strong></span> <span class='ocrx_word' id='word_1_731' title='bbox 2579 4621 2767 4688; x_wconf 82' lang='lat' dir='ltr'><strong>fuerit,</strong></span> <span class='ocrx_word' id='word_1_732' title='bbox 2781 4619 2995 4675; x_wconf 88' lang='lat' dir='ltr'><strong>etiamsi</strong></span> <span class='ocrx_word' id='word_1_733' title='bbox 3017 4618 3191 4674; x_wconf 89' lang='lat' dir='ltr'><strong>nostri</strong></span> <span class='ocrx_word' id='word_1_734' title='bbox 3215 4617 3409 4674; x_wconf 88' lang='lat' dir='ltr'><strong>similis</strong></span> <span class='ocrx_word' id='word_1_735' title='bbox 3428 4616 3607 4672; x_wconf 82' lang='lat' dir='ltr'><strong>factus</strong></span> <span class='ocrx_word' id='word_1_736' title='bbox 3621 4612 3720 4681; x_wconf 88' lang='lat' dir='ltr'><strong>sit;</strong></span> <span class='ocrx_word' id='word_1_737' title='bbox 3747 4613 3849 4671; x_wconf 79' lang='lat' dir='ltr'><strong>sed</strong></span> 
     </span>
    </p>
   </div>
   <div class='ocr_carea' id='block_1_95' title="bbox 603 4696 3849 4790">
    <p class='ocr_par' dir='ltr' id='par_1_95' title="bbox 603 4696 3849 4790">
     <span class='ocr_line' id='line_1_95' title="bbox 603 4696 3849 4790; baseline 0.005 -43"><span class='ocrx_word' id='word_1_738' title='bbox 603 4696 751 4762; x_wconf 89' lang='lat' dir='ltr'><strong>quod</strong></span> <span class='ocrx_word' id='word_1_739' title='bbox 782 4711 906 4752; x_wconf 87' lang='lat' dir='ltr'><strong>cum</strong></span> <span class='ocrx_word' id='word_1_740' title='bbox 947 4716 1046 4770; x_wconf 88' lang='lat' dir='ltr'><strong>per</strong></span> <span class='ocrx_word' id='word_1_741' title='bbox 1078 4712 1332 4766; x_wconf 89' lang='lat' dir='ltr'><strong>naturam</strong></span> <span class='ocrx_word' id='word_1_742' title='bbox 1356 4707 1502 4764; x_wconf 90' lang='lat' dir='ltr'><strong>Deus</strong></span> <span class='ocrx_word' id='word_1_743' title='bbox 1525 4722 1692 4773; x_wconf 82' lang='lat' dir='ltr'><strong>esset.</strong></span> <span class='ocrx_word' id='word_1_744' title='bbox 1707 4714 2020 4774; x_wconf 86' lang='lat' dir='ltr'><strong>incarnatus</strong></span> <span class='ocrx_word' id='word_1_745' title='bbox 2038 4719 2311 4790; x_wconf 87' lang='lat' dir='ltr'><strong>homoque</strong></span> <span class='ocrx_word' id='word_1_746' title='bbox 2341 4716 2516 4773; x_wconf 77' lang='lat' dir='ltr'><strong>iactus</strong></span> <span class='ocrx_word' id='word_1_747' title='bbox 2533 4715 2624 4782; x_wconf 88' lang='lat' dir='ltr'><strong>sit,</strong></span> <span class='ocrx_word' id='word_1_748' title='bbox 2641 4712 2944 4770; x_wconf 88' lang='lat' dir='ltr'><strong>secundum</strong></span> <span class='ocrx_word' id='word_1_749' title='bbox 2966 4718 3279 4768; x_wconf 86' lang='lat' dir='ltr'><strong>sanctorum</strong></span> <span class='ocrx_word' id='word_1_750' title='bbox 3295 4709 3516 4766; x_wconf 84' lang='lat' dir='ltr'><strong>Patrum</strong></span> <span class='ocrx_word' id='word_1_751' title='bbox 3540 4706 3849 4764; x_wconf 77' lang='lat' dir='ltr'><strong>confessio-</strong></span> 
     </span>
    </p>
   </div>
   <div class='ocr_carea' id='block_1_96' title="bbox 601 4789 3846 4879">
    <p class='ocr_par' dir='ltr' id='par_1_96' title="bbox 601 4789 3846 4879">
     <span class='ocr_line' id='line_1_96' title="bbox 601 4789 3846 4879; baseline 0.004 -35"><span class='ocrx_word' id='word_1_752' title='bbox 601 4800 750 4844; x_wconf 78' lang='lat' dir='ltr'><strong>nem.</strong></span> <span class='ocrx_word' id='word_1_753' title='bbox 772 4789 929 4864; x_wconf 68' lang='grc'><strong>164</strong></span> <span class='ocrx_word' id='word_1_754' title='bbox 940 4791 1093 4860; x_wconf 91' lang='lat' dir='ltr'><strong>Quod</strong></span> <span class='ocrx_word' id='word_1_755' title='bbox 1121 4797 1165 4852; x_wconf 89' lang='lat' dir='ltr'><strong>si</strong></span> <span class='ocrx_word' id='word_1_756' title='bbox 1189 4808 1318 4855; x_wconf 88' lang='lat' dir='ltr'><strong>sunt</strong></span> <span class='ocrx_word' id='word_1_757' title='bbox 1339 4801 1433 4871; x_wconf 87' lang='lat' dir='ltr'><strong>qui</strong></span> <span class='ocrx_word' id='word_1_758' title='bbox 1462 4802 1533 4858; x_wconf 88' lang='lat' dir='ltr'><strong>ob</strong></span> <span class='ocrx_word' id='word_1_759' title='bbox 1555 4803 1609 4859; x_wconf 91' lang='lat' dir='ltr'><strong>id</strong></span> <span class='ocrx_word' id='word_1_760' title='bbox 1634 4807 1944 4876; x_wconf 89' lang='lat' dir='ltr'><strong>passionem</strong></span> <span class='ocrx_word' id='word_1_761' title='bbox 1968 4789 2270 4868; x_wconf 84' lang='lat' dir='ltr'><strong>secundum</strong></span> <span class='ocrx_word' id='word_1_762' title='bbox 2291 4825 2509 4867; x_wconf 84' lang='lat' dir='ltr'><strong>carnem</strong></span> <span class='ocrx_word' id='word_1_763' title='bbox 2529 4808 2820 4879; x_wconf 82' lang='lat' dir='ltr'><strong>Unigenito</strong></span> <span class='ocrx_word' id='word_1_764' title='bbox 2839 4805 3108 4870; x_wconf 88' lang='lat' dir='ltr'><strong>adimunt,</strong></span> <span class='ocrx_word' id='word_1_765' title='bbox 3133 4801 3278 4876; x_wconf 92' lang='lat' dir='ltr'><strong>quod</strong></span> <span class='ocrx_word' id='word_1_766' title='bbox 3306 4803 3502 4875; x_wconf 85' lang='lat' dir='ltr'><strong>turpis,</strong></span> <span class='ocrx_word' id='word_1_767' title='bbox 3521 4801 3846 4874; x_wconf 80' lang='lat' dir='ltr'><strong>incongrua,</strong></span> 
     </span>
    </p>
   </div>
   <div class='ocr_carea' id='block_1_97' title="bbox 602 4880 3845 4979">
    <p class='ocr_par' dir='ltr' id='par_1_97' title="bbox 602 4880 3845 4979">
     <span class='ocr_line' id='line_1_97' title="bbox 602 4880 3845 4979; baseline -0.005 -11"><span class='ocrx_word' id='word_1_768' title='bbox 602 4880 972 4979; x_wconf 51' lang='grc' dir='ltr'><strong>ξξδδθθθξδξίιυθ</strong></span> <span class='ocrx_word' id='word_1_769' title='bbox 997 4890 1275 4962; x_wconf 58' lang='lat' dir='ltr'><strong>“deatur;</strong></span> <span class='ocrx_word' id='word_1_770' title='bbox 1303 4895 1548 4954; x_wconf 86' lang='lat' dir='ltr'><strong>adimant</strong></span> <span class='ocrx_word' id='word_1_771' title='bbox 1571 4899 1674 4970; x_wconf 89' lang='lat' dir='ltr'><strong>ipsi</strong></span> <span class='ocrx_word' id='word_1_772' title='bbox 1699 4903 1818 4973; x_wconf 88' lang='lat' dir='ltr'><strong>pari</strong></span> <span class='ocrx_word' id='word_1_773' title='bbox 1841 4905 2056 4962; x_wconf 88' lang='lat' dir='ltr'><strong>ratione</strong></span> <span class='ocrx_word' id='word_1_774' title='bbox 2070 4915 2126 4963; x_wconf 87' lang='lat' dir='ltr'><strong>et</strong></span> <span class='ocrx_word' id='word_1_775' title='bbox 2153 4906 2325 4979; x_wconf 85' lang='lat' dir='ltr'><strong>ipsam</strong></span> <span class='ocrx_word' id='word_1_776' title='bbox 2350 4920 2568 4977; x_wconf 88' lang='lat' dir='ltr'><strong>quoque</strong></span> <span class='ocrx_word' id='word_1_777' title='bbox 2594 4901 2893 4960; x_wconf 88' lang='lat' dir='ltr'><strong>secundum</strong></span> <span class='ocrx_word' id='word_1_778' title='bbox 2916 4913 3136 4956; x_wconf 89' lang='lat' dir='ltr'><strong>carnem</strong></span> <span class='ocrx_word' id='word_1_779' title='bbox 3153 4913 3220 4954; x_wconf 91' lang='lat' dir='ltr'><strong>ex</strong></span> <span class='ocrx_word' id='word_1_780' title='bbox 3235 4896 3456 4970; x_wconf 76' lang='lat' dir='ltr'><strong>Virgine</strong></span> <span class='ocrx_word' id='word_1_781' title='bbox 3477 4895 3845 4954; x_wconf 86' lang='lat' dir='ltr'><strong>nativitatem.</strong></span> 
     </span>
    </p>
   </div>
   <div class='ocr_carea' id='block_1_98' title="bbox 601 4973 3850 5070">
    <p class='ocr_par' dir='ltr' id='par_1_98' title="bbox 601 4973 3850 5070">
     <span class='ocr_line' id='line_1_98' title="bbox 601 4973 3850 5070; baseline 0.005 -39"><span class='ocrx_word' id='word_1_782' title='bbox 601 4973 739 5032; x_wconf 79' lang='lat' dir='ltr'><strong>Nam</strong></span> <span class='ocrx_word' id='word_1_783' title='bbox 761 4976 808 5033; x_wconf 87' lang='lat' dir='ltr'><strong>si</strong></span> <span class='ocrx_word' id='word_1_784' title='bbox 831 4977 912 5034; x_wconf 88' lang='lat' dir='ltr'><strong>illi</strong></span> <span class='ocrx_word' id='word_1_785' title='bbox 935 4988 1096 5054; x_wconf 88' lang='lat' dir='ltr'><strong>turpe</strong></span> <span class='ocrx_word' id='word_1_786' title='bbox 1123 4995 1208 5041; x_wconf 90' lang='lat' dir='ltr'><strong>est</strong></span> <span class='ocrx_word' id='word_1_787' title='bbox 1233 4988 1380 5057; x_wconf 92' lang='lat' dir='ltr'><strong>quod</strong></span> <span class='ocrx_word' id='word_1_788' title='bbox 1412 5005 1575 5046; x_wconf 84' lang='lat' dir='ltr'><strong>carne</strong></span> <span class='ocrx_word' id='word_1_789' title='bbox 1607 5007 1802 5063; x_wconf 89' lang='lat' dir='ltr'><strong>passus</strong></span> <span class='ocrx_word' id='word_1_790' title='bbox 1822 5010 1944 5053; x_wconf 86' lang='lat' dir='ltr'><strong>esse</strong></span> <span class='ocrx_word' id='word_1_791' title='bbox 1965 4973 2196 5065; x_wconf 49' lang='lat' dir='ltr'><strong>dicitur;</strong></span> <span class='ocrx_word' id='word_1_792' title='bbox 2218 4973 2495 5070; x_wconf 79' lang='lat' dir='ltr'><strong>quomodo</strong></span> <span class='ocrx_word' id='word_1_793' title='bbox 2531 5012 2642 5052; x_wconf 89' lang='lat' dir='ltr'><strong>non</strong></span> <span class='ocrx_word' id='word_1_794' title='bbox 2665 5003 2792 5051; x_wconf 85' lang='lat' dir='ltr'><strong>ante</strong></span> <span class='ocrx_word' id='word_1_795' title='bbox 2821 4993 2926 5049; x_wconf 83' lang='lat' dir='ltr'><strong>hoc</strong></span> <span class='ocrx_word' id='word_1_796' title='bbox 2947 4990 3126 5063; x_wconf 90' lang='lat' dir='ltr'><strong>turpis</strong></span> <span class='ocrx_word' id='word_1_797' title='bbox 3147 4990 3254 5048; x_wconf 85' lang='lat' dir='ltr'><strong>erit</strong></span> <span class='ocrx_word' id='word_1_798' title='bbox 3272 4991 3363 5047; x_wconf 89' lang='lat' dir='ltr'><strong>illa</strong></span> <span class='ocrx_word' id='word_1_799' title='bbox 3394 4989 3696 5048; x_wconf 83' lang='lat' dir='ltr'><strong>secundum</strong></span> <span class='ocrx_word' id='word_1_800' title='bbox 3718 5005 3850 5048; x_wconf 76' lang='lat' dir='ltr'><strong>car-</strong></span> 
     </span>
    </p>
   </div>
   <div class='ocr_carea' id='block_1_99' title="bbox 604 5073 3848 5164">
    <p class='ocr_par' dir='ltr' id='par_1_99' title="bbox 604 5073 3848 5164">
     <span class='ocr_line' id='line_1_99' title="bbox 604 5073 3848 5164; baseline 0.006 -38"><span class='ocrx_word' id='word_1_801' title='bbox 604 5084 732 5128; x_wconf 85' lang='lat' dir='ltr'><strong>nem</strong></span> <span class='ocrx_word' id='word_1_802' title='bbox 756 5073 1033 5164; x_wconf 85' lang='lat' dir='ltr'><strong>nativitas,</strong></span> <span class='ocrx_word' id='word_1_803' title='bbox 1057 5093 1180 5149; x_wconf 64' lang='lat' dir='ltr'><strong>quae</strong></span> <span class='ocrx_word' id='word_1_804' title='bbox 1205 5083 1510 5151; x_wconf 88' lang='lat' dir='ltr'><strong>passionem</strong></span> <span class='ocrx_word' id='word_1_805' title='bbox 1549 5089 1856 5157; x_wconf 88' lang='lat' dir='ltr'><strong>antecedit;</strong></span> <span class='ocrx_word' id='word_1_806' title='bbox 1887 5102 2001 5156; x_wconf 84' lang='lat' dir='ltr'><strong>aut,</strong></span> <span class='ocrx_word' id='word_1_807' title='bbox 2025 5101 2087 5148; x_wconf 85' lang='lat' dir='ltr'><strong>ut</strong></span> <span class='ocrx_word' id='word_1_808' title='bbox 2107 5093 2278 5150; x_wconf 89' lang='lat' dir='ltr'><strong>semel</strong></span> <span class='ocrx_word' id='word_1_809' title='bbox 2297 5093 2499 5157; x_wconf 87' lang='lat' dir='ltr'><strong>dicam,</strong></span> <span class='ocrx_word' id='word_1_810' title='bbox 2538 5090 2712 5164; x_wconf 89' lang='lat' dir='ltr'><strong>ipsius</strong></span> <span class='ocrx_word' id='word_1_811' title='bbox 2744 5084 3154 5147; x_wconf 86' lang='lat' dir='ltr'><strong>bumanationis</strong></span> <span class='ocrx_word' id='word_1_812' title='bbox 3180 5085 3418 5143; x_wconf 80' lang='lat' dir='ltr'><strong>modus?</strong></span> <span class='ocrx_word' id='word_1_813' title='bbox 3452 5085 3623 5144; x_wconf 86' lang='lat' dir='ltr'><strong>Periit</strong></span> <span class='ocrx_word' id='word_1_814' title='bbox 3657 5087 3848 5159; x_wconf 80' lang='lat' dir='ltr'><strong>itaque</strong></span> 
     </span>
    </p>
   </div>
   <div class='ocr_carea' id='block_1_100' title="bbox 605 5161 3504 5255">
    <p class='ocr_par' dir='ltr' id='par_1_100' title="bbox 605 5161 3504 5255">
     <span class='ocr_line' id='line_1_100' title="bbox 605 5161 3504 5255; baseline 0.005 -37"><span class='ocrx_word' id='word_1_815' title='bbox 605 5161 710 5220; x_wconf 88' lang='lat' dir='ltr'><strong>bac</strong></span> <span class='ocrx_word' id='word_1_816' title='bbox 739 5162 952 5222; x_wconf 89' lang='lat' dir='ltr'><strong>ratione</strong></span> <span class='ocrx_word' id='word_1_817' title='bbox 981 5168 1300 5227; x_wconf 83' lang='lat' dir='ltr'><strong>universum</strong></span> <span class='ocrx_word' id='word_1_818' title='bbox 1338 5172 1776 5236; x_wconf 84' lang='lat' dir='ltr'><strong>Christianorum</strong></span> <span class='ocrx_word' id='word_1_819' title='bbox 1805 5182 2150 5255; x_wconf 86' lang='lat' dir='ltr'><strong>mysterium,</strong></span> <span class='ocrx_word' id='word_1_820' title='bbox 2184 5194 2242 5241; x_wconf 90' lang='lat' dir='ltr'><strong>et</strong></span> <span class='ocrx_word' id='word_1_821' title='bbox 2274 5184 2467 5242; x_wconf 84' lang='lat' dir='ltr'><strong>salutis</strong></span> <span class='ocrx_word' id='word_1_822' title='bbox 2498 5161 2699 5240; x_wconf 65' lang='lat' dir='ltr'><strong>nostra</strong></span> <span class='ocrx_word' id='word_1_823' title='bbox 2739 5195 2867 5253; x_wconf 85' lang='lat' dir='ltr'><strong>spes</strong></span> <span class='ocrx_word' id='word_1_824' title='bbox 2893 5179 3005 5252; x_wconf 82' lang='lat' dir='ltr'><strong>jam</strong></span> <span class='ocrx_word' id='word_1_825' title='bbox 3032 5177 3210 5237; x_wconf 87' lang='lat' dir='ltr'><strong>inanis</strong></span> <span class='ocrx_word' id='word_1_826' title='bbox 3234 5176 3504 5234; x_wconf 88' lang='lat' dir='ltr'><strong>redditur.</strong></span> 
     </span>
    </p>
   </div>
   <div class='ocr_carea' id='block_1_101' title="bbox 673 5254 2172 5348">
    <p class='ocr_par' dir='ltr' id='par_1_101' title="bbox 673 5254 2172 5348">
     <span class='ocr_line' id='line_1_101' title="bbox 673 5254 2172 5348; baseline 0.017 -38"><span class='ocrx_word' id='word_1_827' title='bbox 673 5254 782 5348; x_wconf 80' lang='lat' dir='ltr'><strong>sed</strong></span> <span class='ocrx_word' id='word_1_828' title='bbox 826 5255 1032 5316; x_wconf 87' lang='lat' dir='ltr'><strong>dixeris</strong></span> <span class='ocrx_word' id='word_1_829' title='bbox 1069 5279 1082 5316; x_wconf 93' lang='lat'><strong>:</strong></span> <span class='ocrx_word' id='word_1_830' title='bbox 1121 5261 1408 5332; x_wconf 83' lang='lat' dir='ltr'><strong>Quomodo</strong></span> <span class='ocrx_word' id='word_1_831' title='bbox 1457 5271 1570 5342; x_wconf 86' lang='lat' dir='ltr'><strong>pati</strong></span> <span class='ocrx_word' id='word_1_832' title='bbox 1620 5281 1837 5344; x_wconf 85' lang='lat' dir='ltr'><strong>potest,</strong></span> <span class='ocrx_word' id='word_1_833' title='bbox 1869 5254 1985 5348; x_wconf 83' lang='lat' dir='ltr'><strong>qui</strong></span> <span class='ocrx_word' id='word_1_834' title='bbox 2036 5278 2172 5335; x_wconf 89' lang='lat' dir='ltr'><strong>nulli</strong></span> 
     </span>
    </p>
   </div>
   <div class='ocr_carea' id='block_1_102' title="bbox 2354 5271 3849 5351">
    <p class='ocr_par' dir='ltr' id='par_1_102' title="bbox 2354 5271 3849 5351">
     <span class='ocr_line' id='line_1_102' title="bbox 2354 5271 3849 5351; baseline -0.003 -18"><span class='ocrx_word' id='word_1_835' title='bbox 2354 5277 2513 5334; x_wconf 78' lang='grc' dir='ltr'>Ἀλλά</span> <span class='ocrx_word' id='word_1_836' title='bbox 2543 5278 2672 5351; x_wconf 85' lang='grc' dir='ltr'>γὰρ,</span> <span class='ocrx_word' id='word_1_837' title='bbox 2707 5275 2854 5341; x_wconf 79' lang='grc' dir='ltr'>Πῶς,</span> <span class='ocrx_word' id='word_1_838' title='bbox 2886 5272 3040 5346; x_wconf 71' lang='grc' dir='ltr'>φησι,</span> <span class='ocrx_word' id='word_1_839' title='bbox 3073 5272 3234 5328; x_wconf 88' lang='grc' dir='ltr'>πάθοι</span> <span class='ocrx_word' id='word_1_840' title='bbox 3268 5272 3334 5328; x_wconf 77' lang='grc' dir='ltr'>ἂν</span> <span class='ocrx_word' id='word_1_841' title='bbox 3357 5274 3388 5328; x_wconf 85' lang='grc' dir='ltr'><strong>ό</strong></span> <span class='ocrx_word' id='word_1_842' title='bbox 3418 5271 3608 5328; x_wconf 85' lang='grc' dir='ltr'>παθεῖν</span> <span class='ocrx_word' id='word_1_843' title='bbox 3634 5271 3736 5328; x_wconf 74' lang='grc' dir='ltr'>οὐκ</span> <span class='ocrx_word' id='word_1_844' title='bbox 3765 5273 3849 5328; x_wconf 84' lang='grc' dir='ltr'>εί-</span> 
     </span>
    </p>
   </div>
   <div class='ocr_carea' id='block_1_103' title="bbox 601 5347 2180 5441">
    <p class='ocr_par' dir='ltr' id='par_1_103' title="bbox 601 5347 2172 5441">
     <span class='ocr_line' id='line_1_103' title="bbox 601 5347 2172 5441; baseline 0.016 -40"><span class='ocrx_word' id='word_1_845' title='bbox 601 5347 957 5441; x_wconf 81' lang='lat' dir='ltr'><strong>passioniest</strong></span> <span class='ocrx_word' id='word_1_846' title='bbox 985 5351 1287 5412; x_wconf 80' lang='lat' dir='ltr'><strong>obnoxius?</strong></span> <span class='ocrx_word' id='word_1_847' title='bbox 1313 5357 1450 5416; x_wconf 89' lang='lat' dir='ltr'><strong>Illud</strong></span> <span class='ocrx_word' id='word_1_848' title='bbox 1485 5363 1651 5433; x_wconf 89' lang='lat' dir='ltr'><strong>igitur</strong></span> <span class='ocrx_word' id='word_1_849' title='bbox 1691 5380 1761 5422; x_wconf 90' lang='lat' dir='ltr'><strong>ex</strong></span> <span class='ocrx_word' id='word_1_850' title='bbox 1789 5347 2172 5425; x_wconf 18' lang='lat' dir='ltr'><strong>DeoiV&#39;erbum</strong></span> 
     </span>
    </p>
   </div>
   <div class='ocr_carea' id='block_1_104' title="bbox 2279 5347 3848 5441">
    <p class='ocr_par' dir='ltr' id='par_1_104' title="bbox 2279 5347 3848 5441">
     <span class='ocr_line' id='line_1_104' title="bbox 2279 5347 3848 5441; baseline -0.003 -16"><span class='ocrx_word' id='word_1_851' title='bbox 2279 5371 2405 5436; x_wconf 73' lang='grc' dir='ltr'><strong>Βώςς</strong></span> <span class='ocrx_word' id='word_1_852' title='bbox 2444 5347 2686 5441; x_wconf 38' lang='lat' dir='ltr'><strong>uncos;</strong></span> <span class='ocrx_word' id='word_1_853' title='bbox 2704 5368 2802 5439; x_wconf 74' lang='grc' dir='ltr'><strong>μὲν</strong></span> <span class='ocrx_word' id='word_1_854' title='bbox 2820 5361 2937 5430; x_wconf 80' lang='grc' dir='ltr'>οὖν,</span> <span class='ocrx_word' id='word_1_855' title='bbox 2960 5365 3036 5431; x_wconf 79' lang='grc' dir='ltr'>ὡς</span> <span class='ocrx_word' id='word_1_856' title='bbox 3063 5365 3221 5438; x_wconf 78' lang='grc' dir='ltr'>εφην,</span> <span class='ocrx_word' id='word_1_857' title='bbox 3251 5363 3694 5439; x_wconf 66' lang='grc' dir='ltr'>ὁμολογουμένως</span> <span class='ocrx_word' id='word_1_858' title='bbox 3722 5363 3848 5420; x_wconf 82' lang='grc' dir='ltr'>κατ’</span> 
     </span>
    </p>
   </div>
   <div class='ocr_carea' id='block_1_105' title="bbox 601 5440 2172 5532">
    <p class='ocr_par' dir='ltr' id='par_1_105' title="bbox 601 5440 2172 5532">
     <span class='ocr_line' id='line_1_105' title="bbox 601 5440 2172 5532; baseline 0.017 -40"><span class='ocrx_word' id='word_1_859' title='bbox 601 5441 791 5509; x_wconf 86' lang='lat' dir='ltr'><strong>procul</strong></span> <span class='ocrx_word' id='word_1_860' title='bbox 829 5440 1019 5508; x_wconf 90' lang='lat' dir='ltr'><strong>dubio,</strong></span> <span class='ocrx_word' id='word_1_861' title='bbox 1057 5454 1118 5500; x_wconf 92' lang='lat' dir='ltr'><strong>ut</strong></span> <span class='ocrx_word' id='word_1_862' title='bbox 1148 5448 1259 5518; x_wconf 86' lang='lat' dir='ltr'><strong>jam</strong></span> <span class='ocrx_word' id='word_1_863' title='bbox 1297 5449 1506 5508; x_wconf 91' lang='lat' dir='ltr'><strong>dictum</strong></span> <span class='ocrx_word' id='word_1_864' title='bbox 1552 5465 1656 5522; x_wconf 86' lang='lat' dir='ltr'><strong>est,</strong></span> <span class='ocrx_word' id='word_1_865' title='bbox 1697 5459 1999 5516; x_wconf 86' lang='lat' dir='ltr'><strong>secundum</strong></span> <span class='ocrx_word' id='word_1_866' title='bbox 2041 5477 2172 5532; x_wconf 88' lang='lat' dir='ltr'><strong>pro-</strong></span> 
     </span>
    </p>
   </div>
   <div class='ocr_carea' id='block_1_106' title="bbox 604 5535 2173 5621">
    <p class='ocr_par' dir='ltr' id='par_1_106' title="bbox 604 5535 2173 5621">
     <span class='ocr_line' id='line_1_106' title="bbox 604 5535 2173 5621; baseline 0.016 -35"><span class='ocrx_word' id='word_1_867' title='bbox 604 5535 776 5603; x_wconf 74' lang='lat' dir='ltr'><strong>priam</strong></span> <span class='ocrx_word' id='word_1_868' title='bbox 816 5545 1066 5593; x_wconf 85' lang='lat' dir='ltr'><strong>naturam</strong></span> <span class='ocrx_word' id='word_1_869' title='bbox 1106 5542 1419 5601; x_wconf 89' lang='lat' dir='ltr'><strong>nullatenus</strong></span> <span class='ocrx_word' id='word_1_870' title='bbox 1448 5557 1532 5603; x_wconf 88' lang='lat' dir='ltr'><strong>est</strong></span> <span class='ocrx_word' id='word_1_871' title='bbox 1561 5551 1786 5621; x_wconf 88' lang='lat' dir='ltr'><strong>patibilc</strong></span> <span class='ocrx_word' id='word_1_872' title='bbox 1820 5571 1832 5606; x_wconf 94' lang='lat'>:</span> <span class='ocrx_word' id='word_1_873' title='bbox 1862 5554 2067 5610; x_wconf 88' lang='lat' dir='ltr'><strong>dicitur</strong></span> <span class='ocrx_word' id='word_1_874' title='bbox 2095 5567 2173 5610; x_wconf 87' lang='lat' dir='ltr'><strong>ta-</strong></span> 
     </span>
    </p>
   </div>
   <div class='ocr_carea' id='block_1_107' title="bbox 604 5735 1658 5820">
    <p class='ocr_par' dir='ltr' id='par_1_107' title="bbox 604 5735 1658 5820">
     <span class='ocr_line' id='line_1_107' title="bbox 604 5735 1658 5820; baseline 0.01 -25"><span class='ocrx_word' id='word_1_875' title='bbox 604 5791 647 5820; x_wconf 40' lang='grc' dir='ltr'><strong>,Α</strong></span> <span class='ocrx_word' id='word_1_876' title='bbox 751 5735 913 5820; x_wconf 60' lang='grc' dir='ltr'>ξων.</span> <span class='ocrx_word' id='word_1_877' title='bbox 950 5741 1138 5820; x_wconf 78' lang='lat' dir='ltr'><strong>tx_,_l8.</strong></span> <span class='ocrx_word' id='word_1_878' title='bbox 1231 5748 1276 5779; x_wconf 85' lang='grc'>⁶⁶</span> <span class='ocrx_word' id='word_1_879' title='bbox 1303 5749 1500 5820; x_wconf 84' lang='lat' dir='ltr'><strong>Ephcs.</strong></span> <span class='ocrx_word' id='word_1_880' title='bbox 1529 5767 1580 5816; x_wconf 80' lang='grc' dir='ltr'><strong>ν,</strong></span> <span class='ocrx_word' id='word_1_881' title='bbox 1606 5751 1658 5807; x_wconf 66' lang='grc'><strong>9.</strong></span> 
     </span>
    </p>
   </div>
   <div class='ocr_carea' id='block_1_108' title="bbox 626 5804 1074 5875">
    <p class='ocr_par' dir='ltr' id='par_1_108' title="bbox 626 5804 1074 5875">
     <span class='ocr_line' id='line_1_108' title="bbox 626 5804 1074 5875; baseline 0.009 -13"><span class='ocrx_word' id='word_1_882' title='bbox 626 5804 647 5835; x_wconf 88' lang='grc'><strong><em>⁸</em></strong></span> <span class='ocrx_word' id='word_1_883' title='bbox 677 5804 721 5863; x_wconf 89' lang='lat' dir='ltr'><strong>II</strong></span> <span class='ocrx_word' id='word_1_884' title='bbox 749 5805 878 5864; x_wconf 85' lang='lat' dir='ltr'><strong>Cor.</strong></span> <span class='ocrx_word' id='word_1_885' title='bbox 910 5825 960 5875; x_wconf 73' lang='grc' dir='ltr'><strong>ν,</strong></span> <span class='ocrx_word' id='word_1_886' title='bbox 989 5810 1074 5866; x_wconf 73' lang='grc' dir='ltr'><strong>Μ.</strong></span> 
     </span>
    </p>
   </div>
   <div class='ocr_carea' id='block_1_109' title="bbox 2274 5452 3849 5530">
    <p class='ocr_par' dir='ltr' id='par_1_109' title="bbox 2274 5452 3849 5530">
     <span class='ocr_line' id='line_1_109' title="bbox 2274 5452 3849 5530; baseline -0.003 -14"><span class='ocrx_word' id='word_1_887' title='bbox 2274 5463 2409 5517; x_wconf 86' lang='grc' dir='ltr'>ίδίαν</span> <span class='ocrx_word' id='word_1_888' title='bbox 2443 5461 2606 5530; x_wconf 85' lang='grc' dir='ltr'>φύσιν</span> <span class='ocrx_word' id='word_1_889' title='bbox 2646 5462 2675 5514; x_wconf 85' lang='grc' dir='ltr'><strong>ὁ</strong></span> <span class='ocrx_word' id='word_1_890' title='bbox 2705 5462 2768 5514; x_wconf 76' lang='grc' dir='ltr'><strong>εκ</strong></span> <span class='ocrx_word' id='word_1_891' title='bbox 2807 5457 2944 5513; x_wconf 80' lang='grc' dir='ltr'>Θεοῦ</span> <span class='ocrx_word' id='word_1_892' title='bbox 2991 5459 3185 5529; x_wconf 76' lang='grc' dir='ltr'>Λόγοςο</span> <span class='ocrx_word' id='word_1_893' title='bbox 3217 5458 3434 5528; x_wconf 82' lang='grc' dir='ltr'>λέγεται</span> <span class='ocrx_word' id='word_1_894' title='bbox 3480 5456 3526 5511; x_wconf 76' lang='grc' dir='ltr'><strong>δ’</strong></span> <span class='ocrx_word' id='word_1_895' title='bbox 3553 5452 3648 5513; x_wconf 71' lang='grc' dir='ltr'><strong>οὖν</strong></span> <span class='ocrx_word' id='word_1_896' title='bbox 3683 5457 3849 5526; x_wconf 72' lang='grc' dir='ltr'>σαρκὶ</span> 
     </span>
    </p>
   </div>
   <div class='ocr_carea' id='block_1_110' title="bbox 2271 5547 3849 5627">
    <p class='ocr_par' dir='ltr' id='par_1_110' title="bbox 2271 5547 3849 5627">
     <span class='ocr_line' id='line_1_110' title="bbox 2271 5547 3849 5627; baseline -0.001 -20"><span class='ocrx_word' id='word_1_897' title='bbox 2271 5558 2338 5627; x_wconf 72' lang='grc' dir='ltr'><strong>τῇ</strong></span> <span class='ocrx_word' id='word_1_898' title='bbox 2372 5553 2477 5626; x_wconf 64' lang='lat' dir='ltr'><strong>[dig</strong></span> <span class='ocrx_word' id='word_1_899' title='bbox 2518 5552 2730 5618; x_wconf 81' lang='grc' dir='ltr'>παθεῖν,</span> <span class='ocrx_word' id='word_1_900' title='bbox 2762 5551 2903 5607; x_wconf 85' lang='grc' dir='ltr'><strong>κατά</strong></span> <span class='ocrx_word' id='word_1_901' title='bbox 2930 5551 3029 5618; x_wconf 82' lang='grc' dir='ltr'>τὰς</span> <span class='ocrx_word' id='word_1_902' title='bbox 3047 5553 3304 5626; x_wconf 69' lang='grc' dir='ltr'>ίΓραφάς·</span> <span class='ocrx_word' id='word_1_903' title='bbox 3352 5547 3420 5625; x_wconf 82' lang='grc' dir='ltr'>ἥν</span> <span class='ocrx_word' id='word_1_904' title='bbox 3457 5551 3566 5625; x_wconf 90' lang='grc' dir='ltr'><strong>γάρ</strong></span> <span class='ocrx_word' id='word_1_905' title='bbox 3593 5552 3756 5617; x_wconf 72' lang='grc' dir='ltr'>αὐτὸς</span> <span class='ocrx_word' id='word_1_906' title='bbox 3785 5553 3849 5607; x_wconf 72' lang='grc' dir='ltr'><strong>εν</strong></span> 
     </span>
    </p>
   </div>
   <div class='ocr_carea' id='block_1_111' title="bbox 1737 5755 2180 5831">
    <p class='ocr_par' dir='ltr' id='par_1_111' title="bbox 1737 5755 2157 5822">
     <span class='ocr_line' id='line_1_111' title="bbox 1737 5755 2157 5822; baseline 0.005 -13"><span class='ocrx_word' id='word_1_907' title='bbox 1737 5755 1781 5787; x_wconf 73' lang='grc'><strong>⁸⁷</strong></span> <span class='ocrx_word' id='word_1_908' title='bbox 1820 5755 1973 5811; x_wconf 81' lang='lat' dir='ltr'><strong>Joan.</strong></span> <span class='ocrx_word' id='word_1_909' title='bbox 2002 5771 2039 5822; x_wconf 86' lang='grc' dir='ltr'>ι,</span> <span class='ocrx_word' id='word_1_910' title='bbox 2071 5757 2157 5812; x_wconf 62' lang='lat' dir='ltr'><strong>li.</strong></span> 
     </span>
    </p>
   </div>
   <div class='ocr_carea' id='block_1_112' title="bbox 2279 5755 3843 5831">
    <p class='ocr_par' dir='ltr' id='par_1_112' title="bbox 2304 5757 3843 5831">
     <span class='ocr_line' id='line_1_112' title="bbox 2304 5757 3843 5831; baseline 0.006 -18"><span class='ocrx_word' id='word_1_911' title='bbox 2304 5757 2443 5813; x_wconf 58' lang='lat' dir='ltr'><strong>Psal.</strong></span> <span class='ocrx_word' id='word_1_912' title='bbox 2470 5774 2648 5824; x_wconf 71' lang='lat' dir='ltr'><strong>xxxix,</strong></span> <span class='ocrx_word' id='word_1_913' title='bbox 2677 5759 2729 5824; x_wconf 88' lang='lat' dir='ltr'><strong>&#39;l,</strong></span> <span class='ocrx_word' id='word_1_914' title='bbox 2756 5757 2816 5826; x_wconf 86' lang='lat'><strong>8;</strong></span> <span class='ocrx_word' id='word_1_915' title='bbox 2856 5757 3024 5818; x_wconf 77' lang='lat' dir='ltr'><strong>Hebr.</strong></span> <span class='ocrx_word' id='word_1_916' title='bbox 3074 5775 3130 5830; x_wconf 74' lang='grc' dir='ltr'>ι,</span> <span class='ocrx_word' id='word_1_917' title='bbox 3179 5763 3232 5829; x_wconf 80' lang='grc' dir='ltr'><strong>ε,</strong></span> <span class='ocrx_word' id='word_1_918' title='bbox 3265 5764 3319 5820; x_wconf 82' lang='lat'><strong>7.</strong></span> <span class='ocrx_word' id='word_1_919' title='bbox 3394 5762 3440 5800; x_wconf 85' lang='grc'><strong>⁶⁹</strong></span> <span class='ocrx_word' id='word_1_920' title='bbox 3476 5761 3579 5821; x_wconf 76' lang='lat' dir='ltr'><strong>las.</strong></span> <span class='ocrx_word' id='word_1_921' title='bbox 3630 5775 3742 5831; x_wconf 82' lang='grc' dir='ltr'>ιιιι,</span> <span class='ocrx_word' id='word_1_922' title='bbox 3786 5764 3843 5821; x_wconf 67' lang='grc' dir='ltr'><strong>δ.</strong></span> 
     </span>
    </p>
   </div>
  </div>
