4126 6314
681 362 784 418 967
1704 355 1758 409 S.
1799 353 2072 411 CYRILLI
2111 351 2579 409 ALEXANDIHNI
2619 353 2939 411 ARCIIIEP.
3825 358 3938 413 268

679 481 946 549 scriptum
975 482 1078 540 est,
1118 490 1217 546 pro
1256 473 1413 529 nobis
1444 484 1701 544 appareat
1723 473 1792 525 τ’.
1828 492 1845 524 ι
1885 473 2254 544 Considetque
2284 478 2308 533 1

2312 474 2570 544 LsSpedu
2593 475 2648 528 δὲ
2683 475 2831 546 αὑτῷ
2859 476 2950 530 καὶ
2996 477 3133 545 μετά
3167 478 3389 549 σαρκὸς,
3416 478 3513 548 οὐχ
3543 476 3617 540 ὡς
3650 474 3941 547 ἄνθρωπος

680 586 806 627 cum
845 570 965 641 ipso
1001 569 1166 624 etiam
1213 584 1338 622 cum
1376 582 1558 631 carne,
1583 583 1690 620 non
1727 577 1788 621 ut
1818 567 1981 621 homo
2009 581 2255 622 seorsum

2364 567 2547 631 ἰδικῶς
2586 568 2893 639 νοούμενος,
2948 570 3043 623 καὶ
3090 571 3275 642 ἕτερος
3307 569 3437 633 Υἱὸς
3464 568 3614 640 παρὰ
3637 567 3729 621 τὸν
3764 567 3939 621 αὑτοῦ

680 664 1083 728 consideratus,
1111 677 1288 733 neque
1318 671 1379 715 ut
1406 661 1546 715 alius
1582 661 1750 714 Filius
1782 660 1850 713 ab
1880 661 2052 731 ipsius
2078 659 2256 715 Verbo

2359 658 2553 727 Λόγον,
2585 660 2705 713 οὐδὲ
2757 660 2832 725 ὡς
2867 660 3073 714 ἓνοικον
3121 662 3257 731 ἔχων
3312 662 3512 726 αὐτὸν,
3558 662 3673 715 ἀλλ’
3696 661 3770 724 ὼς
3808 660 3944 724 Υἱὸς

678 747 952 822 diversus,
987 770 1166 827 neque
1201 763 1260 809 ut
1294 754 1386 824 qui
1434 754 1610 824 ipsum
1643 754 1881 808 Verbum
1922 754 2254 807 inhabitato-

2359 751 2575 821 ἀληθῶς
2608 748 2689 816 εἷς
2733 769 2791 806 τε
2825 753 2919 806 καὶ
2955 752 3115 823 μόνος
3153 754 3436 825 ὑπάρχων,
3464 752 3558 806 καὶ
3594 754 3683 806 ὅτε
3711 753 3943 821 γέγονεν

681 862 801 903 rem
825 848 1052 911 habeat;
1085 844 1179 899 sed
1209 853 1269 898 ut
1296 860 1423 899 vere
1454 844 1622 899 Filius
1647 860 1791 899 unus
1820 853 1877 898 et
1911 846 2062 899 solus
2092 844 2255 898 etiam

2359 842 2667 915 ἄνθρωπος.
2708 844 3023 915 Συνεδρεῦει
3055 844 3234 899 τοίνυν
3273 846 3349 908 ὡς
3382 846 3513 909 Θεὸς
3540 844 3809 915 Θεῷ,’καὶ
3833 843 3945 898 Κύ-

684 949 802 997 tum
826 954 950 995 cum
979 937 1156 991 factus
1179 942 1261 990 est
1284 936 1468 990 homo.
1501 935 1761 992 Considet
1786 936 1969 1006 itaque
1999 945 2255 1006 tanquam

2361 949 2477 1004 ριος
2506 934 2717 1007 Κυρίῳ,
2738 934 2831 987 καὶ⁵
2854 933 2979 998 Υἱὸς
3006 934 3182 1005 Πατρὶ
3212 934 3289 1005 τῷ
3308 936 3450 990 κατά
3466 934 3743 1006 ἀλήθειαν,
3773 933 3939 1004 φύσει

680 1032 828 1088 Deus
862 1045 989 1085 cum
1024 1029 1157 1093 Deo,
1182 1038 1239 1083 et
1274 1027 1539 1082 Dominus
1571 1042 1696 1082 cum
1726 1028 1979 1094 Domino,
2006 1036 2061 1083 et
2090 1027 2258 1083 Filius

2358 1025 2517 1079 τοῦτο
2553 1026 2835 1099 ὑπάρχων,
2865 1026 2967 1081 κᾶν
2993 1028 3163 1081 νοοῖτο
3195 1026 3332 1097 μετά
3363 1028 3584 1099 σαρκός.
3607 1026 3717 1081 Καὶ
3736 1022 3804 1098 ἦν
3838 1026 3942 1096 μὲν

681 1140 808 1181 cum
834 1124 993 1179 Patre
1016 1138 1167 1188 vero,
1190 1122 1496 1192 hocjpsum
1523 1121 1780 1176 obtinens
1800 1138 1867 1177 ex
1890 1132 2107 1185 natura,
2125 1120 2261 1175 licet

2362 1115 2493 1180 ἴσως
2520 1118 2581 1171 οὐ
2608 1118 2867 1187 χαλεπὸν,
2891 1116 2978 1171 διὰ
3012 1116 3236 1189 μακρῶν
3257 1116 3337 1171 ἔτι
3356 1118 3531 1187 λόγων
3556 1118 3655 1188 τῆς
3676 1117 3888 1170 ἐκείνου
3910 1123 3943 1155 ³

682 1233 809 1273 cum
856 1231 1019 1272 carne
1064 1215 1467 1271 consideretur.
1515 1215 1593 1270 Ac
1640 1213 1817 1269 fuerat
1869 1214 2097 1271 fortasse
2148 1228 2257 1267 non

2360 1207 2602 1278 ἀμαθίας
2629 1209 2943 1275 καταδεῖξαι
2994 1210 3056 1263 τὸ
3112 1208 3407 1281 βάραθρονο
3460 1208 3524 1263 τὺ
3554 1210 3611 1266 δὲ
3652 1212 3764 1274 τοῖς
3790 1206 3941 1263 οὕτω

681 1322 890 1379 magnae
936 1304 1272 1362 diﬁicultatis
1313 1304 1489 1362 fusius
1527 1305 1707 1360 adhuc
1745 1306 1977 1360 istorum
2016 1303 2260 1359 stultitiae

2359 1299 2589 1370 ψυχροῖς
2615 1300 2919 1369 ἀντιλέγειν
2946 1300 3034 1355 διὰ
3073 1301 3334 1354 πλειόνων
3362 1299 3474 1365 ἔτι,
3505 1302 3647 1373 τάχα
3678 1318 3779 1355 που
3812 1318 3944 1357 συνε-

681 1396 1007 1452 barathrum
1042 1395 1420 1451 demonstrare
1448 1412 1461 1449 :
1489 1410 1682 1450 verum
1720 1395 1881 1467 nugis
1914 1409 2087 1464 usque
2124 1392 2261 1448 adeo

2361 1390 2687 1463 ἀμαθαίνειν
2727 1392 2845 1445 ἐστὶ
2874 1395 2986 1458 τοῖς
3016 1394 3199 1447 ἐκεῖνα
3227 1393 3658 1464 πεφλυαρηκόσι.
3690 1396 3946 1467 Προσεπ-

678 1484 892 1541 frivolis
927 1485 1263 1556 ineptisque,
1290 1484 1541 1555 pluribus
1578 1484 1721 1539 velle
1758 1498 2083 1554 repugnare,
2111 1482 2258 1536 haud

2363 1486 2607 1554 ενεγκείν
2639 1484 2696 1537 δὲ
2732 1486 2848 1547 τοῖς
2876 1485 3186 1556 εἰρημένοις
3215 1486 3513 1553 ἀναγκαῖον
3536 1480 3690 1557 οἶμαί
3711 1504 3840 1552 που,
3871 1487 3944 1542 τά

680 1578 831 1634 aliud
869 1578 985 1634 fere
1024 1586 1189 1643 esset,
1220 1592 1383 1647 quam
1426 1591 1549 1631 cum
1588 1589 1684 1630 eas
1721 1573 1953 1644 ineptias
1983 1573 2261 1629 fundenti-

2365 1574 2431 1628 δι’
2473 1568 2547 1629 ὧν
2594 1573 2795 1627 οἴονται
2844 1579 3172 1630 καταπτοεῖν
3199 1574 3456 1630 δύνασθαι
3486 1576 3585 1647 τὴν
3616 1578 3944 1650 συναγωγὴν

680 1672 786 1727 bus
829 1671 995 1726 simul
1038 1668 1297 1727 insanire.
1342 1668 1437 1722 llla
1477 1667 1838 1727 nihilominus
1880 1668 2097 1723 czeteris
2140 1682 2263 1737 quae

2363 1669 2595 1740 Κυρίου,
2629 1667 2773 1721 κατά
2794 1666 2855 1722 τὸ
2888 1669 3294 1743 γεγραμμένον,
3331 1668 3428 1723 καὶ
3456 1669 3839 1735 κατατοξεύειν
3880 1673 3943 1725 ὲν

680 1766 831 1822 dicta
882 1772 1011 1819 sunt
1057 1760 1368 1817 necessario
1416 1759 1533 1815 fere
1574 1758 1848 1829 adjecero,
1885 1774 1984 1829 per
2019 1774 2142 1829 quae
2180 1759 2258 1813 illi
2292 1829 2309 1833 _

2314 1830 2323 1833 μ
2366 1760 2680 1831 σκοτομήνῃ
2718 1760 2846 1823 τοὺς
2884 1760 3062 1825 εὐθεῖς
3110 1764 3174 1832 τῇ
3209 1761 3425 1833 καρδίᾳ,
3455 1762 3703 1816 τουτέστι
3728 1764 3857 1828 τοὺς
3880 1764 3943 1818 ἐν

680 1856 946 1927 populum
985 1852 1231 1916 Domini,
1274 1851 1418 1906 sicut
1456 1852 1723 1921 scriptum
1760 1862 1844 1907 est
1870 1852 1941 1916 7’,
1978 1862 2254 1923 perterre—
2292 1829 2309 1889 1

2315 1830 2335 1888 3
2364 1829 2623 1923 ἁπλότητι
2653 1829 2889 1923 γνώμης
2919 1829 3174 1908 διαϐιοῦν
3206 1829 3511 1926 ᾑρημένους
3533 1894 3548 1919 ,
3583 1856 3675 1910 καὶ
3707 1855 3809 1927 τῆς
3848 1856 3944 1909 πίο

681 1948 881 2012 facere,
911 1954 1200 2016 rectosque
1238 1945 1425 2009 corde,
1458 1945 1563 2000 hoc
1587 1954 1691 2010 est,
1717 1961 1812 2000 eos
1836 1946 1930 2016 qui
1963 1946 2020 1999 in
2053 1946 2258 2015 simpli-

2363 1963 2531 2025 στεως
2558 1946 2655 2018 τὴν
2678 1946 2995 2018 παράδοσιν,
3022 1945 3272 2018 καθάπερ
3309 1944 3433 1999 τινά
3466 1948 3944 2021 παρακαταθήκην

682 2040 846 2095 citate
885 2037 1050 2093 animi
1096 2038 1263 2092 vitam
1310 2037 1627 2103 traducunt,
1659 2046 1715 2091 et
1749 2036 1874 2093 fidei
1910 2038 2257 2094 traditionem

2360 2036 2623 2099 λαϐόντας
2646 2037 2728 2099 είς
2756 2034 2901 2101 νοῦν,
2942 2035 3107 2104 ἁγίαν
3158 2036 3251 2090 καὶ
3279 2035 3670 2108 ἀπαράφθορον
3704 2037 3940 2108 τηροῦν-

683 2131 853 2187 veluti
886 2131 1162 2201 quoddam
1204 2130 1513 2201 depositum
1547 2130 1604 2185 in
1632 2138 1814 2185 mente
1855 2130 2136 2186 conditum
2174 2147 2261 2186 re-

2359 2146 2459 2193 τας
2495 2129 2687 2201 αὐτήν.
2726 2129 2790 2181 Οἱ
2821 2127 2928 2199 γάρ
2968 2145 3049 2181 τοι
3104 2128 3264 2182 δεινοὶ
3296 2128 3433 2199 πρὸς
3464 2129 3703 2200 ἀπάτην,
3732 2129 3828 2183 καί⁵
3855 2130 3945 2183 ὲν-

685 2225 881 2290 tinent,
910 2233 1263 2292 sanctamque
1284 2238 1346 2277 ac
1367 2223 1740 2292 incorruptam
1761 2223 2008 2278 eamdem
2039 2238 2261 2278 conscr-

2361 2220 2521 2275 νοιῶν
2548 2220 2824 2292 εὑρήμασι
2870 2218 3223 2284 πολυπλόκως
3257 2220 3653 2292 ὶξυφασμένοις
3686 2220 3787 2292 τῆς
3823 2220 3943 2275 τῶν

682 2326 833 2383 vant,
869 2316 926 2371 in
971 2316 1208 2371 obscuro
1250 2314 1504 2385 sagittare
1547 2330 1604 2369 se
1648 2329 1807 2384 posse
1844 2316 2161 2370 existimant
2189 2314 2257 2369 ⁸ο.

2361 2312 2577 2383 ἀληθῶν
2609 2310 3036 2383 ἀποκομίζοντες
3062 2311 3235 2384 θήρας
3262 2313 3389 2377 τοὺς
3415 2311 3851 2384 ἀμαθεστέρους,
3890 2314 3944 2367 oi

683 2409 871 2479 itaque
915 2423 1068 2463 acres
1111 2406 1201 2461 isti
1245 2406 1589 2475 impostores,
1634 2414 1689 2461 ct
1733 2407 1827 2477 qui
1862 2407 2259 2479 sententiarum

2362 2406 2458 2469 τὰς
2504 2403 2614 2459 τῶν
2648 2403 2852 2475 ἑτέρων
2900 2404 3191 2475 αἱρετικῶν
3242 2405 3441 2468 κακίας
3472 2404 3940 2477 ἀπομιμούμενοι,

683 2497 1008 2551 commentis
1042 2494 1422 2564 multipliciter
1451 2497 1742 2561 contextis,
1772 2496 2027 2553 rudiores
2056 2513 2087 2552 a
2112 2498 2258 2553 veri-

2361 2498 2732 2569 προτείνουσιν
2771 2496 3017 2567 ἀμαθῶς,
3055 2498 3091 2551 ἀ
3139 2497 3204 2570 δὴ
3230 2499 3505 2562 κάκείνοις
3547 2498 3687 2564 ἔθος,
3726 2499 3829 2553 οὐκ
3854 2501 3945 2553 ὲν·-

689 2597 796 2645 tate
832 2587 1204 2659 investiganda
1247 2587 1547 2651 abducunt,
1585 2588 1930 2659 aliorumque
1970 2588 2258 2644 haeretico-

2360 2589 2606 2655 νοοῦντες
2635 2589 2693 2644 τὺ
2718 2590 3133 2663 γεγραμμένον·
3168 2610 3187 2642 ι
3226 2592 3362 2646 Οὐαὶ
3383 2594 3432 2644 οἱ
3456 2591 3763 2657 ποτίζοντες
3795 2590 3888 2645 τὸν

685 2696 809 2736 rum
836 2680 1098 2734 malitiam
1128 2679 1389 2743 annulati,
1421 2680 1580 2751 166
1600 2680 1767 2734 stulte
1795 2690 2109 2751 proponunt
2139 2697 2259 2751 quae

2361 2683 2587 2753 πλησίον
2614 2682 2795 2736 αὐτῶν
2839 2694 2864 2732 P
2908 2683 3221 2756 ἀνατροπὴν
3256 2683 3501 2757 θολεράν.
3545 2702 3563 2735 ι
3602 2685 3665 2738 Oi
3698 2685 3799 2757 μὲν
3827 2684 3942 2756 γάρ

684 2773 763 2829 illi
789 2774 987 2838 solent,
1020 2786 1215 2842 parum
1241 2771 1295 2825 id
1323 2771 1470 2842 quod
1500 2772 1765 2842 scriptum
1790 2781 1873 2829 est
1896 2782 2213 2844 reputantes
2243 2793 2254 2827 :

2359 2775 2461 2845 τῆς
2524 2777 2739 2847 ’Δρείου
2788 2774 3110 2839 δυσσεϐείας
3149 2775 3489 2829 ὑπασπισταὶ
3534 2776 3625 2829 τὸν
3674 2777 3938 2848 μονογενῆ

689 2884 709 2918 ι
747 2865 839 2920 Va:
861 2865 970 2920 illis
1002 2864 1095 2935 qui
1127 2865 1377 2935 prOximo
1402 2879 1504 2919 suo
1531 2864 1808 2919 turbidam
1844 2866 2258 2923 subversionem

2360 2865 2454 2919 τοῦ
2470 2865 2604 2919 Θεοῦ
2624 2866 2794 2933 Λόγον
2818 2865 3154 2937 ὲτεροούσιον
3174 2862 3312 2922 εἷναί
3337 2882 3491 2937 φασι,
3508 2866 3601 2919 καί¹
3624 2866 3681 2920 ὲν
3706 2866 3941 2937 δευτέρᾳ

683 2960 977 3029 propinant
1002 2956 1069 3010 δι.
1101 2976 1119 3009 ι
1154 2956 1448 3011 Enimvero
1477 2956 1691 3011 Arianae
1719 2957 2019 3027 impietatis
2053 2976 2258 3031 propu-

2360 2959 2595 3012 τίθενται
2626 2967 2655 3007 ιι
2690 2958 2785 3012 τοῦ
2835 2962 3215 3031 γεννήσαντος,
3252 2960 3469 3014 κτιστόν
3492 2977 3552 3015 τε
3581 2961 3676 3015 καὶ
3709 2978 3941 3034 γενητόν

681 3058 939 3122 guatores
968 3048 1312 3121 unigenitum
1342 3048 1437 3102 Dei
1466 3048 1707 3105 Verbum
1741 3050 1970 3105 alterius
2010 3053 2261 3108 essentiae

2348 3048 2499 3106 ἐἶναι
2528 3052 2901 3116 διατείνονται,
2932 3053 3026 3106 καὶ
3048 3055 3113 3124 τῇ
3144 3053 3319 3108 κτίσει
3355 3053 3704 3108 συντάττουσι
3736 3053 3851 3120 τὸν,
3869 3054 3939 3108 δι’

681 3154 804 3195 esse
830 3140 1043 3205 dicunt,
1067 3150 1125 3194 et
1146 3148 1267 3208 post
1292 3138 1470 3208 ipsum
1494 3148 1843 3208 generantem
1866 3142 2111 3196 secundo
2139 3143 2260 3199 loco
2286 3186 2310 3245 ί

2314 3189 2329 3245 Ξ
2361 3139 2421 3198 οὗ
2440 3146 2508 3199 τά
2536 3147 2734 3211 πάντα,
2763 3146 2856 3198 καὶ
2879 3147 2936 3199 ὲν
2955 3138 2998 3214 ᾧ
3022 3145 3093 3199 τά
3124 3144 3323 3201 πάντα.
3360 3141 3495 3201 Εἶτα
3524 3145 3625 3218 τῆς
3649 3146 3787 3218 μετά
3813 3163 3943 3219 σαρ-

681 3230 1062 3293 constituunt,
1116 3243 1328 3283 necnon
1393 3240 1637 3285 creatum
1696 3238 1752 3286 et
1804 3232 2087 3287 conditum
2118 3245 2258 3290 'csse
2290 3230 2310 3245 “

2312 3230 2329 3245 ’
2361 3237 2455 3301 κὸς
2470 3237 2781 3309 οἰκονομίας
2807 3236 2900 3290 τοῦ
2915 3236 3253 3308 Μονογενοῦς
3275 3237 3857 3311 πολυπραγμονοῦντες
3877 3239 3941 3293 τὸ

682 3320 1042 3384 contendunt,
1075 3329 1130 3374 et
1175 3320 1348 3385 illum,
1390 3336 1488 3391 per
1523 3338 1688 3391 quem
1735 3324 1917 3378 omnia
1967 3335 2022 3380 et
2060 3327 2113 3379 in
2148 3342 2258 3397 quo

2363 3331 2684 3402 μυστήριον,
2722 3330 3136 3402 κακουργότατα
3186 3328 3619 3402 παραφθείρουσι
3668 3330 3769 3400 τῆς
3798 3331 3938 3401 ἀλη-

681 3411 866 3467 omnia
889 3411 955 3478 ⁸⁸,
982 3412 1037 3466 in
1065 3422 1445 3467 creaturarum
1472 3413 1723 3471 ordinem
1751 3416 2024 3488 redigunt.
2050 3419 2257 3474 Deinde

2359 3422 2508 3486 θείας
2557 3422 2655 3494 τὴν
2699 3422 2946 3493 δύναμιν,
2977 3422 3069 3476 καὶ
3113 3423 3210 3493 τῆς
3260 3421 3639 3493 Ἀπολιναρίου
3669 3420 3828 3490 δόξης
3868 3424 3940 3477 τὰ

682 3505 813 3560 dum
855 3505 1133 3578 Unigeniti
1181 3506 1237 3559 in
1269 3521 1431 3560 carne
1471 3508 1895 3578 dispensationis
1933 3512 2256 3583 mysterium

2358 3514 2680 3585 ἐγκλήματα
2710 3512 3261 3585 προσαρρωστοῦντες
3293 3512 3470 3579 αὐτοὶ,
3504 3514 3681 3585 σάρκα
3715 3514 3816 3584 μὲν
3844 3513 3942 3567 λα-

681 3595 899 3651 curiose
928 3596 1235 3665 inquirunt,
1268 3610 1365 3664 per
1393 3611 1659 3653 summam
1687 3599 1935 3655 fraudem
1966 3603 2073 3656 vim
2108 3604 2254 3658 veri-

2358 3607 2471 3660 δεῖν
2494 3608 2588 3661 τὸν
2619 3606 2713 3660 τοῦ
2755 3606 2889 3661 Θεοῦ
2922 3607 3091 3676 Λόγον
3121 3605 3568 3678 διῖσχυρίζονται,
3602 3606 3938 3679 ἐμψυχωμὲ-

681 3684 812 3740 tatis
838 3695 1226 3755 corrumpunt:
1247 3702 1481 3756 cumque
1504 3696 1768 3756 praeterea
1787 3691 2109 3761 Apollinarii
2132 3694 2253 3764 opi-

2357 3718 2455 3773 νην
2480 3718 2544 3769 γε
2574 3701 2681 3773 μὴν
2713 3699 2914 3771 νοερῶς
2939 3701 3140 3771 ἤκιστά
3177 3718 3265 3770 γε,
3290 3696 3429 3755 εἶναι
3454 3701 3507 3754 δὲ
3538 3701 3736 3772 μᾶλλον
3767 3704 3939 3756 αὑτὸν

681 3776 865 3831 nionis
890 3776 1119 3832 crimine
1152 3777 1425 3843 laborent,
1470 3780 1565 3834 Dei
1596 3781 1837 3837 Verbum
1876 3798 2096 3853 carnem
2137 3787 2255 3855 qui-

2356 3795 2477 3847 ἀντὶ
2494 3794 2584 3847 νοῦ
2622 3794 2715 3847 καὶ
2746 3794 2921 3865 ψυχῆς
2948 3796 3004 3847 ἐν
3034 3794 3110 3865 τῷ
3145 3793 3377 3865 σώματι.
3404 3795 3825 3866 Πανουργότατα
3854 3796 3937 3863 δι,

680 3867 805 3923 dem
836 3870 1133 3940 sumpsisse
1158 3881 1429 3937 asserunt,
1455 3872 1550 3926 sed
1577 3874 1914 3947 intelligente
1940 3877 2121 3932 anima
2149 3880 2253 3932 mi-

2356 3885 2430 3950 ὠς
2452 3886 2607 3956 ἔφην,
2642 3886 2800 3940 τοῦτο
2831 3886 3064 3958 δρῶντες
3109 3886 3444 3941 ἁλίσκονται.
3498 3888 3616 3941 ἰνα
3666 3888 3774 3958 γάρ
3832 3889 3938 3953 τὰς

682 3959 827 4015 nime
865 3962 1149 4031 praeditam
1182 3961 1347 4016 fuisse
1376 3980 1388 4015 :
1417 3962 1594 4033 ipsum
1618 3966 1765 4021 enim
1788 3967 2027 4023 Verbum
2055 3970 2255 4023 mentis

2356 3976 2701 4049 ἀνθρωπίνας
2746 3975 2839 4030 τοῦ
2874 3978 3078 4048 Κυρίου
3115 3977 3303 4047 φωνάς
3355 3977 3432 4049 μὴ
3465 3978 3825 4049 οἰκονομικῶς
3853 3981 3936 4033 εἰ-

679 4061 736 4106 et
773 4054 968 4108 anima:
990 4054 1138 4107 vices
1166 4053 1219 4107 in
1246 4063 1523 4124 assumpto
1546 4072 1775 4128 corpore
1798 4060 2036 4130 explere.
2062 4063 2250 4135 quue,

2357 4069 2550 4141 ρῆσθαι
2569 4069 2900 4140 νομίζωμεν,
2928 4070 3019 4122 καὶ
3048 4070 3190 4125 κατά
3218 4069 3371 4138 γετὸ
3399 4068 3608 4139 πρέπον
3633 4074 3697 4142 τῇ
3724 4071 3939 4145 ἀνθρω-

681 4154 742 4199 ut
763 4144 895 4209 dixi,
923 4160 1021 4213 per
1056 4160 1322 4201 summam
1347 4146 1593 4204 fraudem
1624 4151 1803 4206 facere
1833 4153 2256 4222 deprehendun-

2356 4162 2545 4232 πότητι
2602 4162 2823 4233 μέτρον,
2862 4162 3051 4233 ἐπειδὴ
3091 4163 3311 4231 γέγονεν
3364 4160 3668 4232 ἄνθρωπος,
3705 4144 3937 4218 ὑποκλέ-

680 4244 789 4289 tur.
821 4236 1275 4307 Quandoquidem
1326 4256 1396 4294 ne
1438 4256 1599 4297 voces
1640 4244 1756 4298 illos
1796 4246 2009 4302 Domini
2054 4254 2250 4317 nostri,

2356 4271 2549 4307 πτουσι
2590 4255 2690 4325 τῆς
2725 4253 2927 4325 σαρκὸς
2959 4252 3058 4325 τὴν
3100 4255 3292 4324 νοεράν
3336 4271 3394 4306 τε
3440 4254 3534 4307 καὶ
3565 4254 3768 4309 ἔνοικον
3792 4257 3935 4330 αὐτῇ

679 4343 801 4397 qua:
845 4329 902 4382 in
936 4328 1229 4384 humanam
1273 4340 1526 4387 naturam
1569 4337 1923 4403 conveniunt,
1967 4340 2253 4411 dispensa-

2352 4347 2551 4417 ψυχήν.
2578 4345 2767 4409 Οέἱτως
2789 4348 2950 4399 αὐτὸν
2978 4350 3072 4401 καὶ
3092 4346 3503 4411 ὑποϐιϐάξουσι,
3522 4349 3615 4401 καὶ
3643 4348 3701 4402 ὲν
3722 4328 3936 4419 μείοσιν

684 4420 818 4473 toria
858 4422 1068 4475 ratione
1119 4421 1293 4479 dictas
1336 4424 1691 4491 arbitremur,
1733 4445 1800 4484 ex
1838 4446 2092 4487 mensura
2132 4451 2254 4505 qua:

2355 4434 2495 4491 εἷναί
2541 4455 2704 4507 φασιν
2756 4438 3028 4502 οὐσιωδῶς
3069 4438 3163 4491 τοῦ
3195 4438 3428 4504 Πατρός,
3458 4438 3558 4508 τῆς
3602 4440 3719 4493 κατ’
3761 4441 3933 4497 αὐτοῦ

680 4512 1004 4565 humanitati
1048 4515 1304 4568 convenit
1346 4526 1700 4587 posteaquam
1738 4520 1913 4577 factus
1949 4535 2033 4579 est
2064 4526 2247 4591 homo,
2282 4546 2309 4605 ί

2303 4548 2327 4602 )
2356 4531 2719 4598 συκοφαντίας
2747 4530 2844 4592 τὰς
2882 4531 3135 4603 ἀφορμὰς
3161 4533 3224 4584 ὲκ
3250 4530 3357 4584 τῶν
3389 4530 3547 4601 ἱερῶν
3578 4531 3932 4605 Γραμμάτων

681 4602 869 4655 furtim
915 4604 1163 4658 adimunt
1202 4607 1353 4661 carni
1398 4610 1629 4663 animam
1674 4610 2065 4682 intelligentem
2104 4626 2158 4671 et
2197 4618 2251 4671 in
2288 4602 2301 4605 ⁷

2352 4622 2582 4683 ἀνοσίως
2610 4602 3004 4693 ἐρανιζόμενοιι
3043 4621 3183 4675 Ἀλλ’
3212 4621 3319 4675 ἰδοὺ
3344 4621 3408 4691 δὴ
3432 4622 3525 4675 καὶ
3548 4602 3641 4676 νῦν
3795 4627 3937 4680 ὲκεί-

681 4707 847 4748 carne
886 4693 1246 4752 habitantem.
1278 4696 1395 4764 Qua
1425 4700 1615 4753 fraude
1654 4701 1805 4757 illum
1840 4704 2124 4775 dcjiciunt,
2152 4709 2254 4763 Pa-

2353 4731 2458 4765 νων
2493 4712 2734 4783 ἀμαθίας
2787 4714 2835 4765 οἱ
2875 4713 3114 4783 ζηλωταὶ
3156 4713 3580 4782 κατεπιφύονται
3608 4716 3795 4788 πικροὶ
3822 4715 3933 4771 τῶν

682 4795 875 4856 trcque
901 4788 1202 4843 secundum
1233 4792 1525 4845 essentiam
1558 4793 1869 4849 inferiorem
1905 4812 2027 4851 esse
2056 4799 2209 4855 aiunt
2239 4820 2251 4854 :

2350 4802 2448 4866 τὰς
2494 4802 2787 4874 Νεστορίου
2838 4805 3168 4874 κενοφωνίας
3207 4814 3229 4841 ι’
3273 4803 3334 4859 οὐ
3388 4804 3797 4876 προσιεμένων,
3834 4809 3934 4861 καὶ

680 4883 737 4930 et
772 4892 885 4933 sua:
922 4878 1087 4949 hujus
1120 4880 1381 4937 adversus
1406 4898 1534 4938 cum
1564 4885 1851 4942 calumnia:
1880 4904 2042 4944 ansas
2066 4906 2131 4945 ex
2166 4907 2253 4945 sa-

2351 4895 2450 4964 τὴν
2484 4894 2648 4967 ὀρθὴν
2677 4898 2770 4949 καὶ
2792 4895 3090 4968 ἀμώμητον
3121 4897 3533 4967 ἐκπολιορκοῦσι
3560 4898 3766 4963 πίστιν,
3798 4915 3933 4973 συρ-

680 4970 791 5025 cris
811 4970 1034 5025 Litteris
1062 4972 1227 5043 impie
1252 4976 1531 5046 colligunt.
1561 4978 1664 5031 Sed
1697 4996 1824 5035 ecce
1857 4998 2006 5037 nunc
2034 5000 2252 5056 quoque

2352 4987 2547 5055 φετους
2565 4988 2783 5043 είκαίων
2809 4990 3218 5062 συναγείροντες
3247 4987 3484 5047 ἐννοιῶν.
3504 4991 3643 5046 Φασὶ
3669 4990 3767 5063 μὲν
3795 4970 3930 5064 γάρ,

679 5059 896 5113 illorum
927 5061 1175 5116 stultitia:
1196 5065 1537 5120 aemulatores
1564 5070 1747 5123 acerbi
1772 5088 1870 5126 nos
1901 5073 2247 5141 adoriuntur,

2349 5078 2439 5131 τὸν
2470 5079 2753 5133 θεσπέσιον
2784 5059 2991 5135 Παῦλον
3026 5059 3201 5136 εἰπεῖν
3240 5082 3367 5153 περὶ
3403 5082 3496 5137 τοῦ
3527 5059 3744 5137 πάντων
3770 5059 3930 5155 ἡμων

677 5151 770 5217 qui
812 5149 1049 5205 Nestorii
1091 5153 1345 5222 profanas
1378 5172 1571 5211 vocum
1614 5161 1880 5217 novitates
1923 5162 1970 5195 ⁸³
2010 5181 2119 5219 non
2151 5169 2248 5221 ad-

2350 5169 2601 5241 Σωτῆρος
2632 5172 2869 5243 Χριστοῦ
2909 5174 3014 5237 ὃτι,
3060 5192 3078 5225 ι
3119 5149 3441 5229 Κεκὲνωκεν
3468 5175 3679 5244 ἑαυτὸν,
3712 5149 3928 5249 μορφὴν

676 5239 973 5303 mittimus,
1014 5251 1070 5295 et
1108 5254 1313 5298 rectam
1365 5245 1803 5319 inculpatamque
1842 5252 2004 5308 fidem
2053 5272 2249 5326 aggere

2347 5239 2534 5312 δούλου
2576 5239 2775 5325 λαϐὼν,
2824 5264 2879 5314 ἐν
2922 5261 3231 5333 ὁμοιώματι
3278 5263 3564 5335 ἀνθρώπου
3611 5239 3925 5339 γενόμενος.

677 5338 887 5384 structo
938 5331 1213 5399 obsident,
1252 5349 1313 5389 ac
1366 5336 1610 5391 inanium
1656 5342 2049 5397 sententiarum
2096 5348 2246 5415 quis—

2349 5349 2442 5402 καὶ
2495 5352 2730 5422 σχήματι
2774 5331 3015 5423 εὑρεθείς
3064 5331 3138 5418 ὥς
3194 5331 3515 5427 ἄνθρωπος·
3563 5331 3928 5414 ἐταπείνωσεν

748 5486 795 5519 ⁸⁸⁸
831 5488 995 5545 Hebr.
1039 5505 1112 5573 rx,
1152 5491 1239 5547 2f.
1342 5497 1388 5528 ’θ
1419 5498 1580 5553 Num.
1623 5516 1752 5563 xxn,
1795 5503 1820 5555 Ι
1866 5519 2020 5576 seqq.
2126 5505 2169 5535 ⁸ο
2202 5508 2300 5561 Psa

678 5573 716 5625 ι,
757 5560 833 5614 16.
915 5562 959 5594 ⁸³
990 5562 1009 5615 ι
1042 5562 1162 5616 Tum
1213 5580 1283 5625 vr,
1312 5565 1399 5619 ΞΟ.

2296 5508 2342 5560 ιΙ.
2374 5523 2427 5571 x,
2457 5510 2507 5561 5.
2610 5509 2652 5540 ⁸¹
2675 5510 2876 5564 Hahae.
2909 5527 2966 5571 ιι,
3000 5512 3083 5565 12.
3191 5515 3235 5546 "
3274 5514 3432 5568 Rom.
3479 5530 3549 5579 τι,
3584 5513 3681 5581 56;
3710 5514 3925 5573 Coloss.

1768 5690 1937 5745 Varia!
1970 5691 2232 5745 lectiones
2262 5690 2465 5746 codicis
2497 5692 2853 5764 Seguieriani.

749 5800 778 5829 ‘
829 5794 910 5845 ἵν’.
940 5795 1182 5853 ἐκείνων.
1262 5805 1289 5834 ⁸
1321 5798 1349 5853 ὁ
1382 5799 1616 5864 ποτίζων
1644 5803 1755 5859 τόν.
1836 5816 1861 5857 P
1886 5805 2070 5861 αὑτοῦ.
2150 5817 2175 5855 ει
2211 5806 2483 5877 δευτέροις
2522 5808 2779 5863 τίθενται.
2866 5819 2882 5845 τ
2927 5813 3306 5881 καινοτωνίας.
