4126 6314
280 302 378 360 269

1716 298 2056 354 EPISTOLA
2098 296 2161 351 Ι..

3455 296 3562 351 ἓῖο

278 412 489 478 ἑαυ--ὸν,
525 411 821 482 γενόμενος
861 409 1099 483 ὑπήκοος
1143 410 1308 483 μέχρι
1348 412 1603 477 θανάτου,
1636 410 1851 466 θανάτοι

1974 413 2172 482 quilias
2212 409 2265 462 in
2299 422 2471 462 unum
2506 405 2937 477 conglomerant.
2970 406 3139 459 Aiunt
3162 404 3310 460 enim
3340 406 3564 463 beatum

276 505 329 560 δὲ
355 504 625 577 σταυροῦ.
660 504 754 556 Διὸ
786 504 881 557 καὶ
928 506 957 558 ὀ
998 504 1131 567 Θεὸς
1174 505 1343 557 αὐτὸν
1386 505 1741 575 ὑπερύψωσε,
1774 508 1870 560 καὶ

278 598 571 669 ἐχαρίσατο
622 595 773 667 αὐτῷ
818 596 990 666 ὄνομα
1038 596 1100 649 τὸ
1148 597 1288 666 ὑπὲρ
1326 599 1437 650 πᾶν
1470 596 1663 667 ὄνομα.
1703 616 1721 648 ι
1761 597 1870 650 Καὶ

280 692 381 762 μὴν
411 690 514 745 καὶ
544 688 777 761 ἑτέρωθί
803 689 905 768 πού
929 706 1117 759 φησιν,
1143 689 1225 743 ὅτι
1248 710 1264 741 ι
1283 689 1417 753 Θεὸς
1445 685 1512 759 ἦν
1536 692 1594 743 ἐν
1622 691 1865 762 Χριστῷ,

276 784 479 852 κόσμον
514 780 697 852 ἑαυτῷ
730 779 1143 834 καταλλάσσωνο
1188 800 1205 831 ι
1250 781 1346 834 καὶ
1388 780 1577 834 πάλιψ
1624 800 1642 832 ι
1697 783 1787 834 Ἐν

274 872 570 943 κατῴκησε
620 874 732 926 πᾶν
776 871 839 924 τὸ
880 872 1159 943 πλήρωμα
1192 872 1292 941 τῆς
1327 871 1583 943 θεότητος
1625 889 1867 943 σωματι⁹

274 962 404 1027 κῶς.
436 983 457 1015 ι
514 961 954 1033 Ἐφαρμόζονται
1002 962 1059 1015 δὲ
1108 961 1203 1016 καὶ
1229 964 1353 1027 ταῖς
1382 962 1477 1016 τοῦ
1499 964 1711 1035 Πέτρου
1752 982 1869 1033 φωο

271 1058 409 1119 ναῖς,
444 1045 714 1124 ποτὲμὲν
742 1052 1013 1122 λέγοντοςθ
1037 1070 1057 1104 ι
1097 1051 1306 1123 Ἰησοῦν
1330 1052 1421 1107 τὸν
1445 1053 1553 1107 ἀπὸ
1586 1055 1862 1125 Ναζαρὲτ,

272 1142 345 1208 ὡς
372 1144 597 1215 ἔχρισεν
627 1143 793 1197 αὑτὸν
814 1145 843 1198 ό
869 1142 1003 1207 Θεὸς
1028 1143 1463 1215 Πνεύματιὰγίῳ
1484 1144 1577 1198 καὶ
1608 1145 1861 1219 δυνάμει’

270 1231 327 1295 δς
344 1231 565 1302 διῆλθεν
598 1233 930 1304 εὐεργετῶν,
974 1234 1067 1286 καὶ
1088 1232 1326 1305 ἰώμενος
1362 1236 1573 1299 πάντας
1599 1238 1728 1301 τοὺς
1760 1256 1864 1293 καο

268 1323 832 1394 ταδυναστευομὲνους
873 1324 979 1378 ὑπὸ
1020 1323 1115 1379 τοῦ
1167 1325 1442 1380 διαϐόλου·
1482 1329 1563 1381 ὅτι
1606 1328 1740 1393 Θεὸς
1794 1327 1863 1403 ἦν

270 1419 388 1487 μετ’
420 1417 613 1472 αὐτοῦ⁸
658 1436 679 1469 ι
734 1419 830 1471 καὶ
879 1417 1061 1473 πάλιν*
1101 1436 1122 1470 ι
1164 1420 1304 1483 Τοὺς
1343 1419 1447 1491 μὲν
1480 1417 1585 1475 -οῦν
1632 1422 1863 1494 χρόνους

267 1511 365 1579 τῆς
408 1510 638 1578 ἀγνοίας
669 1508 941 1583 ὑπεριδὼν
987 1512 1017 1563 δ
1057 1510 1221 1576 Θεὸς,
1260 1512 1426 1565 τανῦν
1486 1514 1861 1586 παραγγέλλει

264 1604 375 1664 τοῖς
404 1600 741 1675 ἀνθρώπως,
771 1604 984 1669 πάντας
1016 1603 1294 1675 πανταχοῦ
1324 1608 1630 1677 μετανοεῖν,
1664 1608 1859 1663 καθότι

264 1692 465 1763 ὥρισεν
524 1694 741 1765 ἡμέραν
775 1695 1037 1766 κρίσεως,
1078 1697 1140 1749 ὲν
1185 1691 1220 1770 ᾖ
1258 1696 1443 1767 μέλλει
1496 1696 1705 1769 κρίνειν
1759 1700 1859 1772 τὴν

1971 503 2203 559 Paulum
2263 502 2331 557 de
2384 499 2607 557 Christo
2664 500 2912 554 omnium
2973 498 3259 555 Salvatore
3313 499 3560 557 dixisse:

1978 614 1998 646 ‹
2036 592 2354 649 Exinanivit
2390 593 2769 663 semetipsum,
2811 590 3043 647 formam
3083 593 3229 647 servi
3262 593 3561 665 accipiens,

1968 688 2029 743 in
2053 688 2469 743 similitudinem
2499 686 2788 743 hominum
2828 685 3027 751 factus,
3053 695 3111 741 et
3135 685 3331 742 habitu
3366 687 3565 743 inven-

1971 786 2059 833 tus
2096 788 2159 834 ut
2193 778 2360 832 homo
2388 795 2402 831 :
2429 776 2742 831 humiliavit
2780 774 3172 845 semetipsum,
3215 773 3394 847 factus
3431 776 3566 835 obc—

1968 869 2127 925 diens
2180 884 2354 940 usque
2398 867 2469 923 ad
2520 876 2753 923 mortem
2774 907 2789 933 ,
2830 875 3069 946 mortem
3122 856 3309 921 autem
3355 868 3561 924 crucis.

1967 960 2201 1032 Propter
2230 958 2379 1031 quod
2414 968 2470 1016 et
2499 960 2647 1015 Deus
2682 957 2944 1014 exaltavit
2975 957 3164 1025 illum,
3203 968 3261 1013 et
3295 957 3452 1014 dedit
3480 958 3563 1017 illi

1968 1068 2171 1122 nomen
2214 1052 2362 1124 quod
2404 1062 2491 1109 est
2534 1066 2703 1123 super
2738 1065 2901 1105 omne
2936 1064 3142 1104 nomen
3167 1050 3249 1115 ";
3292 1070 3309 1101 ι
3357 1061 3414 1107 et
3452 1051 3566 1108 alio

1966 1159 2189 1199 rursum
2218 1143 2341 1199 loco
2368 1160 2383 1197 :
2423 1163 2443 1193 ‹
2475 1143 2622 1197 Deus
2650 1148 2769 1197 erat
2798 1140 2852 1194 in
2883 1138 3125 1205 Christo,
3162 1140 3438 1197 mundum
3470 1156 3563 1197 re-

1965 1236 2269 1291 concilians
2301 1235 2408 1291 sibi
2432 1236 2509 1302 ";
2543 1254 2561 1287 ι
2601 1244 2659 1290 et
2684 1235 2925 1289 iterum:
2959 1252 2979 1286 ι
3005 1232 3144 1301 Quia
3166 1234 3225 1288 in
3258 1234 3378 1306 ipso
3397 1234 3561 1290 inha-
3672 1290 3675 1297 λ

1964 1329 2105 1385 bitat
2151 1329 2438 1400 plenitudo
2477 1326 2783 1383 divinitatis
2827 1326 3189 1397 corporaliter
3216 1324 3286 1381 ".
3324 1344 3343 1377 ι
3392 1325 3563 1381 Suam

1964 1439 2184 1493 quoque
2206 1422 2535 1478 sententiam
2555 1420 2705 1477 Petri
2742 1419 2973 1475 vocibus
2995 1417 3436 1487 accommodant,
3463 1419 3563 1489 qui

1963 1530 2114 1569 nunc
2141 1514 2365 1585 quidem
2405 1514 2580 1569 dicit:
2618 1531 2635 1564 ι
2668 1512 2859 1571 Jesum
2887 1526 2918 1566 a
2944 1509 3239 1576 Nazareth,
3279 1508 3561 1582 quomodo

1964 1621 2091 1661 eum
2119 1605 2274 1659 unxit
2300 1606 2447 1660 Deus
2492 1604 2700 1674 Spiritu
2740 1610 2934 1658 sancto
2970 1612 3028 1659 et
3057 1601 3286 1666 virtute,
3311 1602 3404 1672 qui
3432 1616 3562 1674 per-

1965 1685 2221 1750 transivit
2253 1694 2673 1761 benefaciendo,
2714 1701 2774 1750 et
2808 1693 3055 1749 sanando
3097 1708 3293 1749 omnes
3326 1708 3560 1765 oppres-

261 1782 592 1855 οἰκουμένην
636 1786 695 1837 ἐν
720 1785 1062 1860 δικαιοσύνῃ,
1093 1788 1151 1842 ὲν
1188 1787 1343 1859 ἀνδρὶ
1375 1783 1420 1859 ᾧ
1441 1789 1638 1862 ὥρισε,
1672 1770 1851 1846 πίστιν

1960 1804 2053 1845 sos
2085 1806 2116 1844 a
2154 1789 2398 1854 diabolo,
2436 1786 2699 1859 quoniam
2733 1785 2881 1841 Deus
2919 1794 3039 1841 erat
3080 1799 3206 1839 cum
3240 1799 3309 1841 eo
3331 1785 3377 1818 "
3396 1802 3411 1851 ;
3447 1804 3467 1838 ι
3502 1794 3562 1844 et

261 1875 565 1946 παρασχὼν
618 1877 806 1942 πᾶσιν,
852 1877 1169 1948 ἀναστήσας
1216 1878 1380 1933 αὐτὸν
1441 1882 1506 1934 ἑκ
1544 1884 1777 1954 νεκρῶν.
1830 1902 1849 1937 ι

260 1967 445 2022 Ταῦτα
486 1967 867 2039 παραθέντες,
906 1970 1003 2022 καὶ
1034 1968 1102 2023 τὰ
1134 1968 1258 2024 καθ’
1299 1970 1488 2041 ἕτερον
1524 1972 1731 2042 τρόπον
1760 1976 1855 2029 ἁν-

260 2059 683 2132 θρωποπρεπῶς
724 2060 1013 2133 εἰρημένα,
1067 2063 1492 2134 προσερωτῶσιν
1524 2073 1547 2101 ⁸
1578 2066 1762 2134 εὐθὺς,
1791 2070 1856 2122 ὲκ

260 2153 556 2225 μοχθηρῶν
618 2155 837 2207 ὲνὶωιιῖ-ιν
883 2156 1120 2227 πικροὺς
1166 2155 1503 2222 ἀνάπτοντες
1558 2162 1578 2198 ί
1638 2159 1852 2230 λόγους·

257 2247 374 2300 Τίνι
406 2247 642 2302 δέδωκεν
677 2249 705 2300 ό
736 2248 871 2310 Θεὸς
909 2249 1004 2302 καὶ
1051 2250 1245 2323 Πατὴρ
1279 2250 1541 2322 ὄνοματὸ
1572 2254 1714 2327 ὑπὲρ
1746 2256 1855 2309 πᾶν

255 2339 467 2410 haud;
506 2335 657 2413 *Αρα
686 2338 762 2408 τῷ
799 2339 913 2413 ἰδίῳ
935 2341 1125 2413 Λόγῳ;
1158 2344 1270 2396 Καὶ
1298 2343 1417 2408 πῶς
1461 2346 1563 2400 οὐκ
1589 2346 1859 2401 ἀπίθανον

255 2432 454 2504 κομιδῇ
505 2431 568 2484 τὸ
598 2431 827 2503 χρῆμα;
890 2433 1079 2502 φασίν.
1113 2429 1243 2487 τΗν
1302 2436 1413 2508 γὰρ
1447 2438 1536 2492 ἀεὶ
1586 2438 1740 2505 Θεὸς,
1795 2440 1858 2507 ἐξ

255 2523 420 2578 αὐτοῦ
476 2523 623 2578 κατὰ
667 2523 830 2594 φύσιν
872 2526 1292 2598 γεγεννημένος.
1336 2529 1551 2599 Ὀνομα
1604 2530 1663 2585 δὲ
1693 2531 1853 2585 τοῦτο

253 2614 313 2668 τὸ
342 2615 486 2686 ὑπὲρ
510 2617 620 2668 πᾶν
645 2615 818 2688 ὄνομα
838 2618 997 2671 νοοῖ-ε’
1014 2616 1082 2672 ἂν
1102 2619 1352 2684 εἰκότως.
1373 2620 1439 2675 Τί
1461 2620 1568 2695 γὰρ
1592 2622 1853 2679 ἐπέκεινα

254 2706 346 2760 τοῦ
378 2708 523 2761 κατὰ
562 2707 725 2776 φύσιν
756 2707 931 2775 Θεοῦ;
986 2710 1123 2764 Τίνα
1164 2710 1221 2764 δὲ
1258 2713 1353 2767 καὶ
1400 2713 1659 2785 κέκρικεν
1708 2716 1851 2788 ἁγίῳ

254 2798 562 2870 Πνεύματι,
608 2800 641 2871 ἦ
698 2798 841 2871 μετὰ
870 2802 1015 2866 τίνος
1041 2798 1109 2873 ἦν
1143 2804 1171 2857 ό
1193 2803 1360 2873 Θεός;
1395 2807 1850 2878 Προσεπάγοντες

253 2891 311 2946 δὲ
340 2891 557 2956 τούτοις
592 2894 664 2947 τὰ
719 2894 907 2966 ἕτερα,
942 2894 1244 2951 διακυκῶσι
1286 2897 1430 2963 λίαν,
1478 2899 1575 2953 καὶ
1617 2899 1849 2972 θορύδου

254 2981 535 3052 πιμπλᾶσι
566 2990 593 3019 δι
618 2983 729 3037 τῶν
763 2984 1178 3059 ἀκεραιοτέρων
1211 2986 1302 3041 τὸν
1333 2987 1477 3044 νοῦν.
1513 2990 1848 3064 Διορίζοντες

253 3072 310 3127 δὲ
337 3074 594 3146 πανταχῆ
612 3073 866 3146 (ψυχικοί
894 3076 1001 3130 εἱσι
1038 3079 1147 3150 γὰρ
1166 3118 1183 3143 ,
1225 3078 1443 3150 πνεῦμα
1482 3081 1558 3151 μὴ
1586 3080 1843 3152 ἔχοντες),

254 3164 345 3216 καὶ
374 3163 793 3229 ἀποδάστάντες
826 3173 856 3204 τ
893 3167 971 3230 είς
1006 3168 1159 3232 υίοὺς
1196 3167 1290 3222 δύο
1318 3169 1409 3223 τὸν
1452 3170 1549 3225 ἕνα
1586 3172 1844 3243 Χριστὸν,

254 3256 344 3308 καὶ
362 3254 515 3328 Υἰὸν,
543 3257 639 3310 καὶ
666 3255 892 3328 Κύριον,
929 3257 989 3324 ἐξ
1019 3260 1201 3313 αὐτῶν
1233 3261 1533 3315 ἁλώσονται
1564 3263 1675 3317 τῶν
1703 3265 1849 3320 ἰδίων

250 3348 693 3419 ἐγχειρημάτων.
722 3349 861 3404 Ἕνα
901 3351 1001 3421 μὲν
1029 3352 1139 3425 γὰρ
1169 3353 1404 3425 Χριστὸν
1431 3354 1526 3408 καὶ
1557 3355 1685 3409 Υἱὸν
1714 3359 1845 3428 ὁμοο

249 3441 429 3510 λογεῖν
475 3442 932 3512 ὑποπλάττονται,
960 3445 1055 3498 καὶ
1083 3444 1146 3498 ἓν
1184 3446 1351 3500 αὐτοῦ
1387 3448 1680 3517 πρόσωπον
1707 3446 1847 3503 εἷναί

251 3550 405 3601 φασιο
441 3531 786 3607 διαιροῦντες
828 3537 886 3591 δὲ
924 3538 1087 3594 πάλιν
1122 3540 1204 3603 είς
1246 3540 1575 3604 ὑποστάσεις
1617 3541 1711 3596 δύο
1752 3558 1848 3596 κεο

248 3625 602 3697 χωρισμένας
628 3644 689 3681 τε
725 3628 823 3683 καὶ
861 3614 1248 3698 ἁποιροιτώσας
1277 3632 1546 3705 ἀλλήλων,
1578 3637 1673 3700 είς.
1699 3635 1845 3691 ἅπαν

245 3718 336 3771 τὸν
368 3717 470 3772 τοῦ
502 3720 807 3792 μυστηρίου
862 3723 1243 3795 παρασύρουσι
1292 3739 1320 3767 ι
1354 3726 1544 3795 λόγον.
1573 3729 1715 3782 Φασὶ
1747 3729 1846 3800 μὲν

246 3810 356 3881 γὰρ
376 3811 445 3883 δὴ
465 3810 559 3865 τὸν
592 3814 657 3866 ὲκ
684 3815 963 3881 γυναικὸς,
991 3817 1109 3887 ἦτοι
1134 3818 1235 3889 τὴν
1260 3818 1355 3873 τοῦ
1380 3820 1570 3875 δούλου
1605 3822 1843 3895 μορφὴν,

244 3901 354 3973 lbi;
400 3920 463 3965 τε
502 3905 597 3958 καὶ
640 3907 956 3977 καταμόνας
1002 3908 1063 3961 τὸ
1109 3910 1251 3981 ὑπὲρ
1292 3913 1401 3965 πᾶν
1430 3913 1604 3984 ὄνομα
1633 3914 1841 3984 λαὸεῖν,

245 3995 543 4067 ὑπομεῖναι
570 3998 627 4051 δὲ
665 4000 760 4053 καὶ
790 4000 890 4072 τὴν
939 4000 1120 4075 χρίσιν
1164 4003 1259 4058 τοῦ
1308 4006 1462 4075 ἁγίου
1496 4008 1841 4081 Πνεύματος,

244 4088 338 4141 καὶ
367 4088 433 4142 τὸ
469 4087 615 4158 ἔχειν
666 4092 755 4144 ἀεὶ
801 4093 1029 4147 συνόντα
1061 4096 1153 4148 τὸν
1184 4096 1341 4160 Θεὸν,
1372 4100 1621 4153 τουτέστι
1660 4101 1748 4157 τὸν
1778 4104 1843 4156 ὲκ

246 4178 382 4231 Θεοῦ
445 4180 661 4251 Πατρὸς
715 4182 911 4251 Λόγον·
968 4186 1301 4257 ἁϐελτηρίας
1350 4189 1409 4242 δὲ
1457 4190 1559 4259 τῆς
1614 4193 1841 4247 ἀπασῶν

247 4270 490 4342 ἐσχάτης
525 4271 811 4338 ὲξόζοντας
850 4277 1099 4347 ἐναργῶς
1140 4280 1457 4350 ἐρεύγονται
1488 4283 1702 4351 λόγους.
1736 4286 1842 4339 Πο-

241 4364 400 4433 νηροὶ
421 4364 535 4435 γὰρ
557 4364 714 4431 ὄντες
741 4367 923 4436 ἀγαθὰ
958 4370 1138 4426 λαλεῖν
1172 4374 1271 4427 οὐκ
1303 4374 1370 4428 ἂν
1393 4375 1663 4442 δύναιντο,
1698 4378 1841 4433 κατὰ

1960 1898 2182 1938 rursum
2224 1900 2237 1935 :
2282 1901 2301 1933 ι
2339 1882 2406 1937 Ει
2454 1892 2702 1953 tempora
2752 1878 2977 1950 quidem
3023 1879 3189 1951 hujus
3233 1878 3562 1949 ignorantia:

1958 1974 2267 2045 despiciens
2318 1974 2483 2039 Deus,
2523 1987 2672 2028 nunc
2708 1971 2999 2027 annuntiat
3040 1971 3199 2044 167
3236 1970 3561 2028 hominibus

1958 2078 2019 2123 ut
2049 2084 2241 2124 omnes
2272 2067 2480 2138 ubique
2512 2066 2894 2137 paenitentiam
2933 2073 3119 2137 agant,
3150 2081 3219 2121 eo
3254 2064 3403 2136 quod
3441 2076 3560 2123 sta-

1958 2158 2065 2213 tuit
2100 2158 2247 2213 diem
2272 2158 2331 2213 in
2354 2172 2465 2228 quo
2481 2157 2834 2229 judicaturus
2855 2164 2941 2212 est
2964 2156 3160 2211 orbem
3185 2155 3241 2210 in
3273 2155 3555 2227 aequitate,

1958 2249 2015 2307 in
2060 2251 2188 2305 viro
2232 2250 2288 2305 in
2333 2264 2445 2322 quo
2487 2248 2715 2315 statuit,
2765 2233 2932 2305 tidem
2978 2250 3235 2323 prmbens
3271 2252 3554 2320 omnibus,

1960 2344 2234 2399 suscitans
2272 2359 2400 2399 eum
2444 2359 2478 2399 a
2526 2342 2760 2399 mortuis
2789 2344 2856 2397 “.
2906 2362 2924 2393 ι
2984 2342 3111 2398 Haec
3156 2352 3553 2414 proponentes,

1957 2446 2013 2492 et
2064 2452 2186 2507 qua:
2234 2435 2343 2492 alio
2397 2436 2563 2492 modo
2602 2433 2907 2492 secundum
2954 2434 3353 2491 humanitatem
3406 2436 3556 2491 dicta

1953 2541 2105 2597 sunt,
2138 2547 2208 2587 ex
2248 2530 2434 2600 pravis
2462 2528 2758 2586 sententiis
2785 2527 2987 2582 acerbo
3021 2526 3097 2597 (l)
3131 2542 3388 2583 sermone
3416 2542 3553 2582 con-

1952 2629 2104 2677 texto
2151 2619 2338 2677 statim
2390 2619 2783 2689 interrogant:
2819 2614 3051 2671 Cuinam
3099 2615 3246 2670 Deus
3290 2624 3349 2670 et
3391 2615 3556 2671 Pater

1949 2728 2150 2767 nomen
2193 2711 2345 2767 dedit
2393 2709 2542 2781 quod
2579 2719 2665 2764 est
2702 2723 2870 2778 super
2906 2722 3070 2762 omne
3108 2708 3346 2763 nomen?
3376 2708 3553 2763 Num-

1949 2805 2085 2877 quid
2128 2804 2355 2877 proprio
2392 2803 2609 2859 Verbo?
2656 2804 2717 2857 At
2756 2817 2868 2872 quo
2897 2808 3061 2872 pacto
3101 2816 3214 2859 non
3252 2800 3552 2856 admodum

1948 2895 2188 2952 absurda
2220 2910 2311 2952 res
2345 2896 2469 2951 est?
2501 2893 2779 2964 inquiunt.
2820 2891 2953 2947 Erat
2984 2891 3135 2947 enim
3166 2892 3304 2947 illud
3332 2909 3553 2964 semper

1948 2985 2115 3050 Deus,
2138 3001 2205 3039 ex
2231 2985 2349 3055 ipso
2372 2983 2677 3039 secundum
2706 2988 2961 3037 naturam
2985 2980 3255 3054 genitum.
3282 2982 3341 3037 Id
3367 2983 3550 3053 ipsum

1952 3085 2135 3133 autem
2164 3093 2287 3132 esse
2322 3092 2523 3131 nomen
2561 3073 2701 3129 illud
2742 3073 2891 3144 quod
2933 3082 3018 3128 est
3052 3089 3221 3144 super
3253 3090 3417 3129 omne
3443 3091 3549 3131 no-

1952 3183 2101 3233 men,
2128 3177 2278 3223 recte
2315 3166 2606 3237 accipitur.
2634 3167 2747 3221 Deo
2779 3182 3016 3238 namque
3047 3164 3353 3224 secundum
3383 3180 3549 3225 natu-

1954 3275 2092 3325 ram,
2125 3259 2260 3331 quid
2286 3259 2582 3314 sublimius
2603 3259 2832 3330 cogitari
2854 3259 3070 3329 potest?
3091 3260 3356 3327 Rursum,
3371 3276 3549 3332 ,quem

1952 3352 2111 3407 unxit
2138 3352 2345 3423 Spiritu
2388 3360 2600 3417 sancto,
2629 3358 2723 3405 aut
2768 3366 2895 3405 cum
2936 3367 3179 3422 quonam
3214 3362 3333 3409 erat
3364 3352 3550 3411 Deus?

1951 3446 2120 3501 Multa
2142 3454 2409 3516 przeterea
2433 3444 2541 3499 alia
2567 3442 2953 3515 hujuscemodi
2976 3454 3387 3512 coacervantes,
3415 3461 3550 3503 con—

1950 3538 2190 3593 fundunt
2228 3536 2526 3592 admodum
2570 3535 2971 3606 simpliciorum
3004 3535 3239 3602 animos,
3275 3539 3545 3595 multum-

1948 3647 2057 3702 que
2103 3630 2455 3685 conturbant.
2502 3628 2610 3683 Sed
2659 3628 2866 3698 ubique
2914 3627 3164 3685 dividere
3206 3628 3371 3700 (sunt
3392 3634 3544 3688 enim

1944 3721 2235 3786 animales,
2272 3720 2529 3791 spiritum
2557 3736 2665 3774 non
2692 3718 2961 3774 habentes
2982 3719 3074 3791 '9),
3106 3728 3162 3776 et
3186 3737 3358 3777 unum
3383 3722 3545 3779 Chri—

1948 3824 2094 3885 stum
2134 3824 2191 3885 ct
2222 3814 2419 3869 Filium
2463 3822 2519 3868 et
2555 3813 2849 3868 Dominum
2885 3812 2940 3866 in
2978 3812 3119 3869 duos
3162 3814 3305 3871 filios
3337 3815 3542 3872 distin-

1942 3904 2135 3981 guere,
2164 3925 2231 3964 ex
2252 3908 2369 3963 suis
2391 3908 2637 3978 ipsorum
2664 3907 3005 3977 argumentis
3029 3906 3538 3977 deprchendemur.

1948 4002 2221 4057 Simulant
2261 4000 2410 4055 enim
2454 4015 2624 4054 unum
2657 4014 2714 4053 se
2749 3997 3033 4054 Christum
3071 4007 3129 4063 et
3166 3998 3367 4055 Filium
3402 4016 3541 4056 con-

1947 4096 2112 4160 fiteri,
2144 4108 2421 4163 unamque
2466 4093 2639 4163 ipsius
2678 4108 2969 4163 personam
3010 4109 3133 4149 esse
3173 4093 3410 4149 dicunt:
3442 4094 3539 4150 sed

1947 4204 2139 4243 rursus
2164 4202 2291 4242 cum
2319 4187 2373 4240 in
2400 4185 2538 4240 duas
2564 4186 2886 4257 hypostases
2921 4185 3265 4255 distinguant
3301 4186 3536 4241 invicem

1944 4284 2248 4355 disjunctas
2314 4290 2480 4350 atque
2550 4276 2838 4344 diversas,
2915 4277 3161 4349 mysterii
3226 4278 3534 4332 doctrinam

1943 4391 2173 4447 prorsus
2202 4381 2548 4443 pervertunt.
2582 4370 2751 4425 Aiunt
2784 4369 2933 4424 enim
2966 4370 3120 4428 illum
3165 4383 3234 4423 ex
3276 4368 3532 4432 muliere,

239 4456 339 4526 τὴν
358 4457 455 4510 τοῦ
476 4457 733 4529 Σωτῆρος
754 4460 961 4531 φωνήν,
978 4457 1087 4515 Ἦν
1112 4465 1212 4535 μὲν
1235 4466 1342 4535 γὰρ
1363 4467 1834 4538 ὁμολογουμένως,

1955 4485 2039 4524 seu
2071 4469 2218 4521 illam
2255 4466 2488 4521 formam
2532 4465 2698 4529 servi,
2727 4479 2976 4518 seorsum
3015 4471 3071 4518 et
3104 4477 3203 4533 per
3235 4477 3295 4517 se
3330 4477 3533 4519 nomen

240 4550 336 4602 καὶ
369 4548 519 4603 ἔστιν
546 4551 632 4604 ἀεὶ
655 4550 784 4616 Θεὸς
820 4555 916 4606 καὶ
956 4544 1161 4623 Κύριος
1186 4560 1215 4610 ὁ
1244 4558 1344 4629 τὴν
1364 4561 1429 4613 ἐκ
1460 4560 1596 4615 Θεοῦ
1624 4562 1839 4633 Πατρὸς

1960 4559 2073 4614 llud
2122 4559 2268 4629 quod
2306 4567 2392 4613 est
2434 4573 2602 4626 super
2628 4571 2790 4611 omne
2838 4570 3038 4611 nomen
3079 4555 3379 4625 accepisse,
3404 4570 3532 4609 san-

241 4639 503 4710 γέννησιν
535 4642 779 4697 ἇποπτόν
815 4661 875 4698 τε
906 4648 999 4700 καὶ
1034 4650 1349 4722 ἀπόρρητον
1377 4651 1536 4721 ἔχων·
1568 4652 1756 4723 ἐπειδὴ
1782 4652 1841 4706 δὲ

1955 4651 2121 4721 :tique
2150 4650 2391 4720 Spiritus
2420 4649 2737 4703 unctionem
2764 4646 3093 4717 suscepisse,
3123 4654 3181 4701 et
3206 4646 3401 4711 Deum,
3427 4647 3533 4702 hoc

236 4731 465 4800 γέγονεν
490 4734 555 4785 ἐκ
581 4736 843 4803 γυναικὸς
873 4738 1013 4792 κατὰ
1049 4741 1249 4813 σάρκα,
1282 4741 1603 4813 παραδόξως
1632 4744 1713 4807 δὲ,
1745 4744 1841 4800 καὶ

1955 4750 2042 4804 ξει,
2076 4740 2170 4795 Dei
2196 4740 2377 4795 Patris
2406 4738 2668 4801 Verbum,
2696 4751 2916 4807 semper
2943 4733 3088 4805 apud
3130 4750 3189 4789 se
3217 4744 3531 4790 manentem

237 4820 382 4893 ὑπὲρ
404 4826 578 4894 ἡμᾶς,
603 4812 662 4879 ἓν
685 4830 1027 4905 ἐπιφοιτήσει
1050 4812 1366 4904 Πνεύματος
1388 4835 1568 4905 ἁγίου.
1598 4837 1693 4889 καὶ
1719 4839 1841 4891 ὲπι·

1955 4833 2145 4887 ιιώετο
2180 4851 2191 4884 :
2221 4847 2289 4885 ac
2315 4845 2598 4886 sermones
2621 4843 2891 4884 summam
2918 4825 3253 4882 dementiam
3278 4825 3532 4881 redolen-

238 4917 499 4986 σκιασμῷ
528 4916 814 4989 δυνάμεως
862 4922 1021 4990 Θεοῦ,
1048 4926 1147 4998 τὴν
1169 4927 1301 4994 γοῦν
1340 4926 1463 4980 καθ’
1509 4928 1657 4999 ἡμᾶς
1696 4928 1833 4981 ἀπό-

235 5007 385 5072 τεξιν
415 5009 721 5079 ὑπομείνας
743 5012 907 5081 (οὕτω
942 5015 1050 5087 γὰρ
1082 5018 1270 5071 ἑαυτὸν
1304 5019 1640 5073 κεκενῶσθαι
1672 5019 1829 5088 λέγε-

232 5115 349 5160 ται,
382 5102 723 5158 ταπεινῶσαί
767 5122 827 5159 τε
869 5107 965 5161 καὶ
995 5110 1052 5162 ὲν
1083 5111 1297 5184 ὑπακοῇ
1330 5114 1583 5183 γενέσθαι
1615 5118 1681 5187 τῇ
1729 5114 1828 5184 μέ-

1940 4936 2023 4981 tes
2051 4924 2229 4995 palam
2260 4931 2534 4977 eructant.
2559 4919 2698 4975 Cum
2728 4919 2900 4984 enim,
2926 4919 3082 4989 juxta
3106 4916 3407 4973 Salvatoris
3431 4931 3528 4971 vo-

1933 5036 2053 5076 cem
2079 5021 2149 5084 ”,
2176 5020 2305 5073 mali
2344 5018 2476 5080 sint,
2512 5016 2655 5070 bona
2695 5013 2845 5084 loqui
2886 5029 2999 5068 non
3031 5021 3283 5083 possunt.
3311 5010 3449 5066 Nam
3483 5012 3532 5066 is

1932 5115 2029 5185 qui
2068 5114 2123 5168 in
2142 5112 2403 5167 :isibilem
2444 5108 2893 5178 inell‘abilemque
2932 5122 2999 5162 ex
3035 5107 3148 5162 Deo
3183 5105 3345 5161 Patre
3376 5104 3529 5159 nati-

305 5239 354 5270 ’³
381 5240 705 5320 ῘἪῘῙῘΡΡκηι
748 5244 917 5320 6-9-__
950 5248 996 5281 "
1018 5248 1064 5306 II
1091 5250 1217 5308 Cor.
1253 5270 1306 5317 ν,
1358 5254 1439 5308 19.
1518 5252 1565 5285 ⁸⁸
1591 5254 1803 5310 Coloss.
1844 5271 1901 5320 ll,
1930 5255 1980 5309 9.
2060 5253 2104 5284 ⁸⁷
2141 5255 2262 5308 Act.
2295 5269 2350 5317 τ,
2394 5251 2509 5305 58.‘
2581 5246 2627 5277 ⁸⁵
2675 5246 2795 5302 Act.
2840 5261 2947 5299 xvn
3001 5242 3071 5299 30
3133 5244 3224 5299 3L
3320 5244 3367 5274 ⁸⁸
3393 5242 3525 5299 Jud.

235 5308 329 5363 io.
424 5311 471 5342 ὀ
498 5308 690 5367 nius.
728 5331 822 5383 ιη,
855 5315 945 5372 σι.

1333 5409 1507 5466 Varia:
1539 5409 1809 5466 lectiones
1838 5411 2046 5468 codicis
2080 5410 2443 5484 Seguieriani.

231 5517 899 5653 Ρουιψπροσεπερωτῶσιν,
1004 5522 1022 5557 ι
1076 5520 1458 5585 ἁναπτύοντες.
1566 5528 1595 5558 ιι
1634 5522 1972 5593 ὲμπιπλῶσι,
2076 5535 2102 5563 v
2147 5523 2588 5589 ἀποδιῖστῶντες,
2687 5533 2715 5563 ι
2769 5523 3191 5596 παρευθύνουσι²
3222 5524 3279 5597 ἢ,
3334 5518 3521 5577 διασῦ,

1781 5682 2006 5743 ΝΟΤᾹΞ.

306 5766 383 5842 (ι)
410 5768 648 5827 Acriter.
