4126 6314
627 357 724 417 ΞῊ

1619 339 1674 396 S.
1716 332 1992 396 οῑιιῐιιι
2032 327 2506 391 ALEXANDRINI
2542 329 2862 387 ARCHIEP.

3774 322 3888 377 272.

626 479 851 532 vitatem
896 468 1136 535 obtinet,
1179 477 1298 524 erat
1340 465 1531 538 procul
1576 464 1747 518 dubio
1786 470 1842 518 et
1874 470 1957 516 est
1990 471 2205 520 semper

2314 475 2399 527 χρι
2429 455 2658 509 θανάτου
2686 453 2782 505 καὶ
2813 447 3094 519 σταυροῦ),
3116 445 3283 517 ταύτῃ
3319 462 3420 510 τοι,
3440 443 3531 497 καί
3561 442 3703 512 μάλα
3738 443 3888 495 εἰκό-

629 567 775 623 Deus
800 573 857 619 et
885 561 1149 619 Dominus
1175 580 1187 614 :
1220 570 1572 631 posteaquam
1598 570 1729 611 vero
1755 551 2059 609 secundum
2084 565 2208 604 ear-

631 674 756 713 nem
795 672 864 711 ex
898 655 1126 709 muliere
1161 662 1325 707 natus
1349 661 1452 715 est,
1478 649 1572 704 sed
1609 645 1918 701 admirabili
1948 643 2129 706 modo,
2157 653 2213 696 et

633 765 798 820 supra
828 764 948 811 nos,
979 746 1236 800 nimirum
1269 744 1442 796 sancti
1478 741 1715 810 Spiritus
1744 737 1963 807 illapsu,
1990 735 2214 789 divinae-

635 859 742 914 que
774 842 993 895 virtutis
1029 835 1450 890 obumbratione
1480 834 1547 897 ⁹¹,
1575 842 1756 886 ortum
1793 828 2018 898 quidem
2051 824 2213 880 sicuti

635 949 737 988 nos
775 931 1000 986 sortitus
1031 928 1137 997 (sic
1180 941 1414 996 namque
1457 924 1810 991 semetipsum
1849 917 2214 974 exinanivisse

635 1034 693 1080 et
729 1022 1079 1085 humiliasse,
1121 1035 1334 1074 necnon
1388 1016 1566 1072 factus
1621 1013 1885 1069 obediens
1930 1025 2104 1080 usque
2146 1007 2213 1062 ad

635 1124 868 1169 mortem
892 1120 946 1166 et
969 1127 1188 1166 crucem
1221 1109 1400 1179 dicit).
1425 1124 1489 1162 ea
1513 1107 1748 1171 ratione,
1772 1114 1828 1159 et
1852 1103 2075 1173 quidem
2101 1117 2213 1155 me-

636 1207 764 1269 rito,
792 1221 992 1260 nomen
1023 1203 1168 1273 quod
1193 1211 1276 1257 est
1305 1217 1470 1270 super
1499 1215 1659 1254 omne
1686 1211 1910 1260 nomen,
1937 1193 2213 1262 accepisse

635 1296 977 1367 perhibetur,
1003 1309 1275 1362 omneque
1306 1307 1469 1362 genu,
1507 1289 1832 1353 cmlestium,
1866 1285 2211 1342 terrestrium

635 1397 692 1444 et
741 1388 1082 1443 infernarum
1135 1386 1236 1456 ipsi
1296 1385 1645 1448 incurvatur;
1695 1389 1750 1436 et
1799 1380 1980 1434 omnis
2029 1378 2212 1447 lingua

635 1483 992 1538 conﬁtebitur
1030 1480 1175 1551 quod
1209 1477 1472 1532 Dominus
1509 1476 1666 1530 Jesus
1707 1473 1960 1529 Christus
1998 1471 2055 1524 in
2093 1470 2213 1540 glo-

636 1577 717 1632 ria
732 1586 819 1631 est
834 1575 930 1630 Dei
945 1574 1124 1629 Patris
1137 1574 1201 1624 ".
1215 1572 1399 1639 Neque
1415 1568 1562 1622 enim
1581 1565 1796 1620 ratione
1814 1564 1972 1635 168
1985 1561 2212 1633 praedita

635 1680 888 1727 creatura
923 1667 1093 1721 Deum
1136 1679 1262 1718 esse
1304 1663 1457 1717 illum
1502 1661 1597 1731 qui
1645 1660 1809 1714 homo
1856 1658 2032 1712 factus
2068 1663 2211 1718 erat,

635 1761 937 1818 nesciebat.
959 1757 1092 1812 Nam
1117 1756 1367 1825 quamvis
1394 1763 1578 1808 nostra
1604 1752 1927 1822 susceperit,
1955 1749 2215 1820 perinde-

2313 567 2442 612 τως,
2486 548 2705 615 λέγεται
2755 542 2941 597 λαϐεῖν
2973 540 3033 592 τὸ
3063 539 3232 609 ὄνομα
3262 537 3323 590 τὸ
3356 535 3497 606 ὑπὲρ
3537 536 3644 588 πᾶν
3687 533 3885 604 δνομα,

2315 639 2409 692 καὶ
2436 637 2583 706 αύτῷ
2616 636 2862 706 κάμπτει
2891 633 3000 685 πᾶν
3038 629 3166 698 γόνυ
3187 673 3200 690 ,
3236 627 3592 694 ἐπουρανίων,
3624 625 3717 678 καὶ
3755 626 3886 677 ἐπι-

2313 731 2497 799 γείων,
2523 731 2629 782 καὶ
2660 725 3047 795 καταχθονίων
3076 723 3170 775 καὶ
3201 724 3350 773 πᾶσα
3380 718 3602 786 γλῶσσα
3630 716 3889 787 ἐξομολο-

2311 827 2562 892 γήσεται,
2593 823 2674 874 ὅτι
2705 820 2906 890 Κύριος
2940 813 3146 884 Ἰησοῦς
3176 811 3408 882 Χριστὸς
3448 813 3525 872 εἰς
3555 809 3710 887 δόξαν
3746 807 3888 861 Θεοῦ

2313 914 2548 985 Πατρός.
2596 913 2672 966 ’ού
2716 910 2822 981 γὰρ
2873 908 3140 978 ⁴ἠγνόησεν
3191 907 3225 975 ἠ
3265 902 3454 971 λογικὴ
3510 899 3669 969 φύσις
3705 908 3754 962 3',
3798 899 3888 951 ὅτι

2313 1008 2443 1070 Θεὸς
2462 1003 2529 1077 ἦν
2554 1007 2582 1058 6
2609 1003 3057 1072 ἐνανθρωπήσας.
3088 999 3148 1050 Εἰ
3177 997 3285 1068 γὰρ
3316 996 3410 1048 καὶ
3441 993 3663 1061 γέγονεν
3690 993 3746 1045 ἐν
3771 992 3890 1052 τοῖς

2312 1100 2434 1154 καθ’
2462 1101 2630 1169 ἡμᾶς,
2655 1098 2750 1150 καὶ
2782 1093 3177 1166 παραπλησίως
3204 1093 3332 1160 ἡμῖν
3358 1088 3689 1159 μετέσχηκεν
3721 1084 3892 1153 αἷμα,

2309 1210 2402 1257 τος
2443 1193 2539 1246 καὶ
2578 1190 2803 1257 σαρκὸς.
2830 1187 2943 1242 ἀλλ’
2992 1181 3085 1239 οὖν
3118 1185 3216 1236 ούκ
3250 1181 3654 1257 ἀποπεφοξτηκε
3678 1174 3771 1229 τοῦ
3802 1169 3890 1227 εἴ-

2312 1305 2398 1341 ναι
2431 1285 2586 1348 Θεὸς.
2619 1284 2741 1337 ούδέ
2768 1280 3072 1350 ἀπόϐλητον
3107 1277 3401 1344 ἐποιήσατο
3437 1256 3496 1325 τό
3529 1281 3551 1308 ι
3580 1266 3715 1322 εἶναι
3747 1263 3888 1337 δῆν·

2316 1376 2590 1448 μεμένηκε
2619 1372 2730 1443 γὰρ
2773 1366 3145 1440 προσκυνητὸς
3179 1365 3258 1427 εἰς
3280 1362 3436 1426 δόξαν
3475 1359 3609 1414 Θεοῦ
3647 1357 3886 1427 Πατρός.

2314 1469 2451 1532 Δόξα
2500 1466 2609 1536 γὰρ
2665 1463 2834 1535 αύτῷ,
2873 1456 3340 1531 συμϐασιλεύοντα
3383 1453 3480 1508 καὶ
3527 1465 3892 1522 συμπροσκυ-

2314 1561 2575 1632 νούμενον
2603 1554 2780 1626 ἑαυτῷ
2827 1555 2918 1607 τὸν
2951 1553 3079 1606 ἴδιον
3109 1550 3250 1620 ἔχειν
3298 1546 3444 1599 Υἱόν·
3483 1546 3530 1596 εἰ
3587 1543 3681 1596 καὶ
3724 1539 3893 1608 γέγο-

2315 1671 2404 1709 νεν
2427 1648 2782 1722 οἰκονομικῶς
2807 1647 3115 1716 ἄνθρωπος,
3155 1643 3241 1694 ἶνα
3275 1637 3423 1709 σώσῃ
3461 1638 3560 1708 τὴν
3594 1635 3685 1688 ὑπ’
3719 1633 3893 1703 ούρα-

2313 1745 2424 1798 νόν.

636 1869 743 1922 que
782 1866 845 1906 ac
894 1864 993 1903 nos
1030 1846 1183 1902 carni
1225 1855 1281 1901 et
1323 1843 1574 1915 sanguini
1616 1841 2106 1897 eommunicaverit
2131 1840 2221 1903 ον,
2262 1835 2408 1892 Deus
2446 1841 2630 1888 tamen
2659 1845 2779 1886 esse
2805 1843 2917 1883 non
2951 1825 3138 1892 desiit,
3167 1839 3344 1895 neque
3383 1822 3488 1876 hoc
3514 1821 3692 1890 ipsum
3739 1813 3898 1886 quod

637 1906 756 1999 erat
809 1941 1005 2012 abiecit
1040 1957 1054 1991 :
1098 1938 1301 1992 mansit
1359 1906 1507 1992 enim
1565 1932 1878 1989 adorandus
1928 1933 1982 1987 in
2029 1932 2255 2002 gloriam
2293 1928 2392 1983 Dei
2438 1926 2640 1982 Patris.
2674 1922 2808 1978 Nam
2837 1922 2889 1977 ei
2917 1919 3088 1992 gloria
3114 1926 3218 1983 est,
3245 1915 3532 1988 proprium
3562 1911 3768 1966 habere
3797 1906 3895 1961 Fi-

638 2035 770 2090 lium
805 2048 929 2088 cum
967 2031 1087 2100 ipso
1128 2043 1238 2083 una
1280 2033 1598 2098 regnantem
1662 2033 1824 2096 atque
1863 2022 2234 2088 adorandum;

639 2130 814 2183 factus
843 2125 914 2180 sit
945 2124 1129 2178 homo.

2309 2020 2523 2075 etiamsi
2572 2019 2620 2073 is
2682 2022 2907 2087 propter
2964 2011 3160 2066 mundi
3214 2011 3443 2065 salutem
3493 2000 3895 2074 dispensatorie

707 2219 938 2288 Quando
971 2232 1104 2288 ergo
1131 2229 1257 2269 eum
1291 2229 1321 2267 a
1351 2213 1553 2268 sanctis
1585 2212 1812 2282 angelis,
1849 2218 1965 2265 tum
1993 2225 2023 2264 a
2049 2209 2211 2263 nobis

2382 2203 2591 2257 ούκοῦν
2646 2202 2736 2255 ὅτε
2789 2197 2942 2268 παρά
2993 2213 3053 2248 τε
3101 2193 3209 2247 τῶν
3260 2191 3430 2258 ἁγίων
3477 2188 3745 2256 ἀγγέλων,
3795 2188 3898 2241 καὶ

638 2326 857 2384 quoque
890 2309 984 2378 qui
1007 2309 1065 2364 in
1093 2315 1236 2362 terra
1259 2317 1565 2367 versamur,
1591 2317 1810 2357 carnem
1848 2302 2015 2357 etiam
2046 2300 2210 2354 indu-

640 2414 730 2457 tus
767 2409 963 2455 natura
999 2405 1055 2452 et
1085 2395 1316 2450 veritate
1347 2393 1493 2448 Deus
1527 2407 1650 2448 esse
1678 2391 1925 2448 creditus
1951 2384 2055 2457 est,
2081 2400 2213 2447 tunc

639 2492 998 2548 illudvnomen
1025 2485 1169 2557 quod
1196 2495 1281 2542 est
1307 2495 1471 2555 super
1502 2498 1664 2539 omne
1702 2499 1904 2539 nomen
1934 2483 2212 2552 accepisse

640 2582 961 2652 intelligitur
989 2597 1004 2632 :
1031 2594 1140 2634 non
1173 2577 1328 2647 quasi
1367 2575 1422 2629 id
1455 2576 1607 2630 velut
1645 2575 1876 2630 auctarii
1917 2576 2036 2629 loco
2077 2589 2211 2629 eon-

638 2682 862 2730 secutus
903 2670 1072 2726 fuerit
1110 2667 1407 2742 (quomodo
1446 2667 1592 2722 enim
1620 2667 1674 2722 id
1695 2667 1843 2738 quod
1873 2677 2012 2731 erat,
2046 2676 2102 2722 et
2128 2673 2214 2721 est

638 2776 696 2821 et
718 2780 935 2836 semper
955 2764 1082 2826 erit,
1109 2769 1369 2830 tanquam
1391 2775 1502 2814 non
1528 2759 1740 2815 habens
1770 2759 2087 2829 accipiat?),
2116 2757 2213 2814 sed

640 2856 787 2929 quod
822 2857 967 2912 Deus
1004 2866 1060 2933 et
1094 2854 1254 2908 Pater
1294 2861 1506 2907 mentes
1543 2853 1789 2906 omnium
1826 2851 2134 2915 illustrarit,
2159 2860 2216 2907 et

639 2953 984 3007 inearnatum
1006 2947 1246 3004 Verbum
1275 2960 1396 3001 esse
1431 2944 1733 3000 secundum
1761 2953 2013 3000 naturain
2041 2945 2216 2999 Deum

639 3040 879 3114 ignorari
916 3055 1029 3094 non
1069 3036 1426 3108 permiserit:
1468 3054 1486 3086 ‹
1524 3035 1727 3099 Nemo,
1771 3036 1980 3105 inquit,
2025 3035 2213 3090 venire

639 3140 820 3205 potest
861 3131 938 3186 ad’
963 3145 1073 3193 me,
1114 3128 1222 3183 nisi
1258 3127 1421 3182 Pater
1447 3118 1540 3198 qui
1574 3127 1724 3182 misit
1755 3143 1864 3192 me,
1891 3129 2118 3184 traxerit
2145 3129 2212 3183 il-

643 3229 755 3282 lum
787 3225 856 3277 “.
892 3241 910 3274 ι
950 3219 1126 3276 Simili
1167 3217 1329 3273 modo
1360 3226 1416 3273 et
1451 3219 1567 3288 ipsa
1607 3234 1825 3289 quoque
1865 3220 1985 3290 ejus
2026 3220 2214 3275 unctio

640 3316 788 3371 circa
821 3314 1116 3368 humanam
1162 3318 1412 3364 naturam
1454 3307 1578 3362 fuit.
1620 3309 1756 3364 Nam
1795 3323 1921 3363 eum
1953 3309 2213 3380 Unigeni-

641 3420 750 3472 tus,
779 3405 874 3477 qui
897 3420 966 3459 ex
994 3404 1154 3458 Patre
1182 3401 1440 3473 gignitur,
1470 3400 1773 3455 secundum
1804 3409 2056 3456 naturam
2086 3417 2214 3456 san-

641 3505 764 3553 ctus
795 3503 943 3551 esset
977 3508 1088 3548 non
1121 3506 1282 3547 secus
1320 3506 1384 3544 ac
1422 3491 1602 3556 Pater,
1635 3490 1936 3546 secundum
1975 3507 2076 3548 nos
2110 3508 2214 3546 un-

641 3599 783 3653 ctus,
809 3588 915 3642 hoc
936 3594 1041 3650 est,
1063 3599 1092 3639 a
1118 3584 1276 3638 Patre
1301 3581 1672 3637 sanctiﬁcatus
1691 3583 1914 3646 dicitur,
1939 3592 2217 3653 quatenus.
2241 3565 2282 3622 ο

642 3679 904 3735 nimirum
943 3676 1108 3731 homo
1139 3674 1412 3744 apparuit.
1450 3672 1568 3740 Qua
1594 3671 1662 3728 de
1688 3689 1749 3728 re
1775 3674 2213 3743 sapientissimus

641 3771 843 3828 Paulus
872 3767 939 3824 de
971 3768 1064 3822 illo
1099 3782 1165 3821 ae
1193 3767 1262 3821 de
1299 3766 1459 3820 nobis
1499 3766 1571 3820 ita
1609 3755 1842 3821 scribit:
1884 3785 1902 3817 ι
1937 3766 2041 3832 Qui
2065 3766 2212 3821 enim

643 3857 968 3922 sanctificat,
987 3865 1044 3913 et
1082 3857 1176 3927 qui
1217 3855 1649 3920 sanctiﬁcantur,
1671 3871 1740 3911 ex
1762 3871 1874 3911 uno
1893 3872 2086 3912 omnes
2107 3857 2173 3910 9‘.
2188 3876 2205 3908 ι

641 3951 872 4021 Propter
897 3965 1059 4020 quam
1090 3963 1309 4003 causam
1347 3962 1461 4002 non
1500 3947 1854 4002 confunditur
1889 3947 2090 4003 fratres
2119 3964 2215 4004 eos

647 4058 861 4105 vocare,
890 4040 1082 4097 dicens
1114 4057 1126 4091 :
1171 4059 1188 4090 ι
1219 4039 1572 4094 Annuntiabo
1604 4054 1806 4094 nomen
1833 4047 1988 4092 tuum
2025 4038 2213 4094 fratri-

645 4129 749 4187 bus
776 4132 915 4186 meis
937 4132 1006 4183 ’⁵.
1040 4147 1059 4180 ι
1095 4128 1237 4198 Ergo
1267 4142 1390 4182 cum
1423 4127 1747 4198 Unigenitus
1783 4127 2083 4182 secundum
2119 4143 2218 4182 na-

644 4230 826 4278 turam
857 4233 1011 4275 suam
1040 4227 1263 4274 sanctus
1301 4217 1393 4282 sit,
1431 4218 1712 4287 ipsamque
1745 4226 2052 4272 creaturam
2086 4234 2214 4272 san-

643 4311 880 4377 ctiﬁcat;
915 4319 1154 4366 attamen
1184 4324 1311 4362 eum
1341 4308 1508 4363 frater
1543 4316 1729 4362 noster
1755 4318 1839 4363 est
1862 4307 2057 4373 factus,
2085 4316 2216 4365 tunc

645 4402 944 4458 secundum
998 4401 1294 4455 humanam
1347 4408 1603 4454 naturam
1658 4399 1946 4454 nobiscum
1995 4416 2216 4470 quoque

646 4503 845 4550 unctus
883 4493 1109 4558 dicitur,
1148 4502 1337 4562 utpote
1376 4507 1690 4547 mensuram
1724 4491 1975 4548 humana:
2007 4501 2218 4549 naturae

647 4587 1064 4641 convenientem
1103 4593 1158 4639 et
1201 4596 1625 4639 eonsentaneam
1663 4597 1892 4655 prepter
1930 4584 2215 4655 dispensa-

647 4678 853 4732 tionem
904 4692 1248 4747 nequaquam
1293 4685 1634 4747 aspernatus.
1684 4676 1762 4731 lta
1806 4677 1954 4732 enim
1994 4677 2216 4732 beatum

646 4768 913 4825 Joannem
937 4766 1231 4837 Baptistam
1257 4767 1504 4837 profecto
1533 4769 1828 4838 alloquitur
1855 4787 1868 4822 :
1904 4789 1921 4821 ι
1949 4770 2217 4836 Quoniam

2309 2294 2469 2368 ἡμῶν
2492 2293 2601 2345 τῶν
2631 2291 2726 2344 ἐπὶ
2764 2289 2863 2358 τῆς
2895 2289 3001 2358 γῆς
3031 2285 3347 2352 ἐπιστεύθη,
3374 2282 3467 2335 καὶ
3495 2281 3629 2351 μετὰ
3664 2279 3900 2350 σαρκὸς,

2311 2389 2386 2453 ὡς
2417 2387 2504 2456 εἰη
2535 2384 2668 2448 Θεὸς
2695 2382 2856 2453 φύσει
2889 2398 2949 2434 τε
2979 2380 3074 2434 καὶ
3111 2375 3346 2448 ἀληθῶς,
3375 2374 3496 2427 τότε
3529 2373 3590 2426 τδ
3627 2372 3765 2444 ὑπὲρ
3782 2374 3898 2425 πᾶν

2311 2482 2482 2552 ονομα
2522 2480 2723 2531 νοεῖται
2765 2473 2968 2540 λαϐὼν,
3018 2472 3120 2525 οὐκ
3169 2471 3229 2523 ὲν
3272 2467 3590 2540 προσθήκης
3623 2463 3789 2536 μοίρᾳ
3826 2465 3900 2517 τὸ

2312 2572 2505 2646 χρῆμα
2537 2566 2836 2642 κερδαίνων
2875 2563 3059 2627 αὐτὸς,
3096 2561 3144 2631 (6
3169 2554 3374 2646 γὰρῆν
3408 2573 3469 2610 τε
3505 2557 3599 2610 καὶ
3637 2555 3774 2617 ἔστι,
3798 2554 3900 2606 καὶ

2313 2643 2469 2718 tam
2500 2660 2609 2721 ἀεὶ,
2639 2656 2758 2720 πῶς
2779 2653 2846 2709 ἂν
2873 2653 2948 2716 ὡς
2979 2650 3080 2705 οὐκ
3107 2649 3245 2720 ἔχων
3269 2645 3425 2701 λάϐοι
3445 2645 3485 2714 ;)
3519 2643 3899 2715 ὲλλάμψαντος

2311 2755 2368 2808 δὲ
2401 2753 2601 2826 μᾶλλον
2632 2752 2753 2812 ταῖς
2787 2747 3042 2802 ἀπάντων
3079 2740 3336 2805 διανοίαις
3369 2738 3461 2793 τοῦ
3488 2735 3623 2792 Θεοῦ
3652 2737 3747 2789 καὶ
3773 2735 3898 2788 Πα-

2313 2846 2464 2918 τρὸς,
2486 2845 2582 2899 καὶ
2609 2842 2701 2895 τὸν
2730 2836 3083 2910 σαρκωθέντα
3115 2833 3308 2900 Λόγον,
3342 2831 3425 2884 ὅτι
3450 2828 3585 2892 Θεὸς
3613 2826 3755 2881 κατά
3787 2826 3902 2894 φύ-

2299 2916 2400 2990 ,σιν
2422 2934 2568 2989 ἐστὶν
2595 2933 2858 3001 ἀγνοῆσαι
2891 2925 2966 2998 μὴ
2989 2924 3463 2994 συγχωρήσαντος.
3492 2939 3509 2970 ι
3543 2918 3728 2980 υύδείς
3757 2916 3899 2987 γὰρ,

2315 3026 2468 3097 φησὶ,
2503 3023 2728 3077 δύναται
2767 3017 2942 3072 ἐλθεῖν
2989 3015 3124 3086 πρός
3171 3030 3260 3083 με,
3299 3011 3394 3064 ἐὰν
3446 3009 3516 3080 μὴ
3556 3011 3584 3062 6
3638 3009 3826 3078 Πατὴρ
3868 3008 3903 3060 6

2315 3117 2541 3190 πέμψας
2573 3132 2640 3186 με
2691 3111 2894 3182 ἑλκύσῃ
2929 3109 3112 3163 αὐτόν.
3151 3125 3169 3158 ι
3208 3104 3402 3174 Γέγονε
3427 3103 3483 3156 δὲ
3527 3103 3620 3155 καὶ
3646 3103 3679 3171 ὴ
3715 3100 3908 3172 χρίσις

2315 3211 2462 3282 αύτῷ
2482 3211 2608 3281 περί
2638 3207 2698 3260 τὸ
2719 3202 3074 3275 ἀνθρώπινον.
3107 3200 3298 3268 ’Ἄγιος
3317 3198 3388 3267 γά
3395 3213 3426 3268 ρ
3452 3195 3526 3249 ὢν
3546 3194 3687 3248 κατά
3707 3193 3902 3264 φύσιν,

2315 3300 2567 3371 καθάπερ
2595 3296 2811 3366 ἀμέλει,
2837 3294 2934 3348 καὶ
2969 3295 2998 3346 6
3043 3291 3236 3362 Πατὴρ
3276 3288 3373 3343 καὶ
3399 3290 3430 3342 6
3455 3287 3515 3353 ἐξ
3561 3283 3728 3340 αὐτοῦ
3769 3301 3904 3352 γιν-

2315 3393 2499 3464 νηθεὶς
2550 3403 2575 3431 ι
2611 3388 2739 3451 Υἱὸς
2791 3383 3105 3458 μονογενὴς,
3159 3379 3447 3453 κεχρίσθαι
3497 3379 3718 3448 λέγεται
3770 3377 3906 3432 καθ’

2317 3486 2486 3557 ἡμᾶς,
2519 3483 2686 3553 ἤγουν
2717 3478 2982 3552 ἡγιάσθαι
3015 3474 3165 3548 παρὰ
3205 3472 3302 3528 τοῦ
3350 3471 3588 3544 Πατρὸς,
3621 3470 3758 3526 mea
3794 3471 3903 3524 πέ-

2315 3593 2484 3648 φηνεν
2533 3572 2838 3644 ἄνθρωπος.
2889 3570 3097 3641 Γράφει
3132 3566 3263 3636 γοῦν
3301 3566 3331 3618 6
3368 3565 3644 3634 πάνσοφος
3681 3561 3905 3626 Παῦλος

2315 3669 2442 3740 περί
2477 3683 2539 3720 τε
2586 3663 2752 3719 αὐτοῦ
2790 3663 2885 3716 καὶ
2929 3659 3110 3732 ἡμῶν·
3147 3680 3163 3710 ι
3192 3657 3262 3713 '0
3305 3674 3364 3721 τε
3393 3657 3502 3728 γὰρ
3529 3654 3776 3724 ἁγιάζων
3801 3655 3905 3710 καὶ

2313 3764 2360 3817 οἱ
2394 3755 2746 3829 ἁγιαζόμενοι
2799 3753 2859 3820 ἐξ
2901 3754 3021 3816 ἑνὸς
3058 3751 3278 3813 πάντες·
3323 3769 3341 3800 ι
3392 3748 3459 3801 δι’
3485 3749 3552 3819 ἣν
3577 3748 3757 3803 αἰτίαν
3796 3748 3907 3802 οὐκ

2315 3849 2701 3920 ἐπαισχύνεται
2725 3845 2986 3914 ἀδελφοὺς
3003 3842 3199 3904 αὐτοὺς
3221 3841 3426 3902 καλεῖν,
3441 3837 3664 3907 λέγων’(
3685 3840 3904 3908 Ἀπαγ-

2315 3944 2458 4014 γελῶ
2483 3943 2542 3997 τὸ
2567 3940 2738 4011 δνομά
2770 3955 2863 3991 σου
2898 3939 3010 4000 τοῖς
3047 3933 3296 4002 ἀδελφοῖς
3324 3949 3444 4002 μου.
3475 3951 3495 3982 ι
3522 3930 3730 3985 Οὐκοῦν
3754 3931 3904 3985 κατά

2315 4038 2479 4108 φύσιν
2514 4035 2667 4102 ἅγιος
2695 4032 2768 4084 ὣν
2800 4030 2829 4082 6
2861 4025 3194 4096 Μονογενὴς,
3227 4025 3321 4078 καὶ
3351 4021 3593 4091 ἁγιάζων
3628 4020 3903 4092 τῆν’κτε-

2319 4147 2421 4192 σιν,
2462 4129 2552 4181 ὅτε
2587 4122 2997 4195 κεχρημάτικεν
3029 4119 3183 4190 ἡμῶν
3212 4116 3460 4184 ἀδελφὸς.
3490 4114 3612 4167 τότε
3649 4113 3745 4167 καὶ
3775 4114 3902 4184 μεθ’

2316 4221 2476 4294 ἡμῶν
2505 4215 2861 4288 ἀνθρωπίνως
2891 4210 3172 4282 κεχρίσθαι
3209 4208 3451 4275 λέγεται,
3483 4207 3545 4259 τὸ
3575 4208 3643 4277 τῇ
3678 4205 3900 4276 ἀνθρωο

2318 4313 2511 4382 πότητι
2552 4307 2763 4378 πρέπον
2798 4321 2858 4356 τε
2896 4304 2992 4356 καὶ
3039 4300 3184 4364 εἰκὸς
3227 4299 3328 4351 ούκ
3370 4296 3642 4367 ἀτιμάσας
3672 4295 3895 4366 μέτρον,

2317 4404 2406 4458 διὰ
2429 4403 2528 4474 τὴν
2557 4397 2893 4468 οἰκονομίαν.
2921 4391 3080 4446 Οὖτω
3107 4390 3218 4460 γάρ
3247 4387 3349 4442 πού
3373 4405 3508 4457 φησι
3529 4387 3776 4457 καὶπρὸς
3802 4387 3900 4442 τὸν

2319 4495 2604 4550 Θεσπέσιον
2630 4488 2962 4557 Βαπτιστήν·
2998 4503 3016 4536 ι
3058 4484 3180 4536 Ὅτι
3213 4482 3422 4552 πρέπον
3451 4482 3580 4552 ἡμῖν
3608 4481 3723 4532 ἐστι
3753 4481 3899 4550 πλη.

2325 4587 2495 4658 ρῶσαι
2535 4584 2715 4636 πᾶσαν
2742 4574 3106 4645 δικαιοσύνην.
3151 4590 3172 4626 ι
3204 4572 3266 4624 Εἰ
3295 4569 3352 4622 δὲ
3380 4568 3446 4639 δὴ
3489 4567 3700 4638 λέγοιτο
3746 4569 3844 4621 καὶ
3872 4571 3903 4623 6

2320 4678 2455 4740 Θεὸς
2484 4671 2623 4730 εἶναι
2654 4672 2770 4743 μετ’
2801 4668 2987 4732 αὑτοῦ,
3023 4665 3140 4729 πῶς
3169 4662 3445 4735 ἠγνόησαν
3472 4663 3521 4713 οἰ
3554 4661 3718 4714 δεινοί
3749 4678 3902 4730 σοφι-

2323 4770 2464 4832 σταὶ,
2497 4769 2579 4821 ὅτι
2614 4766 2860 4819 σύνεστιν
2904 4761 2992 4814 ἀεὶ
3036 4755 3281 4828 φυσικῶς
3331 4757 3359 4807 6
3419 4754 3607 4825 Πατὴρ
3651 4753 3728 4823 τῷ
3757 4755 3897 4825 Υἰῷ,

649 4860 807 4914 decet
845 4873 946 4912 nos
983 4859 1209 4928 implere
1245 4875 1462 4914 omnem
1510 4860 1777 4930 justitiam
1807 4861 1873 4914 ⁸⁸.
1919 4879 1936 4911 ›
1977 4859 2133 4927 Quod
2171 4863 2215 4916 si

2323 4863 2484 4926 αὐτός
2513 4878 2574 4913 τε
2601 4857 2677 4912 ὢν
2715 4859 2772 4909 ὲν
2810 4852 2981 4923 αὐτῷ,
3021 4852 3115 4904 καὶ
3153 4849 3292 4919 ἔχων
3321 4846 3480 4899 αὐτὸν
3511 4848 3568 4899 ὲν
3601 4844 3784 4914 αύτῷ;
3824 4846 3895 4899 Ἣ

2576 4952 2585 4955 -
2867 4947 2882 4955 ,
2913 4945 2924 4955 ,
3224 4939 3251 4950 -
3288 4940 3332 4955 ν
3493 4937 3538 4955 ..ν
3630 4937 3690 4955 ,η
3717 4936 3797 4955 ἡ-

647 4946 792 5002 Deus
814 4962 938 5001 cum
974 4947 1093 5015 ipso
1115 4962 1332 5016 quoque
1362 4964 1482 5003 esse
1507 4949 1745 5013 dicatur,
1770 4951 2047 5019 quomodo
2072 4952 2215 5005 acuti

2320 4958 2382 5010 ού
2428 4952 2822 5022 διαμέμνηνται
2867 4945 3118 5013 λέγοντος
3159 4939 3253 4995 τοῦ
3287 4937 3543 5009 Χριστοῦ·
3577 4955 3595 4987 ι
3630 4936 3900 4992 Τοσοῦτον

651 5037 728 5092 illi
779 5039 1033 5108 sophista:
1089 5055 1196 5092 non
1258 5040 1568 5109 intelligunt
1625 5043 1838 5096 Patrem
1898 5043 2215 5109 naturaliter

2317 5047 2511 5120 χρόνον
2546 5041 2662 5112 μεθ’
2700 5037 2855 5109 ὑμῶν
2892 5038 3031 5105 εἰμι,
3065 5030 3279 5085 καὶούκ
3298 5028 3542 5096 ἔγνωκάς
3581 5044 3669 5096 με,
3705 5026 3899 5080 Φίλιπ-

650 5146 869 5199 semper
893 5146 1013 5184 esse
1049 5146 1173 5185 cum
1215 5130 1371 5194 Filio,
1405 5149 1530 5186 cum
1572 5142 1628 5187 et
1673 5134 1788 5203 ipse
1831 5136 1885 5188 in
1930 5135 2021 5190 illo
2050 5136 2140 5200 sit,
2168 5149 2215 5192 el

2321 5117 2421 5198 πες
2451 5137 2508 5188 Ὀ
2543 5130 2799 5204 ἑωρακὼς
2821 5129 2946 5199 ἐμὲ,
2972 5126 3185 5195 ἑώρακε
3217 5123 3305 5174 τὸν
3328 5121 3568 5192 Πατέρα.
3595 5117 3736 5187 Ἐγὼ
3753 5121 3852 5172 καὶ
3875 5122 3902 5172 6

653 5224 805 5277 illum
847 5222 902 5276 in
943 5223 1121 5290 seipse
1155 5223 1385 5277 habeat?
1416 5226 1495 5278 An
1542 5241 1649 5278 non
1690 5228 2062 5282 meminerunt
2090 5229 2215 5299 quid

2325 5228 2511 5298 Πατὴρ
2546 5226 2605 5278 ἓν
2648 5228 2836 5292 ἐσμεν.
2871 5221 2946 5274 Ού
2985 5216 3291 5281 πιστεύεις,
3321 5215 3400 5268 ὅτι
3435 5213 3546 5282 ἐγὼ
3581 5214 3638 5264 ὲν
3674 5211 3750 5280 τῷ
3786 5213 3899 5264 Πα-

650 5313 904 5367 Cbristus
933 5313 1080 5366 dicat
1114 5331 1125 5365 :
1159 5334 1177 5364 ‹
1215 5314 1390 5368 Tanto
1422 5328 1664 5386 tempore
1688 5319 1970 5374 vobiscum
1995 5337 2136 5384 sum,
2169 5331 2215 5375 et

2324 5320 2432 5389 τρὶ,
2466 5317 2559 5369 καὶ
2596 5318 2625 5368 6
2667 5314 2860 5384 Πατὴρ
2888 5315 2946 5364 ὲν
2977 5308 3100 5380 ὲμοί
3123 5309 3303 5372 ὲστιν;
3348 5327 3364 5356 ι
3398 5307 3544 5375 Ἔφη
3574 5304 3628 5356 δὲ
3658 5303 3750 5355 καὶ
3782 5303 3901 5355 ὲτὲ-

720 5474 761 5506 ⁸³
786 5473 916 5526 Luc.
946 5489 983 5534 ι,
1011 5471 1097 5525 35.
1175 5473 1220 5502 θ’
1246 5473 1478 5542 Philipp.
1512 5491 1567 5537 n,
1596 5475 1746 5529 6-H.

647 5543 737 5596 23.
815 5544 859 5571 ’³⁸
881 5543 1068 5596 Matth.
1102 5557 1179 5606 ni,
1209 5543 1296 5594 15.
1539 5556 1562 5571 ο

1844 5479 1908 5507 ⁹²”
1948 5477 2114 5531 Ilcbr.
2147 5494 2202 5538 ιι,

2314 5518 2323 5527 .
2402 5475 2447 5505 ’³
2481 5473 2634 5527 Joan.
2676 5489 2748 5534 vr,
2785 5471 2877 5523 Η.-
2950 5468 2996 5500 ’δ
3031 5465 3195 5523 Hebr.
3228 5463 3400 5528 11,“.
3476 5462 3520 5495 ⁵⁸
3556 5457 3694 5515 Psal.
3732 5473 3897 5520 xxvu,

1744 5635 1918 5690 Variae
1943 5635 2207 5690 lectiones
2239 5632 2444 5688 codicis
2466 5631 2834 5700 Seguieriani.

1301 5760 1326 5786 α
1372 5745 1646 5816 πεφηνὼς.
