4126 6314
214 344 304 402 ΥΙΞ
1627 343 1970 404 εηετοω.
2008 343 2072 400 L.
3373 343 3482 400 274

217 455 352 529 paea,
384 454 502 517 τοῖς
541 453 717 521 ἀγίοις
751 453 918 509 αὐτοῦ
952 453 1220 525 μαθηταῖς
1247 453 1586 527 προσλαλῶνο
1622 457 1788 530 «Ἕρ-

1899 472 2004 512 non
2032 455 2339 528 cognovisti
2372 470 2480 521 me,
2508 453 2800 526 Philippe?
2827 448 2932 519 Qui
2961 451 3102 505 vidit
3125 467 3237 518 me,
3266 452 3404 510 vidit
3423 462 3485 514 et

215 546 518 620 χεταιῶρα,
556 548 650 601 καὶ
691 548 968 618 ἐλήλυθεν,
1011 548 1100 610 ῐνα
1149 549 1518 620 σκορπισθῆτε
1553 549 1788 617 ἕκαστος

1899 550 2104 604 Patrem
2129 550 2196 602 "’.
2233 547 2348 619 Ego
2370 557 2426 604 et
2451 548 2614 603 Pater
2640 559 2813 600 unum
2839 557 3036 599 sumus
3059 542 3126 598 ".
3159 543 3276 599 Non
3302 545 3483 602 credis

214 642 285 706 si;
311 640 377 694 τά
415 639 548 704 ῐδια,
575 641 671 695 καὶ
705 641 807 712 ἐμὲ
842 641 1003 710 μόνον
1041 642 1237 711 ἀφῆτε·
1271 647 1365 697 καὶ
1398 644 1500 697 οὒκ
1533 647 1648 714 ειμι
1694 646 1790 717 μό-

1899 643 2019 715 quia
2052 659 2156 715 ego
2191 644 2248 699 in
2287 645 2470 709 Patre,
2496 651 2553 699 et
2583 642 2746 698 Pater
2769 640 2827 695 in
2854 654 2945 695 me
2971 644 3058 694 est
3083 637 3168 691 ”?
3199 657 3218 690 ι
3252 637 3321 692 Ει
3347 637 3484 694 alibi

213 747 315 796 νος,
358 732 442 786 ὅτι
481 735 510 786 ό
555 733 744 804 Πατήρ
798 747 899 801 μου
948 734 1069 803 μετ’
1107 731 1244 812 ἐμοῦ
1298 736 1466 789 ἐστιν.
1509 754 1527 787 ι
1570 737 1646 790 Οὐ
1677 737 1790 810 γάρ

1899 750 2113 790 rursum
2149 735 2452 805 discipulos
2495 733 2786 802 alloquens
2828 731 2906 787 ait
2935 749 2948 785 :
2986 748 3007 783 ι
3039 729 3202 784 Venit
3240 728 3400 792 hora,
3426 735 3485 783 et

211 838 305 886 τοι,
322 823 469 878 καθά
497 823 812 894 νομίζουσιν
839 825 887 876 οί
907 824 1017 877 τῶν
1038 825 1338 896 ἀλλοτρίων
1362 827 1573 898 ἐμέτων
1596 829 1791 883 ἀσυνέ-

1899 830 1995 893 iam
2032 828 2205 892 venit,
2246 826 2406 898 169
2446 835 2508 880 ut
2552 823 2948 895 dispergamini
2998 820 3378 890 unusquisque
3423 818 3480 874 in

211 929 311 978 τως
364 915 868 986 ἀναπιμπλάμενοι,
899 916 1032 980 Θεὸς
1067 917 1142 970 ὢν
1182 921 1210 971 ό
1237 917 1432 987 Λόγος,
1475 919 1552 983 ὡς
1597 921 1786 994 ἕτερος

211 1001 280 1057 ῶν
309 1004 459 1068 Υἱὸς,
490 1005 610 1075 μεθ’
653 1005 841 1078 ἑτέρου
873 1005 1093 1074 γέγονεν
1121 1006 1276 1070 Υἱοῦ,
1315 1006 1410 1060 τοῦ
1445 1009 1783 1080 ἀναληφθέν-

210 1109 298 1158 τος
333 1095 624 1166 ἀνθρώπου
653 1096 815 1168 (τομὴ
844 1098 950 1168 γὰρ
990 1097 1168 1161 τοῦτο,
1203 1099 1298 1153 καὶ
1332 1099 1613 1172 διαίρεσις,
1652 1101 1786 1156 υἱῶν

209 1183 368 1240 δυάδα
419 1187 920 1258 παρακομίζουσα),
975 1188 1087 1242 ἀλλ’
1122 1186 1191 1259 ἦν
1239 1191 1268 1243 ὁ
1317 1189 1448 1253 Θεὸς
1475 1191 1568 1245 καὶ
1598 1192 1785 1264 Πατὴρ

213 1278 344 1346 μετά
369 1276 469 1329 τοῦ
497 1277 651 1344 Υίοῦ,
692 1279 938 1332 τουτέστι
985 1279 1122 1348 μετά
1165 1277 1262 1332 τοῦ
1310 1279 1684 1347 σαρκωθὲντος
1726 1299 1788 1336 τι

210 1370 298 1421 καὶ
349 1369 875 1442 ἑνανθρωπήσαντος
917 1370 1011 1428 τοῦ
1041 1370 1176 1425 Θεοῦ
1227 1373 1424 1440 Λόγου·
1484 1373 1789 1444 ἀχώριστος

209 1461 311 1530 γάρ
341 1463 368 1513 ό
400 1463 596 1534 Πατὴρ
625 1462 722 1515 τοῦ
751 1462 904 1518 Υίοῦ.

1890 921 2137 991 propria,
2161 931 2218 974 et
2241 935 2327 973 me
2353 917 2531 972 solum
2555 917 2883 986 relinquatis
2908 933 2923 969 :
2946 926 3004 970 et
3025 930 3138 970 non
3161 929 3282 968 sum
3307 913 3479 979 solus,

1891 1013 2152 1081 quoniam
2181 1013 2341 1066 Pater
2367 1025 2526 1065 meus
2563 1024 2782 1065 mecum
2811 1017 2899 1064 est
2930 1007 2968 1062 ⁸.
3002 1026 3021 1059 ι
3065 1007 3188 1062 Non
3219 1007 3393 1070 enim,
3420 1013 3484 1059 ut

1889 1103 1929 1158 ii
1959 1119 2288 1174 persuasum
2324 1103 2531 1158 habent
2563 1103 2658 1173 qui
2693 1101 2876 1156 alieno
2906 1099 3117 1154 vomitu
3155 1096 3484 1167 insipienter

1892 1196 2199 1266 replentur,
2226 1196 2468 1251 Verbum
2501 1195 2650 1265 quod
2687 1193 2836 1250 Deus
2870 1202 3009 1257 erat,
3039 1200 3301 1260 tanquam
3341 1188 3484 1242 alter

1893 1286 2068 1342 Filius
2100 1303 2225 1342 cum
2261 1288 2437 1342 altero
2471 1286 2634 1350 Filio,
2665 1300 2865 1355 nempe
2901 1299 3026 1338 cum
3063 1289 3346 1351 assumpto
3379 1279 3483 1333 ho-

1891 1379 2043 1435 mine
2106 1377 2209 1431 fuit
2281 1375 2374 1444 (id
2443 1375 2725 1429 enimvero
2792 1373 2965 1430 sectio
3025 1381 3110 1428 est
3172 1384 3333 1443 atque
3402 1371 3488 1426 di-

1893 1471 2057 1537 visio,
2091 1471 2328 1526 ﬂliorum
2365 1470 2692 1524 dualitatem
2726 1466 3046 1537 inducens);
3076 1467 3173 1522 sed
3197 1476 3316 1520 erat
3337 1465 3490 1520 Deus

207 1562 259 1607 et
283 1553 446 1608 Pater
473 1569 601 1609 cum
629 1556 789 1620 Filio,
828 1556 934 1614 hoc
960 1567 1065 1624 est,
1089 1575 1218 1614 cum
1257 1560 1543 1618 incarnato
1582 1562 2056 1636 inhumanatoque
2095 1567 2209 1622 Deo
2247 1566 2430 1621 Verbo
2462 1583 2474 1618 :
2515 1565 2679 1620 Pater
2715 1578 2954 1632 namque
2992 1577 3022 1615 a
3066 1560 3203 1614 Filio
3243 1558 3486 1630 separari

209 1657 553 1716 nequaquam
586 1653 786 1715 potest.

275 1735 336 1788 Ei
375 1737 437 1789 δὲ
464 1736 528 1807 δὴ
568 1738 752 1807 μέλλει
794 1741 1002 1812 κρίνειν
1046 1743 1145 1813 τὴν
1181 1744 1509 1816 οἰκουμένην
1537 1747 1566 1797 ό
1588 1745 1617 1784 δ
1648 1744 1784 1807 Θεὸς

1961 1741 2082 1797 1am
2116 1743 2222 1798 etsi
2256 1744 2403 1799 Deus
2425 1742 2777 1815 iudicaturus
2802 1740 2873 1795 sit
2899 1739 3088 1794 orbem
3123 1748 3398 1795 terrarum
3429 1740 3488 1794 in

208 1827 262 1879 tv
289 1829 472 1898 ἀνδρὶ,
502 1823 548 1898 ᾧ
579 1829 804 1901 ὥρισεν,
847 1833 948 1888 οὐκ
989 1847 1013 1876 ε
1060 1835 1125 1888 ἂν
1160 1836 1324 1890 οἴοιτό
1365 1854 1449 1901 τις
1485 1833 1545 1891 εὖ
1577 1838 1791 1908 φρονῶν

209 1919 282 1972 ὅτι
311 1919 405 1972 τὸν
444 1922 896 1996 Μονογενῆφησι
949 1926 1011 1979 τὸ
1054 1927 1296 1998 Γράμμα
1334 1929 1392 1981 τὸ
1427 1929 1592 2000 ἱερὸν,
1622 1930 1701 1993 ὡς
1734 1931 1792 1982 ἐν

209 2010 354 2083 ἀνδρὶ
398 2013 680 2085 νοουμένῳ
711 2019 1030 2089 καταμόνας
1071 2019 1184 2090 Υίῷ
1211 2020 1288 2090 τῷ
1317 2023 1380 2073 ὲκ
1408 2022 1686 2089 γυναικὸς,
1711 2023 1792 2075 διο

210 2102 391 2162 κάσειν
420 2104 524 2177 τὴν
564 2107 655 2160 ὑπ’
696 2109 945 2179 οὐρανόν.
991 2111 1201 2165 Ἐκεῖνο
1232 2113 1288 2166 δὲ
1333 2112 1534 2183 μᾶλλον
1572 2113 1795 2178 εὐσεϐὲς

211 2194 475 2266 ὑπάρχειν
516 2198 1012 2271 διαϐεϐαιούμεθα,
1069 2204 1132 2256 τὸ
1171 2205 1370 2273 χρῆναι
1421 2208 1562 2259 νοεῖν
1591 2246 1606 2268 ,
1656 2209 1794 2278 ὅπερ

211 2284 305 2356 εφη
334 2288 598 2358 Χριστόςο
644 2309 662 2341 ι
709 2292 847 2345 Οὐδὲ
894 2293 1004 2364 γὰρ
1053 2296 1083 2348 ό
1117 2296 1307 2367 Πατὴρ
1348 2297 1522 2366 κρίνει
1578 2299 1792 2362 οὐδένα,

212 2376 340 2432 ἀλλὰ
375 2381 560 2434 πᾶσαν
605 2384 705 2451 τὴν
748 2384 930 2454 κρίσιν
962 2387 1163 2443 δέδωκε
1207 2388 1285 2459 τῷ
1318 2391 1451 2460 mp,
1480 2393 1567 2445 ἵνα
1593 2393 1794 2455 πάντες

211 2470 406 2541 τιμῶσι
444 2471 541 2525 τὸν
591 2474 744 2538 ἴίὸν,
778 2478 960 2540 καθὼς
1006 2480 1209 2549 τιμῶσι
1254 2481 1344 2534 τὸν
1384 2483 1628 2554 Πατέρα.
1668 2504 1687 2536 ι
1737 2485 1794 2537 '0

211 2564 314 2634 γάρ
338 2581 420 2617 τοι
456 2564 589 2629 Θεὸς
625 2567 800 2634 Λόγος
830 2570 1067 2638 γεγονὼς
1109 2571 1412 2644 ἄνθρωπος,
1443 2575 1539 2626 καὶ
1568 2575 1797 2637 τελέσας

216 2660 267 2710 iv
297 2659 572 2726 ἀνδράσιν,
593 2660 760 2730 ἤγουν
789 2663 945 2715 τοῦτο
979 2663 1098 2733 μεθ’
1134 2665 1288 2733 ἡμῶν
1319 2665 1667 2730 ὀνομασθείς.
1693 2667 1783 2719 0'3-

215 2745 293 2798 δὶν
335 2743 502 2818 ἦττον
567 2748 717 2800 ἔσται
781 2751 1019 2820 κριτὴς,
1075 2751 1148 2815 ὡς
1208 2752 1340 2817 Θεὸς
1395 2756 1488 2807 καὶ
1542 2756 1792 2825 Κύριος,

217 2835 300 2889 καὶ
324 2833 405 2902 εἷς
434 2836 514 2890 ὣν
544 2839 696 2902 Υἱὸς,
721 2841 930 2905 ἐνόντος
959 2843 1105 2914 αὐτῷ
1132 2845 1227 2897 καὶ
1251 2846 1374 2898 τότε
1404 2846 1499 2899 τοῦ
1529 2847 1663 2900 Θεοῦ
1703 2849 1798 2900 καὶ

217 2927 440 3001 [ἱατρς.
494 2930 647 3000 Ἐχει
676 2933 804 3004 γὰρ,
840 2934 915 2997 ὡς
962 2934 1125 3004 ἔφην,
1161 2939 1217 2988 ὲν
1252 2937 1434 3008 ἑαυτῷ
1473 2939 1566 2990 τὸν
1606 2939 1799 3009 γεννή-

220 3036 396 3074 σαντα·
429 3024 523 3076 καὶ
552 3025 714 3088 αὐτὸς
747 3026 802 3078 δέ
842 3029 988 3079 ἐστιν
1016 3029 1072 3080 ὲν
1104 3027 1273 3098 αὐτῷ.
1305 3030 1513 3100 Ὥσπερ
1546 3031 1601 3082 δέ
1652 3034 1798 3084 ἐστιν

217 3105 290 3173 ιῖς
335 3112 363 3164 6
404 3111 536 3174 Θεὸς
573 3115 667 3167 καὶ
701 3115 909 3184 Πατὴρ,
957 3115 1014 3180 ἐξ
1048 3109 1108 3168 οὗ
1160 3117 1230 3170 τά
1281 3119 1493 3182 πάντα,
1529 3118 1670 3170 οὓτω
1720 3114 1798 3181 εἷς

221 3201 418 3273 Κύριος
453 3204 662 3275 Ἰησοῦς
695 3205 952 3275 Χριστὸς,
983 3209 1050 3260 δι’
1077 3203 1137 3262 οὗ
1176 3209 1245 3261 τὰ
1269 3211 1467 3263 πάντα.
1515 3211 1800 3282 Παρευθύ-

219 3310 362 3348 νουσι
402 3295 462 3348 δὲ
494 3295 648 3352 οὐδὲν
675 3293 838 3369 ἦττον
877 3297 972 3350 ἐπὶ
1003 3298 1064 3351 τὸ
1103 3299 1358 3363 ἀκαλλὲς,
1407 3303 1501 3358 καὶ
1526 3302 1587 3354 τὸ
1621 3303 1799 3372 ὀρθῶς

221 3385 502 3456 εἰρημένον
544 3387 632 3440 διὰ
668 3391 763 3458 τῆς
810 3388 902 3446 τοῦ
933 3390 1204 3462 μακαρίου
1241 3391 1457 3460 Παύλου
1490 3397 1694 3464 φωνῆς.
1741 3396 1799 3448 '0

218 3477 315 3551 μὲν
349 3479 461 3549 γὰρ
486 3479 613 3549 ἔφη,
645 3482 740 3534 καὶ
779 3481 921 3552 μάλα
948 3484 1144 3555 ὀρθῶς,
1179 3485 1262 3538 ὅτι
1286 3505 1306 3537 ί
1340 3485 1474 3550 Θεὸς
1488 3483 1556 3559 ἦν
1577 3489 1634 3542 ὲν
1662 3488 1801 3561 Χρι-

220 3565 347 3638 στῷ,
375 3569 583 3640 κόσμον
608 3572 1003 3626 καταλλάσσων
1032 3575 1234 3641 ἑαυτῷ.
1281 3596 1300 3628 ο
1324 3579 1387 3630 Oi
1420 3577 1478 3631 δὲ
1504 3564 1666 3633 πάλιν
1698 3599 1800 3634 πα-

218 3662 366 3731 χεῖάν
398 3678 523 3718 τινα
564 3663 643 3735 τῷ
682 3664 762 3716 ἑνὶ
806 3665 1028 3736 Χριστῷ
1062 3664 1155 3720 καὶ
1196 3667 1310 3739 Υίῷ
1338 3670 1438 3739 τὴν
1475 3671 1650 3742 τομὴν
1679 3673 1800 3725 ὲπι-

213 3751 503 3823 φέροντες,
533 3755 917 3820 ἀποδιῖστῶσιν
962 3759 1043 3822 είς
1089 3758 1234 3813 ἀπαν
1286 3760 1378 3816 τὸν
1434 3762 1567 3817 Θεὸν
1605 3763 1799 3832 Λόγον,

217 3845 305 3898 καὶ
349 3844 426 3910 ὡς
472 3847 531 3899 ὲν
570 3847 743 3918 ἑτέρῳ
773 3849 884 3902 τινὶ
911 3849 1190 3921 νοουμένῳ
1225 3853 1450 3925 Χριστῷ
1487 3857 1804 3927 καταμόνας

213 3933 352 3990 εἷναί
398 3954 565 4007 φασιν
612 3939 793 4004 αὐτὸν,
837 3941 923 3996 ῐνα
964 3942 1040 4014 μὴ
1084 3944 1287 4015 μᾶλλον
1338 3947 1800 4019 σεσαρκωμένος,

217 4028 330 4082 ἀλλ’
381 4030 675 4101 ἑνοικήσας
728 4031 1005 4105 ἀνθρώπῳ
1051 4035 1264 4106 νοῆται.
1323 4038 1468 4093 Ἀλλ’
1516 4040 1545 4093 ὃ
1585 4058 1650 4110 γε
1693 4041 1802 4097 τῶν

220 4118 378 4190 ἱερῶν
435 4120 791 4192 Γραμμάτων
863 4124 1066 4190 σκοπὸς
1110 4128 1210 4200 οὐχ
1264 4121 1366 4182 ὦδε
1419 4129 1596 4185 ταῦτα
1655 4131 1802 4204 ἔχειν

215 4212 452 4282 ἐφίησιν,
486 4211 533 4266 ὧ
567 4215 740 4284 σοφοί.
774 4216 1035 4286 Συγχείτε
1063 4217 1174 4291 γὰρ
1214 4219 1313 4292 τὴν
1342 4223 1674 4292 ἀνάγνωσιν,
1704 4226 1802 4296 τὴν

215 4303 321 4356 τῶν
335 4303 556 4357 ἰννοιῶν
583 4305 811 4377 δύναμιν
838 4308 922 4377 ἐφ’
950 4309 987 4364 ἀ
1030 4309 1106 4381 μὴ
1126 4313 1402 4384 προσῆκεν
1431 4315 1801 4386 άττοπίιομίξον⁴

1890 1839 2012 1893 viro
2053 1854 2218 1909 quem
2259 1837 2454 1894 statuit
2485 1837 2528 1901 ’,
2574 1851 2738 1890 nemo
2777 1846 2960 1891 tamen
2997 1833 3243 1903 prudens
3276 1847 3487 1893 sacram

1893 1930 2242 2000 Scripturam
2301 1928 2572 1984 aﬂirmare
2630 1925 2909 1982 existimet
2971 1923 3328 1993 Unigenitum
3386 1920 3485 1977 Dei

1894 2039 2152 2097 tanquam
2186 2025 2239 2078 in
2265 2023 2385 2076 viro
2423 2020 2658 2075 seorsim
2693 2016 3044 2072 considerato
3071 2014 3232 2078 Filio,
3258 2014 3372 2078 illo,
3404 2013 3490 2067 iu-

1893 2135 2080 2191 quam,
2095 2134 2161 2173 ex
2180 2115 2434 2178 muliere,
2453 2122 2728 2167 terrarum
2742 2109 2934 2164 orbem
2950 2106 3326 2178 judicaturum
3343 2120 3488 2161 esse.

1895 2211 2153 2278 Quinimo
2181 2207 2236 2262 id
2263 2206 2415 2276 pium
2447 2220 2570 2260 esse
2604 2205 2924 2264 asserimus,
2959 2199 3006 2255 si
3036 2198 3169 2254 illud
3199 2199 3490 2252 intellexe-

1895 2303 2070 2356 rimus
2098 2299 2244 2370 quod
2270 2297 2524 2353 Christus
2548 2295 2686 2350 dixit
2713 2313 2724 2348 :
2761 2314 2778 2346 ‹
2811 2294 2996 2357 Pater,
3027 2291 3226 2360 inquit,
3251 2305 3370 2344 non
3403 2290 3492 2360 ju-

1898 2394 2041 2449 dicat
2061 2405 2415 2462 quemquam,
2458 2390 2554 2450 sed
2579 2403 2742 2442 omne
2763 2386 3037 2457 judicium
3062 2383 3216 2438 dedit
3237 2382 3399 2446 Filio,
3431 2390 3493 2436 ut

1896 2496 2088 2537 omnes
2125 2477 2494 2533 honoriﬁcent
2527 2477 2755 2539 Filium,
2798 2476 2942 2529 sicut
2981 2473 3346 2528 honorificam
3391 2473 3493 2527 Pa-

1900 2570 2102 2623 trem'.
2138 2589 2155 2619 ι
2205 2565 2426 2620 Etenim
2474 2565 2621 2619 Deus
2655 2563 2899 2618 Verbum
2946 2563 3110 2617 homo
3154 2561 3329 2618 factus
3355 2562 3397 2623 ⁵.
3437 2571 3494 2616 et

1899 2663 2044 2716 inter
2092 2659 2345 2714 homines
2394 2666 2739 2721 numeratus,
2783 2657 2887 2711 hoc
2929 2665 3035 2718 est,
3085 2654 3159 2708 ita
3203 2653 3492 2708 nobiscum

1898 2753 2240 2823 appellatus,
2279 2749 2645 2805 nihilominus
2687 2747 2857 2817 judex
2901 2747 3010 2801 erit
3048 2755 3308 2815 tanquam
3347 2745 3494 2800 Deus

1899 2853 1956 2898 et
1978 2842 2264 2906 Dominus,
2281 2850 2337 2895 et
2365 2850 2623 2908 tanquam
2649 2854 2793 2892 unus
2815 2837 3011 2902 Filius,
3035 2837 3239 2908 quippe
3262 2852 3389 2891 cum
3414 2836 3494 2891 sic

1900 2951 2122 3006 quoque
2150 2934 2298 2988 Deus
2325 2940 2381 2987 et
2419 2932 2583 2985 Pater
2606 2930 2662 2983 in
2691 2930 2810 3000 ipso
2835 2929 2905 2983 sit
2930 2930 2970 2982 '.
3012 2927 3188 2982 Habet
3232 2941 3492 2996 nmque,

1904 3037 1966 3084 ut
2001 3028 2166 3083 modo
2208 3027 2443 3087 aiebam,
2471 3025 2689 3078 Patrem
2729 3022 2783 3076 in
2822 3038 2880 3076 se
2915 3031 3251 3082 manentem,
3288 3027 3343 3073 et
3377 3025 3494 3088 ipse

1902 3119 2145 3173 vicissim
2174 3118 2228 3170 in
2257 3117 2416 3171 Patre
2442 3117 2606 3168 inest.
2637 3112 3114 3180 Quemadmodum
3139 3126 3323 3166 autem
3348 3125 3496 3166 unus

1901 3222 1987 3267 est
2017 3213 2163 3266 Deus
2197 3216 2252 3263 et
2287 3211 2468 3272 Pater,
2494 3223 2562 3261 ex
2589 3223 2698 3277 quo
2732 3206 2945 3271 omnia;
2986 3205 3061 3259 ita
3084 3218 3318 3276 quoque
3351 3219 3495 3258 unus

1903 3314 1988 3361 est
2029 3304 2295 3359 Dominus
2337 3302 2496 3357 Jesus
2539 3300 2821 3363 Christus,
2875 3314 2975 3367 per
3019 3313 3185 3366 quem
3237 3296 3424 3351 omnia
3450 3298 3492 3350 '.

1901 3397 2046 3464 Quin
2070 3404 2125 3451 et
2147 3393 2282 3449 illud
2308 3394 2475 3448 etiam
2503 3391 2649 3462 quod
2674 3402 2824 3447 recte
2852 3390 2999 3445 beati
3025 3389 3182 3445 Pauli
3207 3403 3341 3442 voce
3361 3401 3495 3458 pro-

1901 3491 2219 3545 nuntiatum
2257 3496 2362 3552 est,
2398 3488 2454 3541 in
2496 3483 2829 3540 deteriorem
2877 3496 3099 3537 sensum
3138 3480 3493 3549 detorquent.

1902 3583 1999 3638 Ille
2039 3581 2189 3637 enim
2233 3580 2389 3658 dicit,
2416 3589 2472 3634 et
2511 3577 2736 3648 quidem
2775 3583 2929 3629 recte
2972 3592 2984 3626 :
3035 3593 3053 3624 ι
3093 3573 3240 3627 Deus
3279 3579 3400 3626 erat
3438 3570 3496 3625 in

1899 3673 2148 3739 Christo,
2175 3672 2444 3726 mundum
2470 3670 2580 3725 sibi
2609 3667 2977 3725 reconcilians
2998 3667 3040 3720 ".
3067 3685 3084 3716 ι
3121 3664 3216 3719 lsti
3244 3679 3375 3719 vero
3399 3662 3496 3717 uni

1901 3764 2125 3819 Christo
2163 3771 2220 3819 et
2259 3761 2398 3817 Filio
2433 3775 2675 3816 crassam
2717 3757 3013 3830 quamdam
3055 3757 3359 3812 sectionem
3405 3756 3494 3810 in-

1903 3856 2167 3921 ferentes,
2197 3855 2371 3910 Deum
2405 3851 2643 3908 Verbum
2681 3866 2913 3922 prorsus
2951 3850 3244 3916 divellunt,
3283 3858 3336 3906 et
3379 3859 3498 3904 tan-

1903 3963 2068 4019 quam
2103 3948 2159 4002 in
2197 3946 2307 4001 alio
2343 3943 2582 4015 quodam
2614 3942 2838 3998 Christo
2878 3943 3110 3998 seorsim
3145 3941 3498 3997 considerato

1904 4040 2087 4110 ipsum
2112 4053 2236 4093 esse
2259 4044 2536 4101 asserunt,
2563 4035 2638 4090 ita
2667 4043 2728 4089 ut
2746 4036 2859 4107 jam
2887 4034 2941 4090 in
2968 4035 3192 4090 homine
3215 4034 3496 4089 habitasse

1903 4131 2119 4194 verius,
2161 4144 2325 4200 quam
2371 4142 2596 4184 carnem
2637 4127 2936 4197 sumpsisse
2988 4121 3346 4198 intelligatur;
3387 4123 3498 4180 Sed

1904 4238 2005 4279 vos
2033 4222 2308 4292 alloquor,
2341 4220 2448 4274 viri
2486 4221 2784 4290 sapientes,
2813 4218 2932 4289 ipse
2973 4217 3284 4273 divinarum
3326 4216 3500 4271 Litte-

1905 4329 2093 4369 rarum
2117 4327 2318 4383 scopus
2342 4311 2461 4366 hac
2483 4310 2559 4365 ita
2581 4325 2641 4366 se
2665 4309 2872 4364 habere
2897 4324 3008 4364 non
3032 4307 3322 4380 permittit,
3345 4306 3499 4367 Con-

217 4411 326 4457 τες⁶
365 4396 546 4450 καίτοι
576 4397 694 4451 δέον
737 4401 886 4470 ἡμᾶς
919 4402 1346 4473 αἱχμαλωτίζειν
1379 4407 1487 4461 πᾶν
1513 4408 1695 4479 νόημα
1717 4410 1797 4472 εἰς

1904 4405 2139 4462 funditis
2172 4406 2322 4460 enim
2363 4403 2690 4467 lectionem,
2731 4401 3246 4470 sententiarumque
3277 4399 3389 4454 vim
3425 4397 3499 4461 ad

215 4487 312 4558 τὴν
345 4486 598 4559 ὑπακοὴν
614 4490 708 4545 τοῦ
732 4493 994 4564 Χριστοῦ,
1023 4495 1169 4549 καθά
1195 4498 1525 4568 γέγραπται.
1551 4498 1660 4553 Ἦν
1694 4500 1803 4572 γὰρ

216 4579 246 4630 ό
265 4576 404 4642 Θεὸς
419 4582 478 4632 ὲν
510 4582 660 4654 αὐτῷ
677 4624 694 4649 ,
728 4584 817 4637 τὸν
831 4585 1037 4656 κόσμον
1063 4589 1454 4645 καταλλάσσων
1479 4594 1536 4646 ἐν
1553 4592 1803 4664 Χριστῷ.

215 4669 730 4743 Καταλλαττόμενοι
759 4676 868 4748 γὰρ
899 4680 978 4746 τῷ
1006 4680 1363 4752 Χριπῷ,τάς
1393 4685 1528 4755 πρὸς
1563 4685 1695 4739 Θεὸν
1714 4685 1807 4738 καὶ

219 4762 442 4835 Πατέρα
471 4766 776 4836 ποιούμεθα
805 4770 1174 4841 καταλλαγὰς,
1221 4776 1304 4829 ὅτι
1341 4776 1418 4849 μὴ
1449 4777 1639 4847 ἕτερος
1670 4777 1804 4849 παρ’

219 4853 385 4906 αὐτὸν
416 4855 560 4910 κατά
599 4873 664 4925 γε
695 4858 755 4911 τὸ
794 4860 853 4913 ἐν
877 4862 1039 4934 οὐσία
1063 4865 1285 4929 ταυτὸν,
1311 4866 1339 4918 ό
1364 4868 1424 4932 ἐξ
1470 4868 1639 4921 αὑτοῦ
1672 4868 1807 4934 Θεὸς

220 4946 416 5016 Λόγος,
438 4947 794 5020 ἀδικούμενος
817 4953 993 5018 οὐδὲν,
1027 4953 1108 5020 εῐς
1132 4973 1195 5026 γε
1216 4957 1279 5012 τὸ
1298 4956 1439 5012 εἶναι
1465 4959 1608 5013 κατά
1641 4959 1806 5029 φύσιν

222 5036 376 5101 Υἱὸς,
393 5039 488 5091 καὶ
503 5041 552 5092 εί
572 5040 797 5110 γέγονεν
809 5044 1119 5115 ἄνθρωπος’
1135 5043 1204 5119 ἦν
1232 5048 1341 5118 γὰρ
1369 5049 1529 5103 τοῦτο
1552 5052 1648 5104 καὶ
1670 5051 1809 5122 μετὰ

224 5129 576 5201 σαρκός.”οτι
595 5133 654 5186 δὲ
667 5132 768 5204 τὴν
790 5135 1138 5209 καταλλαγὴν
1153 5141 1363 5211 ὲσχήκα
1372 5157 1471 5210 μεν
1491 5143 1548 5195 ὲν
1564 5142 1806 5214 Χριστῷ,

223 5221 319 5275 καὶ
352 5221 516 5286 αὐτός
537 5224 690 5278 ἐστιν
715 5226 748 5296 ἡ
777 5226 968 5298 εἰρήνη
996 5230 1029 5298 ή
1039 5229 1178 5300 μῶν,
1210 5233 1294 5295 τίς
1320 5234 1350 5287 ό
1383 5233 1459 5304 μὴ
1495 5234 1663 5304 φάναι
1688 5236 1811 5290 τολ-

293 5376 341 5454 et
371 5375 767 5454 1m,_x_;v,9._
818 5381 864 5412 "
887 5381 1043 5438 Joan.
1076 5400 1131 5454 ξ,
1159 5384 1248 5449 50,
1324 5387 1371 5421 ”
1400 5387 1558 5451 Joan,
1601 5407 1710 5454 xw,
1745 5391 1828 5446 10.

262 5447 429 5505 Joan.
458 5463 495 5514 ι,
524 5450 616 5505 ﬂ.
693 5449 715 5480 ⁸
737 5450 896 5507 Joan.
927 5469 1034 5519 xxv,
1071 5447 1164 5523 li;
1207 5447 1247 5510 Ιῖ
1262 5456 1391 5512 Cor.
1427 5447 1621 5524 vnn-6,.

1719 5461 1740 5492 ‘
1763 5462 1784 5516 Ι
1807 5460 1934 5518 Cor.
1966 5478 2079 5530 vm,
2105 5463 2158 5518 6.

1903 4514 1970 4554 ea
2002 4497 2366 4566 distorquetis
2406 4510 2529 4566 quae
2557 4511 2669 4549 non
2693 4493 2882 4558 decet;
2917 4509 3041 4549 cum
3067 4501 3251 4548 tamen
3273 4507 3500 4548 omnem

1905 4587 2249 4645 intellectum
2305 4585 2362 4640 in
2424 4585 2754 4656 obsequium
2803 4583 3012 4639 Christi
3062 4598 3164 4638 nos
3216 4583 3499 4653 captivare

1905 4688 2188 4752 oporteat,
2223 4678 2386 4736 sicuti
2423 4677 2691 4748 scriptum
2731 4684 2816 4732 est
2839 4676 2880 4729 ⁸.
2913 4674 3044 4732 Erat
3076 4675 3223 4731 enim
3255 4675 3402 4730 Deus
3441 4673 3498 4728 in

1904 4773 2047 4845 ipso,
2077 4771 2347 4828 mundum
2379 4770 2484 4826 sibi
2516 4771 2572 4824 in
2600 4768 2826 4825 Christo
2861 4767 3246 4824 reconcilians.
3273 4766 3502 4822 Christo

1905 4880 2145 4935 namque
2185 4863 2548 4930 reconciliali,
2573 4863 2686 4917 Deo
2714 4876 2939 4932 quoque
2976 4867 3035 4917 et
3062 4858 3212 4915 Patri
3243 4855 3499 4923 reconci-

1905 4961 2107 5017 liamur
2137 4978 2149 5013 :
2188 4959 2350 5030 17o
2382 4955 2831 5029 quandoquidem
2872 4957 3020 5011 Deus
3049 4953 3317 5017 Verbum,
3348 4949 3500 5022 quod

1907 5069 1976 5110 ex
2005 5052 2166 5109 Patre
2201 5060 2387 5107 ortum
2423 5059 2527 5115 est,
2560 5059 2828 5119 quantum
2854 5047 2923 5102 ad
2956 5046 3214 5103 essentia:
3242 5043 3502 5100 identita-

1909 5157 2023 5203 tem
2048 5153 2279 5218 spectat,
2312 5156 2425 5200 non
2457 5153 2542 5199 est
2572 5141 2642 5196 ab
2673 5157 2739 5196 eo
2762 5142 3064 5205 diversum,
3098 5155 3247 5205 cum,
3282 5134 3514 5194 etiamsi.

1911 5237 2117 5293 factum
2163 5236 2236 5292 sit
2279 5235 2467 5300 homo,
2508 5231 2660 5287 nulla
2705 5239 2888 5287 tamen
2936 5245 3004 5286 ex
3048 5227 3500 5302 partaledatur.

1908 5394 1925 5423 ¹
1955 5391 2114 5448 Joan.
2155 5408 2262 5456 xvi,
2289 5391 2379 5446 32.
2458 5393 2478 5424 ’
2504 5393 2626 5447 Act.
2651 5407 2780 5448 xvu.
2809 5388 2897 5442 5L
2981 5388 3001 5419 ³
3022 5387 3179 5442 Joan.
3209 5403 3262 5446 v.
3293 5385 3384 5446 22.
3406 5382 3499 5440 25.

2257 5464 2276 5493 ⁷
2313 5463 2357 5517 ll
2379 5463 2509 5521 Cor.
2537 5479 2591 5529 ν,
2619 5463 2705 5518 i9.
2799 5461 2819 5492 '
2845 5459 2890 5521 Il
2914 5459 3043 5516 Cor,
3083 5473 3138 5522 ι.
3162 5456 3238 5543 ὃ..

1328 5616 1506 5673 Variae
1526 5618 1793 5678 lectiones
1818 5621 2028 5680 codicis
2052 5621 2415 5696 Seguieriani.

299 5759 330 5808 δ
361 5761 464 5832 ὡς.
542 5776 566 5805 ο
623 5763 808 5818 πίστιν
857 5781 1172 5838 παρασχων,
1214 5787 1334 5829 ουκ.
