4154 6322
597 413 703 470 275

1594 404 1650 461 S.
1694 404 1969 463 CYMLLI
2012 402 2484 463 ALEXANDBINI
2524 401 2844 458 ARCHIEP.
3771 392 3880 450 9.76

598 526 894 600 quominus
936 527 1017 583 sit
1044 524 1352 583 secundum
1388 530 1643 577 naturam
1686 521 1860 576 Filius
1906 540 1916 573 :
1958 520 2011 575 id
2046 523 2175 577 enin

2304 520 2442 592 μῶν;
2461 517 2632 582 Αὐτὸς
2648 517 2757 586 γάρ
2778 518 2925 570 ἐστιν
2950 516 2978 585 ἡ
3003 515 3163 587 θύρα,
3184 515 3276 569 xui.
3296 513 3479 585 ἠὸδδς,
3512 513 3608 565 καὶ
3637 510 3694 563 ὲν
3724 506 3880 578 αὐτῷ

595 621 762 677 etiam
790 635 963 677 carne.
986 626 1265 688 assumpta
1306 612 1627 686 permansit.
1670 611 1825 680 Quod
1863 622 2049 667 autem
2091 629 2179 668 re-

2290 610 2578 681 κατῴκηκε
2599 609 2704 662 πᾶν
2728 608 2787 660 τὸ
2808 609 3083 679 πλήρωμα
3105 606 3203 674 τῆς
3235 605 3491 676 θεότητος
3524 602 3878 673 σωματικῶς.

597 712 1039 769 conciliationem
1067 711 1124 765 in
1145 709 1365 765 Christo
1390 706 1769 769 habuerimus,
1794 707 2053 778 quodque
2094 708 2210 777 ipse
2248 704 2321 759 sit
2342 720 2449 775 pax
2472 712 2660 759 nostra
2690 706 2731 767 ’,
2759 703 2891 773 quis
2920 700 3121 756 audeat
3183 699 3419 771 negare?
3451 699 3571 769 ipse
3606 707 3693 752 est
3724 696 3879 749 enim

594 810 800 860 ostium
827 806 890 870 '°,
925 811 984 859 et
1031 802 1119 857 via
1152 801 1192 832 ¹¹
1228 818 1239 853 :
1278 807 1334 855 et
1377 800 1433 854 in
1479 797 1599 869 ipso
1640 798 1819 853 omnis
1861 798 2170 855 divinitatis
2206 795 2494 868 plenitudo
2526 795 2793 850 habitavit
2830 792 3190 863 corporaliter
3215 793 3283 846 ".

668 897 774 953 Sed
799 911 1020 951 rursum
1044 895 1134 949 ille
1160 909 1287 950 acer
1311 892 1380 948 ad
1408 891 1916 962 contemplandum,
1962 901 2019 947 et
2077 908 2178 947 ve-

597 990 825 1045 hemens
846 988 915 1043 ad
940 985 1411 1047 calumniandum,
1440 998 1606 1040 aures
1626 983 1841 1054 arrigit,
1878 1000 1941 1039 ac
1988 984 2123 1039 dicit
2162 1002 2177 1037 :

597 1083 655 1139 Si
687 1082 832 1137 alius
854 1088 939 1137 est
969 1079 1065 1150 qui
1096 1076 1391 1141 inhabitat,
1427 1084 1484 1131 et
1514 1076 1658 1131 alius
1700 1076 1955 1131 similiter
1987 1076 2076 1131 ille
2126 1076 2181 1129 in

595 1191 707 1245 quo
733 1173 1047 1229 inhabitare
1081 1169 1438 1241 perhibetur;
1472 1184 1585 1237 qua
1613 1168 1781 1239 igitur
1822 1168 2035 1223 ratione
2064 1166 2183 1223 ﬁeri

597 1273 779 1336 potest
810 1274 870 1320 ut
909 1265 1229 1335 hypostases
1272 1275 1383 1315 non
1427 1259 1761 1325 dividamus,
1818 1273 2181 1328 seorsumque

596 1368 653 1413 et
674 1376 774 1430 per
801 1373 859 1414 se
877 1367 1168 1425 utramque
1196 1352 1497 1408 subsistere
1527 1367 1638 1407 non
1668 1353 1950 1407 dicamus?
1974 1350 2180 1405 Deinde

598 1451 689 1507 ubi
726 1452 836 1521 jam
880 1449 1125 1515 tandem,
1162 1444 1433 1514 dic'mihi,
1484 1462 1591 1500 una
1622 1461 1860 1516 persona
1882 1446 2021 1499 erit?
2045 1443 2180 1515 Nam

598 1557 761 1596 unam
789 1541 1057 1596 duntaxat
1081 1557 1374 1611 personam
1408 1558 1466 1598 se
1492 1550 1737 1597 statuere
1794 1538 2038 1607 ﬁngunt;
2082 1533 2179 1589 sed

594 1633 810 1687 duabus
835 1626 1222 1705 hypostasibih
1250 1650 1349 1704 per
1375 1650 1433 1688 se
1455 1642 1511 1689 et
1532 1646 1781 1707 seorsum
1814 1628 2029 1699 positis,
2056 1642 2178 1681 om-

593 1726 728 1780 nino
755 1727 877 1782 duaa
898 1742 1117 1797 quoque
1145 1742 1390 1797 personae
1414 1733 1599 1782 erunt.
1628 1724 1829 1779 Verum
1859 1718 2176 1791 ingrediun-

593 1826 686 1872 tur
706 1827 765 1873 ut
787 1818 1145 1889 legislatores,
1187 1817 1335 1887 quod
1372 1817 1505 1887 ipsis
1532 1816 1772 1879 videtur,
1814 1813 1971 1884 quasi
2008 1812 2177 1867 etiam

593 1916 806 1965 rectum
836 1910 926 1975 sit,
952 1910 1179 1964 omnino
1206 1917 1386 1963 ratum
1414 1909 1702 1964 habentes.
1733 1908 1868 1963 Nam
1886 1921 2177 1962 secernen-

591 2000 665 2057 do
690 2002 1032 2073 hypostases,
1086 2001 1363 2071 inquiunt,
1400 2001 1624 2056 unimus
1660 2014 1973 2071 personam.
2010 1998 2179 2067 Atqui

592 2092 868 2164 quomodo
891 2093 946 2147 id
983 2109 1093 2149 non
1119 2102 1204 2149 est
1225 2094 1575 2157 incredibile,
1606 2102 1662 2148 et
1706 2093 1956 2157 stultum,
1983 2100 2039 2147 et
2078 2091 2179 2146 im-

515 2207 526 2217 ·
591 2184 894 2256 possibile?
914 2185 1052 2240 Nam
1075 2185 1221 2256 quod
1247 2185 1315 2241 ad
1339 2185 1867 2256 contemplationem
1894 2200 1959 2241 ac
2005 2183 2178 2240 ratio-

591 2292 720 2333 nem
742 2277 961 2341 attinet,
992 2283 1054 2332 ut
1084 2276 1219 2340 dixi,
1251 2278 1435 2348 quivis
1456 2277 1615 2333 facile
1659 2276 1918 2349 intelligit
1954 2291 2185 2331 carnem

591 2368 825 2423 alterius
870 2382 991 2423 esse
1032 2368 1353 2424 substantiae
1406 2385 1437 2423 a
1483 2367 1665 2424 Verbo
1703 2367 1850 2438 quod
1894 2368 2001 2438 ipsi
2047 2382 2179 2423 con-

589 2460 841 2531 iunctum
868 2467 973 2515 est.
1000 2458 1107 2515 Sed
1128 2460 1256 2530 quia
1284 2459 1483 2515 divinae
1534 2459 1835 2529 Scriptura;
1884 2474 2059 2515 unum
2082 2460 2174 2515 Fi—

590 2548 750 2613 lium,
793 2564 965 2603 unum
1003 2548 1299 2609 Dominum
1354 2557 1410 2605 et
1456 2566 1628 2604 unum
1672 2548 1954 2606 Christum
2011 2551 2175 2606 nobis

591 2638 961 2704 tradiderunt,
986 2647 1046 2694 et
1066 2641 1142 2710 ita
1168 2655 1410 2710 quoque,
1438 2648 1498 2695 et
1520 2655 1629 2695 non
1654 2641 1815 2696 aliter
1852 2632 2019 2697 habet
2046 2641 2172 2697 ﬁdei

591 2729 839 2794 traditio,
859 2729 983 2784 ideo
1006 2709 1234 2785 nos'Dei
1267 2709 1444 2785 Patris
1487 2730 1729 2785 Verbum
1781 2730 2175 2787 indissociabili

592 2819 801 2873 unione
824 2835 949 2873 cum
980 2836 1077 2875 sua
1102 2836 1267 2875 carne
1317 2821 1496 2874 anima
1555 2820 1894 2892 intelligente
1947 2822 2179 2893 praedita

591 2911 1011 2982 conjungentes,
1040 2929 1209 2967 unum
1230 2911 1510 2968 Christum
1538 2923 1593 2969 et
1612 2914 1812 2968 Filium
1851 2931 1973 2971 esse
2001 2918 2176 2970 conti-

591 3011 793 3059 temur.
829 3005 898 3060 Et
920 3005 1385 3076 quemadmodum
1408 3022 1553 3061 unus
1575 3016 1664 3062 est
1690 3007 1884 3073 Filius,
1916 3009 1990 3063 ita
2008 3024 2174 3063 unam

543 3164 548 3169 _
590 3112 810 3167 quoque
842 3105 1052 3152 tantum
1078 3114 1371 3168 personam
1403 3098 1577 3167 ipsius
1604 3096 1936 3167 asset-imus;
1962 3115 2173 3155 sacram

2360 888 2501 941 Ἀλλ’
2530 886 2689 960 ὀρθόν
2721 904 2811 958 μοι
2858 884 3021 938 πάλιν
3050 883 3237 953 ἵστησι
3273 883 3334 937 τὸ
3372 876 3465 945 οὖς
3491 882 3521 933 ὁ
3568 878 3763 950 πικρὸς
3794 878 3886 941 είς

2277 977 2535 1048 Θεωρίας,
2579 976 2675 1031 καὶ
2713 974 2883 1037 δεινὸς
2912 974 2995 1037 είς
3032 972 3421 1042 συκοφαντίας,
3452 970 3546 1025 καὶ
3574 969 3639 1041 δή
3673 982 3877 1038 φησιν’

2278 1069 2342 1122 Et
2374 1068 2559 1140 ἔτερος
2600 1070 2630 1122 ὁ
2653 1065 2945 1133 κατοικῶν,
2981 1065 3171 1137 ἔτερος
3200 1064 3263 1118 δὲ
3302 1063 3507 1135 ὁμοίως
3535 1063 3562 1114 ὁ
3592 1062 3650 1113 ὲν
3677 1052 3722 1127 ᾧ
3744 1075 3886 1112 κατ-

2282 1160 2507 1230 οικῆσαι
2538 1160 2782 1228 λέγεται,
2814 1158 2931 1223 πῶς
2964 1158 3065 1211 οὐκ
3101 1156 3397 1225 ἀναγκαῖον
3425 1150 3752 1224 διαιρεῖσθαι
3776 1143 3886 1214 τάξ

2284 1250 2633 1317 ὑποστάσεις,
2664 1250 2758 1305 καὶ
2791 1250 3089 1319 ὑφεστάναι
3115 1245 3296 1315 λέγειν
3338 1244 3442 1299 ἀνὰ
3486 1244 3649 1315 μέρος
3680 1241 3887 1295 ἑκατέ-

2283 1361 2382 1415 ραν
2416 1342 2479 1409 t1;
2512 1341 2644 1397 Εἶτα
2674 1344 2801 1397 ὅποι
2829 1341 2961 1396 ποτὲ
2995 1338 3189 1394 λοιπὸν
3209 1337 3270 1391 τὸ
3297 1337 3355 1390 ἓν
3392 1337 3709 1406 πρόσωπον,
3744 1328 3877 1386 εἶπέ

2282 1454 2372 1508 μοι
2396 1453 2410 1503 ;
2430 1436 2493 1489 Ei
2526 1435 2583 1490 ἒν
2602 1435 2712 1507 γὰρ
2744 1431 3145 1507 πρόσωποντοῦ
3177 1428 3413 1503 Χριστοῦ
3448 1426 3882 1501 προσποιοῦνται

2277 1530 2479 1599 λέγειν,
2514 1530 2609 1583 δύο
2653 1528 2709 1581 δὲ
2762 1526 3116 1581 ὑποστάσεων
3162 1523 3273 1595 ἰδία
3310 1539 3369 1575 τε
3415 1520 3509 1573 καὶ
3556 1518 3663 1573 ἀνὰ
3705 1516 3881 1593 μέρος

2281 1621 2591 1692 κειμένων,
2650 1620 2864 1674 ἔσονταί
2902 1622 3004 1673 που
3056 1619 3276 1679 πάντως
3321 1613 3416 1669 καὶ
3459 1613 3726 1685 πρόσωπα
3757 1610 3879 1665 δύο.

2297 1714 2438 1768 Ἀλλ’
2470 1713 2836 1769 είσδαίνουσιν
2869 1712 2944 1776 ὡς
2975 1710 3296 1782 νομοθέται,
3333 1707 3393 1761 τὸ
3433 1708 3615 1769 αὐτοῖς
3660 1703 3884 1768 δοκοῦν,

2283 1806 2359 1870 ὡς
2382 1807 2559 1880 ὀρθῶς
2588 1806 2732 1879 ἔχον,
2769 1806 2948 1876 πάντη
2998 1822 3059 1857 τε
3112 1803 3205 1856 καὶ
3246 1801 3463 1863 πάντως
3492 1798 3875 1870 κρατύνοντες.

2279 1898 2627 1971 Διαιροῦντες
2653 1899 2785 1971 γὰρ,
2827 1898 2992 1967 φασὶ,
3030 1893 3129 1958 τὰς
3162 1891 3512 1954 ὑποστάσεις,
3548 1886 3777 1959 ἑνοῦμεν
3813 1886 3882 1940 τὸ

2286 1989 2598 2061 πρόσωπον.
2635 1990 2743 2045 Καὶ
2795 1990 2914 2054 πῶς
2957 1989 3058 2043 οὐκ
3093 1988 3359 2044 ἀπίθανον
3385 1989 3565 2053 τοῦτο,
3598 1988 3693 2042 καὶ
3732 1986 3887 2058 ἁμα·-

2284 2081 2395 2146 θὲς,
2441 2083 2535 2136 καὶ
2585 2082 2906 2154 ἀμήχανον;
2947 2080 3162 2153 Θεωρία
3219 2093 3243 2121 ο
3294 2082 3390 2153 μὲν
3423 2080 3556 2153 γὰρ,
3602 2080 3678 2144 ὡς
3712 2078 3884 2149 ἔφηνε

2281 2180 2623 2251 ἑτεροούσιον
2643 2172 2808 2232 οὖσαν
2828 2176 2926 2250 τὴν
2950 2176 3127 2249 σάρκα
3149 2176 3300 2250 παρὰ
3322 2176 3413 2230 τὸν
3433 2173 3707 2229 ἑνωθέντα
3731 2172 3875 2244 αὐτῇ

2280 2271 2456 2339 Λόγον
2491 2269 2699 2324 κατίδοι
2739 2286 2822 2333 τις
2859 2269 2944 2323 ἄν.
2991 2267 3210 2340 Ἐπειδὴ
3240 2268 3297 2323 δὲ
3325 2266 3453 2322 Υἱδν
3483 2267 3583 2322 ’ἕνα
3613 2266 3707 2321 καὶ
3731 2266 3874 2336 Χρι-

2282 2362 2410 2417 στὸν
2436 2363 2531 2417 καὶ
2554 2362 2761 2432 Κύριον
2786 2363 2841 2415 αἱ
2884 2361 3233 2416 Βεόπνεοστοι
3276 2361 3493 2431 λέγουσι
3518 2359 3754 2435 Γραφαὶ,
3782 2358 3880 2412 καὶ

2276 2456 2376 2527 τῆς
2417 2456 2653 2519 πίστεως
2688 2457 2720 2526 ἡ
2772 2456 3075 2527 παράδοσις
3103 2455 3276 2519 οὕτως
3315 2454 3451 2526 ἔχει,
3494 2453 3589 2507 καὶ
3619 2453 3720 2523 οὐχ
3750 2450 3875 2506 ἑτέ-

2281 2566 2409 2619 ρως,
2431 2549 2850 2617 συνενεγκόντες
2879 2549 3043 2619 ἡμεῖς
3062 2549 3143 2611 είς
3171 2546 3501 2618 ἀδιάτμητον
3522 2545 3716 2600 ἕνωσιν
3744 2542 3879 2614 ἐψυ-

2278 2640 2502 2713 χωμένῃ
2524 2639 2726 2710 νοερῶς
2750 2643 2817 2712 τῇ
2850 2640 3016 2711 σαρκὶ
3043 2638 3137 2693 τὸν
3168 2638 3246 2692 ἔχ’
3267 2637 3404 2692 Θεοῦ
3431 2636 3648 2709 Πατρδς
3677 2637 3875 2707 Λόγον,

2278 2735 2375 2788 ἕνα
2408 2735 2644 2805 Χριστὸν
2675 2733 2772 2789 καὶ
2803 2733 2931 2786 Υίδν
2965 2730 3341 2801 ὁμολογοῦμεν
3371 2728 3662 2802 ὑπάρχειν.
3702 2729 3792 2792 Ὠς
3816 2728 3877 2783 δὲ

2279 2826 2398 2890 ἑνὸς
2420 2826 2571 2890 ὄντος
2600 2826 2695 2879 τοῦ
2726 2824 2881 2889 Υίοῦ,
2912 2824 3007 2879 καὶ
3038 2823 3097 2877 ἓν
3122 2822 3287 2877 αὐτοῦ
3318 2839 3502 2893 φαμεν
3534 2818 3675 2875 εἶναι
3699 2823 3873 2893 πρόσ-

2278 2934 2449 2981 ωπον,
2490 2918 2763 2989 ,ἑπόμενοι
2815 2914 3092 2986 πανταχοῦ
3123 2914 3202 2985 τῷ
3233 2913 3361 2985 θείῳ
3390 2930 3448 2966 τε
3482 2912 3577 2967 καὶ
3612 2911 3745 2984 ἱερῷ
3777 2928 3885 2979 κη-

2282 3008 2546 3080 ρύγματι,
2578 3010 2672 3063 καὶ
2699 3012 2811 3074 τοῖς
2845 3008 2941 3063 ἀπ’
2978 3007 3160 3079 ἀρχῆς
3193 3007 3493 3070 αύτόπταις
3533 3006 3629 3060 καὶ
3664 3004 3876 3077 ὑπηρέ-

2277 3116 2400 3164 ταις
2450 3098 2764 3170 γενομένοις
2795 3097 2888 3153 τοῦ
2923 3098 3119 3168 Λόγου.
3150 3099 3291 3162 Τοὺς
3324 3097 3381 3152 δὲ
3415 3096 3603 3168 ἕτερόν
3631 3114 3683 3149 τι
3717 3095 3872 3167 παρὰ

590 3198 949 3258 sanctamque
972 3188 1097 3244 ﬁdei
1126 3190 1596 3260 praedicationem,
1624 3206 1829 3260 eosque
1857 3190 1951 3261 qui
1973 3190 2041 3245 ab
2070 3190 2174 3245 ini-

2279 3191 2433 3245 τοῦτο
2467 3193 2688 3264 φρονεῖν
2723 3190 3002 3255 εἰωθότας,
3042 3190 3138 3245 καὶ
3179 3190 3553 3260 συλλογισμῶν
3587 3188 3870 3243 ἀσυνέτων

591 3275 673 3328 tio
698 3274 979 3340 viderunt,
1032 3276 1315 3347 ipsiusque
1360 3278 1797 3335 Verbiministri
1816 3280 2172 3343 exstiterunt,

590 3365 798 3436 ubique
829 3367 1025 3422 secuti.
1050 3367 1153 3434 Qui
1178 3370 1632 3441 autemquiddam
1660 3370 1730 3425 ab
1758 3370 1863 3424 hoc
1895 3371 2179 3426 diversum

589 3473 784 3529 sapere
814 3469 1244 3526 consuevertmt,
1272 3462 1698 3532 ineptorumque
1733 3462 2178 3534 syllogismorum

590 3552 918 3607 commentis
943 3552 1019 3607 ad‘
1066 3568 1132 3608 ea
1159 3552 1481 3619 deﬂectunt,
1515 3555 1583 3608 ad
1634 3570 1754 3625 quae
1786 3570 1894 3608 non
1933 3562 2170 3625 oportet,

589 3656 689 3696 eos
735 3658 766 3696 a
807 3632 993 3698 nostra
1034 3645 1425 3701 communione
1478 3643 1812 3715 rejiciemus,
1860 3643 2111 3699 dicentes
2159 3663 2170 3697 :

598 3751 617 3783 ι
647 3731 938 3789 Ambulate
988 3734 1045 3789 in
1084 3736 1294 3792 lumine
1338 3736 1482 3808 ignis
1521 3737 1716 3802 vestri,
1762 3746 1820 3791 et
1868 3736 1923 3792 in
1958 3736 2174 3791 ﬂamma

589 3841 755 3895 quam
778 3827 1143 3884 succendistis
1158 3828 1223 3883 ".
1245 3848 1263 3880 ι
1284 3828 1780 3885 Verumenimvero
1796 3830 2055 3900 quoniam
2073 3844 2172 3882 au-

588 3916 685 3973 dio
716 3918 945 3975 stolidos
973 3919 1243 3990 quosdam
1267 3921 1731 3987 circumcursare,
1775 3936 1839 3976 ac
1892 3920 2169 3983 dictitare,

588 4024 907 4081 perversam
933 4010 1509 4067 Nestorii‘doetrinam
1548 4009 1694 4082 apud
1744 4026 1936 4065 omnes
1985 4010 2173 4080 piissi—

588 4118 709 4158 mos
733 4100 976 4159 Orientis
996 4103 1286 4174 episcopos
1312 4103 1640 4169 obtinuisse,
1664 4111 1722 4158 et
1763 4101 1907 4173 apud
1944 4116 2041 4157 eos
2086 4117 2176 4156 re-

587 4204 731 4249 ctam
756 4194 1081 4259 exi’stimari,
1107 4211 1340 4267 eamque
1371 4195 1557 4266 potius
1586 4193 1921 4265 sequendam
1964 4193 2167 4264 putari,

587 4286 726 4341 illud
750 4302 968 4357 quoque
993 4287 1347 4342 indicandum
1369 4302 1491 4343 esse
1512 4287 1814 4341 arbitratus
1831 4301 1987 4341 sum:
2012 4285 2166 4356 1'71

2278 3282 2609 3353 εὑρήμασιν,
2663 3282 2750 3350 ἐφ’
2788 3280 2824 3334 ἃ
2873 3280 2949 3353 μὴ
2999 3281 3310 3351 προσῆκεν,
3364 3278 3867 3351 ὲκτετραμμένους,

2277 3374 2722 3446 ἀποπεμψάμεθα
2778 3373 2796 3413 τ
2845 3372 2947 3443 τῆς
2984 3373 3121 3443 πρὸς
3172 3373 3397 3436 ἑαυτοὺς
3444 3372 3750 3435 κοινωνίας,
3782 3370 3869 3423 λέυ

2276 3483 2485 3537 γοντεςο
2542 3487 2561 3519 ι
2610 3464 2918 3537 Πορεύεσθε
2947 3463 3027 3536 τῷ
3056 3464 3196 3535 φωτὶ
3225 3462 3325 3517 τοῦ
3356 3463 3527 3533 πυρὸς
3558 3462 3737 3533 ὑμῶν,
3770 3464 3867 3516 καὶ

2274 3561 2342 3630 τῇ
2378 3557 2557 3627 φλογὶ,
2658 3555 3005 3621 ὲξεκαύσατε.
3041 3575 3060 3607 ι
3110 3555 3327 3625 Ἐπειδὴ
3350 3554 3407 3608 δὲ
3446 3554 3724 3626 μανθάνω,
3754 3554 3868 3609 τῶν

2276 3649 2553 3705 ἀσυνέτων
2570 3648 2721 3712 τινὰς
2749 3647 3202 3720 περινοστοῦντας
3222 3646 3424 3717 λέγειν,
3444 3646 3518 3709 ὡς
3548 3647 3865 3718 κεκράτηκε

2276 3743 2426 3813 παρὰ
2465 3746 2576 3804 τοῖς
2612 3741 2751 3795 κατὰ
2780 3741 2879 3813 τὴν
2908 3739 3049 3812 ἑῴαν
3088 3740 3260 3794 ᾶπασι
3283 3738 3724 3804 Θεοσεὸεστάτοις
3748 3741 3864 3793 ἐπι-

2276 3836 2498 3899 σκόποις
2533 3837 2566 3905 ἡ
2610 3833 2901 3904 Νεστορίου
2948 3832 3259 3897 κακοδοξία,
3291 3832 3386 3886 καὶ
3428 3829 3487 3886 εὖ
3522 3831 3668 3903 ἔχειν
3701 3832 3860 3886 ὑπεί-

2275 3928 2477 3998 ληπται
2525 3929 2654 3998 παρ’
2688 3927 2889 3989 αὐτοῖς,
2927 3925 3231 3998 καὶταύτῃ
3288 3929 3313 3967 ε
3371 3925 3572 3997 μᾶλλον
3629 3924 3860 3981 ἕπεσθαι

2275 4021 2401 4093 χρὴ,
2431 4021 2541 4074 δεῖν
2572 4019 2755 4091 ᾠήθην
2790 4020 3009 4073 κάκεῖνο
3051 4019 3311 4090 μηνῦσαι·
3360 4020 3409 4072 oi
3454 4020 3562 4090 γάρ
3604 4036 3686 4072 τοι
3722 4018 3865 4072 κτιτᾶ

2275 4115 2374 4184 τὴν
2403 4112 2547 4185 ἑῴαν
2602 4114 2780 4167 πᾶσαν
2828 4112 3245 4166 θεοσεϐέστατοι
3270 4112 3581 4175 ἐπίσκοποι,
3632 4111 3748 4184 ἅμα
3781 4110 3861 4183 τῷ

2274 4208 2447 4278 κυρίῳ
2489 4223 2592 4277 μου
2643 4204 2721 4275 τῷ
2768 4204 3173 4273 θεοσεϐεστάτῳ
3208 4203 3309 4273 τῆς
3356 4204 3677 4275 Ἀντιοχέων
3740 4204 3865 4257 Ἑκ-

2276 4297 2504 4368 κλησίας
2527 4297 2815 4366 ἐπισκόπῳ
2861 4294 3101 4367 Ἰωάννῃ,
3132 4293 3196 4347 δι’
3226 4294 3503 4363 ἐγγράφου
3535 4294 3628 4347 καὶ
3659 4293 3863 4363 σαφοῦς

587 4377 1034 4448 quandoquidem
1060 4378 1456 4450 religiosissimi
1479 4378 1647 4433 totius
1663 4376 1905 4433 Orientis
1924 4376 2167 4448 episcopi

2279 4385 2563 4456 ὁμολογίας
2609 4384 2845 4454 φανερὸν
2895 4384 3067 4438 ἅπασι
3109 4383 3473 4448 κατέστησαν,
3506 4384 3589 4436 ὅτι
3633 4382 3731 4447 τὰς
3766 4382 3865 4454 μὲν

591 4485 700 4523 una
729 4485 854 4524 cum
880 4470 1106 4525 domino
1136 4486 1260 4526 meo
1288 4471 1498 4527 J‘oanne
1522 4469 1939 4542 religiosissimo
1979 4470 2171 4524 Eccle-

2279 4476 2571 4547 Νεστορίου
2604 4473 2865 4546 βεϐήλους
2910 4474 3276 4541 καινοφωνίας
3315 4472 3342 4511 ὶι
3374 4470 3769 4542 κατακρίνουσί
3800 4488 3860 4525 τε

589 4561 684 4617 sia:
708 4562 1065 4633 Antiochenae
1094 4566 1355 4634 episcopo
1388 4563 1594 4634 scripta
1636 4561 1989 4631 dilucidaque
2036 4576 2172 4617 con-

2281 4569 2375 4623 καὶ
2397 4568 2856 4638 ἁναθεματίζουσι
2883 4568 2999 4639 μεθ’
3041 4567 3220 4640 ἡμῶν,
3263 4566 3355 4619 καὶ
3380 4565 3591 4630 οὐδενὸς
3621 4564 3861 4635 ἠξίωσαν

590 4654 829 4711 fossione
860 4656 1121 4711 omnibus
1151 4658 1329 4726 palam
1356 4656 1628 4721 fecerunt,
1670 4671 1728 4711 se
1758 4654 2016 4725 profanas
2058 4654 2168 4709 Ne-

2279 4659 2441 4723 αύτὰς
2470 4661 2691 4713 πώποτε
2745 4660 2937 4729 λόγου,
2991 4657 3127 4712 ἀλλὰ
3174 4659 3289 4719 τοῖς
3342 4656 3719 4725 εὖαγγελικοῖς
3766 4659 3861 4712 καὶ

590 4745 749 4800 storii
776 4762 971 4801 vocum
995 4748 1269 4817 novitates
1294 4748 1337 4779 ¹⁸
1360 4764 1516 4820 reque
1542 4763 1607 4804 ac
1632 4762 1734 4803 nos
1776 4746 2171 4802 condemnasse

2279 4752 2650 4815 ἁποστολικοῖς
2688 4751 2909 4805 ἕπονται
2961 4751 3214 4821 δόγμασι,
3264 4748 3357 4802 καὶ
3395 4749 3494 4820 τὴν
3529 4747 3641 4801 τῶν
3680 4748 3859 4802 Πατέ-

586 4835 1182 4902 etanathematizasse,
1216 4852 1386 4908 seque
1432 4838 1585 4893 nullo
1627 4852 1870 4908 unquam
1914 4836 2037 4891 loco
2076 4851 2173 4891 eas

2279 4858 2385 4915 ρων
2417 4840 2706 4912 ὁμολογίαν
2758 4840 2878 4894 κατ’
2918 4839 3109 4893 οὐδένα
3150 4838 3383 4891 λυποῦσι
3430 4838 3651 4910 τρόπον.
3692 4838 3861 4910 Ὠμο-

590 4926 883 4995 habuisse;
908 4943 1103 4983 verum
1136 4930 1451 4999 evangelica
1474 4940 1530 4985 et
1573 4930 1873 5000 apostolica
1915 4929 2168 5000 dogmata

588 5028 823 5076 sectatos
875 5037 1035 5087 esse,
1092 5031 1517 5094 sanctorumque
1581 5024 1803 5079 Patrum
1838 5021 2170 5078 confessioni

586 5112 743 5166 nullo
775 5113 938 5169 modo
983 5114 1286 5170 adversari.
1320 5114 1565 5172 Professi-
1588 5116 1733 5170 enim
1782 5123 1913 5170 sunt
1938 5113 2169 5184 perinde

2272 4933 2513 5004 λόγησαν
2541 4933 2650 5003 γὰρ
2685 4932 2779 4985 καὶ
2814 4932 2967 4985 αὐτοὶ
2997 4931 3114 5001 μεθ’
3146 4930 3323 5000 ἡμῶν,
3355 4931 3437 4983 ὅτι
3470 4930 3561 4984 καὶ
3594 4928 3859 4995 Θεοτόκσς

2274 5025 2424 5078 ἐστὶν
2457 5027 2489 5095 ή
2526 5025 2656 5091 ἁγία
2698 5024 2990 5095 Παρθένος,
3021 5022 3115 5077 καὶ
3142 5024 3199 5075 οὐ
3227 5023 3585 5094 προσέθεσαν,
3615 5023 3697 5075 ὅτι
3726 5024 3861 5094 Χρι-

2271 5116 2521 5176 στοτόκος
2552 5115 2721 5180 ἐστὶν,
2758 5117 2789 5186 ἦ
2830 5116 3267 5187 ἀνθρωποτόκος,
3301 5115 3445 5168 καθά
3475 5132 3639 5183 φασιν
3677 5117 3728 5169 οἱ
3755 5117 3857 5170 Νε-

587 5217 652 5255 ac
680 5216 801 5267 nos,
840 5210 1083 5259 sanctam
1108 5204 1393 5276 Virginem
1419 5205 1516 5260 Dei
1536 5205 1860 5276 genitricem
1897 5219 2040 5270 esse,
2066 5221 2169 5260 nec

2279 5206 2485 5277 ςτορίου
2526 5205 2595 5260 τὰ
2626 5207 2863 5275 δύστηνα
2897 5208 2991 5261 καὶ
3048 5207 3371 5260 ἁπόπτυστα
3422 5205 3644 5276 δοξάρια
3697 5205 3853 5277 θερα-

587 5293 915 5365 adjecerunt
945 5297 1097 5367 quod
1138 5298 1345 5353 Christi
1396 5298 1634 5369 genitrix
1656 5298 1746 5363 sit,
1784 5308 1883 5353 aut
1924 5299 2167 5353 hominis

2279 5298 2545 5363 πεύοντες.
2591 5300 2753 5353 Ἀλλὰ
2786 5300 2895 5371 γὰρ
2924 5300 3018 5353 καὶ
3047 5299 3252 5369 ἔφασαν
3282 5298 3550 5370 ἐναργῶς,
3581 5299 3674 5351 ἕνα
3716 5296 3854 5352 εἶναι

585 5388 847 5456 genitrix,
877 5390 1345 5459 quemadmodum
1376 5392 1571 5447 dicunt
1604 5390 1697 5461 qui
1726 5390 1980 5445 infelices
2004 5406 2163 5448 exse-

2279 5391 2521 5462 Κριστὸν,
2555 5392 2655 5445 καὶ
2685 5393 2832 5455 Υἱὸν,
2865 5393 2958 5445 καὶ
2996 5392 3200 5464 Κύριον
3238 5391 3330 5444 τὸν
3360 5394 3423 5444 ἐκ
3451 5389 3587 5444 Θεοῦ
3620 5390 3717 5461 μὲν
3742 5392 3856 5445 Πα-

1739 5548 1778 5579 ¹¹
1833 5547 1999 5602 Ιοιιιι.,
2020 5563 2128 5611 xw,

2333 5547 2607 5601 "Coloss.
2646 5566 2721 5611 ιι,
2758 5550 2810 5603 9.
2925 5550 2963 5581 ³³
3008 5550 3105 5604 lsa.
3151 5566 3199 5613 ι,
3256 5550 3335 5603 Η.
3438 5550 3478 5582 ν’
3523 5549 3538 5604 1
3590 5550 3733 5606 Tim.
3782 5567 3859 5616 γι,

671 5544 692 5575 ⁹
722 5547 924 5618 Ephes.
965 5567 1003 5605 ιι
1060 5551 1143 5605 Η.

584 5611 673 5667 30.

1226 5548 1266 5579 ¹⁰
1306 5548 1461 5602 Joan.
1496 5564 1548 5611 χ,
1583 5548 1633 5601 7.

1663 5729 1842 5785 Variae
1869 5731 2133 5785 lectiones
2157 5729 2365 5784 codicis
2400 5729 2763 5801 Seguicriani.

657 5849 682 5887 '3
726 5849 1001 5924 ἑκάτερον.
1087 5849 1386 5922 εθεωρίαν.
1472 5850 2014 5923 ίὰποπεμιξώμεοα.
2114 5861 2139 5898 5

2279 5853 2330 5923 ᾗ.
2410 5850 2434 5890 h
2480 5848 2829 5921 κενοφωνίας.
