4154 6322
617 354 723 415 ατο

1606 352 1665 410 S.
1704 350 1983 410 αϊιιιιιι
2016 345 2486 404 Αιεχλκυιιωι
2524 342 2842 401 ARCHIEP.

612 492 762 535 nunc
785 477 1175 534 convenientes
1200 477 1483 549 apostolici
1507 477 1577 532 de
1600 478 1720 547 ejus
1747 472 1977 529 victoria
2007 479 2191 545 gratu-
2216 477 2264 532 Α
2287 471 2378 541 jus
2402 468 2663 540 agebatur
2687 481 2870 530 causa,
2902 464 3144 520 sentire?
3177 463 3454 519 Statuerat
3478 461 3581 517 hoc
3602 460 3863 517 nimirum

612 568 816 625 lantur.
848 568 895 627 Ο
926 570 1122 627 relatio
1163 570 1325 642 digna
1364 568 1638 633 mittente,
1682 566 1846 637 digna
1879 564 2185 620 conventu!

611 658 811 716 Gaudii
834 660 1075 717 cmlestis
1104 661 1366 715 indicium
1396 659 1532 715 tales
1553 658 1755 712 habere
1787 656 1980 712 debuit
2007 656 2193 727 cogni-

613 756 784 805 tores.
817 749 885 805 Et
906 751 1034 821 quia
1068 766 1156 805 res
1182 760 1238 805 et
1264 765 1426 804 causa
1457 748 1721 819 deposcit,
1753 746 1935 802 locum
1973 761 2192 820 quoque

614 841 1001 897 convenit-non
1023 840 1189 896 taceri
1219 841 1316 913 (1).

685 930 738 986 3.
771 931 851 986 Ad
886 931 1107 985 beatum
1136 930 1440 1000 apostolum
1466 930 1687 984 Petrum
1723 926 2040 983 fraternitas
2067 926 2191 981 uni~

613 1036 773 1079 versa
796 1024 1052 1078 convenit
1080 1040 1101 1075 εν
1119 1037 1247 1078 ecce
1276 1021 1611 1091 auditos-ium
1639 1036 1949 1091 congruens
1975 1019 2191 1076 audito-

615 1115 790 1178 ribus,
819 1115 1152 1171 conveniens
1191 1114 1500 1170 audiendis.
1532 1112 1859 1167 Habuerunt
1885 1111 2192 1183 coepiscopi

612 1208 790 1265 nostri
818 1207 970 1262 illum
990 1206 1479 1277 congratulationis
1500 1213 1718 1270 testem,
1739 1220 1902 1275 quem
1928 1203 2196 1259 habemus

613 1297 845 1355 honoris
865 1297 1151 1355 exordium
1186 1296 1261 1369 (2)
1281 1315 1303 1363 ;~
1329 1305 1531 1352 sancta:
1554 1311 1796 1373 namque
1817 1304 1874 1350 et
1893 1292 2192 1351 venerabili

612 1390 842 1460 Synodo,
865 1405 1031 1460 quam
1059 1389 1257 1444 natalis
1274 1388 1349 1460 (3)
1379 1388 1515 1443 mihi
1544 1388 1682 1451 dies,
1702 1387 1916 1442 favente
1939 1385 2189 1449 Domino,

613 1487 989 1549 congregant,
1020 1480 1151 1547 quia
1174 1479 1254 1533 sic
1285 1476 1621 1532 credendum
1648 1486 1750 1542 est,
1776 1476 1892 1545 ipse
1913 1474 2190 1545 przesedit,

613 1570 1062 1639 quandoquidem
1088 1571 1351 1635 probatur
1373 1586 1477 1626 nec
1493 1570 1688 1640 spiritu
1715 1584 1819 1622 nec
1844 1556 2075 1638 corpore
2095 1566 2194 1622 de-

614 1659 804 1716 fuisse.
847 1660 1038 1716 Adfuit
1078 1661 1290 1732 palmac,
1334 1662 1429 1731 qui
1470 1660 1808 1715 contentioni
1837 1675 1947 1714 non
1980 1656 2195 1725 defuit;

610 1752 756 1822 juvit
781 1752 1090 1807 animorum
1121 1761 1244 1807 vota
1279 1761 1613 1815 nostrorum,
1642 1751 1736 1822 qui
1760 1750 1911 1805 videt
1945 1750 2019 1823 (4)
2047 1766 2193 1822 sym—

2292 557 2362 617 de
2391 567 2703 614 nostrorum
2729 554 3014 610 desertore
3037 560 3362 619 castrorum,
3388 552 3535 622 quod
3568 567 3601 606 a
3632 551 3868 606 ducibus

2291 652 2425 707 ﬁdei:
2448 650 2705 707 suaderet
2737 646 2814 721 (8)
2850 645 3083 718 perﬁdia
3118 645 3380 717 judicari.
3413 645 3707 715 Nunquam
3742 658 3801 698 se
3833 657 3864 698 a

2292 750 2482 798 nostro
2522 755 2757 797 numero
2800 746 3136 810 separasset,
3167 737 3223 793 in
3266 750 3430 807 quem
3460 736 3647 805 potuit
3681 742 3739 791 et
3774 747 3866 789 re-

2219 860 2227 868 -
2290 835 2455 890 verti.

2338 927 2414 981 -5.
2440 927 2680 990 Exsulta,
2706 922 2874 979 frater
2895 922 3237 985 charissime,
3260 928 3321 975 et
3341 918 3406 974 ad
3435 934 3534 974 nos
3558 916 3876 975 recollectis

2289 1014 2555 1073 fratribus
2584 1016 2758 1071 victor
2779 1013 3010 1069 exsulta.
3033 1011 3323 1079 Quaerebat
3348 1010 3590 1066 Ecclesia
3610 1024 3749 1080 quos
3774 1023 3866 1064 re-

2290 1107 2456 1177 cepit.
2482 1108 2617 1163 Nam
2648 1107 2695 1163 si
2723 1107 2998 1163 neminem
3036 1105 3220 1175 perire
3246 1104 3498 1158 volumus
3521 1101 3591 1157 de
3613 1100 3831 1172 pusillis
3847 1140 3866 1167 ,

2292 1207 2503 1268 quanto
2542 1198 2715 1269 magis
2742 1196 3085 1269 gaudendum
3111 1195 3272 1250 nobis
3303 1208 3385 1250 est
3412 1194 3644 1248 sanitate
3684 1200 3859 1248 recto-

2293 1292 2454 1345 rum?
2484 1291 2743 1362 Legimus
2772 1309 2878 1347 una
2918 1292 3036 1347 ovis
3076 1299 3341 1359 quantum
3368 1288 3549 1361 gaudii
3588 1291 3879 1357 reportata

2293 1384 2610 1453 praestiterit
2641 1384 2795 1450 “;.et~
2816 1384 3020 1438 idcirco
3049 1381 3459 1453 intelligendum
3483 1387 3566 1435 est
3586 1377 3719 1450 quid
3741 1379 3866 1432 lau-

2293 1475 2378 1529 dis
2410 1474 2609 1529 habeat
2643 1483 2822 1530 tantos
2849 1489 3131 1530 revocasse
3172 1484 3437 1543 pastores.
3476 1470 3676 1542 Greges
3717 1467 3869 1539 aspi-

2293 1565 2516 1620 ciuntur
2548 1565 2606 1620 in
2633 1565 2896 1637 singulis;
2931 1580 3033 1621 nec
3069 1564 3232 1619 unius
3265 1565 3355 1621 hic
3388 1579 3550 1620 causa
3578 1570 3868 1624 tractatur,

2296 1657 2511 1727 quoties
2566 1658 2747 1728 agitur
2797 1658 2866 1713 de
2909 1658 3139 1713 sanitate
3202 1658 3496 1712 multorum
3551 1654 3647 1728 (9).
3688 1655 3869 1711 Laeta-

2298 1764 2421 1803 mur
2452 1747 2561 1820 (10)
2596 1749 2686 1805 hic
2721 1750 2859 1805 nihil
2890 1749 3066 1819 egisse
3109 1764 3208 1803 nos
3246 1764 3614 1819 praecoquum,
3647 1746 3872 1817 quando

614 1844 744 1899 bolo
777 1845 1012 1914 primum
1044 1844 1186 1899 inter
1214 1844 1491 1915 apostolos
1523 1843 1724 1912 tradito
1751 1842 2006 1913 derogari
2043 1860 2054 1893 :
2086 1856 2195 1895 non
2229 1837 2267 1892 Β
2296 1840 2479 1896 fructu
2529 1850 2730 1897 nostrae
2768 1842 3051 1897 sententiae
3093 1840 3447 1911 gratulamur.
3496 1837 3886 1894 Sustinuimus.

614 1947 809 2004 passus
836 1940 923 1989 est
945 1932 1240 1988 nefandum
1275 1947 1440 2004 caput
1469 1934 1543 2006 (5)
1568 1933 1806 2005 gaudere
1838 1931 2066 1995 solatiis,
2094 1945 2198 1986 nec

616 2024 830 2080 turbari
854 2024 949 2080 diu
992 2024 1120 2080 sivit
1160 2026 1434 2081 lutulento
1462 2026 1675 2097 gurgite
1702 2024 1869 2081 fontis
1892 2024 2038 2079 illius
2070 2039 2197 2094 per-

617 2115 793 2187 Spicui
834 2116 1153 2186 puritatem.
1196 2117 1277 2172 Ad
1318 2134 1418 2172 nos
1453 2118 1662 2173 reversi
1701 2124 1832 2171 sunt
1873 2115 2091 2179 fratres,
2128 2114 2195 2170 ad

598 2224 738 2273 nos,
781 2208 1027 2279 inquam,
1058 2209 1151 2278 qui
1183 2210 1434 2264 morbum
1469 2208 1746 2264 communi
1781 2206 1966 2263 studio
2004 2222 2196 2277 perse—

615 2310 867 2373 quentes,
903 2301 1210 2357 animarum
1239 2301 1552 2356 curavimus
1584 2300 1893 2356 sanitatem.

684 2391 738 2447 ι.
766 2392 887 2447 Non
927 2407 985 2447 se
1015 2392 1189 2447 exsuli
1228 2391 1306 2463 (6)
1348 2398 1535 2446 vestro
1558 2401 1779 2447 sanctus
1810 2390 1980 2447 frater
2009 2400 2198 2446 noster

542 2516 545 2519 λ
614 2483 854 2541 Joannes
877 2483 1182 2551 addiderat;
1222 2501 1333 2541 non
1356 2486 1479 2556 ejus
1518 2495 1605 2541 est
1640 2485 1961 2556 blaspheme
1997 2484 2195 2555 praadi-

617 2575 833 2631 catione
854 2574 1153 2646 deceptus;
1188 2590 1337 2641 nam,
1362 2584 1629 2645 quantum
1665 2590 1855 2631 rerum
1881 2577 2061 2631 exitus
2094 2576 2195 2630 do-

617 2671 725 2729 cet,
753 2665 1037 2735 suspendit
1071 2681 1227 2721 suam
1268 2665 1619 2731 sententiam,
1643 2676 1755 2719 non
1791 2665 2025 2736 negavit.
2056 2665 2193 2720 Nam

616 2756 749 2828 quid
785 2758 839 2812 in
870 2757 1211 2814 inventorem
1244 2759 1513 2813 malorum
1538 2767 1722 2830 posset
1747 2759 1895 2813 aliud
1922 2760 2193 2831 judicare,

614 2848 725 2905 nisi
752 2847 826 2921 (7)
858 2849 1004 2919 quod
1032 2848 1294 2920 probatur
1323 2849 1440 2919 ipse
1467 2864 1567 2919 per
1595 2850 1912 2907 sacerdotes
1943 2866 2073 2908 suos
2097 2868 2195 2907 cu-

2292 1933 2518 2000 fratres,
2539 1934 2677 1990 certi
2724 1950 2820 1991 eos
2849 1950 2961 1989 non
3004 1934 3215 2006 spinas,
3242 1934 3335 1989 sed
3376 1948 3508 1987 uvas
3535 1947 3657 1987 esse
3688 1929 3870 1985 factu-

2292 2043 2386 2081 ros
2411 2026 2544 2098 (11).
2569 2028 2629 2082 ln
2652 2026 2893 2084 evidenti
2915 2037 2999 2082 est
3018 2034 3328 2082 nostrorum
3354 2025 3623 2081 vindemia
3645 2022 3875 2094 gaudio-

2292 2133 2437 2183 rum,
2464 2134 2587 2187 quae
2615 2128 2858 2174 sanctam
2893 2117 3158 2191 synodum
3201 2117 3448 2187 largitate
3491 2113 3873 2187 gratulationis

2293 2207 2561 2278 implevit.
2593 2210 2820 2273 Vineam
2844 2225 2998 2265 suam
3027 2214 3210 2263 custos
3239 2206 3329 2262 ille
3354 2206 3583 2271 curavit,
3610 2218 3772 2276 quem
3799 2202 3879 2264 ad,

2292 2300 2706 2357 custodiendam
2731 2302 2955 2357 domum
2990 2300 3155 2356 lsrael
3180 2314 3284 2354 nec
3314 2299 3608 2354 dormitare
3640 2312 3742 2352 nec
3766 2295 3870 2351 ob—

2293 2391 2538 2449 dormire
2562 2392 2733 2449 David
2759 2395 3028 2466 propheta
3066 2401 3299 2449 testatur
3325 2392 3389 2445 ‘7‘.
3419 2388 3773 2445 lnfecundum
3800 2386 3871 2441 il—

2292 2484 2387 2539 lud
2417 2484 2638 2542 Christo
2673 2495 2880 2552 nostro,
2924 2502 3029 2542 nec
3068 2486 3304 2542 aﬂerens
3345 2483 3602 2547 fructum,
3630 2480 3881 2551 suscepit

2294 2574 2511 2633 ﬂamma
2549 2588 2885 2634 sarmentum
2917 2577 2982 2633 ¹³.
3011 2578 3117 2633 Sed
3159 2585 3220 2632 ut
3251 2577 3356 2631 hoc
3396 2574 3645 2631 videmus
3667 2586 3873 2628 conve-

2298 2669 2419 2723 nire
2445 2668 2723 2737 damnato,
2752 2669 2826 2726 ita
2850 2670 2918 2726 de
2950 2671 3186 2725 reversis
3223 2669 3291 2725 ad
3330 2665 3432 2724 nos
3457 2666 3715 2722 fratribus
3736 2679 3874 2721 con-

2298 2763 2451 2817 venit
2490 2763 2695 2830 dicere,
2741 2766 2871 2835 quia
2917 2782 3029 2820 non
3066 2765 3246 2835 potuit
3278 2780 3308 2818 a
3348 2763 3565 2820 diabolo
3605 2757 3876 2817 eradicari

2300 2857 2567 2926 plantatio
2596 2873 2763 2927 quam
2790 2858 3130 2928 plantaverat
3156 2857 3315 2912 Pater
3338 2858 3401 2909 ".
3436 2854 3591 2909 lllum
3613 2868 3744 2922 ergo
3765 2848 3876 2907 sibi

693 3005 736 3038 "
756 3006 892 3061 Luc.
927 3022 1012 3071 xv,
1039 3006 1090 3060 6.
1176 3006 1218 3037 "
1245 3006 1385 3061 Psal.
1412 3022 1533 3072 cxx,
1559 3006 1612 3061 4.
1710 3007 1754 3040 ³⁸
1775 2973 1947 3063 ποθι).-
1964 3025 2052 3073 xv,
2080 3009 2133 3065 6.

2302 3010 2495 3065 Matth.
2533 3031 2619 3079 xv,
2659 3012 2745 3067 15.

693 3148 768 3215 (l)
797 3147 952 3215 Apud
979 3148 1200 3211 Baron.,
1230 3150 1466 3204 convenit
1491 3150 1707 3202 intueri.

2224 3159 2267 3214 C
2301 3156 2577 3218 bitaverit,
2606 3171 2706 3210 cur
2738 3151 3086 3224 postmodum
3111 3151 3319 3224 abihoc
3338 3149 3595 3224 haeretica
3621 3146 3880 3224 condent-

696 3220 771 3288 (Ξ)
819 3217 1008 3288 Atlinis
1049 3229 1133 3272 est
1179 3219 1271 3274 hic
1314 3221 1467 3275 locus
1515 3220 1592 3273 illi
1640 3218 1819 3273 Siricii
1873 3219 1929 3273 in
1970 3219 2199 3275 exordio
2278 3227 2486 3281 ‘nando
2514 3215 2635 3281 sese
2667 3215 2966 3279 sustinuit?
2997 3222 3113 3277 Hoc
3144 3222 3407 3276 nimirum
3442 3220 3498 3274 in
3542 3233 3701 3273 causa
3730 3215 3877 3288 fuit,

620 3287 792 3370 epist.
820 3289 853 3342 4
897 3305 909 3339 :
955 3287 1172 3373 Cumhin
1206 3306 1387 3373 unum
1423 3288 1644 3373 plurimi
1675 3290 2087 3344 convenissemus
2124 3293 2203 3373 .ad

620 3357 794 3441 educti
823 3357 1046 3441 apostoli
1057 3357 1518 3441 ‘Petrilreliquias,
1547 3376 1639 3441 per
1668 3374 1839 3441 quem.
1853 3369 1903 3414 et
1931 3360 2200 3432 apostola-

624 3440 707 3487 tus
734 3438 782 3500 et
806 3430 1130 3500 episcopatus
1157 3430 1209 3482 in
1233 3429 1443 3484 Christo
1471 3431 1623 3500 capit
1658 3429 1951 3484 exordium.

697 3498 772 3569 (5)
806 3500 929 3554 Non
967 3499 1016 3553 is
1046 3515 1157 3569 quo
1184 3500 1240 3554 in
1271 3502 1437 3557 terris
1463 3498 1638 3563 ortus,
1667 3500 1761 3567 sed
1798 3516 1907 3570 quo
1946 3501 2202 3558 Ecclesia:

623 3571 887 3641 Romanae
911 3570 1196 3641 ordinatus
1214 3578 1298 3641 est
1315 3571 1623 3641 episcOpus.
1653 3570 1812 3624 Hunc
1831 3571 1975 3627 diem
1999 3573 2204 3641 pariter

626 3641 697 3694 ab
723 3639 1011 3694 Anastasio
1034 3640 1054 3694 l
1077 3640 1314 3693 natalem
1340 3639 1768 3695 suum’vocatum
1789 3656 1931 3704 esse,
1958 3639 2025 3697 ad
2051 3658 2206 3697 eum-

624 3726 757 3781 que,
792 3710 962 3765 veluti
988 3726 1140 3766 more
1161 3711 1271 3781 jam
1302 3718 1543 3779 recepto,
1569 3711 1772 3766 multos
1799 3713 2087 3781 episcopos
2118 3714 2203 3767 in-

625 3780 789 3852 vitari
818 3783 1190 3852 consuevisse,
1213 3780 1367 3850 Xysti
1392 3796 1673 3836 successor
1694 3782 1807 3836 Leo
1831 3780 2017 3852 plures
2038 3783 2093 3837 in
2115 3800 2206 3838 ea-

627 3850 753 3924 dem
788 3850 1104 3924 celebritate
1134 3862 1418 3924 sermones
1441 3852 1653 3906 habuit.
1685 3850 1848 3924 Ethin'
1870 3855 2049 3923 primo
2080 3856 2204 3924 qui-

627 3920 775 3983 dem,
809 3936 926 3989 cap.
955 3922 1008 3984 5,
1044 3921 1311 3990 plurimos
1331 3922 1618 3992 episcopos
1640 3922 1707 3976 ad
1735 3920 1888 3977 illam
1914 3920 2206 3979 convenire

628 3992 822 4047 solitos
850 3999 1007 4063 notat
1036 3992 1123 4045 his
1154 3992 1338 4063 verbis
1364 4010 1376 4044 :
1402 3990 1632 4063 Cumque
1661 3995 1797 4046 hanc
1828 3994 2207 4049 uenerabilium

630 4062 1071 4145 constt'eerdotmn
1110 4061 1589 4145 splendidissimum
1636 4064 1983 4145 frequentiam
2028 4065 2204 4128 video,

632 4130 927 4202 angelicum
952 4132 1096 4202 nobis
1123 4130 1175 4185 in
1202 4141 1276 4185 tot
1300 4134 1493 4187 sanctis
1521 4130 1689 4187 sentio
1716 4130 1963 4188 interesse
1987 4151 2210 4189 conven-

634 4201 763 4274 tum.
797 4201 1432 4274 Exinde‘celcbritatem
1479 4202 1648 4265 illam,
1694 4203 1846 4274 Xysti
1892 4205 2086 4267 instar,
2138 4205 2206 4260 ad

631 4271 777 4344 beati
800 4272 954 4344 Petri
989 4271 1216 4344 gloriam
1246 4272 1509 4344 referens,
1548 4271 1791 4344 adjecit;
1811 4273 1920 4344 Nec
1954 4276 2119 4338 abest,
2150 4285 2209 4329 ut

630 4341 859 4417 confido,
894 4342 967 4417 ab_
990 4343 1245 4417 boc‘cwtu
1280 4342 1562 4397 beatissimi
1588 4341 1811 4417 a'pOstoli
1832 4343 1979 4417 Petri
2006 4347 2093 4417 pia
2123 4346 2206 4417 di—

630 4414 811 4483 gnatio
841 4419 891 4466 et
929 4410 1039 4478 [ida
1075 4412 1307 4476 devotio,
1342 4429 1435 4467 nec
1473 4410 1701 4467 vestram
1749 4410 2069 4470 devotionem
2117 4414 2208 4470 ille

631 4481 842 4547 deserit,
890 4483 1181 4560 cujus-nos
1220 4484 1509 4560 repet-entia
1553 4486 1904 4560 congregavit.
1940 4484 2208 4560 Quocirca
2242 4504 2282 4560 ι]

633 4564 941 4607 sermonem
968 4552 1002 4606 5
1028 4552 1109 4608 sic
1135 4553 1344 4609 claudit
1368 4570 1380 4605 :
1404 4553 1493 4607 Illi
1519 4569 1640 4621 ergo
1653 4552 1801 4609 'hunc
1825 4556 2086 4611 servitutis
2112 4573 2210 4610 no-

632 4630 760 4696 stris
799 4638 1107 4696 mnuum:
1156 4639 1311 4696 nteit,
1348 4623 1432 4678 illi
1476 4624 1796 4679 ascribamus
1848 4627 1942 4680 hoc
1989 4628 2211 4696 festum,

635 4693 792 4765 cujug
825 4693 1113 4765 patrocinio
1142 4693 1277 4748 sedis
1314 4696 1481 4765 ipsius
1523 4696 1810 4765 meruimus
1854 4709 1961 4750 esse
1989 4693 2215 4751 consor-

638 4770 733 4818 tes.
753 4762 954 4818 Eadem
979 4777 1195 4832 quoque
1220 4762 1432 4825 ratione
1452 4765 1518 4821 de
1543 4765 1646 4819 hoc
1665 4764 1803 4820 festo
1817 4765 2058 4822 Hilarius
2078 4780 2217 4838 papa

638 4833 800 4888 epist.
839 4832 873 4888 8
906 4831 1166 4888 loauitur.

636 4840 800 4889 eoist.
839 4840 873 4888 8
906 4840 1166 4889 louuitur.

672 4847 800 4904 ptst.
839 4847 873 4888 δ
906 4847 1166 4903 loquitur.

712 4901 787 4972 (4)
817 4902 1228 4974 ApudﬂBaron”
1263 4904 1353 4974 qui
1383 4904 1598 4959 videret.

713 4975 788 5045 (5)
813 4972 950 5050 Cum
976 4972 1178 5050 Xystus
1210 4972 1519 5050 Nestorium
1546 4991 1695 5050 nunc
1716 4978 2005 5047 nefandum
2034 4988 2215 5050 caput,

642 5043 770 5099 mo:
793 5043 1024 5099 exsulem
1051 5045 1302 5107 vestrum,
1321 5044 1554 5100 subinde
1578 5043 1902 5104 inventorem
1930 5043 2217 5113 malorum,

642 5122 833 5186 postea
852 5115 1184 5189 desertorem
1218 5124 1512 5189 castrorum
1542 5124 1722 5189 vocet,
1756 5119 1971 5189 aliaque
2009 5119 2220 5176 ratione

643 5184 809 5260 supra
850 5184 1121 5260 indigitet,
1164 5185 1376 5260 nomini
1410 5186 1568 5260 illius
1608 5188 1827 5260 videtur
1862 5184 2091 5260 parcere
2124 5207 2221 5245 vo-

642 5255 1007 5328 luisse,_quod
1032 5271 1101 5310 ne
1125 5256 1295 5328 semel
1329 5256 1553 5327 quidem
1582 5258 1837 5328 appellat.

716 5324 793 5397 (6)
837 5324 1097 5399 Rusticus
1140 5324 1405 5383 diaconus
1450 5324 1766 5399 paulo'post
1811 5330 2031 5386 initium
2076 5331 2212 5386 Dial.

643 5396 837 5470 contra
863 5396 1069 5466 Aceph.
1115 5396 1520 5470 preprioestflo
1551 5396 1659 5454 ista
1684 5399 1765 5455 sic
1797 5401 1980 5456 reddit
2013 5419 2025 5452 :
2071 5399 2215 5466 Quo-

645 5467 794 5542 uiam
821 5476 1096 5542 nunquam
1121 5466 1321 5542 similia
1343 5466 1584 5525 Ναξιοήο
1618 5471 1816 5539 sapuit,
1847 5471 1993 5542 sedra
2022 5471 2220 5542 princi-

646 5539 733 5607 pio
755 5536 915 5610 fuerit
943 5536 1259 5610 orthostatas
1286 5537 1519 5610 Joannes
1541 5536 1900 5597 sanctissimus
1928 5536 2096 5610 frater
2126 5559 2222 5597 no-

646 5606 773 5682 ster,
810 5606 930 5682 licet
959 5606 1087 5682 olim
1125 5609 1442 5682 sententiam
1470 5626 1624 5682 suam
1656 5606 2006 5682 suspenderit,
2034 5622 2091 5666 ut
2126 5629 2223 5667 no-

648 5676 845 5733 biscum
877 5676 1179 5733 Nestorium
1212 5680 1426 5735 minime
1453 5676 1845 5736 condemnaret.
1870 5681 2006 5738 Cum
2032 5684 2223 5738 ortho-

650 5746 823 5827 doxus
839 5747 910 5827 ab
926 5748 1085 5804 initio
1104 5748 1272 5805 fuerit
1288 5748 1546 5827 Joannes.
1569 5761 1734 5823 atque
1757 5753 1975 5824 egregia
1994 5754 2223 5827 epistola

651 5817 989 5887 Nestorium,
1009 5828 1301 5891 antequam
1330 5817 1704 5887 damnaretur,
1732 5817 1959 5895 arguere
1985 5817 2094 5880 non
2122 5823 2223 5879 du-

2302 3297 2449 3365 quod
2482 3294 2772 3351 Nestorius
2813 3302 3037 3363 accepta
3059 3293 3256 3365 _ipsius
3300 3289 3531 3365 epistola
3575 3286 3879 3365 rescripsit,

2304 3358 2429 3422 ideo
2451 3374 2661 3424 tantum
2694 3382 2723 3420 a
2749 3380 2806 3421 se
2834 3358 3034 3418 nomen
3059 3358 3304 3432 Deiparae
3333 3358 3515 3423 vitari,
3543 3374 3612 3414 ne
3636 3358 3762 3432 inde
3783 3373 3881 3412 nos

2301 3453 2546 3508 sequaces
2568 3435 2797 3508 haeretici
2819 3432 3137 3508 Apollinarii
3157 3428 3800 3508 :reprelienderent._linde
3822 3436 3882 3508 et

2301 3497 2540 3563 Joannes
2581 3507 2650 3560 ad
2696 3497 2941 3561 Firmum
2989 3497 3246 3574 Synodici
3279 3517 3417 3574 cap_._
3445 3500 3585 3574 4_de
3613 3497 3882 3574 _Nestorio

2304 3578 2496 3633 scribit
2526 3596 2538 3631 :
2566 3576 2709 3642 Quia
2731 3592 2851 3630 vero
2872 3585 2922 3629 et
2957 3569 3078 3628 anie
3110 3569 3456 3644 sapuerit—(de
3485 3571 3579 3626 Dei
3602 3569 3882 3644 Genitriee

2305 3648 2445 3703 sicut
2471 3640 2614 3714 nos),
2647 3646 2770 3701 inde
2797 3646 3120 3701 convincitur
3147 3640 3272 3715 quia
3294 3652 3357 3715 et
3378 3640 3489 3715 {rita
3518 3642 3743 3715 constitit
3780 3640 3881 3692 act-

2305 3712 2632 3772 monentibus
2670 3717 2835 3779 nobis,
2869 3718 3004 3770 sicut
3034 3733 3066 3769 a
3101 3712 3327 3787 propriis
3369 3712 3452 3782 ﬁt,
3488 3719 3535 3766 et
3568 3712 3737 3787 ipsum
3758 3726 3883 3787 _no—

2305 3805 2424 3842 men
2450 3789 2666 3859 accepit,
2692 3795 2741 3840 et
2775 3787 2829 3841 in
2851 3780 3402 3859 duobusisermonibus
3433 3780 3621 3859 sanam
3646 3780 3768 3859 ﬁdei
3793 3796 3886 3834 ear-

2305 3852 2613 3982 positionein
2647 3865 2696 3911 et
2724 3856 3227 3929 irreprehensibilent
3259 3855 3403 3909 nobis
3438 3853 3647 3907 direxit.
3679 3852 3885 3906 Verum

2328 3928 2598 3982 uereticus
2621 3928 2710 3982 ille
2730 3928 2943 3982 etiamsi
2966 3927 3295 3982 uuandonue
3315 3926 3577 3982 Iinauam.
3602 3936 3885 3982 nunquam

2328 3928 2598 3984 uereticus
2621 3928 2710 3982 ille
2730 3926 2943 3982 etiamsi
2966 3927 3295 3997 quandoque
3315 3926 3888 3997 linguam,_nunquam

2308 4007 2490 4055 tamen
2531 4000 2794 4063 animant,
2829 3994 3077 4053 virorum
3126 3994 3461 4068 prudentum
3499 3994 3710 4065 judicio
3757 4008 3886 4047 mu-

2308 4071 2459 4124 tavit.

2380 4140 2454 4211 (7)
2484 4140 2540 4195 ld
2560 4148 2665 4211 est,
2692 4141 2792 4195 nisi
2821 4138 2897 4201 id,
2920 4139 3065 4209 quod
3090 4138 3365 4211 Christus,
3385 4137 3541 4211 cujus
3572 4151 3740 4211 cause
3761 4150 3888 4211 age-

2307 4204 2481 4275 batur,
2510 4210 2761 4281 probatur
2794 4228 2888 4281 per
2904 4204 3207 4273 sacerdotes
3233 4226 3353 4263 suos
3383 4207 3438 4260 in
3452 4204 3672 4277 synodo
3700 4204 3887 4275 Ephe-

2308 4281 2425 4336 sina
2459 4289 2816 4352 congregatos
2847 4281 3073 4336 sentire.

2378 4352 2453 4421 (8)
2483 4345 2733 4406 Labbeus
2759 4351 2963 4421 mallet,
2991 4368 3087 4404 sua
3118 4345 3737 4421 deberet.__Betiuendum
3757 4362 3892 4421 sua-

2308 4417 2451 4476 deret
2466 4422 2570 4477 hoc
2585 4421 2889 4485 intellectu,
2901 4419 3165 4476 Joannem
3187 4419 3240 4473 id
3259 4418 3326 4473 de
3338 4418 3591 4473 Nestorio
3606 4417 3887 4476 statuisse.

2344 4492 2459 4547 uod
2501 4491 2729 4563 perfidia
2766 4492 2889 4562 ejus
2926 4499 3057 4545 nota
3091 4490 3350 4545 suaderet
3373 4488 3441 4543 de
3468 4487 3560 4541 illo
3596 4502 3627 4542 a
3654 4486 3893 4543 ducibus

2344 4562 2441 4617 idei
2469 4562 2722 4617 iudicari.
3329 4595 3332 4597 λ

2390 4578 2441 4617 θι
2469 4578 2722 4618 mulcari.
3329 4595 3332 4597 λ

2384 4580 2441 4617 et
2464 4580 2722 4633 judicari.
3329 4595 3332 4597 λ

2384 4633 2480 4704 (9)4
2516 4632 2637 4704 Non
2678 4632 2934 4704 displicet
2960 4630 3165 4704 Labbei
3207 4632 3545 4704 conjectura,
3580 4645 3685 4699 qua
3716 4636 3857 4682 recto

2312 4698 2598 4758 ruin'forte
2630 4698 2921 4773 legendum
2948 4716 3068 4755 esse
3101 4698 3377 4755 admonet.
3404 4698 3725 4773 Quanquam
3761 4713 3889 4773 cum

2312 4773 2491 4844 plebis
2520 4768 2816 4844 multiludo
2857 4780 3145 4827 censeatur
3178 4774 3232 4826 in
3278 4768 3605 4844 rectoribus,
3658 4769 3904 4826 rectoris.

2313 4841 2580 4914 cujusque
2613 4842 2838 4904 sanitas,
2865 4844 3179 4914 sanitas_est
3202 4841 3518 4914 multorum.

2388 4910 2505 4986 (l0)
2536 4913 2692 4986 lianc
2711 4913 3035 4968 sententiam
3059 4912 3318 4986 Rusticus
3346 4911 3466 4966 loco
3493 4910 3663 4986 citato
3694 4910 3776 4964 sic
3799 4925 3893 4986 re-

2316 4980 2748 5048 tinet,'utverba
2773 4997 2998 5052 prorsus
3025 4991 3200 5036 mutet
3224 4981 3276 5035 in
3304 4981 3451 5052 hune
3468 4980 3691 5035 modum
3723 4999 3737 5033 :
3766 4981 3897 5051 quia

2317 5054 2442 5109 bene
2466 5055 2699 5126 fecimus,
2727 5050 2817 5123 qui
2838 5052 2968 5108 nihil
2988 5059 3173 5106 contra
3199 5068 3318 5105 eum
3345 5050 3673 5126 deﬁnivimus
3698 5051 3895 5126 imma-

2318 5121 2533 5192 turum;
2570 5121 2772 5179 clarent
2820 5126 2960 5178 enim
3010 5130 3311 5182 nostrorum
3355 5122 3626 5177 vindemia:
3672 5121 3896 5193 gaudio-

2319 5214 2458 5251 rum.

2391 5266 2502 5339 (11)
2537 5265 2694 5339 Apud
2724 5263 2947 5339 Bai-om,
2982 5262 3224 5318 lecturos.
3245 5260 3393 5339 ‘Lab.
3422 5263 3487 5318 ad
3526 5279 3722 5339 marg.)
3752 5260 3898 5339 latu-

2325 5332 2443 5402 ros;
2477 5332 2681 5392 i-ectius
2710 5344 2892 5389 tamen
2934 5333 2990 5387 in
3026 5342 3196 5397 textu,
3232 5334 3481 5403 facturos.
3525 5332 3733 5388 Alludit
3769 5332 3902 5403 qui-

2324 5409 2450 5464 dem
2479 5407 2683 5479 Xystus
2710 5406 2777 5460 ad
2816 5404 2949 5479 illud
2981 5404 3168 5479 Matth.
3198 5404 3384 5479 vu,_i7
3414 5422 3425 5457 :
3454 5403 3721 5479 Numquid
3744 5402 3899 5457 colli-

2318 5488 2448 5551 gunt
2469 5474 2713 5549 de'spinis
2739 5475 2905 5551 uvas?
2924 5474 3018 5531 sed
3042 5474 3170 5551 hinc
3197 5474 3392 5551 probat
3417 5475 3603 5544 spinas
3626 5490 3732 5529 non
3754 5488 3899 5535 esse.

2320 5544 2450 5618 quia
2481 5544 2673 5603 certus
2706 5545 2984 5618 erat__fore
3013 5553 3072 5599 ut
3103 5544 3298 5618 facturi
3340 5556 3540 5618 essent
3568 5559 3901 5618 uvas;_cum

2320 5614 2576 5675 Christus
2596 5618 2743 5673 dicat
2767 5635 2787 5687 :7
2807 5615 2924 5671 Non
2953 5625 3117 5687 potest
3152 5616 3310 5687 arbor
3343 5614 3488 5687 mala
3514 5614 3904 5687 fructusebouos

2326 5691 2514 5761 facere.
2544 5688 2664 5756 Quo
2696 5688 2751 5742 in
2776 5686 2899 5741 loco
2926 5684 3066 5742 vers.
3098 5686 3181 5748 l7,
3221 5686 3285 5741 18
3308 5693 3365 5740 et
3392 5684 3477 5754 l9,
3510 5684 3664 5743 verbl
3703 5685 3903 5759 facere,

2328 5760 2434 5815 non
2469 5760 2625 5832 ferre,
2655 5766 2913 5814 constans
2936 5773 3068 5813 usus
3090 5766 3194 5812 cst.
