4154 6322
591 370 694 430 287
1612 385 1668 440 Β.
1708 385 1985 442 ονιυιιιι
2019 384 2169 441 ΑιΕἶ

2270 382 2489 440 ηυΒιΝι
2521 380 2838 438 ARCHIEP.
3735 375 3846 436 238

590 487 810 542 etiamsi
851 490 907 544 in
942 487 1304 548 humanitatis
1331 503 1526 549 natura
1553 499 1874 564 coexsistat,
1911 512 2162 569 unusque

2270 498 2533 568 ἄτρεπτον
2561 497 2654 549 καὶ
2680 495 3060 556 ἀναλλοίωτον.
3093 493 3195 548 κάν
3216 497 3280 565 τῇ
3301 494 3402 565 τῆς
3429 491 3844 564 ἀνθρωπότητος

591 580 663 635 sit
687 580 742 635 in
761 579 1028 637 ambabus
1055 591 1109 637 et
1139 599 1206 638 ex
1229 584 1492 640 ambabus
1515 585 1790 646 Christus.

2281 587 2458 658 φύσει,
2486 586 2578 640 καὶ
2608 587 2706 641 ινα
2735 589 2793 640 ἐν
2819 587 3020 661 ἀμφοῖν
3050 583 3144 640 καὶ
3169 583 3229 649 ἐξ
3259 586 3458 656 ἀμφοῖν
3481 585 3568 638 τὸν
3589 584 3844 656 Χριστόν.

1960 917 2296 976 EPISTOLA
2333 917 2466 973 LIV.

1635 1091 1844 1130 cvatLLt
1877 1093 1940 1130 Αο
1973 1094 2231 1133 nossenon
2257 1091 2635 1132 passurum:
2662 1075 2761 1145 (ll.

590 1226 908 1311 Eusebium,-
932 1232 1019 1298 qui
1043 1247 1182 1311 agro
1203 1233 1380 1311 animo
1405 1231 1601 1311 ferebat
1623 1234 1812 1288 initam
1841 1233 2089 1311 Ecclesia:
2109 1254 2289 1311 pacem
2323 1239 2475 1311 quasi
2498 1253 2623 1311 quin
2641 1235 2799 1290 aliter
2821 1243 2978 1304 atque
3005 1233 3143 1311 ratio
3169 1228 3620 1311 postnio‘bat‘inita
3644 1227 3848 1311 fuisset,

660 1299 723 1352 de
748 1297 985 1382 omnibus
1009 1297 1294 1382 femore"!
1330 1297 1453 1370 Ῑαέίι
1488 1320 1504 1356 -'
1531 1317 1635 1371 qua
1665 1316 1850 1382 nempe
1872 1297 2168 1382 conditione
2190 1297 2740 1382 JoanniAAntiocltcno
2757 1297 3178 1382 communionem
3209 1299 3490 1382 reddiderit
3516 1315 3532 1362 ;
3565 1297 3704 1382 quod
3727 1310 3854 1350 con-

661 1369 906 1444 tunielias
951 1372 1226 1444 adversum
1269 1367 1338 1425 ιε’
1359 1367 1644 1442 usurpatas
1678 1375 1737 1426 ob
1748 1367 1908 1444 pacis
1936 1374 2128 1429 bonum
2166 1378 2467 1440 remiserit;
2501 1377 2638 1444 quod
2671 1376 2965 1430 adversarii
2995 1382 3238 1427 sanctam
3269 1369 3533 1439 Virginem
3556 1367 3850 1437 Deiparant

658 1440 851 1508 scripto
885 1442 1113 1508 confessi
1129 1443 1255 1505 sint,
1287 1451 1334 1494 et
1359 1440 1499 1496 duas
1519 1459 1626 1497 esse
1651 1444 1706 1497 in
1730 1440 1934 1502 Christo
1969 1453 2194 1501 natura:
2219 1464 2335 1500 cum
2366 1440 2742 1516 singuiaritate
2772 1460 3029 1515 personat.

664 1572 793 1644 Legi
829 1573 1042 1627 litteras
1085 1575 1407 1628 reverentiae
1436 1585 1541 1630 tua:
1573 1595 1591 1628 τ
1630 1555 1791 1645 quam
1831 1592 1954 1631 cum
1980 1577 2166 1633 dolere

2343 1579 2452 1650 Τὴν
2487 1579 2584 1649 μὲν
2633 1577 2784 1649 παρά
2829 1577 2931 1658 τῆς
2966 1578 3065 1645 σῆς
3101 1575 3386 1642 εὐλαϐείας
3414 1571 3702 1641 ἐπιστολὴν
3753 1573 3848 1624 ἀν-

591 1665 1002 1728 intellexissem,
1044 1673 1102 1719 ut
1141 1667 1184 1719 si
1226 1682 1325 1735 pax
1379 1666 1748 1721 Ecclesiarum
1795 1669 1956 1723 aliter
2003 1682 2167 1738 atque

2279 1671 2441 1738 ἔγνων
2463 1686 2476 1698 ·
2513 1669 2690 1739 εὑρὼν
2732 1668 2789 1722 δέ
2826 1668 3230 1738 λελυπημένην,
3277 1666 3352 1728 ὡς
3385 1665 3451 1717 ἀν
3485 1665 3581 1733 τῆς
3622 1663 3850 1732 εἰρήνης

591 1757 732 1813 ratio
767 1756 1004 1825 postulat
1044 1757 1347 1826 composita
1377 1757 1564 1822 fuerit,
1599 1760 1850 1829 reputavi
1873 1776 1938 1815 ex
1987 1761 2169 1815 charis

2273 1761 2380 1813 τῶν
2420 1759 2754 1831 Ἐκκλησιῶν
2782 1758 3129 1828 συντεθείσης
3148 1758 3209 1810 οὐ
3239 1757 3380 1811 κατά
3404 1756 3582 1824 λόγον,
3615 1759 3849 1826 ἐτεκμη-

590 1855 700 1902 tate
725 1846 943 1917 quidem
963 1846 1439 1900 mansuetudinem
1461 1858 1607 1902 tuam
1628 1846 1797 1903 fuisse
1814 1857 2163 1916 commotam,

2274 1851 2453 1921 ράμην
2485 1851 2600 1920 μὲν,
2629 1851 2713 1902 ὅτι
2730 1850 2788 1916 ἐξ
2809 1850 3028 1920 ἀγάπης
3053 1848 3338 1917 κεκίνηται
3364 1847 3427 1900 τὸ
3462 1848 3554 1900 σὺν
3577 1848 3846 1913 ἐπιεικὲς,

589 1953 693 1993 nec
733 1946 912 1994 tamen
951 1937 1244 1992 videbatur
1279 1938 1450 2008 probe
1491 1939 1778 2009 agnovisse
1803 1956 1925 2010 qua
1951 1940 2169 1996 fuerant

2270 1947 2326 1997 οὐ
2362 1945 2467 2014 μὴν
2510 1942 2683 1996 ἔοικεν
2711 1941 2953 2012 ἀκριϐῶς
2984 1940 3186 1995 εἰδέναι
3214 1939 3284 1994 τά
3322 1938 3569 2004 δόξαντα.
3612 1937 3847 2009 Περιφέ-

583 2029 906 2084 constituta.
937 2028 1351 2085 Circumferunt
1378 2031 1548 2094 enim,
1593 2040 1652 2085 ut
1685 2031 1874 2097 didici,
1916 2034 2166 2088 nonnulli

2273 2051 2422 2105 ρουσι
2468 2036 2565 2105 μὲν
2605 2035 2735 2105 γάρ,
2773 2034 2850 2096 ὡς
2899 2032 3193 2104 μανθάνω,
3237 2032 3382 2096 τινὲς
3429 2029 3720 2093 ἐπιστολὰς
3769 2028 3847 2094 ὡς

580 2120 866 2190 epistolas,
911 2129 1171 2191 tanquam
1217 2122 1285 2176 ad
1330 2139 1415 2177 me
1463 2123 1620 2178 datas
1656 2139 1687 2177 a
1721 2125 2168 2181 reverentissimo

586 2211 943 2283 piissimoque
967 2214 1227 2283 episeopo
1251 2214 1460 2269 Joanne
1487 2233 1499 2266 :
1528 2214 1838 2268 verosimile
1867 2224 2050 2270 tamen
2085 2227 2171 2272 est

585 2317 683 2358 cas
707 2305 793 2358 vel
818 2303 1036 2359 ﬁetitias
1062 2320 1200 2368 esse,
1233 2307 1318 2359 vel
1342 2316 1658 2361 assumenta
1686 2307 1935 2377 qumdam
1961 2310 2168 2364 habere

587 2410 713 2450 cum
772 2396 1024 2450 Nestorio
1071 2398 1440 2452 sentientibus
1487 2398 1787 2454 admodum
1834 2409 2007 2471 grata.
2054 2403 2167 2473 Ego

587 2487 738 2541 enim
790 2488 1091 2541 secundum
1131 2489 1276 2558 quod
1312 2491 1486 2544 visum
1531 2500 1614 2546 est
1653 2500 1854 2547 sanctae
1881 2493 2087 2564 synodo
2113 2495 2168 2548 in

586 2577 950 2648 Ephesiorum
979 2583 1292 2651 metropoli.
1323 2598 1432 2636 non
1460 2585 1706 2652 priusilli
1725 2587 2166 2642 communionem

586 2668 823 2734 reddidi,
843 2687 1006 2740 quam
1032 2671 1097 2726 de
1129 2673 1331 2741 scripto
1362 2673 1908 2729 anathematizaverit
1930 2677 2168 2731 Nestorii

586 2761 1232 2831 dogmata,etconfessus
1259 2765 1426 2819 fuerit
1445 2766 1591 2834 quod
1621 2766 1772 2820 illum
1795 2783 1895 2836 pro
1921 2767 2170 2838 deposito

587 2851 810 2915 habeat,
855 2856 1305 2924 eonsenseritque
1341 2856 1678 2910 ordinationi
1735 2860 2170 2915 reverentissimi

588 2942 933 3013 piissimique
959 2945 1202 3014 episcopi
1239 2946 1568 3014 Maximiani.
1607 2947 1744 3002 Cum
1783 2963 1917 3002 vero
1958 2949 2171 3005 infinita

586 3048 780 3103 passus
842 3033 1033 3090 fuisset
1091 3037 1372 3105 piissimus
1425 3039 1824 3092 Emesenorum
1878 3041 2171 3111 episcopus

2270 2127 2405 2198 πρὸς
2437 2128 2503 2199 μὲ
2534 2127 2841 2198 γραφείσας
2875 2126 3026 2198 παρὰ
3053 2125 3146 2179 τοῦ
3172 2123 3564 2179 εύλαϐεστάτου
3591 2124 3688 2176 καὶ

2271 2220 2594 2273 σεϐεστάτου
2640 2219 2940 2272 ἐπισκόπου
3000 2219 3282 2271 Ἰωάννου·
3330 2217 3478 2279 εἰκὸς
3507 2215 3564 2268 δὲ
3600 2214 3773 2278 αύτάς
3813 2213 3848 2286 ἢ

2270 2311 2659 2380 πεπλασμένας
2685 2307 2846 2369 εἶναι,
2882 2310 2915 2380 ἢ
2947 2311 3039 2362 καὶ
3067 2309 3383 2379 προσθήκας
3420 2307 3584 2375 ἔχειν,
3609 2307 3706 2370 τὰς
3732 2308 3851 2369 τοῖς

2269 2401 2526 2472 φρονοῦσι
2553 2401 2620 2453 τὰ
2650 2402 2943 2470 Νεστορίου
2976 2400 3100 2454 καθ’
3125 2399 3339 2471 ἡδονήν.
3382 2399 3523 2468 Ἐγὼ
3543 2399 3674 2468 γὰρ,
3706 2398 3850 2451 κατά

2267 2494 2328 2545 τὸ
2353 2493 2509 2557 δόξαν
2535 2496 2601 2564 τῇ
2628 2493 2760 2564 ἁγίᾳ
2784 2493 2986 2561 συνόδῳ
3016 2492 3074 2544 ἐν
3102 2494 3167 2562 τῇ
3205 2491 3466 2560 Ἐφεσίων
3494 2488 3848 2559 μητροπόλει,

2268 2585 2329 2638 ού
2370 2585 2638 2655 πρότερον
2668 2582 2815 2654 αὐτῷ
2843 2583 2942 2653 τὴν
2974 2581 3262 2636 κοινωνίαν
3303 2580 3653 2644 ἀποδέδωκα,
3691 2581 3740 2632 εί
3774 2577 3851 2650 μὴ

2271 2675 2663 2740 ἁνεθεμάτισεν
2694 2674 2990 2742 ἐγγράφως
3023 2674 3090 2726 τά
3116 2672 3416 2742 Νεστορίου
3448 2670 3714 2741 δόγματα,
3755 2670 3852 2723 καὶ

2269 2764 2622 2832 ὡμολόγησεν
2661 2764 2806 2833 ἔχειν
2830 2765 2994 2816 αὑτὸν
3022 2763 3426 2834 καθῃρημένον,
3455 2761 3552 2814 καὶ
3597 2760 3852 2813 συνέθετο

2270 2860 2338 2926 τῇ
2377 2858 2710 2928 χειροτονείᾳ
2739 2855 2830 2910 τοῦ
2863 2857 3260 2910 εὐλαϐεστάτου
3299 2856 3393 2909 καὶ
3423 2853 3849 2907 θεοσεϐεστάτου

2273 2948 2578 3000 ἐπισκόπου
2619 2947 2984 3016 Μαξιμιανοῦ.
3040 2947 3397 3017 Κεκμηκότος
3435 2946 3492 2998 δέ
3537 2945 3707 3017 μυρία
3755 2944 3848 2999 τοῦ

2279 3041 2698 3094 θεοσεϐεστάτου
2753 3041 3051 3093 ἐπισκόπου
3108 3041 3208 3110 τῆς
3270 3037 3583 3109 Ἐμεσηνῶν
3633 3037 3849 3090 Παύλου

587 3124 790 3179 Paulus
814 3126 881 3180 ab
908 3127 974 3181 iis
995 3127 1086 3197 qui
1118 3127 1351 3198 depositi
1374 3129 1606 3195 fuerant,
1629 3131 1893 3195 Helladio,
1922 3133 2164 3202 inquam,

2270 3131 2421 3200 παρὰ
2435 3130 2543 3182 τῶν
2559 3130 2978 3210 καθῃρημένων,
3017 3129 3287 3182 Ἐλλαδίου
3301 3128 3361 3181 τέ
3392 3145 3533 3198 φημι
3558 3127 3652 3180 καὶ
3678 3126 3854 3198 Εὐθηο

585 3225 646 3272 et
682 3217 948 3273 Eutherio
984 3228 1040 3272 et
1084 3220 1358 3274 Dorotheo
1383 3229 1437 3274 et
1465 3221 1732 3286 Himerio,
1758 3234 2083 3294 rogaretque
2111 3235 2169 3279 ut

589 3323 698 3363 una
746 3324 869 3364 cum
919 3326 1050 3379 pace
1096 3311 1466 3366 Eeclesiarum
1510 3313 1834 3384 hypothesis
1863 3317 2168 3370 secundum

591 3399 718 3456 illos
759 3402 1038 3470 exemplar
1072 3403 1338 3457 haberet:
1371 3405 1753 3473 respondendo
1787 3407 1899 3461 dixi
1931 3393 2170 3462 me'nul-

590 3491 700 3548 iam
736 3492 999 3547 rationem
1038 3509 1229 3548 eorum
1270 3495 1474 3550 habere
1504 3497 1597 3566 qui
1637 3497 1872 3566 depositi
1898 3500 2120 3555 fuerant
2152 3516 2166 3552 :

591 3582 690 3637 sed
717 3583 769 3636 in
794 3598 861 3637 eo
884 3584 1074 3638 habitu
1101 3593 1356 3654 oportere
1379 3587 1502 3640 illos
1524 3603 1768 3650 manere,
1796 3591 1980 3660 inquo
2004 3592 2170 3645 etiam

592 3683 788 3725 omnes
821 3680 970 3726 sunt.
1004 3673 1211 3728 Indulsi
1258 3675 1620 3730 nihilominus
1639 3681 2003 3736 contamelias
2045 3682 2170 3751 qui-

596 3759 702 3814 bus
734 3761 787 3814 in
815 3777 898 3816 me
926 3763 1010 3817 usi
1050 3771 1196 3817 sunt.
1227 3765 1338 3820 Nec
1363 3765 1510 3820 enim
1537 3783 1880 3838 consequens
1902 3778 2042 3835 erat,
2071 3772 2173 3834 hac

598 3851 869 3906 duntaxat
908 3852 976 3906 de
1017 3869 1179 3907 causa
1231 3854 1286 3908 in
1323 3857 1628 3912 contrarias
1661 3859 1962 3915 sententias
1997 3861 2171 3916 scindi

597 3940 896 4009 Ecclesias,
932 3942 1060 3998 dum
1096 3945 1243 4014 quod
1284 3949 1517 4003 maxime
1548 3952 1917 4006 necessarium
1937 3961 2074 4016 erat,
2103 3955 2172 4009 ad

599 4031 764 4089 ﬁnem
804 4037 912 4105 jam
954 4035 1133 4091 fuerat
1169 4037 1537 4107 perductum;
1572 4041 1828 4097 videlicet
1855 4052 1913 4098 ut
1941 4046 2170 4100 anathe-

599 4125 999 4181 matizarentur
1043 4127 1281 4182 Nestorii
1333 4130 1554 4200 placita,
1593 4139 1648 4185 et
1682 4144 2043 4203 agnoscerent
2080 4153 2174 4207 ap-

598 4217 1004 4288 probarentque
1038 4220 1439 4289 depositionem
1466 4223 1614 4279 illius
1643 4225 1681 4280 ii
1736 4229 1829 4295 qui
1847 4228 2170 4298 jamdudum

597 4307 703 4364 hoc
728 4308 907 4365 facere
937 4309 1337 4369 detrectabant.
1370 4377 1384 4386 _

670 4398 884 4468 Scripto
945 4410 1126 4455 autem
1175 4403 1410 4458 confessi
1459 4415 1586 4460 sunt
1630 4407 1758 4476 quia
1799 4409 2033 4481 Deipara
2085 4423 2171 4469 est

593 4496 782 4543 sancta
827 4490 1012 4560 Virgo,
1067 4501 1123 4545 et
1160 4493 1288 4562 quia
1320 4493 1410 4548 ille
1445 4495 1562 4564 ipse
1609 4498 1700 4566 qui
1731 4507 1856 4554 ante
1878 4515 2040 4554 omne
2063 4516 2165 4556 sre-

588 4578 780 4633 culum
818 4590 980 4634 natus
1005 4590 1178 4636 estex
1210 4584 1368 4639 Patre
1408 4585 1580 4641 Filius
1619 4588 1953 4658 unigenitus.
1980 4599 2164 4646 extre-

595 4669 700 4724 mis
741 4672 921 4727 szeculi
959 4675 1301 4744 temporibus
1327 4685 1487 4731 natus
1511 4689 1596 4734 est
1615 4682 1917 4736 secundum
1942 4699 2161 4740 carnem

592 4774 660 4817 cr
701 4762 929 4818 muliere
959 4765 1001 4795 “
1028 4783 1043 4830 ;
1087 4766 1219 4821 item
1255 4769 1383 4839 quia
1424 4787 1531 4826 una
1559 4781 1645 4828 est
1670 4773 1794 4828 Filii
1824 4791 2080 4846 persona,
2112 4786 2170 4833 et

587 4865 722 4922 quia
758 4855 1082 4923 apostolicas
1104 4861 1558 4932 evangelieasque
1591 4880 1754 4921 voces
1790 4869 2037 4938 apposite
2075 4869 2170 4925 ad-

593 4942 790 5000 hibent
813 4946 907 5016 qui
935 4947 1116 5004 divina
1143 4962 1503 5020 pertractant.
1530 4958 1664 5012 alias
1689 4959 1910 5029 quidem
1939 4961 2007 5017 de
2030 4962 2171 5016 divi-

590 5035 766 5092 nitate
801 5039 920 5109 ejus
962 5052 1313 5111 usurpantes,
1355 5045 1492 5100 alias
1527 5063 1659 5103 vero
1699 5065 1922 5127 rursum
1953 5051 2021 5108 de
2051 5055 2170 5124 ejus

588 5125 958 5199 humanitate.
1000 5132 1286 5190 Nestorius
1320 5137 1544 5205 quidem
1584 5154 1712 5197 sane
1741 5140 1797 5195 in
1820 5125 1959 5200 duo!
1980 5144 2170 5216 dispe-

587 5233 756 5277 scens
793 5237 958 5276 unum
999 5220 1197 5280 Filium
1247 5237 1303 5282 et
1334 5227 1614 5285 Christum
1641 5242 1700 5287 et
1722 5233 2037 5301 Dominum,
2074 5239 2172 5294 ho-

588 5311 799 5370 minem
833 5315 1060 5370 seorsim
1099 5319 1359 5388 ponebat,
1404 5331 1461 5377 et
1496 5325 1792 5394 separatim
1826 5327 2063 5397 Filium;
2107 5346 2173 5387 ac

585 5419 664 5461 ex
689 5406 801 5462 Deo
825 5406 1060 5464 Verbum
1088 5413 1340 5479 seorsim,
1363 5421 1420 5469 et
1443 5417 1732 5484 separatim
1753 5418 1921 5475 alium
1945 5422 2166 5479 Filium.

591 5497 826 5556 Dicebat
854 5497 1019 5552 etiam
1050 5499 1197 5568 quod
1234 5516 1302 5555 ex
1328 5502 1558 5557 vocibus
1606 5504 1726 5559 alia:
1759 5505 2000 5564 hominis
2019 5520 2169 5576 sunt,

669 5654 709 5684 "
754 5653 926 5710 Galat.
968 5671 1040 5721 tv,
1080 5657 1134 5710 4.

2273 3223 2387 3292 ρίου
2417 3222 2508 3274 καὶ
2540 3219 2812 3292 Δωροθέου
2844 3220 2938 3272 καὶ
2977 3219 3210 3291 Ἰμερίου
3229 3259 3245 3282 ,
3276 3219 3371 3272 καὶ
3400 3216 3852 3287 παρακαλοῦντος

2272 3313 2412 3383 μετά
2446 3314 2540 3382 τῆς
2571 3315 2794 3383 εἰρήνης
2820 3313 2928 3366 τῶν
2971 3312 3325 3381 Ἐκκλησιῶν,
3367 3313 3460 3365 καὶ
3485 3312 3582 3380 τὴν
3608 3311 3729 3363 κατ’
3754 3312 3853 3363 αῦ-

2268 3407 2394 3467 τοὺς
2431 3404 2687 3457 ὑπόθεσιν
2724 3404 2892 3456 τύπον
2926 3407 3093 3474 σχεῖν,
3123 3404 3258 3473 ἔφην
3285 3404 3618 3472 ἀποκρίτως,
3648 3403 3728 3455 ὃτι
3753 3401 3849 3455 06-.

2269 3497 2396 3549 δὲνα
2432 3497 2542 3548 τῶν
2570 3498 2974 3569 καθῃρημένων
3005 3495 3116 3564 ἐγὼ
3144 3496 3409 3566 ποιοῦμαι
3435 3494 3616 3563 λόγον,
3644 3493 3760 3548 ἀλλ’
3792 3495 3851 3547 ἐν

2269 3587 2445 3656 τούτῳ
2477 3587 2556 3639 δεῖ
2585 3588 2768 3655 μένειν
2798 3587 2994 3649 αὐτοὺς
3027 3586 3103 3655 τῷ
3147 3588 3410 3655 σχήματι,
3444 3587 3502 3638 ἐν
3526 3577 3570 3652 ᾧ
3599 3585 3694 3637 καὶ
3721 3584 3851 3637 σύν

2271 3696 2397 3735 εισιτ
2443 3679 2850 3750 Συγκεχώρηκα
2894 3678 2948 3731 δὲ
2987 3678 3087 3750 τὴν
3117 3679 3197 3743 εἰς
3241 3678 3340 3749 ἐμὲ
3379 3677 3678 3747 γενομένην
3711 3677 3847 3748 παρ’

2272 3769 2451 3825 αὐτῶν
2494 3768 2670 3841 ὕϐριν.
2709 3770 2783 3821 υύ
2824 3768 2934 3840 γὰρ
2976 3765 3044 3840 ἦν
3084 3769 3398 3832 ἀκόλουθον,
3443 3768 3646 3837 ταύτης
3687 3768 3850 3821 ἕνεκα

2271 3864 2361 3914 καὶ
2413 3861 2580 3932 μόνης
2636 3863 2736 3931 τῆς
2779 3861 2958 3924 αἰτίας
2995 3862 3074 3924 εἰς
3116 3860 3382 3930 διχόνοιαν
3425 3858 3849 3930 τέμνεσθαιοτάς

2282 3953 2631 4021 Ἐκκλησίας,
2665 3953 2760 4005 τοῦ
2794 3953 3226 4023 ἅναγκαιοτέρου
3272 3951 3408 4022 πρὸς
3451 3951 3624 4022 πέρας
3652 3951 3849 4020 ἀγομι

2271 4063 2364 4098 νου
2391 4063 2404 4076 ·
2441 4045 2584 4116 φημὶ
2611 4045 2674 4116 δὴ
2701 4086 2714 4108 ,
2747 4044 2842 4098 τοῦ
2873 4043 3377 4113 ἀναθεματισθῆναι
3417 4043 3488 4096 τά
3516 4042 3810 4112 Νεστορίου
3830 4079 3848 4108 ,

2272 4138 2366 4190 καὶ
2416 4137 2814 4207 ὁμολογηθῆναι
2861 4137 2961 4206 τὴν
3010 4134 3330 4205 καθαίρεσιν
3373 4134 3539 4189 αὐτοῦ
3579 4135 3703 4197 τοὺς
3749 4135 3848 4187 οὐκ

2269 4230 2678 4301 ἀνασχομένους
2706 4231 2871 4283 πάλαι
2897 4229 3053 4282 τοῦτο
3080 4230 3320 4298 ποιῆσαι.

2355 4411 2728 4480 Ὧμολόγησαν
2761 4411 2818 4464 δὲ
2861 4411 3188 4482 ἐγγράφως,
3222 4409 3303 4461 ὃτι
3333 4407 3592 4471 Θεοτόκος
3624 4407 3773 4461 ἐστὶν
3813 4406 3848 4482 ἡ

2273 4504 2405 4572 ἁγία
2440 4502 2716 4574 Παρθένος
2745 4544 2759 4565 ,
2791 4505 2885 4556 καὶ
2915 4505 2994 4556 ὅτι
3025 4501 3185 4564 αὐτὸς
3215 4501 3243 4553 ό
3274 4498 3380 4568 πρὸ
3406 4498 3607 4561 παντὸς
3653 4497 3849 4562 αἰῶνος

2271 4596 2550 4666 γεννηθεὶς
2574 4598 2638 4648 ἐκ
2653 4595 2746 4648 τοῦ
2775 4596 2987 4666 Πατρδς
3011 4595 3139 4657 Tib;
3171 4590 3484 4663 μονογενὴς,
3507 4592 3565 4644 ἐν
3595 4590 3848 4660 ἐσχάτοις

2268 4687 2362 4741 τοῦ
2391 4686 2586 4748 αἰῶνος
2608 4689 2828 4757 καιροῖς
2857 4686 3118 4757 ἐγεννήθη
3152 4683 3293 4737 κατὰ
3327 4682 3507 4754 σάρκα
3544 4683 3609 4734 ἐκ
3656 4697 3850 4748 γυναι-

2266 4778 2360 4841 κός
2381 4795 2396 4811 ’
2431 4778 2525 4831 καὶ
2555 4777 2638 4830 ὅτι
2682 4777 2740 4834 ἐν
2766 4776 2860 4830 τοῦ
2891 4777 3019 4830 Υίοῦ
3048 4775 3109 4829 τὸ
3151 4774 3460 4846 πρόσωπον,
3509 4772 3604 4826 καὶ
3638 4771 3721 4825 ὅτι
3747 4771 3847 4838 τὰς

2264 4868 2628 4930 ἀποστολικὶς
2683 4870 2778 4923 καὶ
2836 4867 3200 4935 εὐαγγελικάς
3251 4865 3432 4933 φωνὰς
3496 4860 3846 4934 ἐφαρμόζου-

2268 4979 2352 5015 σιν
2383 4963 2433 5014 οἱ
2463 4960 2701 5029 θεολόγοι
2772 4961 2872 5023 τὰς
2917 4961 3016 5030 μὲν
3061 4961 3127 5029 τῇ
3175 4957 3389 5026 θεότητι
3427 4955 3627 5020 αὐτοῦ,
3661 4953 3764 5019 τὰς
3788 4953 3848 5008 δέ

2265 5058 2332 5124 τῇ
2382 5049 2762 5124 ἀνθρωττᾶτητι
2816 5054 2978 5107 πάλιν
3026 5049 3208 5104 αὑτοῦ.
3257 5050 3547 5121 Νεστόριος
3595 5049 3697 5119 μὶν
3736 5047 3849 5119 γὰρ

2266 5145 2487 5217 διαιρῶν
2511 5149 2590 5210 εἰς
2614 5145 2708 5199 δύο
2728 5147 2820 5199 τὸν
2847 5146 2940 5198 ἕνα
2970 5144 3097 5197 Υίὺν
3123 5145 3216 5198 καὶ
3237 5142 3470 5213 Χριστὸν
3495 5142 3590 5194 καὶ
3617 5138 3843 5210 Κύριον,

2269 5240 2552 5310 ἄνθρωπον
2584 5239 2764 5302 ίδικῶς
2791 5238 2941 5308 ἐτίθη
2987 5238 3079 5290 καί
3107 5236 3423 5306 καταμόνας
3447 5234 3597 5298 Υίδν,
3627 5233 3725 5287 καὶ
3753 5231 3846 5289 τὸν

2269 5332 2333 5384 ἐκ
2357 5331 2492 5384 Θεοῦ
2523 5331 2713 5398 Λόγον,
2755 5329 2956 5392 ἰδικῶς.
2988 5329 3084 5382 καὶ
3112 5327 3426 5398 καταμόνας
3466 5327 3654 5395 ἓτερον
3704 5324 3844 5380 υἱόν.

2272 5423 2381 5475 Καὶ
2411 5422 2679 5492 ἔφασκεν,
2709 5423 2792 5475 ὅτι
2821 5424 2877 5476 αί
2920 5423 3018 5492 μὲν
3050 5422 3159 5475 τῶν
3187 5416 3380 5487 φωνῶν
3421 5419 3509 5472 τοῦ
3553 5415 3842 5487 ἀνθρώπου

2267 5514 2406 5567 εἰσίν
2427 5529 2440 5542 ³
2468 5513 2524 5567 αί
2547 5512 2623 5577 δὲ,
2646 5511 2740 5566 τοῦ
2772 5512 2906 5566 Θεοῦ
2935 5514 3130 5580 Λόγου.
3163 5512 3236 5566 Ἢ
3256 5511 3314 5565 δέ
3344 5509 3523 5582 ὀρθῶς
3547 5508 3680 5580 περὶ
3711 5508 3849 5582 Χρι-

666 5790 746 5858 (i)
798 5791 955 5850 Edita
993 5792 1047 5848 in
1088 5793 1358 5851 Gallaudii
1401 5795 1740 5863 Bibliotheca,
1797 5806 1833 5852 t.
1887 5795 2025 5863 XIV,
2057 5796 2332 5869 Append,
2358 5812 2393 5870 ρ
2459 5799 2573 5867 liii),
2603 5815 2672 5856 ex
2705 5816 2807 5856 ms.
2832 5800 3024 5856 Venet.
3059 5799 3183 5866 σοι,
3220 5816 3272 5872 p.
3321 5782 3444 5856 28L
