4126 6314
212 362 310 416 289

1627 351 1962 408 EPISTOLA
2003 349 2111 407 LV.

3384 347 3492 406 εοο

218 473 337 526 στιῦ
375 471 584 540 γνῶσις
606 509 621 534 ,
651 471 751 541 οὐχ
776 469 950 535 οὕτως
981 472 1116 542 ἔχει.
1162 471 1298 522 Ἕνα
1343 470 1452 540 γὰρ
1485 469 1644 539 ῐσμεν
1673 469 1807 522 Χίον

1919 472 2028 526 alia:
2061 485 2194 525 vero
2232 464 2396 524 Verbi
2439 463 2560 524 Dei.
2589 470 2659 525 At
2695 468 3003 525 orthodoxa
3027 466 3095 522 de
3117 465 3340 522 Christo
3364 483 3495 523 sen-

217 566 310 619 καὶ
346 564 591 635 Χριστδν
622 563 717 615 καὶ
747 561 972 634 Κύριον,
1004 565 1092 615 τὸν
1121 560 1283 615 αὑτὸν
1313 560 1447 614 Θεὸν
1475 563 1568 614 καὶ
1595 561 1805 630 ἂνθρω-

221 674 313 710 πον
332 669 346 684 ⁸
378 657 477 709 καὶ
506 654 674 707 αὑτοῦ
713 671 892 725 φαμεν
920 649 1058 709 εἶναι
1102 654 1198 706 καὶ
1225 652 1324 724 τὴν
1359 652 1611 723 θεότητα,
1642 651 1806 705 αὑτοῦ

217 750 270 802 δὲ
303 749 508 817 ὁμσίως
537 747 635 800 καὶ
655 748 754 818 τὴν
777 745 1191 816 ἀνθρωπότητα.
1214 745 1381 798 Λαλεῖ
1407 748 1516 814 γὰρ
1545 745 1676 796 ποτὲ
1710 745 1808 814 μὲν

220 844 289 905 ὡς
319 841 455 904 Θεὸς
493 839 852 912 θεοπρεπῶς,
887 838 1015 891 ποτὲ
1049 839 1106 891 δὲ
1138 841 1166 891 ὁ
1207 839 1366 900 αὐτὸς
1401 838 1476 900 ὼς
1520 838 1807 908 ἄνθρωπος

221 933 730 1004 ἀνθρωποπρεπῶς.
750 931 1236 1000 Ὀμολογησάντων
1263 931 1438 983 τοίνυν
1472 931 1645 982 ταῦτα
1668 929 1810 981 ὲκεί-

221 1044 346 1087 νων.
389 1025 508 1088 πῶς
554 1026 616 1077 οὐ
659 1025 915 1094 περιττὸν
950 1024 1014 1093 ἦν
1041 1023 1121 1076 ἔτι
1168 1023 1515 1091 φιλονεικεῖν,
1572 1023 1698 1084 τοὺς
1734 1022 1808 1091 μὴ

223 1118 474 1180 θέλοντας
511 1117 788 1187 κρατῆσαι
823 1117 1027 1185 σχίσμα
1057 1117 1150 1167 καὶ
1173 1117 1251 1177 εἰς
1282 1115 1494 1185 αἵρεσιν
1521 1113 1808 1166 ἀποκλῖναι

221 1209 316 1270 τὰς
343 1209 490 1261 κατὰ
524 1209 623 1277 τὴν
663 1207 928 1277 ἀνατολὴν
975 1206 1337 1276 Ἐκκλησίας;
1373 1207 1412 1258 Γ
1416 1207 1589 1259 ἐνοιτο
1627 1204 1684 1257 δὲ
1717 1205 1809 1259 καὶ

223 1301 346 1361 τοὺς
379 1300 577 1360 ἄλλους
610 1299 857 1361 ἅπαντας
897 1298 1039 1351 οὓτω
1069 1299 1398 1370 διατεθῆναι.

300 1564 581 1628 Ἐλλάδιος
606 1563 717 1635 γὰρ
748 1566 776 1618 ὁ
803 1566 861 1618 ὲν
892 1567 956 1636 τῇ
989 1566 1190 1637 Ταρσὼ
1221 1565 1316 1618 καὶ
1363 1566 1543 1636 ἕτεροί
1586 1583 1732 1630 τινες
1765 1567 1814 1621 ει

226 1657 316 1710 καὶ
345 1659 423 1729 μὴ
450 1657 742 1729 φρονοῦσιν
770 1657 966 1729 ὀρθῶς,
996 1658 1147 1710 οὐδὲν
1169 1657 1329 1711 τοῦτο
1358 1658 1495 1728 πρὸς
1527 1661 1653 1721 τοὺς
1680 1658 1816 1730 ὀρθὰ

226 1755 446 1822 φρονεῖν
473 1750 778 1822 ὴρομένους
810 1749 856 1804 i.
882 1749 1231 1820 Οίχέσθωσαν
1261 1749 1372 1819 γὰρ
1400 1752 1448 1803 εἰ
1489 1751 1767 1821 βούλονται
1796 1789 1812 1816 ,

1909 562 2082 615 tentia
2130 575 2240 615 non
2279 561 2356 614 ita
2393 559 2578 614 habet.
2625 561 2806 616 Unum
2843 558 2990 613 enim
3033 557 3380 627 agnoscimus
3405 557 3496 612 Fi-

1909 652 2042 706 lium
2079 659 2134 705 et
2175 650 2454 706 Christum
2496 658 2551 705 et
2586 650 2901 711 Dominum,
2936 648 3030 718 qui
3066 647 3327 702 idemmet
3353 649 3499 706 Deus

1910 747 1981 800 sit
2018 756 2072 800 et
2097 746 2262 799 homo
2292 763 2304 796 :
2339 747 2499 814 cujus
2529 743 2695 797 etiam
2717 757 2836 796 esse
2859 742 3098 796 dicimus
3125 739 3496 805 divinitatem,

1910 840 2326 894 similiter.vero
2363 848 2420 892 et
2460 836 2878 890 humanitatem.
2917 833 3190 902 Loquitur
3214 834 3361 888 cnim
3393 833 3498 887 ali-

1910 931 2130 1001 quando
2170 929 2391 999 quidem
2423 936 2483 982 ut
2518 927 2664 981 Deus
2691 924 2967 994 quomodo
2997 925 3168 978 Deum
3197 923 3376 984 decet,
3401 924 3498 978 ali-

1910 1021 2131 1092 quando
2169 1035 2302 1074 vero
2351 1020 2494 1073 idem
2530 1019 2644 1087 ipse
2673 1026 2733 1070 ut
2763 1016 2949 1077 homo,
2987 1008 3267 1083 quomodo
3287 1012 3498 1066 homini

1911 1114 2184 1184 congruit.
2223 1111 2358 1167 Cum
2385 1112 2551 1182 igitur
2575 1108 2650 1163 illi
2676 1109 2793 1163 hac
2814 1107 3048 1162 confessi
3077 1105 3330 1166 fuissent,
3357 1120 3499 1175 quo-

1910 1205 2076 1260 modo
2111 1219 2219 1258 non
2272 1211 2393 1256 erat
2425 1199 2766 1270 superfluum
2806 1207 2867 1252 ut
2900 1197 3285 1267 vitilitigarent
3318 1195 3503 1251 adhuc

1914 1299 1949 1351 ii
1977 1298 2070 1367 qui
2095 1296 2356 1350 nolebant
2381 1303 2440 1348 ut
2463 1294 2778 1362 praevaleret
2809 1290 3067 1350 schisma,
3097 1298 3152 1342 et
3177 1290 3231 1341 in
3265 1288 3498 1342 hzeresin

1915 1390 2332 1460 prependerent
2385 1386 2684 1440 orientales
2727 1382 3027 1437 Ecclesiae?
3065 1380 3286 1435 Utinam
3320 1387 3376 1434 et
3403 1379 3501 1434 alii

1914 1496 2106 1535 omnes
2135 1479 2330 1534 eodem
2364 1477 2529 1531 modo
2553 1475 2733 1529 aﬂecti
2764 1475 2874 1529 sint
2899 1475 2912 1525 l

1987 1569 2270 1626 Helladius
2316 1566 2466 1622 enim
2528 1563 2838 1621 Tarsensis.
2888 1569 2944 1616 et
2980 1561 3073 1614 alii
3098 1557 3503 1624 nonnulli,etsi

1917 1671 2065 1719 recte
2107 1677 2218 1716 non
2261 1660 2532 1720 sentiunt,
2571 1656 2710 1711 nihil
2760 1657 2866 1710 hoc
2900 1663 3091 1709 contra
3117 1668 3213 1707 eos
3235 1652 3330 1721 qui
3352 1659 3504 1706 recte

1917 1752 2124 1808 sentire
2154 1750 2386 1806 malunt.
2414 1746 2904 1809 Facessant‘enim,
2950 1745 2994 1800 si
3024 1744 3235 1806 volunt,
3277 1741 3388 1796 duo
3417 1738 3502 1796 vel

223 1841 315 1895 δύο
338 1842 436 1895 καὶ
462 1844 634 1913 τρεῖς,
664 1842 774 1895 τῶν
823 1840 1143 1910 ἅπανταχοῦ
1186 1841 1530 1910 Ἐκκλησιῶν
1564 1841 1697 1911 μίαν
1720 1841 1816 1894 καὶ

1919 1854 2049 1910 tres,
2073 1845 2205 1900 dum
2229 1858 2424 1898 omnes
2443 1842 2648 1911 ubique
2670 1837 2930 1894 Ecclesiae
2956 1852 3120 1892 unam
3141 1835 3502 1903 eamdemque

222 1933 318 2002 τὴν
361 1934 542 2004 αὐτὴν
584 1933 823 2004 ἐχουσῶν
871 1932 1073 1986 πίστιν.
1128 1931 1221 2002 Μὴ
1265 1933 1529 2000 ἀγνοείτω
1573 1933 1631 1986 δὶ
1677 1935 1812 2004 μηδὶ

223 2024 380 2078 τοῦτο
408 2028 441 2097 ἡ
481 2025 552 2096 σὴ
598 2024 899 2080 θεοσέϐεια.
948 2023 1145 2078 Ἐλθὼν
1175 2027 1284 2097 γὰρ
1315 2028 1396 2089 είς
1423 2027 1523 2096 τὴν
1569 2019 1813 2092 ’Ᾰλεξάν-

223 2119 409 2188 δρειαν
434 2120 463 2172 ὁ
495 2117 896 2188 μνημονευθεὶς
931 2117 1232 2179 ἐπίσκοπος
1266 2116 1482 2180 Παῦλος
1511 2117 1610 2188 τῆς
1650 2118 1812 2186 Ἐμε-

228 2210 430 2279 σηνῶν,
467 2209 708 2278 ἔφασκεν
746 2209 828 2261 ὃτι
859 2206 1266 2276 κατεψεύσαντό
1290 2223 1437 2270 τινες
1465 2206 1569 2278 τῆς
1599 2210 1700 2277 σῆς
1721 2207 1813 2259 εὐ-

225 2299 449 2363 λαϐείας
479 2341 495 2365 ,
552 2300 630 2362 ὼς
665 2298 916 2369 παθητὴν
953 2297 1223 2367 λεγούσης
1265 2296 1363 2367 τὴν
1406 2297 1509 2366 τῆς
1559 2297 1816 2367 θεότητος

227 2392 427 2460 φύσιν,
459 2393 553 2445 καὶ
585 2393 665 2445 ὅτι
724 2391 783 2456 ἐξ
829 2389 1062 2462 οὐρανοῦ
1109 2389 1417 2460 κατήνεγκε
1466 2389 1565 2460 τὴν
1613 2389 1813 2443 ἑαυτοῦ

229 2485 408 2558 σάρκα
432 2487 460 2538 ό
487 2482 682 2551 Λόγος,
715 2483 811 2536 καὶ
827 2485 908 2537 ὅτι
945 2483 1064 2554 μετ’
1098 2481 1229 2534 αὐτὸ
1256 2481 1552 2553 ὑπέμεινεν
1581 2485 1662 2546 είς
1714 2482 1814 2553 τὴν

228 2575 325 2646 τῆς
352 2575 559 2646 σαρκὸς
593 2571 775 2644 φύσιν.
817 2574 964 2627 Ἔδει
987 2573 1168 2627 τοίνυν
1201 2573 1302 2636 τὰς
1324 2573 1437 2628 τῶν·
1460 2573 1814 2645 ψευδηγόρων

229 2668 444 2730 ἀπάτας
485 2665 743 2735 γενέσθαι
783 2665 1024 2735 φανερὰς
1073 2666 1185 2728 τοῖς
1214 2665 1646 2737 ὲπιεικεστέροις
1674 2705 1690 2731 ,
1727 2666 1814 2720 ῐνα

233 2760 304 2828 μὴ
333 2758 508 2812 ταῦτα
548 2757 920 2828 θρυλλούντων
948 2758 1174 2812 ἐκείνων
1201 2757 1684 2822 σκανδαλίζωνται.
1718 2759 1816 2812 Διά

230 2848 391 2902 τοῦτο
423 2850 657 2919 γράφων
683 2848 822 2919 πρὸς
843 2848 936 2900 τὺν
981 2846 1403 2902 θεοσεϐέστατον
1451 2847 1554 2917 τῆς
1610 2848 1817 2902 Ἀντιο-

231 2939 370 3008 χίων
404 2939 706 2992 ἐπίσκοπον
743 2939 1020 3009 Ἰωάννην,
1055 2937 1295 3008 ἐγέλασα
1319 2938 1419 3002 τὰς
1447 2937 1672 2992 ἱκείνων
1696 2938 1816 2992 δια-

233 3029 416 3096 ϐολάς.
452 3029 595 3085 Οὔτε
614 3031 722 3101 γὰρ
750 3031 816 3084 ἐκ
845 3030 1149 3101 μεταϐολῆς
1175 3031 1315 3101 πρὸς
1340 3031 1402 3084 τὸ
1425 3029 1570 3084 οὕτω
1597 3032 1818 3102 φρονεῖν

233 3125 503 3194 ἀφῖγμαϋ,
534 3122 659 3176 οὔτε
686 3124 744 3177 δὲ
768 3125 825 3176 ἑν
852 3123 1003 3192 τόμῳ
1033 3123 1068 3194 ἢ
1101 3123 1383 3194 ἐπιστολῇ,
1412 3121 1536 3177 οὔτε
1562 3125 1619 3176 εν
1650 3123 1816 3192 βίϐλῳ

1917 1937 2081 1992 ﬁdem
2124 1935 2389 1991 retinent.
2432 1932 2585 1988 Istud
2617 1945 2836 2002 quoque
2861 1945 2972 1985 non
3001 1928 3217 1999 ignoret
3238 1926 3503 1981 sanctitas

1916 2039 2029 2084 tua.
2061 2027 2198 2084 Cum
2231 2027 2378 2082 enim
2409 2025 2650 2080 venisset
2680 2021 3062 2078 Alexandriam
3097 2020 3206 2090 jam
3234 2031 3505 2073 memora-

1919 2126 2006 2173 tus
2054 2117 2349 2188 episcopus
2387 2115 2592 2170 Paulus
2634 2113 2958 2174 Emesenus,
2989 2109 3208 2164 dicebat
3242 2106 3503 2161 mentitos

1915 2208 2087 2264 fuisse
2119 2209 2389 2278 quosdam
2425 2206 2493 2261 de
2518 2205 2831 2261 reverentia
2871 2212 2984 2268 tua,
3011 2202 3159 2272 quod
3188 2199 3502 2271 passibilem

1917 2300 2134 2356 diceres
2174 2300 2483 2355 divinitatis
2515 2307 2794 2362 naturam,
2837 2313 2902 2352 ac
2934 2295 3002 2350 de
3046 2295 3199 2350 cmlis
3241 2292 3503 2348 detulisse

1917 2408 2141 2448 carnem
2183 2407 2340 2446 suam
2381 2390 2647 2453 Verbum,
2672 2399 2974 2459 posteaque
3004 2401 3223 2457 passum
3253 2383 3422 2440 fuisse
3447 2383 3503 2439 in

1917 2493 2115 2540 natura
2152 2482 2356 2539 carnis.
2399 2480 2700 2552 Oportebat
2722 2481 2889 2552 igitur
2910 2479 3326 2548 falsiloquorum
3355 2490 3507 2531 erro-

1918 2593 2009 2634 res
2032 2575 2150 2632 ﬁeri
2172 2575 2494 2631 manifestos
2512 2572 2964 2644 simplicioribus,
2985 2581 3047 2625 ut
3067 2585 3137 2624 ne
3165 2569 3504 2626 scandaliza-

1919 2677 2135 2733 rentur,
2168 2669 2278 2722 illis
2304 2667 2495 2722 isthaec
2525 2664 2900 2736 crepantibus.
2935 2664 3232 2734 Propterea
3259 2661 3508 2717 scribens

1918 2759 1986 2814 ad
2018 2758 2499 2829 religiosissimum
2523 2756 2954 2810 Antiochensem
2993 2754 3312 2825 episcopum
3345 2751 3508 2808 Joan-

1918 2867 2067 2915 nem,
2108 2850 2275 2904 derisi
2316 2863 2511 2903 eorum
2558 2847 2882 2904 calumnias.
2917 2846 3108 2916 Neque
3141 2847 3291 2900 enim
3325 2861 3394 2901 ex
3420 2845 3508 2902 in-

1920 2943 2228 2998 constantia
2267 2940 2465 2996 deveni
2500 2948 2562 2994 ut
2599 2939 2681 2994 sic
2703 2939 2965 2994 sentirem
2993 2957 3008 2992 :
3039 2954 3219 3008 neque
3257 2939 3312 2993 in
3338 2946 3506 3005 tomo,

1921 3042 2018 3089 aut
2057 3033 2314 3104 epistola,
2356 3039 2452 3086 aut
2487 3031 2630 3086 libro
2665 3029 2917 3085 invenior
2954 3029 3236 3100 quidpiam
3274 3030 3381 3086 tale
3410 3046 3511 3087 un-

1921 3140 2088 3196 quam
2125 3125 2348 3180 dixisse.
2381 3123 2594 3179 Nomen
2617 3137 2750 3177 vero
2779 3121 3258 3184 comentiationis,
3285 3136 3354 3177 ne
3376 3121 3510 3191 quid

235 3212 565 3284 εὐρίσκομαί
600 3229 654 3266 τι
696 3211 912 3266 τοιοῦτο
950 3213 1173 3265 πώποτε
1218 3211 1476 3282 εἰρηκώς.
1507 3212 1580 3265 Τὸ
1626 3213 1682 3266 δὲ
1719 3211 1816 3281 τῆς

1923 3213 2146 3285 quidem
2169 3211 2396 3268 omnino
2418 3211 2492 3266 sit
2516 3211 2792 3266 novimus.
2819 3210 3146 3266 Verosimile
3189 3219 3276 3265 est
3295 3225 3391 3266 eos
3415 3211 3511 3282 qui

234 3300 702 3367 συνουσιὼσεως
735 3301 928 3371 ϐνομα,
979 3301 1100 3355 οὐδὲ
1143 3303 1172 3356 ὅ
1202 3302 1254 3354 τί
1286 3301 1417 3354 ποτέ
1463 3303 1611 3356 ἐστιν
1660 3302 1822 3372 ίσμεν

234 3394 389 3458 ὅλως.
419 3393 584 3456 Εἰκὸς
612 3393 669 3446 δὲ
696 3394 823 3458 τοὺς
857 3393 1082 3449 τοιαῦτα
1116 3395 1432 3466 γράφοντας
1460 3396 1595 3461 ἐκεῖ,
1623 3395 1822 3449 ἀπολο-

235 3482 535 3552 γουμένους
569 3482 698 3552 περὶ
739 3482 838 3552 τῆς
882 3482 1222 3553 προπετείας
1261 3482 1362 3556 τῆς
1395 3485 1452 3536 ὲν
1500 3486 1566 3554 τῇ
1613 3483 1823 3555 Ἐφέσῳ

235 3573 358 3627 καθ’
416 3573 580 3644 ἡμῶν
618 3573 920 3644 γενομένης
945 3614 962 3638 ,
997 3574 1367 3646 εὑρεσιλογεῖν
1401 3574 1630 3629 τοιαῦτά
1660 3593 1783 3628 τινα
1805 3615 1820 3640 ,

238 3664 325 3718 ἵνα
367 3663 448 3735 μὴ
472 3665 686 3718 δοκοῖεν
712 3663 1039 3735 κεκινῆσθαι
1077 3666 1274 3736 μάτην.
1314 3667 1562 3738 Ἐλὲγχει
1588 3668 1697 3736 γὰρ
1724 3669 1827 3722 αὐ-

233 3757 358 3819 τοὺς
385 3757 450 3808 τὸ
469 3754 731 3820 συνειδός.
764 3756 1170 3825 Ἀπολογείσθω
1198 3758 1379 3811 τοίνυν
1407 3760 1442 3832 ἡ
1471 3760 1538 3830 σὴ
1570 3759 1828 3815 εὑὶάϐεια

233 3848 345 3910 τοῖς
389 3847 560 3917 ἕτερα
591 3846 706 3900 ἀνθ’
753 3848 956 3919 ἑτέρων
990 3851 1172 3902 ἐκεῖσε
1221 3849 1472 3904 λαλοῦσιο
1507 3852 1688 3905 πάντα
1717 3853 1827 3923 γὰρ

237 3938 461 4006 γέγονεν
485 3941 591 4006 dog
603 3937 764 4002 αλῶς.
804 3939 863 3993 ’0
892 3940 948 3992 δὲ
979 3941 1265 4011 ἀγαπητὸς
1289 3943 1496 4007 Κάσιος
1523 3946 1552 3997 ὁ
1581 3945 1828 4008 διάκονος

237 4023 314 4092 εἷς
345 4031 465 4083 ἔστι
494 4029 606 4082 τῶν
651 4029 998 4083 ἀπελθόντων
1031 4033 1089 4083 εν
1131 4033 1434 4105 Ἀντιοχείᾳ
1453 4073 1468 4097 ,
1523 4037 1618 4088 καὶ
1650 4036 1822 4087 εἰπεῖν

237 4120 458 4176 δύναται
495 4121 631 4183 ὅσας
669 4121 887 4196 ἡμέρας
920 4123 1384 4196 ὲκεῖπεποίηκεν,
1413 4127 1514 4180 οὐκ
1539 4125 1823 4190 ἀποδιδοὺς

238 4213 390 4284 αὐτῷ
413 4212 486 4266 τὰ
515 4214 617 4282 τῆς
658 4215 947 4278 κοινωνίας
973 4216 1282 4288 γράμματα
1305 4259 1319 4283 ,
1357 4221 1405 4272 εί
1443 4219 1518 4291 μὴ
1559 4221 1822 4292 πρότερον

240 4306 675 4377 εχειρογράφησε
719 4305 849 4377 περὶ
880 4309 1096 4362 πάντων
1132 4309 1356 4364 τούτων.

1923 3305 2000 3359 ibi
2027 3305 2146 3360 haec
2180 3304 2454 3367 scribunt,
2478 3303 2610 3358 dum
2639 3303 2895 3356 nituntur
2917 3317 3152 3373 purgare
3177 3317 3236 3357 se
3271 3302 3341 3356 ab
3373 3318 3510 3359 ausu

1924 3395 2241 3460 temerario,
2272 3409 2384 3464 quo
2404 3392 2670 3449 adversus
2708 3407 2810 3448 nos
2844 3394 2928 3447 usi
2954 3401 3084 3447 sunt
3117 3393 3343 3463 Ephesi,
3375 3394 3517 3450 εσυ-

1923 3487 2029 3541 tire
2052 3486 2303 3557 quaedam
2330 3485 2493 3550 talia,
2508 3493 2570 3540 ut
2591 3474 2703 3540 non
2723 3485 3019 3540 vidcantur
3045 3485 3321 3542 incassum
3341 3485 3514 3543 fuisse

1923 3578 2432 3649 permotos.Arguit
2452 3577 2600 3632 enim
2621 3577 2743 3632 illos
2766 3576 3130 3632 conscientia.
3162 3577 3516 3648 Respondeat

1927 3669 2099 3740 igitur
2125 3669 2441 3724 reverentia
2480 3679 2572 3722 tua
2613 3669 2682 3723 iis
2726 3668 2821 3738 qui
2855 3668 2963 3723 alia
2997 3685 3098 3739 pro
3132 3669 3256 3724 aliis
3281 3669 3520 3740 loquun-

1928 3768 2019 3813 tur
2049 3777 2061 3812 :
2088 3760 2272 3815 omnia
2299 3761 2447 3816 enim
2471 3760 2590 3816 sine
2615 3759 2940 3816 discrimine
2960 3769 3188 3831 tutoque
3205 3761 3348 3816 facta
3363 3771 3515 3816 sunt.

1928 3851 2175 3922 Dilectus
2225 3865 2360 3907 vero
2407 3851 2605 3906 Casius
2649 3851 2940 3916 diaconus,
2987 3867 3133 3906 unus
3177 3866 3370 3908 eorum
3420 3855 3517 3924 qui

1929 3942 2284 3998 Antiochiam
2321 3943 2599 4008 abierunt,
2629 3953 2813 4014 potest
2833 3944 3000 4000 etiam
3025 3944 3212 4000 dicere
3242 3953 3378 4017 quot
3399 3945 3519 4003 dies

1932 4031 2011 4087 ibi
2055 4035 2252 4104 egerit,
2300 4051 2412 4090 non
2456 4035 2697 4090 reddens
2741 4036 2793 4091 ei
2830 4035 3238 4092 communionis
3283 4037 3520 4103 litteras,

1934 4125 2039 4180 nisi
2071 4127 2227 4196 prius
2251 4127 2318 4181 de
2349 4127 2434 4181 his
2458 4126 2716 4182 omnibus
2741 4127 3170 4198 chirographum
3197 4127 3406 4183 fecerit.

1449 4673 1783 4729 EPISTOLA
1827 4674 1914 4728 Lv
1957 4677 2048 4747 (al.
2082 4675 2314 4747 XLVII).

313 4848 450 4926 Cum
482 4865 548 4902 ea:
578 4849 702 4926 ﬁdis
732 4852 919 4926 amicis
955 4855 1289 4926 comperisset
1328 4853 1566 4926 Cyrillus
1607 4854 1961 4911 Orientalium
1993 4854 2249 4926 quaedam
2284 4853 2353 4926 ad
2384 4869 2682 4926 peruersum
2706 4868 2932 4926 quntum
2959 4851 3238 4926 tegendum
3291 4851 3520 4926 occulte

245 4935 339 4984 que
374 4919 834 4994 diutininundum
856 4923 968 4992 ipso
999 4918 1160 4977 etiam
1190 4918 1434 4994 Symbo'w
1465 4927 1681 4980 Niceno
1708 4926 1876 4988 abuti,
1927 4918 2654 4978 ad-ea‘rludcndas'subdolus
2695 4918 3183 4992 interpretationes.
3227 4935 3348 4972 vero
3390 4918 3529 4971 illud

247 4996 400 5056 atque
440 4989 700 5042 catholico
737 4989 890 5045 sensu
928 4989 1269 5064 interpretari
1290 5012 1566 5067 aggressus
1603 5006 1698 5049 est.

249 5167 552 5233 KuleJov
607 5167 1086 5243 ἀρχιεδεισκόπου
1127 5169 1576 5243 Ἀλεξανδρείας
1623 5173 1710 5237 είς
1761 5172 1816 5221 τε

1934 5171 2121 5241 Cyrilli
2159 5173 2538 5243 archiepiscopi
2588 5171 2941 5243 Alexandrini
2988 5173 3041 5223 in
3082 5179 3325 5223 sanctum
3366 5166 3522 5239 Sym-

780 5237 950 5306 ἆγιον
977 5243 1023 5291 Σ
1028 5241 1309 5307 ὐμϐολον.

311 5349 440 5413 Τοῖς
498 5351 804 5420 ἀγαπητοῖς
855 5352 951 5404 καὶ
1011 5352 1411 5417 ποθεινοτάτοις
1473 5356 1824 5424 Ἀναστασίῳ,

275 5441 621 5513 Αλεξάνδρῳ,
713 5443 1101 5516 Μαρτινιανῷ,
1165 5447 1406 5518 Ἰωάννῃ,
1498 5449 1828 5518 Παρηγορίῳ

252 5533 626 5602 πρεσϐυτέρῳ,
677 5533 772 5586 καὶ
801 5533 1038 5605 Μαξίμῳ
1076 5536 1326 5606 διακόνῳ,
1367 5538 1458 5589 xa‘t
1503 5538 1708 5600 λοιποῖς
1737 5539 1827 5604 ὀρ-

250 5621 484 5689 θαϐόξοις
529 5625 781 5697 Πατράσι
838 5629 1107 5698 μοναχῶν,
1157 5632 1253 5683 καὶ
1305 5633 1418 5693 τοῖς
1453 5631 1550 5684 σὺν
1581 5632 1710 5701 ὑμῖν
1738 5630 1828 5683 τὸν

324 5785 337 5832 l
388 5784 553 5841 Forte
583 5787 919 5858 ᾑρημένους,
954 5791 1038 5844 vel
1067 5792 1403 5863 ἠρωμένους.
1444 5794 1592 5850 Eon.

2644 5242 2839 5295 bolum.

2009 5354 2236 5408 Dilectis
2280 5364 2335 5408 et
2384 5353 2777 5407 amantissimis
2827 5351 3137 5414 Anastasio,
3193 5349 3523 5408 Alexandro.

1938 5445 2286 5509 Martiniano,
2333 5445 2550 5507 Joanni,
2587 5446 2881 5512 Paregorio
2908 5445 3250 5514 presbytero,
3277 5452 3331 5496 et
3356 5441 3526 5496 Maxi-

1938 5552 2028 5591 mo
2061 5537 2325 5602 diacono,
2356 5538 2678 5606 cat-terisque
2729 5539 3049 5591 orthodoxa:
3097 5536 3222 5589 ﬁdei
3271 5534 3529 5588 Patribus

1940 5627 2357 5695 monachorum,
2381 5636 2435 5684 et
2467 5628 2753 5683 vobiscum
2786 5628 3144 5683 monasticam
3167 5627 3331 5680 vitam
3358 5640 3528 5695 ager»
