4126 6314
664 337 762 394 ΞΜ

1692 338 1746 392 S.
1789 335 2060 390 CYRILLI
2101 336 2568 393 ALEXANDRINI
2601 339 2917 398 ARClllEP.

3801 347 3915 402 ξ).θῖ

667 452 834 515 tibus,
868 466 930 506 ac
961 449 1013 504 in
1063 450 1168 505 fide
1197 453 1292 505 Dei
1322 453 1588 515 solidatis,
1614 454 1868 524 Cyrillns,
1924 455 1978 507 in
2008 455 2227 507 Domino

2353 464 2557 526 μονήρη
2587 455 2698 524 βίον
2727 458 2975 520 ἀσκοῦσι,
3008 460 3112 511 καὶ·
3135 460 3192 510 ἐν
3215 459 3392 513 πίστει
3425 460 3558 515 Θεοῦ
3586 459 3909 533 ἱδρυμένοις,

670 544 927 598 salutem.

735 648 992 704 Studium
1035 665 1098 705 ac
1155 649 1492 719 diligentiam
1528 660 1720 705 vestrae
1763 651 2050 705 charitatis
2097 667 2244 706 nunc

656 755 880 808 quoque
913 740 1056 793 haud
1090 740 1446 793 mediocriter
1481 740 1864 793 commendare
1913 755 2153 809 possum,
2187 747 2245 792 et

661 832 882 884 maximi
937 831 1240 886 faciendam
1273 846 1395 886 esse
1451 832 1590 885 dico.
1633 831 1849 884 Etenim
1896 831 2112 884 divinas
2141 829 2240 883 do-

653 923 862 976 ctrinas
887 921 1224 986 desiderare,
1261 931 1317 977 et
1350 938 1629 977 sacrorum
1663 921 1978 992 dogmatum
2013 921 2240 976 rectitu-

657 1014 843 1069 dinem
871 1013 1116 1069 studiose
1138 1015 1411 1083 persequi,
1435 1015 1559 1084 quis
1583 1030 1695 1069 non
1718 1015 1877 1069 valde
1905 1013 2242 1068 admiretur?

655 1103 786 1160 Haec
806 1105 951 1160 enim
976 1121 1065 1159 res
1095 1106 1262 1159 vitam
1305 1107 1422 1160 sine
1452 1107 1690 1160 termino
1717 1122 1782 1160 ac
1803 1107 2028 1161 'beatam
2053 1104 2238 1160 conci-

652 1195 776 1256 liat,
802 1211 981 1266 neque
1011 1198 1476 1251 irremuneratum
1510 1199 1618 1251 erit
1657 1199 1725 1252 iis
1749 1199 1804 1252 in
1838 1200 2002 1253 rebus
2025 1198 2236 1268 impen-

658 1303 778 1342 sum
821 1288 1084 1342 studium.
1125 1288 1270 1342 Dicit
1312 1288 1461 1342 enim
1491 1290 1558 1342 ad
1588 1290 1867 1344 caelestem
1920 1291 2137 1344 Patrem
2182 1297 2239 1343 et

657 1379 829 1433 Deum
861 1379 1354 1432 Dominus-noster
1399 1379 1557 1434 Jesus
1597 1380 1888 1436 Christus:
1923 1399 1941 1431 ‹
1991 1379 2116 1434 Haec
2153 1387 2238 1433 est

653 1479 834 1526 autem
869 1472 982 1526 vita
1025 1481 1251 1535 aeterna,
1301 1481 1364 1526 ut
1393 1479 1723 1542 cognoscant
1746 1482 1798 1526 te
1836 1472 2010 1525 solum
2042 1488 2236 1526 verum

651 1561 845 1627 Deum,
884 1571 940 1617 et
971 1577 1136 1632 quem
1170 1563 1367 1617 misisti
1389 1563 1574 1617 Jesum
1603 1563 1883 1617 Christum
1909 1562 1974 1616 ³¹.
2012 1582 2030 1614 ι
2068 1564 2236 1617 Recta

653 1668 783 1707 sane
819 1662 879 1707 et
901 1654 1399 1723 irreprebensibilis
1437 1654 1592 1718 fides,
1622 1670 1784 1724 quam
1820 1654 1998 1725 fulgor
2028 1671 2095 1709 ex
2134 1655 2233 1708 bo-

650 1743 738 1798 uis
770 1743 1030 1814 operibus
1063 1743 1374 1807 comitatur,
1418 1744 1565 1798 omni
1602 1745 1749 1800 bono
1791 1760 1893 1799 nos
1937 1745 2148 1816 implet,
2178 1754 2236 1800 et

651 1802 966 1904 praecl-aram
997 1843 1184 1888 nactos
1219 1835 1446 1905 gloriam
1482 1835 1743 1890 ostendit.
1775 1836 1845 1890 At
1870 1802 2100 1907 operum
2123 1837 2231 1892 ful-
2268 1802 2307 1855 Β

651 1942 770 1997 gor,
794 1928 839 1981 si
879 1942 1074 1996 expers
1120 1926 1374 1982 videatur
1423 1943 1544 1982 esse
1589 1937 1863 1983 rectorum
1893 1930 2229 2001 dogmatum,

652 2018 1047 2087 inculpataaque
1078 2017 1225 2083 fidei,
1266 2018 1518 2073 humana
1549 2021 1744 2075 anima:
1770 2021 1922 2075 nullo
1955 2022 2135 2088 modo,
2173 2031 2232 2076 ut

647 2109 907 2175 arbitror,
951 2110 1104 2165 utilis
1132 2110 1319 2165 fuerit.
1354 2111 1489 2165 Nam
1518 2113 1662 2167 sicut
1700 2112 1834 2167 fides
1864 2114 2069 2184 absque
2096 2129 2230 2184 ope-

649 2202 808 2258 ribus
827 2211 1041 2258 mortua
1063 2212 1146 2259 est
1165 2205 1237 2270 ”;
1260 2203 1340 2258 ita
1357 2206 1502 2274 quod
1524 2221 1553 2260 e
1577 2207 1854 2260 contrario
1866 2207 2226 2274 convertitur,

646 2309 838 2350 verum
864 2303 967 2350 est.
1000 2296 1169 2366 igitur
1204 2297 1364 2352 simul
1408 2297 1615 2369 fulgeat
1643 2313 1766 2353 cum
1811 2297 2056 2354 honesta:
2103 2299 2229 2354 vita:

647 2385 817 2455 gloria
857 2387 1023 2441 etiam
1068 2388 1353 2458 integritas
1379 2387 1524 2444 ﬁdei.
1564 2390 1642 2444 lta
1685 2389 1833 2444 enim
1871 2390 2080 2444 erimus
2106 2406 2229 2460 per-

647 2478 800 2542 fecti,
816 2479 970 2548 juxta
994 2479 1386 2547 sapientissimi
1413 2481 1613 2549 Moysis
1640 2483 1816 2552 legem
1846 2500 1857 2534 :
1895 2501 1912 2533 ι
1949 2483 2229 2538 Perfectus

645 2568 817 2633 enim,
847 2570 1045 2639 inquit,
1084 2571 1195 2625 eris
1237 2588 1422 2625 coram
1463 2573 1694 2626 Domino
1717 2574 1828 2628 Deo
1866 2575 2042 2628 tuo“.
2078 2595 2093 2624 ι
2125 2575 2226 2642 Qui

642 2676 778 2715 vero
820 2677 885 2716 ex
913 2663 1145 2716 stultitia
1188 2673 1642 2734 contempserunt
1679 2675 1883 2721 rectam
1933 2668 2134 2723 habere
2163 2669 2226 2721 fi-

645 2751 793 2812 dem,
818 2754 1067 2821 quamvis
1091 2755 1318 2810 honesta
1353 2757 1464 2811 vita
1509 2773 1564 2812 sc
1590 2769 1808 2824 ornent,
1841 2773 2227 2830 comparantur

643 2841 1046 2910 quodammodo
1079 2844 1210 2898 viris
1262 2845 1495 2915 ingenua
1553 2849 1772 2916 quidem
1822 2849 1980 2903 faciei
2014 2851 2185 2904 forma
2210 2891 2224 2915 ,

642 2933 819 2987 oculis
844 2951 971 2989 vero
991 2937 1306 2990 errantibus
1328 2953 1391 2990 ac
1413 2938 1661 2993 distortis
1686 2958 1697 2992 :
1729 2941 1886 3011 175
1907 2952 2069 3011 atque
2092 2945 2226 2998 adeo

642 3025 906 3093 competit
935 3025 989 3078 in
1016 3042 1111 3079 eos
1134 3026 1281 3096 quod
1315 3043 1344 3080 a
1373 3029 1605 3083 Domino
1629 3046 1728 3100 per
1750 3032 2003 3086 Ieremia:
2032 3049 2224 3088 vocem

639 3115 712 3169 ad
731 3116 1033 3170 Jerusalem
1058 3117 1369 3172 Iudaeorum
1402 3128 1632 3174 matrem
1656 3122 1864 3176 dictum
1889 3131 1970 3178 est
2000 3141 2013 3178 :
2045 3144 2060 3176 ι
2086 3125 2225 3180 Ecce
2254 3139 2294 3197 α

639 3224 753 3262 non
771 3217 898 3262 sunt
918 3209 1060 3263 oculi
1090 3211 1167 3263 tui
1195 3212 1351 3276 recti,
1380 3228 1556 3282 neque
1576 3228 1671 3267 cor
1688 3223 1842 3268 tuum
1873 3215 2078 3270 bonum
2100 3217 2164 3270 ⁸⁵.
2196 3236 2213 3267 ι

639 3300 872 3370 Oportet
906 3302 1088 3372 igitur,
1121 3311 1181 3357 ut
1223 3312 1346 3359 ante
1381 3306 1484 3359 alia
1517 3321 1702 3360 sanam
1731 3307 1784 3360 in
1808 3307 1963 3362 vobis
1986 3319 2224 3363 mentem

640 3393 972 3460 possidentis
995 3401 1051 3446 et
1083 3404 1284 3448 sancta:
1322 3395 1620 3464 Scriptura:
1653 3413 1924 3453 memores
1950 3398 2069 3454 sitis
2094 3400 2227 3454 allo-

641 3480 863 3548 quentis
887 3488 944 3533 et
983 3481 1258 3536 dicentis:
1293 3503 1309 3532 ι
1349 3481 1502 3536 Oculi
1549 3485 1626 3538 tui
1670 3494 1818 3540 recta
1853 3487 2162 3542 videant“.
2199 3508 2215 3540 ›

642 3572 806 3627 Visus
830 3582 1009 3626 autem
1057 3583 1240 3629 rectus
1275 3577 1557 3631 oculorum
1589 3578 1737 3654 intus
1777 3579 2223 3635 absconditorum

640 3671 744 3728 est,
776 3679 934 3734 posse
968 3680 1254 3720 sermones
1277 3709 1290 3731 ,
1327 3669 1737 3739 qualescunque
1789 3669 1857 3726 de
1906 3672 2017 3726 Deo
2067 3672 2220 3739 ﬁant,

640 3772 742 3825 pro
778 3769 856 3809 eo'
895 3767 1060 3826 atque
1105 3774 1426 3814 concessum
1469 3769 1583 3827 est,
1645 3764 1832 3819 videre
1864 3766 2140 3821 subtiliter
2167 3779 2224 3823 et

639 3855 849 3899 exacte.
880 3847 1142 3902 Videmus
1179 3851 1325 3903 enim
1372 3852 1428 3905 in
1467 3855 1690 3922 speculo
1725 3863 1781 3911 et
1810 3859 2120 3928 anigmate,
2169 3870 2223 3914 et

640 3938 1022 4006 cognoscimus
1053 3941 1138 4001 ex‘,
1164 3950 1317 4010 parte
1335 3942 1411 3995 ³⁷ε
1445 3945 1539 3998 scd
1575 3947 1668 4014 qui
1702 3964 1768 4001 ex
1800 3949 2046 4004 tenebris
2093 3967 2220 4020 pro-

639 4028 807 4082 funda
849 4029 1151 4092 revelat“,
1201 4033 1384 4088 lumen
1435 4039 1681 4092 veritatis
1720 4038 1961 4093 infundit
2009 4041 2094 4095 his
2127 4043 2220 4111 qui

642 4118 814 4187 ipsius
843 4121 1214 4189 cognitionem
1265 4134 1469 4178 rectam
1505 4143 1697 4197 capere
1753 4130 1962 4184 volunt.
1996 4130 2222 4200 Oportet

641 4211 806 4279 igitur
843 4220 902 4264 ut
925 4227 1110 4265 coram
1135 4213 1245 4267 Deo
1269 4219 1689 4283 procumbentes
1724 4221 1971 4276 dicamus
2000 4241 2010 4274 :
2051 4243 2068 4273 ‹
2095 4225 2221 4277 Illu-

641 4303 787 4354 mina
811 4303 1000 4356 oculos
1026 4319 1196 4368 meos,
1225 4322 1292 4360 ne
1320 4323 1553 4376 unquam
1592 4311 1935 4367 obdormiam
1981 4292 2053 4368 in.
2074 4332 2219 4369 mor-

639 4403 691 4446 te
715 4393 758 4425 ³’
791 4414 808 4444 ι
851 4412 863 4447 :
895 4397 1341 4468 quandoquidem
1375 4414 1402 4452 ξι
1429 4403 1758 4457 rectitudine
1787 4421 2066 4460 sacrorum
2113 4407 2216 4462 do-

2348 548 2613 618 Κύριλλος
2642 551 2699 601 ὲν
2730 549 2916 619 Κυρίῳ
2945 550 3175 621 χαίρειν.

2416 642 2487 693 Τὸ
2522 642 2813 709 φιλομαθὲς
2842 642 2934 694 καὶ
2958 643 3241 709 φιλόπονον
3270 643 3368 712 τῆς
3394 645 3662 712 ὑμετλρας
3691 642 3914 710 ἀγάπης

2346 733 2437 785 καὶ
2471 734 2564 786 νῦν
2593 735 2650 786 οὐ
2688 736 2921 804 μετρίως
2960 737 3240 789 ἐπαινέσαι
3284 737 3410 806 ἔχω,
3457 738 3553 790 καὶ
3587 738 3734 804 ἄξιον
3768 732 3914 789 εἷναί

2345 841 2485 893 φημι
2521 825 2612 877 τοῦ
2645 826 2843 889 παντὸς
2885 826 3064 894 λόγου,
3102 828 3174 879 Τὸ
3215 829 3320 896 γάρ
3358 844 3441 893 τοι
3477 827 3633 880 θείων
3665 827 3915 897 ἐφίεσθαι

2346 915 2701 989 μαθημάτων,
2731 919 2826 970 καὶ
2856 918 2954 988 τῆς
2987 918 3092 972 τῶν
3119 919 3280 990 ίερῶν
3303 919 3590 988 δογμάτων
3619 919 3912 990 ὀρθότητος

2345 1007 2758 1074 μεταποιεῖσθαι
2786 1008 2980 1076 φιλεῖν,
3008 1009 3124 1071 πῶς
3139 1010 3240 1062 οὐκ
3269 1009 3332 1062 ἂν
3361 1010 3764 1080 ὐπεραγάσαιτό
3787 1027 3909 1074 τιςς

2341 1099 2452 1152 Καὶ
2476 1100 2583 1170 γάρ
2618 1102 2734 1152 ἐστι
2763 1099 2906 1169 ζωῆς
2938 1103 3036 1170 τῆς
3077 1100 3381 1171 ἀπεράντου
3422 1101 3514 1156 καὶ
3549 1101 3823 1172 μακαρίας
3848 1099 3913 1152 τὸ

2339 1187 2528 1257 χρῆμα
2578 1189 2856 1259 πρόξενον,
2908 1190 3000 1242 καὶ
3028 1189 3127 1242 οὐκ
3170 1190 3399 1259 ἀμισθος
3441 1189 3560 1260 ήέν
3603 1207 3666 1257 γε
3701 1189 3914 1252 τούτοις

2341 1283 2564 1351 σπουδή.
2603 1283 2740 1350 Φησὶ
2767 1282 2875 1354 γάρ
2904 1298 3007 1335 που
3043 1280 3180 1352 πρὸς
3210 1280 3303 1334 τὸν
3322 1283 3381 1334 ἐν
3411 1281 3657 1353 οὐρανοῖς
3687 1279 3912 1350 Πατέρα

2338 1376 2429 1427 καὶ
2462 1374 2593 1427 Θεὸν
2625 1375 2652 1424 ὀ
2683 1374 2889 1444 Κύριος
2943 1375 3101 1444 ἡμῶν
3142 1373 3348 1444 Ἰησοῦς
3397 1373 3648 1444 Χριστός·
3681 1391 3702 1424 ‹
3757 1371 3908 1442 Δῦτη

2335 1467 2392 1518 δέ
2425 1469 2570 1520 ἐστιν
2605 1469 2636 1535 ἡ
2665 1446 2883 1530 αἰώνιος
2915 1467 3051 1538 ζωὴ,
3077 1467 3161 1520 ἴνα
3191 1467 3500 1536 γινώσκωσί
3535 1483 3593 1520 σε
3625 1465 3716 1519 τὸν
3747 1463 3910 1535 μόνον

2337 1543 2584 1627 ἀληθινὸν
2617 1557 2768 1620 Θεὸν,
2807 1558 2902 1611 καὶ
2929 1557 2987 1610 δν
3018 1557 3340 1621 ἀπέστειλας
3381 1557 3586 1627 Ἰησοῦν
3615 1556 3904 1628 Χριστόν.»

2349 1649 2510 1719 Ὀρθὴ
2543 1648 2652 1720 γὰρ
2699 1649 2901 1713 πίστις,
2953 1648 3045 1702 καὶ
3097 1648 3554 1714 ἀκατάσκωπτος,
3610 1648 3912 1718 σύνδρομον

2337 1741 2532 1811 ἔχουσα
2569 1743 2667 1810 τὴν
2719 1741 2776 1809 ἐξ
2833 1742 3010 1813 ἔργων
3056 1739 3275 1810 ἀγαθῶν
3326 1742 3675 1812 φαιδρότητα,
3708 1739 3911 1804 παντὸς

2336 1835 2482 1904 ἡμᾶς
2529 1834 2865 1905 ἐμπίπλησιν
2899 1832 3127 1902 ἀγαθοῦ,
3180 1833 3275 1886 καὶ
3320 1832 3593 1904 διαπρεπῆ
3643 1831 3913 1902 λαχόντας

2333 1923 2430 1994 τὴν
2480 1923 2636 1989 δόξαν
2689 1924 2998 1993 ἀποφαίνει.
3050 1924 3308 1995 Πράξεων
3348 1919 3414 1977 ¹δὲ
3462 1915 3799 1995 λαμπρότης,
3860 1926 3912 1978 εἰ

2335 2013 2635 2084 ἀμοιροῦσα
2667 2015 2906 2082 φαίνοιτο
2932 2014 3217 2083 δογμάτων
3243 2013 3420 2084 ὀρθῶν
3453 2015 3548 2068 καὶ
3582 2013 3910 2086 ἀδιαϐλήτου

2335 2104 2592 2170 πίστεως,
2620 2106 2862 2175 ὀνήσειεν
2891 2105 2977 2170 ἀν,
3013 2100 3091 2169 ῶς
3117 2123 3178 2174 γε
3207 2101 3383 2176 οἶμαι,
3419 2107 3537 2159 κατ’
3569 2105 3758 2160 οὐδένα
3783 2106 3912 2179 τρό-

2333 2213 2434 2248 πον
2459 2197 2558 2267 τὴν
2585 2197 2677 2250 τοῦ
2710 2195 2999 2269 ἀνθρώπου
3039 2196 3238 2268 ψυχήν.
3278 2198 3488 2268 ’Ὠσπερ
3514 2197 3622 2269 γὰρ
3651 2199 3684 2268 ἡ
3723 2200 3911 2262 πίστις

2333 2291 2501 2360 χωρὶς
2537 2290 2646 2342 τῶν
2693 2289 2866 2360 ἔργων
2911 2288 3083 2360 νεκρά
3129 2291 3295 2354 ἐστιν,
3342 2287 3516 2353 οὕτως
3551 2285 3688 2343 εἷναί
3723 2306 3911 2359 φαμεν

2331 2380 2549 2450 ἀληθὲς,
2580 2398 2674 2434 και
2695 2381 2756 2433 τὸ
2783 2380 3038 2451 ἔμπαλιν.
3065 2381 3272 2435 Οὐκοῦν
3297 2381 3760 2452 συναναλαμπέτω
3791 2382 3911 2444 τοῖς

2331 2471 2430 2540 τῆς
2453 2472 2686 2535 εὐζωῒας
2729 2471 3034 2544 αὐχήμασι,
3075 2473 3167 2526 καὶ
3197 2473 3255 2525 τὸ
3283 2471 3582 2543 ἀμώμητον
3611 2474 3666 2526 ὲν
3697 2471 3905 2526 πίστει.

2334 2561 2548 2632 Ἀρτιοι
2579 2562 2686 2634 γὰρ
2705 2562 2878 2626 οῦτως
2918 2562 3177 2632 ἐσόμεθα,
3213 2562 3351 2616 κατά
3379 2564 3471 2616 τὸν
3497 2561 3588 2616 τοῦ
3621 2563 3906 2632 πανσόφου

2329 2655 2606 2719 Μωῡσέως
2629 2640 2632 2644 ’
2657 2656 2838 2726 νόμον·
2872 2673 2891 2708 ι
2923 2654 3142 2718 Τέλειος
3189 2654 3295 2726 γάρ
3327 2654 3445 2726 ἔσῃ,
3505 2655 3691 2726 φησὶν,
3724 2654 3907 2709 ἔναντι

2330 2749 2536 2820 Κυρίου
2571 2750 2619 2801 ι.
2652 2768 2670 2801 ι
2698 2751 2762 2802 Οἱ
2792 2749 2848 2802 δὲ
2876 2732 3180 2802 τοῦηπίστιν
3207 2748 3350 2819 ἔχειν
3380 2749 3547 2820 ὀρθὴν
3579 2747 3637 2813 ἐξ
3660 2749 3908 2819 ἀμαθίας

2328 2840 2781 2911 ὀλιγωρήσαντες,
2828 2835 2974 2928 sict
2996 2844 3117 2904 ταῖς
3181 2840 3499 2903 ὲπιεικείαις
3555 2840 3645 2892 τὸν
3692 2840 3907 2894 ἑαυτῶν

2329 2931 2777 3002 ὲπισεμνύνοντες
2828 2932 2962 3002 βίον,
3016 2932 3224 2985 ἐοίκασί
3265 2949 3382 2996 πως
3427 2932 3686 3005 ἀνδράσιν
3721 2934 3916 3001 εὐφυᾶ

2334 3025 2430 3093 μὲν
2453 3023 2678 3094 λαχοῦσι
2708 3024 2802 3076 τοῦ
2850 3023 3140 3094 προσώπου
3187 3024 3276 3078 τὸν
3312 3026 3657 3096 χαρακτῆρα,
3691 3025 3908 3080 πεπλα-

2329 3133 2391 3185 νη
2401 3116 2570 3187 μένην
2603 3117 2664 3170 δὲ
2690 3117 2784 3170 καὶ
2809 3116 3134 3189 διάστροφον
3167 3119 3273 3172 τῶν
3304 3119 3568 3190 ὀμμάτων
3598 3119 3694 3190 τὴν
3719 3118 3906 3200 βολήν

2329 3207 2467 3262 ὥστε
2521 3210 2616 3262 καὶ
2669 3210 2898 3280 πρέπειν
2927 3211 3113 3275 αὐτοῖς
3153 3211 3214 3264 τὸ
3257 3211 3344 3266 διά
3396 3212 3579 3282 φωνῆς
3635 3211 3907 3282 Ἱερεμίου

2328 3304 2462 3372 πρὸς
2491 3303 2587 3372 τὴν
2615 3320 2722 3355 των
2759 3304 3027 3357 Ἰουδαίων
3061 3303 3288 3374 μητέρα,
3323 3303 3467 3374 φημὶ
3496 3303 3558 3372 δὴ
3590 3301 3909 3372 τὴνΊερου-

2329 3394 2525 3463 σαλὴμ,
2564 3395 2852 3466 εἰρημένον
2882 3395 3031 3468 παρὰ
3081 3397 3175 3448 τοῦ
3209 3395 3366 3462 Θεοῦ·
3407 3414 3425 3446 ι
3450 3394 3579 3448 Ἰδοὺ
3626 3393 3728 3447 οῦκ
3760 3396 3909 3447 εἰσιν

2326 3485 2374 3536 οἱ
2413 3484 2681 3554 ὀφθαλμοί
2734 3503 2826 3538 σου
2857 3485 3026 3556 ὀρθοὶ,
3063 3487 3155 3540 καὶ
3207 3487 3239 3556 ἡ
3297 3485 3493 3555 καρδία
3541 3502 3635 3538 σου
3674 3485 3840 3557 καλή.
3881 3506 3902 3530 δ

2325 3575 2445 3646 Χρὴ
2472 3576 2648 3629 τοίνυν
2680 3577 2824 3647 ὑμᾶς
2856 3579 2985 3645 ὑγιᾶ
3032 3579 3124 3630 καὶ
3169 3577 3274 3647 πρό
3311 3593 3373 3643 γε
3404 3575 3507 3628 τῶν
3538 3575 3713 3630 ἀλλων
3753 3575 3910 3647 ἔχειν

2326 3669 2383 3719 ἐν
2417 3669 2631 3731 ἑαυτοῖς
2675 3669 2764 3722 τὸν
2797 3669 2943 3736 νοῦν,
2988 3669 3081 3723 καὶ
3125 3667 3526 3739 διαμεμνῆσθαι
3569 3668 3908 3739 Γράμματος

2328 3760 2472 3831 ἱεροῦ
2527 3761 2975 3831 προσφωνοῦντος
3007 3762 3102 3816 καὶ
3152 3761 3422 3830 λέγοντος·
3465 3780 3484 3809 ι
3521 3762 3585 3814 Οἱ
3629 3761 3908 3833 ὀφθαλμοί

2326 3854 2582 3925 σουξὸρθά
2617 3853 2983 3924 βλεπέτωσαν.
3016 3869 3034 3906 ι
3094 3854 3256 3927 Ὀρθὴ
3305 3855 3360 3907 δὲ
3411 3853 3593 3924 βλέψις
3631 3853 3908 3924 ὀμμάτων

2322 3946 2430 3998 τῶν
2458 3946 2566 3998 ἔσω
2612 3947 3011 4018 κεκρυμμένων
3040 3947 3102 3999 τὸ
3135 3947 3350 4018 ίσχνῶς,
3392 3947 3486 4001 καὶ
3512 3946 3909 4017 άπεξεσμένως

2325 4037 2644 4108 περιαθρεῖν
2687 4038 2968 4103 δύνασθαι,
3019 4039 3162 4091 κατά
3218 4056 3280 4107 γε
3330 4038 3390 4092 τὸ
3436 4039 3733 4109 ἐγχωροῦν,
3768 4039 3908 4102 τοὺς

2322 4128 2478 4198 εἴπερ
2515 4127 2534 4166 ι
2570 4129 2634 4181 ἂν
2663 4131 2886 4197 γένοιτο,
2922 4130 3046 4199 περὶ
3079 4129 3213 4183 Θεοῦ
3246 4129 3456 4196 λόγους.
3480 4129 3756 4200 Βλέπομεν
3785 4131 3906 4201 γὰρ

2323 4222 2379 4274 έν
2421 4221 2670 4292 ἐσόπτρῳ
2717 4223 2810 4276 καὶ
2846 4223 3147 4292 αἰνίγματι,
3190 4221 3282 4274 καὶ
3321 4221 3659 4291 γινώσκομεν
3695 4222 3757 4273 ἐκ
3797 4222 3904 4290 μέ-

2324 4329 2470 4382 ρους·
2502 4314 2529 4365 ὃ
2563 4330 2624 4380 γε
2659 4314 2765 4386 μὴν
2809 4315 2873 4366 ὲκ
2905 4314 3125 4377 σκότους
3167 4311 3566 4366 ἀποκαλύπτων
3605 4311 3792 4382 βαθέα.
3821 4313 3905 4365 -τὸ

2320 4404 2416 4472 τῆς
2448 4404 2705 4472 ἀληθείας
2749 4405 2923 4475 ἐνίησι
2964 4404 3077 4473 φῶς
3125 4409 3235 4469 τοῖς
3278 4403 3551 4457 ἐθέλουσιν
3580 4403 3756 4474 ὀρθῶς
3793 4406 3903 4475 τὴν

639 4497 877 4555 gmatum
904 4487 1157 4543 excidere
1183 4491 1320 4543 nihil
1358 4491 1505 4544 aliud
1529 4502 1631 4556 est,
1655 4510 1817 4562 quam
1840 4498 2124 4552 manifeste
2160 4499 2214 4553 in

2329 4497 2448 4565 περὶ
2477 4496 2641 4550 αὑτοῦ
2687 4497 2889 4565 γνῶσιν
2916 4497 3072 4552 έλεῖν.
3119 4497 3238 4568 Χρὴ
3276 4495 3561 4566 τοιγαροῦν
3595 4497 3738 4566 ἡμᾶς
3770 4496 3902 4566 Θεῷ

640 4585 814 4629 morte
864 4577 1180 4632 obdormire
1234 4598 1246 4632 :
1299 4595 1330 4633 a
1378 4596 1484 4649 qua
1524 4584 1854 4638 rectitudine
1909 4587 2214 4642 excidimus

637 4665 854 4733 quando
893 4667 1206 4737 Scripturas
1236 4670 1500 4725 divinitus
1537 4673 1830 4742 inspiratas
1863 4692 1976 4729 non
2026 4678 2214 4746 sequi-

636 4773 781 4822 mur,
814 4758 908 4811 sed
930 4760 1015 4812 vel
1047 4763 1393 4831 praesumptis
1425 4764 1648 4819 minime
1673 4765 1907 4820 laudatis
1937 4769 2212 4837 opinioni-

635 4845 760 4908 bus,
782 4845 1071 4899 velstudio
1093 4857 1147 4902 et
1171 4851 1539 4919 propensione
1567 4853 1621 4905 in
1639 4869 1733 4911 eos
1755 4857 1846 4925 qui
1875 4859 2021 4912 circa
2049 4859 2211 4914 fidem

632 4950 741 4987 non
780 4944 926 4989 recte
960 4937 1238 5002 incedunt,
1273 4940 1473 4994 mentis
1497 4952 1697 4997 nostrae
1736 4956 2012 5002 momenta
2045 4949 2205 5004 incli-

631 5041 783 5091 nare,
816 5036 872 5081 et
900 5039 1117 5083 nostras
1151 5031 1205 5083 in
1246 5031 1438 5100 primis
1465 5035 1675 5090 animas
1702 5038 1899 5093 lazdere
1924 5043 2205 5097 convinci-

630 5133 774 5173 .vnur.
804 5119 1229 5174 Assentiendum
1269 5121 1436 5192 igitur
1469 5124 1536 5179 iis
1573 5137 1655 5180 est
1678 5128 1772 5196 qui
1809 5139 2012 5184 rectam
2041 5132 2202 5188 fidem

628 5209 696 5263 ad
723 5225 996 5266 sacrarum
1032 5215 1474 5283 prmdicationum
1537 5222 1862 5276 sententiam
1915 5224 2204 5295 diligenter

625 5302 959 5366 examinant,
985 5321 1120 5374 quas
1142 5315 1197 5361 et
1231 5323 1326 5376 per
1363 5309 1624 5377 Spiritum
1673 5322 1921 5368 sanctum
1968 5316 2205 5373 tradide-

701 5460 744 5490 ³²
768 5458 1074 5542 Joanlxvu,
1104 5459 1188 5542 5n.“
1234 5461 1411 5542 “lac.
1438 5479 1494 5542 ιι,
1529 5464 1614 5516 ‘20.
1667 5466 1916 5542 _3‘Deut.
1943 5488 2089 5538 xvm,
2120 5473 2205 5525 15.

2358 5476 2559 5531 Jerem.
2594 5494 2720 5542 χχιι,
2758 5479 2839 5531 l7.

625 5529 711 5586 12.
788 5528 832 5559 ³⁸
852 5529 955 5584 Job
1005 5546 1096 5595 xu,
1121 5530 1211 5584 ‘22.
1287 5533 1330 5563 ³³
1363 5533 1502 5586 Psal.
1535 5551 1625 5598 xu,
1655 5535 1706 5588 4.

2317 4590 2705 4660 προσπίπτειν,
2755 4589 3032 4657 λέγοντας·
3068 4609 3086 4642 ι
3125 4590 3364 4642 Φώτισον
3413 4591 3537 4653 τοὺς
3574 4589 3902 4658 ὀφθαλμούς

2319 4697 2442 4748 μου,
2492 4681 2564 4750 μή
2623 4697 2752 4734 ποτε
2804 4680 3036 4734 ὑπνὼσω
3067 4683 3149 4745 είς
3197 4680 3454 4733 θάνατον·
3494 4699 3513 4733 ›
3562 4679 3622 4734 τὸ
3651 4680 3759 4750 γὰρ
3788 4681 3902 4750 τῆς

2313 4771 2607 4840 ὀρθότητος
2658 4772 2768 4824 τῶν
2810 4773 2970 4843 ἱερῶν
3012 4772 3298 4842 δογμάτων
3327 4771 3639 4825 ἀπολισθεῖν
3686 4771 3771 4840 εἴη
3823 4770 3898 4824 ἂν

2313 4862 2497 4932 ἕτερον
2521 4863 2693 4929 οὐδὲν,
2719 4863 2856 4933 πλὴν
2881 4865 2962 4916 ὅτι
2993 4864 3180 4932 σαφῶς
3210 4863 3269 4917 τὺ
3298 4862 3497 4916 ὑπνοῦν
3525 4865 3603 4925 είς
3630 4860 3894 4916 θάνατον’

2314 4954 2656 5023 ὲκπίπτομεν
2687 4953 2744 5006 δὲ
2774 4955 2872 5024 τῆς
2908 4955 3219 5026 ὀρθότητος,
3256 4954 3342 5007 ὅτε
3378 4952 3452 5024 μὴ
3480 4955 3598 5015 ταῖς
3626 4952 3894 5006 θεοπνεύ-

2315 5065 2457 5109 στοις
2483 5047 2729 5120 ἑπόμεθα
2753 5047 3012 5117 Γραφαῖς,
3039 5046 3152 5101 ἀλλ’
3178 5046 3210 5116 ἢ
3251 5045 3580 5116 προλήψεσιν
3604 5045 3701 5097 οὐκ
3728 5046 3896 5097 ἔπαι-

2312 5137 2615 5207 νουμέναις,
2671 5139 2704 5206 ἢ
2755 5138 2897 5190 κατὰ
2947 5137 3265 5210 πρόσκλισιν
3297 5135 3395 5205 τὴν
3443 5136 3577 5207 πρός
3625 5135 3689 5201 γέ
3731 5149 3893 5198 τινας

2312 5229 2410 5281 οὐκ
2444 5229 2870 5298 ὀρθοποδοῦντας
2899 5229 3026 5301 περὶ
3053 5229 3153 5299 τὴν
3183 5227 3385 5294 πίστιν,
3417 5227 3515 5290 τὰς
3544 5227 3640 5294 τῆς
3671 5226 3894 5278 ἑαυτῶν

2311 5320 2549 5383 διανοίας
2593 5321 2957 5392 ἀπονέμοντες
2989 5321 3182 5393 ῥοπὰς,
3209 5321 3303 5373 καὶ
3343 5320 3447 5391 πρό
3471 5337 3535 5388 γε
3567 5319 3674 5372 τῶν
3707 5317 3891 5375 ἀλλων

2946 5479 2989 5510 ³⁸
3017 5479 3174 5532 Prov.
3202 5493 3276 5543 Iv,
3305 5477 3394 5533 25.
3474 5477 3516 5508 ⁸⁷
3550 5477 3570 5530 Ι
3605 5475 3732 5532 Cor.
3757 5490 3883 5540 xm,

1709 5648 1882 5702 Varia!
1909 5649 2173 5706 lectiones
2202 5651 2405 5707 codicis
2436 5653 2796 5723 Seguieriani.

693 5767 720 5807 ll
747 5765 839 5819 τοῖῑ
871 5765 1004 5819 Θεοῦ
1030 5782 1142 5818 σου.
1227 5762 1241 5801 ¹
1275 5764 1359 5818 ιε’.
1385 5765 1563 5836 οἵπερ.
