4154 6322
312 354 427 410 9.93

1731 342 2069 401 EPISTOLA
2109 343 2217 398 LV.

3491 340 3597 399 294

317 469 426 529 τὰς
457 461 669 517 ἑαυτῶν
702 461 880 544 ψυχὰς
911 461 1219 523 ἀδικοῦντες
1247 456 1603 529 ἀλισκόμεθα.
1655 456 1915 510 Πειστέον

2031 467 2147 512 runt
2178 457 2363 523 nobis,
2390 458 2482 528 qui
2514 458 2583 513 ah
2625 458 2783 512 initio
2821 456 2924 528 ipsi
2955 456 3236 521 viderunt,
3262 464 3318 511 ct
3357 456 3599 511 ministri

319 555 391 627 δὴ
417 550 511 607 οῦν
534 550 649 614 τοῖς
686 550 786 621 τῆς
826 549 1117 623 ὀρθότητος
1156 547 1510 619 ἐπιμεληταῖς
1544 546 1679 617 πρὸς
1708 547 1768 599 τὸ
1797 548 1910 610 τοῖς

320 646 495 720 ἱεροῖς
520 642 843 717 κηρύγμασι
867 641 1078 696 δοκοῦν·
1106 640 1141 695 ἁ
1173 642 1263 694 καὶ
1291 640 1378 693 διὰ
1401 639 1719 709 Πνεῦματος
1753 637 1908 706 ἁγίου

322 735 638 807 παρέδοσαν
673 736 803 805 ήμῖν
836 736 885 788 oi
917 736 1013 789 ἀπ’
1046 733 1221 805 ἀρχῆς
1255 734 1543 794 αὐτόπται,
1577 731 1672 785 καὶ
1701 731 1910 802 ὑπηρέ-

319 848 418 884 ται
448 828 732 899 γενόμενοι
759 827 852 881 τοῦ
880 826 1058 894 λόγου·
1107 818 1182 879 ὧν
1219 828 1332 887 τοῖς
1364 826 1567 895 ἴχνεσιν
1597 824 1913 877 ἀκολουθεῖν

320 920 680 974 ἱσποῦδασαν
704 918 799 973 καὶ
824 919 873 971 οἱ
902 917 1251 989 πανεύφημοι
1282 917 1527 987 Πατὲρες
1563 915 1742 986 ἡμῶν,
1774 918 1822 968 οί
1852 916 1914 969 τὸ

324 1010 533 1066 σεπτόν
560 1028 620 1064 τε
653 1012 750 1065 καὶ
792 1002 1167 1079 οἰκουμενικὸν
1204 1007 1304 1075 τῆς
1341 1007 1577 1067 πίστεως
1597 1006 1915 1076 ὁρισάμενοι

326 1100 635 1175 Σύμϐολον,
654 1103 712 1155 ὲν
741 1103 808 1172 τῇ
840 1099 1095 1155 Νικαέων
1120 1097 1592 1169 συναγηγερμένοι
1620 1096 1763 1150 κατὰ
1792 1114 1916 1150 καιη

330 1196 487 1269 ρούς.
519 1190 612 1259 Οἷς
640 1195 703 1265 δὴ
738 1193 832 1247 καὶ
865 1192 1029 1258 αὐτὸς
1068 1190 1323 1260 σύνεδρος
1353 1185 1424 1261 ἦν
1458 1190 1486 1242 ό
1518 1190 1775 1261 Χριστός’
1810 1188 1914 1261 ἔφη

326 1286 469 1359 γάρ,
502 1288 585 1341 ὅτι
611 1304 631 1338 ι
658 1286 832 1339 Ὅπου
862 1285 957 1337 ὲάν
986 1278 1088 1337 ὦσι
1116 1282 1208 1336 δύο
1232 1282 1265 1353 ἢ
1297 1284 1447 1355 τρεῖς
1486 1281 1817 1352 συνηγμένοι
1836 1282 1918 1345 εἰς

326 1380 394 1434 τὸ
423 1379 595 1448 δνομα
624 1378 773 1447 ὲμδν,
807 1379 922 1431 ἐκεῖ
950 1380 1066 1448 εἰμι
1097 1378 1154 1429 ὲν
1191 1374 1343 1445 μέσῳ
1368 1373 1568 1428 αὐτῶν.
1608 1392 1627 1425 ι
1661 1375 1781 1426 ’Ὁτι
1809 1373 1917 1444 γὰρ

328 1471 596 1545 πρόεδρος
624 1460 690 1541 ἦν
727 1469 973 1541 ἀοράτως
998 1467 1099 1538 τῆς
1126 1466 1287 1535 ἁγίας
1313 1466 1409 1518 καὶ
1439 1463 1681 1535 μεγάλης
1706 1465 1918 1534 ἐκείνης

330 1563 555 1627 συνόδου
584 1563 613 1616 ό
640 1561 894 1632 Χριστὸς,
925 1559 1040 1623 πῶς
1079 1558 1229 1611 ἔστιν
1264 1556 1663 1627 ἀμφιϐάλλειν;
1699 1555 1921 1627 Κρηπῖς

328 1651 428 1712 οἷά
459 1673 543 1719 τις
581 1655 673 1709 καὶ
709 1653 959 1724 θεμέλιος
1002 1651 1273 1725 ἀρραγὴς,
1308 1651 1405 1703 καὶ
1436 1648 1773 1721 ἁκράδαντος
1809 1650 1920 1711 τοῖς

326 1748 448 1803 ἀνὰ
479 1750 660 1801 πᾶσαν
685 1746 782 1817 τὴν
808 1746 911 1816 γῆν
954 1744 1303 1808 ἀνεϐάλλετο,
1335 1741 1534 1812 μᾶλλον
1564 1740 1619 1794 δὲ
1658 1739 1921 1794 κατεϐάλ-

2014 549 2237 603 fuerunt
2268 550 2540 605 sermonis
2565 551 2608 581 ⁸ο
2633 569 2644 602 :
2669 565 2908 620 quorum
2930 548 3161 620 vestigia
3185 548 3343 619 sequi
3370 547 3602 604 studue—

2014 649 2143 695 runt
2161 642 2325 696 etiam
2356 641 2705 697 celeberrimi
2736 643 2927 697 Patres
2948 643 3147 706 nostri,
3166 640 3260 712 qui
3283 641 3602 697 venerabile

2014 744 2071 790 et
2097 734 2409 790 universale
2436 734 2565 790 ﬁdei
2604 734 2940 790 deﬁnierunt
2968 735 3287 807 Symbolum
3319 735 3374 789 in
3423 735 3604 790 Νίσαια

2014 827 2144 879 olim
2167 826 2499 895 congregati.
2533 825 2672 881 Cum
2709 826 2914 896 quibus
2956 841 3087 881 sane
3107 834 3163 881 et
3194 826 3312 897 ipse
3354 824 3608 881 Christus

2015 915 2284 993 consedit,
2326 917 2420 986 qui
2448 917 2585 971 dixit
2619 936 2631 970 :
2667 937 2684 969 ι
2725 918 2831 973 Ubi
2871 916 3085 973 fuerint
3129 918 3239 972 duo
3271 917 3355 973 vel
3391 926 3504 973 tres
3548 916 3605 971 in

2014 1015 2238 1070 nomine
2288 1031 2412 1071 meo
2464 1016 2806 1088 congregati,
2845 1016 2961 1072 illic
3008 1031 3131 1071 sum
3176 1015 3235 1069 in
3276 1015 3461 1070 medio
3505 1028 3605 1069 eo.

2016 1121 2140 1159 rum
2159 1106 2223 1160 ⁸¹.
2250 1126 2269 1158 ι
2305 1106 2441 1161 Nam
2462 1108 2607 1178 quod
2634 1108 2892 1163 Christus
2905 1108 3228 1180 praesederit
3252 1106 3607 1161 invisibiliter
3628 1180 3637 1187 _

2016 1207 2219 1253 sanctae
2240 1208 2297 1253 et
2337 1214 2545 1270 magna:
2591 1201 2669 1255 illi
2707 1200 2936 1273 synodo,
2966 1200 3244 1271 quomodo
3275 1200 3407 1255 licet
3429 1198 3607 1254 ambi-

2017 1293 2177 1363 gere?
2193 1292 2347 1347 Basis
2382 1294 2586 1348 ctenim
2602 1294 2850 1364 quaedam
2868 1303 2926 1348 et
2949 1293 3368 1348 fundamentum
3384 1291 3606 1345 ﬁrmum

2018 1392 2073 1438 et
2093 1385 2484 1440 inconcussum
2506 1399 2606 1456 per
2626 1387 2945 1441 universum
2977 1386 3168 1441 orbem
3195 1384 3603 1455 imponebatur,

2019 1474 2129 1529 imo
2172 1493 2303 1531 vero
2330 1477 2670 1548 jaciebatur,
2700 1479 2792 1533 illa
2829 1479 3094 1533 nimirum
3117 1479 3345 1534 sincerae
3375 1492 3443 1533 ac
3470 1476 3609 1531 irre-

2018 1566 2409 1636 prc'hensibilis
2443 1569 2568 1624 ﬁdei
2606 1569 2899 1625 confessio.
2940 1571 3100 1643 176
3129 1570 3285 1637 Quod
3318 1569 3365 1624 si
3398 1569 3477 1623 ita
3500 1576 3605 1633 est,

2019 1674 2128 1728 quo
2143 1668 2303 1730 pacto
2320 1662 2511 1717 aberat
2524 1662 2800 1728 Christus,
2823 1678 2947 1717 cum
2970 1664 3087 1733 ipse
3109 1663 3200 1727 sit,
3219 1663 3374 1734 juxta
3390 1662 3610 1732 sapien-

2019 1751 2217 1807 tissimi
2254 1752 2410 1807 Pauli
2452 1769 2665 1819 vocem,
2703 1744 3165 1810 fundamentum?
3197 1774 3215 1806 ι
3254 1753 3607 1810 Fundamen-

330 1840 480 1904 λετο,
507 1839 608 1910 τῆς
637 1835 975 1912 ἀκραιφνοῦς
1024 1837 1119 1890 καὶ
1148 1835 1452 1905 ἀμωμήτου
1480 1833 1718 1896 πίστεως
1739 1834 1773 1903 ἡ
1797 1833 1924 1903 όμο-

2031 1851 2141 1899 tum
2167 1845 2313 1900 enim
2334 1844 2506 1910 aliud,
2539 1847 2740 1917 inquit,
2766 1862 2929 1904 nemo
2953 1855 3133 1918 potest
3154 1862 3384 1918 ponere,
3405 1854 3610 1916 praeter

334 1930 517 2000 λογία.
550 1924 690 1984 Εἶτα
725 1928 843 1993 πῶς
877 1928 1025 1998 ἀπῆν
1061 1929 1089 1981 ὁ
1115 1923 1373 1997 Χριστὸς,
1418 1926 1577 1997 εἴπερ
1603 1920 1671 1997 ἢν
1700 1926 1864 1988 αὐτὸς
1892 1928 1921 1980 ὁ

338 2021 610 2094 θεμέλιος,
654 2020 795 2075 κατὰ
841 2020 941 2091 τὴν
969 2018 1063 2073 τοῦ
1094 2018 1406 2087 σοφωτάτου
1434 2016 1652 2071 Παύλου
1700 2018 1918 2088 φωνήν;

345 2133 367 2167 α
406 2114 670 2184 Θεμέλιον
701 2113 808 2184 γὰρ
840 2112 1021 2176 ἄλλον,
1064 2112 1252 2181 φησὶν,
1287 2110 1463 2175 οὐδεὶς
1492 2108 1717 2163 δύναται
1749 2108 1922 2161 θεῖναι

338 2204 496 2275 παρὰ
538 2204 628 2257 τὸν
660 2203 933 2273 κείμενον,
989 2202 1047 2263 ὃς
1084 2201 1233 2253 ἐστιν
1268 2199 1476 2271 Ἰησοῦς
1526 2202 1555 2252 ὁ
1602 2199 1858 2269 Χριστός.
1898 2217 1917 2251 ι

339 2298 457 2367 Τὴν
484 2296 665 2359 τοίνυν
699 2294 1011 2347 ὲκτεθεῖσαν
1049 2286 1181 2362 παρ’
1217 2293 1446 2346 ἐκείνων
1486 2292 1582 2346 καὶ
1612 2291 1924 2363 ὁρισθεῖσαν

339 2386 526 2442 πίστιν
563 2387 935 2457 τετηρήκασιν
974 2384 1315 2455 ἀδιαϐλήτως
1352 2384 1447 2437 καὶ
1482 2386 1530 2437 οἱ
1579 2383 1694 2454 μετ’
1729 2382 1923 2445 αὐτοὺς

337 2478 627 2548 γεγονότες
674 2478 816 2545 ἅγιοι
872 2475 1135 2547 Πατέρες,
1178 2477 1274 2528 καὶ
1321 2475 1581 2545 ποιμένες
1629 2474 1796 2539 λαῶν,
1832 2473 1925 2527 καὶ

342 2568 633 2638 φωστῆρες
680 2566 1038 2636 Ἐκκλησιῶν,
1063 2566 1157 2620 καὶ
1194 2566 1605 2637 εὐτεχνέστατοι
1638 2583 1927 2636 μυσταγω-

342 2661 455 2740 γοί.
492 2658 835 2723 Ἐλλελοιπὺς
880 2658 938 2711 δὲ
983 2658 1119 2721 ὅλως
1144 2657 1324 2725 οὐδὲν,
1365 2660 1532 2730 ήγουν
1565 2658 1927 2729 παρεωραμέ-

242 2772 245 2773 '
345 2770 436 2808 νον
464 2744 577 2805 τῶν
602 2751 918 2821 ἀναγκαίων
950 2752 1030 2816 είς
1054 2751 1239 2822 ὄνησιν
1269 2750 1477 2804 κατίδοι
1499 2768 1582 2814 τις
1614 2751 1681 2805 ἂν
1714 2752 1771 2805 ἐν
1806 2752 1927 2814 ταῖς

345 2845 456 2900 τῶν
479 2845 740 2918 Πατέρων
770 2843 1108 2915 ὁμολογίαις,
1164 2843 1333 2915 ήγουν
1386 2843 1689 2906 ὲκθέσεσιν,
1722 2843 1788 2908 ἃς
1836 2862 1931 2897 πε-

347 2938 604 3009 ποίηνται
638 2938 894 3009 περὶτῆς
928 2936 1094 3007 ὀρθῆς
1125 2936 1219 2989 καὶ
1252 2935 1634 3007 ἁκαπηλεύτου
1669 2934 1927 3001 πίστεως,

348 3030 431 3093 εἰς
465 3028 686 3099 ἔλεγχον
738 3028 837 3097 μὲν
886 3027 981 3079 καὶ
1031 3027 1344 3098 ἀνατροπὴν
1378 3026 1642 3097 αἱρέσεως
1690 3025 1928 3097 ἁπάσης,

2022 1935 2078 1990 id
2115 1936 2262 2007 quod
2296 1938 2537 2006 positum
2567 1946 2671 2005 est,
2698 1939 2845 2009 quod
2892 1948 2977 1994 est
3019 1937 3272 1994 Christus
3291 1938 3453 1993 Jesus
3478 1937 3544 1991 ⁸¹.
3584 1955 3603 1988 ι

2021 2026 2366 2099 Quapropter
2410 2030 2713 2100 expositam
2739 2031 2808 2085 ab
2840 2030 2951 2086 illis
2973 2039 3030 2085 et
3079 2030 3500 2086 determinatam
3542 2028 3612 2083 ﬁ-

2023 2116 2145 2171 dem
2170 2118 2339 2187 probe
2366 2127 2658 2174 servarunt
2699 2121 2865 2175 etiam
2892 2120 2971 2185 bi,
2999 2120 3094 2190 qui
3126 2119 3301 2175 secuti
3339 2127 3469 2187 sunt
3493 2132 3612 2186 eos.

2022 2210 2198 2263 sancti
2234 2210 2443 2275 Patres,
2472 2213 2916 2283 populorumque
2944 2221 3217 2283 pastores,
3246 2221 3303 2268 et
3336 2212 3614 2268 Ecclesia-

2024 2315 2147 2354 rum
2176 2301 2491 2367 luminaria,
2528 2318 2593 2358 ac
2616 2305 2967 2359 solertissimi
2997 2307 3384 2378 mysteriorum
3420 2306 3614 2362 docto—

2026 2407 2134 2445 res.
2166 2392 2313 2447 Nihil
2336 2401 2519 2448 autem
2548 2395 2774 2450 omnino
2792 2398 3227 2466 pratermiSsum
3244 2400 3337 2453 vel
3368 2408 3617 2454 contem-

2026 2490 2181 2550 ptum
2224 2496 2292 2537 ex
2337 2483 2424 2539 his
2478 2500 2600 2555 qua:
2660 2485 2772 2540 sint
2831 2486 2900 2541 ad
2932 2488 3229 2544 utilitatem
3277 2490 3615 2545 aﬁ'erendam

2012 2575 2359 2650 necessaria,
2409 2562 2611 2632 viderit
2656 2579 2751 2648 qui
2785 2578 2842 2632 in
2879 2579 3103 2634 Patrum
3153 2572 3615 2648 confessionibus,

2030 2663 2136 2718 hoc
2159 2674 2263 2727 est,
2304 2667 2767 2736 expositionibus,
2822 2684 2960 2739 quas
3002 2668 3071 2723 de
3106 2679 3256 2725 recta
3302 2681 3359 2725 ct
3389 2671 3617 2725 minime

2030 2756 2333 2814 adulterata
2357 2758 2462 2813 ﬁde
2494 2760 2790 2816 ediderunt
2812 2761 2879 2815 ad
2914 2763 3289 2834 coarguendas
3311 2770 3369 2819 et
3391 2764 3621 2819 subver-

2033 2846 2227 2903 tendas
2260 2849 2544 2904 universas
2582 2851 2843 2916 lmreses,
2884 2852 3189 2922 impiasquc
3224 2853 3619 2922 blasphemias,

2031 2948 2088 2995 et
2108 2942 2175 2995 ad
2191 2957 2288 2996 eos
2312 2942 2628 2997 solidandos
2667 2950 2833 3013 atque
2857 2944 3283 3011 conﬁrmandos,
3316 2946 3411 3016 qui
3433 2947 3489 3000 in
3514 2945 3622 3003 ﬁde

2033 3041 2184 3088 recte
2205 3034 2488 3100 incedunt,
2525 3037 2805 3106 ctquibus
2843 3036 3086 3109 fulgidus
3105 3047 3261 3093 ortus
3294 3046 3378 3093 est
3401 3038 3620 3104 lucifer,

348 3120 445 3175 καὶ
469 3118 766 3182 δυσσεϐοῦς
801 3116 1225 3189 ἀθυροστομίας,
1279 3120 1358 3180 είς
1398 3116 1688 3188 βεϐαίωσιν
1716 3118 1794 3178 δὲ.
1839 3119 1928 3171 καὶ

2036 3123 2286 3194 diesque,
2316 3136 2376 3179 ut
2425 3126 2727 3195 Scriptura:
2754 3127 2949 3183 dicunt
2972 3129 3036 3193 ⁸³,
3088 3128 3302 3194 illuxit,
3338 3131 3623 3200 sanctique

238 3236 243 3240 ι
348 3210 655 3289 ἀσφάλειαν
700 3209 815 3271 τοῖς
841 3208 1194 3279 ὀρθοποδοῦσι
1237 3210 1368 3281 περὶ
1414 3210 1515 3281 τὴν
1556 3208 1759 3263 πίστιν·
1795 3205 1928 3273 οἷςό

2036 3214 2384 3285 baptismatis
2410 3219 2584 3289 gratia
2616 3220 2867 3275 veritatis
2896 3222 3081 3276 lumen
3104 3222 3369 3277 immittit.

348 3303 604 3375 λαμπρὸς
629 3302 902 3357 ἀνέτειλεν
951 3304 1249 3376 ἑωσφόρος,
1306 3304 1404 3357 καὶ
1432 3303 1727 3374 διηύγασεν
1754 3304 1787 3372 ή
1818 3305 2001 3378 ἡμέρα
2042 3310 2183 3363 κατὰ
2209 3309 2306 3374 τὰς
2335 3312 2580 3383 Γραφάς,
2612 3316 2707 3369 καί
2736 3315 2796 3366 τὸ
2831 3314 2932 3383 τῆς
2973 3314 3232 3384 ἀληθείας
3282 3315 3457 3387 ἐνίησι
3503 3314 3622 3385 φῶς

350 3401 387 3471 ὴ
416 3397 506 3453 διὰ
536 3397 630 3451 τοῦ
671 3397 826 3466 ἁγίου
853 3396 1231 3469 βαπτίσματος
1255 3399 1435 3470 χάρις.

438 3492 661 3563 Ἐπειδὴ
709 3493 766 3547 δὲ
797 3494 1077 3564 γέγραφεν
1118 3493 1273 3564 ὑμῶν
1302 3494 1336 3564 ή
1360 3492 1651 3549 εὐλάϐεια.
1684 3491 1759 3556 ὼς
1794 3507 1934 3563 παρ-

352 3583 667 3656 οχετεῦουσί
697 3601 841 3650 τινες
868 3586 951 3655 ἐφ’
984 3584 1020 3639 ἁ
1053 3585 1128 3655 μὴ
1164 3586 1405 3656 προσῆκε
1433 3584 1501 3638 τὰ
1524 3586 1581 3637 ὲν
1615 3583 1692 3655 τῷ
1721 3582 1934 3653 Συμϐό-

353 3677 454 3748 λῳ,
486 3675 594 3730 τῶν
622 3679 679 3731 ἐν
707 3676 854 3748 αὐτῷ
895 3678 1160 3750 ῥημάτων
1193 3677 1291 3746 τὴν
1320 3676 1548 3747 δύναμιν
1578 3676 1695 3746 ἢού
1728 3673 1936 3728 συνιέν-

256 3782 259 3783 ⁷
353 3788 446 3835 τις
472 3769 673 3842 ορθῶς,
722 3772 756 3843 ἢ
810 3772 906 3825 καὶ
937 3775 1001 3826 ὲκ
1033 3770 1127 3826 τοῦ
1156 3769 1585 3841 προσκεκλίσθαι
1623 3770 1743 3834 ταῖς
1775 3786 1936 3824 τινων

356 3868 707 3936 συγγραφαῖς
757 3866 836 3925 εἰς
884 3866 1140 3936 ἀδόκιμον
1189 3864 1596 3936 ἀποφερόμενοι
1642 3862 1787 3925 νοῦν,
1820 3856 1939 3915 εἶτα

356 3940 569 4029 χρῆναι
603 3956 749 4026 κάμὲ
803 3958 927 4019 τοὺς
981 3956 1113 4027 περὶ
1151 3954 1358 4010 τούτων
1401 3954 1579 4010 αὐτῶν
1624 3954 1760 4025 πρὸς
1794 3955 1939 4023 ὑμᾶς

326 4108 329 4111 ,
355 4047 693 4120 ποιήσασθαι
723 4048 915 4115 λόγους
957 4048 1053 4100 καὶ
1079 4046 1471 4119 διερμηνεῦσαι
1503 4046 1692 4114 σαφῶς
1715 4045 1812 4117 τὴν
1840 4045 1938 4116 τῆς

356 4139 635 4204 meum;
666 4140 915 4209 δύναμιν,
966 4140 1076 4191 δεῖν
1109 4138 1314 4210 ᾠήθην,
1359 4140 1503 4208 άπερ
1546 4138 1626 4200 είς
1658 4136 1783 4211 νοῦν
1815 4138 1937 4207 ἥκει

357 4232 449 4285 τὸν
491 4232 645 4301 ὲμὺν,
688 4230 1054 4301 ὲπιδρομάδην
1102 4232 1296 4284 εἰπεῖν.
1332 4228 1609 4300 Ἐψόμεθα
1642 4228 1699 4281 δὲ
1732 4244 1940 4281 παντα-

358 4318 457 4392 χοῦ
487 4324 610 4384 ταῖς
643 4320 752 4373 τῶν
798 4320 965 4389 ἁγίων
999 4319 1259 4390 Πατὲρων
1296 4318 1610 4389 ὁμολογίαις
1637 4334 1698 4370 τε
1726 4317 1819 4371 καὶ
1850 4316 1938 4369 δό-

362 4412 501 4479 ξαις,
532 4412 708 4483 ὀρθῶς
753 4414 848 4466 καὶ
896 4412 1275 4483 ἀπροσκλινῶς
1303 4410 1685 4482 βασανίζοντες
1713 4409 1781 4463 τά
1810 4410 1939 4481 παρ’

360 4504 542 4560 αὐτῶν
581 4504 866 4574 εἰρημένα.
895 4505 1034 4574 Ἤδη
1070 4504 1168 4575 μὲν
1198 4504 1307 4573 γὰρ
1336 4504 1432 4557 καὶ
1474 4505 1508 4574 ἡ
1541 4502 1670 4571 ἁγία
1701 4501 1937 4569 σύνοδος,

360 4600 396 4669 ή
426 4596 573 4650 κατά
604 4611 692 4663 γε,
733 4597 894 4667 φημὶ,
926 4596 1037 4649 τῶν
1072 4596 1334 4665 Ἐφεσίων
1376 4594 1761 4665 συνειλεγμένη
1797 4594 1939 4647 κατὰ

366 4691 626 4763 βούλησιν
648 4689 805 4754 Θεοῦ,
834 4690 931 4761 τῆς
959 4691 1255 4762 Νεστορίου
1284 4690 1601 4756 κακοδοξίας
1642 4689 1795 4742 όσίαν
1844 4689 1940 4743 καὶ

2109 3496 2376 3562 Quoniam
2398 3504 2583 3552 autem
2613 3506 2795 3552 vestra
2828 3497 3005 3568 pietas
3036 3496 3276 3567 scripsit,
3303 3498 3450 3567 quod
3481 3513 3624 3553 non-

2041 3587 2179 3641 nulli
2214 3604 2335 3657 quae
2392 3587 2446 3643 in
2494 3574 2755 3661 SymbOlo
2790 3591 3143 3645 continentur
3182 3606 3249 3646 eo
3294 3590 3627 3661 detorquent

2042 3696 2151 3749 quo
2181 3696 2290 3735 non
2312 3692 2550 3752 Oportet,
2575 3683 2873 3738 verborum
2897 3684 3128 3755 symboli
3152 3684 3262 3737 vim
3284 3683 3371 3737 vel
3403 3698 3511 3738 non
3538 3683 3625 3738 in.-

2045 3772 2350 3844 tclligentes
2368 3783 2534 3839 recte,
2568 3775 2654 3830 vel
2676 3776 2843 3831 etiam
2884 3791 2952 3830 ex
2980 3791 3047 3830 eo
3074 3775 3221 3847 quod
3258 3775 3626 3845 quorumdam

2044 3866 2265 3935 scriptis
2316 3864 2491 3922 dediti
2539 3876 2697 3933 sunt,
2738 3868 2797 3922 in
2834 3884 3055 3923 sensum
3095 3868 3392 3939 reprobum
3433 3868 3623 3933 delati,

2043 3957 2228 4028 itaque
2253 3974 2393 4029 opus
2421 3975 2542 4015 esse
2584 3968 2645 4015 ut
2666 3976 2767 4032 ego
2802 3976 3023 4031 quoque
3064 3960 3132 4015 de
3166 3961 3251 4015 his
3287 3961 3420 4029 ipsis
3459 3962 3628 4016 rebus

2043 4051 2200 4105 vobis
2224 4050 2512 4117 disseram,
2546 4059 2602 4108 et
2624 4053 2984 4122 expositionis
3008 4053 3116 4106 vim
3148 4054 3434 4123 perspicue
3457 4053 3629 4109 inter-

2044 4149 2265 4209 preter;
2308 4141 2540 4207 censui,
2577 4159 2642 4197 ea
2692 4158 2813 4212 qua:
2848 4159 2999 4197 nunc
3046 4144 3229 4197 animo
3287 4153 3623 4210 occurrunt,

2045 4233 2251 4286 cursim
2284 4233 2537 4288 dicenda.
2574 4234 2883 4304 Sequentes
2909 4243 3092 4291 autem
3122 4235 3177 4288 in
3213 4235 3469 4289 omnibus
3498 4252 3626 4290 san-

2045 4334 2262 4378 ctorum
2301 4325 2527 4379 Patrum
2560 4325 2960 4381 confessionem
2986 4336 3041 4381 et
3088 4328 3440 4388 sententiam,
3476 4337 3628 4381 recte

2045 4424 2101 4470 et
2123 4415 2307 4471 animo
2337 4432 2609 4486 nusquam
2636 4416 2897 4471 inclinato
2919 4432 3040 4486 quae
3068 4416 3137 4470 ab
3177 4416 3286 4470 illis
3321 4415 3466 4469 dicta
3500 4425 3629 4470 sunt

2045 4509 2500 4563 examinabimus.
2546 4509 2664 4564 Jam
2703 4508 2853 4563 enim
2893 4518 2951 4564 et
2986 4517 3173 4563 sancta
3206 4507 3468 4579 synodus,
3514 4507 3627 4568 illa,

2046 4600 2293 4673 inquam,
2319 4601 2372 4655 in
2398 4601 2617 4672 Epheso
2630 4602 2787 4672 juxta
2802 4601 3142 4656 voluntatem
3160 4600 3255 4654 Dei
3281 4608 3625 4671 congregata,

2047 4710 2174 4749 cum
2206 4695 2472 4749 adversus
2513 4694 2755 4771 Nestorii
2788 4709 3105 4764 perversam
3146 4692 3462 4762 opinionem
3499 4708 3628 4747 sen-

363 4778 573 4853 ἀκριϐἧ
617 4780 1021 4853 κατενεγκοῦσα
1054 4781 1151 4850 τὴν
1183 4780 1382 4851 ψῆφον,
1414 4781 1510 4835 καὶ
1537 4780 1636 4843 τὰς
1686 4779 1797 4833 τῶν
1826 4780 1928 4833 ἐτέ-

2044 4786 2273 4839 tentiam
2299 4784 2427 4839 tulit
2450 4792 2506 4839 et
2528 4792 2769 4839 sanctam
2786 4794 2843 4839 et
2864 4792 3194 4848 accuratam,
3218 4783 3381 4839 simul
3408 4799 3629 4853 quoque

368 4891 477 4945 ρων
508 4873 869 4942 καινοφωνίας
902 4885 965 4941 ιη,
994 4874 1154 4947 οἵπερ
1179 4873 1299 4946 avi“
1329 4876 1571 4944 γένοιντο
1610 4874 1728 4946 μετ’
1754 4876 1941 4942 αὑτὸν,

363 4966 399 5039 ἢ
440 4968 537 5020 καὶ
566 4967 674 5039 πρὸ
702 4967 867 5021 αὑτοῦ
896 4969 1171 5036 γεγόνασι,
1199 4967 1268 5020 τά
1296 4966 1387 5021 ἴσα
1412 4965 1735 5037 φρονοῦντες
1767 4967 1938 5038 αὐτῷ,

370 5058 462 5111 καὶ
508 5059 686 5110 εἰπεῖν
731 5058 765 5129 ἢ
812 5058 1025 5130 γράψαι
1072 5059 1459 5130 τολμήσαντες,
1516 5059 1942 5131 συγκατέκρινεν

369 5148 585 5219 ἐκείνῳ,
611 5149 714 5218 τὴν
749 5148 872 5220 ῖσην
896 5149 1078 5213 αὐτοῖς
1105 5148 1360 5204 ἐπιθεῖσα
1397 5149 1573 5220 δίκην.
1603 5150 1713 5203 Καὶ
1731 5150 1848 5219 ’γὰρ
1877 5146 1945 5221 ἦν

368 5239 685 5306 ἀκόλουθον,
713 5241 833 5303 ἑνὸς
860 5240 1009 5305 ἅπαξ
1035 5241 1130 5294 ἐπὶ
1165 5243 1285 5305 ταῖς
1313 5240 1456 5294 οὕτω
1492 5240 1742 5313 βεϐήλοις
1772 5260 1948 5295 καινο-

368 5334 600 5405 φωνίαις
623 5333 1095 5404 κατεγνωσμένου,
1130 5331 1205 5407 μὴ
1233 5333 1350 5386 καθ’
1376 5326 1496 5396 ἐνὸς
1526 5332 1727 5402 μᾶλλον
1749 5332 1944 5397 ἐλθεῖν,

370 5427 506 5492 ἀλλ’,
536 5426 603 5481 ἵν’
636 5426 809 5491 οὕτως
838 5420 997 5487 είπω,
1030 5427 1170 5481 κατὰ
1213 5426 1393 5495 πάσης
1443 5426 1623 5479 αὐτῶν
1657 5424 1758 5495 τῆς
1796 5426 1945 5498 αἱρέ-

2048 4877 2165 4948 pari
2189 4876 2461 4931 sententia
2489 4885 2548 4931 et
2575 4891 2737 4946 plena
2764 4874 3151 4932 condemnavit
3188 4891 3384 4930 vocum
3412 4875 3629 4929 novita-

2048 4980 2131 5025 tes
2157 4969 2388 5024 aliorum
2414 4968 2482 5035 ⁸⁸,
2511 4977 2783 5039 quotquot
2812 4969 2898 5023 vel
2922 4978 3047 5037 post
3095 4966 3250 5021 illum
3285 4968 3502 5032 forent,
3544 4966 3633 5021 t’e‘.

2047 5068 2174 5115 ante
2217 5060 2372 5115 illum
2402 5060 2646 5127 fuerunt,
2690 5061 2784 5131 qui
2819 5061 3012 5117 eadem
3042 5076 3167 5115 cum
3208 5060 3301 5115 illo
3339 5068 3628 5129 saperent,

2044 5152 2338 5222 dicereque
2366 5153 2450 5207 vel
2483 5154 2726 5209 scribere
2759 5152 3046 5209 auderent.
3087 5152 3303 5207 Etenim
3336 5162 3629 5207 consenta-

2045 5227 2213 5297 neum
2236 5252 2376 5309 erat,
2405 5243 2773 5300 condemnato
2806 5244 2975 5299 semel
3002 5243 3074 5297 ob
3102 5252 3211 5297 tam
3243 5242 3501 5313 profanas
3538 5258 3632 5295 vo-

2046 5349 2172 5389 cum
2200 5335 2474 5391 novitates
2496 5335 2637 5401 viro,
2663 5343 2727 5391 ut
2748 5352 2859 5391 non
2886 5351 3032 5391 unus
3056 5335 3325 5389 duntaxat
3346 5334 3628 5399 feriretur,

2047 5427 2164 5492 sed,
2193 5437 2255 5483 ut
2285 5429 2367 5484 sic
2401 5428 2602 5495 dicam,
2647 5429 2904 5483 universa
2933 5428 3151 5483 illorum
3199 5427 3425 5482 haeresis
3466 5436 3633 5495 atque

444 5566 489 5597 ⁸⁸
510 5564 643 5620 an.
675 5580 714 5630 ι,
737 5564 791 5618 2.
868 5566 910 5596 ⁸¹
944 5564 1132 5620 Matth.
1162 5580 1311 5631 xvm,
1337 5563 1425 5619 50.
1501 5565 1545 5595 ⁸³
1570 5561 1589 5615 l
1610 5562 1737 5617 Cor.
1769 5580 1846 5627 ιιι,
1876 5563 1928 5617 Η

2041 5564 2151 5619 “ll
2172 5566 2320 5621 Petr.
2351 5582 2389 5630 ι,
2422 5565 2507 5620 l9.
2585 5564 2670 5619 ⁸⁸1
2701 5563 2841 5619 Tim.
2873 5580 2943 5629 vi,
2967 5556 3082 5615 20.
3148 5589 3157 5609 ι

1474 5704 1643 5759 Variae
1671 5704 1933 5758 lectiones
1963 5705 2173 5761 codicis
2198 5705 2562 5778 Seguicriani.

439 5812 479 5841 ³
503 5798 855 5872 κενοφωνίας.
