4126 6314
584 327 696 397 398

1545 335 1606 390 'S.
1664 329 1939 389 CYRILLl
1978 319 2448 384 ALEXANDle
2487 329 2807 388 ARCHIEP.

3737 322 3850 387 19$

589 456 884 520 calumnia,
933 466 1096 525 quam
1145 431 1341 509 contra
1361 452 1446 522 pia
1487 453 1744 507 Ecclesia:
1786 452 2038 522 dogmata
2072 447 2171 502 ﬁn-

2280 466 2433 513 σεως,
2464 451 2582 520 ἦτοι
2608 454 2708 523 τῆς
2735 451 3118 519 συκοφαντίας,
3147 446 3214 524 ἧς
3237 453 3555 521 πεποίηιται
3573 451 3713 504 κατὰ
3736 451 3850 505 τῶν

591 557 746 621 gunt.
771 547 904 602 dum
952 546 1250 617 praedicant
1298 545 1437 599 duos
1470 527 1612 598 ﬁlios
1635 585 1648 602 .
1682 553 1738 598 et
1783 541 2169 613 impartibilem

593 639 865 703 dividunt,
896 639 1202 707 cmlumqne
1224 653 1287 692 ac
1307 646 1509 691 terram
1539 636 1684 706 quod
1707 636 1983 690 hominem
2010 635 2168 689 latria

590 733 795 792 colant,
821 731 1050 786 crimine
1078 730 1362 784 denotant.
1392 729 1570 784 Unum
1596 729 1741 799 enim
1770 729 2059 784 Dominum
2082 729 2170 783 Je-

595 839 715 878 sum
739 823 1016 877 Christum
1045 830 1102 876 et
1127 822 1474 890 superiorum
1505 822 1796 890 spirituum
1829 831 2014 876 sancta
2031 822 2170 875 mul-

596 911 773 966 titudo
817 912 1103 966 nobiscum
1145 911 1358 966 adorat.
1403 912 1481 967 Ne
1527 921 1709 966 antem
1763 929 1792 966 a
1843 914 2168 983 quibusdam

595 1003 879 1072 ignoretur
920 1003 1004 1057 vis
1033 1002 1296 1074 Symboll,
1328 1004 1475 1074 quod
1525 1004 1580 1058 in
1621 1005 1879 1059 omnibus
1913 1005 2170 1060 Ecclesiis

593 1095 690 1151 Dei
714 1095 1099 1150 auctoritatem
1125 1097 1339 1150 obtinet
1365 1104 1419 1150 et
1443 1097 1797 1165 praedicatum
1822 1107 1926 1159 est,
1953 1105 2168 1151 sancto-

595 1202 714 1242 rum
747 1187 902 1255 177
939 1187 1160 1240 Patrum
1194 1188 1514 1250 sententias,
1545 1187 1650 1240 hoc
1672 1196 1776 1250 est,
1802 1187 2172 1256 expositiones

595 1278 652 1333 in
680 1279 1103 1332 commentarios
1147 1279 1262 1332 illic
1319 1278 1490 1332 factos
1524 1279 1718 1343 retuli;
1761 1288 1821 1332 ut
1873 1279 2075 1340 scirent
2115 1277 2169 1331 hi

593 1370 687 1440 qui
711 1385 802 1425 eas
823 1371 1029 1441 legunt,
1065 1369 1342 1441 quomodo
1371 1379 1684 1425 sanctorum
1715 1371 1933 1424 Patrum
1961 1370 2172 1439 exposi-

593 1460 821 1524 tionem,
849 1462 956 1516 hoc
987 1469 1092 1525 est,
1115 1462 1393 1515 sincerum
1419 1470 1582 1516 recta:
1599 1460 1722 1515 ﬁdei
1754 1461 2066 1533 Symbolum
2091 1461 2173 1514 in-

593 1552 766 1623 telligi
801 1553 1112 1608 conveniat.
1131 1551 1343 1622 Opinor
1371 1560 1554 1607 autem
1578 1559 1638 1607 et
1667 1561 1899 1606 vestram
1930 1551 2171 1606 cltarita-

598 1654 708 1701 tem
745 1645 802 1698 in
834 1660 961 1699 eum
990 1644 1234 1698 libellum
1269 1644 1546 1707 incidisse,
1587 1659 1750 1713 quem
1785 1644 1856 1697 de
1889 1644 1973 1698 bis
2006 1646 2173 1699 rebus

594 1732 1045 1804 conscripsimus.
1064 1732 1185 1801 ipso
1201 1744 1348 1785 nunc
1364 1746 1603 1800 quoque,
1619 1743 1680 1785 ut
1699 1731 1832 1796 dixi,
1857 1733 1924 1786 ad
1940 1732 2170 1788 verbum

593 1791 880 1896 proposito
944 1791 1226 1894 Symbolo,
1290 1791 1438 1877 illico
1656 1837 1759 1894 ope
1821 1791 1891 1878 ad
1959 1825 2174 1895 singula
2208 1791 2248 1845 Β

591 1931 718 1988 quae
780 1915 836 1971 in
896 1930 964 1971 eo
1015 1913 1352 1977 traduntur,
1409 1913 1700 1984 perspicue
1762 1914 2171 1984 interpretanda

590 2017 903 2063 convertar.
961 2005 1088 2061 Scio
1139 2004 1287 2059 enim
1343 2004 1718 2058 beatissimum
1774 2006 1996 2060 Petrum
2041 2009 2176 2062 scri-

593 2100 768 2170 psisse
805 2116 819 2152 :
851 2117 870 2150 ι
898 2098 1078 2154 Parati
1107 2111 1324 2166 semper
1347 2095 1416 2150 ad
1443 2095 1868 2152 satisfactionem
1895 2099 2041 2153 omni
2075 2117 2175 2171 po-

593 2193 768 2248 scenti
803 2208 904 2248 vos
926 2193 1197 2248 rationem
1225 2191 1293 2246 de
1315 2206 1381 2245 ea
1409 2205 1531 2260 qua:
1553 2190 1611 2244 in
1642 2191 1802 2246 vobis
1821 2200 1907 2248 est
1931 2209 2026 2263 spe
2048 2194 2114 2248 ³⁸.
2150 2216 2168 2247 ι

1049 2476 1355 2549 Symbolum
1405 2475 1457 2530 Ν
1462 2478 1708 2530 icamum.

664 2590 951 2648 Credimus
966 2589 1022 2645 in
1047 2605 1219 2645 unum
1251 2589 1446 2654 Deum,
1477 2589 1694 2644 Patrem
1720 2590 2176 2660 omnipotentem,

597 2682 843 2740 omnium
871 2681 1170 2737 visibilium
1197 2689 1253 2735 et
1279 2679 1639 2736 invisibilium
1670 2679 1934 2734 faetorem
1982 2698 1994 2732 :
2029 2690 2087 2735 et
2121 2680 2175 2733 in

597 2788 770 2831 unum
787 2772 1075 2828 Dominum
1099 2772 1283 2827 Jesum
1300 2770 1603 2836 Christum,
1624 2771 1822 2826 Filium
1848 2771 1966 2836 Dei,
1990 2780 2178 2826 natum

595 2881 668 2922 ex
695 2864 876 2928 Patre,
904 2863 1272 2934 unigenitum,
1318 2861 1424 2917 hoc
1457 2871 1562 2926 est,
1593 2879 1660 2917 ex
1686 2863 1804 2934 ejus
1830 2863 2138 2918 substantia
2164 2880 2179 2927 ;

596 2954 772 3012 Deum
794 2953 863 3010 de
878 2954 1011 3019 Deo,
1037 2953 1220 3009 lumen
1238 2953 1306 3008 de
1327 2952 1555 3017 lumine,
1574 2954 1746 3009 Deum
1770 2970 1965 3008 verum
1982 2955 2050 3008 de
2071 2954 2183 3008 Deo

596 3060 729 3104 vero
746 3062 761 3112 ;
779 3043 1045 3116 genitum,
1069 3057 1182 3097 non
1202 3042 1430 3108 factum,
1457 3045 1980 3100 consubstantialem
2008 3042 2179 3107 Patri;

597 3152 698 3210 per
719 3151 881 3207 quem
906 3135 1088 3191 omnia
1117 3134 1258 3190 facta
1280 3143 1408 3190 sunt
1429 3145 1485 3191 et
1506 3152 1628 3206 qua:
1651 3137 1709 3191 i'n
1732 3140 1872 3193 coelo
1897 3145 1953 3191 et
1977 3153 2100 3206 qua:
2125 3137 2181 3189 in

601 3203 754 3283 terra
775 3244 789 3280 :
814 3227 908 3297 qui
933 3236 1156 3297 propter
1177 3240 1280 3280 nos
1311 3203 1562 3282 homines
1590 3237 1645 3282 et
1681 3238 1905 3299 propter
1937 3203 2178 3284 nostram
2206 3203 2250 3259 θ’

600 3321 832 3376 salutem
862 3317 1168 3382 descendit,
1223 3325 1278 3372 et
1327 3317 1648 3373 incarnatus
1676 3327 1782 3385 est,
1807 3330 1863 3375 et
1895 3321 2061 3376 homo
2094 3323 2176 3375 fa-

600 3419 744 3475 ctus,
773 3425 969 3482 passus
993 3418 1094 3474 est,
1122 3418 1178 3464 et
1197 3410 1502 3464 resurrexit
1521 3413 1683 3466 tertia
1711 3413 1820 3478 die,
1851 3422 1906 3468 et
1935 3415 2182 3469 ascendit

599 3501 658 3556 in
691 3502 888 3566 cmlos;
913 3510 970 3555 et
988 3509 1257 3555 venturus
1275 3509 1361 3554 est
1377 3500 1623 3570 judicare
1647 3503 1801 3559 vivos
1819 3514 1876 3559 et
1897 3514 2176 3562 mortuos;

599 3593 743 3649 etin
792 3593 1060 3665 Spiritum
1119 3604 1393 3650 sanctum.
1442 3595 1552 3651 Eos
1583 3605 1767 3650 autem
1794 3597 1889 3666 qui
1940 3597 2176 3651 dicunt:

599 3686 732 3742 Erat
757 3686 1077 3756 aliquando,
1114 3687 1336 3756 quando
1362 3703 1471 3742 non
1501 3696 1650 3753 erat;
1681 3695 1737 3742 et
1757 3697 2050 3758 antequam
2079 3693 2180 3742 na-

601 3789 848 3834 sceretur
871 3793 981 3832 non
1007 3788 1160 3838 erat:
1211 3788 1267 3834 et
1305 3777 1452 3849 quod
1481 3778 1655 3833 factus
1686 3788 1770 3834 est
1805 3795 1872 3834 ex
1895 3796 2006 3834 non
2032 3781 2179 3834 exsi-

601 3870 898 3932 stentibus,
947 3878 1042 3924 aut
1066 3887 1133 3926 ex
1176 3872 1282 3925 alia
1327 3871 1633 3926 substantia
1667 3872 1752 3925 vel
1785 3873 2054 3938 essentia;
2086 3881 2182 3926 aut

601 3961 697 4031 qui
727 3960 922 4015 Filium
979 3961 1074 4016 Dei
1121 3961 1442 4017 mutabilem
1474 3962 1562 4017 vel
1593 3963 2007 4017 convertibilem
2059 3979 2179 4017 esse

601 4051 794 4107 dicunt
829 4071 841 4106 :
881 4053 983 4108 hos
1016 4053 1444 4112 anathematizat
1469 4053 1739 4110 catholica
1782 4064 1837 4109 et
1878 4055 2176 4124 apostolica

600 4143 866 4199 Ecclesia.

673 4233 914 4289 Credere
946 4250 1003 4289 se
1023 4236 1281 4291 dixerunt
1314 4238 1368 4291 in
1399 4253 1568 4291 unum
1601 4238 1791 4300 Deum,
1833 4248 1891 4290 ut
1933 4236 2182 4291 funditus

602 4326 1008 4396 quodammodo
1048 4328 1292 4396 ipsorum
1324 4329 1608 4399 gentilium
1646 4330 1932 4399 opiniones
1969 4339 2185 4384 everte-

603 4427 768 4473 rent:
811 4439 829 4470 (
856 4418 959 4486 Qui
995 4435 1121 4474 cum
1155 4435 1214 4474 se
1253 4419 1505 4475 dicerent
1543 4435 1664 4475 esse
1697 4422 1992 4491 sapientes,
2027 4423 2179 4475 stulti

604 4510 734 4566 facti
775 4521 924 4576 sunt,
978 4522 1034 4567 et
1078 4521 1430 4568 mutaverunt
1470 4515 1697 4585 gloriam
1744 4517 2178 4586 incorruptibilis
2211 4547 2254 4601 ο

605 4603 703 4658 Dei
736 4603 792 4657 in
835 4595 1254 4659 similitudinem
1294 4605 1546 4676 imaginis
1597 4607 1971 4676 corruptibilis
2005 4609 2181 4662 homi-

606 4695 714 4759 nis,
734 4704 790 4749 et
812 4695 1137 4762 volatilium,
1167 4706 1223 4752 et
1247 4697 1683 4767 quadrupedum,
1705 4709 1760 4753 et
1781 4701 2060 4769 reptilium
2081 4703 2143 4753 “.
2159 4723 2175 4752 ι

602 4786 904 4840 Coluerunt
935 4797 1116 4842 autem
1145 4796 1202 4844 et
1229 4798 1539 4844 creaturam
1571 4793 1754 4859 potius
1775 4807 1937 4860 quam
1961 4793 2185 4849 Creato-

604 4892 741 4940 rem,
768 4877 1164 4947 elementisque
1193 4880 1384 4934 mundi
1425 4881 1588 4952 hujus
1625 4882 1952 4947 servierunt,
1986 4886 2185 4940 multos

606 4976 661 5022 et
693 4968 1125 5024 innumerabiles
1168 4987 1291 5026 esse
1331 4972 1464 5026 deos
1501 4974 1877 5035 existimantes
1900 4977 1966 5029 ⁸⁷.
2011 4977 2181 5047 Igitur

606 5057 674 5111 ad
699 5059 1132 5116 subvertendum
1175 5077 1444 5126 errorem,
1468 5064 1562 5133 qui
1603 5065 1806 5119 multos
1833 5064 1967 5130 deos
1991 5068 2179 5131 tradit,

609 5165 779 5203 unum
831 5151 1002 5206 Deum
1054 5154 1361 5220 nominant,
1405 5162 1465 5207 ut
1495 5156 1668 5209 sacris
1690 5155 1914 5210 Litteris
1959 5161 2184 5213 omnino

607 5244 973 5308 consentiant,
1009 5254 1063 5299 et
1098 5246 1349 5301 veritatis
1393 5248 1631 5318 speciem
1674 5249 1947 5304 universis
1994 5253 2086 5320 qui
2126 5255 2179 5306 in

608 5344 723 5389 toto
750 5336 954 5389 mundo
987 5345 1134 5402 sunt,
1163 5337 1428 5393 indicent.
1470 5339 1586 5394 lloc
1607 5340 1786 5411 ipsum
1809 5349 1865 5395 et
1890 5344 2180 5412 sapientis-

677 5490 722 5521 "
751 5491 769 5544 ι
804 5493 946 5545 l’etr.
981 5507 1056 5554 ιιι,
1085 5491 1170 5546 15.
1250 5496 1292 5525 ⁸⁵
1318 5496 1473 5550 Rom.
1510 5513 1547 5563 ι,
1575 5499 1663 5553 22.
1688 5497 1775 5551 25.
1851 5499 1895 5528 ⁸⁷
1927 5499 2062 5553 Ibid.
2090 5502 2179 5556 213$.

2273 542 2510 596 εὐσεϐῶν
2559 542 2660 616 τῇς
2700 543 3029 614 Ἑκκλησίας
3057 543 3363 612 δογμάτων,
3395 543 3487 597 δύο
3518 541 3853 614 πρεσϐεύον-

2272 655 2361 699 τες
2389 637 2560 698 υἱοὺς,
2596 637 2688 690 καὶ
2726 637 3101 706 διατέμνοντες
3134 638 3224 690 τὸν
3259 637 3571 709 ἀμέριστον,
3631 638 3722 690 καὶ
3756 638 3856 689 ἀν-

2273 728 2687 799 θρωπολατρίας
2737 727 2986 796 ἔγκλημα
3039 728 3483 799 καταγράφοντες
3530 727 3761 798 ούρανοῦ
3786 744 3852 779 τε

2273 820 2368 872 καὶ
2399 822 2521 891 γῆς.
2553 822 2853 891 Προσκυνεϊ
2889 819 2997 890 γὰρ
3026 819 3143 889 μεθ’
3169 821 3200 888 ἠ
3212 819 3325 887 μῶν
3353 821 3386 889 ή
3418 818 3525 870 τῶν
3553 820 3665 873 ἄνω
3684 835 3854 870 πνευ-

2277 915 2459 982 μάτων
2493 914 2622 980 ἀγία
2675 913 2882 982 πληθὺς
2914 912 3002 964 τὸν
3053 911 3146 964 ἕνα
3195 912 3396 981 Κύριον
3442 909 3650 978 Ἰησοῦν
3707 911 3854 982 Χρι-

2275 1002 2418 1057 στόν.
2465 1005 2636 1074 ’Υπὲρ
2683 1004 2738 1056 δὲ
2789 1003 2882 1057 τοῦ
2920 1003 2994 1073 μὴ
3046 1001 3356 1069 ἀγνοεῖσθαι
3401 1001 3552 1071 παρά
3588 1017 3700 1053 τισι
3752 999 3855 1052 τοῦ

2274 1091 2551 1161 Συμϐόλου
2577 1093 2674 1162 τὴν
2706 1091 2956 1162 δύναμιν,
2988 1091 3014 1144 ὃ
3042 1094 3133 1143 καὶ
3167 1093 3223 1143 ἐν
3249 1091 3486 1153 ἁπάσαις
3516 1093 3634 1153 ταῖς
3665 1091 3856 1157 ἀγίαις

2274 1183 2367 1237 τοῦ
2397 1184 2530 1236 Θεοῦ
2583 1186 2930 1255 Ἐκκλησίαις
2970 1184 3064 1237 καὶ
3109 1186 3323 1253 κρατεῖ,
3360 1183 3452 1236 καὶ
3483 1183 3854 1251 κεκήρυκται.

2275 1275 2532 1339 Πατέρων
2561 1277 2730 1343 ἁγίων
2759 1277 2936 1343 δόξας,
2971 1271 3135 1344 ἤγουν
3167 1275 3433 1339 ἐκθέσεις,
3476 1273 3700 1339 ὲνέταξα
3739 1276 3858 1335 τοίς

2273 1365 2460 1418 αὐτόθι
2492 1368 2901 1437 πεπραγμένοις
2936 1367 3347 1437 ὑπομνήμασιν·
3381 1365 3446 1418 ἵν’
3481 1365 3672 1418 είδεῐεν
3699 1365 3747 1417 οἱ
3773 1365 3859 1414 ἐν-

2273 1459 2631 1527 τυγχάνοντες
2678 1460 2890 1522 αὑταῖς,
2923 1461 3044 1512 τίνα
3085 1460 3351 1530 προσήκει
3383 1457 3620 1511 νοεῖσθαι
3650 1458 3857 1525 τρόπον

2272 1550 2381 1603 τῶν
2413 1551 2582 1617 ἁγίων
2610 1550 2866 1621 Πατέρων
2897 1552 2993 1621 τὴν
3023 1551 3256 1616 ἔκθεσιν,
3289 1553 3410 1622 ἦτοι
3456 1551 3518 1602 τὸ
3550 1550 3858 1620 ἀκραιφνὲς

2275 1642 2371 1711 τῆς
2399 1641 2568 1713 ὀρθῆς
2598 1643 2834 1703 πίστεως
2875 1638 3168 1709 Σύμόολον.
3204 1640 3369 1712 Οἶμαι
3409 1643 3464 1695 δὲ
3497 1643 3595 1712 τὴν
3628 1641 3858 1710 ἀγάπην

2278 1734 2431 1804 ὑμῶν
2453 1735 2549 1787 καὶ
2578 1737 2823 1804 ἐντυχεῖν
2850 1734 2928 1804 τῷ
2960 1734 3173 1804 βιϐλίῳ⁹
3203 1733 3232 1787 ὃ
3279 1736 3406 1804 περὶ
3438 1735 3643 1787 τούτων
3670 1731 3860 1785 αὐτῶν

2281 1827 2763 1899 συγγεγράφαμεν.
2785 1827 2927 1881 Αὐτὸ
2965 1827 3020 1880 δὲ
3053 1829 3147 1880 καῒ
3189 1827 3302 1892 νῦν,
3344 1828 3418 1891 ὡς
3452 1826 3609 1895 ἔφην,
3637 1825 3731 1878 ἐπὶ
3762 1823 3860 1876 λέ-

2282 1918 2415 1982 ξεως
2452 1919 2621 1988 αὐτῆς
2658 1915 2928 1990 παραθεὶς
2963 1917 3023 1970 τὸ
3061 1915 3357 1988 Σύμϐολον,
3382 1915 3720 1986 τετράψομαι
3755 1914 3859 1966 σὺν

2279 2009 2400 2080 Θεῷ
2431 2009 2565 2079 πρός
2599 2025 2661 2075 γε
2689 2009 2751 2061 τὸ
2786 2008 2894 2061 δεῖν
2925 2007 3130 2060 ἕκαστα
3158 2006 3264 2060 τῶν
3297 2008 3354 2059 ὲν
3388 2005 3538 2074 αὐτῷ
3585 1991 3862 2075 κειμένων

2282 2100 2678 2172 διερμηνεῦσαι
2717 2101 2925 2169 σαφῶς.
2951 2099 3273 2169 Γεγραφότα
3323 2097 3425 2169 γὰρ
3455 2092 3570 2151 οἴδα
3599 2098 3689 2151 τὸν
3719 2115 3862 2149 πανο

2285 2196 2531 2266 ἀοίδιμον
2575 2194 2815 2265 ζΠέτρον·
2860 2213 2879 2245 ι
2931 2197 3177 2265 Ἐτοιμοι
3229 2195 3316 2248 ἀεὶ
3381 2192 3520 2263 πρὸς
3562 2190 3862 2260 ἀπολογίαν

2283 2289 2447 2342 παντὶ
2484 2288 2563 2358 τῷ
2593 2288 2834 2342 αἰτοῦντι
2875 2288 3021 2359 ὑμᾶς
3058 2287 3214 2355 λόγον
3266 2283 3396 2356 περὶ
3445 2284 3544 2354 τῆς
3609 2282 3666 2335 ὸν
3726 2281 3860 2352 ὑμῖν

2277 2379 2444 2446 οῠσης
2469 2378 2702 2440 ἐλπίδος.
2738 2397 2756 2428 ι
2944 2427 2952 2437 ,

2448 2471 2518 2525 Τὸ
2553 2471 2866 2539 Σύμϐολον
2892 2467 3013 2521 τῶν
3039 2468 3110 2521 ἐν
3135 2467 3352 2533 Νίκαίᾳ
3383 2464 3676 2532 Πατάρων.

2349 2587 2684 2657 Πιστεύομεν
2716 2588 2794 2648 είς
2827 2584 2925 2637 ἕνα
2960 2583 3113 2647 Θεὸν,
3161 2583 3383 2652 Πατέρα
3416 2580 3857 2650 παντοκράτορα,

2280 2683 2495 2736 πάντων
2525 2679 2738 2750 ὁρατῶν
2766 2695 2826 2731 τε
2856 2678 2947 2731 καὶ
2971 2675 3221 2746 ἀοράτων
3247 2676 3496 2745 ποιητήντ
3526 2672 3623 2726 καὶ
3652 2673 3732 2736 είς
3757 2671 3860 2726 ινα

2280 2775 2485 2846 Κύριον
2525 2771 2734 2842 Ἰησοῦν
2768 2769 3024 2840 Χριστὸν,
3069 2767 3160 2821 τὸν
3195 2766 3321 2819 Υίὸν
3349 2765 3442 2819 τοῦ
3472 2763 3630 2827 Θεοῦ,
3662 2780 3860 2833 γεννη-

2282 2867 2442 2921 θέντα
2471 2867 2534 2919 ὲκ
2560 2865 2654 2918 τοῦ
2685 2864 2899 2934 Πατρὸς
2925 2862 3018 2914 τὸν
3045 2859 3332 2930 μονογενῆ,
3359 2857 3640 2911 τουτέστιν
3665 2859 3728 2910 ὲκ
3755 2852 3861 2924 τῆς

2280 2958 2466 3020 οὐσίας
2500 2954 2702 3010 αὐτοῦ’
2742 2954 2878 3007 Θεὸν
2929 2953 2996 3006 εκ
3027 2950 3185 3013 Θεοῦ,
3237 2949 3354 3019 φῶς
3393 2951 3459 3002 ἑκ
3497 2947 3694 3018 φωτὸς,
3724 2946 3861 3001 Θεὸν

2284 3051 2538 3121 ἀληθινὸν
2567 3053 2631 3103 ὲκ
2682 3048 2819 3102 Θεοῦ
2858 3045 3113 3118 ἀληθινοῦ
3137 3062 3151 3074 ·
3197 3042 3546 3112 γεννηθέντα,
3601 3041 3663 3093 οὐ
3697 3057 3861 3112 ποιη-

2288 3144 2468 3198 θέντα·
2509 3141 2793 3214 ὀμοούσιον
2840 3139 2936 3211 τῷ.
2966 3137 3138 3208 Πατρί
3161 3154 3172 3166 ·
3231 3135 3298 3190 δι’
3341 3131 3401 3190 οῦ
3427 3133 3498 3188 τὰ
3536 3134 3714 3189 πάντα
3739 3127 3865 3202 ἐγέ-

2285 3252 2427 3301 νετο,
2461 3235 2530 3289 τά
2557 3251 2615 3288 τε
2642 3235 2700 3287 ὲν
2733 3231 2810 3304 τῷ
2855 3229 3091 3303 οὐρανῷ,
3122 3229 3218 3283 καὶ
3260 3229 3329 3283 τά
3362 3231 3421 3282 ὲν
3446 3229 3513 3299 τῇ
3543 3229 3635 3298 γῇ·
3671 3225 3761 3278 τὸν
3793 3224 3865 3279 δι’

2283 3330 2430 3399 ἡμᾶς
2453 3328 2574 3390 τοὺς
2612 3324 2953 3396 ἀνθρώπους,
2989 3325 3083 3378 καὶ
3121 3323 3212 3376 διά
3242 3321 3343 3394 τὴν
3376 3323 3652 3392 ἡμετέραν
3687 3335 3866 3390 σωτη-

2285 3422 2406 3492 ρίαν
2441 3419 2793 3482 κατελθόντα,
2832 3417 2927 3471 καὶ
2979 3415 3357 3489 σαρκωθέντα,
3391 3414 3484 3467 καὶ
3509 3411 3864 3484 ἑνανθρωπή-

2284 3530 2475 3578 σαντα,
2518 3512 2780 3572 παθόντα,
2840 3511 2935 3564 καὶ
2968 3508 3281 3564 ἀναστάντα
3322 3510 3391 3578 τῇ
3445 3507 3603 3578 τρίτῃ
3635 3505 3859 3575 ἠμέρα-

2283 3603 2570 3656 ἀνελθόντα
2617 3605 2696 3664 είς
2739 3600 3038 3672 οὐρανούς·
3093 3601 3388 3670 ἐρχόμενον
3427 3600 3608 3670 κρῖναι
3652 3596 3864 3660 ζῶντας

2283 3694 2376 3745 καὶ
2410 3693 2654 3762 νεκρούς·
2692 3691 2785 3744 καὶ
2818 3693 2898 3754 εἰς
2934 3689 2994 3743 τὸ
3044 3690 3267 3759 Πνεῦμα
3316 3687 3378 3741 τὸ
3434 3688 3606 3755 ᾶγιον.
3639 3685 3777 3747 Τοὺς
3806 3685 3866 3737 δὲ

2281 3787 2560 3854 λέγοντας,
2585 3787 2666 3838 ὅτι
2689 3781 2798 3837 Ἶιν
2823 3802 2976 3844 ποτε,
3007 3785 3098 3837 ὅτε
3121 3785 3217 3836 οὐκ
3246 3779 3343 3853 ἦν·
3386 3781 3481 3834 καὶ
3509 3782 3639 3850 πρὶν
3669 3795 3865 3848 γεννη-

2283 3880 2464 3950 θῆναι,
2495 3879 2594 3932 οὐκ
2623 3875 2719 3950 ἦν·
2769 3879 2864 3931 καὶ
2908 3879 2989 3932 ὃτι
3025 3875 3082 3941 ἐξ
3125 3877 3224 3928 οὐκ
3267 3875 3436 3928 όντων
3465 3873 3699 3941 ἐγένετο.
3734 3871 3767 3941 ἦ
3803 3870 3864 3935 ἐξ

2282 3973 2476 4043 ἑτέρας
2529 3972 2901 4034 ὑποστάσεως,
2955 3970 2987 4040 ἢ
3044 3968 3230 4032 οὐσίας
3276 3969 3584 4036 φάσκοντας
3627 3960 3788 4027 εἶναι,
3825 3963 3860 4034 ἢ

2283 4063 2535 4133 τρεπτὸν,
2575 4063 2608 4134 ἢ
2661 4063 2949 4117 ἀλλοιωτὸν
2981 4062 3072 4114 τὸν
3116 4061 3242 4114 Υίὸν
3293 4057 3386 4112 τοῦ
3440 4055 3599 4111 Θεοῦ.
3638 4055 3864 4118 τούτους

2284 4152 2670 4221 ἀναθεματίζει
2698 4155 2732 4222 ἡ
2760 4148 3092 4219 ἀποστολικὴ
3122 4149 3216 4200 καὶ
3245 4145 3509 4215 καθολικὴ
3541 4140 3861 4210 Ἐκκλησία.

2355 4245 2647 4298 Πιστεύειν
2683 4245 2892 4312 ἔφασαν
2926 4245 3005 4306 εἰς
3035 4243 3130 4296 ἕνα
3157 4241 3309 4306 Θεὸν,
3335 4241 3399 4292 ἐκ
3428 4237 3640 4308 βάθρων
3671 4235 3864 4303 ῶσπερ

2284 4337 2460 4390 αὐτῶν
2499 4337 2880 4398 κατασείοντες
2924 4337 3021 4397 τὰς
3050 4333 3316 4402 Ἐλλήνων
3354 4329 3539 4394 δόξας·
3589 4349 3606 4379 ι
3641 4327 3704 4380 Οἳ
3757 4327 3857 4394 φάο

2290 4445 2520 4490 σκοντες
2567 4423 2707 4481 εἶναι
2755 4427 2929 4495 σοφοὶ,
2962 4423 3380 4495 ἐμωράνθησαν,
3425 4421 3518 4474 καὶ
3563 4419 3866 4488 ἠλλάξαντο

2285 4519 2384 4592 τὴν
2419 4519 2576 4583 δόξαν
2607 4518 2701 4572 τοῦ
2742 4518 3021 4588 ἀφθάρτου
3061 4516 3196 4570 Θεοῦ
3234 4517 3290 4566 ὲν
3323 4513 3624 4584 ὁμοιώματι
3657 4509 3867 4573 εἰκόνος

2284 4612 2524 4683 φθαρτοῦ
2540 4609 2851 4680 ἀνθρώπου,
2872 4611 2964 4662 καὶ
2981 4607 3264 4671 πετεινῶν,
3282 4605 3376 4658 καὶ
3387 4602 3748 4671 τετραπόδων,
3768 4601 3867 4652 καὶ

2285 4703 2581 4775 ἑρπετῶν.)
2620 4701 3040 4772 Προσεκύνησαν
3065 4700 3122 4753 δὲ
3150 4701 3244 4752 καὶ
3276 4699 3340 4768 τῇ
3377 4697 3550 4749 κτίσει
3584 4692 3734 4763 παρά
3771 4691 3866 4744 τὸν

2283 4796 2566 4857 κτίσαντα,
2599 4798 2825 4857 καὶτοῖς
2845 4795 2936 4846 τοῦ
2967 4794 3174 4862 κόσμου
3206 4790 3488 4859 στοιχείοις
3515 4785 3867 4842 δεδουλεύκα-

2286 4905 2359 4953 σι,
2394 4888 2620 4951 πολλοὺς
2646 4890 2735 4939 καὶ
2757 4887 3162 4958 ἀναριθμήτους
3195 4885 3638 4954 ὑποτοπήσαντες
3666 4888 3692 4915 ιι
3722 4873 3866 4931 εἶναι

2283 4980 2408 5042 τοὺς
2439 4976 2611 5040 θεούς.
2637 4976 2848 5030 υύκοῦν
2884 4978 2962 5039 εἰς
2993 4976 3274 5044 ἀναίρεσιν
3301 4974 3399 5042 τῆς
3433 4970 3696 5025 πολυθέου
3723 4967 3866 5022 πλά-

2285 5089 2381 5139 νης
2421 5071 2516 5123 ἕνα
2558 5071 2689 5122 Θεὸν
2730 5069 3109 5140 ὀνομάζουσιν,
3145 5068 3404 5136 ἑπόμενοι
3445 5060 3723 5130 πανταχοῦ
3750 5061 3868 5124 τοῖς

2286 5163 2449 5231 ἱερεῖς
2484 5160 2802 5230 Γρὰμμασι,
2855 5160 2950 5212 καὶ
2994 5159 3093 5227 τῆς
3128 5157 3386 5227 ἀληθείας
3429 5154 3489 5206 τὸ
3532 5152 3725 5214 κάλλος
3753 5151 3870 5213 τοῖς

2285 5254 2386 5305 ἀνά
2425 5255 2604 5307 πᾶσαν
2650 5256 2747 5325 τὴν
2787 5254 2877 5321 ὑφ’
2923 5253 3074 5322 ἥλιον
3124 5247 3644 5321 κατασημαίνοντες.
3697 5241 3870 5296 Τοῦτο

2291 5347 2384 5398 καὶ
2415 5347 2442 5397 ό
2477 5350 2752 5414 πάνσοᾳος
2811 5346 2940 5415 ἕδρα
2987 5343 3245 5412 Μωῦτῆς,
3304 5341 3621 5408 σαφέστατα
3658 5335 3865 5403 λέγων’

1701 5658 1874 5713 Varia:
1904 5658 2164 5714 lectiones
2188 5658 2393 5714 codicis
2414 5659 2777 5730 Seguieriani.

683 5766 713 5796 ιδ
747 5762 1213 5828 ύποτυπώσαντες.

3893 2543 3966 2565 ας
3982 2550 4024 2564 -ιε
