4126 6314
242 351 336 406 ΞΠ

1652 354 1986 411 EPISTOLA
2023 357 2109 413 LV

3420 364 3525 418 233

251 491 268 520 ι
298 471 499 524 ’Δκσυε
541 470 804 541 Ἰσραήλ·
841 470 1048 543 Κύριος
1100 467 1130 521 6
1187 470 1318 533 θεός
1361 488 1456 523 σου
1501 472 1708 542 Κύριος
1753 469 1833 536 εἷς

1949 475 2111 530 simus
2145 474 2356 546 Moyses
2373 476 2523 539 fecit,
2566 493 2692 530 cum
2726 477 3070 547 apertissime
3089 477 3232 546 dixit.
3269 496 3280 530 :
3316 498 3332 530 ι
3359 478 3526 542 Audi,

248 560 382 615 ιστι.
422 580 441 614 ι
477 563 594 616 Καὶ
630 563 796 624 αὐτὰ
844 563 902 615 δέ
937 561 1041 615 πού
1076 579 1239 633 φησιν
1266 563 1295 614 6
1323 562 1430 615 τῶν
1458 562 1594 615 ὅλων
1624 579 1834 631 γενεσι-

248 654 442 725 ουργδς
467 654 567 706 καὶ
589 655 904 724 Δεσπότης’
941 674 957 705 ι
991 655 1106 707 Οὐκ
1139 653 1353 707 ἔσονταί
1396 671 1476 706 σοι
1515 655 1627 707 θεοὶ
1657 656 1835 725 ἕτεροι

250 745 390 816 πλὴν
437 744 600 815 ἐμοῦ.
650 763 670 796 ι
710 747 822 799 Καὶ
863 745 969 816 μὴν
1019 747 1111 798 καὶ
1151 746 1242 799 διὰ
1279 747 1465 816 φωνῆς
1506 749 1612 800 τῶν
1665 749 1835 814 ἁγίων

249 837 576 908 προφητῶν·
619 857 638 888 ι
682 838 824 904 Ἐγὼ
862 836 1067 908 Κύριος
1115 837 1352 908 πρῶτος,
1409 840 1504 890 καὶ
1551 838 1662 906 ἐγὼ
1700 841 1836 908 μετὰ

246 928 443 995 ταῦτα,
475 933 573 982 καὶ
603 930 706 982 ούκ
747 930 862 981 ἐστι
897 929 1074 999 πάρεξ
1107 928 1264 998 ἐμοῦ.
1313 947 1331 980 ι
1386 930 1619 1000 "Aptata
1651 930 1714 1001 δὴ
1744 925 1836 984 οὖν

245 1025 294 1075 οὶ
328 1023 679 1094 πανεύφημοι
709 1021 953 1092 Πατέρες
980 1023 1222 1099 κρηπῖδα
1252 1024 1320 1092 τῇ
1348 1023 1527 1076 πίστει
1561 1023 1836 1076 καταϐαλ-

245 1116 467 1186 λόμενοι
501 1116 562 1168 τὺ
608 1114 806 1184 χρῆναι
849 1118 1066 1183 φρονεῖν
1119 1115 1214 1169 καὶ
1252 1113 1452 1182 λέγειν,
1499 1115 1576 1177 ὡς
1627 1109 1704 1177 εἷς
1745 1115 1837 1168 καὶ

248 1208 411 1280 μόνος
440 1208 559 1261 ἐστὶ
594 1207 780 1274 φύσει,
808 1207 904 1259 καὶ
937 1205 1166 1276 ἀληθείᾳ
1198 1205 1349 1270 Θεὸς,
1382 1205 1664 1259 πιστεύειν
1700 1206 1836 1275 ἐφα-

248 1317 348 1354 σαν
374 1304 457 1365 εἰς
483 1302 580 1352 ἕνα
612 1299 768 1354 Θεόν.
813 1299 1288 1371 Προσονομάζουσι
1321 1301 1378 1353 δὲ
1409 1299 1570 1353 αὑτὸν
1601 1302 1696 1354 καὶ
1729 1301 1838 1353 Παι

245 1395 385 1464 τέρα
433 1393 872 1463 παντοκράτορα,
924 1394 1012 1446 ἵνα
1061 1394 1482 1464 συνεισφέρηται
1535 1394 1612 1465 τῷ
1662 1393 1838 1466 Πατρὶ

244 1486 483 1556 δήλωσις
520 1483 674 1545 Υἰοῦ,
712 1484 777 1536 δι’
819 1485 880 1536 ὃν
919 1485 1036 1536 ἐστι
1085 1485 1298 1555 Πατὴρ,
1329 1485 1743 1552 συνυιρεστῶτός
1781 1502 1838 1537 τε

247 1581 346 1632 καὶ
377 1579 818 1646 συνυπάρχοντος
868 1576 974 1628 ἀεί.
1022 1576 1157 1629 Οὐδὲ
1190 1578 1298 1647 γὰρ
1324 1579 1546 1645 γέγονεν
1575 1580 1632 1629 ἐν
1660 1577 1839 1646 χρόνῳ

246 1671 464 1742 Πατὴρ,
495 1670 610 1725 ἀλλ’
642 1667 712 1741 ἦν
755 1671 784 1722 ὃ
822 1671 969 1722 ἐστιν
1001 1670 1108 1731 ἀεὶ,
1144 1671 1390 1722 τουτέστι
1427 1669 1640 1739 Πατὴρ,
1703 1688 1840 1721 παν-

244 1767 341 1829 τὸς
374 1766 638 1836 ὑπάρχων
669 1764 930 1817 ἐπέκεινα
960 1761 1243 1833 γεννητοῦ,
1288 1764 1382 1815 καὶ
1421 1765 1477 1814 ἐν
1513 1762 1837 1832 ύπερτάτοις

245 1862 528 1932 ὑψώμασι.
578 1861 652 1912 Τὸ
688 1859 800 1931 γάρ
845 1876 929 1911 τοι
988 1862 1211 1929 κρατεῖν
1266 1859 1361 1910 καὶ
1405 1857 1681 1928 κυριεύειν
1728 1857 1838 1908 τῶν

246 1951 408 2012 ὅλων,
431 1950 691 2020 λαμπρὰν
722 1950 888 2012 οὕτω,
921 1949 1013 2002 καὶ
1056 1948 1446 2019 ἀπαράὁλητον
1491 1947 1638 2016 αὐτῷ
1666 1963 1838 2015 προσ-

247 2042 406 2112 νέμει
453 2042 552 2112 τὴν
585 2041 763 2104 δόξαν.
822 2042 959 2110 Παρ¹
991 2038 1154 2093 αὑτοῦ
1193 2040 1250 2092 δέ
1277 2057 1409 2108 φασι
1439 2039 1842 2108 δεδημιουργῆ-

248 2133 378 2186 σθαι
406 2134 476 2187 τὰ
504 2134 704 2192 πάντα,
732 2133 800 2185 τά
852 2149 909 2183 τε
961 2135 1018 2184 ὲν
1059 2134 1171 2194 τοῖς
1215 2133 1466 2202 οὐρανοῖς
1511 2133 1606 2184 καὶ
1651 2132 1716 2183 τὰ
1750 2131 1840 2182 ἐπὶ

246 2227 351 2296 τῆς
400 2227 540 2296 γῆςο
579 2226 666 2278 ἵνα
718 2225 998 2278 κάνταῦθα
1045 2223 1108 2277 τὸ
1154 2225 1441 2294 ἁσυμφυὲς
1481 2224 1645 2277 αὑτοῦ
1706 2225 1842 2294 πρὸς

249 2321 434 2374 πᾶσαν
487 2317 669 2371 κτίσιν
719 2317 914 2369 νοοῖτο.
952 2317 1307 2387 ’Δσύγκριτος
1359 2320 1469 2386 γὰρ
1520 2318 1554 2386 ἡ
1609 2316 1843 2386 διαφορὰ

248 2411 478 2480 ποιητοῦ
508 2410 604 2462 καὶ
632 2409 961 2478 ποιήματος,
1007 2409 1274 2479 ἀγενήτου
1303 2410 1397 2462 καὶ
1428 2408 1714 2478 γεννητοῦ,
1743 2409 1843 2477 φύ-

252 2501 392 2565 σεώς
420 2517 481 2554 τε
509 2500 608 2569 τῆς
640 2498 747 2552 ὑπὸ
803 2499 946 2566 ζυγὰ
996 2501 1093 2552 καὶ
1142 2499 1410 2563 δουλείας,
1444 2501 1539 2553 καὶ
1593 2501 1691 2571 τῆς
1733 2505 1842 2564 τοῖς

245 2595 592 2656 δεσποτικοῖς
637 2590 948 2660 ἀξιώμασιν
999 2591 1434 2663 ὲξωραῖσμὲνης,
1469 2592 1749 2664 Θεοποεπῆ
1784 2611 1841 2646 τε

247 2685 347 2737 καὶ
375 2683 754 2754 ύπερκόσμιον
785 2683 1059 2754 λαχούσης
1092 2685 1192 2754 τὴν
1221 2683 1401 2746 δόξαν.

321 2892 452 2946 Υἰοῦ
488 2909 552 2960 γε
597 2890 703 2961 μὴν
735 2889 1329 2960 διαμνημονεύσαντες,
1385 2892 1473 2942 ἵνα
1526 2889 1599 2961 μὴ
1637 2889 1844 2942 δοκοῖεν

245 2986 419 3057 δνομα
463 2986 644 3038 κοινὸν
697 2981 1031 3055 προσνέμειν
1079 2983 1250 3053 αύτῷ,
1279 2985 1417 3053 ὅπερ
1460 2982 1526 3035 ἂν
1561 2984 1688 3046 ἴσως
1719 2984 1846 3035 τάτ-

246 3095 396 3130 τοιτο
425 3078 520 3130 καὶ
547 3076 632 3144 ἐφ’
667 3074 828 3145 ἡμῶν
858 3074 1037 3127 αὐτῶν
1069 3075 1408 3145 (κεκλήμεθα
1439 3074 1548 3144 γὰρ
1570 3077 1663 3127 καὶ
1686 3076 1845 3145 ἡμεῖς

1939 569 2102 624 lsracl
2139 586 2153 621 :
2183 569 2448 623 Dominus
2485 570 2632 624 Deus
2656 582 2804 634 tuus,
2829 571 3097 625 Dominus
3126 586 3271 625 unus
3302 579 3387 627 est
3402 569 3474 631 ".
3507 593 3524 623 ι

1938 660 2005 714 Et
2035 659 2180 713 idem
2205 665 2322 729 ipse
2363 659 2607 730 profecto
2628 660 2876 715 omnium
2907 661 3213 715 nativitatis
3246 671 3444 716 auctor
3468 675 3533 715 ac

1937 753 2203 806 Dominus
2224 754 2436 822 inquit:
2479 754 2639 824 178
2665 773 2683 804 ι
2712 753 2830 808 Non
2852 764 3017 808 erunt
3040 753 3138 808 tibi
3161 754 3238 806 dii
3267 753 3362 807 alii
3399 767 3530 824 prte-

1939 856 2023 900 ter
2049 860 2134 899 me
2155 847 2219 897 δ’.
2234 865 2250 896 ι
2278 846 2548 900 Praeterea
2565 853 2620 899 et
2637 861 2734 914 per
2750 861 2942 900 vocem
2959 853 3276 900 sanctorum
3295 843 3534 915 prophe-

1939 948 2119 992 tarum
2147 957 2159 990 :
2204 958 2221 989 c
2253 939 2365 1009 Ego
2387 939 2652 992 Dominus
2676 939 2907 1008 primus,
2943 947 2999 993 et
3031 953 3133 1008 ego
3172 937 3436 1008 posthac;
3479 946 3534 992 et

1939 1047 2050 1086 non
2087 1041 2172 1085 est
2211 1042 2366 1086 extra
2422 1047 2507 1086 me
2525 1033 2592 1083 ⁸ο.
2634 1052 2651 1082 ι
2690 1031 2910 1101 Optime
2958 1032 3128 1101 igitur
3177 1029 3530 1085 celeberrimi

1941 1123 2150 1184 Patres,
2176 1136 2300 1176 cum
2333 1121 2459 1177 fidei
2481 1121 2902 1176 fundamentum
2927 1121 3032 1174 hoc
3057 1120 3236 1188 ipsum
3260 1121 3531 1190 jacerent.

1941 1231 2139 1284 nempe
2159 1215 2510 1269 sentiendum
2527 1224 2583 1269 et
2606 1213 2967 1269 asserendum
2991 1229 3112 1267 esse
3136 1213 3284 1282 quod
3315 1227 3458 1267 unus
3480 1224 3536 1266 et

1941 1309 2090 1363 salus
2112 1309 2183 1362 sit
2211 1317 2406 1363 natura
2436 1324 2675 1378 vereque
2708 1308 2873 1372 Deus,
2905 1307 3166 1361 dixerunt
3204 1305 3433 1361 credere
3477 1320 3535 1360 se

1942 1401 1999 1454 in
2039 1417 2208 1456 unum
2259 1402 2451 1456 Deum.
2486 1401 2754 1456 Eumdem
2791 1409 2847 1454 et
2889 1400 3387 1470 agnominaverunt
3429 1399 3534 1452 Pa-

1942 1503 2081 1548 trem
2118 1495 2572 1563 omnipotentem,
2605 1505 2665 1548 ut
2691 1509 2815 1548 cum
2845 1493 3004 1549 Patre
3030 1492 3195 1546 simul
3218 1492 3386 1546 etiam
3413 1490 3537 1543 Filii

1943 1586 2270 1656 significatio
2320 1585 2641 1648 inferretur,
2698 1586 2769 1639 ob
2808 1600 2971 1655 quem
3012 1593 3098 1638 est
3143 1584 3328 1648 Pater,
3372 1583 3538 1636 simul

1942 1678 2294 1733 subsistentis
2321 1688 2376 1733 et
2398 1693 2616 1748 semper
2637 1678 3040 1733 coexsistentis.
3069 1677 3259 1746 Neque
3289 1676 3439 1730 enim
3485 1674 3538 1728 in

1945 1779 2191 1840 tempore
2225 1769 2403 1826 factus
2428 1780 2511 1825 est
2542 1772 2724 1834 Pater,
2749 1771 2847 1825 sed
2879 1770 3025 1839 quod
3051 1779 3136 1824 est
3168 1782 3386 1838 semper
3411 1767 3536 1828 fuit,

1942 1863 2047 1917 hoc
2067 1873 2150 1917 est
2176 1864 2356 1929 Pater,
2378 1864 2524 1918 ultra
2545 1879 2708 1918 omne
2730 1864 3003 1917 exsistens
3022 1863 3169 1932 quod
3199 1863 3406 1916 factum
3431 1870 3538 1921 est,

1942 1968 1996 2012 et
2040 1973 2254 2011 sununa
2293 1957 2622 2012 celsitudine
2666 1955 2941 2010 sublimis.
2969 1955 3102 2008 Nam
3126 1969 3248 2007 esse
3290 1952 3541 2006 omnium

1941 2063 2221 2121 potentem
2245 2068 2306 2105 ac
2324 2049 2638 2112 Dominum,
2669 2049 2941 2102 illustrem
2963 2047 3101 2100 adeo
3122 2055 3177 2100 et
3201 2046 3545 2115 incompara-

1942 2146 2108 2198 luilem
2139 2145 2187 2198 ei
2227 2145 2321 2197 dat
2359 2143 2610 2213 gloriam.
2659 2141 2743 2196 Ab
2772 2141 2890 2210 ipso
2936 2151 3120 2194 autem
3158 2141 3381 2195 condita
3420 2155 3544 2194 esse.

1942 2239 2134 2291 dicunt
2158 2237 2339 2290 omnia
2366 2251 2486 2304 quzc
2513 2235 2567 2288 in
2601 2235 2776 2298 coelis,
2807 2244 2861 2288 et
2887 2250 3009 2303 qua:
3044 2234 3098 2286 in
3119 2233 3303 2295 terris,
3330 2242 3390 2286 ut
3417 2233 3546 2286 hinc

1942 2345 2163 2400 quoque
2187 2329 2392 2382 nullam
2413 2328 2462 2380 ei
2484 2344 2607 2380 cum
2631 2327 2815 2396 aliqua
2838 2335 3091 2380 creatura
3117 2335 3330 2379 natura:
3346 2339 3548 2394 cogna-

1944 2423 2149 2475 tionem
2186 2436 2304 2475 esse.
2345 2427 2729 2490 cognoscatur.
2777 2417 3214 2488 lncomparabile
3257 2417 3403 2472 enim
3437 2417 3547 2471 dis-

1945 2514 2151 2568 crimen
2204 2521 2287 2566 est
2323 2512 2546 2565 factoris
2585 2521 2641 2565 et
2681 2510 2926 2569 facturae,
2975 2509 3202 2579 ingeniti
3257 2517 3313 2562 et
3353 2507 3543 2578 geniti,

1945 2617 2266 2676 natumque
2303 2605 2407 2659 sub
2443 2607 2572 2674 jugo
2624 2618 2688 2657 ae
2713 2602 2982 2656 servitute
3029 2603 3247 2671 positae,
3297 2610 3354 2656 et
3397 2602 3547 2654 ἰΗΞιις

1945 2715 2066 2769 quae
2109 2698 2341 2751 dominii
2366 2697 2633 2767 dignitate
2656 2694 2972 2756 decoratur,
3009 2702 3064 2747 ct
3088 2692 3330 2746 divinam
3363 2693 3548 2745 eruni—

1945 2795 2054 2861 que
2097 2790 2303 2844 mando
2333 2789 2695 2842 excelsiorem
2729 2786 2961 2855 gloriam
2990 2786 3187 2840 sortita
3227 2791 3332 2839 est.

2018 2883 2190 2936 Porro
2215 2896 2339 2934 cum
2373 2879 2496 2932 Filii
2527 2879 2866 2932 mentionem
2891 2879 3175 2937 fecissent.
3208 2893 3278 2932 ne
3295 2877 3555 2932 rideren-

1951 2987 2039 3029 tur
2065 2989 2264 3028 nomen
2289 2988 2581 3027 commune
2607 2971 2710 3041 ipsi
2745 2971 3052 3024 attribuere
3078 3011 3091 3033 ,
3126 2968 3272 3039 quod
3310 2968 3450 3023 forte
3499 2981 3556 3023 et

1949 3067 2111 3121 nobis
2149 3081 2370 3135 quoque
2406 3063 2810 3119 accommodari
2840 3070 3022 3132 posset
3054 3061 3252 3131 (vocati
3281 3063 3430 3116 enim
3463 3078 3557 3116 5n-

245 3172 405 3240 υἱοὶ),
443 3170 840 3239 νουνεχεστατα
895 3170 1309 3239 προσεπὰγουσι
1355 3169 1422 3220 τὰ
1475 3168 1541 3220 δι’
1597 3163 1670 3220 ὧν
1699 3167 1844 3219 ἔστιν

1953 3175 2075 3214 mus
2103 3171 2157 3213 et
2181 3175 2284 3212 nos
2316 3158 2410 3211 lilii
2434 3159 2525 3222 ⁵⁸),
2567 3156 2998 3226 prudentissime
3036 3154 3304 3224 adjiciunt
3338 3170 3403 3208 ca
3454 3169 3508 3224 [ιι
3533 3174 3556 3208 ι·

253 3261 388 3313 ἰδεῖν
412 3260 512 3330 τῆς
541 3260 772 3330 ἐνούσης
794 3258 944 3328 αύτῷ
966 3259 1324 3328 φαιδρότητος
1355 3259 1593 3328 φυσικῆς
1623 3259 1683 3312 τὸ
1711 3260 1849 3328 ὑπὲρ

252 3353 434 3407 κτίσιν
469 3352 712 3421 ἀξίωμα.
742 3350 1110 3420 Γεγεννῆσθαι
1135 3351 1268 3421 γὰρ.
1298 3352 1390 3403 καὶ
1423 3352 1484 3403 ού
1518 3349 1851 3419 πεποιῆσθαί

251 3462 442 3515 φασιν,
482 3443 825 3496 ἀσύντακτον
882 3444 978 3512 μὲν
1025 3443 1305 3510 ούσιωδῶς
1351 3445 1415 3514 τῇ
1472 3443 1648 3495 κτίσει
1674 3442 1765 3494 διὰ
1792 3443 1852 3496 τὸ

255 3543 334 3609 μὴ
365 3535 703 3606 πεποιῆσθαι
744 3534 993 3598 νοοῦντες
1028 3536 1212 3599 αὑτὸν,
1264 3535 1492 3603 ἐκφῦναι
1543 3535 1599 3588 δὲ
1653 3537 1851 3604 μᾶλλον

250 3627 722 3697 διισχυριζόμενοι
773 3625 872 3696 τῆς
927 3626 1115 3689 ούσίας
1161 3625 1255 3678 τοῦ
1307 3626 1442 3679 θεοῦ
1491 3627 1587 3679 καὶ
1637 3626 1851 3697 Πατρός

251 3719 505 3788 ἁχρόνως
533 3734 594 3770 τε
637 3717 732 3771 καὶ
768 3717 1168 3786 ἁπερινοήτως’
1205 3737 1222 3768 ι
1251 3712 1359 3769 Ἦν
1387 3717 1498 3786 γὰρ
1531 3720 1559 3770 6
1588 3719 1762 3786 Λόγος
1796 3722 1852 3772 ἐν

252 3812 425 3880 ἀρχῇ.
463 3829 480 3862 ι
523 3806 660 3863 Εἶτα
690 3811 788 3878 τῆς
811 3809 996 3872 ὠδῖνος
1022 3808 1081 3862 τὸ
1107 3809 1332 3878 γνήσιον
1379 3808 1767 3879 (ἀνθρωπίνως
1793 3811 1850 3864 δὲ

253 3901 533 3973 καὶτοῦτο
558 3901 820 3973 εἰρήσθω,
851 3901 940 3956 διὰ
971 3901 1032 3954 τὸ
1061 3901 1355 3972 χρήσιμον)
1408 3896 1467 3954 εὖ
1506 3900 1653 3973 μάλα
1682 3919 1853 3955 κατα-

255 3995 639 4066 σημαὶνοντες,
675 3993 809 4047 Θεὸν
844 3994 1055 4062 ἔφασαν
1092 3995 1156 4047 ἐκ
1186 3993 1321 4046 Θεοῦ
1358 3993 1728 4064 γεγεννῆσθαι
1762 3994 1852 4047 τὸν

253 4085 407 4140 Υἱόν.
445 4084 616 4138 Ἔνθα
668 4086 778 4154 γὰρ
817 4084 954 4147 ὅλως
1008 4087 1268 4154 γέννησις
1318 4083 1545 4154 ἀληθὴς,
1595 4086 1713 4136 ἐκεῖ
1748 4101 1850 4136 που

253 4179 479 4241 πάντως
526 4177 714 4230 ἕποιτο
748 4175 812 4228 ἂν
857 4176 917 4228 τὸ
966 4177 1168 4248 χρῆναι
1201 4179 1342 4230 νοεῖν
1385 4179 1481 4231 καὶ
1535 4177 1718 4246 λέγειν
1751 4179 1852 4231 ούκ

255 4269 541 4341 ἀλλότριον
574 4267 676 4339 τῆς
718 4267 905 4331 οὐσίας
939 4268 1033 4321 τοῦ
1082 4269 1338 4333 τεκόντος
1385 4271 1446 4323 τὸ
1492 4271 1707 4341 τεχθὲν,
1734 4273 1850 4325 ἀλλ’

254 4363 391 4416 Bm
418 4361 615 4429 αὐτῆς,
668 4360 751 4413 ὅτι
787 4362 884 4414 καὶ
922 4360 983 4425 ἐξ
1015 4361 1187 4431 αὐτῆς
1226 4362 1368 4415 κατὰ
1409 4363 1501 4414 τὸν
1528 4364 1668 4434 αὐτῇ
1718 4363 1854 4434 πρέ-

253 4453 432 4507 ποντά
470 4469 530 4505 τε
570 4453 663 4506 καὶ
694 4453 909 4505 ἐοικότα
952 4450 1130 4520 λόγον.
1161 4453 1238 4505 Οὐ
1269 4452 1379 4522 γὰρ
1407 4454 1550 4506 κατὰ
1574 4453 1734 4525 σῶμα
1758 4454 1850 4507 τέ-

1953 3271 2074 3323 qum
2101 3253 2291 3308 videre
2339 3252 2467 3305 licet
2499 3250 2822 3320 dignitatem
2878 3249 3149 3302 naturalis
3201 3248 3389 3318 gloria:
3432 3263 3556 3318 quae

1955 3350 2010 3404 in
2036 3349 2153 3418 ipso
2176 3356 2280 3410 est,
2307 3361 2472 3415 supra
2497 3358 2716 3396 omnem
2735 3352 3069 3396 creaturam.
3095 3340 3354 3394 Genitum
3376 3340 3551 3400 enim.

1955 3451 2008 3494 ct
2046 3456 2153 3493 non
2183 3439 2386 3493 factum
2421 3451 2542 3490 esse
2576 3436 2769 3489 dicunt
2807 3453 2818 3486 :
2853 3434 2905 3486 in
2934 3449 3000 3486 eo
3029 3433 3175 3502 quod
3200 3449 3308 3486 non
3350 3444 3436 3487 est
3469 3432 3553 3486 fa-

1954 3543 2098 3594 ctus,
2160 3531 2550 3600 intelligentes,
2607 3543 2735 3581 cum
2786 3526 3090 3579 secundum
3145 3525 3443 3578 essentiam
3499 3526 3552 3579 in

1955 3633 2334 3678 creaturarum
2385 3620 2578 3675 ordine
2615 3619 2840 3672 minime
2866 3618 3099 3681 censeri,
3135 3617 3228 3671 sed
3275 3617 3554 3672 exstitisse

1957 3718 2108 3771 illum
2136 3715 2471 3768 afﬁrmantes
2504 3729 2567 3766 ex
2597 3713 2711 3782 ipsa
2736 3713 2832 3766 Dei
2861 3722 2915 3765 et
2945 3713 3121 3767 Patris
3147 3713 3406 3775 essentia,
3435 3713 3555 3766 sine

1958 3819 2224 3878 tempore,
2247 3817 2300 3862 et
2331 3806 3007 3877 incomprehensihiliter:
3044 3826 3060 3854 ι
3093 3806 3223 3859 Erat
3244 3806 3392 3858 enim
3421 3805 3556 3858 Ver-

1955 3901 2087 3955 hum
2145 3901 2200 3953 in
2249 3900 2604 3969 principio”.
2644 3919 2660 3950 ι
2695 3900 2891 3954 Postea
2947 3915 3099 3959 vero,
3148 3909 3209 3951 ut
3243 3896 3556 3952 naturalem

1955 4009 2076 4047 esse
2148 4002 2368 4062 partum
2405 3990 2802 4062 ‘signiﬁcanter
2857 3991 3235 4060 exprimerent
3294 3989 3554 4060 (dicatur

1954 4086 2102 4140 enim
2145 4085 2197 4138 id
2248 4100 2488 4153 quoque,
2529 4083 2658 4152 quia
2692 4083 3032 4151 sicoportet,
3078 4084 3318 4134 humano
3352 4080 3552 4150 more),

1958 4177 2137 4248 ipsum
2186 4176 2407 4238 Filium,
2459 4177 2630 4230 Deum
2661 4176 2918 4230 dixerunt
2959 4176 3027 4230 de
3056 4176 3166 4228 Deo
3207 4185 3418 4228 ιιειιιιιιι.
3447 4175 3550 4232 ΠΙίὶ

1955 4270 2102 4325 enim
2130 4269 2358 4325 omnino
2389 4283 2516 4323 rem
2548 4269 2826 4328 nativitas,
2877 4268 2988 4321 illic
3032 4265 3259 4321 omnino
3299 4269 3552 4338 sequitur

1956 4375 2016 4419 ut
2051 4363 2467 4434 intelligendum
2510 4373 2565 4415 et
2606 4361 2902 4415 dicendum
2954 4361 3046 4422 sit,
3079 4361 3130 4414 id
3180 4362 3357 4429 ipsum
3403 4361 3552 4431 quod

1955 4458 2204 4528 genitum
2237 4467 2358 4518 est,
2425 4455 2495 4508 ab
2527 4456 2646 4524 ejus
2704 4455 2798 4523 qui
2845 4455 3035 4525 genuit
3093 4454 3399 4508 substantia
3441 4471 3550 4508 non

252 4547 413 4613 ξεται
441 4544 504 4597 τὸ
541 4544 855 4615 ἀσώματον,
883 4543 1030 4599 οὕτω
1059 4545 1116 4599 δὲ
1141 4545 1362 4616 μᾶλλον,
1393 4546 1468 4609 ὼς
1501 4547 1617 4616 φῶς
1647 4549 1712 4602 ἐκ
1741 4566 1844 4618 φω-

1957 4564 2077 4603 esse
2111 4548 2374 4610 alienum,
2429 4547 2524 4601 sed
2563 4549 2683 4617 ejus
2710 4546 3017 4616 pmprium,
3067 4547 3195 4614 quia
3239 4554 3293 4599 et
3332 4562 3398 4600 ex
3436 4547 3550 4616 ipsa

250 4640 373 4701 τὸς,
397 4637 487 4692 ἵνα
531 4638 590 4690 ἐν
630 4636 708 4706 τῷ
738 4636 1162 4709 ἁπαστράψαντι
1211 4639 1352 4706 φωτὶ
1382 4640 1445 4692 τὸ
1492 4641 1851 4708 ἁπαυγασθὲν

252 4729 414 4784 ἐνθεν
442 4731 612 4782 νοοῖτο
643 4728 780 4797 φῶς,
817 4732 910 4782 καὶ
943 4729 1004 4792 ἐξ
1033 4729 1202 4781 αὑτοῦ
1235 4730 1380 4783 κατὰ
1427 4731 1648 4802 πρόοδον
1677 4734 1852 4804 amp-

318 4821 426 4891 ίτόν
452 4839 514 4874 τε
553 4823 650 4873 καὶ
696 4819 998 4892 ἄφραστον,
1050 4822 1144 4874 καὶ
1182 4824 1238 4874 ὲν
1279 4821 1428 4892 αύτῷ
1475 4821 1598 4876 καθ’
1631 4825 1848 4889 ἕνωσιν,

253 4917 356 4968 καὶ
380 4913 692 4982 ταυτότητα
743 4916 1003 4986 φυσικήν.
1051 4914 1209 4968 Οὕτω
1241 4916 1353 4986 γὰρ
1382 4913 1520 4970 εἶναι
1574 4936 1754 4990 φαμεν
1795 4920 1853 4972 ἐν

257 5008 362 5078 μὲν
387 5005 469 5077 τῷ
497 5007 674 5076 lla-cpi
705 5006 798 5058 τὸν
840 5005 991 5066 Υξὸν,
1019 5006 1079 5058 ἐν
1123 5007 1179 5059 δὲ
1209 5005 1287 5076 τῷ
1321 5007 1436 5078 Υἱῷ
1481 5007 1570 5059 τὸν
1603 5011 1846 5080 Πατέρα.

267 5099 612 5171 Ὑπογράφει
651 5099 758 5172 γὰρ
796 5101 827 5152 6
877 5099 1006 5163 Υἱὸς
1052 5102 1110 5152 ἐν
1148 5099 1255 5170 ἰδία
1297 5101 1457 5169 φύσει
1490 5119 1550 5155 τε
1599 5104 1692 5156 καὶ
1721 5103 1848 5175 δόξῃ

251 5197 350 5246 τὸν
366 5192 564 5247 ἑαυτοῦ
594 5193 922 5263 Γεννήτορα.
954 5195 1062 5246 Καὶ
1088 5194 1221 5262 γοῦν
1242 5195 1341 5266 ἔφη
1372 5195 1558 5262 σαφῶς
1589 5197 1726 5266 πρὸς
1753 5198 1849 5250 ἕνα

248 5287 365 5340 τῶν
393 5286 566 5353 ἁγίων
604 5286 860 5356 μαθητῶν
909 5286 1198 5355 (Φίλιππος
1254 5287 1310 5340 δὲ
1362 5283 1516 5349 οὗτος
1543 5282 1631 5358 ἦν)
1661 5305 1673 5318 ο
1715 5310 1732 5341 ι
1773 5291 1847 5343 Οὐ

250 5381 557 5444 πιστεύεις,
591 5380 672 5433 δτι
708 5379 820 5446 ἐγὼ
853 5382 911 5432 ἐν
965 5380 1043 5448 τῷ
1077 5381 1276 5450 Πατρὶ,
1328 5382 1422 5432 καὶ
1478 5383 1505 5433 6
1557 5381 1744 5452 Πατὴρ
1792 5384 1850 5434 ὲν

249 5473 381 5542 ἐμοί
412 5473 596 5537 ὲστινς
647 5473 704 5525 '0
749 5471 1017 5541 ἑωρακὼς
1049 5474 1170 5543 ἐμὲ,
1222 5471 1437 5543 ἑώρακε
1476 5473 1567 5526 τὸν
1602 5475 1845 5545 Πατέρα.

263 5562 413 5633 Ἐγὼ
444 5562 538 5615 καὶ
563 5564 592 5615 6
627 5562 815 5632 Πατὴρ
844 5562 901 5614 ἓν
937 5565 1124 5632 ἐσμεν.
1158 5583 1176 5614 ι
1230 5564 1442 5616 Ούκοῦν
1491 5564 1775 5634 ὁμοούσιος
1821 5569 1848 5619 6

249 5656 386 5719 Υῐος
407 5655 490 5726 τῷ
542 5655 737 5725 Πατρὲ.
779 5655 968 5729 Ταύτῃ
1021 5673 1123 5719 τοι,
1159 5659 1254 5712 καὶ
1307 5659 1443 5722 Θεὸς
1494 5659 1747 5729 ἀληθινὸς
1781 5664 1843 5713 ὲκ

339 5833 386 5866 ⁸⁸
417 5833 561 5888 Deut
610 5849 682 5895 ιἰ,
707 5832 762 5886 4.
842 5834 886 5864 δ’
912 5833 1087 5888 Exod.
1125 5852 1210 5899 xx,
1238 5839 1291 5892 5.

496 5931 770 5992 ΡΑτιιοι..
819 5930 934 5993 Gn.
977 5930 1266 5994 LXXVII.

1362 5838 1407 5870 ⁵⁰
1442 5839 1540 5894 lsa.
1587 5856 1730 5906 xm‘,
1763 5844 1811 5893 (5.

709 6158 734 6166 ς-

1898 5843 1933 5868 "'
1966 5842 2140 5897 Galat.
2175 5859 2247 5906 ιι,
2284 5841 2335 5894 6.

1950 4652 2036 4695 est
2071 4641 2228 4711 juxta
2280 4641 2552 4694 rationem
2588 4639 2690 4709 ipsi
2736 4639 3156 4693 convenientem
3211 4648 3376 4708 atque
3417 4654 3552 4693 con-

1951 4742 2262 4804 gruentem.
2297 4733 2688 4802 lncorporcum
2711 4731 2859 4786 enim
2895 4746 3006 4785 non
3033 4732 3204 4801 gignit
3236 4740 3295 4785 ut
3323 4746 3548 4800 corpus.

1952 4827 2048 4882 sed
2074 4828 2246 4895 magis
2278 4827 2420 4880 sicut
2454 4827 2638 4880 lumen
2679 4842 2745 4880 cx
2774 4825 3014 4888 lumine;
3049 4833 3105 4877 ut
3141 4823 3194 4877 in
3226 4833 3552 4879 coruscante

1953 4920 2161 4974 lumine
2208 4919 2336 4974 inde
2383 4918 2744 4988 resplendens
2772 4917 2975 4970 lumen
2997 4915 3358 4986 intelligatur,
3385 4926 3440 4970 et
3485 4932 3553 4969 ex

1959 5013 2054 5067 illo
2087 5028 2208 5067 esse
2235 5011 2541 5066 secundum
2579 5010 2915 5065 ineffabilem
2951 5018 3006 5062 et
3036 5009 3374 5063 indicibilem
3421 5024 3551 5079 pro-

1957 5108 2286 5169 cessionem,
2316 5105 2444 5159 etin
2470 5107 2587 5174 ipso
2604 5105 2908 5158 secundum
2931 5103 3191 5156 unionem
3212 5113 3268 5156 et
3293 5103 3556 5158 identita-

1961 5212 2068 5255 tem
2089 5201 2419 5254 naturalem.
2445 5181 2606 5268 1’79
2624 5199 2712 5252 Sic
2736 5197 2882 5252 enim
2908 5212 3028 5251 esse
3058 5195 3294 5249 dicimus
3318 5196 3371 5249 in
3397 5196 3556 5250 Patre

1959 5293 2182 5361 quidem
2214 5293 2431 5355 Filium,
2465 5293 2518 5344 in
2560 5291 2698 5345 Filio
2721 5300 2902 5344 autem
2940 5292 3180 5344 Patrem.
3217 5285 3352 5342 Nam
3390 5288 3557 5341 Filius

1960 5385 2016 5438 in
2058 5387 2278 5456 propria
2319 5396 2513 5438 natura
2551 5394 2604 5438 et
2631 5385 2803 5453 gloria
2832 5384 3048 5438 Patrem
3074 5399 3235 5436 suum
3269 5381 3555 5435 describit

1960 5477 2195 5531 Proinde
2221 5487 2408 5546 aperte
2441 5477 2573 5530 dicit
2608 5476 2674 5529 ad
2703 5493 2871 5529 unum
2906 5484 3220 5530 sanctorum
3251 5473 3553 5544 discipulo-

1958 5583 2079 5621 rum
2117 5569 2428 5638 (Philippus
2463 5568 2505 5620 is
2536 5569 2675 5638 erat)
2717 5586 2773 5619 τι
2815 5568 2933 5620 Non
2970 5566 3153 5620 credis
3187 5565 3332 5634 quod
3357 5581 3460 5634 ego
3502 5567 3557 5621 in

1956 5663 2135 5724 Patre,
2163 5670 2217 5714 et
2245 5661 2408 5714 Pater
2434 5661 2490 5712 in
2520 5676 2605 5714 me
2638 5668 2722 5712 est
2741 5662 2762 5711 ζ’
2785 5659 2886 5724 Qui
2917 5658 3051 5711 vidit
3082 5673 3188 5722 me,
3216 5658 3354 5713 ιἰιίἱι
3377 5670 3430 5712 et
3455 5660 3558 5711 l‘a-

2416 5843 2460 5870 “
2499 5839 2657 5894 Joan.
2694 5856 2728 5903 ι,
2772 5839 2812 5889 l.

3075 5926 3145 5987 10
