4126 6314
634 402 740 457 ἳ99

1632 387 1705 441 ⁷8.
1746 381 2022 440 ογῐιιιιι
2061 373 2530 434 ALEXANDle
2567 370 2884 430 ARCHIEP.

3780 356 3892 415 $00

629 527 771 573 trem
791 515 855 569 ⁸⁸.
875 514 991 586 Ego
1008 520 1065 569 et
1086 514 1248 568 Pater
1260 512 1434 563 unum
1455 518 1646 559 sumus
1670 497 1737 553 ³⁸.
1763 500 1964 571 »ιεὶιιιι-
1984 493 2213 551 consub-

2324 490 2460 547 Θεοῦ
2493 490 2745 565 ἀληθινοῦ
2783 488 3141 559 γεγεννῆσθαι
3176 483 3507 538 πιστεύεται.
3557 480 3664 534 Καὶ
3690 477 3752 532 τὸ
3786 479 3891 547 μὲν

631 606 903 664 stantialis
930 613 1015 661 est
1037 603 1209 659 Filius
1236 597 1405 655 Patri.
1444 592 1680 651 Proinde
1695 590 1800 645 hac
1838 588 2051 643 ratione
2072 586 2217 640 Deus

630 718 797 758 verus
808 716 877 755 ex
892 701 1005 755 Deo
1019 712 1150 753 vero
1172 701 1335 749 natus
1345 704 1463 745 esse
1481 686 1744 743 creditur.
1769 676 2218 753 Etgenerationis

631 792 858 863 quidem
898 804 1099 845 nomen
1129 786 1294 839 etiam
1322 783 1375 836 in
1398 778 1669 835 creaturis
1704 776 1943 847 positum
1968 770 2245 826 invenie—-

631 857 775 947 unus,
794 882 945 951 juxta
968 878 1021 931 id
1032 874 1178 946 quod
1205 873 1271 927 de
1288 871 1376 925 his
1391 869 1486 938 qui
1499 877 1655 923 erant
1675 881 1743 920 ex
1767 862 2034 934 sanguine
2052 857 2215 915 Israel

631 990 662 1027 τι
688 949 1031 1027 Βεθθίοιιιηι
1061 974 1178 1020 est:
1214 982 1231 1013 ‹
1264 962 1432 1017 Filios
1458 958 1620 1031 genui
1646 953 2033 1012 etexaltavi”.
2064 970 2083 1002 ι
2112 949 2216 1005 Sed

631 1062 1051 1135 appellationem
1073 1058 1213 1111 hanc
1232 1054 1421 1125 gratiae
1438 1052 1558 1105 loco
1592 1056 1844 1103 creatura
1867 1046 2132 1100 lucratur.
2148 1040 2219 1096 At

630 1134 956 1212 denaturali
980 1151 1117 1205 Filio
1146 1147 1283 1201 nihil
1306 1145 1413 1199 tale
1430 1157 1526 1212 per
1544 1139 1867 1194 abusionem
1886 1134 2092 1190 dictum
2110 1142 2214 1194 est,

630 1248 726 1303 sed
745 1245 927 1301 omnia
943 1257 1098 1301 vera,
1126 1249 1181 1294 et
1212 1243 1436 1307 propter
1460 1234 1566 1287 hoc
1589 1231 1740 1285 solus
1760 1244 1826 1284 ex
1855 1224 2112 1281 omnibus
2130 1222 2216 1275 di-

630 1342 708 1394 cit
742 1357 753 1391 :
792 1356 810 1388 ι
848 1338 959 1406 Ego
976 1348 1098 1389 sum
1115 1331 1319 1386 veritas
1344 1330 1409 1380 ".
1435 1349 1451 1377 ι
1479 1324 1825 1393 Quapropter
1857 1320 1970 1393 sive
1987 1329 2215 1387 genera-

630 1434 859 1494 tionem,
875 1430 989 1485 sive
1004 1427 1323 1480 ﬁliationem
1336 1422 1403 1475 de
1417 1420 1535 1489 ipso
1550 1417 1675 1487 quis
1689 1415 1855 1477 dicat,
1872 1421 2215 1480 nequaquam

630 1523 953 1579 mentietur:
976 1521 1092 1589 ipse
1110 1517 1256 1571 enim
1271 1511 1590 1569 estveritas.
1610 1509 1797 1576 Itaque
1824 1503 2080 1559 muniunt
2100 1498 2219 1552 ani-

631 1631 748 1669 mas
761 1621 979 1667 nostras
1003 1605 1350 1664 celeberrimi
1370 1602 1450 1655 illi
1475 1599 1615 1655 sacri
1640 1597 1914 1656 doctores,
1929 1592 2145 1646 Patrem
2162 1595 2219 1641 et

632 1705 831 1758 Filium
847 1701 1052 1770 ubique
1068 1713 1131 1751 ac
1147 1693 1557 1766 generationem
1579 1686 1949 1746 nominantes,
1968 1681 2217 1736 et-Deum

633 1808 828 1849 verum
853 1807 920 1845 ex
966 1791 1076 1843 Deo
1105 1784 1575 1849 vero,lumenque
1600 1794 1667 1833 ex
1701 1777 1911 1831 lumine
1946 1771 2217 1827 eﬂulsisse

2318 584 2417 652 τῆς
2444 582 2750 653 γεννήσεως
2774 580 2945 650 ὄνομα
2975 577 3131 631 τεθὲν
3159 575 3484 644 εὑρήσομεν,
3529 571 3621 625 καὶ
3653 570 3745 623 ἐπὶ
3779 569 3895 623 τῶν

2320 674 2655 744 κτισμάτων,
2698 672 2840 725 κατά
2887 686 2974 738 γε,
3021 668 3187 738 φημὶ,
3218 665 3281 718 τό
3304 680 3315 691 ·
3352 682 3371 715 ι
3402 663 3565 725 Υἱοὺς
3603 660 3893 730 ἐγέννησα,

2320 767 2413 819 καὶ
2442 765 2652 835 ὕψωσα,
2696 782 2712 813 ι
2754 762 2885 832 περὶ
2927 760 3032 814 τῶν
3064 758 3123 823 ἐξ
3156 758 3387 827 αἳματος
3421 753 3640 824 Ἰσραὴλ
3667 749 3895 821 εἰρημέ-

2318 876 2423 912 νων
2459 858 2608 929 παρὰ
2635 855 2792 909 Θεοῦ.
2834 852 2972 907 Ἀλλ’
3001 854 3060 906 ὲν
3108 851 3329 921 χάριτος
3370 844 3522 911 τάξει
3550 843 3648 914 τὴν
3684 843 3895 897 τοιάνδε

2319 951 2510 1021 κλῆσιν
2534 946 2917 1018 ἁποκερδαίνει
2946 943 3006 996 τὸ
3035 942 3278 1012 ποιηθέν.
3296 940 3419 993 Ἐπὶ
3449 937 3504 990 δέ
3535 953 3599 1004 γε
3625 934 3720 990 τοῦ
3750 933 3897 988 κατὰ

2319 1043 2481 1112 φύσιν
2514 1040 2646 1096 Υίοῦ
2672 1035 3128 1108 καταχρηστικῶς
3166 1034 3264 1103 μὲν
3293 1031 3402 1085 τῶν
3427 1028 3686 1083 τοιούτων
3716 1025 3896 1087 οὐδὲν,

2317 1134 2491 1205 ἀληθῆ
2528 1134 2583 1187 δὲ
2624 1133 2820 1187 πάντα’
2858 1131 2950 1184 καὶ
2983 1128 3070 1181 διὰ
3116 1125 3275 1179 τοῦτο
3314 1123 3473 1194 μόνος
3522 1122 3586 1173 ἐκ
3648 1117 3894 1177 πάντων,

2323 1246 2341 1278 ι
2390 1224 2531 1293 Ἐγώ
2564 1226 2701 1294 είμι,
2739 1223 2924 1293 φησὶν,
2957 1222 2991 1290 ἡ
3034 1217 3280 1289 ἀλήθεια.
3320 1234 3339 1266 ι
3370 1215 3534 1267 Ὥστε
3574 1211 3679 1265 κᾶν
3702 1210 3899 1279 γέννη-

2320 1337 2424 1381 σιν,
2456 1316 2559 1369 κᾶν
2588 1316 2814 1384 υἱὸτητά
2838 1332 2924 1376 τις
2952 1314 3035 1366 ἐπ’
3057 1310 3205 1379 αὐτῷ
3222 1308 3379 1380 λέγῃ,
3402 1306 3595 1375 ψεῦδος
3620 1304 3896 1372 ποιήσειεν

2317 1410 2382 1463 ἂν
2426 1407 2709 1471 οὐδαμῶς·
2760 1406 2922 1469 αὐτὸς
2950 1403 3058 1473 γάρ
3085 1405 3230 1455 ἐστιν
3269 1401 3301 1469 ἠ
3354 1396 3600 1465 ἀλήθεια.
3646 1391 3899 1461 Ἀσφαλί-

2318 1501 2500 1567 ζονται
2547 1499 2726 1552 τοίνυν
2773 1498 2871 1560 τὰς
2918 1493 3192 1567 ἡμετέρας
3219 1491 3396 1560 ψυχὰς
3447 1488 3497 1541 οἱ
3546 1484 3898 1555 πανεύφημοι

2294 1580 2693 1663 ’μ’δσταγωγοὶ,
2727 1587 2944 1657 Πατέρα
2973 1586 3066 1639 καὶ
3099 1582 3225 1637 Υίδν
3254 1577 3553 1650 πανταχοῦ,
3585 1580 3679 1630 καὶ
3707 1577 3899 1645 γέννη-

2321 1701 2402 1736 σιν
2428 1682 2800 1753 ὀνομάζοντες,
2821 1679 2916 1732 καὶ
2932 1677 3062 1731 Θεὸν
3089 1672 3337 1747 ἀληθινὸν
3364 1674 3427 1724 ὲκ
3456 1668 3591 1723 Θεοῦ
3619 1666 3895 1738 ἀληθινοῦ,

2319 1777 2413 1829 καὶ
2438 1776 2551 1844 φῶς
2576 1777 2638 1827 ἐκ
2675 1772 2849 1844 φωτὸς
2880 1767 3236 1840 ἁπαστράψαι
3268 1765 3521 1833 λέγοντες
3542 1778 3553 1788 ·
3595 1762 3681 1815 ἵνα
3714 1762 3805 1815 καὶ
3831 1760 3899 1813 τὸ

632 1884 896 1943 dicentes,
918 1889 977 1933 ut
992 1880 1082 1932 illa
1100 1876 1377 1947 generatio
1398 1883 1452 1926 et
1476 1872 1799 1940 incorporea
1811 1868 1882 1921 sit
1902 1863 2213 1933 etsimplex.

2319 1870 2609 1937 ἀσώματον
2638 1868 2735 1920 καὶ
2762 1866 2824 1918 τὸ
2858 1863 3063 1919 ἁπλοῦν
3104 1864 3137 1931 ἡ
3174 1859 3425 1928 γέννησις
3464 1855 3583 1926 ἔχῃ,
3613 1855 3707 1907 καὶ
3743 1854 3802 1905 τὸ
3835 1852 3900 1917 ἐξ

631 1986 689 2030 et
725 1973 1003 2028 notionem
1030 1986 1098 2023 ex
1127 1970 1245 2037 ipso
1276 1964 1629 2036 procedentis
1658 1962 1782 2017 etin
1803 1960 1922 2029 ipso
1947 1956 2219 2011 manentis

624 2070 852 2131 habeat,
883 2076 937 2121 et
970 2074 1205 2133 uterque
1229 2062 1495 2115 exsistere
1530 2058 1586 2110 in
1619 2053 1839 2126 propria
1873 2065 2106 2122 persona
2131 2050 2217 2103 in-

631 2159 923 2229 telligatur.
954 2156 1113 2209 Pater
1153 2153 1299 2206 enim
1340 2157 1423 2203 est
1454 2148 1635 2211 Pater,
1677 2153 1733 2199 et
1776 2158 1886 2197 non
1921 2141 2119 2205 Filius;
2163 2146 2219 2193 et

622 2252 801 2305 Filius
831 2256 915 2303 est
947 2248 1037 2301 illc
1086 2254 1265 2307 natus,
1302 2251 1357 2297 et
1387 2256 1494 2294 non
1518 2240 1707 2303 Pater;
1736 2246 1792 2291 et
1822 2236 1879 2289 in
1930 2234 2216 2288 identitate

630 2352 838 2397 natura:
862 2339 1146 2410 proprium
1174 2344 1258 2389 est
1280 2334 1570 2401 utriusque
1595 2330 1650 2383 id
1685 2344 1806 2383 esse
1829 2326 1975 2396 quod
2001 2334 2085 2380 est

695 2434 1110 2488 Caeterum-cum
1142 2426 1387 2480 omnium
1415 2432 1524 2475 tam
1557 2419 1859 2473 visibilium
1880 2430 2045 2485 quam
2076 2413 2217 2467 invi-

632 2519 873 2573 sibilium
892 2516 1124 2570 Patrem
1153 2528 1274 2567 esse
1317 2512 1578 2564 factorem
1615 2504 2088 2575 pronuntiassent,
2117 2517 2216 2571 per
2244 2564 2249 2568 ,

616 2609 829 2662 Filium
854 2607 1039 2662 omnia
1087 2604 1228 2658 facta
1267 2618 1385 2657 esse
1417 2602 1635 2662 dicunt,
1676 2613 1787 2651 non
1831 2602 1892 2649 ut
1946 2592 2212 2648 minorem

630 2697 878 2768 gloriam,
917 2695 1075 2766 quasi
1102 2704 1307 2747 sortem
1340 2690 1631 2761 quamdam
1664 2688 1766 2758 ipsi
1797 2684 2213 2740 convenientem

635 2792 978 2851 tribuerent;
1009 2787 1235 2841 minime
1266 2784 1488 2853 quidem
1519 2800 1531 2835 :
1569 2780 1662 2834 ubi
1688 2780 1834 2834 enim
1860 2779 2085 2833 omnino
2112 2778 2213 2831 mi-

632 2898 757 2943 nus,
781 2883 865 2936 vel
886 2882 1052 2936 etiam
1080 2883 1254 2948 majus
1278 2879 1331 2931 in
1358 2877 1643 2931 identitate
1674 2872 1996 2928 substantia:
2035 2870 2211 2924 videri

630 2972 855 3041 potest?
880 2970 974 3023 sed
999 2967 1144 3037 quod
1188 2969 1300 3021 Deo
1329 2977 1384 3020 et
1427 2966 1575 3020 Patri
1613 2973 1811 3018 natura
1858 2963 1928 3016 sit
1962 2961 2207 3024 insitum,

631 3078 741 3117 non
794 3062 902 3116 alio
955 3059 1118 3113 modo
1145 3056 1351 3127 aliquid
1382 3054 1598 3125 operari
1651 3064 1711 3108 et
1754 3068 1952 3107 vocare
1989 3060 2065 3105 ut
2115 3052 2205 3113 sit,

630 3171 794 3225 quam
821 3169 920 3223 per
948 3152 1146 3206 Filium
1177 3151 1233 3203 in
1275 3149 1505 3218 Spiritu,
1542 3158 1799 3217 tanquam
1826 3161 1923 3215 per
1943 3146 2204 3199 virtutem

618 3260 695 3299 .ac
734 3242 1056 3314 sapientiam
1088 3256 1261 3296 suam.
1312 3240 1586 3309 Scriptum
1614 3248 1699 3293 est
1740 3238 1889 3291 enim
1920 3255 1932 3290 :
1978 3256 1995 3287 ι
2025 3236 2207 3292 Verbo
2236 3212 2280 3272 (ἶ

622 3331 846 3387 Domini
871 3331 992 3386 coeli
1028 3329 1226 3384 ﬁrmati
1259 3338 1405 3394 sunt,
1435 3340 1491 3383 et
1522 3329 1721 3399 spiritu
1742 3329 1857 3383 oris
1878 3329 1997 3399 ejus
2029 3326 2210 3381 omnis

619 3422 806 3476 Vll‘lllS
844 3435 1035 3474 eorum
1061 3421 1126 3473 ³⁷.
1168 3438 1183 3469 ι
1225 3419 1304 3473 Ad
1340 3420 1456 3473 haec
1502 3418 1941 3488 sapientissimus
1968 3417 2211 3473 Joannes

622 3528 754 3567 cum
784 3512 1046 3567 dixisset:
1086 3531 1101 3561 ι
1138 3511 1196 3565 In
1228 3511 1497 3581 principio
1532 3519 1653 3567 erat
1677 3511 1938 3574 Verbum,
1988 3520 2045 3564 et
2078 3510 2211 3563 Ver-

632 3605 763 3657 bum
785 3612 904 3657 erat
920 3603 1065 3672 apud
1089 3603 1283 3663 Deum,
1307 3612 1362 3655 et
1390 3603 1535 3656 Deus
1558 3611 1678 3655 erat
1697 3601 1940 3655 Verbum
1957 3600 2035 3666 ‘3;
2072 3621 2089 3651 ι
2109 3600 2208 3654 ad-

624 3698 760 3768 jecit
786 3695 1097 3751 necessario
1126 3713 1137 3747 :
1182 3714 1197 3744 ‹
1236 3696 1430 3749 ()nmia
1460 3711 1557 3765 per
1592 3694 1769 3764 ipsum
1812 3694 1951 3748 facta
1980 3704 2126 3755 sunt,
2154 3703 2209 3747 et

629 3790 749 3843 sine
787 3788 906 3859 ipso
930 3787 1130 3843 factum
1153 3797 1237 3841 cst
1259 3787 1394 3841 nihil
1416 3789 1481 3840 “9.
1509 3806 1526 3838 ι
2139 3804 2143 3807 ·

705 3882 864 3951 180
924 3881 1095 3951 Igitur
1144 3890 1429 3950 postquam
1475 3880 1926 3936 demonstrarunt
1968 3879 2207 3933 consub—

624 3974 971 4036 stantialem,
1024 3972 1381 4042 ejusdemque
1444 3973 1664 4043 gloriae,
1734 3981 1789 4027 et
1850 3972 2097 4043 ejusdem
2152 3973 2207 4027 in

629 4064 909 4134 operando
965 4064 1219 4119 efﬁcacia:
1267 4080 1393 4119 cum
1421 4065 1581 4119 Patre
1629 4064 1859 4129 Filium;
1897 4076 2207 4134 opportune

627 4165 1063 4213 commemorant
1086 4156 1262 4226 ipsum
1289 4157 1564 4210 hominem
1585 4156 1808 4220 factum,
1840 4164 1895 4211 et
1920 4157 2066 4211 illius
2082 4173 2208 4211 cum

628 4265 794 4306 carne
833 4250 1262 4319 dispensationis
1313 4259 1721 4304 sacramentum
1770 4250 2072 4312 declarant,
2118 4266 2207 4304 re-

628 4342 873 4397 ctissime
895 4341 1397 4395 animadvertentes
1426 4341 1567 4394 hanc
1590 4340 1707 4395 fore
1742 4342 2207 4396 absolutissimam

629 4434 755 4489 lidei
789 4433 1163 4488 traditionem.
1217 4434 1333 4487 Non
1359 4434 1505 4487 enim
1540 4432 1593 4487 in
1634 4433 1812 4503 ipsum
1854 4434 2208 4488 credentibus

627 4525 760 4580 satis
782 4535 865 4579 est
881 4525 1055 4579 solum
1077 4524 1131 4578 id
1155 4539 1475 4593 persuasum
1497 4524 1699 4579 habere
1727 4541 1789 4580 ac
1810 4526 2038 4590 sentire,
2056 4525 2203 4595 quod

2321 1960 2485 2014 αὑτοῦ
2516 1978 2581 2028 γε
2602 1962 2712 2013 καὶ
2748 1962 2805 2012 ὲν
2852 1958 3023 2028 αὐτῷ,
3061 1958 3155 2011 καὶ
3184 1956 3446 2025 ἑκάτερος
3477 1954 3738 2022 ὑπάρχων
3767 1951 3898 2004 ἰδιο-

2323 2052 2631 2125 προσώπως
2678 2053 2886 2121 νοῆται.
2930 2049 3118 2119 Πατὴρ
3152 2048 3261 2117 γάρ
3307 2049 3454 2099 ἐστιν
3482 2047 3509 2098 ὁ
3551 2045 3761 2114 Πατὴρ,
3799 2042 3899 2095 καὶ

2317 2148 2415 2215 οὐχ
2459 2145 2616 2208 Υἱός·
2649 2145 2743 2198 καὶ
2791 2143 2919 2206 Υἱὸς
2952 2145 2979 2195 ὀ
3013 2140 3248 2211 τεχθεὶς,
3286 2139 3379 2192 καὶ
3410 2139 3468 2190 οὐ
3520 2136 3714 2205 Πατήρ
3735 2149 3748 2162 ⁸
3797 2134 3899 2187 καὶ

2318 2239 2377 2289 ὲν
2424 2238 2712 2307 ταυτότητι
2776 2235 2990 2304 φύσεως
3045 2233 3173 2286 ἴδιον
3227 2231 3488 2300 ἐκατέρου
3540 2229 3601 2281 τὸ
3655 2223 3811 2291 εἶναι,
3866 2226 3898 2277 ὃ

2272 2326 2275 2329 ’
2318 2332 2484 2384 ἐστιν.

2400 2423 2681 2476 Ἀπὰντων
2708 2420 2765 2473 δὲ
2794 2419 3023 2491 ποιητὴν
3051 2416 3263 2489 ὁρατῶν
3284 2433 3346 2469 τε
3370 2416 3463 2468 καὶ
3487 2413 3735 2485 ἀοράτων
3764 2412 3900 2465 ἁπο-

2317 2514 2586 2584 φήναντες
2615 2510 2707 2563 τὸν
2737 2509 2981 2578 Πατέρα,
3005 2508 3073 2561 δι’
3098 2506 3227 2559 Υἱοῦ
3263 2506 3329 2559 τὰ
3362 2504 3538 2557 πάντα
3568 2502 3900 2569 δεδημιουρ-

2317 2603 2517 2675 γῆσθαί
2574 2620 2759 2673 φασιν,
2806 2602 2867 2654 οὐ
2898 2601 2959 2654 τὸ
2992 2604 3144 2670 μεῖον
3187 2600 3245 2651 ἐν
3288 2597 3437 2675 δόξῃ,
3480 2596 3730 2663 καθάπερ
3771 2593 3899 2646 τινὰ

2316 2696 2514 2766 κλῆρον
2542 2695 2690 2764 αὑτῷ
2723 2695 3003 2765 πρέποντα
3037 2690 3564 2764 προσνενεμηκότες,
3598 2684 3794 2739 πολλοῦ
3827 2702 3898 2753 γε

2316 2789 2411 2840 καὶ
2442 2788 2520 2839 δεῖ
2543 2800 2555 2813 ·
2595 2786 2697 2839 ποῦ
2731 2785 2840 2855 γὰρ
2867 2784 3002 2846 ὅλως
3046 2785 3164 2836 ἐστὶ
3188 2782 3250 2835 τὸ
3283 2781 3524 2843 ἔλαττον,
3560 2777 3593 2848 ἢ
3622 2775 3752 2844 γοῦν
3782 2783 3809 2812 ο
3832 2774 3901 2828 τὸ

2319 2879 2503 2949 μεῖξον
2528 2881 2659 2951 ὁρᾷν
2707 2882 2764 2931 ἐν
2792 2877 3084 2947 ταυτότητι
3128 2876 3226 2945 τῆς
3264 2873 3452 2934 οὐσίας
3478 2890 3492 2936 ;
3548 2870 3661 2924 ἀλλ’
3691 2869 3764 2931 ὼς
3794 2867 3898 2921 τοῦ

2314 2972 2449 3027 Θεοῦ
2480 2974 2576 3025 καὶ
2602 2971 2817 3041 Πατρὸς
2840 2970 2900 3023 οὑ
2930 2968 3236 3039 πεφυκότος
3266 2968 3466 3037 ἑτέρως
3486 2961 3811 3035 ἐργάζεσθαί
3839 2978 3900 3016 τι

2315 3066 2411 3119 καὶ
2443 3067 2521 3128 εἰς
2568 3063 2629 3116 τὸ
2674 3058 2811 3115 εἶναι
2844 3061 3049 3121 καλεῖν,
3077 3059 3215 3129 πλὴν
3256 3060 3336 3112 ὅτι
3374 3058 3441 3110 δι’
3474 3054 3603 3109 Υίοῦ
3630 3058 3685 3109 ὲν
3720 3052 3898 3107 Ilvati—

2322 3172 2472 3223 ματι,
2526 3154 2600 3216 ὡς
2658 3153 2746 3206 διὰ
2793 3152 3073 3221 δυνάμεως
3123 3150 3217 3202 καὶ
3267 3148 3457 3215 σοφίας
3516 3147 3616 3215 τῆς
3674 3144 3897 3198 ἑαυτοῦ.

2311 3247 2625 3316 Γέγραπται
2660 3244 2788 3315 γὰρ,
2823 3244 2905 3296 ὅτι
2945 3261 2963 3294 ι
3001 3242 3092 3313 Τῷ
3135 3241 3276 3310 λόγῳ
3327 3238 3536 3311 Κυρίου
3581 3239 3628 3291 οἱ
3674 3237 3902 3307 οὐρανοὶ

2311 3335 2744 3408 ἐστερεώθησαν,
2771 3336 2865 3387 καὶ⁵
2893 3334 2971 3404 τῷ
3002 3334 3274 3403 πνεύματι
3300 3331 3395 3385 τοῦ
3430 3330 3695 3400 στόματος
3726 3328 3900 3381 αὑτοῦ

2312 3426 2519 3494 πᾶσαή
2552 3423 2778 3493 δύναμις
2808 3424 3009 3476 αὐτῶν,
3051 3443 3070 3475 ι
3102 3421 3205 3475 Ναὶ
3245 3422 3373 3493 μὴν,
3411 3421 3506 3475 καὶ
3549 3423 3577 3474 ὁ
3619 3421 3903 3489 πάνσοφος

2325 3517 2603 3588 Ἰωάννης·
2636 3538 2653 3567 ι
2699 3517 2790 3570 Ἐν
2818 3519 2959 3587 ἀρχῇ
2990 3511 3058 3586 ἦν
3087 3517 3115 3569 ὁ
3148 3515 3341 3583 Λόγος,
3382 3513 3575 3575 εἰπὼν,
3618 3514 3711 3566 καὶ
3736 3512 3765 3563 ὁ
3787 3512 3901 3565 Λό-

2310 3625 2405 3677 γος
2433 3601 2501 3679 ἦν
2536 3608 2671 3677 πρὸς
2694 3608 2788 3661 τὸν
2816 3608 2972 3672 Θεὸν,
3002 3608 3097 3660 καὶ
3118 3606 3250 3669 Θεὸς
3276 3603 3345 3676 ἦν
3372 3606 3400 3658 ὁ
3430 3606 3619 3673 Λόχος,
3670 3622 3687 3655 ι
3723 3620 3903 3673 προσ-

2312 3703 2614 3772 επήνεγκεν
2659 3700 3006 3768 ἀναγκαίως’
3047 3717 3067 3750 ι
3119 3697 3307 3751 Πάντα
3353 3697 3422 3750 δι’
3450 3696 3617 3751 αὐτοῦ
3650 3696 3898 3764 ἐγένετο,

2311 3793 2406 3845 καὶ
2428 3793 2594 3862 χωρὶς
2629 3790 2793 3845 αὐτοῦ
2827 3791 3045 3858 ἐγένετο
3070 3789 3243 3844 οὐδέν.
3280 3809 3298 3841 ι

2394 3882 2712 3951 Ὀμοούσιον
2756 3882 2955 3945 τοίνυν,
3009 3881 3227 3935 ίσοκλεᾶ
3283 3898 3340 3933 τε
3384 3881 3480 3933 καὶ
3523 3880 3770 3949 ισουργὸν
3814 3881 3903 3952 τῷ

2311 3975 2487 4046 Ila-.91
2518 3975 2607 4028 τὸν
2648 3973 2776 4027 Υίὸν
2808 3972 3241 4042 ἀποδεδειχότες,
3268 3973 3663 4041 διαμέμνηνται
3699 3974 3904 4042 χρησί-

2314 4085 2429 4138 μως
2461 4067 2558 4130 τῆς
2592 4064 3063 4136 ὲνανθρωπήσεως
3096 4065 3283 4129 αὑτοῦ,
3326 4064 3422 4117 καὶ
3453 4063 3551 4131 τῆς
3584 4063 3721 4134 μετὰ
3758 4081 3904 4135 σαρ-

2310 4160 2404 4223 κὸς
2437 4158 2752 4229 οἰκονομίας
2791 4158 3143 4229 διατρανοῦσι
3173 4156 3232 4209 τὸ
3271 4157 3589 4226 μυστήριον,
3623 4155 3901 4210 τελεωτά-

2307 4269 2405 4322 την
2433 4252 2652 4305 ἔσεσθαι
2683 4252 2778 4304 καὶ
2828 4249 3107 4323 ἀπροσδεᾶ
3155 4248 3241 4302 διὰ
3290 4247 3483 4301 τούτου
3526 4248 3623 4316 τῆς
3654 4248 3901 4311 πίστεως

2307 4342 2405 4411 τὴν
2456 4342 2758 4413 παράδοσιν
2813 4337 2871 4394 εὖ
2910 4341 3064 4409 μάλα
3098 4339 3471 4405 διεγνωκότες.
3530 4340 3602 4391 Οὐ
3658 4340 3766 4409 γάρ
3805 4356 3898 4393 τοι

2314 4436 2473 4505 μόνον
2499 4436 2716 4505 ἀπόχρη
2744 4437 2859 4497 τοῖς
2893 4433 3243 4486 πιστεύουσιν
3280 4435 3356 4495 εὶς
3395 4431 3555 4484 αὐτὸν
3588 4431 3647 4484 τὺ
3683 4431 3900 4485 διακεῖ-

2312 4527 2455 4589 σθαι,
2498 4528 2590 4579 καὶ
2639 4530 2875 4597 φρονεῖν,
2909 4526 2983 4590 ὡς
3013 4526 3141 4588 Θεὸς
3175 4527 3239 4578 ὲκ
3266 4524 3403 4577 Θεοῦ
3432 4524 3754 4594 γεγέννηται
3791 4525 3896 4578 τοῦ

627 4620 769 4673 Dens
789 4618 855 4671 de
880 4619 991 4672 Deo
1025 4618 1183 4671 Patre
1215 4618 1285 4671 sit
1311 4627 1494 4681 natus,
1519 4628 1575 4672 et
1598 4618 1673 4671 illi
1699 4587 2199 4682 consubstantialis,

2314 4587 2544 4692 [ἰατρὸς.
2575 4587 2872 4691 ὁμοούσιός
2893 4636 2950 4670 τε
2966 4587 3152 4687 αὐτῷ,
3190 4618 3284 4671 καὶ
3314 4587 3599 4687 χαρακτὴρ
3628 4587 3898 4687 {incipme

624 4716 681 4762 et
704 4709 989 4763 character
1032 4709 1353 4763 substantite
1380 4710 1498 4779 ejus
1554 4709 1625 4763 sit
1651 4711 1693 4741 ⁶⁰
1725 4728 1737 4762 :
1774 4709 1868 4763 sed
1911 4710 2076 4763 etiam
2108 4725 2202 4763 ne-

624 4799 923 4853 cessarium
956 4807 1041 4853 est
1069 4798 1136 4852 ad
1166 4798 1281 4853 ha3c
1321 4800 1462 4853 scire
1511 4800 1658 4869 quod
1708 4810 1937 4870 propter
1966 4800 2199 4854 salutem

622 4906 686 4943 ac
739 4889 909 4943 vitam
950 4890 1194 4942 omnium
1220 4890 1586 4945 demiseritse
1632 4890 1696 4945 ad
1745 4891 2198 4955 exinanitionem,

621 4991 840 5051 sumpta
881 4982 1029 5036 servi
1073 4982 1330 5047 forma“,
1366 4993 1416 5037 et
1458 4984 1787 5053 processerit
1827 4985 1991 5037 homo
2042 4995 2201 5039 natus

622 5073 923 5128 secundum
947 5089 1247 5137 carnemex
1266 5075 1571 5129 muliere“.
1601 5076 1831 5144 Propter
1852 5076 1957 5130 hoc
1978 5076 2199 5131 dicunt:

623 5162 726 5228 Qui
751 5173 974 5232 propter
1000 5179 1101 5218 nos
1138 5164 1407 5225 homines,
1436 5173 1491 5219 et
1525 5176 1749 5235 prepter
1772 5177 2013 5221 nostram
2057 5168 2202 5222 salu-

622 5264 732 5307 tem
764 5253 1068 5318 descendit,
1104 5254 1439 5317 incarnatus,
1466 5264 1521 5308 et
1547 5258 1709 5310 homo
1743 5257 1917 5313 factus
1933 5270 2033 5313 est.
2066 5259 2200 5313 Vide

623 5360 786 5413 quam
816 5342 1000 5397 debita
1032 5342 1391 5413 dispositione
1420 5356 1476 5399 et
1513 5362 1672 5415 quam
1722 5331 2074 5404 convenienti
2107 5366 2198 5403 or-

694 5499 739 5531 ⁸³
762 5502 918 5556 Joan.
956 5518 1008 5555 tv
1059 5501 1108 5559 θ.
1147 5501 1200 5555 9.
1285 5504 1331 5533 ⁸³
1362 5504 1518 5557 Joan.
1555 5519 1605 5563 Χ,
1632 5504 1719 5559 50.
1812 5505 1857 5535 "
1890 5506 1987 5559 lsa.
2015 5522 2052 5568 ι,
2078 5506 2129 5558 9..

623 5569 668 5601 ⁵³
695 5570 830 5626 Ibid.
860 5572 910 5625 5.
989 5573 1035 5603 ⁶⁰
1068 5572 1231 5627 Hebr.
1265 5590 1300 5639 ι,
1340 5574 1391 5627 5.
1421 5574 1461 5603 ⁶¹
1499 5574 1735 5645 Dhilipp.
1779 5591 1835 5639 ιι,
1868 5576 1921 5639 6,
1960 5577 2011 5630 7.

2224 5505 2274 5569 ’ἦ
2298 5506 2453 5561 Joan.
2490 5526 2595 5571 ιη’,
2632 5509 2712 5563 l6.

2090 5579 2133 5606 θ’
2157 5574 2332 5630 Galat.
2371 5594 2440 5642 Iv,
2466 5579 2516 5631 4.

2310 4713 2409 4783 τῆς
2440 4712 2790 4774 ὑποστάσεως
2834 4709 3037 4763 αὐτοῦ·
3082 4710 3200 4763 ἀλλ’
3238 4705 3305 4779 ἦν
3339 4709 3636 4775 ἀναγκαῖον
3686 4707 3899 4763 εἰδέναι

2312 4804 2448 4875 πρὸς
2477 4805 2713 4867 τούτοις,
2747 4804 2824 4867 ὡς
2850 4804 2950 4873 τῆς
2984 4802 3242 4856 ἁπάντων
3272 4802 3435 4854 ἕνεκα
3468 4802 3762 4872 σωτηρίας,
3793 4802 3899 4856 καὶ

2283 4895 2458 4966 ’ζωῆς
2498 4895 2683 4960 καθεὶς
2714 4896 2905 4949 ἑαυτὸν
2946 4898 3026 4959 εἰς
3065 4897 3315 4959 κένωσιν,
3343 4893 3501 4946 ἔλαϐε
3531 4894 3719 4947 δούλου
3754 4910 3899 4963 μορ-

2313 4988 2441 5056 φὴν,
2473 4988 2565 5039 καὶ
2601 4986 2869 5057 προῆλθεν
2894 4987 3202 5057 ἄνθρωπος,
3236 4984 3514 5052 γεννηθεὶς
3537 4984 3679 5038 κατὰ
3712 4984 3898 5053 σάρκα

2312 5080 2377 5129 ἐκ
2409 5078 2687 5144 γυναικός.
2744 5077 2843 5129 Διὰ
2888 5077 3046 5129 τοῦτό
3099 5092 3233 5146 φασι
3259 5090 3271 5100 ’
3330 5075 3433 5126 Τὸν
3475 5076 3543 5128 δι’
3583 5075 3730 5144 ἡμᾶς
3762 5077 3899 5141 τοὺς

2311 5167 2653 5238 ἀνθρώπους,
2699 5169 2792 5220 καὶ
2822 5168 2910 5221 διὰ
2934 5169 3035 5236 τὴν
3072 5166 3350 5237 ἡμετέραν
3393 5167 3669 5237 σωτηρίαν
3700 5167 3903 5221 κατελ-

2312 5260 2491 5319 θόντα,
2546 5260 2917 5330 σαρκωθέντα,
2982 5259 3499 5329 ἐνανθρωπήσαντα.
3549 5257 3739 5329 Ἀθρει
3797 5258 3897 5329 δὴ,

2310 5352 2455 5415 ὅπως
2486 5354 2539 5403 ἐν
2572 5354 2762 5421 κόσμῳ
2808 5351 2884 5421 τῷ
2926 5350 3117 5414 δέοντι,
3164 5351 3257 5404 καὶ
3292 5352 3350 5402 ὲν
3381 5348 3533 5412 τάξει
3568 5352 3633 5420 τῇ
3666 5366 3901 5420 πρεπωο

2818 5508 2859 5539 ⁵⁷
2889 5507 3031 5562 Psal.
3063 5524 3230 5573 xxxii,
3266 5506 3320 5563 6.
3407 5507 3452 5539 ⁸⁸
3476 5505 3632 5562 Joan.
3680 5522 3719 5573 ι,
3754 5520 3808 5573 ι,
3834 5543 3896 5566 α.

1719 5714 1883 5769 varia:
1908 5714 2172 5770 lectiones
2196 5714 2403 5770 codicis
2420 5713 2796 5785 Seguieriani.

690 5834 719 5861 ο
752 5820 937 5891 ἦγουν.
