4154 6322
327 346 421 429 Su

1728 366 2065 425 EPISTOLA
2103 367 2211 424 LV.

3491 364 3599 423 302

328 490 559 561 ὃεστάτῃ
602 488 850 561 πρόεισιν
896 492 924 543 ὁ
964 489 1127 558 λόγος
1182 488 1383 550 αὐτοῖς.
1442 486 1742 540 Κατελθεῖν
1806 488 1914 557 γὰρ

2025 485 2146 541 dine
2180 499 2363 540 sermo
2410 484 2629 539 illorum
2660 484 3031 556 progreditur.
3064 485 3421 542 Descendisse
3447 490 3597 542 enim

328 584 557 653 ιφασαν,
590 582 683 635 ἵνα
713 581 802 635 διὰ
850 580 1038 635 τούτου
1077 581 1168 632 τὸν
1201 579 1388 633 ἐπάνω
1435 578 1652 631 πάντων
1701 576 1907 648 Κύριον

329 674 602 743 ἑννοῶμεν
639 672 802 744 φύσει
830 689 887 727 τε
918 673 1013 726 καὶ
1036 668 1184 743 δόξῃ.
1209 675 1303 725 καὶ
1329 670 1492 724 πάλιν
1516 669 1705 722 τοῦτον
1735 685 1908 722 κατα-

330 768 670 838 φοιτήσαντα
730 764 801 819 δι’
845 766 1015 837 ἡμᾶς,
1048 766 1129 827 εὶς
1170 764 1232 816 τὸ
1286 762 1563 833 ἐθελῆσαι,
1605 762 1771 832 φημὶ,
1811 760 1911 831 τὴν

336 858 465 930 πρὸς
494 859 649 930 ἡμᾶς
674 857 935 929 ὁμοίωσιν
966 854 1213 909 ἐπελθεῖν
1245 864 1297 920 Ρ,
1338 856 1430 909 καὶ
1478 852 1785 924 ἐπιλάμψαι
1834 852 1912 922 τῷ

345 951 520 1021 ιόσμῳ
552 948 694 1020 μετὰ
738 948 959 1019 σαρκός.
1004 946 1318 1017 Γέγραπται
1342 944 1452 1017 γὰρ
1476 947 1533 999 ὲν
1566 944 1736 1015 βίϐλῳ
1758 942 1910 997 Ψαλ-

312 1041 475 1094 -ιῶν-
505 1060 527 1093 ι
574 1041 635 1095 '0
666 1039 802 1103 Θεὸς
839 1039 1099 1109 ἐμφανῶς
1128 1038 1268 1109 ἥξει,
1295 1040 1323 1091 ὁ
1353 1037 1486 1099 Θεὸς
1520 1035 1699 1107 ἡμῶν,
1731 1035 1823 1089 καὶ
1850 1035 1912 1088 οὺ

332 1135 846 1204 παρασιωπήσεται.
890 1150 908 1182 ι
946 1131 1187 1202 Νοηθεὶη
1214 1130 1259 1183 δ’
1286 1131 1374 1193 ἂν,
1412 1131 1572 1200 εἴπερ
1602 1129 1777 1181 ἕλοιτό
1806 1145 1913 1191 τις,

330 1226 425 1279 ⁵ιαὶ.
457 1226 586 1280 καθ’
614 1225 802 1296 ἕτερον
833 1224 1034 1295 τρόπον
1061 1225 1093 1294 ή
1121 1221 1346 1285 κάθοδος
1368 1239 1382 1252 ·
1418 1216 1551 1284 οἷον,
1576 1220 1637 1285 ἐξ
1656 1219 1911 1291 οὐρανοῦ,

329 1319 422 1371 καὶ
454 1317 686 1379 ἄνωθεν,
717 1317 750 1385 ἢ
784 1317 877 1370 καὶ
906 1316 999 1368 ἀπ’
1058 1314 1223 1370 αὐτοῦ
1273 1313 1367 1367 τοῦ
1418 1313 1656 1384 Πατρός.
1704 1314 1915 1375 Φωναῖς

326 1409 439 1481 γὰρ
474 1412 597 1472 ταῖς
639 1408 763 1468 καθ’
806 1409 956 1479 ἡμᾶς
994 1406 1089 1460 καὶ
1128 1406 1195 1459 τὰ
1227 1406 1368 1477 ὑπὲρ
1394 1406 1519 1459 νοῦν
1551 1405 1912 1475 καταδηλοῦν,

325 1502 448 1564 ἔθος
476 1504 589 1563 τοῖς
624 1503 791 1573 ἱεροῖς
817 1502 1135 1571 Γράμμασι.
1170 1499 1280 1552 Καὶ
1309 1498 1439 1567 γοῦν
1458 1498 1585 1568 ἔφη,
1604 1502 1716 1562 τοῖς
1741 1499 1916 1567 ἁγίοις

326 1594 857 1665 προσδιαλεγόμενος
915 1591 1222 1663 μαθηταῖς·
1281 1608 1299 1641 ι
1359 1589 1617 1660 Ἐξῆλθον
1660 1589 1768 1642 ἀπὸ
1820 1590 1914 1645 τοῦ

324 1685 565 1753 Πατρδς,
598 1687 692 1739 καὶ
718 1685 954 1756 ἐλήλυθα
984 1687 1064 1747 είς
1107 1682 1199 1736 τὸν
1230 1682 1435 1752 κόσμον
1457 1699 1468 1709 ·
1518 1682 1683 1735 πάλιν
1712 1684 1913 1753 ἀφίημι

324 1778 414 1831 τὸν
449 1780 678 1849 κόσμον,
729 1779 823 1831 καὶ
851 1776 1155 1848 πορεύομαι
1188 1774 1324 1846 πρὸς
1350 1777 1440 1827 τὸν
1468 1776 1719 1845 Πατέρα·
1762 1796 1780 1826 ι
1817 1777 1914 1829 καὶ

2015 579 2297 644 dixerunt,
2329 586 2391 632 ut
2412 593 2513 649 per
2544 577 2650 633 hoc
2675 592 2843 649 super
2867 578 3051 632 omnia
3078 577 3371 633 Dominum
3393 580 3598 633 intelli-

2013 681 2205 737 gamus
2231 681 2356 721 esse
2383 675 2441 721 et
2474 675 2671 721 natura
2696 675 2753 721 et
2777 666 2979 738 gloria;
3010 666 3380 739 eumdemque
3407 683 3602 723 rursus

2012 769 2239 831 propter
2259 774 2362 815 nos
2377 758 2632 815 homines
2643 759 3014 826 descendisse,
3037 770 3098 815 ut
3123 760 3332 825 volens,
3354 759 3618 831 inquam,_

2013 860 2259 906 nostram
2281 851 2702 907 similitudinem
2727 851 2960 917 subiret,
2984 860 3040 907 et
3063 868 3189 907 cum
3206 867 3371 907 carne
3397 852 3604 906 mundo

2014 944 2321 1015 aﬂ‘ulgeret.
2351 943 2632 1015 Scriptum
2661 953 2745 999 est
2774 944 2921 999 enim
2949 944 3006 999 in
3035 944 3178 1000 libro
3206 946 3551 1000 Psalmorum
3586 964 3599 999 :

2022 1056 2040 1087 ι
2081 1038 2225 1091 Deus
2252 1036 2538 1092 manifeste
2564 1038 2770 1103 veniet,
2805 1038 2951 1092 Deus
2989 1047 3198 1103 noster,
3237 1048 3294 1093 et
3326 1055 3434 1093 non
3470 1039 3603 1093 silc-

2016 1128 2096 1184 bit
2123 1130 2189 1203 δέ.
2225 1148 2244 1181 ι
2294 1129 2526 1201 intelligi
2565 1139 2749 1185 autem
2806 1132 3012 1201 poterit
3050 1131 3371 1197 descensus,
3400 1133 3445 1187 si
3476 1132 3606 1203 quis

2016 1222 2273 1286 voluerit,
2304 1221 2473 1276 etiam
2496 1222 2605 1275 alio
2638 1221 2823 1286 modo,
2855 1237 3053 1293 nempe
3088 1238 3157 1276 ex
3182 1222 3322 1279 coelo
3344 1238 3604 1293 superne,

2014 1317 2099 1371 vel
2121 1317 2288 1372 etiam
2319 1317 2523 1386 abipso
2546 1317 2728 1371 Patre.
2755 1314 2905 1371 Solet
2933 1316 3079 1370 enim
3104 1326 3293 1375 sancta
3322 1316 3608 1387 Scriptura

2016 1409 2182 1463 etiam
2225 1408 2316 1462 illa
2359 1423 2483 1477 qua:
2527 1406 2946 1476 intelligentiam
2983 1416 3247 1477 superant
3274 1407 3459 1463 verbis
3484 1424 3608 1479 quae

2017 1502 2180 1556 nobis
2203 1510 2537 1571 congruunt,
2562 1501 2872 1569 signiﬁcare
2901 1520 2912 1554 :
2948 1502 3095 1556 unde
3120 1517 3246 1556 cum
3275 1512 3495 1556 sanctos
3518 1502 3605 1556 di-

2018 1593 2260 1662 scipulos
2296 1608 2426 1647 suos
2459 1593 2871 1664 alloqueretur,
2903 1578 3041 1646 dixit
3075 1610 3087 1645 :
3120 1611 3137 1643 ι
3174 1593 3327 1647 Exivi
3363 1608 3395 1647 a
3424 1594 3607 1657 Patre,

2019 1693 2077 1739 et
2112 1685 2239 1739 veni
2271 1685 2326 1738 in
2360 1685 2627 1739 mundum
2656 1702 2668 1737 :
2697 1686 2896 1739 iterum
2942 1684 3195 1753 relinquo
3228 1684 3518 1751 mundum,
3554 1694 3611 1740 et

2010 1777 2162 1833 vado
2185 1778 2254 1833 ad
2288 1778 2602 1843 Patrem“;
2642 1797 2659 1829 ι
2687 1787 2744 1832 et
2779 1779 3016 1833 iterum:
3049 1797 3066 1829 ι
3109 1778 3218 1833 Vos
3251 1778 3319 1832 de
3346 1778 3610 1834 deorsum

325 1873 520 1927 πάλιν
561 1891 580 1922 ι
626 1870 815 1941 Ὑμεῖς
848 1871 912 1923 ὲκ
940 1869 1048 1922 τῶν
1072 1872 1221 1923 κάτω
1260 1870 1405 1931 ἐστὲ,
1434 1867 1544 1935 ἐγὼ
1574 1873 1638 1921 ἐκ
1664 1868 1772 1919 τῶν
1802 1870 1914 1923 ἄνω

2025 1871 2171 1935 estis,
2198 1888 2299 1939 ego
2333 1872 2401 1925 de
2434 1871 2693 1940 supernis
2736 1886 2857 1924 sum
2879 1871 2946 1936 ";
2979 1890 2995 1921 ι
3039 1871 3107 1925 ad
3145 1871 3261 1927 hate
3292 1879 3559 1941 praeterea
3595 1891 3607 1925 :

326 1964 465 2033 εἰμί·
501 1984 520 2016 ι
563 1963 644 2016 ἑτι
686 1979 745 2016 τε
782 1961 920 2033 πρὸς
956 1961 1199 2024 τούτοις·
1240 1981 1259 2011 ι
1305 1960 1447 2029 Ἐγὼ
1481 1961 1543 2012 ἐκ
1572 1961 1665 2013 τοῦ
1702 1962 1916 2031 ῐιατρὸς

325 2056 575 2125 ἐξῆλθον,
609 2056 704 2108 καὶ
734 2056 874 2126 ἥκω.
917 2074 935 2105 ι
966 2055 1175 2123 Γράφει
1207 2054 1263 2106 δὲ
1294 2054 1387 2107 καὶ
1421 2058 1450 2108 ὁ
1479 2054 1768 2118 Θεσπέσιος
1804 2055 1917 2106 Ἰω-

326 2152 495 2219 άννης
516 2167 531 2179 ο
565 2168 583 2199 ι
608 2149 666 2200 Ὀ
704 2146 908 2201 ἄνωθεν
936 2148 1252 2217 ἐρχόμενος,
1282 2146 1467 2199 ἐπάνω
1488 2148 1710 2200 πάντων
1740 2146 1909 2199 ἐστί.»

327 2242 528 2297 Καίτοι
560 2240 671 2310 γὰρ
704 2240 966 2309 ὑπάρχων
1018 2240 1075 2290 ἐν
1106 2238 1441 2308 ὑπερτάταις
1471 2239 1789 2307 ὑπεροχαῖς,
1822 2239 1914 2291 καὶ

327 2335 516 2390 ἐπάνω
546 2334 767 2386 πάντων
801 2331 1072 2394 οὺσιωδῶς
1107 2330 1247 2401 μετὰ
1272 2330 1365 2383 τοῦ
1400 2331 1532 2393 ἰδίου
1564 2332 1796 2401 Πατρὸς,
1822 2332 1913 2385 ἅτε

325 2427 393 2499 δὴ
427 2427 523 2480 καὶ
547 2428 605 2477 ὲν
633 2425 923 2494 ταυτότητι
957 2422 1175 2492 φύσεως
1202 2422 1301 2493 τῆς
1331 2423 1468 2493 πρὸς
1504 2422 1671 2475 αὐτὸν
1716 2438 1911 2491 στεφα-

327 2518 611 2587 νούμενος,
640 2536 660 2568 ι
692 2516 792 2586 οὐχ
818 2514 1111 2585 ἁρπαγμὸν
1135 2516 1380 2585 ἡγήσατο
1403 2514 1463 2566 τὸ
1491 2510 1633 2565 εἶναι
1661 2513 1751 2566 ἴσα
1772 2513 1913 2583 Θεῷ,

328 2610 443 2664 ἀλλ’
469 2608 664 2663 ἑαυτὸν
688 2608 947 2665 ὲκένωσε.
974 2606 1189 2679 μορφὴν
1210 2606 1399 2659 δούλου
1420 2604 1622 2667 λαϐὼν,
1647 2607 1705 2657 ἐν
1722 2606 1917 2674 ὁμοιώ·

332 2721 462 2776 ματι
496 2701 805 2772 ἀνθρώπων
831 2702 1141 2770 γενόμενος,
1176 2699 1269 2752 καὶ
1301 2699 1540 2768 σχήματι
1567 2697 1814 2768 εὑρεθεὶς
1844 2698 1919 2761 ὠς

328 2796 636 2869 ἅνθρωπος,
672 2794 1038 2848 ἐταπείνωσεν
1082 2792 1292 2845 ἑαυτόν.
1328 2810 1347 2841 ι
1389 2791 1611 2862 Ἐπειδὴ
1643 2791 1749 2861 γὰρ
1787 2790 1917 2853 Θεὸς

328 2888 404 2942 ὣν
439 2890 469 2941 ὁ
503 2889 678 2955 Λόγος
719 2887 819 2956 τὴν
866 2882 1027 2957 ήμιῶν
1062 2884 1382 2955 ἠμπέσχετο
1413 2883 1615 2953 σάρκα,
1642 2883 1919 2953 μεμένηκε

327 2980 384 3035 at
422 2981 519 3033 καὶ
541 2978 686 3032 οὕτω
712 2978 867 3042 Θεὸς,
897 2977 1071 3048 ταύτῃ
1107 2993 1189 3029 τοι
1221 2976 1354 3029 Θεὸν
1390 2978 1417 3028 ὁ
1453 2975 1747 3045 ἱεῴνιατος
1775 2974 1920 3027 Παῦ-

328 3072 417 3135 λος
449 3074 508 3125 ὲν
551 3069 859 3142 ὁμοιώματι
909 3068 1215 3140 ἀνθρώπων
1240 3068 1494 3135 γενέσθαι
1544 3068 1731 3137 φησὶν,
1761 3068 1919 3136 εὐρε-

2026 1981 2043 2013 ι
2067 1962 2180 2033 Ego
2205 1978 2234 2016 a
2264 1963 2420 2017 Patre
2454 1961 2619 2028 exivi,
2656 1971 2711 2015 et
2740 1961 2863 2015 veni
2887 1961 2952 2014 “.
2994 1980 3011 2011 ι
3045 1960 3248 2016 Scribit
3285 1963 3452 2017 etiam
3486 1980 3611 2019 san-

2018 2062 2141 2108 ctus
2183 2054 2458 2109 Joannes:
2503 2072 2520 2103 ι
2544 2052 2648 2120 Qui
2674 2052 2742 2108 de
2774 2068 2992 2107 sursum
3023 2055 3191 2119 venit,
3221 2070 3388 2125 supra
3418 2070 3614 2111 omnes

2016 2155 2101 2198 est
2122 2144 2188 2197 ⁵⁷.
2236 2163 2253 2193 ›
2288 2144 2425 2198 Nam
2480 2160 2607 2199 eum
2647 2144 2701 2198 in
2739 2160 2954 2199 summa
2992 2144 3320 2201 celsitudine
3365 2156 3532 2211 esset,
3557 2161 3614 2204 et

2018 2252 2145 2293 eum
2184 2238 2346 2292 Patre
2370 2253 2471 2291 suo
2490 2237 2796 2292 secundum
2816 2238 3181 2293 substantiam
3213 2254 3380 2308 super
3401 2240 3611 2306 omnia,

2018 2338 2208 2397 utpote
2260 2328 2551 2384 identitate
2596 2330 2761 2385 unius
2803 2345 2929 2386 eum
2978 2332 3098 2400 ipso
3144 2341 3355 2386 natura:
3400 2332 3613 2396 clarus,

2026 2438 2044 2469 ι
2076 2437 2186 2475 non
2224 2422 2471 2490 rapinam
2509 2422 2814 2477 arbitratus
2845 2432 2931 2478 est
2964 2440 3021 2477 se
3047 2438 3167 2479 esse
3191 2424 3459 2494 aequalem
3478 2426 3613 2488 Deo,

2018 2509 2113 2563 sed
2141 2510 2384 2579 seipsum
2426 2508 2750 2571 exinanivit,
2779 2509 3014 2565 formam
3053 2512 3196 2565 servi
3227 2511 3526 2581 accipiens,
3558 2512 3616 2566 in

2020 2599 2442 2654 similitudinem
2479 2598 2768 2663 hominum
2806 2596 3005 2661 factus,
3041 2608 3097 2652 et
3127 2597 3320 2652 habitu
3358 2597 3618 2653 inventus

2022 2701 2082 2748 ut
2116 2694 2301 2756 homo,
2348 2691 2661 2746 humiliavit
2705 2691 2948 2761 seipsum
2986 2691 3051 2744 ⁸⁸.
3088 2710 3106 2742 ι
3149 2691 3446 2746 Enimvero
3479 2707 3619 2762 quo-

2020 2788 2168 2841 niam
2200 2785 2465 2849 Verbum,
2510 2783 2658 2855 quod
2717 2783 2865 2838 Deus
2896 2791 3036 2847 erat,
3086 2784 3339 2853 quamvis
3371 2790 3616 2839 nostram

2022 2893 2244 2933 carnem
2278 2876 2573 2940 induisset,
2619 2874 2824 2930 mansit
2850 2885 3032 2929 tamen
3064 2875 3147 2929 sic
3170 2890 3391 2945 quoque
3431 2875 3614 2929 Deus:

2023 2978 2314 3041 propterea
2366 2967 2776 3024 saeratissimus
2810 2966 3012 3021 Paulus
3050 2965 3206 3035 181
3245 2966 3418 3021 Deum
3456 2966 3509 3020 in
3541 2966 3619 3020 si-

2025 3063 2395 3118 militudinem
2420 3061 2706 3115 hominum
2744 3058 2949 3115 factum
2983 3074 3105 3113 esse
3142 3058 3298 3123 dicit,
3341 3068 3395 3113 et
3426 3059 3618 3113 habitu

329 3162 490 3233 θῆναί
529 3179 590 3215 τε
623 3162 699 3224 ὼς
733 3159 1018 3230 ἄνθρωπον
1070 3161 1328 3230 σχήματι.
1379 3159 1513 3223 Θεὸς
1552 3159 1662 3229 γὰρ
1708 3155 1797 3230 ἦν,
1844 3159 1920 3221 ὡς

2026 3156 2312 3211 inventum
2345 3162 2404 3209 ut
2429 3154 2731 3208 hominem.
2763 3152 2895 3207 Erat
2923 3152 3095 3216 enim,
3121 3159 3184 3206 ut
3214 3150 3351 3216 dixi,
3390 3152 3538 3207 Deus
3561 3153 3622 3208 in

330 3254 488 3327 ἔφην,
518 3256 575 3307 ὲν
606 3253 732 3306 εἴδει
758 3252 838 3322 τῷ
868 3252 989 3306 καθ’
1020 3254 1191 3322 ἡμᾶς,
1225 3253 1317 3304 καὶ
1354 3253 1453 3304 οὐκ
1481 3252 1689 3321 ἄψυχόν
1730 3269 1793 3320 γε
1822 3251 1923 3324 τὴν

331 3347 515 3418 σάρκα
542 3344 745 3401 λαϐὼν.
790 3343 933 3397 καθὰ
963 3345 1183 3414 φρονεῖν
1222 3342 1369 3407 ἕδοξέ
1403 3361 1519 3396 τισι
1568 3344 1677 3397 τῶν
1717 3345 1924 3416 αἱρετι-

331 3438 468 3499 κῶν,
499 3436 860 3508 ὲψυχωμένην
897 3436 953 3489 δὲ
990 3436 1192 3505 μᾶλλον
1222 3436 1372 3507 ψυχῇ
1401 3438 1581 3507 νοερᾷ,
1627 3437 1802 3489 Αὑτὸν
1830 3432 1922 3491 οὖν

331 3530 440 3601 ἄρα
464 3528 557 3581 τὸν
584 3528 649 3579 ὲκ
669 3527 767 3597 τῆς
788 3526 977 3589 οὐσίας
1003 3525 1097 3578 τοῦ
1131 3526 1347 3597 Πατρος
1371 3526 1711 3597 προελθόντα
1727 3529 1921 3597 Λόγον,

332 3622 429 3673 καὶ
456 3618 589 3671 Υίὸν
619 3616 905 3688 μονογενῆ,
949 3616 1041 3668 τὸν
1068 3616 1200 3669 Θεὸν
1230 3616 1484 3687 ἀληθινὸν
1518 3619 1583 3669 ἐκ
1615 3616 1751 3670 Θεοῦ
1792 3618 1926 3689 ἀλη-

335 3711 507 3774 θινοῦ,
534 3711 597 3765 τὸ
622 3711 738 3780 φῶς
771 3709 833 3763 τὸ
864 3711 929 3762 ἐκ
957 3710 1051 3763 τοῦ
1093 3712 1293 3778 τρωτὸς,
1318 3712 1410 3763 τὸν
1447 3711 1514 3764 δι’
1553 3705 1614 3764 οὗ
1641 3716 1711 3764 τὰ
1747 3713 1926 3766 πάντα

335 3804 579 3873 ἐγένετο,
631 3802 913 3856 κατελθεῖν
940 3802 1149 3871 ἔφασαν
1182 3805 1230 3854 οἱ
1274 3803 1539 3873 Πατὲρες,
1573 3803 1926 3874 σαρκωθῆναί

335 3914 394 3951 τε
423 3896 519 3949 καὶ
550 3893 997 3965 ἐνανθρωπῆσαι,
1044 3893 1326 3947 τουτέστιν
1353 3895 1645 3964 ὑπομεῖναι
1672 3895 1927 3967 γέννησιν

335 3986 435 4058 τὴν
461 3985 604 4039 κατὰ
633 3986 811 4057 σάρκα
844 3986 909 4037 ὲκ
948 3982 1229 4052 γυναικὸς,
1260 3984 1353 4036 καὶ
1394 3984 1682 4055 προελθεῖν
1710 3988 1769 4038 ἐν
1796 3986 1927 4040 εῖδει

336 4081 415 4152 τῷ
443 4080 567 4135 καθ’
603 4080 751 4150 ἡμᾶς
770 4096 784 4109 ο
817 4077 976 4131 τοῦτο
996 4079 1106 4149 γὰρ
1128 4078 1188 4131 τὸ
1215 4079 1638 4150 ἐνανθρωπῆσαί
1673 4083 1848 4135 ἐστιν.

408 4169 501 4237 Εἷς
528 4168 622 4225 οὖν
653 4172 761 4242 ἄρα
794 4170 995 4242 Κύριος
1035 4169 1242 4240 Ἰησοῦς
1280 4171 1539 4241 Χριστὸς,
1576 4172 1739 4234 αὐτὸς
1772 4174 1801 4227 ὁ
1833 4191 1930 4243 μο-

338 4265 563 4336 νογενὴς
588 4264 683 4317 τοῦ
716 4263 926 4332 Πατρδς
954 4262 1127 4331 Λόγος
1164 4263 1457 4332 γενόμενος
1486 4264 1795 4335 ἄνθρωπος,
1829 4267 1931 4318 οὐκ

338 4356 735 4429 ἀποϐεϐληκὼς
772 4356 837 4409 τὸ
866 4350 1008 4408 εἶναι
1054 4355 1083 4409 ὃ
1121 4351 1211 4425 ἦν’
1261 4358 1656 4428 ἀπμεμὲνηκε
1697 4360 1806 4431 γὰρ
1838 4359 1932 4411 καὶ

340 4452 398 4504 ὲν
445 4448 831 4521 ἀνθρωπότητι
860 4448 1027 4512 Θεὸς,
1067 4449 1161 4501 καὶ
1187 4450 1246 4500 ἐν
1285 4453 1467 4521 μορφῇ
1501 4449 1689 4504 δούλου
1725 4452 1933 4505 Δεσπό-

2025 3257 2213 3304 nostra
2254 3247 2439 3317 specie
2466 3264 2479 3299 :
2505 3262 2615 3300 non
2647 3261 2893 3309 sumens,
2922 3246 3067 3300 sicut
3098 3246 3372 3301 htereticis
3393 3247 3623 3317 quibus-

2026 3339 2153 3393 dam
2191 3338 2401 3393 sentire
2442 3336 2671 3407 placuit,
2707 3335 3066 3390 inanimatam
3094 3351 3342 3399 carnem,
3368 3338 3464 3392 sed
3498 3340 3620 3393 ani-

2027 3447 2113 3485 ma
2144 3430 2486 3500 intelligente
2522 3428 2831 3498 praeditam.
2860 3428 3045 3497 Ipsum
3088 3428 3258 3498 igitur
3277 3446 3345 3485 ex
3363 3430 3623 3486 substan-

2027 3524 2101 3577 tia
2139 3522 2318 3577 Patris
2354 3536 2707 3592 progressum
2745 3520 2987 3576 Verbum
3028 3530 3084 3575 et
3124 3520 3324 3576 Filium
3366 3522 3624 3594 unigeni-

2029 3624 2167 3679 tum,
2212 3614 2367 3669 illum
2410 3614 2585 3668 Deum
2623 3629 2819 3668 verum
2858 3614 2928 3669 de
2966 3614 3079 3668 Deo
3123 3629 3279 3680 vero,
3323 3615 3513 3671 lumen
3553 3617 3625 3674 de

2029 3708 2258 3772 lumine,
2290 3708 2471 3777 ipsum
2501 3721 2599 3777 per
2625 3722 2789 3776 quem
2813 3705 2999 3760 omnia
3032 3705 3173 3761 facta
3200 3714 3355 3769 sunt,
3393 3706 3627 3784 descen-
3714 3712 3723 3725 '

2029 3801 2178 3856 disse
2202 3801 2465 3855 dixerunt
2494 3800 2711 3864 Patres,
2740 3799 3201 3870 incarnatumque
3225 3814 3347 3855 esse
3363 3809 3420 3855 et
3442 3800 3622 3855 homi»

2029 3910 2155 3948 nem
2182 3894 2408 3959 factum,
2444 3892 2550 3946 hoc
2586 3901 2691 3955 est,
2718 3891 2957 3947 subiisse
2979 3893 3393 3963 generationem
3431 3908 3630 3947 secun-

2031 3987 2162 4041 dum
2212 4000 2435 4041 carnem
2468 4001 2536 4039 ex
2565 3984 2819 4047 muliere,
2860 3994 2917 4039 et
2964 3985 3302 4055 processisse
3340 3986 3397 4040 in
3442 3987 3627 4055 specie

2032 4079 2196 4136 simili
2229 4078 2392 4132 nobis
2425 4077 2569 4132 :hoc
2598 4077 2749 4131 enim
2793 4086 2879 4132 est
2916 4077 3202 4133 hominem
3236 4093 3359 4133 esse
3399 4077 3626 4134 factum.

2104 4173 2258 4230 Unus
2309 4179 2393 4226 est
2432 4171 2602 4241 igitur
2635 4171 2903 4225 Dominus
2940 4171 3102 4225 Jesus
3146 4168 3627 4241 Christus,ipsnm

2034 4265 2384 4337 unigenitum
2445 4263 2541 4318 Dei
2604 4263 2785 4318 Patris
2836 4264 3102 4327 Verbum,
3164 4263 3331 4318 homo
3390 4263 3629 4332 factum;

2033 4375 2175 4414 non‘
2212 4358 2534 4427 relinquens
2595 4372 2717 4412 esse
2768 4356 2916 4426 quod
2980 4365 3101 4411 erat
3151 4374 3164 4409 :
3216 4357 3419 4412 mansit
3481 4358 3629 4414 enim

2036 4450 2200 4506 etiam
2244 4450 2299 4503 in
2333 4449 2679 4504 humanitate
2718 4436 2894 4513 Deus,
2933 4458 2989 4503 et
3034 4449 3090 4503 in
3128 4450 3272 4503 servi
3316 4449 3492 4505 forma
3525 4451 3633 4506 Do—

338 4563 461 4614 της,
501 4545 596 4597 καὶ
636 4545 696 4596 ἐν
725 4541 953 4595 κενώσει
999 4544 1065 4612 τῇ
1100 4542 1221 4609 καθ’
1256 4544 1403 4613 ἡμᾶς
1447 4544 1509 4597 τὸ
1554 4544 1761 4616 πλῆρες
1792 4544 1920 4614 ἔχωι

2040 4543 2244 4605 minus,
2279 4554 2336 4595 et
2372 4543 2427 4595 in
2460 4541 2838 4595 exinanitione
2873 4550 3063 4596 nostra
3104 4540 3509 4612 plenitudinem
3545 4542 3639 4598 ba-

342 4636 563 4701 θείκῶς,
586 4636 681 4689 καὶ
702 4635 760 4687 ἐν
781 4633 1038 4705 ἀσθενείᾳ
1058 4633 1259 4705 σαρκὸς
1275 4635 1384 4687 τῶν
1402 4636 1684 4706 δυνάμεων
1705 4637 1931 4708 Κύριος,

342 4732 438 4784 καὶ
467 4731 527 4782 ὲν
548 4729 661 4790 τοῖς
688 4728 787 4797 τῆς
828 4727 1248 4796 ἀνθρωτυότητος
1286 4727 1506 4797 μέτροις
1547 4727 1676 4780 ἴδιον
1706 4726 1844 4797 ἔχων
1875 4728 1936 4780 τὸ

343 4824 483 4895 ὑπὲρ
514 4823 697 4875 πᾶσαν
733 4820 831 4891 τὴν
874 4822 1071 4874 κτίσιν,
1115 4818 1182 4872 Ἀ
1218 4821 1315 4889 μὲν
1346 4820 1456 4890 γὰρ
1481 4814 1549 4891 ἦν
1576 4819 1683 4891 πρὸ
1712 4821 1931 4891 σαρκὸς,

342 4913 745 4985 ἀναποὸᾘιτως
782 4912 915 4982 ἔχει’
952 4911 1085 4973 θεὸς
1114 4911 1223 4982 γὰρ
1249 4908 1338 4982 ἦν,
1375 4914 1469 4964 καὶ
1498 4913 1625 4977 Υίὺς
1661 4913 1935 4984 ἀληθινὸς,

347 5004 647 5076 μονογενής
676 5020 734 5055 τε
766 5004 861 5055 καὶ
894 5003 1008 5070 φῶς
1027 5040 1043 5062 ,
1073 5000 1219 5072 ζωὴ,
1256 5002 1349 5053 καὶ
1376 5000 1626 5073 δύναμις.
1660 5004 1725 5055 Ἀ
1752 5003 1809 5055 δὲ
1837 5004 1937 5055 οὐκ

344 5094 432 5169 ἦν,
460 5097 635 5151 ταῦτα
662 5092 1048 5167 προσειληφὼς
1096 5096 1287 5165 ὁρᾶται
1334 5094 1423 5147 διὰ
1450 5095 1548 5166 τὴν
1584 5097 1896 5167 οἰκονομίαν
1920 5113 1933 5127 ·

346 5191 453 5245 [δια
474 5190 586 5259 γὰρ
612 5190 909 5256 ἐποιήσατο
937 5188 1003 5241 τὰ
1026 5187 1125 5257 τῆς
1153 5189 1372 5257 σαρκός.
1398 5190 1472 5241 Ut)
1507 5189 1616 5259 γὰρ
1645 5186 1712 5260 ἦν
1748 5190 1934 5261 ἐτέρου

344 5285 510 5347 τινος,
544 5280 708 5334 αὐτοῦ
733 5280 791 5333 δὲ
822 5280 1021 5351 μᾶλλον
1051 5282 1083 5350 ἡ
1108 5281 1401 5350 ἀφράστως
1436 5280 1610 5350 αὐτῷ,
1639 5283 1733 5334 καὶ
1764 5283 1938 5351 ἀπορ-

351 5378 529 5447 ρήτως
575 5372 840 5427 ἑνωθεῖσα
885 5374 1041 5445 σὰρξ.
1076 5372 1234 5427 Οὕτω
1263 5375 1357 5428 καὶ
1404 5374 1432 5423 ὁ
1481 5375 1643 5443 σοφὸς
1682 5374 1935 5443 Ἰωάννης

421 5534 468 5565 ⁸³
498 5532 641 5588 Psal.
673 5547 817 5598 χιιι,
841 5531 893 5586 '5.
973 5531 1019 5564 “
1041 5531 1197 5587 Joan.
1230 5547 1334 5596 am,
1362 5530 1450 5586 ‘38.
1529 5533 1573 5564 ⁸⁵
1595 5533 1751 5587 Joan.
1790 5548 1902 5597 vur,

2095 5531 2321 5585 “Joan.
2349 5546 2460 5593 xvr,
2493 5528 2583 5583 28.
2660 5528 2885 5582 "Joan.
2926 5544 3004 5595 ιιι,
3055 5526 3143 5580 51.

354 5602 494 5660 67.

852 5748 895 5757 γρ-

426 5866 456 5908 Ι
482 5858 568 5912 Ic.
598 5858 866 5913 ὑπελθεῖν.

2038 4634 2178 4690 bens
2222 4633 2555 4700 divinitatis,
2600 4640 2657 4688 et
2695 4634 2751 4687 in
2794 4632 3117 4687 infirmitate
3139 4634 3323 4689 carnis
3362 4634 3636 4690 virtutum

2038 4728 2341 4795 Dominus,
2380 4737 2439 4783 et
2488 4728 2544 4781 in
2596 4727 2873 4781 mensuris
2934 4726 3299 4783 humanitatis
3350 4728 3637 4798 proprium

2038 4820 2273 4884 habens,
2316 4820 2464 4891 quod
2479 4835 2646 4890 super
2675 4834 2896 4873 omnem
2924 4828 3009 4874 est
3038 4828 3374 4875 creaturam.
3418 4820 3639 4875 Etenim

2038 4931 2162 4985 quae
2185 4915 2231 4969 is
2260 4923 2390 4969 ante
2422 4928 2646 4968 carnem
2681 4920 2830 4976 erat,
2868 4911 3307 4967 inamissibiliter
3340 4912 3536 4975 habet,
3576 4921 3639 4965 ut

2041 5006 2191 5077 quod
2215 5007 2361 5061 Deus
2378 5014 2521 5067 erat,
2545 5014 2601 5060 et
2617 5004 2793 5059 Filius
2814 5019 2983 5059 verus
3004 5011 3060 5058 et
3076 5004 3421 5075 nnigenitus,
3442 5012 3498 5058 et
3519 5002 3638 5069 lux,

2043 5107 2100 5152 et
2115 5098 2247 5161 vita,
2266 5104 2322 5150 et
2343 5096 2538 5149 virtus.
2572 5094 2703 5160 Quae
2724 5110 2860 5149 vero
2886 5109 2996 5148 non
3014 5103 3154 5158 erat,
3170 5110 3234 5149 ea
3260 5101 3478 5163 preptet
3524 5093 3644 5147 dis-

2044 5185 2424 5257 pensationem
2467 5184 2832 5253 assumpsisse
2874 5185 3122 5239 cernitur
3158 5201 3171 5237 :
3203 5200 3329 5237 nam
3359 5200 3482 5254 quae
3517 5200 3643 5239 ear-

2045 5281 2130 5334 nis
2162 5288 2343 5349 erant,
2372 5279 2478 5332 sibi
2510 5281 2736 5348 propria
2765 5278 2915 5333 fecit.
2951 5278 3071 5332 Non
3095 5277 3242 5331 enim
3269 5293 3399 5332 caro
3426 5277 3530 5347 ipsi
3557 5278 3644 5331 in-

2044 5372 2339 5427 eﬂ'abiiiter
2360 5378 2417 5425 et
2441 5371 2885 5425 inenarrabiliter
2914 5368 3644 5439 unita,alteriuseujusplam

3225 5527 3268 5558 ⁸⁸
3304 5526 3542 5598 Philipp.
3582 5543 3645 5595 ιι,

1461 5736 1636 5792 Variae
1664 5736 1928 5792 lectiones
1957 5738 2163 5795 codicis
2198 5739 2565 5810 Seguieriani.
