4126 6314
634 378 734 433 507.
1651 378 1705 434 δ.
1747 377 2018 433 evntLLt
2056 364 2524 433 ALEXANDRINI
2559 378 2877 438 ARCHIEP.
3756 381 3863 434 5M

632 506 767 559 erat,
796 495 898 551 sed
932 496 1104 565 ipsius
1125 497 1388 567 ejusdem.
1443 498 1518 551 lta
1560 507 1615 552 et
1664 500 1881 568 sapiens
1911 499 2149 553 Joannes
2182 516 2195 550 :
2237 543 2261 595 Α

2237 543 2269 595 Α
2303 502 2480 569 σάρκα
2529 502 2661 569 φησι
2700 501 2949 567 γενέσθαι
2974 502 3065 556 τὸν
3099 503 3291 570 Λόγον.
3322 502 3515 570 Γέγονε
3542 502 3596 553 δὲ
3629 500 3761 571 σάρξ
3799 499 3862 551 οὐ

637 608 653 637 ι
680 588 939 652 Verbum,
969 588 1165 658 inquit,
1223 605 1349 643 caro
1375 590 1578 643 factum
1602 600 1684 645 cst
1712 593 1775 643 θ’.
1804 612 1817 639 ι
1846 591 2067 644 Factum
2106 607 2201 644 au-
2231 586 2266 595 ”

2235 586 2269 595 ”
2302 595 2444 646 κατὰ
2494 594 2839 662 μετάστασιν,
2891 593 2922 661 ἢ
2973 594 3198 665 τροπὴν,
3244 594 3275 664 ἢ
3314 594 3595 646 ἀλλοίωσιν
3645 595 3723 655 είς
3764 591 3864 660 τὴν

627 691 737 733 tem
769 689 852 734 est
875 695 1024 743 caro,
1058 696 1165 734 non
1194 684 1337 748 quod
1358 682 1657 734 secundum
1689 684 2089 744 transitionem,
2113 682 2197 735 vel

2299 684 2397 753 τῆς
2434 686 2631 755 σαρκὸς
2662 684 2822 751 φύσιν
2871 684 3221 753 μεταὸαλών⁶
3265 684 3386 737 οὔτε
3422 685 3528 753 μὴν
3559 683 3790 754 φυρμὸν,
3828 680 3863 751 ἢ

627 772 1037 826 conversionem
1049 773 1150 835 ,vel
1164 773 1727 835 commutationem,in
1742 772 1922 826 carnis
1946 782 2197 825 naturam

2302 770 2609 840 σύγκρισιν,
2644 773 2676 842 ἢ
2707 772 2802 843 τὴν
2835 772 3234 844 θρυλλουμένην
3261 774 3409 843 παρά
3440 790 3547 825 τισι
3573 773 3867 826 συνουσία)-

629 870 1047 915 transmutatum
1096 861 1192 923 sit;
1231 875 1408 928 neque
1448 860 1593 929 quod
1622 860 2082 922 commistionem,
2105 870 2199 913 aut

2300 880 2384 914 σιν
2437 865 2732 933 ὑπομείνας
2783 867 3093 935 (ἀμήχανον
3128 867 3256 933 γὰρ,
3292 867 3521 935 ἐπείπερ
3567 866 3681 917 ἐστὶ
3722 864 3866 917 κατᾶ

629 953 1053 1016 concretionem,
1084 962 1177 1005 aut
1220 953 1360 1006 illam
1403 953 1765 1022 quorumdam
1808 967 2060 1016 sermone
2102 951 2196 1005 de—

2299 937 2457 1018 φύσιν
2502 956 2783 1023 ἀτρέπτως
2815 973 2874 1008 τε
2932 956 3024 1008 καὶ
3051 956 3423 1020 ἁναλλοιώτως
3459 955 3649 1025 ἔχων),
3688 956 3865 1025 σάρκα

629 1053 896 1099 cantatam
919 1045 1535 1099 consubstantiationem
1578 1044 1811 1098 subierit
1837 1048 1849 1105 ί
1860 1044 1912 1097 id
1948 1046 2092 1098 enim
2116 1052 2199 1098 est

2297 1044 2353 1095 δὲ
2385 1046 2582 1114 μᾶλλον
2626 1046 2977 1117 ἐψυχωμένην
3001 1047 3145 1117 ψυχῇ
3196 1051 3357 1117 νοερᾷ.
3401 1044 3727 1117 παρθενικοῦ
3771 1045 3870 1099 καὶ.

630 1135 985 1204 impossibile,
1037 1135 1293 1203 quoniam
1341 1134 1645 1189 secundum
1683 1143 1938 1187 naturam
1994 1134 2199 1187 incom-

2296 1134 2565 1204 ἀχράντου
2605 1136 2852 1206 σώματος
2902 1136 3101 1196 λαϐὼν.
3145 1138 3237 1191 καὶ
3273 1139 3412 1191 ἰδίαν
3442 1138 3611 1207 αὐτὴν
3638 1139 3869 1209 ποιησά-

628 1227 961 1280 mutabiliter
989 1234 1043 1280 et
1071 1226 1561 1280 inconvertibiliter
1584 1241 1641 1279 se
1668 1226 1876 1289 habet),
1915 1225 2012 1279 sed
2052 1224 2197 1293 quod

2298 1240 2476 1292 μενος.
2517 1225 2674 1289 Ἐθος
2702 1226 2758 1279 δὲ
2780 1230 2843 1295 τῇ
2876 1227 3215 1297 θεοπνεύστῳ
3245 1228 3433 1299 Γραφῇ
3456 1270 3470 1293 ,
3503 1230 3597 1283 καὶ
3629 1230 3736 1282 ἀπὸ
3768 1230 3868 1295 μό-

626 1333 690 1371 ex
717 1320 962 1387 virgineo
1002 1326 1059 1372 et
1104 1319 1316 1372 illibato
1362 1334 1593 1388 corpore
1634 1333 1853 1371 carnem
1898 1318 2076 1371 anima
2118 1317 2198 1369 in-

2293 1330 2391 1383 νης
2424 1313 2535 1366 ἔσθ’
2574 1316 2661 1368 ὅτε
2698 1317 2796 1386 τῆς
2829 1319 3030 1388 σαρκὸς
3062 1319 3179 1371 ὅλον
3224 1319 3509 1388 ἄνθρωπον
3545 1321 3862 1376 ὑποδηλοῦψ

629 1408 905 1478 telligente
920 1408 1214 1462 animatam
1231 1408 1668 1477 assumpserit,et
1681 1423 1835 1461 suam
1861 1406 2197 1461 fecerit.Caz-

2301 1420 2319 1452 ι
2382 1403 2584 1472 Ἐκχεῶ
2623 1406 2749 1473 γάρ,
2787 1408 2971 1474 φησὶν,
3009 1408 3117 1460 ἀπὸ
3149 1407 3237 1461 τοῦ
3273 1409 3595 1478 Πνεῦματός·
3633 1429 3733 1479 μου
3773 1411 3870 1464 ἐπὶ

628 1509 805 1553 terum
846 1513 963 1552 mos
986 1506 1070 1553 est
1106 1498 1402 1568 Scripturae
1433 1499 1698 1552 divinitus
1719 1500 1993 1567 inspiratae
2025 1512 2053 1549 a
2080 1496 2197 1551 sola

2296 1494 2474 1545 πᾶσαν
2506 1494 2700 1562 σάρκα.
2740 1513 2757 1543 ι
2796 1497 2867 1547 Οὐ
2895 1498 3002 1567 γάρ
3030 1516 3110 1551 τοι
3144 1498 3329 1569 σαρξὶν
3362 1502 3461 1553 οὑκ
3489 1501 3870 1572 ἐψυχωμέναις

628 1606 790 1645 carne
825 1591 1120 1660 aliquando
1150 1601 1321 1644 totum
1364 1591 1641 1645 hominem
1688 1590 2027 1657 signiﬁcare:
2059 1610 2076 1639 ι
2102 1588 2194 1642 El-

2294 1584 2435 1654 ψυχῇ
2464 1587 2624 1655 νοερᾷ
2656 1587 2868 1655 ἐνήσειν
2892 1588 3022 1651 Θεὸς
3052 1590 3441 1658 ἐπηγγέλλετο,
3478 1592 3782 1663 ἀνθρώποις
3810 1592 3869 1646 δὲ

628 1686 849 1740 fundam
892 1686 1057 1748 enim,
1086 1685 1280 1753 inquit,
1308 1684 1373 1737 de
1400 1683 1605 1753 Spiritu
1631 1698 1754 1737 meo
1783 1698 1948 1752 super
1976 1698 2195 1736 omnem

2298 1676 2493 1743 μᾶλλον
2522 1681 2635 1739 τοῖς
2674 1680 3000 1732 συνεστῶσιν
3036 1683 3099 1733 ὲκ
3136 1681 3311 1753 ψυχῆς
3339 1687 3431 1737 καὶ
3462 1684 3728 1755 σώματος.
3762 1686 3871 1738 Οὐ-

626 1780 976 1834 οετηεωτο.›
1032 1776 1218 1844 Neque
1265 1776 1411 1829 enim
1448 1773 1698 1844 promisit
1742 1774 1884 1828 Deus
1931 1773 2194 1845 carnibus

2294 1766 2423 1819 κοῦν
2453 1770 2550 1821 οὐκ
2577 1770 2908 1841 ἀποδραμὼν
2938 1776 2965 1825 6
2994 1774 3165 1841 Λόγος
3196 1773 3289 1828 τοῦ
3319 1772 3457 1829 εἶναι
3482 1777 3509 1829 ὃ
3537 1773 3624 1847 ἦν,
3648 1778 3872 1846 γέγονεν

625 1870 807 1925 anima
847 1868 1181 1937 intelligente
1226 1881 1333 1920 non
1386 1865 1642 1919 animatis
1689 1880 1745 1917 se
1795 1863 2190 1929 immissurum,
2226 1885 2254 1938 Β

2241 1886 2266 1937 3
2294 1859 2597 1930 ἄνθρωπος,
2628 1862 2762 1914 ἀλλὰ
2788 1865 2879 1915 καὶ
2908 1865 2964 1916 ἐν
2994 1864 3125 1917 εἴδει
3152 1865 3227 1934 τῷ
3257 1868 3380 1918 καθ’
3407 1870 3556 1937 ἡμᾶς
3588 1866 3870 1939 πεφηνὼς,

624 1963 718 2017 sed
752 1961 1065 2015 hominibus
1088 1976 1155 2013 ex
1186 1973 1417 2027 corpore
1443 1967 1497 2011 et
1527 1958 1707 2010 anima
1734 1956 2063 2010 constitutis.
2093 1955 2195 2008 lta—

2296 1952 2685 2023 άπομεμένηκε
2734 1955 2925 2023 Λόγοςτ
2986 1957 3097 2010 Καὶ
3155 1960 3216 2011 οὑ
3270 1961 3535 2029 πρότερον
3585 1960 3872 2030 ἄνθρωπος

624 2070 727 2123 que
755 2054 993 2108 Verbum
1014 2067 1122 2105 non
1141 2050 1343 2120 refugit
1369 2065 1487 2103 esse
1520 2050 1664 2116 quod
1684 2059 1799 2101 erat
1821 2062 1945 2100 cum
1992 2047 2195 2100 factum

2294 2046 2494 2096 νοεῖται
2518 2045 2771 2115 Χριστὸς,
2800 2044 2897 2099 εἷθ’
2918 2048 3059 2101 οὕτω
3081 2050 3357 2121 προελθὼν
3378 2053 3458 2113 είς
3477 2051 3535 2103 τὸ
3554 2048 3689 2104 εἶναι
3711 2052 3868 2115 Θεόςο

621 2156 704 2202 est
728 2147 912 2209 homo,
950 2145 1044 2199 sed
1075 2145 1130 2197 in
1156 2144 1336 2213 specie
1363 2142 1528 2196 simili
1551 2140 1709 2194 nobis
1743 2154 2010 2208 apparens
2036 2138 2194 2207 182

2294 2134 2428 2187 ἀλλὰ
2472 2132 2603 2197 Θεὸς
2648 2137 2720 2188 ὢν
2752 2139 2780 2190 6
2826 2138 2995 2205 Λόγος
3043 2141 3262 2207 γέγονεν
3309 2141 3631 2210 ἄνθρωπος,
3690 2141 3776 2194 ῐνα
3809 2144 3872 2193 ὲν

622 2239 822 2292 mansit
878 2236 1139 2291 Verbum.
1177 2235 1376 2301 ,Neque
1435 2232 1590 2300 prius
1652 2230 1817 2283 homo
1871 2228 2195 2297 intelligitur

2292 2223 2473 2294 ταυτῷ
2515 2226 2697 2293 νοῆται
2745 2226 2876 2291 Θεὸς
2918 2230 3175 2300 ὑπάρχων
3214 2232 3347 2299 ὁμοῦ
3382 2231 3480 2285 καὶ
3528 2232 3813 2303 ἄνθρωπος
3841 2233 3872 2286 6

612 2330 896 2392 Christus,
928 2326 1123 2381 deinde
1155 2325 1231 2379 sic
1273 2338 1617 2393 progressus,
1660 2323 1733 2375 ita
1760 2330 1818 2374 ut
1846 2328 1990 2375 esset
2013 2321 2187 2375 Deus:

2292 2317 2473 2379 αὐτός.
2500 2318 2567 2369 Οἵ
2592 2335 2653 2385 γε
2688 2319 2793 2389 μὴν
2821 2320 2980 2374 αὑτὸν
3005 2324 3083 2385 εἰς
3111 2323 3257 2387 υἱοὺς
3291 2322 3601 2393 μερίζοντες
3624 2325 3735 2387 δύο,
3771 2326 3872 2378 καὶ

622 2422 718 2475 sed
744 2422 888 2474 Deus
912 2420 1179 2473 exsistens
1210 2416 1449 2470 Verbum
1482 2415 1683 2469 factum
1730 2423 1813 2467 est
1840 2414 2024 2475 homo,
2052 2422 2115 2467 ut
2134 2413 2191 2467 in

2291 2408 2597 2477 τολμῶντες
2628 2410 2807 2477 λέγειν
2852 2413 2933 2464 ὅτι
2975 2414 3067 2466 τὸν
3112 2416 3176 2467 ἐκ
3219 2415 3532 2485 σπέρματος
3579 2416 3671 2469 τοῦ
3710 2415 3874 2470 Δαυτδ

621 2513 813 2567 eodem
860 2512 1002 2565 Deus
1032 2508 1193 2563 simul
1224 2518 1279 2561 et
1301 2508 1467 2560 homo
1502 2506 1838 2576 intelligatur
1893 2504 2057 2559 idem.
2086 2504 2190 2570 Qui

2291 2500 2575 2570 ἄνθρωπον
2619 2502 2796 2571 ἑαυτῷ
2847 2505 3085 2575 συνῆψεν
3124 2510 3150 2559 6
3184 2508 3316 2571 Θεὸς
3364 2510 3568 2577 Λόγος,
3610 2510 3703 2563 καὶ
3743 2514 3874 2579 μετ·

622 2612 805 2657 autem
827 2602 1003 2671 ipsum
1033 2602 1085 2654 in
1113 2600 1252 2654 duos
1276 2599 1532 2653 dividunt
1562 2598 1721 2662 tilios,
1764 2608 1821 2653 et
1869 2597 2071 2651 audent
2104 2596 2190 2649 di—

2292 2592 2491 2645 ἐδωκεν
2522 2594 2673 2663 αὑτῷ
2711 2595 2811 2664 τῆς
2846 2595 3026 2661 ἀξίας,
3056 2600 3150 2652 καὶ
3178 2599 3279 2665 τῆς
3308 2600 3492 2671 τιμῆς,
3524 2602 3618 2653 καὶ
3644 2601 3739 2654 τοῦ
3772 2602 3874 2671 τῆς

620 2711 747 2750 cere
798 2693 947 2764 quod
975 2708 1043 2747 ex
1095 2692 1307 2746 semine
1349 2690 1579 2761 Ahrahm
1606 2690 1887 2743 hominem
1928 2690 2033 2743 sibi
2084 2689 2190 2757 ipsi

2291 2686 2535 2755 υίότητος
2578 2687 2887 2758 ἀξιώματος
2913 2728 2928 2752 ,
2968 2690 3063 2742 καὶ
3098 2692 3505 2760 παρεσκεύασεν
3538 2692 3697 2745 αὑτὸν
3742 2694 3876 2746 ὐπο-

621 2785 969 2857 conjunxerit
994 2785 1157 2845 Deus,
1195 2791 1249 2836 et
1290 2780 1710 2835 communicarit
1746 2781 1821 2834 illi
1868 2781 2189 2850 dignitatem

2293 2778 2472 2845 μεῖναι
2495 2777 2746 2846 σταυρὸν,
2772 2778 3081 2845 ἀποθανεῖν,
3114 2781 3207 2843 καὶ
3239 2781 3558 2846 ἀναϐιῶναι,
3594 2784 3688 2835 καὶ
3716 2782 3874 2835 ἀνελ-

620 2889 679 2934 et
696 2878 981 2939 honorem,
1000 2891 1063 2929 ac
1084 2873 1365 2929 ﬁliationis
1381 2873 1784 2935 excellentiam,
1797 2879 1853 2927 et
1870 2872 2191 2942 praepararit

2293 2867 2404 2920 θεῖν
2448 2869 2528 2930 είς
2556 2870 2648 2920 τὸν
2685 2872 2932 2941 οὐρανὸν,
2965 2871 3060 2924 καὶ
3098 2871 3319 2925 καθίσαι
3348 2874 3403 2923 ὲν
3450 2871 3600 2943 δεξιᾷ
3632 2873 3725 2926 τοῦ
3758 2874 3874 2927 Πα-

624 2970 779 3023 illum
815 2976 874 3021 ut
896 2966 1065 3020 ferret
1094 2980 1337 3027 crucem,
1369 2972 1682 3017 moreretur
1724 2971 1781 3016 et
1812 2963 2189 3025 revivisceret,

2292 2958 2439 3029 τρὸς,
2497 2958 2583 3010 ἵνα
2631 2960 3011 3028 προσκυνῆται
3058 2960 3209 3030 παρὰ
3262 2962 3441 3032 πάσης
3475 2962 3573 3031 τῆς
3604 2962 3834 3026 κτίσεως
3852 2990 3872 3027 -,

619 3076 684 3115 ac
712 3061 765 3114 in
783 3059 980 3113 cmlum
1012 3057 1349 3119 ascenderet,
1377 3064 1431 3109 et
1456 3055 1521 3108 ad
1546 3055 1825 3109 dexteram
1849 3055 2065 3109 sederet
2094 3055 2192 3109 Pa-

2293 3051 2542 3121 ἀναφορᾷ
2563 3049 2697 3103 Θεοῦ
2719 3050 3004 3120 δεχόμενος
3031 3053 3127 3112 τὰς
3152 3070 3202 3104 τι
3212 3052 3337 3121 μὰς,
3364 3053 3577 3122 πρῶτον
3603 3055 3699 3123 μὲν
3722 3055 3877 3117 υίσῦς

620 3154 738 3214 tris,
768 3159 829 3206 ut
851 3152 919 3205 ab
943 3150 1092 3203 omni
1118 3158 1367 3204 creatura
1399 3149 1674 3209 adoretur,
1709 3154 1764 3201 et
1806 3147 2072 3201 honorem
2102 3163 2190 3201 re-

2295 3147 2657 3219 πρεσϐεύουσι
2686 3145 2799 3205 δύο,
2842 3140 2963 3195 εἶτα
3006 3144 3098 3195 τοῦ
3150 3144 3449 3212 μυστηρίου
3498 3146 3595 3212 τὴν
3642 3143 3877 3213 δύναμιν

618 3244 825 3298 latione
860 3242 927 3295 ad
951 3242 1122 3296 Deum
1154 3240 1341 3293 habita
1364 3240 1626 3293 sortiatur
1660 3256 1671 3290 :
1700 3238 1939 3307 primum
1969 3238 2191 3308 quidem
2222 3224 2247 3278 ί

2249 3225 2262 3276 λ
2298 3239 2743 3309 ἁντιστρέφουσιν
2774 3235 3021 3305 ἀμαθῶς.
3057 3237 3132 3287 Οὐ
3165 3236 3272 3304 γάρ
3298 3235 3358 3299 ἐξ
3402 3232 3694 3305 ἀνθρώπου
3739 3234 3878 3299 Θεὸς

621 3335 760 3389 duos
791 3334 930 3387 ﬁlios
948 3334 1267 3402 prtedicant,
1292 3332 1489 3386 deinde
1524 3332 1851 3386 sacramenti
1873 3333 1985 3385 vim
2024 3334 2197 3403 impe-

2292 3332 2511 3399 γέγονεν
2558 3331 2585 3380 6
2616 3327 2871 3398 Χριστὸς,
2912 3328 2987 3389 ὡς
3017 3329 3173 3395 ἔφην,
3213 3328 3351 3379 ἀλλὰ
3379 3327 3511 3390 Θεὸς
3538 3326 3611 3379 ὣν
3639 3331 3665 3380 6
3700 3327 3877 3394 Λόγος

614 3428 725 3482 "rite
758 3435 1099 3494 retorquent.
1137 3425 1256 3479 Non
1286 3424 1433 3478 enim
1463 3439 1529 3477 ex
1566 3423 1785 3477 homine
1833 3424 1977 3478 Deus
2020 3424 2197 3478 factus

2292 3426 2483 3491 γέγονε
2531 3422 2667 3491 σὰρξ
2693 3462 2706 3483 ,
2742 3421 3021 3473 τουτέστιν
3068 3420 3371 3489 ἄνθρωπος.
3425 3419 3774 3472 Κεκενῶσθαι
3815 3418 3876 3473 δὲ

620 3532 703 3575 est
722 3518 992 3581 Christus,
1020 3526 1081 3571 ut
1102 3517 1210 3571 dixi
1236 3535 1248 3582 ;
1276 3516 1369 3571 sed
1404 3517 1548 3569 Deus
1568 3516 1840 3570 exsistens
1859 3516 2099 3571 Verbum
2114 3516 2195 3571 fa-

2291 3506 2545 3584 λέγεται,
2580 3516 2654 3578 ὼς
2699 3514 2805 3585 πρὸ
2838 3514 2941 3581 τῆς
2971 3512 3250 3575 κενώσεως
3295 3514 3355 3565 τὸ
3401 3512 3603 3581 πλῆρες
3635 3510 3772 3580 ἔχων
3814 3512 3879 3564 ὲν

611 3623 766 3667 'ctum
790 3620 874 3667 est
900 3622 1061 3674 'c‘aro,
1093 3610 1197 3664 hoc
1222 3619 1306 3663 est
1340 3612 1521 3663 homo.
1549 3609 1872 3662 Exinanitus
1912 3625 2043 3663 vero
2076 3624 2195 3663 esse

2300 3608 2405 3676 ἰδία
2450 3606 2627 3675 φύσει,
2665 3605 2796 3657 καθὸ
2823 3608 3027 3656 νοεῖται
3060 3602 3221 3666 Θεὸς.
3255 3604 3329 3657 Οὐ
3358 3604 3463 3674 γὰρ
3494 3605 3556 3655 ἐκ
3590 3602 3685 3655 τοῦ
3716 3602 3876 3667 κενὸς

618 3703 841 3764 dicitur,
868 3716 933 3754 eo
973 3700 1118 3769 quod
1152 3708 1278 3753 ante
1319 3698 1745 3753 exinanitionem
1795 3698 2190 3765 plenitudinem

2296 3696 2433 3752 εἶναί
2462 3716 2543 3760 τις
2572 3700 2648 3759 είς
2674 3698 2735 3748 τὸ
2768 3696 2973 3765 πλῆρες
3003 3694 3193 3763 ἀνέὁη,
3226 3695 3559 3763 ἐταπείνωσε
3586 3694 3643 3746 δὲ
3671 3694 3877 3762 μᾶλλον

620 3791 811 3846 habuit
846 3792 899 3844 in
931 3792 1148 3859 propria
1168 3797 1667 3858 natura,quatenus
1692 3789 2014 3859 intelligitur
2030 3791 2189 3845 Deus.

2296 3790 2488 3843 ἑαυτὸν
2517 3789 2575 3851 ἐξ
2605 3788 2915 3857 ὑψωμάτων
2943 3785 3157 3847 θεῖκῶν,
3198 3785 3292 3836 καὶ
3321 3786 3558 3853 ἀρρήτου
3593 3783 3769 3853 δόξης,
3803 3784 3874 3836 οὐ

618 3884 740 3937 Νοιι
765 3883 913 3936 enim
935 3898 1002 3937 ex
1028 3898 1094 3936 eo
1133 3882 1275 3950 quod
1296 3882 1474 3934 inanis
1494 3889 1659 3941 esset,
1697 3880 1763 3934 ad
1793 3881 2190 3949 plenitudinem

2293 3883 2546 3944 ταπεινὸς
2574 3879 2649 3933 ὣν
2678 3881 2983 3950 ἄνθρωπος,
3016 3878 3202 3947 ὑψώθη
3234 3876 3639 3947 δεδοξασμένος.
3669 3877 3875 3931 Ἐλαόε

621 3974 900 4044 pervenit;
928 3973 1023 4027 sed
1052 3973 1222 4042 magis
1244 3988 1311 4026 ex
1339 3971 1523 4025 divina
1562 3971 1886 4027 celsitudine
1912 3982 1967 4026 et
2004 3973 2192 4027 inclia-

2294 3975 2349 4026 δὲ
2382 3973 2567 4026 δούλου
2609 3971 2821 4043 μορφὴν
2851 3971 2926 4033 ὠς
2963 3969 3241 4039 ἐλεύθερος
3262 4010 3275 4033 ,
3317 3970 3436 4037 οὐχὶ
3475 3967 3655 4031 δοῦλος
3684 3969 3759 4020 ὢν
3789 3970 3876 4032 εἰς

620 4064 715 4118 bili
738 4064 910 4134 glaria
929 4062 1605 4131 humiliavitsemetipsum
1629 4086 1642 4125 ,
1678 4079 1808 4125 non,
1839 4064 2061 4119 humilis
2089 4064 2191 4119 ho-

2295 4066 2393 4136 τὴν
2422 4066 2519 4133 τῆς
2548 4062 2859 4132 ἐλευθερίας
2893 4061 3195 4130 ἀνεπήδησε
3223 4059 3397 4122 δόξαν.
3446 4059 3531 4110 Ἐν
3563 4059 3875 4127 ὁμοιώματι

620 4170 711 4209 mo
733 4156 1019 4217 exsistens,
1042 4154 1213 4223 gloria
1234 4161 1454 4221 accepta
1475 4155 1743 4207 exaltatus
1757 4164 1859 4209 est.
1877 4154 2029 4210 Servi
2048 4174 2189 4227 pra:—

2295 4157 2594 4226 άνθρώπων
2618 4156 2839 4223 γέγονεν
2858 4154 2886 4207 ὸ
2908 4155 2966 4206 ὲν
2988 4154 3165 4221 μορφῇ
3189 4152 3282 4204 καὶ
3304 4150 3506 4218 ἰσότητι
3524 4150 3614 4203 τοῦ
3636 4148 3876 4219 Πατρὸς,

618 4252 767 4295 terea
825 4242 1054 4295 formam
1098 4243 1351 4310 sumpsit,
1390 4252 1449 4295 ut
1479 4243 1653 4308 liber;
1695 4260 1803 4297 non
1838 4260 1961 4298 cum
1998 4263 2191 4303 servus

2294 4249 2394 4301 οὐκ
2443 4248 2731 4320 ἄνθρωπος
2759 4245 2854 4308 ὣν,
2899 4245 2962 4297 τὸ
3008 4245 3064 4297 ὲν
3102 4241 3404 4313 ὁμοιώματι
3454 4241 3589 4295 Θεοῦ
3618 4240 3873 4308 γενέσθαι

618 4341 761 4387 esset
776 4332 843 4386 ad
870 4333 1137 4388 libertatis
1157 4333 1384 4403 gloriam
1408 4334 1671 4387 ascendit.
1696 4334 1753 4388 1n
1772 4336 2186 4392 similitudinem

1339 4348 1384 4385 m
1408 4334 1671 4387 ascendit.
1696 4334 1753 4388 1n
1772 4336 2186 4392 similitudinem
2296 4340 2636 4411 πεπλούτηκε
2671 4338 2968 4410 μεθεκτῶς.

621 4423 901 4478 hominum
938 4422 1116 4478 lactus
1157 4433 1261 4487 est,
1292 4424 1383 4492 qui
1422 4424 1476 4478 in
1522 4425 1697 4480 forma
1731 4437 1787 4481 et
1820 4429 2130 4498 aequalitate
2170 4429 2346 4485 Patris
2382 4440 2529 4497 erat;
2568 4446 2680 4485 non
2730 4430 2893 4483 homo
2942 4428 3239 4491 exsistens,
3298 4424 3601 4479 secundum
3640 4425 3867 4493 partici-

624 4516 904 4585 pationcm
962 4522 1294 4569 consecutus
1342 4524 1426 4569 est
1473 4526 1535 4568 ut
1565 4516 1720 4571 ﬁeret
1770 4519 1823 4572 in
1881 4520 2297 4575 similitudinem
2327 4522 2446 4577 Dei.

688 4609 829 4675 Quid
867 4609 1030 4679 igitur
1076 4618 1399 4677 retorquent
1429 4610 1851 4680 dispensationis
1881 4630 2187 4680 sermones,
2220 4628 2271 4685 ι)

2233 4628 2271 4685 ι)
2365 4617 2429 4668 Τί
2474 4616 2655 4668 τοίνυν
2686 4615 3097 4682 ἁντιστρὲφουσι
3136 4613 3234 4681 τῆς
3273 4612 3583 4681 οἰκονομίας
3608 4614 3732 4676 τοὺς
3781 4614 3862 4668 λόι

619 4712 675 4755 et
694 4702 979 4755 veritatem
1009 4701 1340 4764 adulteram,
1366 4712 1557 4757 contra
1580 4718 1770 4759 omnes
1803 4705 2067 4760 divinitus
2104 4708 2189 4760 in“-

2292 4723 2456 4775 γους,
2493 4706 2587 4758 καὶ
2637 4704 3121 4774 παρασημαίνουσι
3163 4702 3262 4771 τὴν
3307 4700 3586 4772 ἀλήθειαν,
3628 4704 3871 4770 ἁπάσαις

619 4795 851 4864 spiratas
884 4793 1199 4861 Scripturas
1254 4794 1617 4863 insurgentes,
1676 4812 1797 4866 qua:
1852 4798 2024 4853 Deum
2072 4815 2193 4854 esse

2293 4795 2742 4864 ἁντανιστάμενοι
2774 4794 2893 4853 ταῖς
2926 4789 3301 4851 θεοπνεύστοις
3327 4788 3571 4859 Γραφαῖς
3593 4830 3607 4852 ,
3648 4789 3703 4842 αἳ
3736 4788 3869 4844 Θεδτ

618 4886 796 4940 sciunt
835 4884 1001 4939 etiam
1052 4883 1325 4938 hominem
1382 4886 1585 4940 factum
1631 4887 1852 4951 Filium,
1912 4907 2193 4960 unumque

2292 4872 2420 4940 ὸντα
2446 4887 2801 4955 γινώσκουσι,
2831 4884 2925 4936 καὶ
2954 4881 3448 4950 ὲνανθρωπήσαντα
3477 4882 3568 4933 τὸν
3593 4880 3740 4946 Υίὸν,
3771 4879 3870 4937 Eva

618 4978 794 5045 ipsum
821 4975 1026 5044 ubique
1048 4976 1369 5029 nominant?
1396 4978 1548 5033 [inde
1571 4986 1626 5033 et
1651 4980 1705 5033 in
1734 4980 1877 5034 libro
1901 4984 2193 5037 creationis

2292 4996 2350 5031 τε
2379 4978 2700 5048 ὀνομάζουσι
2730 4973 3007 5044 πανταχοῦ
3031 4990 3045 5037 ;
3066 4974 3176 5027 Καὶ
3195 4972 3324 5039 γοῦν
3354 4975 3413 5025 ὲν
3442 4974 3520 5044 τῷ
3542 4975 3642 5045 τῆς
3655 4978 3860 5045 Κοσμη

616 5066 805 5121 mundi
842 5068 1061 5137 scripsit
1088 5068 1317 5137 Moyses,
1343 5069 1487 5137 quod
1533 5073 1747 5140 trajecit
1779 5073 2002 5141 quidem
2045 5075 2186 5128 divi-

2298 5072 2477 5131 ποιῖας
2524 5070 2709 5139 βιϐλίῳ
2756 5068 3031 5137 γέγραφεν
3080 5067 3107 5118 ὁ
3145 5066 3417 5135 Μωῡσῆς,
3476 5066 3551 5130 ὡς
3595 5068 3875 5123 διεϐίϐασε

616 5174 719 5212 nus
738 5158 905 5213 Iacob
944 5166 1093 5212 trans
1132 5168 1431 5213 torrentem
1477 5161 1645 5215 Jacoh
1692 5179 1893 5231 pueros
1949 5181 2097 5230 suos,
2132 5176 2187 5221 et

2297 5163 2395 5232 μὲν
2430 5165 2457 5213 ὁ
2492 5162 2774 5223 θεσπέσιος
2831 5158 3024 5213 Ἰακὼό
3060 5160 3149 5213 τὸν
3184 5161 3518 5232 χειμάρρουν
3578 5160 3769 5214 Ἰαὸὼκ
3799 5162 3874 5214 τὰ

616 5248 815 5302 mansit
866 5247 1033 5311 solus,
1063 5249 1406 5318 luctatusque
1452 5260 1535 5305 cst
1559 5253 1720 5305 homo
1745 5270 1870 5308 cum
1911 5272 1978 5308 eo
2014 5272 2187 5326 usque

2294 5253 2483 5305 παιδία
2516 5252 2680 5309 αὐτοῦ
2703 5294 2716 5314 ,
2759 5253 2851 5306 καὶ
2886 5252 3146 5319 άπέμεινε
3179 5254 3365 5321 μόνος·
3404 5254 3629 5305 ὲπάλαιε
3658 5254 3714 5306 δὲ
3746 5254 3868 5321 μετ’

617 5354 807 5393 mane:
846 5348 903 5393 et
932 5339 1145 5392 vocavit
1189 5340 1356 5394 Jacob
1402 5356 1601 5395 nomen
1634 5343 1737 5396 loci
1783 5347 1923 5413 ejus,
1964 5344 2187 5413 Species

2291 5342 2454 5395 αὑτοῦ
2495 5342 2776 5410 ἄνθρωπος
2808 5342 2911 5401 ἓως
2940 5341 3103 5410 πρωΐ·
3138 5341 3228 5393 καὶ
3275 5342 3533 5394 ἐκάλεσεν
3583 5339 3773 5393 Ἰακὼὸ
3803 5342 3871 5394 τὸ

614 5430 742 5484 Dei:
782 5430 1128 5491 «Vidienim,
1164 5430 1359 5500 inquit,
1394 5434 1560 5485 Deum
1615 5434 1749 5487 facie
1776 5436 1841 5488 ad
1888 5436 2104 5499 faciem,
2131 5450 2186 5492 et

2293 5434 2460 5503 ὖνομα
2494 5434 2585 5485 τοῦ
2617 5435 2783 5484 τόπου
2828 5433 3035 5484 ἐκείνου
3060 5473 3073 5492 .
3107 5428 3262 5495 Εἶδος
3297 5433 3452 5484 Θεοῦ·
3487 5452 3503 5483 ι
3545 5428 3693 5485 Εἶδον
3724 5434 3867 5502 γὰρ,

614 5522 815 5575 salvata
844 5530 926 5575 est
944 5522 1123 5575 anima
1150 5538 1287 5575 mea.
1312 5522 1475 5576 Ortus
1499 5534 1579 5577 est
1603 5535 1784 5579 autem
1804 5527 1851 5579 ei
1873 5529 1950 5581 sol
1968 5530 2188 5597 quando

2294 5528 2443 5595 φησὶ,
2468 5526 2599 5577 Θεὸν
2626 5528 2915 5595 πρόσωπον
2945 5525 3079 5594 πρὸς
3099 5526 3409 5595 πρόσωπον,
3437 5526 3529 5577 καὶ
3557 5523 3733 5593 ἐσώθη
3764 5542 3869 5594 μου

612 5614 827 5668 transiit
855 5614 1065 5683 species
1091 5614 1216 5668 Dci:
1251 5614 1417 5667 Jacob
1446 5631 1577 5668 vero
1603 5617 1945 5672 claudicabat
1978 5619 2185 5673 leniore

2293 5620 2325 5688 ἠ
2360 5620 2528 5689 ψυχή.
2572 5618 2836 5671 ’Λνέτειλε
2877 5617 2931 5671 δὲ
2960 5618 3107 5689 αὑτῷ
3133 5619 3305 5689 ἥλιος,
3330 5618 3493 5689 ἡνίκα
3529 5616 3773 5689 παρῆλθε
3804 5621 3868 5672 τὸ

682 5790 724 5823 "
752 5789 907 5845 Joan.
939 5808 975 5850 ι,
1012 5792 1093 5848 14.
1174 5794 1217 5822 ⁷⁸
1246 5792 1359 5848 Joel
1396 5808 1452 5857 ll,
1479 5793 1569 5849 ‘28.
