4126 6314
572 355 675 418 507

1585 349 1640 405 S.
1681 345 1958 407 CYRILIJ
1996 351 2463 408 ALEXANDle
2503 351 2817 409 ARCHIEP.

3723 356 3836 412 308

572 467 694 537 ejus
710 464 954 519 fuerunt.
980 463 1176 535 Igitur,
1194 483 1212 514 ι
1234 464 1389 528 Date,
1414 483 1431 514 ι
1457 464 1660 534 inquit,
1690 484 1708 515 ι
1729 463 1882 527 Levi,
1906 482 1924 514 ι
1947 462 2056 517 hoe
2069 472 2145 518 est

2263 485 2281 517 ι
2308 467 2437 520 Δότε
2458 484 2475 518 ι
2497 467 2700 533 τοίνυν,
2732 466 2887 537 φησὶ,
2920 486 2939 519 ι
2968 467 3223 538 τῷλΛευῖ,
3248 488 3267 519 ι
3287 485 3537 523 τουτεστι
3568 467 3645 540 τῷ
3661 471 3835 541 ἱερεῖ,

571 555 869 621 sacerdoti,
908 577 925 609 ι
971 554 1474 610 manifestationem
1514 562 1569 609 et
1601 554 1912 610 veritatem.
1939 573 1958 605 ι
1992 551 2151 621 Quali

573 658 760 704 autem
788 650 924 705 dicit
968 649 1120 714 Levi,
1164 664 1261 704 seu
1285 648 1577 712 sacerdoti,
1606 647 1904 702 declaravit
1924 646 2145 702 dicens:

581 760 598 791 ι
620 740 751 796 Viro
794 748 1049 796 sanctam
1079 754 1187 795 non
1215 738 1361 794 enim
1386 739 1518 793 fecit
1556 748 1844 810 peccatum
1882 738 2149 794 Dominus

574 840 763 887 noster
782 832 942 887 Iesus
960 831 1214 886 Christus
1236 831 1303 883 ⁸ο.
1330 830 1484 886 Unde
1516 830 1718 886 Paulus
1737 830 1805 884 de
1832 845 1900 884 eo
1924 829 2146 885 scribit:

582 922 761 977 «Talis
776 923 923 977 enim
942 922 1172 977 decebat
1187 929 1248 975 ut
1269 929 1416 977 esset
1437 920 1593 976 nobis
1617 921 1883 991 pontifex,
1903 930 2147 987 sanctus,

573 1014 857 1077 innocens,
884 1013 1224 1082 impollutus,
1254 1020 1575 1082 segregatus
1600 1027 1631 1066 a
1660 1011 2066 1083 peccatoribus,
2094 1020 2151 1066 et

572 1101 839 1157 excelsior
849 1102 1004 1157 caelis
1016 1100 1240 1157 factus“l
1252 1142 1266 1155 .
1280 1122 1402 1154 ι-σ
1415 1103 1569 1157 Illum
1591 1111 1680 1157 ten
1689 1110 1941 1158 taverunt
1958 1104 2013 1158 in
2028 1114 2150 1159 ten-

574 1194 778 1249 tatione
803 1209 818 1247 :
836 1194 1041 1265 jurgati
1060 1202 1192 1249 sunt
1215 1203 1407 1249 contra
1428 1210 1554 1249 eum
1576 1194 1720 1265 apud
1738 1210 1910 1265 aquas
1926 1202 2150 1251 contra-

570 1286 845 1341 dictionis.
875 1307 892 1338 ι
927 1286 973 1341 Ο
997 1303 1112 1342 rem
1136 1286 1545 1342 admirabilem!
1574 1288 1766 1342 Virum
1790 1288 1982 1343 dicens
2000 1304 2149 1353 eum,

571 1379 755 1433 statim
781 1379 953 1434 Deum
989 1378 1308 1445 declaravit,
1332 1394 1496 1449 quem
1520 1379 1874 1435 exacerbavit
1894 1388 1950 1434 et
1974 1389 2150 1435 tenta-

570 1473 651 1526 vit
674 1473 840 1528 lsrael
862 1479 919 1526 et
956 1472 1012 1527 in
1034 1487 1243 1537 eremo,
1278 1482 1334 1528 et
1358 1472 1424 1527 ad
1449 1487 1645 1542 aquam
1670 1470 2146 1528 'contradictionis.

570 1564 811 1637 Ejusque
842 1566 923 1621 rei
967 1565 1130 1620 fidem
1164 1565 1329 1621 faciet
1380 1566 1591 1621 Psaltes
1627 1567 1845 1623 dicens:
1891 1568 2151 1640 «Dirupit

570 1666 783 1725 petram
831 1656 889 1710 in
911 1668 1117 1718 eremo,
1154 1661 1212 1708 et
1242 1655 1453 1725 potavit
1497 1670 1595 1711 eos
1638 1656 1791 1711 velut
1844 1656 1901 1712 in
1950 1658 2150 1731 abysso

2252 557 2353 627 τὴν
2381 556 2612 628 δήλωσιν
2643 558 2739 610 καὶ
2768 555 2867 629 τὴν
2898 556 3177 628 ἀλήθειαν.
3214 577 3234 610 ι
3280 559 3428 631 Ποίψ
3460 560 3517 614 δὲ
3547 560 3656 631 ἄρα
3697 564 3837 632 φησί

2252 648 2407 713 Λευτ,
2429 649 2602 719 ἤγουν.
2616 650 2753 721 ἱερεῖ
2771 691 2785 713 ,
2809 649 3138 721 διεσάφησεν
3166 650 3354 705 εἰπών·
3394 670 3413 703 ι
3449 652 3543 723 Τῷ
3568 652 3722 725 ἀνδρὶ
3761 650 3837 722 et?»

2251 740 2403 811 ὁσίῳ.
2452 761 2473 794 ι
2515 743 2589 796 Οὐ
2614 742 2725 813 γὰρ
2750 742 3005 815 εποίησεν
3034 744 3310 816 ἁμαρτίαν
3347 745 3378 798 6
3420 746 3626 818 Κύριος
3675 743 3836 815 ἡμῶν

2272 832 2471 903 Ἰησοῦς
2500 834 2749 905 Χριστός.
2801 835 3006 905 Γράφει
3040 831 3133 890 οὖν
3163 839 3192 889 6
3221 836 3435 902 Παῦλος
3482 837 3612 909 περὶ
3640 837 3837 891 αὑτοῦ*

2260 945 2279 977 ι
2333 928 2587 993 Τοιοῦτος
2640 931 2771 1000 ἡμῖν
2815 927 3058 1000 ἔπρεπεν
3109 930 3437 999 ἀρχιερεὺς,
3467 930 3645 992 ὅσιος,
3696 928 3837 983 ἄκα-

2252 1035 2379 1084 κος.
2410 1021 2673 1090 ἀμίαντος
2695 1062 2711 1088 ,
2752 1021 3154 1093 κεχωρισμένος
3193 1021 3300 1075 ἀπὸ
3330 1020 3440 1076 τῶν
3467 1021 3833 1093 ἁμαρτωλῶν,

2252 1111 2346 1164 καὶ
2376 1110 2709 1185 ὑψηλότερος
2751 1113 2859 1168 τῶν
2884 1113 3130 1184 οὐρανῶν
3156 1113 3463 1185 γενόμενος.
3497 1133 3517 1165 ι
3547 1144 3619 1156 -
3644 1132 3664 1166 ι
3696 1112 3834 1167 Τοῦ-

2251 1219 2342 1257 τον
2392 1203 2753 1275 ἐξεπείρασαν
2795 1206 2854 1258 ὲν
2900 1206 3086 1279 πείραο
3144 1204 3490 1277 ἐλοιδόρησαν
3540 1205 3703 1261 αὐτὸν
3746 1206 3834 1275 ἐφ’

2254 1293 2443 1359 ὕδατος
2461 1297 2791 1366 ἀντιλογίας.
2807 1318 2826 1350 ι
2853 1300 2918 1352 Ὠ
2936 1297 3237 1371 παραδόξου
3256 1299 3601 1370 πράγματος.
3625 1299 3832 1369 Ἀνδρα

2251 1387 2425 1457 λέγων
2444 1389 2630 1453 αὑτὸν,
2661 1390 2796 1444 Θεὸν
2827 1392 3108 1464 ἀπέφηνεν
3127 1391 3289 1455 εὐθύς
3311 1410 3325 1424 ·
3356 1393 3416 1448 δν
3442 1393 3508 1462 δὴ
3541 1391 3832 1464 παρώξυνέ

2249 1497 2310 1533 τε
2357 1479 2454 1533 καὶ
2493 1480 2845 1552 ὲξεπείρασεν
2885 1483 2915 1535 6
2954 1482 3171 1554 Ἰσραὴλ
3207 1482 3266 1537 εν
3304 1500 3365 1537 τε
3388 1485 3454 1555 τῇ
3478 1484 3704 1554 ἐρήμῳ,
3739 1482 3835 1536 καὶ

2251 1569 2343 1622 ἐπὶ
2391 1569 2583 1634 ὕδατος
2646 1572 2979 1642 ἀντιλογίας.
3038 1573 3148 1628 Καὶ
3201 1573 3541 1629 πιστώσεται
3578 1573 3753 1643 λέγων
3803 1575 3834 1627 6

2256 1661 2577 1734 Ψαλμῳδός·
2616 1680 2635 1715 ι
2673 1663 2970 1737 Διέῤῥηξεν
3010 1666 3075 1719 ὲν
3100 1665 3299 1737 ἐρήμῳ
3320 1665 3550 1734 πέτραν,
3584 1666 3677 1719 καὶ
3705 1664 3837 1717 ἑπό-

570 1748 778 1802 multa..
810 1755 865 1801 et
891 1746 1081 1803 eduxit
1110 1762 1310 1817 aquam
1331 1748 1401 1803 de
1451 1757 1629 1818 petra,
1662 1757 1718 1804 et
1733 1748 1964 1804 deduxit
1989 1750 2145 1820 quasi

2252 1770 2400 1808 τισεν
2448 1754 2648 1819 αὐτοὺς
2691 1754 2768 1820 ὠς
2813 1756 2873 1807 ὲν
2902 1754 3125 1827 ἁδύσσῳ
3167 1754 3369 1827 πολλῇ·
3416 1754 3511 1809 καὶ
3562 1754 3837 1826 ἐξήγαγεν

568 1837 793 1893 ﬂumina
814 1854 984 1908 aquas
1010 1840 1075 1892 ".
1097 1858 1115 1889 ι
1154 1838 1224 1894 Et
1242 1839 1376 1910 quid
1399 1847 1521 1909 post
1565 1841 1707 1896 hoe?
1738 1861 1755 1893 ι
1779 1842 1847 1896 Ει
1899 1818 2145 1898 tentave-

2253 1845 2395 1919 ὕδωρ
2424 1849 2489 1901 ὲκ
2518 1818 2759 1920 πέτρας.-
2780 1847 2878 1900 καὶ
2908 1818 3222 1919 κατήγαγεν
3389 1818 3837 1918 ποταμοῦςνῦδα-

569 1938 720 1994 runt,
742 1931 942 2002 inquit;
974 1947 1103 1987 eum
1133 1932 1191 1986 in
1223 1931 1390 1987 corde
1414 1948 1537 1996 suo,
1564 1940 1621 1989 et
1643 1934 1786 1989 male
1818 1933 1984 1989 locuti
2020 1943 2149 1990 sunt

570 2021 638 2076 de
667 2021 799 2085 Deo,
834 2029 891 2077 et
913 2021 1216 2077 dixerunt:
1248 2022 1531 2094 Numquid
1574 2024 1780 2094 poterit
1814 2023 1960 2078 Deus
2006 2040 2148 2095 prm-

573 2131 768 2185 parare
803 2130 1047 2171 mensam
1091 2116 1146 2169 in
1195 2115 1437 2180 deserto,
1465 2116 1724 2186 quoniam
1764 2116 2150 2188 percussitpe-

573 2212 734 2267 tram,
782 2213 837 2259 et
870 2202 1148 2260 ﬂuxerunt
1193 2221 1366 2275 aquae,
1420 2213 1477 2260 et
1531 2214 1804 2262 torrentes
1841 2206 2148 2263 inundave-

571 2296 737 2349 runt?
764 2296 1042 2367 Numquid
1080 2303 1136 2353 et
1169 2313 1367 2369 panem
1394 2298 1599 2368 poterit
1628 2298 1781 2363 dare,
1824 2307 1919 2354 aut
1950 2316 2149 2370 parare

571 2402 815 2441 mensam
843 2389 1046 2458 populo
1095 2404 1195 2444 suo
1221 2388 1339 2442 ³⁸⁸2»
1377 2388 1639 2461 lntelligis
1666 2390 1833 2461 igitur
1868 2394 2148 2462 quomodo

564 2480 766 2550 jurgati
794 2481 1000 2536 fuerint
1017 2481 1284 2538 adversus
1306 2482 1483 2537 Deum
1524 2483 1790 2539 miracula
1833 2485 2145 2552 facientem,

568 2587 734 2641 quem
774 2588 909 2628 sane
930 2575 1169 2644 appellat
1189 2574 1370 2629 virum
1399 2575 1629 2647 Moyses.
1659 2576 1794 2631 Nam
1837 2586 1894 2633 et
1924 2578 2148 2633 divinus

569 2664 771 2719 Paulus
791 2665 873 2720 sic
916 2664 1228 2737 intelligens
1267 2667 1491 2722 scribit:
1532 2688 1550 2718 ι
1580 2667 1850 2724 Bihebant
1892 2670 2038 2725 enim
2078 2686 2149 2726 ex

572 2753 805 2824 spiritali
842 2764 1106 2826 sequente
1156 2765 1309 2827 petra
1330 2775 1353 2811 :-
1393 2766 1556 2828 petra
1595 2768 1780 2815 autem
1827 2771 1947 2817 erat
1990 2761 2149 2818 Chri-

569 2853 690 2899 stus
713 2845 778 2900 ".
804 2864 823 2897 ι
859 2845 956 2900 Vir
986 2846 1151 2918 igitur
1182 2856 1375 2902 contra
1404 2863 1569 2918 quem
1605 2850 1985 2920 jurgahantur,
2031 2853 2146 2923 ipse

565 2945 689 2991 erat
731 2935 822 2992 ille
877 2936 974 3006 qui
1025 2936 1271 2991 nondum
1333 2937 1651 2994 incarnatus
1706 2941 2025 2995 tentahatur
2076 2943 2147 2997 ab

566 3024 851 3082 lsraelitis.
881 3028 1003 3081 Non
1029 3029 1177 3083 enim
1207 3028 1373 3083 alium
1392 3027 1560 3084 fuisse
1605 3029 1805 3085 Filium
1852 3041 1979 3087 ante
2015 3023 2147 3086 car-

570 3131 716 3181 nem,
768 3118 936 3171 alium
960 3133 1095 3172 vero
1128 3118 1198 3172 ab
1221 3118 1339 3188 ipso
1390 3117 1669 3174 diversum
1693 3135 1761 3174 ex
1798 3120 2007 3176 semine
2037 3121 2143 3175 Da-

568 3206 681 3272 vid,
704 3208 849 3262 sicut
876 3207 1081 3264 audent
1100 3209 1323 3280 quidam
1348 3210 1566 3273 dicere;
1595 3210 1692 3266 sed
1720 3227 1891 3266 unum
1916 3220 1973 3268 et
1990 3229 2144 3268 eum-

568 3296 716 3362 dem,
769 3307 896 3354 ante
950 3298 1383 3355 incarnationem
1431 3300 1655 3371 quidem
1708 3301 1918 3355 nudum
1964 3302 2145 3363 adhuc

567 3389 833 3457 Verbum,
859 3400 981 3461 post
1014 3401 1230 3463 partum
1262 3400 1445 3448 autem
1495 3408 1562 3448 ex
1594 3403 1780 3449 sancta
1809 3395 2031 3466 Virgine
2059 3396 2144 3453 in-

568 3490 853 3536 earnatum
897 3492 954 3537 et
1000 3484 1282 3539 hominem
1334 3486 1559 3550 factum,
1616 3486 1761 3542 sicut
1803 3487 2145 3558 scripserunt

566 3571 739 3626 sancti
769 3572 847 3627 illi
875 3587 938 3627 ac
971 3573 1145 3630 divini
1177 3576 1386 3640 Patres,
1414 3577 1519 3631 alio
1555 3593 1774 3649 quoque
1815 3580 1971 3650 signo
1990 3594 2144 3634 eom-

566 3661 1059 3737 probavitMoyses.
1074 3664 1208 3721 Nam
1228 3666 1384 3736 quasi
1400 3667 1453 3721 in
1462 3669 2066 3740 terrogaretquispiam,
2087 3678 2143 3726 et

565 3752 779 3807 discere
795 3754 1116 3824 cuperet,de
1127 3772 1366 3826 quonam
1387 3756 1508 3812 viro
1533 3759 1869 3815 mentionem
1900 3758 2138 3825 fecisset,

566 3859 731 3914 quem
782 3860 911 3900 sane
951 3855 1008 3901 et
1065 3857 1331 3902 tentatum
1375 3848 1545 3905 fuisse
1583 3860 1638 3905 et
1680 3851 2025 3922 obiurgatum
2074 3854 2143 3908 ab

568 3938 830 3993 lsraelitis
856 3938 1089 4003 diceret,
1121 3941 1279 4013 185
1321 3933 1537 3997 tantum
1559 3960 1669 3999 non
1711 3945 1926 4000 intento
1969 3945 2143 4017 digito

562 4030 749 4085 Jesum
773 4030 1136 4098 demonstrat,
1163 4042 1219 4087 et
1244 4035 1419 4104 inquit
1442 4054 1486 4091 ει
1504 4035 1608 4103 Qui
1629 4037 1918 4108 dicitpatri
1939 4048 1996 4093 et
2025 4054 2142 4093 ma-

565 4122 666 4176 tri:
707 4123 828 4179 Non
859 4124 973 4179 vidi
1013 4134 1063 4180 te
1101 4143 1113 4179 :
1164 4135 1221 4181 et
1250 4127 1449 4183 fratres
1472 4144 1603 4185 suos
1642 4146 1754 4185 non
1776 4134 2001 4203 agnovit
2022 4132 2088 4187 ”.
2116 4153 2134 4183 ι

564 4214 913 4271 Meminimus
954 4226 1139 4272 autem
1180 4234 1351 4273 unum
1408 4232 1721 4277 sanctorum
1778 4225 2142 4296 evangelista—

566 4322 685 4360 rum
708 4308 996 4378 scripsisse
1012 4310 1181 4379 quod,
1211 4311 1444 4372 docente
1472 4314 1768 4384 aliquando
1790 4325 1847 4371 et
1872 4319 2138 4388 quosdam

561 4398 851 4455 erudiente
868 4398 1113 4466 Christo,
1140 4403 1437 4458 astiterunt
1469 4414 1645 4460 mater
1673 4408 1793 4475 ejus
1817 4418 1875 4463 et
1908 4408 2135 4475 fratres;

2249 1957 2336 1994 τα.
2375 1959 2393 1991 ι
2427 1941 2537 1994 Καὶ
2562 1940 2617 1993 τί
2646 1938 2785 2011 μετὰ
2810 1939 3004 2007 τοῦτο;
3038 1959 3056 1992 ι
3094 1941 3206 1994 Καὶ
3230 1940 3617 2011 ἐξεπείρασαν,
3645 1939 3836 2008 φησιν,

2249 2031 2413 2086 αὐτὸν
2437 2032 2495 2084 ὲν
2515 2035 2584 2103 τῇ
2604 2031 2798 2105 καρδία
2820 2031 3017 2085 αὐτῶν·
3046 2033 3140 2086 καὶ
3155 2030 3531 2103 κατελάλησαν
3547 2028 3645 2083 τοῦ
3673 2027 3835 2096 Θεοῦ,

2252 2125 2346 2177 καὶ
2371 2119 2545 2177 ε’[πον⁹
2574 2124 2667 2195 Μὴ
2699 2124 2987 2196 δυνήσεται
3016 2125 3045 2179 6
3068 2124 3200 2188 Θεὸς
3233 2124 3524 2195 ἑτοιμάσαι
3552 2121 3839 2195 τράπεζαν

2252 2216 2311 2267 ὲν
2336 2215 2548 2285 ἐρήμῳ,
2584 2215 2666 2269 ὅτι
2688 2215 2926 2282 ἐπάταξε
2956 2215 3183 2287 πέτραν,
3212 2215 3309 2270 καὶ
3338 2215 3616 2289 ἐρρύησαν
3640 2214 3837 2277 ὕδατα,

2251 2303 2349 2357 καὶ
2375 2303 2668 2376 χείμαρροι
2693 2304 3145 2377 κατεκλύσθησαν
3169 2323 3185 2373 ;
3230 2306 3322 2377 Μὴ
3352 2307 3449 2360 καὶ
3475 2306 3640 2378 ἄρτον
3669 2304 3840 2374 δυνή-

2252 2412 2405 2449 σεται
2439 2406 2461 2433 ¹’
2497 2397 2713 2461 δοῦναι,
2745 2398 2780 2469 ἢ
2828 2400 3121 2470 ἑτοιμάσαι
3157 2399 3439 2471 τράπεζαν
3466 2399 3543 2471 τῷ
3575 2396 3692 2466 λαῷ
3731 2396 3839 2451 αὕη

2248 2486 2343 2542 τοῦ
2370 2505 2385 2554 ;
2420 2507 2440 2539 ι
2468 2488 2631 2554 Σύνες
2660 2486 2776 2555 οὖν,
2804 2493 2952 2555 ὅπως
2979 2491 3475 2564 διαλελοιδόρηνται
3498 2492 3849 2563 θαυματουρε

2250 2578 2436 2649 γοῦντι
2464 2581 2542 2654 τῷ
2567 2582 2708 2653 Θεῷ,
2738 2583 2797 2637 ὃν
2819 2583 2883 2654 δὴ
2908 2584 3076 2656 ἄνδρα
3103 2580 3269 2654 φησὶν
3294 2588 3323 2640 6
3351 2583 3613 2654 Μωῦσῆς.
3634 2581 3843 2647 ’Συνεὶς

2248 2674 2357 2746 γὰρ
2381 2673 2523 2727 οῦτω
2563 2677 2659 2730 καὶ
2694 2678 2723 2730 6
2753 2675 3040 2741 θεσπέσιος
3070 2677 3282 2742 Παῦλος
3306 2717 3321 2742 ,
3348 2676 3574 2750 γράφει·
3610 2677 3844 2732 Ἔπικον

2248 2765 2358 2837 γὰρ
2374 2769 2439 2821 ὲκ
2459 2770 2835 2839 πνευματικῆς
2857 2768 3257 2841 ἀκολουθούσης
3279 2770 3504 2843 πέτρας·
3532 2773 3565 2841 ὴ
3585 2770 3641 2823 δὲ
3661 2770 3845 2839 πέτρα

2247 2856 2316 2931 ἦν
2342 2861 2372 2913 6
2403 2862 2656 2932 Χριστός.
2689 2880 2708 2912 ι
2744 2861 2953 2915 Οὐκοῦν
2979 2865 3007 2917 6
3032 2862 3364 2933 λοιδορηθεὶς
3394 2863 3555 2935 ἀνὴρ,
3583 2862 3746 2925 αὐτὸς
3769 2858 3845 2932 ἦν

2249 2954 2475 3019 ἐκεῖνος,
2502 2952 2562 3016 ὃς
2587 2951 2741 3006 οῦπω
2769 2953 3188 3024 σεσαρκωμένος
3208 2952 3531 3027 ἐπειράζετο
3553 2953 3703 3025 παρὰ
3728 2952 3849 3008 τῶν.

2249 3046 2307 3111 ἐξ
2334 3046 2569 3117 Ἰσραήλ.
2594 3047 2717 3099 Ὅτι
2737 3044 2847 3118 γὰρ
2865 3047 2964 3117 οὐχ
2986 3047 3174 3118 ἔτερος
3194 3041 3263 3117 ἦν
3283 3046 3413 3111 Υἱὸς
3434 3050 3462 3101 6
3483 3047 3590 3119 πρὸ
3614 3046 3841 3118 σαρκὸς,

2248 3137 2434 3208 ἕτερος
2460 3138 2518 3192 δὲ
2545 3140 2675 3209 παρ’
2699 3138 2860 3192 αὐτὸν
2880 3141 2908 3192 6
2936 3141 2999 3192 ὲκ
3024 3141 3341 3213 σπέρματος
3362 3139 3455 3194 τοῦ
3481 3138 3665 3203 Δαυῒδ,
3692 3139 3846 3196 καθὰ

2248 3229 2415 3299 φάναι
2446 3229 2686 3300 τολμῶσί
2714 3247 2859 3295 τινες
2883 3271 2898 3297 ,
2943 3231 3060 3285 ἀλλ’
3090 3229 3172 3296 εἷς
3213 3249 3273 3286 τε
3317 3232 3415 3286 καὶ
3445 3232 3474 3284 6
3501 3230 3847 3304 αὐτδςξιπρὸ

2250 3322 2348 3393 μὲν
2384 3321 2483 3391 τῆς
2527 3319 2860 3391 σαρκώσεως
2912 3320 3122 3393 γυμνὸς
3148 3320 3231 3375 ἔτι
3258 3321 3433 3391 Λόγος
3457 3362 3471 3385 ,
3505 3319 3645 3392 μετὰ
3674 3320 3733 3374 δέ
3774 3338 3847 3391 γε

2245 3413 2343 3485 τὴν
2372 3412 2625 3479 ἀπότεξιν
2668 3414 2765 3483 τὴν
2800 3414 2866 3466 ὲκ
2892 3414 2993 3486 τῆς
3036 3413 3200 3480 ἁγίας
3242 3413 3525 3485 Παρθένου
3561 3430 3849 3485 σεσαρκω-

2250 3505 2428 3573 μένος,
2457 3510 2552 3558 καὶ
2579 3505 3024 3577 ἑνανθρωπήσας,
3066 3504 3211 3559 καθὰ
3241 3505 3582 3577 γεγράφασιν
3611 3508 3662 3573 οἱ
3688 3505 3847 3576 ἅγιοι

2246 3598 2338 3649 καὶ
2370 3595 2649 3649 θεσπέσιοι
2687 3596 2959 3667 Πατέρες,
2995 3597 3208 3667 σημείῳ
3240 3596 3403 3651 πάλιν
3426 3597 3597 3668 ἑτέρῳ
3624 3598 3846 3670 πεπλη-

2246 3689 2554 3759 ροφόρηκεν
2591 3690 2619 3742 6
2667 3687 2929 3758 Μωῦσῆς.
2972 3689 3181 3760 Ὠσπερ
3220 3687 3328 3760 γὰρ
3368 3688 3633 3760 ἐρομένου
3663 3689 3841 3753 τινὸς,

2244 3778 2341 3831 καὶ
2362 3778 2667 3848 ἀναμαθεῖν
2692 3778 2988 3844 ἐθέλοντος,
3023 3778 3156 3851 περὶ
3202 3778 3356 3832 ποίου
3382 3780 3607 3849 γέγονεν
3638 3776 3844 3849 ἀνδρὸς

2243 3873 2271 3924 6
2294 3870 2466 3939 Λόγος
2488 3870 2658 3942 αὐτῷ,
2689 3870 2749 3924 ὃν
2773 3871 2837 3944 δὴ
2866 3873 2963 3925 καὶ
2990 3871 3456 3942 ὲκπεπειρᾶσθαι,
3489 3872 3583 3925 καὶ
3606 3870 3844 3925 λελοιδο-

2247 3961 2444 4032 ρῆσθαι
2490 3978 2623 4034 φησι
2663 3962 2815 4032 παρὰ
2853 3962 2964 4015 τῶν
3015 3963 3075 4028 ἐξ
3132 3961 3387 4034 Ἰσραὴλ,
3426 3960 3709 4031 μονονουχὶ
3738 3964 3844 4017 καὶ

2245 4056 2401 4123 χεῖρα
2424 4053 2724 4125 προτείνων
2745 4053 3127 4108 καταδείκνυσι
3146 4054 3237 4108 τὸν
3270 4053 3502 4125 Ἰησοῦν,
3526 4052 3621 4107 καί
3644 4068 3839 4125 φησιν·

2250 4165 2268 4197 ι
2333 4148 2375 4200 0
2396 4146 2570 4216 λέγων
2593 4146 2671 4217 τῷ
2701 4147 2871 4219 πατρὶ
2898 4147 2994 4201 καὶ
3026 4150 3093 4219 τῇ
3128 4148 3318 4219 μητρί’
3352 4147 3465 4217 Οὐχ
3490 4145 3713 4218 ἑώρακά
3746 4164 3837 4214 σε,

2245 4240 2338 4293 καὶ
2365 4240 2491 4303 τοὺς
2520 4240 2784 4310 ἀδελφοὺς
2809 4240 2973 4294 αὑτοῦ
2999 4241 3100 4294 οὐκ
3139 4240 3376 4310 ἐπέγνω.
3430 4258 3449 4290 ι
3488 4225 3840 4311 Μεμνήμεθα

2243 4329 2352 4403 γὰρ
2398 4330 2737 4402 γεγραφότος
2779 4332 2898 4396 ἑνὸς
2933 4331 3041 4386 τῶν
3072 4332 3244 4402 ἁγίων
3287 4330 3712 4401 εὐαγγελιστῶν,
3751 4331 3837 4396 ὡς

2241 4422 2584 4486 διδάσκοντός
2628 4440 2757 4477 ποτε
2793 4424 2890 4477 τοῦ
2935 4423 3172 4497 Χριστοῦ
3214 4425 3309 4478 καὶ
3342 4422 3836 4495 μυσταγωγοῦντός

562 4490 763 4545 deinde
785 4502 1108 4548 accurrente
1140 4496 1377 4564 quodam
1400 4511 1469 4551 ex
1501 4497 1865 4568 diseipulis,et
1886 4501 2135 4558 dicente:

2248 4530 2419 4579 τινας,
2445 4515 2751 4587 ἐπέστησαν
2775 4517 2808 4587 ὴ
2836 4490 3021 4589 μήτηρ
3041 4515 3207 4571 αὑτοῦ
3237 4490 3419 4569 καὶψοί
3445 4490 3682 4585 ἀδελφοὶ,
3710 4511 3837 4571 εἶτα

572 4604 588 4633 ι
610 4583 751 4639 Ecce
777 4595 951 4640 mater
993 4594 1083 4641 tua
1104 4598 1160 4642 et
1187 4588 1387 4644 fratres
1423 4589 1503 4643 tui
1529 4599 1677 4645 stant
1701 4591 1856 4657 foris,
1895 4596 2140 4651 volentes

562 4688 615 4731 te
641 4676 865 4741 videre;
908 4696 925 4728 ι
953 4686 1173 4733 extensa
1199 4696 1361 4736 manu
1388 4698 1484 4737 sua
1509 4684 1563 4738 in
1586 4684 2028 4755 discipulessuos
2051 4689 2138 4742 di-

564 4772 673 4827 xit:
723 4771 934 4826 «Mater
978 4788 1096 4828 mea
1131 4785 1187 4830 et
1232 4775 1433 4831 fratres
1458 4780 1564 4833 mei
1610 4778 1666 4834 hi
1702 4787 1832 4835 sunt
1882 4783 1977 4851 qui
2018 4799 2141 4836 ver-

564 4864 693 4917 bum
737 4863 831 4917 Dei
857 4863 1089 4918 audiunt
1116 4875 1169 4919 et
1196 4866 1407 4922 faciunt
1427 4867 1491 4922 3“.
1519 4868 1621 4935 Qui
1644 4871 1792 4925 enim
1820 4872 2013 4927 fecerit
2039 4890 2140 4927 vo-

564 4956 829 5009 luntatem
852 4956 1030 5011 Patris
1048 4956 1153 5011 mei
1176 4960 1269 5027 qui
1296 4960 1349 5014 in
1365 4961 1519 5016 caelis
1539 4973 1643 5026 est,
1660 4964 1750 5020 hic
1766 4964 1934 5020 frater
1958 4982 2135 5031 meus,
2188 4968 2191 4971 ’

568 5055 622 5100 et
646 5062 822 5108 soror,
849 5058 903 5102 et
944 5057 1121 5102 mater
1154 5059 1238 5104 est
1262 5053 1329 5104 ⁸⁷.
1356 5073 1373 5103 ι
1403 5054 1535 5119 Hoc,
1555 5058 1774 5126 opinor,
1802 5067 1887 5112 est
1923 5059 1974 5112 id
1991 5062 2136 5129 quod

569 5137 776 5209 Moyses
816 5139 981 5194 dixit:
1026 5161 1043 5191 ι
1068 5141 1171 5208 Qui
1198 5142 1331 5197 dicit
1362 5148 1502 5214 patri
1530 5157 1586 5202 et
1619 5150 1778 5203 matri
1814 5169 1825 5203 :
1860 5150 1978 5205 Non
2027 5153 2157 5207 vidi:

562 5240 643 5295 te;
674 5239 729 5285 et
752 5231 948 5287 fratres
992 5250 1120 5289 suos
1152 5251 1261 5290 non
1287 5240 1526 5307 agnovit.
1551 5261 1566 5289 ι
1596 5242 1867 5297 Praeterea
1919 5247 2137 5314 sapien-

564 5323 813 5377 tissimus
834 5340 1055 5394 quoque
1095 5328 1284 5384 Daniel
1332 5330 1385 5384 in
1420 5334 1601 5400 specie
1642 5344 1843 5390 nostrre
1884 5336 2047 5392 simili
2081 5359 2138 5395 se

634 5482 677 5513 ⁸⁰
706 5483 723 5535 l
753 5482 900 5537 Petr.
931 5500 987 5545 ιι.
1013 5486 1099 5538 ‘22.

563 5567 746 5615 xum,
776 5556 829 5607 9.
907 5554 953 5584 “
987 5555 1115 5609 Luc.
1141 5574 1250 5614 un.
1291 5559 1467 5613 {9-21.
1541 5563 1590 5635 "7
1617 5563 1804 5615 Matth.
1834 5580 1924 5621 xn.
1963 5566 2046 5619 50.

2240 4607 2686 4679 προσδραμόντος
2730 4609 2876 4672 τινὸς
2920 4608 3030 4662 τῶν
3067 4608 3349 4680 μαθητῶν,
3398 4609 3492 4661 καὶ
3539 4608 3792 4676 λέγοντος

2246 4718 2279 4748 ι
2316 4700 2450 4754 Ἰδοὺ
2482 4702 2516 4771 ή
2564 4702 2747 4773 μήτηρ
2777 4719 2894 4765 σου,
2924 4704 3017 4754 καὶ
3061 4702 3112 4754 οἱ
3141 4700 3363 4768 ἀδελφοί
3405 4717 3501 4753 σου
3536 4701 3836 4771 ἑστήκασιν

2239 4787 2365 4854 ἔξω,
2387 4791 2516 4843 ίδεῖν
2538 4807 2596 4843 σε
2618 4791 2882 4855 θέλοντες,
2910 4812 2926 4844 ι
2951 4792 3197 4857 ἐκτείνας
3228 4791 3328 4862 τὴν
3348 4793 3507 4864 χεῖρα
3541 4790 3705 4844 αὐτοῦ
3734 4793 3837 4846 ἐπὶ

2239 4884 2367 4944 τοὺς
2401 4882 2685 4953 μαθητὰς,
2722 4880 2865 4937 εἷπε·
2914 4902 2932 4934 ι
2969 4885 3170 4955 Μήτηρ
3206 4900 3309 4953 μου
3340 4884 3436 4937 καὶ
3466 4882 3685 4951 ἀδελφοί
3723 4899 3833 4954 μου

2239 4966 2388 5026 οὗτοί
2429 4976 2585 5040 εἰσιν,
2634 4979 2683 5029 οἱ
2726 4976 3018 5039 ἀκούοντες
3059 4975 3151 5029 τὸν
3200 4974 3359 5045 λόγον
3394 4974 3487 5027 τοῦ
3525 4972 3661 5027 Θεοῦ
3685 5016 3699 5039 ,
3733 4977 3835 5027 καὶ

2242 5065 2543 5129 ποιοῦντες.
2585 5071 2681 5131 Ὃς
2709 5069 2817 5138 γὰρ
2844 5068 2909 5122 ἂν
2940 5071 3143 5141 ποιήσῃ
3163 5068 3226 5121 τὸ
3261 5068 3473 5138 θέλημα
3492 5068 3587 5121 τοῦ
3618 5067 3837 5138 Πατρός

2243 5176 2341 5227 μευ
2372 5158 2467 5211 τοῦ
2498 5160 2556 5212 ἐν
2599 5163 2713 5223 τοῖς
2750 5163 3033 5231 οὐρανοῖς,
3086 5156 3241 5225 οὗτος
3289 5160 3518 5229 ἁδελφός
3566 5177 3667 5230 μου
3688 5199 3701 5220 ,
3733 5161 3837 5213 καὶ

2239 5252 2462 5324 ἀδελφὴ,
2494 5256 2590 5307 καὶ⁹
2620 5257 2806 5326 μήτηρ
2841 5257 2976 5308 ἐστί.
3016 5276 3034 5307 ι
3072 5254 3261 5319 Τοῦτο,
3291 5251 3445 5325 οἶμαι
3466 5297 3482 5319 ,
3516 5254 3663 5307 ἐστιν
3691 5254 3834 5324 ὅπερ

2240 5342 2342 5413 ἔφη
2378 5346 2617 5415 Μωῦσῆς
2638 5363 2649 5375 ·
2709 5365 2727 5396 ‹
2782 5342 2844 5399 Ὀ
2870 5346 3056 5414 Λέγων
3088 5345 3168 5417 τῷ
3202 5346 3371 5416 πατρὶ
3410 5346 3503 5397 καὶ
3531 5346 3596 5414 τῇ
3636 5344 3831 5414 μητρίο

1181 5487 1662 5568 “¹¹¹9Ρτ,-,ιί¹νὲίξ;
1728 5490 2164 5568 'fPsal-mvu.
2206 5498 2395 5560 13.16.
2472 5498 2995 5564 "I’sal.xvm,20.
3076 5501 3122 5533 ελ
3163 5502 3183 5556 ι
3223 5500 3516 5568 eor.x,t.
3590 5499 3636 5531 ιιι
3666 5497 3829 5553 Deut.

1648 5697 1818 5751 Varia:
1849 5698 2110 5754 lectiones
2147 5702 2347 5756 codicis
2372 5702 2732 5773 Seguieriani.

633 5814 652 5841 ‘
683 5802 926 5857 δύναται.
