4126 6314
255 327 359 385 309
866 374 881 391 π
1646 320 1884 378 ΕΡιὸΤο

1917 322 1982 376 ,Α
2021 321 2129 379 LV.
3438 319 3546 375 310

257 445 391 515 οὐχὶ
428 442 653 516 ἑώρακὰ
677 459 758 497 σε·
788 445 886 498 καὶ
916 442 1045 506 τοὺς
1070 441 1337 512 ἀδελφοὺς
1375 439 1542 494 αὐτοῦ
1590 439 1692 490 οὐκ
1736 440 1838 491 ὲπ-
1868 444 1886 495 .1

1942 435 2148 491 vidisse
2186 436 2326 490 dicit
2348 445 2691 508 unigenitum
2720 435 2818 491 Dei
2841 434 3106 491 Verbum.
3135 433 3353 491 Vidisse
3398 434 3551 488 enim

256 534 415 605 ἔγνω.
448 555 469 588 ι
503 536 614 588 Καὶ
635 544 658 573 ³
692 536 823 607 μὴν,
843 535 986 589 καὶὸ
1014 534 1289 603 πάνσοφος
1312 532 1513 602 Δανιὴλ
1538 532 1595 583 ἐν
1620 529 1748 583 εἴδει
1771 528 1850 599 τῷ

1952 545 2010 584 se
2034 529 2174 584 dixit
2191 529 2491 599 Antiquam
2513 530 2732 585 dierum
2747 528 3032 585 sedentem
3058 541 3227 598 super
3251 526 3541 589 thronum.

253 628 375 683 καθ’
421 628 573 698 ἡμᾶς
618 626 910 682 τεθεᾶσθαι
951 644 1086 697 φησι
1130 626 1222 679 τὸν
1268 625 1533 697 μονογενῆ
1577 622 1673 677 τοῦ
1711 621 1848 675 Θεοῦ

1950 622 2217 678 etdeeies
2268 622 2469 677 millies
2524 632 2759 677 centena
2813 619 2986 675 millia
3032 619 3414 674 assistentium
3455 628 3550 673 :ct

252 719 443 787 Λόγον.
488 719 642 773 Ἰδεῖν
681 721 781 791 μὲν
821 719 929 789 γὰρ
966 718 1073 790 ἔφη
1109 717 1349 772 Παλαιὸν
1390 714 1619 787 ἡμερῶν
1644 755 1659 778 ,
1714 714 1850 768 καθ-

1953 714 2127 769 millia
2163 713 2402 769 millium
2429 714 2898 769 ministrantium:
2922 724 2980 767 et
3009 710 3341 782 quibusdam
3373 709 3551 764 inter-

253 813 455 883 ἡμενον
494 812 591 866 ἐπὶ
624 812 850 883 θρόνου,
900 810 1100 882 μυρίας
1137 828 1197 864 τε
1230 809 1497 881 μυριάδας
1531 808 1637 861 τῶν
1672 823 1851 875 παρα-

1953 806 2149 878 positis
2174 806 2292 860 haec
2328 804 2518 860 addit:
2553 824 2570 855 ι
2593 804 2860 859 Videbam
2883 820 2987 873 ego
3020 804 3078 857 in
3107 801 3322 857 visione
3344 801 3548 865 noctis.

255 882 520 963 στάντων,
556 882 866 976 καὶγχιλίας
911 898 1157 969 χιλιάδας
1191 899 1301 952 τῶν
1337 897 1673 969 λειτουργῶν
1699 913 1710 927 ’
1754 896 1849 951 καὶ

1951 908 2009 955 et
2030 914 2161 955 ecce
2188 913 2317 953 eum
2344 897 2591 952 nubibus
2620 896 2745 952 caeli
2792 896 2950 967 quasi
2981 882 3155 951 Filius
3191 892 3435 949 hominis
3458 906 3554 947 ve-

252 987 339 1041 διὰ
374 989 546 1058 μέσου
583 988 709 1042 τινὰ
760 989 1085 1059 παρενθεὶς,
1130 987 1294 1059 ἕτερα
1341 987 1554 1051 τούτοις
1606 986 1803 1053 ἐπάγει
1830 1000 1844 1014 '

1951 991 2133 1055 niens,
2164 998 2411 1060 etusque
2450 988 2518 1043 ad
2545 988 2849 1057 Antiquom
2895 987 3115 1041 dierum
3170 985 3464 1057 pervenit:
3496 994 3553 1039 ct

258 1098 279 1130 ι
326 1080 633 1152 Ἐθεώρουν
680 1079 792 1151 γὰρ
829 1083 886 1134 ὲν
924 1082 1160 1152 ὁράματι
1194 1080 1296 1150 τῆς
1343 1078 1537 1143 νυκτὸς
1560 1120 1575 1143 ,
1610 1079 1705 1133 καὶ
1740 1079 1849 1133 ἰδοὺ

1951 1098 2141 1138 coram
2185 1082 2305 1153 ipso
2350 1081 2625 1136 adductus
2650 1089 2756 1145 est,
2796 1088 2852 1134 et
2880 1078 2930 1132 ei
2960 1078 3124 1133 datus
3158 1077 3340 1131 honor
3363 1085 3422 1132 et
3462 1090 3552 1130 re-

254 1171 396 1238 μετὰ
421 1170 536 1224 τῶν
580 1170 823 1239 νεφελῶν
860 1170 957 1225 τοῦ
999 1170 1230 1241 οὐρανοῦ
1262 1170 1339 1235 ώς
1386 1169 1518 1233 Υἱὸς
1560 1169 1848 1241 ἀνθρώπου

1951 1191 2154 1245 gnum:
2183 1183 2241 1231 et
2275 1190 2470 1229 omnes
2508 1175 2687 1229 tribus
2734 1183 2792 1228 et
2820 1172 3021 1243 linguae
3065 1170 3311 1226 servient
3346 1168 3399 1224 ei
3432 1166 3501 1221 ⁸⁸.
3528 1188 3545 1218 ι

254 1264 574 1336 ἕρχόμενος,
606 1265 701 1317 καὶ
732 1263 839 1329 ἕως
861 1264 955 1319 τοῦ
981 1264 1216 1319 Παλαιοῦ
1241 1264 1351 1318 τῶν
1378 1262 1603 1335 ἡμερῶν
1628 1262 1847 1330 ἔψθασε,

1951 1269 2094 1324 Ecce
2120 1269 2231 1338 jam
2260 1267 2461 1321 iterum
2505 1265 2803 1320 manifeste
2832 1272 2888 1320 et
2920 1263 3211 1319 evidenter
3251 1261 3393 1317 vidit
3421 1260 3554 1315 Em—

252 1360 347 1413 :ta‘t
389 1358 625 1413 ἐνώπιον
666 1358 833 1412 αὐτοῦ
882 1358 1227 1429 προσηνέχθη
1250 1398 1265 1423 ,
1292 1359 1389 1410 καὶ
1436 1354 1587 1425 αὐτῷ
1632 1354 1788 1422 ἐδόθη
1814 1356 1849 1425 ἡ

1951 1360 2265 1415 manuelem
2294 1357 2688 1413 ascendentem
2723 1356 2795 1411 ad
2812 1371 2963 1420 eum,
3002 1354 3099 1425 qui
3146 1354 3204 1408 in
3254 1353 3411 1409 cretis
3439 1358 3550 1414 est,

253 1451 389 1521 τιμὴ
418 1449 519 1503 καὶ
563 1452 599 1520 ἡ
632 1449 899 1519 βασιλεία*
936 1450 1029 1503 καὶ
1063 1450 1239 1509 πᾶσαι
1267 1450 1323 1502 αἱ
1350 1447 1517 1517 φυλαὶ
1545 1448 1639 1501 καὶ
1676 1445 1850 1513 γλῶσ-

1952 1451 2173 1507 Patrem
2226 1461 2283 1505 et
2335 1449 2532 1505 Deum.
2583 1448 2771 1504 Nubes
2805 1448 2958 1505 enim
3014 1445 3260 1516 suscepit
3304 1460 3435 1501 eum
3480 1442 3551 1507 ",

256 1560 344 1596 σαι
373 1541 531 1613 αὐτῷ
568 1542 976 1597 δουλεύσουσιν.
1013 1561 1033 1595 ι
1080 1541 1212 1596 Ἰδοὺ
1246 1541 1313 1613 δὴ
1359 1539 1522 1594 πάλιν
1570 1538 1757 1606 σαφῶς
1788 1554 1850 1590 τε

1954 1560 2120 1616 quem
2139 1552 2413 1615 praeterea
2441 1558 2555 1597 non
2596 1541 2882 1597 hominem
2914 1538 3398 1616 simpliciter,_sed
3431 1546 3554 1591 tan-

253 1638 348 1691 καὶ
377 1608 633 1707 ἐναργῶς
664 1637 1025 1693 ἀναϐαίνοντα
1057 1636 1194 1706 πρὸς
1227 1608 1321 1688 τὸν
1350 1636 1407 1687 ἐν
1436 1634 1691 1704 οὐρανοῖς
1734 1631 1849 1684 Πα·

1952 1608 2119 1707 quam
2141 1608 2346 1692 Filium
2372 1635 2618 1689 hominis
2644 1634 2802 1689 dicit.
2827 1634 2975 1688 Deus
2993 1608 3144 1687 enim
3164 1608 3283 1687 erat
3312 1630 3557 1686 Verbum

253 1728 389 1799 τέρα
422 1730 521 1781 καὶ
547 1728 679 1782 Θεὸν
700 1729 1055 1785 τεθέαταιτὸν
1090 1726 1463 1799 Ἐμμανουήλ.
1498 1724 1714 1793 Νεφέλη
1741 1724 1851 1794 γὰρ

1954 1731 2015 1786 in
2069 1738 2265 1784 nostra
2330 1726 2697 1783 similitudine
2726 1724 2981 1785 ,factum.
3025 1724 3085 1780 In
3137 1723 3288 1778 hunc
3328 1720 3556 1777 modum

254 1797 532 1872 ῦέέλαόεν
565 1820 761 1876 αὐτόν·
798 1819 860 1875 6v
900 1819 963 1892 δὴ
984 1860 999 1883 ,
1031 1822 1127 1874 καὶ,
1157 1797 1271 1873 οῦκ
1302 1818 1591 1890 ἄνθρωπον
1628 1815 1851 1881 ἁπλῶς,

1955 1824 2128 1879 etiam
2161 1820 2608 1893 sapientissimus
2620 1817 2823 1873 Paulus
2855 1816 3186 1887 intelligens,
3214 1814 3274 1869 in
3298 1812 3558 1869 similitu-

256 1909 372 1964 ἀλλ’
395 1910 474 1976 ὼς
501 1911 630 1965 Υιδν
654 1910 941 1981 ἀνθρώπου
970 1912 1123 1983 φησί.
1158 1911 1291 1976 Θεὸς
1328 1909 1439 1980 γὰρ
1468 1905 1537 1981 ἦν
1564 1909 1623 1961 ιν
1654 1907 1856 1979 ὁμοιώο

1959 1917 2089 1972 dine
2116 1916 2409 1976 hominum
2441 1913 2625 1982 ipsum
2652 1910 2861 1965 factum
2899 1923 3024 1963 esse
3072 1905 3242 1973 dicit;
3272 1906 3558 1962 inventum

260 2021 342 2057 σει
391 2007 461 2076 τῇ
500 2005 640 2077 πρὸς
668 2006 817 2077 ἡμᾶς
844 2003 1086 2075 γεγονὼς
1130 2006 1159 2058 ὁ
1196 2003 1389 2071 Λόγος.
1440 2000 1602 2055 Οῦτω
1656 1999 1859 2063 συνεὶς,

1961 2020 2151 2067 autem
2190 2016 2255 2063 ut
2298 2006 2585 2061 hominem
2629 2001 2824 2058 habitu
2864 2002 2943 2067 ’⁸,
2980 1990 3040 2056 et
3078 2001 3136 2055 in
3189 1999 3558 2056 similitudine

258 2098 355 2150 καὶ
388 2098 419 2151 ὁ
445 2098 725 2166 πάνσοφος
757 2096 969 2161 Παῦλος
993 2100 1052 2151 ιν
1083 2094 1396 2166 ὁμοιώματι
1426 2092 1734 2165 ἀνθρώπων
1765 2109 1863 2162 γεέ

1963 2104 2150 2161 carnis
2177 2100 2395 2174 peccati
2427 2098 2610 2154 visum
2638 2095 2729 2151 his
2749 2094 2847 2166 qui
2875 2104 3039 2150 erant
3062 2108 3231 2165 super
3264 2092 3556 2148 terram".

258 2190 451 2247 νέσοαι
499 2191 665 2261 φησὶν
706 2188 892 2251 αὑτὸν,
941 2187 1233 2259 εὑρεθῆναι
1263 2187 1320 2241 δὲ
1360 2186 1437 2249 ὡς
1468 2184 1779 2256 ἄνθρωπον
1806 2184 1864 2236 ὲν

1973 2199 2032 2254 Si
2084 2207 2273 2253 autem
2345 2194 2515 2248 homo
2561 2190 2797 2254 fuisset,
2842 2187 2915 2243 ob
2963 2186 3374 2258 copulationem
3433 2198 3561 2238 eum

263 2283 545 2355 σχήματι,
573 2283 669 2337 καὶ
709 2285 768 2335 ἐν
796 2281 1107 2353 ὁμοιώματι
1143 2280 1347 2350 σαρκὸς
1379 2278 1656 2350 ἁμαρτίας
1685 2270 1863 2345 ὦφθαι

1967 2293 2082 2348 Deo
2111 2297 2375 2361 tanquam
2398 2286 2546 2341 Deus
2604 2285 2946 2347 honoratus,
2978 2281 3213 2337 dixisset
3262 2275 3560 2348 propheta,

260 2379 380 2439 τοῖς
413 2374 511 2429 ἐπὶ
551 2376 649 2446 τῆς
682 2376 808 2445 γῆς.
855 2372 915 2427 Ei
949 2374 1005 2427 δὲ
1049 2372 1341 2444 ἄνθρωπος
1371 2367 1461 2443 ἦν,
1498 2368 1764 2439 συναφεὶᾳ
1796 2370 1863 2439 τῇ

1967 2384 2132 2455 quasi
2184 2383 2381 2446 Deum,
2432 2378 2519 2435 vel
2574 2378 2734 2447 quasi
2780 2376 2982 2431 Filium
3020 2374 3136 2438 Dei,
3165 2386 3295 2427 eum
3316 2369 3564 2440 quicum

266 2470 405 2541 πρὸς
433 2469 529 2524 τὸν
557 2470 712 2526 Θεδν.
739 2468 817 2532 ὡς
835 2467 988 2531 Θεὸς,
1011 2465 1345 2537 τιμώμενος,
1375 2464 1479 2535 ἔφη
1504 2464 1550 2517 δ’
1584 2462 1652 2517 ἂν
1678 2463 1708 2514 6
1734 2478 1867 2533 προ-

1967 2476 2215 2532 nubibus
2239 2475 2417 2535 venit,
2440 2486 2501 2526 se
2534 2470 2776 2524 vidisse:
2807 2468 2906 2524 sed
2948 2468 3057 2522 hoc
3086 2480 3196 2520 non
3237 2463 3395 2528 dicit,
3426 2460 3566 2515 illud

267 2566 473 2635 φήτης,
504 2564 579 2627 ὼς
610 2561 761 2627 Θεδν,
788 2560 821 2632 ἢ
854 2560 929 2624 ὡς
961 2559 1090 2612 Υἱὸν
1116 2556 1253 2611 Θεοῦ
1286 2554 1581 2610 τεθεᾶσθαι
1606 2554 1701 2607 τὸν
1730 2552 1869 2623 μετὰ

1968 2580 2105 2621 vero
2132 2562 2320 2634 potius
2364 2560 2523 2624 dicit,
2557 2579 2575 2609 ι
2602 2558 2750 2613 sicut
2795 2556 2995 2611 Filium
3044 2554 3308 2629 hominis.
3335 2573 3354 2604 ι
3398 2552 3566 2607 Novit

266 2656 374 2709 τῶν
396 2653 638 2724 νεφελῶν
668 2653 980 2724 ἐρχόμενον·
1031 2651 1146 2705 ἀλλ’
1176 2651 1238 2703 οὐ
1268 2647 1428 2702 τοῦτὸ
1457 2663 1646 2718 φησιν,
1683 2648 1866 2700 ἐκεῖνο

1969 2673 2104 2729 ergo
2130 2656 2313 2727 ipsum
2343 2653 2543 2708 Filium
2570 2652 2746 2707 Deum
2766 2664 2911 2713 esse,
2939 2656 2997 2703 et
3018 2646 3303 2702 hominem
3332 2644 3563 2705 factum,

265 2746 322 2800 δὶ
352 2745 559 2817 μᾶλλον
579 2744 661 2807 τὸ,
692 2764 710 2795 ι
741 2743 817 2806 ὡς
844 2743 975 2797 Υἰὺν
1000 2741 1313 2812 ἀνθρώπου.
1348 2760 1367 2793 ι
1406 2734 1563 2792 Οἶδεν
1594 2737 1704 2809 ἄρα
1732 2737 1868 2790 Θεὸν

1973 2753 2081 2807 hoc
2124 2760 2233 2810 est.
2264 2749 2320 2802 in
2371 2744 2740 2802 similitudine
2788 2742 3078 2797 hominum
3138 2738 3373 2800 factum,
3412 2737 3572 2808 juna

265 2834 417 2901 ὂντα,
442 2837 539 2889 καὶ
570 2834 1067 2906 ὲνανθρωπήσαντα
1088 2832 1180 2886 τὸν
1211 2832 1366 2898 Υιὸν,
1390 2830 1561 2901 {now
1583 2831 1639 2881 tv
1670 2828 1870 2899 ὁμοιώ-

1973 2841 2131 2899 Pauli
2154 2854 2372 2896 vocem.
2426 2838 2843 2898 Verumtamen,
2876 2833 3139 2903 quamvis
3174 2831 3232 2885 in
3265 2841 3434 2884 carne
3471 2841 3572 2898 ap-

271 2944 405 2998 ματι
462 2924 757 2997 ἀνθρώπου
805 2922 1118 2994 γενόμενον,
1158 2922 1303 2976 κατὰ
1348 2921 1449 2993 τὴν
1494 2918 1590 2974 τοῦ
1654 2918 1872 2974 Παύλου

1975 2932 2249 3006 paruerit,
2296 2951 2313 2981 ι
2339 2944 2515 2999 usque
2539 2926 2609 2982 ad
2635 2926 2941 2995 Antiquum
2974 2924 3196 2979 dierum
3240 2918 3520 2991 pervenit,
3548 2937 3565 2969 ι

271 3020 479 3090 ςυνήν.
520 3017 667 3088 Πλὴν
696 3020 791 3071 καὶ
829 3018 888 3069 ὲν
917 3016 1079 3090 σαρκὶ
1111 3014 1391 3085 πεφηνὼς,
1428 3032 1447 3065 ι
1480 3012 1589 3075 ἕως
1624 3011 1720 3065 τοῦ
1763 3014 1875 3066 Πα-

1980 3027 2088 3081 hoe
2140 3032 2264 3088 est,
2332 3022 2402 3077 ad
2460 3020 2657 3076 aeterni
2714 3018 2897 3075 Patris
2958 3015 3210 3072 ascendit
3259 3014 3571 3068 thronum:

268 3110 429 3167 λαιοῦ
464 3111 576 3165 τῶν
616 3110 839 3181 ἡμερῶν
873 3110 1094 3179 ἔφθασε.
1127 3127 1146 3160 ι
1181 3108 1497 3169 Τουτέστιν,
1534 3106 1614 3169 εἰς
1644 3104 1734 3159 τὸν
1778 3101 1873 3157 τοῦ

1985 3115 2148 3187 183
2179 3113 2233 3187 [ι
2271 3122 2330 3169 et
2374 3112 2426 3167 ei
2458 3111 2621 3166 datus
2653 3109 2834 3164 honor
2877 3118 2936 3162 et
2965 3121 3239 3178 regnum:
3273 3110 3331 3158 et
3376 3116 3576 3157 omnes

270 3202 448 3257 ἀϊδίου
478 3203 696 3273 Πατρὸς
720 3198 1129 3268 ἀναπεφοίτηκε
1157 3197 1367 3267 θρόνον·
1403 3216 1421 3247 ι
1454 3196 1564 3249 Καὶ
1584 3192 1733 3265 αὐτῷ
1762 3191 1879 3246 ὲδάσ

1984 3209 2166 3263 tribus
2229 3215 2286 3262 et
2332 3206 2537 3276 lingua:
2604 3203 2851 3259 servient
2935 3202 3007 3256 ei.
3042 3199 3123 3272 ι]
3193 3198 3253 3253 Id
3306 3197 3573 3252 nimirum

272 3296 342 3367 θη
374 3298 426 3365 ή-
454 3294 595 3364 τιμὴ
632 3293 728 3347 καὶ
754 3294 790 3364 ἡ
832 3289 1112 3361 βασιλεία*
1143 3291 1240 3343 καὶ
1280 3290 1454 3342 πᾶσαι
1487 3289 1543 3340 αἱ
1584 3285 1749 3356 φυλαὶ
1784 3284 1879 3339 καὶ

1981 3309 2102 3357 erat
2130 3298 2270 3354 illud
2307 3298 2378 3353 ab
2431 3297 2552 3368 ipso
2590 3296 2801 3350 dictum
2847 3313 2859 3348 :
2926 3294 3150 3355 «Pater,
3195 3287 3436 3347 clarillua
3489 3302 3575 3341 me

272 3386 526 3458 γλῶσσαι
557 3384 711 3456 αὐτῷ
746 3382 1114 3438 δουλεύσουσι.
1154 3403 1174 3435 ι
1214 3381 1325 3435 Καὶ
1370 3378 1532 3433 τοῦτο
1569 3374 1636 3451 ἦν
1674 3379 1784 3450 ἄρα
1820 3377 1882 3431 τὸ

1983 3393 2270 3455 claritate,
2319 3405 2485 3459 quam
2522 3388 2714 3451 habui,
2759 3394 3061 3454 antequam
3120 3380 3364 3437 mundus
3405 3388 3574 3441 esset,

277 3475 577 3549 εἰρημένον
613 3476 743 3545 παρ’
765 3472 953 3528 αὐτοῦ·
983 3493 1005 3525 ι
1038 3474 1243 3543 Πάτερ,
1268 3470 1495 3536 δόξασόν
1527 3486 1595 3541 με
1631 3472 1698 3539 τῇ
1728 3468 1878 3541 δόξῃ,

2034 3484 2134 3555 pud
2183 3494 2236 3538 te
2286 3483 2353 3535 ν’.
2382 3501 2399 3533 ι
2441 3480 2602 3548 Quod
2659 3487 2845 3533 autem
2895 3476 3245 3537 incarnatum
3288 3471 3387 3526 Dei
3441 3470 3579 3524 Ver-
3653 3470 3663 3484 '

277 3564 315 3642 ᾖ
349 3562 503 3637 εἶχον
528 3568 638 3637 πρὸ
672 3565 766 3619 τοῦ
815 3568 908 3618 τὸν
948 3567 1154 3635 κόσμον
1189 3559 1351 3629 εἶναι,
1385 3561 1539 3633 παρὰ
1567 3563 1670 3617 σοί.
1706 3581 1726 3613 ι
1760 3562 1882 3614 Ὅτι

1987 3578 2123 3634 bum
2175 3574 2485 3639 consident,
2541 3584 2598 3628 et
2661 3570 2891 3640 :equalis
2940 3567 3128 3639 gloria:
3176 3565 3250 3620 sit
3296 3578 3424 3619 cum
3465 3561 3579 3616 Deo

277 3660 339 3715 δὲ
384 3658 695 3731 σαρκωθεὶς
739 3660 770 3710 ὁ
807 3658 901 3711 τοῦ
927 3656 1064 3711 Θεοῦ
1084 3657 1263 3725 Λόγος
1312 3655 1568 3727 σύνεδρὸς
1598 3656 1714 3707 ἐστι
1738 3693 1753 3715 .
1788 3655 1883 3707 καὶ

1986 3679 2045 3727 et
2076 3670 2239 3725 Patre
2256 3667 2425 3721 etiam
2464 3681 2588 3720 cum
2618 3678 2807 3726 carne,
2840 3673 3097 3730 tanquam
3127 3672 3275 3711 unus
3306 3654 3582 3709 cxsistens

284 3750 540 3823 ισοκλεὴς
558 3750 639 3821 τῷ
662 3749 785 3820 Θεῷ
811 3751 906 3804 καὶ
933 3750 1133 3821 Πατρὶ,
1161 3750 1257 3802 καὶ
1284 3748 1423 3818 μετὰ
1453 3746 1675 3818 σαρκὸς,
1701 3745 1775 3808 ὼς
1806 3741 1885 3806 εἷς

1989 3764 2165 3821 Filius
2193 3761 2361 3818 etiam
2403 3758 2627 3830 quando
2676 3756 2885 3811 factum
2915 3762 3004 3809 est
3031 3752 3222 3813 homo,
3260 3745 3581 3802 manifestat

283 3846 553 3917 ὑπάρχων
585 3844 716 3908 Υἱὸς
739 3886 755 3910 ,
792 3843 889 3898 καὶ
912 3842 1001 3897 ὅτε
1040 3842 1265 3911 γέγονεν
1294 3840 1391 3895 ἄνθ
1400 3856 1604 3912 ρωπος,
1631 3839 1887 3907 σαφηνιεϊ

1989 3852 2434 3925 sapientissimus
2461 3848 2687 3910 Paulus,
2713 3844 3000 3901 scribens:
3049 3862 3067 3891 ι
3089 3840 3277 3895 Talem
3310 3836 3582 3892 habemus

284 3936 520 4009 γράφων
543 3938 574 3989 6
604 3937 879 4005 πάνσοφος
917 3934 1148 3998 Παῦλοςο
1188 3952 1206 3985 ι
1234 3931 1488 3986 Τοιοῦτον
1519 3929 1715 4002 ἔχομεν
1749 3931 1887 3999 ἀρχο

1993 3944 2338 4017 pontiﬁcem,
2359 3942 2455 4015 qui
2487 3940 2645 3995 sedet
2670 3939 2727 3992 in
2756 3936 2985 3991 dextera
3020 3932 3210 3988 throni
3241 3927 3581 4001 magnitudi-

290 4030 470 4101 ιεράα,
511 4028 572 4093 ὃς
619 4027 877 4081 ἐκάθισεν
904 4028 961 4081 ὲν
988 4026 1139 4097 δεξιᾷ
1166 4024 1260 4079 τοῦ
1294 4024 1487 4096 θρόνον
1512 4024 1613 4094 τῆς
1644 4022 1888 4093 μεγαλω-

1995 4040 2083 4097 nis
2108 4039 2165 4092 in
2208 4035 2445 4093 excelsis
2474 4034 2541 4087 ".
2570 4052 2587 4083 ι
2632 4027 2907 4086 Praeterea
2941 4036 2998 4083 et
3032 4027 3149 4096 ipse
3184 4024 3454 4079 Dominus
3480 4035 3584 4076 no-

294 4123 467 4192 σῦνης
488 4125 547 4175 ἐν
572 4125 687 4187 τοῖς
710 4122 953 4192 ὑψηλοῖς.
984 4139 1003 4170 ι
1034 4119 1144 4174 Ναὶ
1173 4123 1299 4189 μὴν.
1330 4120 1423 4173 καὶ
1448 4119 1610 4181 αὐτὸς
1638 4121 1666 4172 6
1686 4118 1891 4188 Κύριος

1996 4140 2113 4186 ster
2134 4129 2297 4185 Jesus
2317 4126 2592 4189 Christus,
2635 4118 3111 4190 interrogantibus
3149 4117 3333 4187 ipsum
3379 4112 3586 4170 Judaeis

292 4214 455 4285 ήμιῖιν
512 4212 722 4285 Ἰησοῦς
767 4212 1042 4283 Χριστὸς,
1084 4210 1358 4281 ἐρομένων
1399 4209 1562 4263 αὑτὸν
1598 4209 1702 4263 τῶν
1762 4210 1893 4262 Ἰου-

1996 4238 2131 4278 num
2153 4223 2271 4292 ipse
2295 4230 2443 4277 esset
2464 4233 2592 4273 vere
2613 4215 2868 4272 Christus
2896 4232 2908 4267 :
2946 4232 2964 4264 ι
2998 4211 3058 4268 Si
3082 4210 3276 4267 dixero
3299 4208 3475 4271 vobis,
3502 4206 3588 4260 in-

296 4310 490 4372 δαεων,
531 4309 689 4379 εἰπερ
724 4307 874 4360 ἐστὶν
907 4306 1070 4370 αὐτὸς
1102 4304 1318 4376 ἀληθῶς
1340 4305 1369 4356 ὁ
1396 4305 1655 4375 Χριστὸς,
1700 4323 1717 4354 ι
1765 4304 1892 4356 Ἐὰν

1997 4315 2139 4385 quit,
2169 4329 2279 4368 non
2307 4310 2534 4367 creditis
2564 4328 2576 4362 :
2606 4318 2663 4364 et
2687 4308 2733 4363 si
2761 4308 3199 4377 interrogavero,
3234 4316 3341 4356 non
3362 4315 3590 4371 respou-

296 4403 474 4464 εἴπω,
506 4400 695 4471 φησὶν,
729 4400 880 4469 ὑμῖν,
914 4399 975 4453 οῦ
1010 4399 1083 4469 μὴ
1116 4396 1443 4465 πιστεύσητε
1466 4413 1478 4425 υ
1523 4396 1619 4447 καὶ¹
1665 4396 1763 4447 ὲὶιν
1792 4395 1893 4445 ἑπ-

2000 4405 2222 4461 debitis.
2255 4402 2468 4459 Amodo
2515 4402 2623 4457 erit
2646 4399 2793 4455 (ilius
2829 4398 3067 4452 hominis
3097 4394 3295 4450 sedens
3318 4410 3349 4448 a
3398 4393 3592 4448 dexte-

300 4498 588 4567 ερωτήσω,
612 4497 671 4549 οὐ
700 4495 1151 4565 μνῆ-ἀποκριθῆτε.
1196 4494 1330 4546 Ἀπὸ
1354 4492 1447 4545 τοῦ
1478 4492 1572 4545 νῦν
1598 4493 1655 4545 δὲ
1684 4491 1837 4546 ἔσται
1869 4494 1895 4541 ὀ

1965 4504 1972 4543 l
2004 4499 2083 4553 ris
2108 4497 2331 4552 virtutis
2365 4496 2459 4550 Dei
2490 4496 2557 4547 ⁵⁵.
2590 4512 2609 4545 ν
2638 4494 2811 4564 igitur
2830 4491 2997 4545 etiam
3026 4490 3375 4544 incarnatum
3394 4486 3594 4541 Filium

301 4589 437 4652 Υἱὸς
471 4588 565 4641 τοῦ
610 4586 900 4657 ἀνθρώπου
946 4586 1262 4656 καθήμενος
1298 4586 1364 4637 ἐκ
1395 4583 1587 4650 δεξιῶν
1612 4583 1710 4652 τῆς
1739 4584 1899 4641 δυνά-

2006 4596 2064 4647 in
2094 4590 2401 4646 divinitatis
2424 4589 2562 4643 solio
2595 4596 2914 4641 sanctorum
2957 4582 3355 4654 prophetarum
3394 4579 3600 4633 chorus

307 4696 457 4750 μεως
488 4676 585 4732 τοῦ
626 4677 785 4731 Θεοῦ.
820 4698 838 4729 ι
872 4675 1082 4730 υἶοκοῦν
1110 4677 1181 4729 ἐν
1208 4678 1323 4738 τοῖς
1348 4675 1448 4744 τῆς
1483 4674 1737 4743 θεότητος
1770 4674 1897 4745 θρό-

2006 4683 2411 4753 contemplatus
2436 4689 2539 4735 est.
2597 4680 2891 4735 Videamus
2914 4686 3100 4732 autem
3143 4683 3201 4730 et
3234 4674 3371 4728 Novi
3405 4672 3596 4726 Testa-

303 4787 421 4833 νοις
448 4771 544 4823 καὶ
574 4768 1074 4845 ἐνανθρωπήσαντα
1104 4769 1195 4822 τὸν
1222 4770 1348 4823 Υἱὸν
1370 4772 1399 4821 ὁ
1425 4767 1533 4821 τῶν
1573 4766 1744 4834 ἁγίων
1770 4783 1903 4836 προ-

2010 4775 2182 4831 menti
2221 4790 2524 4845 praecones,
2563 4773 2733 4827 totius
2754 4771 2908 4825 orbis
2937 4771 3214 4831 doctores,
3246 4766 3450 4836 quibus
3485 4763 3601 4832 ipse

304 4864 501 4937 φητῶν
538 4832 729 4917 ὲθεάτο
753 4862 932 4931 χορός.
982 4863 1215 4932 Ἰδωμεν
1242 4862 1297 4915 δὲ
1330 4862 1426 4915 καὶ
1470 4862 1596 4922 τοὺς
1635 4860 1733 4929 τῆς
1778 4861 1904 4922 νέας

2011 4832 2269 4921 Christus
2302 4865 2561 4919 dicebat:
2600 4884 2617 4915 ι
2670 4863 2789 4918 Non
2828 4878 2927 4916 vos
2966 4860 3099 4915 estis
3145 4858 3241 4929 qui
3266 4832 3602 4925 doquimiui,

305 4955 588 5025 Διαθήκης
616 4957 886 5026 κήρυκας,
913 4956 1038 5018 τοὺς
1060 4954 1159 5023 τῆς
1190 4955 1279 5023 ὑφ’
1303 4954 1455 5024 ἥλιον
1485 4953 1901 5022 μυσταγωγοὺς,

2018 4958 2114 5013 sed
2140 4956 2382 5027 Spiritus
2409 4956 2587 5012 Patris
2618 4956 2785 5009 vestri
2805 4953 2900 5023 qui
2923 4951 3172 5021 loquitur
3197 4950 3251 5003 in
3277 4947 3438 5002 vobis
3459 4948 3527 4999 ".
3585 4966 3602 4996 ι

304 5043 396 5111 οἷς
418 5048 585 5110 αὐτὸς
614 5047 717 5117 ἔφη
744 5048 773 5099 6
798 5046 1051 5116 Χριστός
1086 5065 1104 5098 ι
1142 5047 1255 5117 Οὐχ
1284 5047 1440 5117 ὑμεῖς
1474 5047 1597 5099 ἐστε
1618 5047 1666 5098 οἱ
1692 5043 1908 5097 λαλοῦν-

2014 5051 2369 5106 inveniemus
2429 5052 2595 5121 igitur
2638 5050 2913 5104 dicentem
2950 5045 3198 5100 divinum
3244 5042 3544 5113 Baptistam
3596 5058 3608 5092 :

307 5159 426 5205 τες,
460 5141 597 5195 ἀλλὰ
630 5140 691 5194 τὺ
723 5140 948 5209 Πνεῦμα
978 5139 1071 5194 τοῦ
1112 5142 1327 5209 Πατρὸς
1359 5139 1513 5208 ὑμῶν
1538 5139 1599 5191 τὸ
1623 5138 1817 5192 λαλοῦν
1849 5140 1908 5191 ὲν

2026 5164 2043 5194 ι
2068 5144 2197 5199 Post
2230 5159 2318 5197 me
2355 5143 2505 5197 venit
2536 5142 2642 5205 vir,
2694 5141 2787 5209 qui
2823 5147 2950 5192 ante
3006 5152 3094 5191 me
3118 5136 3296 5190 factus
3351 5140 3454 5197 est,
3484 5131 3610 5201 quia

308 5237 467 5303 ὑμῖν.
506 5256 521 5286 ν
556 5232 875 5303 Εὑρήσομεν
908 5232 1086 5285 τοίνυν
1115 5233 1343 5301 λέγοντα
1366 5232 1458 5285 τὸν
1482 5230 1768 5285 θεσπέσιον
1806 5231 1910 5284 Βα-

2018 5237 2169 5307 prior
2191 5253 2277 5291 me
2294 5237 2491 5289 erat".
2510 5260 2526 5286 ι
2552 5234 2727 5303 Atqui
2751 5230 3030 5300 quomodo
3044 5228 3138 5298 qui
3154 5226 3480 5297 postipsum
3502 5224 3614 5277 ibat

310 5330 568 5398 πτιςτήψ
614 5350 628 5377 ι
679 5326 884 5379 Ὀπίσω
916 5342 1015 5397 μου
1055 5328 1275 5397 ἔρχεται
1315 5329 1477 5393 ἀνὴρ,
1512 5325 1567 5389 ὃς
1600 5326 1910 5396 ἔμπροσθέν

2021 5329 2172 5397 prior
2202 5329 2319 5397 ipso
2355 5327 2494 5381 fuit?
2521 5324 2943 5381 :mmtihristum
2970 5335 3119 5376 certe
3147 5318 3451 5375 secundum
3481 5324 3616 5370 ten:-

394 5491 439 5520 "
470 5492 605 5545 Dan.
638 5506 729 5553 vu,
760 5487 851 5541 9-1
874 5490 913 5542 ι.
994 5486 1039 5518 ⁸⁸
1062 5488 1181 5542 Act.
1207 5503 1242 5549 ι,
1275 5488 1326 5541 9.
1405 5490 1449 5518 "
1472 5486 1689 5555 Philipp
1736 5503 1794 5549 ιι,
1828 5491 1882 5549 6,
1919 5488 1970 5541 7.

1945 5492 1970 5541 '.
2046 5490 2089 5521 ἰ
2124 5491 2279 5544 Rom.
2309 5505 2422 5552 vm,
2453 5489 2505 5542 3.
2584 5491 2629 5521 θ’
2658 5487 2811 5542 Joan.
2847 5501 2973 5549 xm,
3012 5485 3034 5537 ι
3144 5482 3189 5513 ’⁸
3212 5479 3379 5547 Hebr.
3410 5492 3525 5543 vin,
3561 5476 3574 5528 ἲ

313 5567 369 5592 ""
406 5558 535 5616 Luc.
566 5577 695 5625 ιλιι,
732 5558 923 5613 67-71.
1002 5559 1047 5589 ’⁵
1078 5557 1268 5613 Matth.
1306 5574 1355 5623 τι,
1387 5558 1475 5611 ‘20.
1556 5560 1599 5587 "“
1624 5561 1778 5612 Joan.
1818 5559 1967 5622 1,227.

1438 5701 1612 5759 VariLe
1646 5702 1913 5757 lectiones
1948 5702 2155 5758 codicis
2186 5693 2529 5770 Seguieriani

412 5810 431 5837 ⁸
477 5801 555 5854 καί
