4154 6322
611 331 705 386 3H

1621 333 1677 389 S.
1719 334 1994 390 CYRILLI
2033 335 2504 398 ALEXANDRINI
2543 345 2862 404 ARCHIEP.

3753 359 3865 413 3|?

611 465 714 517 pus
740 449 921 502 carnis
947 447 1152 502 Joanne
1178 449 1536 518 posteriorem
1559 450 1746 514 fuisse,
1775 452 2050 520 quomodo
2071 470 2173 508 non

2286 475 2386 526 μου)
2420 462 2658 529 γέγονεν,
2688 466 2770 516 ὅτι
2801 466 3012 534 πρῶτός
3051 487 3150 538 μου
3179 465 3266 540 ἦν.
3306 492 3324 523 ι
3369 469 3502 528 Εἶτα
3531 473 3646 536 πῶς
3677 475 3705 525 ό
3740 476 3856 542 μετ’

611 538 682 590 sit
705 538 961 592 omnibus
983 539 1329 592 manifestum
1350 540 1372 592 ?
1391 538 1531 606 Quid
1558 541 1724 611 igitur
1747 543 1813 596 ad
1846 544 1961 598 haec
1995 546 2178 598 dicere

609 644 902 697 quisquam
932 631 1168 699 poterit?
1205 630 1380 684 Solvit
1413 633 1573 686 nobis
1609 636 1722 702 ipse
1748 634 1996 689 Salvator
2030 638 2178 706 quod

609 721 894 790 qumritur.
919 723 1560 786 DicebatenimJudzeos
1583 725 1899 794 alloquens:
1932 746 1949 777 ι
1986 729 2176 790 Amen,

609 830 792 876 amen,
825 815 948 870 dico
979 816 1153 878 vobis,
1185 817 1504 886 priusquam
1547 818 1817 872 Abraham
1859 819 2044 889 ﬁeret,
2079 837 2178 891 ego

609 922 728 960 sum
747 907 814 959 ’7.
853 927 869 956 ι
899 907 1032 960 Nam
1057 917 1172 960 erat
1200 908 1422 976 quidem
1445 917 1499 962 et
1521 917 1646 962 ante
1684 909 1956 964 Abraham
1983 927 2179 964 secun-

609 999 737 1052 dum
767 999 1108 1054 divinitatem
1143 1020 1153 1053 :
1186 1002 1510 1072 intelligitur
1531 1012 1653 1073 post
1677 1004 1854 1074 ipsum
1878 1006 2178 1060 secundum

608 1092 753 1162 quod
785 1092 948 1146 homo
971 1094 1240 1162 apparuit.
1267 1095 1473 1149 Deinde
1500 1095 1611 1149 Deo
1645 1104 1700 1149 et
1729 1096 1886 1150 Patre
1911 1097 2179 1150 clamante

608 1182 922 1237 manifeste:
949 1184 1215 1240 iGloriam
1233 1200 1407 1239 meam
1425 1185 1581 1239 alteri
1596 1202 1704 1240 non
1729 1186 1930 1242 dabo"
1947 1206 1959 1238 :
1979 1206 1995 1236 ι
2014 1186 2179 1257 (Deus

606 1272 751 1325 enim
787 1272 926 1326 alius
948 1280 1147 1342 praeter
1171 1274 1351 1342 ipsum
1378 1274 1563 1328 nullus
1593 1284 1677 1329 est
1701 1277 1745 1308 ’θ
1775 1296 1786 1329 2
1811 1275 1829 1346 )
1852 1276 1990 1330 dixit
2021 1275 2179 1330 nobis

603 1362 901 1418 Christus:
947 1384 963 1415 ι
992 1352 1132 1418 Cum
1176 1367 1389 1420 venerit
1431 1367 1602 1422 Filius
1643 1369 1883 1422 hominis
1925 1369 1979 1422 in
2005 1368 2178 1438 gloria

603 1453 783 1509 Patris
815 1456 900 1509 sui
943 1472 1068 1510 cum
1116 1458 1324 1528 angelis
1364 1461 1570 1515 sanctis
1596 1461 1634 1512 ¹.
1682 1480 1700 1510 ι
1748 1461 2017 1515 Praeterea
2051 1475 2178 1515 cum

602 1556 985 1617 exspectemus
1005 1548 1202 1603 Filium
1231 1550 1470 1605 hominis
1498 1550 1566 1605 de
1590 1552 1743 1606 caalis
1759 1551 2174 1617 descensurum,

603 1642 796 1696 scribit
839 1644 1037 1699 iterum
1081 1647 1518 1715 sapientissimus
1556 1649 1754 1703 Paulus
1791 1667 1804 1701 :
1851 1668 1868 1700 ι
1910 1649 2178 1719 Apparuit

601 1733 749 1787 enim
782 1735 954 1804 gratia
997 1737 1090 1791 Dei
1143 1737 1398 1792 salutaris
1435 1739 1690 1794 omnibus
1740 1739 2078 1805 hominibus,
2116 1749 2179 1794 ut

601 1825 935 1897 abnegantes
954 1827 1288 1897 impietatem
1308 1837 1361 1884 et
1380 1830 1657 1884 saecularia
1680 1831 1977 1896 desideria,
1992 1832 2176 1888 sobrie

601 1927 658 1972 et
673 1919 820 1988 juste
847 1927 903 1973 et
928 1920 1015 1990 pie
1055 1920 1305 1976 vivamus
1326 1924 1383 1977 in
1410 1923 1514 1978 hoc
1548 1925 1769 1989 saeculo,
1794 1933 2178 1993 exspectantes

600 2011 814 2064 beatam
837 2027 987 2081 spem
1024 2019 1081 2066 et
1103 2012 1396 2068 adventum
1425 2015 1608 2085 gloriae
1638 2016 1819 2086 magni
1849 2017 1943 2070 Dei
1977 2024 2033 2070 et
2056 2015 2175 2070 Sal-

600 2106 805 2160 vatoris
827 2106 997 2160 nostri
1020 2105 1150 2160 Jesu
1181 2105 1385 2161 Christi
1415 2110 1455 2161 ³.
1491 2127 1508 2158 ι
1538 2109 1684 2163 Dixit
1712 2109 1879 2164 etiam
1916 2109 2068 2172 alibi,
2091 2110 2176 2163 los

599 2216 774 2269 quens
808 2200 875 2255 de
910 2201 980 2255 iis
1007 2201 1099 2271 qui
1125 2216 1156 2256 e
1183 2201 1445 2272 sanguine
1465 2213 1592 2258 sunt
1614 2204 1800 2266 Israel,
1819 2204 1963 2272 quod
1986 2223 2003 2254 ε
2028 2204 2176 2273 Ipso-

600 2309 722 2347 rum
751 2302 880 2348 sunt
914 2294 1328 2364 promissiones,
1353 2303 1408 2348 et
1443 2295 1732 2364 legislatio.
1775 2306 1831 2350 et
1870 2305 2172 2350 testamen-

600 2395 736 2448 tum,
783 2387 944 2457 187
968 2395 1024 2441 et
1043 2403 1111 2441 ex
1149 2386 1282 2456 ipsis
1309 2385 1612 2440 secundum
1645 2402 1865 2442 carnem
1893 2387 2168 2451 Christus,

599 2476 693 2542 qui
734 2483 819 2530 est
862 2490 1028 2546 super
1066 2475 1249 2528 omnia
1301 2475 1447 2530 Deus
1493 2475 1818 2531 benedictus
1873 2477 1928 2530 in
1972 2477 2171 2532 saecula

598 2569 945 2626 saeculorum.
985 2568 1158 2623 Amen
1180 2568 1222 2620 ³.
1263 2586 1281 2617 ι

670 2854 841 2924 Igitur
860 2853 1220 2908 confessionis
1253 2851 1475 2906 Patrum
1513 2853 1738 2921 vestigia
1760 2861 2076 2922 sequentes,
2114 2861 2172 2906 et

598 2961 707 2998 non
739 2943 1110 3008 deﬂectentes,
1163 2943 1342 3012 ipsum
1384 2942 1620 2997 dicimus
1663 2943 1904 2997 Verbum
1935 2958 2002 2996 ex
2057 2944 2169 2998 Deo

600 3038 760 3092 l'atre
795 3044 982 3090 natum
1043 3036 1386 3104 unigenitum
1431 3033 1628 3087 Filium
1681 3035 1778 3088 Dei
1822 3036 2166 3118 incarnatum

2210 1801 2252 1860 Β

2283 552 2443 603 αὑτὸν
2471 554 2583 617 ἰὼν,
2606 555 2824 625 πρῶτος
2851 558 3014 610 αὑτοῦ
3045 555 3144 630 ἦν;
3175 563 3255 615 ὅτι
3281 565 3390 632 γὰρ
3421 564 3689 635 ὑστερίζει
3716 563 3867 617 κατὰ-

2281 642 2373 692 τὸν
2407 645 2500 713 τῆς
2537 646 2735 715 σαρκὸς
2767 647 2956 716 χρόνον
2997 650 3244 705 Ἰωάννου
3274 654 3301 705 ὀ
3323 655 3574 725 Χριστὸς,
3610 654 3729 718 πῶς
3759 655 3856 723 οὐχ

2285 735 2484 790 ἅπασιν
2531 740 2789 809 ἐναργές;
2821 742 2885 794 Τί
2918 740 3011 795 οὖν
3060 745 3194 813 πρὸς
3230 746 3401 800 ταῦτα
3444 748 3576 818 φαίη
3624 765 3710 811 τις
3756 749 3852 814 ἄνς

2287 829 2514 882 Ἔλυσεν
2557 834 2688 902 ἡμῖν
2732 834 2894 896 αὐτὸς
2934 836 2962 887 ὁ
3009 835 3198 908 Σωτὴρ
3241 838 3302 890 τὸ
3333 838 3679 908 ζητούμενον.
3711 839 3854 908 Ἔφη

2282 921 2389 992 γὰρ
2459 922 2728 986 Ἰουδαίοις
2773 926 3122 995 προσλαλῶν·
3183 946 3201 977 ι
3242 927 3467 999 [Ἀμὴν,
3527 928 3672 1000 ἀμὴν
3715 928 3856 994 λέγω

2283 1013 2455 1086 ὑμῖν,]
2488 1019 2616 1086 πρὶν
2668 1018 2917 1087 Ἀϐραὰμ
2945 1019 3197 1086 γενέσθαι
3224 1019 3334 1089 ἐγώ
3365 1023 3499 1090 είμι.
3540 1039 3558 1072 i
3595 1016 3702 1073 Ἦν
3757 1021 3853 1090 μὲν

2280 1107 2388 1176 γὰρ
2418 1109 2512 1160 καὶ
2541 1109 2645 1179 πρὸ
2697 1110 2944 1181 Ἀϐραὰμ
2975 1110 3190 1177 θεῖκῶς,
3219 1115 3419 1167 νοεῖται
3442 1113 3497 1165 δὲ
3524 1113 3640 1182 μετ’
3671 1112 3851 1173 αὑτὸν,

2280 1199 2416 1252 καθὸ
2447 1201 2686 1272 πέφηνεν
2716 1202 3020 1274 ἄνθρωπος.
3053 1199 3185 1257 Εἶτα
3215 1205 3309 1257 τοῦ
3360 1203 3496 1256 Θεοῦ
3525 1203 3616 1256 καὶ
3646 1203 3866 1274 Harpe;

2281 1289 2511 1360 βοῶντος
2529 1294 2852 1363 ἀναφανδόν·
2879 1315 2896 1346 ι
2929 1297 3042 1365 Τὴν
3061 1295 3220 1360 δόξαν
3247 1314 3348 1366 μου
3374 1296 3543 1366 ἑτέρῳ
3558 1297 3618 1349 οὐ
3647 1294 3800 1347 δώσω
3831 1312 3849 1344 ι

2282 1385 2449 1453 (Θεὸς
2477 1387 2585 1457 γὰρ
2608 1387 2793 1459 ἕτερος
2817 1391 2941 1461 παρ’
2969 1389 3131 1443 αὐτὸν
3159 1389 3330 1453 οὐδείς
3352 1395 3388 1456 )’
3421 1389 3523 1459 ἔφη
3545 1388 3680 1458 πρὸς
3706 1387 3855 1457 ἡμᾶς

2277 1479 2306 1530 ό
2333 1479 2582 1548 Χριστός·
2625 1498 2645 1531 ι
2684 1483 2850 1534 Ὅταν
2884 1481 2942 1534 δὲ
2969 1479 3096 1551 ἔλθη
3125 1481 3155 1532 ὁ
3184 1481 3312 1544 Υἱὸς
3345 1480 3439 1534 τοῦ
3470 1478 3757 1550 ἀνθρώπου
3796 1479 3854 1531 ἐν

2278 1573 2342 1640 τῇ
2373 1569 2496 1644 δόξῃ
2523 1571 2614 1623 τοῦ
2639 1571 2850 1642 Πατρὸς
2873 1572 3033 1626 αὐτοῦ
3059 1573 3194 1642 μετᾶ
3217 1572 3325 1624 τῶν
3348 1571 3517 1640 ἁγίων
3537 1570 3803 1638 ἀγγέλων.
3831 1588 3849 1622 ι

2281 1661 2410 1715 Υἰοῦ
2460 1663 2516 1715 δὲ
2565 1661 2853 1734 ἀνθρώπου
2899 1664 3351 1736 προσδοκωμένου
3399 1661 3749 1716 καταϐαίνειν
3795 1658 3856 1724 ἐξ

2279 1755 2544 1827 οὐρανῶν,
2573 1757 2772 1825 γράφει
2803 1757 2964 1810 πάλιν
2997 1759 3026 1810 ὀ
3058 1758 3329 1820 πάνσοφος
3363 1754 3605 1816 Παῦλος’
3663 1771 3681 1803 ι
3729 1750 3857 1805 Ἐπ-

2281 1850 2450 1919 εφάνη
2471 1848 2625 1920 γὰρὴ
2651 1847 2810 1921 χάρις
2834 1848 2928 1902 τοῦ
2952 1848 3088 1902 Θεοῦ
3119 1851 3151 1921 ὴ
3173 1851 3440 1919 σωτήριος
3467 1849 3630 1900 πᾶσιν
3647 1844 3857 1914 ἀνθρώ·
3896 1867 3899 1869 ·

2279 1957 2422 2002 ποιςο
2449 1939 2537 1991 ἵνα
2577 1939 2942 2010 ἀρνησάμενοι
2975 1939 3071 2007 τὴν
3112 1937 3367 1991 ἀσέϐειαν
3405 1937 3496 1989 καὶ
3535 1935 3632 1997 τὰς
3660 1949 3856 2001 κοσμι-

2280 2031 2380 2093 κὰς
2407 2030 2702 2101 ἐπιθυμίας
2726 2072 2740 2094 ,
2776 2029 3067 2099 σωφρόνως
3097 2030 3192 2082 καὶ
3227 2027 3451 2090 δικαίως
3486 2027 3580 2078 καὶ
3615 2022 3868 2086 εὐσεϐῶς

2279 2120 2530 2190 ζήσωμεν
2564 2122 2620 2172 ἐν
2645 2119 2723 2189 τῷ
2750 2119 2842 2172 νῦν
2874 2119 3053 2183 αἰῶνι,
3085 2118 3504 2190 προσδεχόμενοι
3539 2115 3641 2184 τὴν
3675 2128 3856 2183 μακα-

2279 2212 2399 2282 ρίαν
2434 2211 2624 2264 ὲλπίδα
2670 2215 2762 2266 καί⁸
2798 2213 3119 2278 ἐπιφάνειαν
3159 2211 3257 2280 τῆς
3296 2208 3453 2279 δόξης
3485 2205 3580 2260 τοῦ
3616 2203 3855 2275 μεγάλου

2275 2303 2409 2356 Θεοῦ
2441 2305 2535 2358 κα)⁵
2563 2305 2816 2376 Σωτῆρος
2850 2304 3006 2374 ἡμῶν
3049 2302 3223 2374 Ἰησοῦ
3255 2300 3513 2372 Χριστοῦ.
3557 2318 3575 2350 ι
3621 2298 3768 2368 Ἔφη
3799 2296 3856 2350 δὲ

2276 2398 2368 2448 καί
2404 2397 2632 2468 ἑτέρωθι
2663 2398 2792 2465 περὶ
2833 2397 2942 2450 τῶν
2977 2397 3034 2463 ἐξ
3078 2396 3309 2466 αἵματος
3354 2392 3570 2463 Ἰσραὴλ
3602 2390 3727 2453 τοὺς
3766 2387 3852 2440 λό-

2273 2505 2403 2556 γους
2429 2487 2770 2560 ποιούμενος,
2806 2489 2886 2541 ὅτι
2921 2507 2939 2538 ι
2977 2486 3168 2539 Αὐτῶν
3208 2487 3265 2538 αἱ
3299 2482 3621 2551 ἐπαγγελίαι
3644 2521 3658 2542 ,
3690 2479 3784 2532 καὶ
3820 2478 3852 2546 ἡ

2274 2580 2598 2652 νομοθεσία,
2652 2581 2744 2634 καὶ
2778 2583 2811 2648 ἡ
2850 2579 3118 2649 διαθήκη,
3155 2578 3249 2631 καὶ
3292 2579 3350 2643 ἐξ
3394 2573 3572 2630 αὐτῶν
3617 2571 3678 2624 τὸ
3713 2569 3858 2624 κατὰ

2277 2673 2454 2744 σάρκα
2485 2673 2737 2741 Χριστὸς,
2769 2675 2796 2725 ὁ
2826 2671 2900 2725 ῶν
2936 2674 3028 2724 ἐπὶ
3053 2673 3270 2725 πάντων
3297 2669 3431 2732 Θεὸς
3459 2665 3751 2736 εὐλογητὸς
3776 2663 3857 2726 εἰς

2274 2767 2396 2827 τοὺς
2423 2764 2644 2826 αἰῶνας,
2688 2764 2879 2835 Ἀμήν.
2917 2782 2935 2814 ›

2347 2857 2557 2910 Οὐκοῦν
2609 2857 2734 2909 κατ’
2793 2856 2940 2925 ἴχνος
2990 2855 3158 2918 ἰόντες
3193 2850 3572 2924 ἀπροσκλινῶς
3617 2848 3719 2918 τῆς
3747 2845 3856 2900 τῶν

2274 2947 2538 3017 Πατέρων
2572 2945 2886 3016 ὁμολογίας,
2934 2945 3096 2999 αὐτόν
3143 2961 3322 3014 φαμεν
3367 2943 3458 2995 τὸν
3496 2945 3558 2994 ἐκ
3588 2939 3681 2993 τοῦ
3716 2937 3854 2992 Θεοῦ

2275 3040 2491 3111 ῐῐατρὸς
2517 3039 2687 3107 Λόγον
2721 3039 3050 3109 γεννηθέντα
3081 3038 3208 3090 Υἱὸν
3244 3035 3530 3106 μονογενῆ,
3565 3031 3856 3104 σαρκωθῆ-

597 3145 718 3184 esse
745 3137 801 3184 et
823 3130 1101 3184 hominem
1137 3128 1361 3191 factum,
1389 3143 1629 3198 passum,
1654 3135 1962 3190 mortuum,
2002 3127 2166 3180 tertia

2279 3132 2360 3184 ναί
2401 3148 2459 3183 τε
2509 3136 2605 3183 καὶ
2649 3130 3086 3199 ἐνανθρωπῆσαι.
3123 3127 3335 3190 παθεῖν,
3381 3126 3690 3186 ἀποθανεῖν,
3728 3125 3861 3177 ἀνα--⁴

598 3223 686 3276 die
717 3223 1082 3277 resurrexisse
1113 3238 1176 3276 ex
1220 3221 1470 3276 mortuis.
1502 3220 1636 3273 Nam
1666 3219 1799 3272 citra
1843 3228 2168 3273 controver-

599 3317 732 3368 siam
783 3316 1115 3384 impassibile
1167 3325 1272 3378 est,
1302 3323 1569 3383 quantum
1621 3313 1687 3366 ad
1735 3328 1889 3367 suam
1915 3321 2171 3367 naturam

597 3409 816 3470 attinet,
870 3408 1105 3463 Verbum
1143 3407 1273 3470 Dei;
1317 3407 1576 3461 etnullus
1622 3415 1729 3459 tam
1761 3406 2168 3469 attonitusnest,

597 3501 689 3568 qui
728 3511 924 3570 putare
973 3501 1163 3569 possit,
1205 3510 1455 3554 naturam
1495 3514 1615 3566 qum
1655 3507 1736 3551 est
1762 3515 1929 3567 super
1961 3498 2169 3560 omnia,

600 3595 869 3664 passionis
897 3609 1018 3648 esse
1051 3608 1329 3662 capacem.
1353 3593 1457 3646 Sed
1496 3593 1624 3661 quia
1655 3591 1831 3645 factus
1863 3602 1948 3646 est
1983 3593 2169 3654 homo,

599 3694 653 3737 et
675 3699 892 3738 carnem
941 3699 1008 3737 ex
1044 3691 1231 3737 sancta
1284 3683 1502 3752 Virgine
1546 3691 1838 3750 sumpta-ni,
1897 3683 2171 3750 propriam

598 3774 758 3826 fecit:
787 3780 1094 3842 propterea,
1135 3781 1193 3826 ut
1216 3771 1642 3840 dispensationis
1666 3773 1932 3825 rationem
1976 3787 2172 3840 sequa-

600 3881 742 3927 mur,
774 3866 826 3918 in
850 3881 1012 3918 carne
1050 3865 1273 3934 propria
1313 3878 1528 3933 passum
1571 3879 1693 3917 esse
1727 3879 1793 3916 ex
1831 3863 2172 3917 humanitate

597 3953 895 4008 asserimus
919 3969 1066 4016 eum,
1109 3955 1200 4022 qui
1236 3962 1390 4026 extra
1439 3969 1657 4007 omnem
1709 3955 2020 4020 passionem
2067 3963 2170 4015 est,

601 4054 788 4114 utpote
805 4044 965 4098 Deus.
987 4044 1119 4097 Nam
1149 4045 1190 4098 si
1211 4045 1353 4098 Deus
1382 4045 1651 4098 exsisteus
1678 4044 1852 4098 factus
1877 4054 1960 4098 est
1986 4045 2170 4107 homo,

599 4147 655 4193 et
680 4137 907 4191 minime
931 4136 1143 4191 destitit
1167 4152 1287 4191 esse
1317 4137 1488 4190 Deus:
1521 4138 1563 4189 si
1593 4135 1768 4190 factus
1791 4147 1875 4190 est
1907 4149 2174 4192 creatura:

600 4230 800 4300 portio,
825 4237 881 4282 et
907 4229 1104 4282 mansit
1137 4237 1316 4282 tamen
1351 4244 1516 4298 supra
1538 4237 1846 4282 creaturam
1869 4247 1881 4293 ;
1908 4229 1952 4282 si
2010 4229 2173 4297 legis-

602 4325 741 4378 lator
760 4322 1050 4379 exsistens.
1077 4330 1263 4391 utpote
1301 4322 1462 4385 Deus,
1502 4321 1679 4375 factus
1722 4331 1806 4374 est
1847 4322 1949 4376 sub
1979 4323 2097 4391 lege
2131 4320 2171 4383 ⁸,

601 4425 656 4469 et
683 4422 802 4468 erat
824 4415 1004 4469 adhuc
1031 4415 1311 4484 legislator
1338 4434 1349 4466 :
1374 4414 1416 4467 si
1443 4414 1570 4467 item
1603 4429 1726 4467 cum
1748 4415 2012 4468 Dominus
2027 4424 2175 4468 esset

2277 3226 2466 3292 στῆναι
2491 3225 2556 3275 ὲκ
2582 3221 2790 3291 νεκρῶν
2828 3223 2894 3292 τῇ
2926 3220 3084 3290 τρίτη
3107 3219 3306 3290 ἡμέρᾳ.
3361 3217 3601 3287 ’Δπαθὴς
3627 3216 3724 3285 μὲν
3747 3217 3856 3286 γὰρ

2275 3315 2720 3384 ὁμολογουμένως
2768 3314 2830 3366 τό
2886 3329 2949 3380 γε
2993 3307 3126 3382 ἧκον
3173 3312 3249 3373 είς
3304 3311 3437 3362 ἰδίαν
3481 3309 3641 3378 φύσιν
3682 3309 3712 3360 ὁ
3760 3307 3855 3361 τοῦ

2274 3405 2406 3458 Θεοῦ
2440 3406 2628 3473 Λόγος·
2664 3403 2756 3456 καὶ
2798 3402 2971 3465 οὐδεὶς
2993 3400 3162 3463 οὕτως
3187 3399 3574 3470 ὲμϐρόντητος,
3603 3398 3677 3462 ὡς
3704 3397 3858 3466 νομί-

2279 3515 2367 3551 σαι
2394 3497 2655 3550 δύνασθαι
2682 3495 2886 3558 πάθους
2917 3491 3054 3548 εἶναι
3091 3493 3343 3562 δεκτικὴν
3369 3492 3467 3561 τὴν
3504 3492 3643 3560 ὑπὲρ
3679 3491 3858 3544 πάντα

2276 3590 2457 3660 φύσιν.
2499 3589 2714 3657 Ἐπειδὴ
2761 3589 2816 3641 δὲ
2857 3589 3077 3656 γέγονεν
3107 3586 3423 3657 ἄνθρωπος,
3467 3585 3601 3638 ἰδίαν
3627 3587 3858 3655 ποιησά-

2280 3699 2438 3753 μενος
2473 3684 2650 3754 σάρκα
2678 3683 2773 3752 τὴν
2801 3684 2863 3734 ἐκ
2901 3684 2997 3752 τῆς
3031 3682 3190 3748 ἁγίας
3227 3677 3526 3748 Ηαρθένου,
3562 3675 3735 3748 ταύτῃ
3776 3693 3870 3729 τοι·

2275 3778 2386 3839 τοῖς
2429 3775 2528 3844 τῆς
2569 3775 2881 3841 οἰκονομίας
2903 3773 3180 3842 ,ἑπόμενοι
3222 3771 3423 3837 λόγοις.
3454 3769 3618 3839 σαρκὶ
3651 3771 3717 3839 τῇ
3751 3767 3857 3837 ἰδία

2278 3868 2470 3920 παθεῖν
2499 3866 2856 3933 ἀνθρωπίνως
2885 3864 3342 3934 διαϐεϐαιούμεθα
3360 3862 3455 3914 τὸν
3479 3863 3735 3914 ἐπέκεινα
3761 3857 3856 3913 τοῦ

2279 3962 2470 4014 παθεῖν
2511 3961 2585 4023 ὡς
2624 3959 2775 4012 Θεόν.
2802 3961 2863 4012 Εἰ
2895 3959 3003 4027 γὰρ
3042 3958 3174 4021 Θεὸς
3215 3958 3476 4028 ὑπάρχων
3509 3955 3733 4024 γέγονεν
3761 3952 3855 4008 ἆν-

2277 4053 2515 4124 θρωπος,
2555 4053 2963 4120 ἀποπεφοίτηκε
3008 4052 3065 4104 δὲ
3095 4050 3346 4120 οὐδαμῶς
3387 4047 3480 4101 τοῦ
3531 4043 3671 4100 εἶναι
3701 4046 3855 4111 Θεὸς,

2277 4147 2326 4196 εἰ
2351 4146 2538 4212 γέγονε
2569 4145 2669 4214 τῆς
2701 4145 2932 4206 κτίσεως
2983 4143 3179 4213 μέρος,
3225 4142 3320 4194 καὶ
3356 4140 3665 4209 μεμένηκεν
3716 4139 3857 4210 ὑπὲρ

2277 4234 2371 4304 τὴν
2417 4234 2610 4287 κτίσιν·
2655 4236 2702 4286 εἰ
2751 4233 3045 4302 νομοθέτης
3091 4233 3164 4286 ῶν
3196 4234 3271 4296 ὼς
3309 4232 3460 4295 Θεὸς,
3495 4231 3719 4298 γέγονεν
3754 4231 3858 4284 ὑπὸ

2277 4327 2460 4393 νόμον,
2495 4325 2588 4376 καὶ
2629 4325 2922 4395 νομοθέτης
2955 4319 3022 4394 ἦν
3056 4323 3156 4376 ἔτι·
3199 4324 3292 4376 καὶ
3329 4323 3603 4392 Δεσπότης
3629 4320 3704 4374 ῶν
3745 4321 3854 4376 θεῖ-

2280 4418 2410 4482 κῶς,
2440 4417 2626 4470 δούλου
2660 4418 2872 4490 μορφὴν
2907 4417 3098 4482 ὑπέδυ,
3131 4417 3227 4470 καὶ
3249 4415 3624 4485 ἀναπόϐλητον
3665 4415 3778 4485 ἔχει
3799 4413 3861 4470 τὸ

599 4523 666 4561 ex
691 4505 995 4568 divinitate,
1029 4507 1170 4558 servi
1195 4506 1425 4559 formam
1452 4505 1650 4567 induit,
1673 4517 1727 4559 et
1749 4505 2169 4575 inseparabilem

2279 4509 2378 4574 τῆς
2423 4509 2740 4570 δεσποτείας
2773 4511 3010 4578 ἀξίωμαο
3046 4510 3094 4562 εί
3130 4509 3424 4580 μονογενὴς
3462 4509 3724 4579 ὑπάρχων
3767 4509 3858 4578 γέ-

598 4599 811 4653 oblinet
839 4597 1066 4651 dominii
1097 4599 1416 4668 dignitatem
1439 4617 1449 4651 :
1471 4599 1513 4652 si
1547 4599 2170 4668 unigenitusexsistens,

597 4695 774 4748 factus
812 4701 898 4745 est
918 4693 1314 4762 primogenitus
1341 4695 1397 4747 in
1423 4694 1612 4748 multis
1647 4693 1911 4747 fratribus
1941 4693 1982 4757 ³,
2013 4701 2174 4746 etest

593 4787 764 4839 etiam
794 4785 1143 4854 unigenitus:
1175 4802 1271 4839 cur
1295 4787 1581 4849 miramur,
1609 4786 1651 4837 si
1683 4801 1846 4839 carne
1887 4800 2080 4855 passus
2107 4801 2174 4838 ex

594 4878 939 4936 humanitate
965 4877 1317 4946 impassibilis
1351 4879 1513 4932 etiam
1537 4879 1615 4931 sie
1643 4877 1965 4947 intelligitur
1993 4892 2060 4931 ex
2092 4876 2176 4931 di—

591 4970 863 5022 vinitate?
917 4970 1104 5039 Itaque
1174 4971 1613 5038 sapientissimus
1667 4970 1868 5023 Paulus
1931 4971 2173 5024 Verbum

591 5059 744 5127 quod
793 5059 851 5111 in
895 5059 1069 5112 forma
1113 5060 1504 5127 etaequalitate
1551 5060 1644 5113 Dei
1711 5068 1765 5113 et
1811 5061 1991 5115 Patris
2034 5069 2172 5123 erat,

593 5153 744 5207 idem
768 5153 943 5220 ipsum
969 5153 1248 5205 subditum
1277 5151 1480 5206 factum
1508 5167 1626 5204 esse
1655 5151 1788 5205 dicit
1819 5159 1875 5203 et
1907 5167 2080 5220 usque
2109 5152 2176 5204 ad

601 5253 853 5304 mortem,
909 5254 1138 5296 mortem
1177 5255 1360 5296 autem
1413 5243 1594 5296 crucis
1642 5245 1680 5295 “.
1724 5243 1779 5295 ln
1838 5244 1942 5295 alia
1991 5254 2174 5297 autem

599 5337 824 5404 epistula
871 5353 965 5389 sua
997 5337 1060 5389 de.
1105 5335 1296 5388 eodem
1352 5336 1485 5388 dicit
1519 5356 1531 5387 :
1566 5355 1583 5385 ‹
1635 5337 1735 5400 Qui
1767 5346 1849 5389 est
1873 5336 2051 5404 imago
2076 5337 2168 5390 Dei

603 5423 911 5482 invisibilis,
943 5423 1339 5491 priinoeeuitus
1369 5425 1546 5476 omnis
1568 5435 1834 5478 creaturae
1869 5446 1878 5477 :
1932 5429 2058 5494 quia
2115 5428 2169 5479 in

604 5514 719 5578 ipse
769 5514 984 5566 conlita
1024 5524 1149 5566 sunt
1192 5516 1374 5566 omnia
1410 5531 1529 5581 quae
1589 5515 1642 5567 in
1674 5517 1808 5568 ιςωῑυ
1858 5526 1912 5568 et
1971 5534 2089 5584 quur
2119 5518 2170 5570 in

678 5725 692 5751 θ’
752 5725 904 5774 Laws.
945 5742 1050 5778 im.
1091 5727 1172 5776 348.
1254 5727 1295 5755 θ’
1331 5727 1427 5778 isa.
1466 5743 1586 5782 xm,
1627 5729 1656 5774 ﬂ
1756 5731 1795 5757 ’”
1833 5729 1927 5777 lsa.
1967 5746 2081 5780 \H.

650 5796 794 5846 (£2232!
860 5813 930 5850 εκ.
975 5797 1014 5848 ἰ».
1090 5800 1106 5823 ⁸
1143 5797 1293 5850 [ὡιιιιι.
1327 5814 1437 5852 ηεξ.
1519 5799 1790 5858 ‘i'hiiiliji.
1824 5802 2015 5860 ιμίί-κ,

2122 5731 2167 5778 ῖς,
2248 5735 2259 5760 ¹
2301 5735 2457 5786 llam:
2499 5753 2604 5796 \lll,
2638 5737 2720 5790 53.

2281 4619 2405 4670 γονε
2435 4602 2775 4673 πρωτότοκος
2798 4605 2856 4655 ὲν
2882 4603 3095 4665 πολλοῖς
3135 4601 3401 4670 ἀδελφοῖς,
3435 4603 3526 4655 καὶ
3557 4602 3672 4654 ἐστι
3703 4618 3859 4673 μονο-

2282 4691 2462 4760 γενὴς,
2487 4693 2540 4744 τί
2568 4693 2628 4745 τὸ
2660 4691 2978 4762 παράδοξον,
3005 4693 3239 4762 εί-σαρκὶ
3266 4690 3454 4746 παθὼν
3478 4692 3854 4764 ἀνθρωπίνως,

2283 4786 2496 4852 ἀπαθὴς
2524 4786 2615 4838 καὶ
2637 4785 2778 4838 οὕτω
2816 4787 3016 4838 νοεῖται
3043 4785 3271 4848 θεῖκῶς;
3303 4785 3414 4837 Καὶ
3448 4785 3580 4853 γοῦν
3601 4787 3629 4837 ὁ
3655 4786 3857 4840 πάνσο⁴

2285 4895 2383 4947 eo;
2417 4877 2622 4940 Παῦλος
2655 4879 2746 4930 τὸν
2773 4881 2828 4930 ὲν
2871 4879 3051 4949 μορφῇ
3104 4877 3196 4932 καὶ
3233 4878 3435 4947 ἰσότητι
3466 4875 3559 4929 τοῦ
3601 4875 3736 4928 Θεοῦ
3767 4879 3860 4930 καὶ

2276 4970 2490 5040 Ματρὸς
2522 4970 2832 5041 ὑπάρχοντα
2874 4970 3068 5037 Λόγον,
3107 4969 3199 5021 τὸν
3244 4969 3405 5021 αὐτὸν
3432 4969 3670 5037 ὑπήκοον
3701 4969 3857 5036 γενέ-

2280 5063 2400 5114 σθαι
2435 5063 2586 5129 φησὶ,
2621 5065 2713 5114 καὶ
2767 5064 2926 5132 μέχρι
2974 5062 3228 5124 θανάτου,
3261 5062 3491 5116 θανάτου
3517 5062 3574 5114 δὲ
3602 5061 3854 5133 σταυροῦ.

2291 5156 2377 5206 Ἑν
2406 5154 2565 5225 ἑτέρᾳ
2586 5155 2641 5206 δὲ
2662 5155 2770 5207 τῶν
2798 5155 2943 5208 ἰδίων
2975 5153 3306 5223 Ἐπιστολῶν
3331 5155 3459 5224 περὶ
3480 5154 3646 5206 αὑτοῦ
3672 5171 3854 5224 φησιν·

2285 5266 2300 5295 ι
2346 5247 2535 5307 Ὅστις
2568 5248 2714 5298 ἐστὶν
2756 5246 2920 5300 εἰκὼν
2954 5247 3048 5300 τοῦ
3078 5248 3211 5301 Θεοῦ
3238 5247 3331 5300 τοῦ
3359 5249 3613 5317 ἀοράτου,
3649 5248 3860 5318 πρωτό-

2277 5355 2433 5400 τοκος
2458 5340 2636 5408 πάσης
2671 5340 2918 5400 κτίσεως·
2955 5340 3034 5392 ὅτι
3064 5342 3120 5392 ἐν
3158 5341 3305 5410 αὐτῷ
3333 5341 3551 5410 ἐκτίσθη
3588 5341 3655 5393 τὰ
3683 5342 3856 5393 πάντα

2280 5431 2345 5483 τὰ
2375 5434 2429 5483 ὲν
2455 5431 2530 5500 τῷ
2556 5433 2767 5500 οὐρανῷ
2799 5434 2891 5486 καὶ
2918 5435 2984 5485 τὰ
3014 5435 3106 5488 ἐπὶ
3135 5435 3233 5503 τῆς
3259 5435 3359 5502 γῆς
3392 5453 3403 5464 ·
3435 5436 3528 5485 καὶ
3552 5436 3712 5497 αὑτός
3747 5439 3856 5485 ἐστι

2283 5522 2388 5592 πρὸ
2429 5523 2663 5576 πάντων·
2707 5527 2802 5578 καὶ
2830 5525 2895 5577 τὰ
2941 5525 3114 5579 πάντα
3268 5527 3415 5596 αὐτῷ
3465 5528 3782 5596 συνέστηκε⁸
3833 5549 3850 5575 ι

2802 5740 2819 5765 ³
2854 5738 2957 5790 ἰ’ίι.
2995 5755 3050 5804 u,
3089 5739 3272 5793 li-lD.
3355 5741 3751 5802 '110m.n,i,
3792 5741 3848 5792 5’
