4154 6322
291 325 388 380 315

1685 330 2023 390 EPISTOLA
2061 331 2168 389 LV.

3457 334 3567 395 5M

293 442 379 494 ni.
417 440 587 495 αὐτὸν
627 441 873 496 δεδόσθαι
928 444 1062 515 φησὶ
1118 444 1362 517 κεφαλὴν
1420 449 1486 519 τῇ
1552 449 1856 520 Ἐκκλησία

1991 459 2173 513 terra;
2198 458 2253 503 et
2283 447 2398 518 ipse
2419 458 2506 504 est
2528 455 2655 503 ante
2684 446 2891 512 omnia,
2923 457 2981 502 et
3001 445 3187 502 omnia
3219 446 3273 502 in
3301 448 3420 519 ipso
3439 464 3575 507 con.

290 532 544 600 γενέσθαι
589 532 648 586 δὲ
703 535 795 587 καὶ
845 535 1100 606 ἀπαρχὴν
1143 535 1251 589 τῶν
1300 540 1749 611 κεκοιμημένων,
1780 539 1878 594 καὶ

293 624 638 695 πρωτότοκον
665 625 772 679 τῶν
806 627 1032 698 νεκρῶν.
1071 628 1259 682 Καίτοι
1299 631 1432 702 ζωὴ,
1474 635 1570 685 καὶ
1613 632 1876 697 ζωοποιδς

289 720 318 771 6
351 720 416 772 ἑκ
449 717 591 772 Θεοῦ
636 721 847 792 Πατρός
895 724 1012 774 ἐστι
1052 723 1244 790 Λόγος,
1273 725 1367 779 ἅτε
1406 726 1469 794 δὴ
1518 728 1612 780 καὶ
1642 729 1704 780 ὲκ
1732 728 1876 800 ζωῆς

290 812 524 881 ἀναφὺς,
549 813 646 867 τοῦ
679 814 928 876 τεκόντος
947 815 1129 870 αὐτόν.
1159 812 1292 871 Εἶτα
1324 817 1440 882 πῶς
1469 819 1694 887 γέγονεν
1724 836 1875 890 πρω-

288 901 509 965 τότοκος
537 905 602 956 ὲκ
631 903 867 974 νεκρῶν,
894 905 988 957 καὶ
1015 906 1236 979 ἀπαρχὴ
1275 906 1384 960 τῶν
1415 909 1871 980 κεκοιμημένων;

302 993 523 1066 Ἐπειδὴ
556 995 666 1067 γὰρ
696 997 794 1066 τὴν
821 995 914 1050 τοῦ
949 997 1180 1054 θανάτου
1212 999 1466 1068 δεκτικὴν
1513 1002 1648 1056 ἰδίαν
1681 1003 1873 1072 ἐποιή-

289 1096 424 1140 σατο
452 1088 652 1161 σάρκα,
690 1107 708 1140 ι
749 1091 932 1159 χάριτι
965 1090 1125 1157 Θεοῦ,
1159 1093 1302 1148 καθά
1347 1111 1515 1164 φησιν
1541 1098 1570 1149 6
1598 1097 1875 1166 πάνσοφος

285 1176 521 1246 Παῦλος,
555 1181 693 1254 ὑπὲρ
727 1183 925 1247 παντὸς
962 1184 1224 1253 ἐγεύσατο
1253 1186 1486 1240 θανάτου
1522 1206 1542 1238 ι
1583 1191 1649 1260 τῇ
1681 1189 1873 1242 παθεῖν

284 1272 451 1327 αὐτὸν
475 1274 747 1346 δυναμένῃ
782 1278 964 1346 σαρκὶ,
997 1279 1096 1332 οὑκ
1129 1279 1420 1333 ἀποϐαλὼν
1449 1281 1613 1346 αὐτὸς
1642 1281 1704 1335 τὺ
1732 1277 1873 1336 εἶναι

285 1366 422 1436 ζωή.
450 1367 658 1422 Οὐκοῦν
688 1369 791 1422 κᾶν
828 1374 876 1424 εί
905 1372 1118 1438 λέγοιτο
1162 1376 1326 1444 σαρκὶ
1369 1375 1586 1437 παθεῖν,
1621 1378 1684 1430 οὐ
1711 1377 1872 1446 φύσει

283 1457 543 1531 θεότητος
572 1462 868 1530 είσδέξεται
892 1465 955 1516 τὸ
983 1465 1194 1529 παθεῖν,
1231 1468 1346 1521 ἀλλ’
1383 1467 1460 1532 ὡς
1481 1467 1618 1539 ἔφην
1647 1469 1870 1539 ἀρτίως,

287 1551 397 1624 ίδίᾳ
434 1555 600 1624 σαρκὶ
624 1557 692 1626 τῇ
723 1557 816 1609 τοῦ
857 1556 1064 1621 πάθους
1102 1559 1348 1630 δεκτικῇ.
1381 1560 1493 1614 Καὶ
1534 1560 1664 1626 γοῦν
1696 1564 1725 1614 6
1765 1581 1867 1632 μα-

283 1647 479 1716 κάριος
504 1650 791 1718 προφήτης
829 1652 1052 1715 Ἡσαΐας
1081 1652 1581 1724 ένανθρωπήσαντα
1615 1655 1746 1708 Θεὸν
1781 1655 1872 1709 τὸν

284 1739 451 1809 σαρκὶ
486 1738 730 1794 παθόντα
753 1741 1054 1811 γινώσκων,
1082 1745 1187 1816 ἔφη
1220 1762 1321 1800 που
1353 1750 1481 1820 περὶ
1517 1748 1704 1802 αὐτοῦ·
1724 1768 1742 1801 ι
1785 1750 1872 1813 Ὡς

282 1830 559 1901 πρόϐατον
605 1834 698 1886 ἐπὶ
748 1837 963 1907 σφαγὴν
1001 1837 1172 1909 ῆχθη,
1218 1839 1312 1892 καὶ
1352 1839 1429 1902 ὡς
1461 1841 1632 1911 ἀμνὸς
1664 1842 1871 1906 ἄκακος

281 1922 524 1976 ἐναντίον
574 1925 667 1978 τοῦ
726 1927 1000 2000 κείροντος
1048 1931 1230 1992 αὐτὸν.
1270 1931 1504 2001 ἄφωνος,
1550 1933 1724 1998 οὕτως
1770 1935 1873 1988 οὐκ

281 2015 489 2082 ἀνοίγει
521 2015 583 2070 τὸ
621 2019 797 2089 στόμα
822 2022 1011 2075 αὐτοῦ.
1051 2023 1141 2077 Ἐν
1172 2027 1237 2094 τῇ
1271 2025 1596 2079 ταπεινώσει
1633 2026 1798 2081 αὐτοῦ
1833 2030 1867 2099 ὴ

281 2107 463 2177 κρίσις
497 2108 662 2162 αὑτοῦ
703 2110 864 2182 ἤρθη·
912 2113 1010 2184 τὴν
1055 2115 1110 2168 δὲ
1140 2117 1335 2184 γενεὰν
1371 2118 1536 2172 αὑτοῦ
1563 2122 1646 2182 τίς
1673 2119 1870 2191 διηγή-

282 2215 474 2264 attat;
512 2201 634 2254 Ὅτι
677 2204 887 2272 αἴρεται
926 2207 1036 2260 ἀπὸ
1072 2208 1173 2278 τῆς
1214 2209 1317 2280 γῆς
1353 2212 1385 2276 ὴ
1442 2211 1554 2283 ζωὴ
1603 2213 1788 2266 αὑτοῦ.
1845 2233 1864 2266 ι

280 2291 476 2346 Καίτοι
500 2294 659 2364 εἴπερ
685 2314 771 2359 τις
796 2293 868 2368 ἦν
902 2298 1209 2372 ἄνθρωπος,
1244 2305 1338 2357 καὶ
1363 2304 1544 2368 ίδικῶς
1579 2305 1870 2376 νοούμενος

279 2384 418 2446 υίὸς,
463 2387 810 2456 συνημμένος
862 2388 919 2443 δὲ
966 2390 1107 2462 Θεῷ,
1147 2393 1294 2448 καθά
1329 2412 1493 2464 φασιν
1533 2398 1582 2448 οἱ
1621 2398 1730 2450 τῶν
1778 2400 1871 2451 ἀν-

275 2477 440 2532 οσίων
463 2476 749 2548 δογμάτων
770 2482 1084 2552 εἰσηγηταὶ,
1105 2486 1222 2548 πῶς
1253 2486 1333 2539 ἔτι
1361 2487 1683 2555 δυσεύρετος
1709 2491 1738 2542 6
1771 2491 1868 2560 τὴν

277 2569 472 2634 γενεὰν
493 2570 660 2622 αὑτοῦ
682 2571 1046 2642 διηγήσασθαι
1073 2576 1399 2646 δυνάμενοςς
1438 2579 1634 2647 Γέγονε
1668 2581 1777 2651 γὰρ
1802 2582 1866 2635 ὲκ

278 2660 597 2733 σπέρματος
660 2665 856 2719 Ἰεσσαὶ
911 2668 1006 2718 καὶ
1054 2668 1236 2722 Δαυῖδ.
1284 2669 1396 2742 Τὴν
1432 2671 1488 2724 δέ
1516 2689 1579 2739 γε
1605 2672 1698 2726 τοῦ
1728 2673 1865 2726 Θεοῦ

274 2755 451 2823 Λόγου
479 2756 753 2826 γέννησιν,
783 2758 900 2828 ἦτοι
930 2759 1022 2812 τὸν
1060 2757 1162 2831 τῆς
1185 2763 1496 2835 γεννήσεως
1525 2765 1748 2836 τρόπον,
1780 2767 1865 2832 τίς

273 2847 303 2900 6
335 2846 504 2914 φάναι
531 2847 868 2919 δυνάμενος;
909 2871 926 2901 ι
979 2854 1202 2922 Αἴρεται
1241 2855 1351 2927 γὰρ
1401 2857 1509 2910 ἀπὸ
1554 2859 1655 2926 τῆς
1694 2859 1861 2930 γῆςή

274 2937 388 3009 ζωὴ
433 2938 622 3003 αὐτοῦ,
660 2959 678 2989 ι
707 2941 982 2994 τουτέστιν
1014 2944 1324 3017 ἡῦπαρξις·
1356 2947 1568 3001 τέθεικε
1597 2949 1706 3019 γὰρ
1739 2951 1863 3004 ἀντὶ

273 3031 372 3100 τῆς
413 3031 698 3101 ὑπάρξεως
754 3033 853 3104 τὴν
914 3035 1081 3106 ζωήν.
1139 3038 1304 3108 ’Υψοῦ
1369 3039 1425 3093 δὲ
1484 3042 1712 3112 διᾴττει,
1767 3045 1863 3098 καὶ

276 3123 642 3194 ὑπερνήχεται
684 3125 811 3190 τοὺς
874 3128 965 3180 ἐπὶ
996 3129 1095 3200 τῆς
1145 3132 1267 3200 γῆς.
1319 3134 1697 3204 ’Λπερινόητος
1729 3135 1858 3207 γὰρ,

275 3217 369 3268 καὶ
393 3216 772 3287 ἀπρόσϐλητος
806 3221 1085 3283 παντελῶς
1117 3225 1238 3286 ταῖς
1266 3225 1572 3294 ἀνθρώπων
1602 3226 1864 3292 διανοίαις

273 3309 303 3360 6
331 3311 457 3380 περὶ
475 3311 574 3379 τῆς
604 3312 848 3382 ἀρρήτου
897 3314 1111 3381 φύσεως
1138 3316 1330 3384 Λόγος.
1370 3319 1725 3388 Προσεποίσω
1753 3327 1865 3386 τοῖς

275 3401 608 3471 είρημένοις,
651 3405 744 3456 καὶ
790 3406 929 3457 τόδεο
969 3425 985 3456 ι
1032 3401 1128 3470 Εἷς
1167 3409 1393 3480 Κύριος,
1442 3412 1538 3480 μία
1567 3401 1865 3477 ’πίστις,ἒν

278 3494 579 3567 βάπτισμα,
622 3515 640 3548 ι
678 3499 821 3553 καθά
850 3517 1013 3569 φησιν
1036 3502 1064 3554 6
1098 3502 1390 3574 ἱερώτατος
1433 3505 1664 3570 Παῦλος.
1714 3509 1865 3574 Ἐνὸς

273 3583 364 3642 οὖν
393 3588 547 3652 ὄντος
587 3591 816 3661 Κυρίου,
870 3594 1107 3658 πίστεώς
1150 3613 1208 3648 τε
1260 3599 1408 3667 μιᾶς,
1457 3601 1552 3652 καὶ
1607 3601 1724 3665 ἐνὸς
1769 3602 1864 3672 βα-

274 3683 600 3753 κτίσματος,
618 3685 700 3746 τίς
731 3688 759 3739 6
789 3685 1014 3757 Κύριος,
1039 3689 1130 3740 καὶ
1155 3691 1233 3752 είς
1267 3690 1387 3742 τίνα
1419 3694 1864 3764 πεπιστεῦκαμέν

272 3791 331 3828 τε
363 3779 458 3829 καὶ
485 3776 923 3849 βεϐαπτίσμεθα;
981 3781 1122 3833 Ἀλλ’
1159 3784 1289 3846 ίσως
1327 3785 1561 3853 πρέπειν
1592 3787 1671 3840 ὅτι
1702 3788 1860 3856 μάλι-

275 3883 375 3920 στα
405 3869 536 3936 φαίη
577 3885 660 3932 τις
691 3869 776 3935 ἂν,
809 3870 888 3940 τῷ
917 3873 979 3924 ὲκ
1011 3873 1145 3926 Θεοῦ
1189 3875 1402 3946 Πατρός
1434 3875 1546 3929 ὄντι
1569 3878 1727 3948 Λόγῳ
1765 3882 1864 3949 τήν

272 3978 331 4014 τε
361 3961 679 4034 κυριότητα,
732 3965 828 4017 καὶ
863 3964 962 4035 τὴν
1006 3967 1188 4020 πίστιν
1235 3968 1333 4040 τὴν
1377 3970 1512 4040 πρὸς
1559 3972 1739 4041 ἡμῶν,
1773 3974 1860 4026 ἐπ’

273 4053 421 4124 αὐτῷ
450 4054 508 4107 δὲ
535 4054 828 4120 τελεῖσθαι,
863 4059 956 4109 καὶ
983 4059 1042 4110 τὸ
1079 4061 1345 4129 σωτήριον
1367 4060 1674 4134 βάπτισμα.
1702 4065 1860 4119 Οὕτω

272 4145 381 4215 γάρ
436 4161 540 4198 που
599 4149 710 4209 τοῖς
747 4147 923 4214 ἁγίοις
967 4148 1283 4213 ἀποστόλοις
1325 4153 1626 4207 ἐνετείλατο
1662 4154 1857 4223 λέγων’

277 4256 297 4290 ι
330 4238 696 4310 Πορευθέντες
745 4242 1124 4312 μαθητεύσατε
1158 4245 1333 4300 πάντα
1380 4247 1448 4300 τὰ
1484 4246 1634 4319 ἔθνη,
1660 4224 1860 4320 βαπτί-

273 4332 457 4398 ζοντες
502 4333 702 4396 αὐτοὺς
741 4335 820 4398 εἰς
870 4334 930 4388 τὸ
979 4336 1146 4406 ὄνομα
1204 4338 1296 4391 τοῦ
1349 4339 1583 4410 Πατρὸς,
1620 4341 1715 4394 καὶ
1765 4342 1858 4394 τοῦ

273 4422 426 4489 Υίοῦ,
469 4424 565 4477 καὶ
596 4423 692 4477 τοῦ
724 4426 879 4492 ἁγίου
921 4427 1260 4498 Πνεύματος.
1298 4450 1315 4481 ι
1351 4431 1418 4484 Ὅ
1435 4448 1498 4499 γε
1526 4433 1634 4502 μὴν
1660 4431 1860 4486 θεσπέ-

1859 3182 1935 3270 ι(Ζ

1978 542 2184 597 stant":
2222 560 2240 592 ι
2275 549 2331 596 ει
2360 542 2539 612 ipsum
2566 539 2755 596 datum
2787 554 2909 595 esse
2929 537 3005 593 ait
3025 547 3197 609 caput
3239 539 3500 598 Ecclesia
3522 539 3570 608 ',

1979 635 2295 705 factumque
2318 650 2439 690 esse
2477 633 2758 704 primitias
2780 631 3178 688 dormientium
3208 631 3252 698 ’,
3279 641 3334 688 et
3358 633 3570 703 primo-

1979 728 2224 799 genitum
2256 742 2324 782 ει
2354 726 2590 781 mortuis
2618 726 2680 779 ‘°.
2719 725 2882 796 Atqui
2915 726 3030 780 vita
3053 733 3110 780 et
3143 723 3434 781 vivificaris
3481 733 3572 783 est

1977 819 2113 875 illud
2147 835 2214 875 ex
2238 820 2350 874 Deo
2378 819 2539 874 Patre
2577 818 2844 883 Verbum,
2883 827 3076 888 utpote
3091 833 3160 874 ex
3187 818 3301 873 vita
3353 827 3568 887 natum,

1976 929 2041 968 ex
2065 928 2132 968 eo
2158 927 2355 982 nempe
2379 911 2471 981 qui
2504 911 2696 981 genuit
2721 925 2869 965 eum.
2903 908 3064 976 Quod
3089 909 3137 964 si
3181 909 3258 963 ita
3299 917 3405 974 est,
3432 925 3574 980 quo-

1975 1006 2142 1061 modo
2170 1007 2372 1061 factum
2397 1013 2482 1059 est
2536 1003 2939 1074 primogenitus
2970 1015 3040 1057 cx
3077 1002 3332 1066 mortuis,
3379 1011 3436 1058 et
3453 1002 3570 1074 pri-

1975 1099 2144 1155 mitiae
2195 1097 2632 1154 dormientium?
2684 1095 2958 1151 Nimirum
3015 1093 3144 1164 quia
3209 1103 3571 1166 posteaquam

1976 1191 2170 1246 mortis
2201 1189 2570 1259 susceptivam
2599 1202 2822 1243 carnem
2857 1186 3138 1256 propriam
3181 1185 3334 1250 fecit,
3371 1205 3389 1238 ι
3429 1185 3572 1242 Gra-

1977 1282 2050 1336 tia
2104 1281 2235 1344 Dei,
2279 1280 2421 1335 sicut
2471 1279 2609 1334 dicit
2654 1278 3102 1349 sapientissimus
3152 1277 3396 1343 Paulus,
3467 1290 3572 1347 pro

1975 1373 2236 1427 omnibus
2275 1373 2515 1443 gustavit
2551 1382 2785 1426 mortem
2822 1373 2887 1435 ¹¹,
2927 1389 2945 1422 ι
2973 1386 3072 1441 per
3135 1386 3383 1435 carnem,
3437 1385 3563 1440 qua!

1974 1471 2207 1518 mortem
2240 1463 2351 1534 pati
2381 1463 2578 1533 potuit,
2609 1478 2719 1516 non
2751 1462 2930 1532 ipsum
2961 1445 3223 1516 amittens
3257 1462 3562 1532 quominus

1973 1565 2119 1612 esset
2172 1557 2304 1611 vita.
2354 1557 2546 1627 itaque
2569 1556 2786 1611 etiamsi
2835 1553 3057 1610 dicatur
3105 1569 3272 1609 carne
3341 1568 3566 1624 passum

1973 1664 2118 1714 esse,
2153 1663 2264 1702 non
2290 1656 2487 1702 natura
2513 1647 2738 1702 deitatis
2760 1646 3027 1716 suscipiet
3070 1645 3409 1716 passionem,
3445 1643 3563 1707 sed,

1975 1748 2038 1792 ut
2067 1739 2180 1810 jam
2203 1737 2316 1792 dixi
2346 1778 2360 1800 ,
2402 1737 2567 1807 188
2605 1735 2830 1806 propria
2858 1751 3054 1810 carne,
3099 1749 3222 1804 quae
3279 1733 3570 1804 passiones

1905 1824 1945 1880 Β
1975 1833 2142 1904 capit.
2168 1831 2324 1888 Unde
2370 1841 2428 1886 et
2460 1831 2655 1885 beatus
2712 1828 2902 1891 lsaias,
2958 1829 3114 1882 illum
3140 1843 3310 1882 carne
3346 1841 3570 1897 passum

1976 1925 2278 1996 agnoscens
2319 1923 2494 1978 Deum
2545 1935 2666 1977 esse
2718 1920 3105 1984 humanatum,
3145 1918 3214 1974 de
3249 1919 3344 1973 illo
3372 1917 3515 1973 dixit
3551 1935 3567 1976 :
3625 1935 3628 1942 '

1982 2042 2000 2073 ‹
2031 2021 2187 2076 Sicut
2210 2021 2330 2076 ovis
2345 2019 2412 2074 ad
2436 2018 2774 2073 occisionem
2794 2018 2996 2072 ductus
3019 2025 3124 2081 est,
3148 2022 3206 2070 et
3228 2015 3373 2070 sicut
3393 2030 3572 2087 agnus

1974 2115 2242 2169 innocens
2291 2126 2482 2167 coram
2537 2109 2804 2164 tondente
2857 2125 2938 2175 se,
2996 2109 3118 2163 sine
3142 2122 3300 2172 voce,
3347 2108 3428 2162 sic
3454 2123 3567 2162 non

1972 2205 2193 2277 aperuit
2217 2220 2280 2260 os
2304 2220 2484 2259 suum.
2514 2203 2574 2258 In
2602 2203 2917 2257 humilitate
2945 2201 3411 2274 ipsiusjudicium
3445 2202 3571 2272 ejus

1971 2301 2250 2356 sublatum
2275 2306 2359 2353 est
2390 2317 2402 2350 :
2435 2305 2491 2354 et
2522 2297 2938 2368 generationem
2965 2296 3086 2365 ejus
3103 2295 3230 2365 quis
3251 2294 3570 2350 enarrabit?

1973 2393 2110 2460 Quia
2168 2391 2382 2446 tollitur
2409 2389 2478 2444 de
2535 2397 2682 2444 terra
2709 2389 2824 2443 vita
2859 2390 2981 2459 ejus
3009 2389 3073 2441 “.
3109 2406 3126 2438 ι
3167 2386 3334 2457 Atqui
3363 2388 3409 2442 si
3466 2387 3572 2442 ali-

1969 2487 2097 2555 quis
2120 2484 2315 2538 fuisset
2343 2483 2529 2546 homo,
2559 2489 2616 2536 et
2647 2481 2880 2535 seorsim
2911 2480 3317 2550 intelligeretur
3370 2479 3567 2545 Filius,

1969 2575 2066 2631 sed
2096 2576 2428 2644 conjunctus
2459 2573 2593 2635 Deo,
2620 2571 2766 2626 sicut
2792 2570 2990 2625 dicunt
3016 2571 3313 2640 impiorum
3341 2569 3574 2642 dogma—

1968 2676 2086 2722 tum
2113 2675 2389 2730 auctores,
2416 2663 2697 2735 quomodo
2725 2663 2839 2733 jam
2865 2660 3088 2717 difﬁcile
3113 2661 3448 2728 invenietur,
3467 2663 3565 2732 qui

1967 2763 2381 2830 generationem
2408 2759 2530 2828 ejus
2558 2771 2822 2811 enarrare
2843 2754 3064 2826 possit?
3087 2754 3290 2830 Factus
3309 2755 3456 2810 enim
3481 2762 3568 2812 est

1967 2870 2034 2909 ex
2053 2853 2263 2908 semine
2285 2851 2452 2907 Jessae
2475 2858 2532 2905 et
2557 2849 2729 2904 David
2753 2849 2817 2902 ".
2849 2849 2948 2905 Dei
2975 2858 3162 2904 autem
3185 2848 3355 2904 Verbi
3387 2865 3530 2922 gene
3554 2883 3563 2891 -

1966 2946 2260 3008 rationem,
2315 2944 2432 2998 sive
2477 2941 2853 3013 generationis
2897 2940 3147 3006 modum,
3200 2942 3328 3012 quis
3377 2941 3564 3000 dicere

1967 3039 2210 3110 poterit?
2238 3058 2255 3088 ι
2296 3036 2532 3091 Tollitur
2569 3033 2720 3089 enim
2766 3050 2797 3088 a
2833 3043 2984 3089 terra
3025 3033 3140 3088 vita
3196 3035 3339 3105 ejus,
3377 3055 3396 3086 ι
3455 3035 3568 3090 hoc

1965 3141 2050 3187 est
2073 3130 2391 3187 exsistentia
2420 3147 2431 3182 :
2476 3128 2661 3199 posuit
2699 3127 2850 3182 enim
2885 3142 2986 3196 pro
3015 3127 3339 3182 exsislentia
3370 3127 3561 3184 vitam.

1967 3225 2029 3280 In
2055 3223 2292 3278 sublime
2337 3231 2520 3275 autem
2548 3219 2764 3273 tollitur
2787 3226 2844 3272 et
2900 3217 3271 3288 superfertur,
3321 3219 3565 3274 eminet-

1968 3332 2077 3386 que
2123 3314 2383 3371 omnibus
2429 3312 2522 3382 qui
2566 3321 2697 3366 sunt
2726 3312 2779 3364 in
2833 3319 2982 3366 terra
3008 3311 3072 3365 ”.
3108 3311 3569 3384 Nam/humanas

1967 3412 2141 3468 menti
2178 3425 2358 3480 neque
2386 3404 2912 3483 comprehensibilis
2936 3412 3042 3468 est,
3096 3411 3279 3474 neque
3335 3419 3570 3474 prorsus

1966 3479 2324 3562 accessibilis,
2354 3501 2444 3553 illa
2471 3479 2770 3552 ineffabilis
2792 3506 3007 3551 natur:e
3033 3495 3199 3550 ratio.
3245 3494 3564 3561 Quinetiam

1966 3596 2102 3650 illud
2123 3597 2232 3667 jam
2275 3594 2438 3648 dictis
2471 3591 2726 3661 adjiciam
2767 3609 2778 3642 :
2842 3609 2858 3639 ι
2923 3588 3080 3644 Unus
3114 3591 3404 3653 Dominus,
3456 3607 3565 3647 una

1967 3687 2123 3751 ﬁdes,
2140 3686 2620 3755 unumjbaptisma,
2646 3702 2662 3731 ›
2687 3682 2831 3736 sicut
2848 3681 2985 3736 dicit
3004 3682 3567 3738 sacratissimusPau-

1964 3783 2052 3836 lus
2085 3782 2148 3833 ιδ.
2177 3780 2366 3848 Itaque
2396 3793 2521 3832 cum
2552 3792 2696 3830 unus
2731 3776 2802 3830 sit
2825 3775 3115 3840 Dominus,
3143 3785 3199 3830 et
3223 3791 3396 3829 unum
3432 3775 3568 3846 bap-

1969 3869 2150 3931 tisma,
2174 3868 2298 3937 quis
2322 3866 2410 3920 ille
2439 3873 2522 3919 est
2544 3864 2903 3925 Dominus,'et
2929 3865 2982 3918 in
3008 3881 3172 3934 quem
3198 3864 3562 3930 credidimus,

1966 3976 2021 4022 et
2042 3964 2304 4035 baptizati
2330 3961 2565 4017 smnus?
2585 3961 2747 4031 Atqui
2771 3961 3006 4015 maxime
3032 3963 3334 4017 convenire
3361 3959 3566 4015 dixerit

1969 4059 2244 4130 quispiam
2260 4057 2338 4111 illi
2354 4073 2421 4110 ex
2444 4057 2555 4109 Deo
2577 4056 2733 4109 Patre
2751 4055 2930 4109 Verbo
2955 4063 3069 4107 tum
3103 4053 3562 4118 dominationem,

1971 4161 2083 4205 tum
2117 4151 2278 4206 tidem
2317 4164 2346 4202 a
2383 4147 2544 4202 nobis
2573 4147 2893 4216 prmstitam,
2927 4146 2979 4198 in
3015 4146 3136 4215 ipso
3173 4145 3339 4199 etiam
3375 4146 3566 4216 peragi

1966 4245 2204 4298 salutare
2224 4238 2614 4309 baptisma.Sic
2640 4239 2789 4291 enim
2803 4238 3008 4292 sanctis
3023 4236 3290 4308 apostolis
3302 4238 3564 4307 praecepit

1962 4337 2186 4392 dicens:
2224 4355 2239 4386 ι
2264 4335 2473 4388 Euntes
2514 4332 2706 4386 docete
2733 4348 2926 4386 omnes
2964 4342 3175 4402 gentes,
3223 4331 3564 4401 baptizantes

1965 4447 2062 4486 cos
2090 4431 2143 4483 in
2172 4429 2396 4482 nomine
2418 4425 2620 4488 Patris,
2644 4434 2700 4479 et
2726 4424 2871 4487 Filii,
2908 4425 3220 4495 ctSpiritus
3237 4424 3412 4479 sancti
3438 4425 3502 4478 η.
3537 4445 3556 4476 ι

273 4534 385 4580 σιος
420 4517 632 4580 Παῦλος
659 4519 756 4588 τὴν
795 4523 895 4591 τῆς
937 4522 1256 4592 κυριότητος
1295 4523 1475 4590 δόξαν,
1515 4526 1610 4577 καὶ
1651 4527 1752 4598 τῆς
1779 4527 1864 4579 πί-

1968 4521 2242 4578 Caeterum
2273 4519 2494 4572 divinus
2542 4516 2744 4571 Paulus
2796 4516 3191 4570 dominationis
3223 4517 3477 4586 gloriam,
3507 4525 3563 4570 et

275 4625 449 4671 στεως
473 4608 572 4680 τὴν
594 4609 908 4679 ὁμολογίαν,
947 4613 1039 4664 καὶ
1076 4613 1176 4682 τὴν
1223 4613 1316 4666 τοῦ
1357 4615 1516 4683 ἁγίου
1546 4614 1861 4688 βαπτίσμα-

269 4718 360 4766 τος
391 4701 622 4773 δῦναμιν
663 4703 878 4773 ἐμφανῆ
925 4703 1235 4774 καθίστησι,
1264 4705 1477 4775 λέγων·
1512 4727 1530 4758 ι
1567 4708 1658 4779 Μὴ
1701 4710 1863 4782 εἴπῃς

270 4795 329 4845 ἂν
361 4795 430 4864 τῇ
475 4793 674 4866 καρδίᾳ
705 4811 820 4848 σου’
862 4797 957 4861 Τίς
998 4797 1328 4866 ἀναϐήσεται
1359 4801 1438 4864 είς
1475 4799 1564 4853 τὸν
1599 4803 1858 4872 οὐρανόνς

270 4883 515 4937 τουτέστι
533 4885 767 4954 Χριστὸν
784 4892 1140 4956 καταγαγεῖν·
1171 4889 1227 4960 ἦ,
1255 4890 1351 4953 Τίς
1377 4891 1749 4961 καταϐήσεται
1782 4895 1861 4958 εἰς

268 4975 368 5045 τὴν
389 4975 660 5042 ἀϐυσσον;
684 4979 929 5032 τουτέστι
957 4980 1191 5051 Χριστὸν
1215 4983 1514 5052 ἀναγαγεῖν
1537 4988 1604 5037 ὲκ
1623 4986 1853 5058 νεκρῶν.

281 5068 445 5123 ’Λλλὰ
476 5069 528 5122 τί
561 5069 766 5140 λέγειή
807 5071 1025 5145 Γραφῇ
1075 5074 1270 5142 Ἐγγύς
1305 5093 1399 5128 σου
1430 5077 1494 5130 τὸ
1523 5077 1674 5149 ῥῆμά
1709 5081 1858 5134 ἐστιν

268 5160 325 5212 ἰν
353 5159 434 5228 τῷ
463 5158 689 5230 στόματί
736 5179 848 5222 σου,
883 5164 975 5216 καὶ
1019 5166 1074 5214 ἐν
1104 5169 1169 5234 τῇ
1221 5166 1420 5238 καρδία
1461 5183 1574 5224 σου.
1606 5170 1728 5224 Ὅτι
1763 5172 1857 5223 ἐὰν

269 5255 449 5321 αττ-[ις’
487 5249 691 5319 Κύριος
733 5255 962 5324 Ἰησοῦς,
997 5259 1087 5310 καὶ
1119 5260 1413 5330 πιστεύσῃς
1461 5263 1519 5313 ἐν
1554 5265 1614 5333 τῇ
1661 5265 1858 5335 καρδία

269 5362 385 5404 σου,
422 5347 508 5397 ὅτι
535 5347 564 5397 ὁ
591 5345 722 5410 Θεὸς
760 5349 980 5418 ἤγειρεν
1010 5353 1170 5404 αὑτὸν
1207 5357 1270 5405 ὲκ
1304 5354 1536 5425 νεκρῶν,
1573 5357 1848 5428 σωθήσῃ.»

269 5438 475 5508 Γράφει
507 5438 565 5491 δὲ
599 5440 779 5493 πάλιν·
826 5461 841 5491 ι
883 5446 995 5496 Οὐκ
1027 5446 1226 5504 οἴδατε,
1255 5450 1336 5499 ὅτι
1375 5450 1487 5500 ὅσοι
1520 5450 1854 5519 ﬁcanti—.011-

272 5549 369 5600 μεν
404 5535 482 5597 είς
532 5535 768 5602 Χριστὸν
841 5539 1067 5606 Ἰησοῦν,
1115 5544 1195 5602 εἰς
1258 5544 1348 5593 τὸν
1406 5541 1634 5595 Θάνατον
1689 5545 1852 5596 αὑτοῦ

414 5668 626 5723 (Intoss.
687 5688 721 5734 ι,
782 5673 965 5730 lii-l7.

268 5740 316 5792 τ.
352 5742 400 5793 8.
521 5741 561 5769 ¹³
593 5741 693 5793 lszi.
734 5761 802 5808 ιι,
843 5747 882 5799 l.

272 5811 309 5843 "
349 5814 506 5866 ltum.
527 5828 601 5878 υ,
624 5813 672 5864 ὖ.

1071 5679 1089 5708 ⁸
1133 5679 1267 5732 Ibid.
1315 5680 1397 5732 18.

993 5752 1255 5818 “ijplics.
1311 5769 1380 5815 ιι,
1434 5752 1584 5803 840.

1507 5685 1525 5710 τ’
1563 5681 1732 5735 Ι(ΣΟι·.
1781 5681 1859 5738 lii,
1899 5683 1984 5734 “2.0.

1693 5754 1729 5781 ¹“
1768 5754 1898 5806 ibid.
1957 5755 2002 5806 ἶ).

1968 4613 2096 4668 ﬁdei
2147 4610 2572 4670 confessionem,
2640 4617 2697 4663 et
2742 4608 2915 4662 sancti
2973 4608 3232 4677 baptismi
3295 4608 3562 4662 virtutem

1966 4705 2316 4776 perspicuam
2348 4702 2498 4764 facit,
2547 4699 2782 4754 dicens:
2819 4718 2836 4746 ι
2876 4698 2954 4752 Nc
2997 4698 3207 4752 dixeris
3237 4697 3293 4752 in
3345 4700 3515 4752 corde
3547 4717 3559 4752 :

1965 4797 2099 4865 Quis
2127 4795 2387 4852 ascendet
2411 4794 2465 4847 in
2484 4793 2732 4847 cadum?
2774 4792 2879 4844 hoc
2911 4801 2996 4845 est
3050 4788 3336 4844 Christum
3382 4790 3563 4845 dedu-

1965 4909 2131 4958 cere;
2187 4897 2280 4944 aut
2317 4907 2330 4942 :
2380 4888 2514 4954 Quis
2551 4886 2850 4941 descendet
2891 4885 2946 4938 in
2988 4883 3288 4955 abyssum?
3331 4883 3438 4938 hoc
3480 4894 3566 4939 est

1966 4985 2248 5041 Christum
2275 4998 2344 5037 ex
2367 4980 2602 5035 mortuis
2629 4979 2916 5032 reducere.
2943 4977 3051 5032 Sed
3080 4975 3214 5046 quid
3253 4976 3390 5030 dicit
3410 4975 3563 5030 Scri-

1967 5077 2173 5150 ptura?
2203 5077 2377 5144 Prope
2435 5082 2519 5127 est
2550 5072 2782 5126 verbum
2817 5071 2869 5123 in
2900 5085 2996 5124 ore
3037 5077 3155 5132 tuo,
3187 5076 3244 5122 et
3287 5069 3342 5120 in
3393 5068 3564 5122 corde

1967 5182 2080 5225 tuo.
2106 5168 2263 5235 Quod
2288 5168 2331 5222 si
2368 5165 2572 5221 dixeris
2615 5183 2627 5217 :
2659 5163 2927 5217 Dominus
2957 5161 3151 5224 Iesus;
3179 5167 3237 5214 et
3303 5159 3560 5215 credide-

1965 5266 2041 5319 ris
2069 5266 2121 5318 in
2151 5263 2318 5318 corde
2352 5270 2443 5315 tuo
2470 5258 2618 5328 quod
2648 5258 2794 5311 Deus
2824 5257 3001 5325 ipsum
3031 5254 3293 5309 excitavit
3317 5272 3384 5309 ex
3415 5271 3561 5308 mor-

1963 5359 2092 5421 tuis,
2125 5358 2308 5410 salvus
2336 5356 2447 5408 eris
2474 5355 2536 5405 ¹⁷.
2569 5371 2584 5400 ι
2621 5350 2825 5403 Scribit
2852 5352 3015 5402 etiam
3046 5349 3246 5400 iterum
3279 5366 3288 5399 :
3325 5367 3340 5394 ι
3375 5347 3562 5400 Nesci-

1965 5454 2034 5506 tis
2069 5451 2215 5520 quod
2261 5450 2575 5518 quicunque
2635 5443 2892 5513 bnptimli
2945 5458 3135 5496 sumus
3181 5441 3234 5493 in
3275 5440 3560 5493 Christum

1964 5546 2172 5607 Jt'Slllll,
2205 5545 2257 5596 in
2297 5551 2528 5594 mortem
2568 5541 2686 5608 ejus
2727 5538 2989 5606 baptizati
3033 5552 3223 5590 sumus
3255 5534 3328 5586 ‘3?
3365 5553 3381 5582 ›
3419 5533 3561 5585 Ecca

2686 5675 2723 5704 “
2761 5675 2927 5727 Hebr.
2971 5692 3025 5729 ii.
3065 5674 3113 5723 9.
3219 5672 3258 5700 ¹²
3303 5668 3402 5722 lszt.
3445 5684 3552 5720 UIL

2090 5683 2130 5712 ⁸ο
2164 5683 2372 5737 Coloss.
2409 5697 2446 5736 ι,
2485 5678 2568 5728 18.
2686 5678 2723 5704 “
2761 5678 2927 5727 Hebr.
2971 5692 3025 5729 ii.
3065 5678 3113 5723 Si.
3219 5678 3258 5700 "
3305 5678 3402 5722 lsa.
3445 5684 3527 5720 un

2123 5755 2164 5784 ¹⁶
2216 5753 2376 5797 Manli
2478 5764 2659 5797 nim.
2739 5748 2816 5797 18.
2865 5748 2940 5797 ιιι,
3060 5746 3095 5773 ⁵⁷
3128 5746 3263 5797 [lout
3332 5756 3379 5791 't.
3430 5739 3527 5790 Ηηξι

3061 5756 3090 5773 λ’
3128 5756 3263 5795 “Olli
3332 5756 3379 5791 ἶ.
3430 5756 3552 5790 “~3-

2123 5755 2164 5784 ¹⁶
2213 5753 2376 5805 Μλιιιὶι
2478 5764 2660 5805 nun.
2739 5748 2816 5799 18.
2865 5748 2940 5797 l‘i.
