4126 6314
613 341 719 396 διε

1584 356 1587 357 ⁷
1625 346 1681 402 S.
1722 346 1995 404 CYltlLLl
2032 349 2500 410 ΑιΕΧΑΝῡῑιιΝι
2534 355 2853 414 ARCHIEP.

3760 363 3866 420 316

610 457 721 528 jam
753 455 1039 513 manifeste
1077 464 1191 511 tum
1220 456 1631 522 dominationis,
1664 468 1778 513 tum
1812 458 1938 515 fidei
1973 461 2190 520 confes-2

2299 464 2729 538 ἑὸαπτίσθημενς
2784 488 2804 521 ι
2868 468 2997 523 Ἰδοὺ
3039 469 3103 541 δὴ
3134 470 3322 539 σαφῶς
3352 471 3691 544 περιΐστησιν
3712 476 3871 531 εὐτέ-

615 550 847 615 sionem,
879 548 1046 621 189
1070 549 1351 620 ipsamque
1382 550 1556 604 sancti
1590 549 1933 620 baptismatis
1963 551 2193 622 gratiam

616 641 674 696 in
696 657 824 697 eum
851 641 1256 712 sapientissime
1284 640 1587 711 restringit,
1615 641 1708 711 qui
1731 657 1926 712 passus
1947 652 2031 698 est
2050 658 2196 699 mor-

616 740 750 797 tem,
774 741 831 788 et
870 731 1173 787 resurrexit
1213 748 1246 787 a
1292 731 1545 793 mortuis.
1583 731 1726 787 Num
1769 732 1936 803 igitur
1969 735 2025 790 in
2056 734 2194 790 duos

616 822 896 877 credimus
939 822 1305 877 ﬁlios?*Num
1352 822 1554 886 Verbo,
1593 822 1740 891 quod
1784 839 1851 877 ex
1884 825 1997 879 Deo
2036 825 2193 881 Patre

614 911 844 976 eﬂulsit,
884 914 1275 983 prmtermisso,
1314 914 1368 968 ei
1412 914 1506 984 qui
1545 928 1741 982 passus
1784 924 1887 979 est,
1936 923 2193 986 tanquam

614 1003 772 1059 alteri
813 1004 926 1059 lilio
957 1004 1027 1061 ah
1062 1021 1130 1060 eo
1164 1005 1403 1069 diverso,
1434 1005 1828 1061 dominationis
1856 1007 2102 1078 gloriam,
2138 1016 2194 1062 et

616 1094 789 1165 ipsius
811 1112 1033 1167 quoque
1056 1097 1180 1152 ﬁdei
1206 1097 1628 1161 confessionem,
1653 1106 1709 1153 et
1751 1099 1972 1154 caeleste
2013 1098 2193 1169 bapti-

617 1201 734 1242 sma
762 1189 1165 1244 attribuemus?
1196 1188 1360 1259 Atqui
1384 1189 1662 1259 quomodo
1689 1206 1799 1245 non
1824 1192 1895 1246 sit
1912 1190 2192 1255 stolidum,

618 1278 732 1333 imo
754 1296 886 1336 vero
911 1280 1074 1335 etiam
1107 1280 1486 1337 indubitanter
1516 1283 1766 1352 impium,
1789 1282 1868 1336 sic
1894 1297 2083 1351 sapere
2106 1283 2194 1339 vel

615 1368 834 1425 dicere?
860 1367 1002 1437 Quid
1027 1371 1196 1442 igitur
1220 1371 1501 1426 dicemus?
1532 1390 1551 1422 ι
1584 1371 1737 1428 Unus
1760 1372 2024 1426 Dominus
2040 1386 2190 1436 vere,

616 1475 834 1531 unaque
875 1461 1030 1529 ﬁdes,
1064 1473 1121 1518 et
1168 1479 1340 1518 unum
1389 1463 1659 1534 baptisma
1692 1464 1755 1517 ".
1790 1482 1809 1514 ›
1852 1463 2066 1518 Etenim
2111 1472 2196 1519 est

614 1569 760 1609 unus
784 1555 956 1610 Filius
979 1565 1037 1611 et
1061 1556 1346 1620 Dominus,
1378 1573 1487 1611 non
1520 1556 1667 1627 quod
1697 1557 1975 1611 hominem
1999 1572 2198 1613 secun—

612 1646 745 1701 dum
786 1647 1192 1718 copulationem
1233 1649 1545 1717 susceperit
1580 1649 1841 1712 Verbum,
1873 1658 1930 1705 et
1970 1651 2197 1720 partici-

614 1753 740 1808 pem
767 1738 923 1793 illum
960 1754 1184 1793 suarum
1217 1738 1545 1809 dignitatum
1582 1739 1850 1803 eﬂ‘ecerit,
1880 1749 1937 1795 et
1975 1740 2196 1797 tiliatio—

614 1845 741 1885 nem
788 1845 853 1884 ac
899 1829 1330 1885 dominationem
1380 1830 1458 1884 illi
1508 1832 2020 1897 communicaverit,
2056 1832 2197 1888 sicut

615 1916 808 1974 dicunt
837 1928 894 1974 et
916 1919 1257 1989 scripserunt
1280 1919 1505 1990 quidam
1535 1920 1862 1987 delirantes;
1894 1922 1989 1978 sed
2016 1923 2196 1992 ipsum

614 2026 684 2065 ex
707 2010 819 2065 Deo
841 2009 1105 2075 Verbum,
1129 2010 1265 2065 illud
1290 2011 1476 2067 lumen
1499 2012 1568 2068 de
1592 2013 1821 2077 lumine,
1850 2014 2195 2069 incarnatum

613 2112 670 2157 et
693 2101 858 2157 homo
882 2101 1196 2158 factum..ln
1230 2104 1397 2174 hujus
1427 2113 1659 2159 mortem
1697 2105 1953 2175 baptizati
1982 2121 2192 2171 sumus,

612 2192 709 2261 qui
736 2207 931 2262 passus
964 2192 1188 2263 quidem
1222 2194 1338 2263 ipse
1362 2205 1446 2249 est
1467 2196 1769 2253 secundum
1796 2198 2195 2253 humanitatem

614 2280 671 2335 in
719 2282 944 2352 propria
994 2298 1187 2348 carne;
1234 2285 1436 2339 mansit
1478 2296 1663 2341 autem
1716 2287 2071 2358 impassibilis
2106 2305 2195 2344 se-

614 2373 858 2429 cundum
887 2373 1168 2438 deitatem,
1193 2385 1255 2430 et
1270 2375 1405 2430 vivit
1429 2392 1669 2448 semper.
1697 2378 1819 2434 Vita
1841 2380 1987 2435 enim
2011 2392 2097 2436 est
2127 2398 2196 2437 ex

614 2463 751 2527 vita,
791 2480 857 2518 ex
894 2464 1007 2518 Deo
1035 2480 1235 2535 nempe
1288 2474 1344 2521 et
1386 2466 1566 2522 Patre.
1608 2468 1698 2524 Sic
1724 2469 1865 2525 victa
1902 2480 1987 2526 est
2022 2485 2193 2539 mors,

612 2557 737 2624 quae
773 2555 827 2610 in
860 2556 987 2611 vitae
1018 2572 1226 2627 corpus
1260 2558 1469 2613 insilire
1501 2575 1632 2615 ausa
1664 2569 1749 2615 est
1781 2579 1794 2614 :
1826 2563 1906 2618 sic
1934 2563 2100 2618 etiam
2138 2564 2197 2620 in

614 2643 777 2699 nobis
824 2647 1109 2716 corruptio
1157 2646 1484 2715 destruitur,
1532 2659 1589 2706 et
1639 2651 1949 2709 inﬁrmatur
2002 2658 2199 2713 mortis

614 2734 788 2804 ipsius
810 2735 1123 2805 imperium.
1149 2739 1386 2796 Proinde
1406 2741 1627 2796 dicebat
1643 2742 1930 2800 Christus:
1960 2766 1976 2799 ι
2000 2747 2195 2815 Amen,

614 2841 775 2882 amen
805 2827 931 2883 dico
958 2830 1134 2895 vobis,
1171 2831 1277 2886 nisi
1320 2833 1784 2892 manducaveritis
1820 2854 2041 2895 carnem
2074 2842 2197 2897 Filii

617 2916 876 2985 hominis,
898 2927 956 2974 et
982 2920 1236 2977 biberitis
1261 2924 1380 2992 ejus
1408 2926 1752 2996 sanguinem,
1782 2944 1892 2984 non
1927 2930 2199 2989 habebitis

616 3007 785 3063 vitam
819 3010 877 3067 in
915 3012 1072 3067 vobis
1104 3013 1239 3083 ipsis
1264 3015 1329 3068 ’°.
1372 3035 1391 3067 ›
1431 3016 1661 3074 Viviﬂca
1701 3020 1869 3090 igitur
1902 3030 2031 3078 sunt
2069 3040 2197 3080 san-

615 3108 767 3156 etum
797 3118 999 3175 corpus
1022 3114 1078 3160 et
1106 3108 1329 3179 sanguis
1356 3108 1585 3166 Christi.
1612 3110 1825 3184 Corpus
1854 3116 2024 3183 enim,
2056 3120 2199 3175 sicut

616 3192 753 3257 dixi,
779 3202 864 3249 est
888 3210 999 3249 non
1030 3196 1271 3253 hominis
1301 3200 1587 3271 cujusdam
1624 3204 1718 3273 qui
1747 3205 1876 3262 vita:
1916 3207 1986 3263 sit
2024 3212 2195 3279 parti-

618 3299 777 3354 ceps;
807 3285 919 3341 imo
944 3303 1075 3343 vero
1105 3291 1394 3373 proprium
1421 3293 1570 3348 illius
1591 3306 1676 3351 est
1700 3301 2002 3356 secundum
2032 3316 2197 3359 natu-

618 3392 737 3432 ram
780 3379 938 3444 vitae,
991 3380 1167 3451 ipsius
1203 3383 1464 3439 nimirum
1513 3387 1813 3459 Unigeniti.
1855 3392 1980 3449 llam
2032 3399 2200 3452 sentit

617 3468 906 3525 nobiscum
942 3473 1354 3536 amantissimus
1386 3476 1590 3534 Christi
1629 3492 1942 3539 sanctorum
1976 3483 2200 3545 Pa‘trum

595 3561 841 3638 chorus,
868 3576 925 3619 et
966 3565 1103 3635 ipse,
1140 3568 1234 3637 qui
1266 3584 1415 3624 nunc
1455 3579 1658 3627 sancta:
1694 3573 2200 3650 Constantinopoli-

620 3661 761 3709 tanae
790 3656 1050 3712 Ecclesia:
1095 3659 1355 3715 thronum
1382 3671 1632 3727 exornat,
1663 3665 2107 3737 religiosissimus
2146 3680 2202 3727 et

620 3743 997 3811 pientissimus
1022 3746 1195 3802 frater
1222 3758 1278 3804 et
1314 3751 1672 3823 coepiscopus
1700 3754 1944 3813 Proclus.
1972 3759 2204 3832 Scripsit

639 3832 770 3888 enim
801 3843 859 3891 et
890 3836 1007 3907 ipse
1050 3839 1118 3894 ad
1162 3842 1461 3898 orientales
1500 3843 1779 3914 piissimus
1816 3851 2105 3922 episcopos
2144 3856 2203 3909 in

622 3927 740 3982 haec
777 3929 946 3984 verba
982 3948 994 3983 :
1031 3931 1099 3985 Et
1139 3932 1461 3989 incarnatur
1504 3935 1711 4007 absque
1754 3944 2115 4000 conversione
2157 3946 2204 4001 is

620 4019 715 4088 qui
754 4021 958 4089 speciei
998 4030 1085 4077 est
1122 4038 1351 4095 expers;
1398 4028 1645 4083 nascitur
1677 4038 1862 4086 autem
1897 4035 2202 4091 secundum

620 4126 842 4167 carnem
875 4115 970 4185 qui
1000 4116 1277 4187 principio
1301 4129 1482 4186 caret;
1512 4122 1731 4191 prolicit
1765 4140 1896 4180 vero
1925 4144 2023 4198 per
2056 4129 2203 4185 illam

621 4203 925 4259 secundum
968 4220 1171 4277 corpus
1208 4218 1445 4274 aetatem,
1490 4213 1585 4283 qui
1627 4224 1823 4271 natura
1869 4218 2206 4288 perfectissi-

622 4310 744 4349 mus
768 4305 887 4361 est;
925 4307 981 4351 et
1013 4300 1297 4368 passiones
1323 4304 1579 4369 sustinet,
1610 4309 1704 4376 qui
1744 4310 2094 4378 passionihus
2122 4322 2206 4368 est

623 4386 906 4456 superior;
938 4404 1047 4443 non
1079 4406 1146 4445 eo
1172 4392 1317 4461 quod
1347 4404 1488 4458 erat,
1516 4398 1794 4454 sustinens
1819 4405 2202 4471 contumelias,

2295 575 2438 628 χνως
2460 558 2559 629 τῆς
2588 574 2647 612 τε
2682 561 3017 631 κυριότητος,
3049 563 3142 614 καὶ
3170 561 3270 631 τῆς
3296 563 3533 629 πίστεως
3555 564 3653 637 τὴν
3673 568 3872 638 ὁμολο-

2293 654 2443 723 γίαν,
2462 655 2557 709 καὶ
2588 655 2759 726 αὐτὴν
2785 657 2841 711 δὲ
2869 656 2968 726 τὴν
3008 656 3104 711 τοῦ
3149 642 3309 727 ἁγίου
3356 659 3727 733 βαπτίσματος
3762 660 3868 731 χά⁹

2296 760 2403 815 ριν,
2424 746 2505 808 είς
2523 744 2613 798 τὸν
2634 744 2875 799 παθόντα
2896 745 2989 801 τὸν
3009 746 3239 801 θάνατον
3269 748 3362 801 καὶ
3401 748 3769 819 ἐγηγερμένον
3796 749 3872 801 ὲκ

2295 833 2522 904 νεκρῶν.
2570 826 2717 904 *Λρα
2761 831 2855 888 οῦν
2892 837 2973 899 είς
3015 836 3164 900 υἱοὺς
3196 835 3527 907 πιστεύομεν
3560 839 3685 905 δῦο;
3716 834 3873 910 Ἆρα.

2291 922 2384 976 τὸν
2424 926 2488 977 ὲκ
2518 924 2653 979 Θεοῦ
2701 926 2913 998 ιιατρὸς
2952 926 3382 998 ἀπαπράψαντα
3413 928 3873 1000 παραδραμόντες

2291 1015 2487 1084 Λόγον,
2526 1017 2601 1081 ὡς
2637 1018 2736 1088 υἱῷ
2766 1018 2897 1089 παρ’
2921 1018 3085 1073 αὑτὸν
3106 1018 3299 1091 ἑτέρῳ,
3338 1019 3415 1090 τῷ
3441 1020 3666 1073 παθόντι
3693 1035 3871 1094 προσ-

2293 1108 2503 1180 άῲομεν
2541 1112 2637 1183 τὴν
2665 1112 2762 1183 τῆς
2794 1112 3113 1184 κυριότητος
3137 1111 3319 1178 δόξαν,
3351 1113 3444 1165 καὶ
3476 1112 3647 1181 αὐτῆς
3679 1110 3737 1165 δὲ
3765 1111 3876 1179 τῆς

2295 1201 2534 1265 πίστεως
2564 1204 2664 1274 τὴν
2696 1204 3007 1274 ὁμολογίαν,
3037 1204 3132 1257 καὶ
3162 1202 3224 1257 τὸ
3250 1204 3503 1276 οὐράνιον
3538 1204 3821 1275 βάπτισμα
3852 1219 3871 1267 ;

2295 1286 2430 1368 Εἶτα
2462 1294 2580 1357 πῶς
2610 1296 2711 1348 οὐκ
2749 1294 2963 1365 εὔηθες,
3012 1296 3210 1367 μᾶλλον
3248 1296 3324 1359 δὲ,
3358 1296 3451 1349 καὶ
3483 1293 3876 1364 ἀναμφιλόγως

2293 1385 2581 1449 δυσσεϐὲς,
2625 1386 2689 1439 τὸ
2736 1386 2878 1441 οὕτω
2906 1390 3124 1461 φρονεῖν
3154 1388 3187 1460 ἢ
3221 1388 3439 1458 λέγειν;
3490 1387 3554 1440 Τί
3584 1382 3678 1440 οῦν
3709 1386 3876 1456 ἐροῦς-

2299 1495 2431 1548 μεν;
2470 1497 2490 1530 ι
2525 1472 2620 1542 Εἷς
2662 1480 2869 1550 Κύριος
2918 1479 3158 1550 ἀληθῶς,
3210 1480 3310 1552 μία
3351 1496 3411 1533 τε
3453 1480 3655 1546 πίστις,
3684 1478 3780 1532 καὶ
3811 1478 3879 1535 ιν

2297 1568 2602 1641 βάπτισμα.
2653 1588 2677 1621 ι
2711 1572 2823 1625 Καὶ
2865 1572 2974 1641 γάρ
3015 1574 3164 1627 ἐστιν
3210 1569 3292 1639 εἷς
3344 1574 3487 1640 Υἱὸς,
3522 1574 3617 1628 καὶ
3644 1572 3875 1645 Κύριος.

2296 1661 2399 1715 οὐκ
2435 1661 2723 1733 ἄνθρωπον
2755 1662 2901 1717 κατὰ
2947 1664 3243 1735 συνάφειαν
3276 1664 3457 1720 λαϐὼν
3484 1667 3515 1719 ὁ
3546 1667 3734 1735 Λόγος.
3775 1665 3881 1719 καὶ

2302 1752 2524 1823 μέτοχον
2565 1752 2731 1806 αὐτὸν
2763 1753 3050 1825 ἀποφήνας
3089 1755 3185 1809 καὶ
3222 1755 3366 1809 ίδίων
3404 1755 3749 1827 ἀξιωμάτων,
3777 1756 3878 1811 καὶ

2302 1842 2563 1913 μεταδοὺς
2610 1843 2860 1915 υίότητός
2902 1862 2962 1898 τε
3014 1845 3110 1900 καὶ
3158 1847 3481 1917 κυριότητος
3519 1846 3690 1917 αὐτῷ,
3728 1846 3883 1902 καθά

2298 1952 2432 2005 φασι
2472 1936 2568 1989 καὶ
2609 1937 2921 2009 γεγράφασι
2972 1935 3267 2009 ληροῦντές
3326 1954 3492 1999 τινες·
3542 1937 3659 1990 ἀλλ’
3710 1937 3878 2001 αὐτὸς

2297 2027 2729 2100 ὲνανθρωπήσας
2772 2028 2869 2082 καὶ
2908 2027 3213 2100 σαρκωθεὶς
3256 2029 3286 2081 ὁ
3326 2029 3392 2082 ὲκ
3430 2027 3565 2082 Θεοῦ
3590 2029 3787 2097 Λόγος,
3812 2027 3887 2080 τὸ

2298 2123 2414 2191 φῶς
2446 2121 2508 2174 τὸ
2556 2123 2621 2174 ἐκ
2665 2122 2862 2192 φωτός.
2895 2122 2991 2184 El;
3014 2120 3108 2174 τδν
3134 2118 3325 2174 τούτου
3356 2119 3586 2174 θάνατον
3617 2119 3881 2190 βεϐαπτί-

2297 2212 2499 2281 σμεθα,
2536 2212 2802 2275 παθόντος
2835 2212 2936 2279 μὲν
2967 2211 3323 2282 ἀνθρωπίνως
3347 2211 3510 2265 αὐτοῦ
3544 2211 3653 2283 ἰδίᾳ
3682 2227 3828 2283 σαρκ
3855 2248 3879 2278 ,

2300 2304 2672 2381 μεμενηκότος
2718 2304 2776 2358 δὲ
2822 2302 3069 2367 ἀπαθοῦς
3114 2303 3335 2369 θεῖκῶς,
3391 2304 3486 2357 καὶ
3532 2303 3733 2368 ζῶντος
3763 2303 3879 2360 ἀεί.

2296 2396 2418 2467 Ζωὴ
2447 2397 2556 2469 γάρ
2578 2400 2726 2451 ἐστιν
2755 2398 2821 2450 ὲκ
2863 2393 3011 2467 ζωῆς
3038 2394 3131 2449 τοῦ
3171 2394 3305 2449 Θεοῦ
3338 2396 3431 2448 καὶ
3457 2394 3687 2466 Πατρός.
3717 2391 3882 2447 Οὕτω

2297 2487 2575 2558 νενίκηται
2602 2487 2850 2551 θάνατος,
2886 2487 3221 2558 ἐπιπηδῆσαι
3252 2488 3527 2558 τολμήσας
3551 2485 3630 2557 τῷ
3662 2485 3881 2557 σώματι

2298 2574 2396 2645 τῆς
2417 2572 2581 2644 ζωῆς·
2614 2579 2968 2646 καταργεῖται
2987 2575 3047 2629 δὲ
3069 2575 3232 2641 οὕτω,
3257 2576 3350 2629 καὶ
3374 2576 3433 2629 ἐν
3459 2577 3589 2647 ἡμῖν
3607 2577 3641 2645 ἡ
3674 2574 3879 2648 φθορὰ,

2300 2668 2393 2720 καὶ
2430 2667 2597 2721 αὐτοῦ
2636 2668 2731 2722 τοῦ
2764 2669 2998 2723 θανάτου
3027 2669 3091 2723 τὸ
3123 2668 3326 2740 κράτος
3355 2668 3591 2722 ἀσθενεῖ.
3629 2668 3736 2723 Καὶ
3767 2668 3883 2740 μὴν

2300 2760 2403 2832 ἔφη
2435 2762 2691 2833 Χριστός
2729 2781 2748 2814 ι
2807 2762 3003 2834 Ἀμὴν,
3049 2762 3218 2834 ἀμὴν,
3265 2761 3408 2829 λέγω
3454 2762 3614 2832 ὑμῖν,
3660 2761 3757 2815 ὲάν
3801 2760 3883 2833 μὴ

2300 2853 2511 2923 φάγητε
2540 2852 2639 2924 τὴν
2662 2854 2841 2926 σάρκα
2856 2855 2949 2908 τοῦ
2975 2853 3104 2909 Υίοῦ
3125 2854 3219 2908 τοῦ
3251 2851 3561 2926 ἀνθρώπου,
3587 2855 3683 2908 καὶ
3713 2852 3884 2925 πίητε

2299 2946 2466 2999 αὑτοῦ
2503 2946 2564 2999 τὸ
2609 2941 2768 3018 αἷμα,
2806 2948 2907 3001 οὐκ
2950 2947 3103 3018 ἔχετε
3146 2946 3289 3018 ζωὴν
3318 2948 3374 2999 ὲν
3411 2947 3642 3008 ἑαυτοῖς.
3678 2964 3697 2997 ι
3727 2947 3885 3001 Zma-

2300 3034 2453 3088 ποιὸν
2475 3031 2569 3089 οὖν
2586 3036 2694 3109 ἄρα
2722 3036 2784 3089 τὸ
2807 3035 2961 3105 ἆγιον
2990 3036 3170 3107 σῶμα,
3204 3036 3298 3090 καὶ
3324 3028 3466 3106 αἷμα
3492 3033 3587 3089 τοῦ
3617 3033 3883 3105 Χριστοῦ.

2223 3154 2266 3211 C
2296 3124 2469 3196 Σῶμα
2490 3125 2622 3197 γὰρ.
2658 3125 2732 3187 ὡς
2758 3126 2914 3196 ἔφην,
2956 3124 3103 3178 ἐστὶν
3130 3123 3232 3178 οῦκ
3255 3120 3543 3195 ἀνθρώπου
3566 3122 3713 3186 τινὸς
3749 3138 3888 3211 μετ-τ-

2298 3217 2425 3287 όχου
2450 3218 2598 3288 ζωῆς
2621 3258 2636 3280 .
2679 3218 2809 3273 ἴδιον
2836 3218 2893 3271 δὲ
2929 3215 3131 3288 μᾶλλον
3185 3217 3285 3289 τῆς
3320 3214 3463 3270 κατὰ
3505 3214 3666 3284 φύσιν
3708 3208 3885 3286 ζωῆς.

2296 3309 2455 3374 δῆλον
2507 3309 2563 3364 δὲ
2606 3312 2690 3364 ὅτι
2742 3309 2836 3362 τοῦ
2893 3308 3253 3377 Μονογενοῦς.
3292 3306 3478 3363 ταῦτα
3523 3309 3715 3378 φρονεῖ
3757 3307 3885 3378 μεθ’

2294 3400 2454 3471 ἡμῶν
2482 3402 2510 3454 ὁ
2540 3400 2884 3470 φιλόχριστος
2916 3399 3025 3453 τῶν
3073 3398 3241 3470 ἁγίων
3292 3397 3549 3469 Πατέρων
3579 3398 3758 3469 χορὸς,
3785 3402 3889 3453 καὶ

2298 3493 2460 3557 αὐτὸς
2490 3492 2547 3546 δὲ
2580 3494 2609 3545 ό
2643 3494 2760 3546 νυνὶ
2790 3492 2879 3547 τὸν
2905 3493 3006 3558 τῆς
3038 3492 3197 3561 ἁγίας
3226 3488 3887 3545 Κωνσταντινουπολιτῶν

2311 3584 2640 3657 Ἐκκλησίας
2700 3585 3129 3656 κατακοσμήσας
3178 3582 3367 3654 θρόνον
3390 3621 3406 3645 ,
3450 3580 3746 3645 ὁσιώτατος
3782 3582 3889 3637 καὶ

2300 3675 2725 3741 θεοσεϐέστατος
2771 3677 3019 3746 ἀδελφὸς,
3056 3677 3151 3729 καὶ
3189 3675 3589 3738 συνεπίσκοπος
3615 3673 3885 3747 Πρόκλος.

2301 3769 2550 3842 Γέγραφε
2595 3769 2727 3839 γάρ,
2764 3769 2857 3823 καὶ
2888 3769 3051 3831 αὐτὸς
3076 3766 3213 3838 πρὸς
3240 3769 3368 3830 τοὺς
3400 3766 3498 3837 τῆς
3527 3764 3669 3836 ἑῴας
3699 3765 3890 3837 θεοφι-

2299 3859 2589 3926 λεστάτους
2625 3860 2959 3924 ἐπισκόπους
2999 3859 3189 3921 αὑταῖς
3216 3856 3423 3935 λέξεσιν
3451 3848 3574 3910 ὧδε·
3602 3856 3712 3910 Καὶ
3746 3871 3889 3927 σαρ-

2301 3952 2490 4004 κοῦται
2513 3951 2611 4021 μὲν
2628 3952 2910 4022 ἀτρέπτως
2937 3953 2966 4004 ό
2991 3950 3245 4013 ἀνείδεοςο
3275 3949 3518 4003 τίκτεται
3541 3948 3598 4002 δὲ
3626 3948 3720 4001 καὶ
3739 3947 3892 4002 κατά

2304 4042 2480 4115 σάρκα
2527 4045 2556 4095 ό
2601 4043 2854 4113 ἄναρχος·
2893 4042 3192 4114 προκόπτει
3225 4041 3282 4095 δὲ
3326 4041 3393 4111 τῇ
3441 4040 3582 4095 κατὰ
3620 4039 3679 4093 τὸ
3722 4038 3890 4109 σῶμα

2302 4134 2491 4204 ἡλικίᾳ
2539 4136 2567 4189 ὁ
2617 4135 2777 4202 φύσει
2820 4133 3168 4197 παντέλειος·
3218 4134 3311 4187 καὶ
3361 4132 3551 4188 παθῶν
3577 4133 3891 4205 ἀνέχεταιό

2305 4224 2491 4278 παθῶν
2540 4227 2830 4298 ἀνώτερος,
2859 4228 2957 4297 οὐχ
3082 4222 3151 4297 ἣν
3192 4226 3493 4296 ὑπομείνας
3536 4227 3632 4291 τὰς
3675 4226 3888 4298 ὕϐρεις.

2306 4316 2419 4369 ἀλλ’
2529 4318 2726 4386 γέγονε
2762 4316 3199 4389 καταδεξάμενος
3219 4317 3287 4373 τὰ
3310 4318 3405 4372 τοῦ
3432 4319 3683 4389 σώματος
3707 4318 3886 4391 πάθη.

2320 4408 2636 4479 Ἐλέγχεται
2682 4409 2861 4462 τοίνυν
2891 4410 3000 4463 τῶν
3039 4412 3203 4481 ἕτερα
3237 4411 3387 4481 παρὰ
3418 4411 3589 4465 ταῦτα
3622 4412 3889 4482 φρονοῦν-

624 4478 719 4532 sed
760 4479 814 4533 in
846 4495 914 4534 eo
945 4481 1094 4550 quod
1128 4483 1308 4539 factus
1335 4496 1439 4549 est,
1472 4490 1779 4558 suscipiens
1810 4497 2057 4564 corporis
2080 4513 2198 4567 pas-

2310 4519 2417 4554 των
2449 4501 2481 4570 ἢ
2522 4502 2879 4572 γεγραφότων
2910 4504 2942 4572 ἡ
2970 4503 3319 4570 κακοπιστία,
3354 4501 3626 4572 πανταχοῦ
3654 4501 3891 4556 νοσοῦσα

624 4568 824 4624 siones.
860 4570 1192 4644 Coarguitur
1220 4577 1387 4647 igitur
1420 4580 1649 4649 perﬁdia
1677 4582 1983 4651 hominum,
2014 4589 2106 4657 qui
2139 4590 2207 4644 ab

625 4661 713 4715 his
739 4660 955 4718 diversa
988 4666 1071 4719 vel
1105 4668 1349 4738 sapiunt,
1383 4671 1468 4725 vel
1500 4672 1865 4743 scripserunt,
1895 4679 2038 4747 quod
2081 4681 2208 4735 ubi~

624 4769 733 4823 que
767 4755 992 4824 profana
1026 4757 1345 4829 impuritate
1390 4762 1621 4831 laboret,
1652 4776 1709 4820 et
1742 4782 1772 4820 a
1816 4770 2064 4827 veritatis
2110 4773 2208 4827 do—

625 4844 902 4913 gmatibus
932 4846 1195 4904 dissonet.

699 4936 860 5007 190
897 4938 1191 5009 Postquam
1221 4951 1404 4999 autem
1445 4945 1749 5005 beatissimi
1776 4952 1965 5007 Patres
1992 4969 2207 5009 sermo-

626 5042 751 5081 nem
788 5028 855 5083 de
887 5028 1107 5086 Christo
1149 5034 1522 5102 absolverunt,
1562 5039 1801 5110 Spiritus
1837 5045 2011 5099 sancti
2053 5062 2206 5100 men-

629 5119 833 5173 tionem
868 5120 1094 5178 facinnt.
1126 5124 1365 5183 Credere
1398 5145 1634 5200 namque
1676 5149 1733 5188 se
1774 5135 1827 5187 in
1865 5135 2015 5191 illum
2047 5138 2203 5192 dixe-

630 5220 778 5276 runt,
811 5213 971 5267 simili
1008 5217 1172 5270 modo
1206 5219 1461 5276 videlicet
1490 5231 1549 5275 nt
1584 5224 1635 5277 in
1662 5225 1876 5280 Patrem
1900 5236 1955 5283 et
1982 5230 2198 5285 Filium.

629 5304 723 5358 Est
747 5305 894 5359 enim
924 5306 1054 5375 ipsis
1083 5311 1594 5380 consubstantialis;
1622 5324 1678 5369 et
1709 5318 2059 5385 profunditur
2080 5321 2202 5390 qui-

628 5397 775 5461 dem,
805 5397 907 5451 hoc
939 5408 1023 5453 est
1056 5403 1302 5470 procedit
1341 5405 1483 5459 sicut
1521 5424 1551 5461 a
1578 5406 1727 5463 fonte
1762 5410 1872 5464 Dco
1911 5421 1966 5465 ct
2012 5412 2201 5477 Patre;

630 5488 1094 5546 tribuiturautem
1120 5504 1383 5552 creaturm
1410 5515 1506 5567 per
1537 5499 1752 5554 Filium.
1783 5502 1935 5558 Unde
1969 5504 2207 5559 insullla-

631 5580 708 5631 vit
740 5581 794 5634 in
841 5593 1058 5639 sanctos
1093 5588 1390 5655 apostolos,
1422 5590 1610 5645 (licens
1649 5610 1659 5643 :
1701 5613 1715 5641 ι
1756 5592 1997 5664 Accipite
2030 5596 2204 5665 Spiri—

714 5778 751 5807 t‘
779 5778 972 5848 Epht-s.
1008 5798 1077 5834 iv.
1114 5782 1147 5831 .‘i
1246 5785 1287 5813 ²⁰
1316 5784 1469 5841 1mm.
1507 5803 1578 5849 τι,
1612 5788 1698 5843 5i.

2311 4594 2371 4647 τὸ
2411 4594 2667 4665 βὲὅηλον,
2713 4596 2808 4649 καὶ
2840 4595 2901 4647 τὸ
2943 4598 3055 4659 τοῖς
3095 4596 3195 4667 τῆς
3227 4594 3482 4667 ἀληθείας
3522 4594 3726 4666 ἀπᾷδον
3763 4592 3891 4663 δόγ-

2313 4704 2463 4755 μασι.

2386 4948 2829 5020 Διαπεράναντες
2855 4946 2912 5001 δὲ
2944 4949 3035 4999 τὸν
3068 4964 3133 5000 πε
3146 4948 3199 5017 pi
3220 4943 3456 5017 Χριστοῦ
3478 4942 3635 5013 λόγον
3660 4943 3708 4997 οἱ
3736 4960 3893 5014 τρισ-

2317 5042 2575 5112 μακάριοι
2616 5040 2877 5109 Πατέρες,
2920 5036 3014 5090 τοῦ
3046 5037 3201 5105 ἁγίου
3242 5034 3557 5105 Πνεῦματος
3584 5035 3891 5106 διαμνημο-

2311 5134 2543 5186 νεύουσι.
2595 5131 2877 5186 Πιστεύειν
2914 5131 3020 5201 γὰρ
3070 5130 3278 5199 ἔφασαν
3322 5127 3402 5190 είς
3456 5127 3609 5191 αὐτὸ,
3639 5126 3892 5198 καθάπερ

2309 5224 2497 5293 ἀμέλει
2537 5225 2617 5286 εἰς
2637 5221 2728 5276 τὸν
2760 5220 2978 5291 Πατέρα
3005 5221 3099 5272 καὶ
3139 5219 3227 5271 τὸν
3254 5217 3400 5270 Υἱὸν.
3433 5215 3746 5287 Ὀμοοῦσιον
3781 5217 3892 5288 γάρ

2307 5318 2454 5369 ἐστιν
2491 5317 2693 5374 αὐτοῖς·
2725 5314 2819 5365 καὶ
2848 5316 3129 5383 προχεῖται
3171 5311 3289 5379 μὲν,
3314 5309 3479 5379 ἤγουν
3510 5305 3889 5378 ἐκπορεύεται,

2313 5410 2563 5478 καθάπερ
2602 5406 2708 5459 ἀπὸ
2769 5407 2951 5474 πηγῆς
3004 5403 3099 5455 τοῦ
3142 5400 3277 5453 Θεοῦ
3325 5401 3419 5452 καὶ
3477 5398 3724 5468 Πατρδς’
3764 5414 3891 5467 W‘

2315 5508 2527 5575 ηγεῖται
2569 5502 2626 5555 δὲ
2665 5505 2730 5573 τῇ
2770 5502 2945 5554 κτίσει
2977 5499 3065 5553 διὰ
3088 5497 3182 5551 τοῦ
3217 5497 3365 5556 Υἱοῦ,
3397 5494 3726 5565 Ἐνεφύσησε
3760 5492 3890 5562 γοῦν

2313 5598 2424 5660 τοῖς
2466 5596 2643 5663 ἁγίοις
2689 5593 3007 5655 ἀποστόλοις
3048 5591 3249 5658 λέγων·
3308 5607 3325 5640 ι
3395 5585 3601 5641 Λάϐετε
3665 5583 3887 5656 Πνεῦμα
