4154 6322
261 334 367 391 3f?

1665 336 2004 396 EPISTOLA
2040 337 2131 395 LV

3440 331 3552 390 M8

263 454 445 522 ἃγιον.
486 473 509 505 ι
555 455 770 510 οὐκοῦν
801 456 864 511 ὲκ
897 455 1032 511 Θεοῦ
1067 458 1165 511 καὶ
1193 456 1325 521 Θεὸς
1353 456 1416 511 τὸ
1459 457 1687 529 Πνεῦμά
1714 460 1852 522 tam,

1961 471 2078 514 tum
2125 462 2466 515 sanctum".
2501 478 2518 511 δ
2554 457 2726 529 Igitur
2769 472 2837 511 ex
2881 456 2996 511 Deo
3039 463 3097 511 et
3134 454 3283 510 Deus
3309 453 3553 524 Spiritus

262 546 365 599 καὶ
393 546 495 600 οὐκ
530 546 816 620 ἀλλότριον
849 549 949 619 τῆς
977 549 1241 604 ἀνωτάτω
1277 550 1469 605 πασῶν
1495 550 1707 617 οὐσίας,
1737 551 1852 607 ἀλλ’

261 637 326 704 ἐξ
358 639 532 710 αὐτῆς
550 655 611 693 τε
645 640 742 694 καὶ
772 643 829 696 ἂν
858 643 998 714 αὐτῇ
1020 642 1116 696 καὶ
1134 642 1267 697 ῐδιον
1303 644 1497 714 αὐτῆς.

338 728 491 802 Αὕτη
531 731 632 802 μιν
684 727 778 787 οὖν
824 732 942 787 τῶνκ
974 732 1147 803 άγίων
1189 735 1449 807 Πατέρων
1488 738 1531 807 ὴ
1565 735 1857 809 εὐθυτενὴς

264 821 367 874 καὶ
396 821 785 894 άπλανεστάτη
818 825 1024 890 πίστις,
1055 826 1174 898 ἦτοι
1222 829 1322 898 τῆς
1364 827 1604 893 πίστεως
1647 830 1681 900 ὴ
1721 830 1855 899 ὁμο-

262 914 450 983 λογία.
495 915 635 969 Ἀλλ’
659 915 735 980 ὡς
759 918 788 968 ὁ
813 916 1023 982 Παῦλός
1052 934 1240 989 φησιν,
1269 938 1291 972 ι
1334 920 1395 975 '0
1420 920 1555 985 Θεὸς
1586 919 1687 975 τοῦ
1722 920 1857 976 αἰῶ-

266 1022 357 1068 νος
387 1004 580 1060 τούτου
627 1007 905 1076 ἐτύφλωσε
953 1008 1022 1063 τά
1062 1011 1313 1081 νοήματα
1354 1011 1465 1066 τῶν
1497 1013 1743 1069 ἀπίστων
1777 1017 1859 1081 εἰς

261 1098 331 1151 τὸ
366 1098 446 1170 μὴ
482 1100 724 1169 αὐγάσαι
774 1100 867 1154 τὸν
910 1102 1193 1174 φωτισμὸν
1237 1102 1335 1158 τοῦ
1380 1104 1715 1176 Εὑαγγελιου
1756 1109 1857 1177 τῆς

262 1188 431 1260 δόξης
460 1189 722 1262 Χριστοῦ.
777 1210 797 1244 r
862 1190 1120 1261 Ἀφέντες
1151 1192 1283 1263 γοῦν
1310 1195 1373 1249 τὸ
1404 1196 1535 1252 εὐθὺ
1576 1198 1678 1269 τῆς
1723 1198 1858 1269 ἁλη-

264 1279 424 1344 θείας
458 1281 595 1336 ἰέναι
621 1282 787 1347 τινες,
811 1282 1031 1355 ᾄττουσι
1066 1284 1211 1340 κατὰ
1231 1285 1475 1359 πετρῶν,
1500 1307 1522 1341 ο
1564 1290 1639 1360 μὴ
1675 1290 1858 1347 νοοῦν-

262 1388 359 1436 τες
384 1374 524 1444 μήτε
550 1373 587 1427 ἃ
606 1373 844 1443 λέγουσι,
866 1376 1005 1446 μήτε
1026 1376 1155 1450 περὶ
1174 1377 1337 1433 τινων
1351 1378 1811 1438 διαϐεϐαιοῦνται.
1827 1402 1846 1435 ι

263 1464 660 1539 Περιῖστάντις
705 1468 816 1540 γὰρ
842 1468 943 1539 τὴν
968 1468 1070 1539 τῆς
1108 1470 1356 1542 υῑότητος
1383 1473 1541 1540 δόξαν
1586 1476 1666 1553 εἰς
1698 1476 1858 1547 μόνον

262 1554 360 1609 τὸν
407 1559 473 1611 ὲκ
517 1556 654 1612 Θεοῦ
708 1559 924 1632 Πατρὸς
955 1559 1129 1631 φύντα
1162 1562 1355 1632 Λόγον,
1400 1564 1476 1629 ὡς
1506 1566 1634 1620 Υἱὸν
1669 1567 1858 1640 ἓτερον

259 1646 359 1701 τὸν
384 1648 451 1702 ὲκ
483 1649 799 1722 σπέρματος
825 1650 1008 1717 Δαυτδ,
1037 1652 1136 1707 καὶ
1170 1654 1373 1709 Ἰεσσαὶ
1400 1657 1668 1730 συνῆφθαι
1694 1676 1859 1729 φασιν

261 1740 438 1812 αὐτῷ,
470 1742 569 1796 καὶ
605 1743 856 1815 μετέχειν
886 1744 1156 1817 υιότητος.
1184 1748 1280 1801 καὶ
1305 1748 1471 1819 τιμῆς
1494 1748 1856 1824 θεοπρεποῦς,

262 1831 363 1885 καὶ
417 1834 520 1905 τῆς
569 1835 893 1906 ἐνοικήσεως
938 1837 1105 1892 αὐτοῦ
1154 1837 1252 1893 τοῦ
1299 1840 1498 1909 Λόγου,
1536 1843 1635 1896 καὶ
1682 1843 1857 1900 πάντα

266 1923 478 1994 μᾶλλον
524 1927 825 1999 ἐσχηκέναι
878 1930 1009 2001 παρ’
1049 1931 1254 1996 αὑτοῦ,
1291 1930 1425 1987 ἴδιον
1459 1933 1532 1993 ias
1580 1935 1859 2003 παντελῶς

261 2016 444 2072 οὐδέν.
492 2018 629 2089 Περὶ
672 2019 784 2073 τῶν
828 2021 1107 2087 τοιούτων,
1133 2021 1210 2088 ὥς
1247 2040 1313 2094 γε
1346 2019 1522 2095 οἶμαι,
1547 2028 1859 2098 γεγράφασι

259 2109 360 2164 τοῦ
409 2111 666 2182 Σωτῆρος
688 2114 739 2167 οἱ
777 2114 1039 2186 μαθηταί.
1081 2134 1101 2167 ι
1130 2116 1541 2188 Παρεισέδυσαν
1569 2119 1679 2192 γάρ
1712 2137 1860 2187 τινες

258 2203 567 2277 ἄνθρωποι,
611 2209 661 2260 οἱ
702 2208 800 2261 xui.
843 2208 1014 2263 πάλαι
1058 2213 1551 2284 προγεγραμμένοι
1593 2218 1675 2279 εἰς
1700 2216 1860 2269 τοῦτο

262 2295 328 2349 τὸ
360 2298 563 2367 κρῖμα,
588 2296 827 2363 άσεὸεῖς,
860 2298 958 2371 τὴν
977 2301 1073 2354 τοῦ
1103 2278 1259 2355 Θεοῦ*
1279 2278 1437 2373 άάρίν
1455 2278 1860 2374 ’μετατιθέντες

260 2390 343 2453 εις
375 2389 690 2457 ἀσέλγειαν,
727 2392 821 2445 καὶ
863 2390 954 2446 τὸν
986 2392 1146 2463 μόνον
1186 2395 1467 2466 Δεσπότην
1510 2397 1605 2451 καὶ
1651 2398 1859 2470 Κύριον

260 2481 424 2552 ἡμῶν
468 2482 675 2553 Ἰησοῦν
704 2485 941 2557 Χριστὸν
959 2485 1305 2558 ἀρνούμενοι·
1341 2506 1362 2540 ι
1403 2488 1617 2559 Ἰησοῦς
1637 2489 1694 2545 δὲ
1723 2492 1859 2561 Χρι-

262 2571 390 2637 στὸς
443 2574 767 2645 ὀνομάζοιτο
826 2577 894 2631 ἂν
946 2576 1171 2642 εἰκότως
1224 2578 1285 2631 ιν
1333 2578 1626 2651 ἀνθρώπου
1672 2585 1854 2655 μορφῇ

262 2663 526 2734 πεφηνὼς
548 2666 583 2718 »ό
602 2667 795 2735 Λόγος.
830 2667 986 2721 Ἐπεὶ
1016 2668 1378 2738 φραζέτωσαν
1400 2671 1685 2741 ερομένοις
1709 2675 1758 2726 οἱ
1787 2674 1856 2727 δι’

261 2755 536 2819 ἐναντίας.
571 2758 622 2810 οἱ
663 2758 731 2811 τά
761 2758 1064 2829 Νεστορίου
1092 2776 1154 2813 τε
1198 2760 1296 2815 καὶ
1323 2761 1601 2833 Θεοδώρου
1637 2766 1855 2833 φρονεῖν

261 2849 357 2902 καὶ
386 2848 573 2903 λαλεῖν
609 2851 673 2904 ἐκ
716 2851 920 2922 πολλῆς
948 2852 1089 2921 άγαν
1133 2852 1425 2917 ἀσυνεσίας
1466 2855 1525 2907 οὐ
1561 2855 1859 2926 παραιτού-

264 2959 439 3013 μενοι·
478 2943 801 2999 suam":
839 2945 934 3001 τοῦ
964 2943 1103 3001 εἶναι
1136 2946 1290 3011 Θεὸν,
1316 2948 1413 3002 κα)⁵
1451 2949 1579 3002 Υἱὸν
1603 2950 1858 3019 ἀληθινὸν

257 3030 351 3084 τοῦ
387 3031 529 3085 Θεοῦ
563 3030 656 3087 καὶ
687 3034 899 3101 Πατρὸς
924 3037 1018 3089 τὸν
1051 3039 1115 3090 ὲκ
1144 3038 1243 3107 τῆς
1271 3038 1432 3108 άγίας
1462 3039 1763 3112 Παρθένου,
1795 3041 1858 3095 τὸ

260 3120 462 3175 παθεῖν
508 3122 658 3191 αὐτῷ
701 3126 1101 3197 προσνέμοντες
1137 3128 1284 3201 μόνῳ
1316 3133 1364 3189 τ.
1397 3131 1492 3184 καὶ
1524 3130 1857 3186 ἀποσοϐοῦνς

257 3230 349 3277 τες
378 3213 545 3268 αὑτὸν
568 3214 663 3270 τοῦ
694 3216 831 3271 Θεοῦ
855 3219 1051 3289 Λόγου.
1096 3221 1187 3276 ἴνα
1225 3221 1299 3292 μὴ
1332 3221 1469 3286 Θεὸς
1504 3223 1715 3293 λέγοιτο
1748 3241 1858 3279 πα-

222 3376 225 3377 ν
260 3294 444 3376 θητδς.
481 3306 669 3361 Ταῦτα
700 3310 810 3381 γὰρ
833 3311 932 3381 τῆς
961 3312 1187 3369 ἐκείνων
1217 3313 1633 3387 ὲθελακριόεεας
1661 3317 1732 3372 τὰ
1764 3319 1858 3373 εύ-

263 3399 509 3469 ρήματα,
552 3400 648 3463 καὶ
690 3403 724 3473 ἡ
768 3401 877 3456 τῶν
922 3404 1142 3459 ἐννοιῶν
1181 3405 1494 3477 χυδαιότης.
1533 3409 1745 3463 Οὐκοῦν
1779 3412 1856 3484 μὴ

258 3489 615 3562 ὀνομαζέσθω
661 3495 924 3564 Χριστὸς,
964 3497 1170 3563 ἱδικῶς,
1203 3499 1300 3553 καὶ
1348 3502 1491 3554 κατὰ
1531 3503 1702 3573 μόνας
1736 3506 1765 3557 ὁ
1791 3506 1857 3559 ὲκ

257 3581 399 3636 Θεοῦ
441 3583 655 3655 [ἰατρὸς
683 3586 877 3655 Λόγος.
909 3588 1119 3661 Ὥσπερ
1146 3591 1256 3662 γάρ
1286 3594 1435 3645 ἐστιν
1463 3595 1722 3659 ἀπεοικὸς
1755 3598 1857 3649 αὐ-

255 3673 338 3743 τῷ
381 3675 445 3728 τὸ
482 3675 698 3746 παθεῖν,
738 3679 867 3733 ὅταν
935 3679 1041 3745 ἔξω
1067 3686 1241 3736 νοοῖτο
1278 3686 1504 3755 σαρκὸς,
1527 3686 1673 3741 οὕτω
1703 3690 1855 3761 καὶὴ

255 3766 443 3837 χρίσις
473 3768 815 3839 ἀνάρμοστόν
843 3789 894 3826 τι
921 3773 1110 3845 χρῆμα
1138 3776 1232 3828 καὶ
1274 3776 1560 3849 ἀλλότριον
1597 3779 1788 3838 αὐτοῦ.
1831 3802 1850 3834 ο

264 3876 284 3907 ‹
349 3856 559 3926 Ἰησοῦν
604 3860 715 3930 γὰρ
760 3860 856 3913 τὸν
908 3862 1017 3915 άπὸ
1063 3862 1321 3936 Ναζαρὲτ
1376 3864 1596 3938 ἔχρισεν
1647 3870 1676 3922 ὁ
1723 3868 1857 3933 Θεὸς

257 3946 547 4020 Πνεύματι
591 3950 751 4021 άγίῳο
808 3971 826 4001 μ
864 3952 1160 4026 αὐτοτελὴς
1200 3955 1257 4009 δὲ
1306 3956 1525 4020 πάντως
1554 3960 1582 4012 ὁ
1619 3960 1684 4013 ὲκ
1716 3959 1854 4014 Θεοῦ

257 4037 454 4106 Λόγος,
480 4039 576 4093 καὶ
604 4039 706 4093 οὐκ
736 4038 803 4095 ἂν
833 4041 1028 4113 ἐδεήθη
1057 4045 1296 4115 κρίσεως
1326 4045 1426 4116 τῆς
1458 4046 1547 4101 διά
1578 4048 1670 4102 τοῦ
1696 4049 1854 4117 ἁγίου

258 4130 401 4193 Πνεύ
411 4148 606 4201 ματος.
630 4132 839 4185 Οὐκοῦν
869 4134 1184 4205 ἀρνήσασθε
1218 4137 1317 4208 τὴν
1352 4140 1686 4211 οἰκονομὶανο
1713 4144 1854 4198 άπο-

258 4225 499 4295 στήσατε
540 4223 634 4277 τὸν
671 4226 952 4299 Μονογενῆ
984 4230 1083 4300 τῆς
1114 4232 1194 4293 εἰς
1244 4233 1336 4286 τὸν
1368 4234 1573 4303 κόσμον
1606 4236 1851 4309 ἀγάπης.

259 4314 335 4383 μὴ
363 4314 718 4384 ὀνομαζέσθω
754 4318 991 4388 Χριστὸς
1032 4325 1164 4394 παρ’
1201 4325 1378 4395 ὑμῶν.
1418 4328 1488 4380 Ἢ
1526 4330 1586 4381 οὑ
1618 4332 1853 4403 σμικρὸν

255 4406 408 4476 αὐτῷ
433 4407 495 4459 τὸ
524 4408 583 4460 ὲν
617 4411 729 4473 τοῖς
760 4410 881 4463 καθ’
906 4414 1051 4482 ἡμᾶς
1075 4417 1332 4483 γενέσθαι
1358 4418 1604 4491 μέτροις;
1644 4424 1854 4479 Οὐκοῦν

1956 557 2043 604 est
2069 550 2135 615 ",
2165 560 2223 605 et
2248 566 2358 605 non
2387 549 2603 605 alienus
2630 548 2700 603 ab
2728 544 2977 602 omnium
3012 560 3269 616 suprema
3292 544 3553 601 substan-

1859 669 1865 674 -
1957 642 2053 706 tia,
2084 640 2180 697 sed
2207 657 2275 697 ex
2302 642 2442 712 ipsa,
2463 651 2520 697 et
2542 641 2597 695 in
2624 640 2765 710 ipsa,
2791 644 2849 693 et
2873 636 3297 709 propriusejus.

2030 732 2157 788 Haec
2194 741 2281 788 est
2314 734 2485 805 igitur
2531 742 2850 789 sanctorum
2886 730 3113 786 Patrum
3148 727 3459 783 rectissima
3494 732 3555 782 et

1957 824 2028 879 ab
2066 823 2218 879 omni
2265 839 2458 880 errore
2504 824 2686 879 aliena
2732 821 2890 885 ﬁdes,
2925 821 3041 877 sive
3081 818 3211 877 fidei
3253 818 3550 875 confessio.

1956 916 2184 980 Verum,
2221 916 2503 971 utPaulus
2533 914 2669 971 dicit
2695 933 2707 967 :
2736 935 2754 966 ι
2785 902 2934 969 Deus
2967 912 3152 968 saeculi
3182 912 3347 983 hujus
3374 925 3553 966 exca-

1957 1008 2109 1063 cavit
2131 1016 2345 1065 mentes
2376 1008 2704 1072 infidelium,
2735 1015 2798 1061 ut
2826 1020 2937 1059 non
2982 1004 3188 1076 fulgeat
3226 1003 3309 1059 eis
3346 1001 3556 1057 illumi-

1957 1101 2109 1155 natio
2135 1100 2416 1172 Evangelii
2449 1101 2638 1171 gloriae
2673 1098 2879 1154 Christi
2912 1098 2978 1152 ".
3020 1116 3039 1149 ›
3080 1096 3272 1167 Itaque
3300 1092 3553 1150 nonnulli

1958 1193 2151 1249 relicta
2169 1194 2419 1250 veritatis
2433 1195 2522 1249 via
2546 1202 2717 1248 ruunt
2738 1194 2793 1247 in
2818 1208 2970 1255 saxa,
3013 1210 3030 1243 ι
3055 1206 3165 1245 non
3184 1189 3556 1260 intelligentes

1958 1300 2138 1357 neque
2165 1302 2287 1357 qua:
2321 1286 2536 1349 dicunt,
2571 1301 2753 1356 neque
2793 1285 2861 1341 de
2895 1283 3100 1355 quibus
3136 1280 3409 1337 afﬁrmant
3427 1280 3496 1334 ".
3527 1298 3548 1331 ι

1962 1378 2295 1450 Redigentes
2321 1376 2789 1435 enimlﬁiiationis
2829 1376 3061 1449 gloriam
3102 1374 3159 1429 in
3198 1373 3378 1429 solum
3419 1372 3555 1427 Ver-

1958 1470 2091 1526 bum
2118 1486 2196 1525 ει.
2215 1472 2327 1528 Deo
2356 1471 2518 1526 Patre
2547 1480 2763 1535 natum,
2788 1469 2947 1540 quasi
2978 1468 3153 1525 illium
3178 1467 3370 1531 alium,
3396 1465 3556 1521 illum

1958 1564 2055 1635 qui
2077 1565 2291 1620 exstitit
2320 1580 2389 1620 ex
2418 1565 2628 1621 semine
2651 1564 2821 1621 lessa:
2845 1571 2902 1617 et
2926 1561 3123 1626 David,
3156 1558 3475 1631 copulatum
3500 1555 3557 1610 ei

1959 1657 2174 1720 dicunt,
2200 1656 2639 1728 participemque
2662 1671 2784 1711 esse
2812 1652 3097 1709 filiationis
3124 1666 3189 1707 ac
3211 1650 3416 1705 divine
3441 1647 3558 1719 glo-

1961 1750 2076 1814 riae,
2101 1759 2158 1805 et
2190 1748 2616 1805 inhabitationis
2656 1747 2825 1804 Verbi
2875 1746 3069 1818 ipsius,
3101 1752 3159 1800 et
3188 1742 3268 1799 ab.
3295 1742 3416 1813 ipso
3454 1740 3558 1795 ha-

1890 1814 1934 1874 n
1961 1840 2149 1896 buisse
2194 1839 2415 1905 omnia,
2467 1838 2766 1909 proprium
2815 1814 2948 1893 vero
3002 1833 3233 1890 omnino
3274 1828 3449 1886 nihil..
3479 1828 3559 1884 De

1962 1932 2299 1997 istiusmodi,
2332 1940 2395 1987 ut
2420 1931 2638 2003 opinor,
2673 1929 3020 2001 scripserunt
3047 1925 3348 1985 Salvatoris
3384 1921 3560 1978 disci—

1960 2025 2113 2095 puli:
2148 2043 2167 2077 ι
2200 2024 2659 2080 Subintroierunt
2686 2021 2837 2077 enim
2872 2020 3098 2092 quidam
3138 2015 3421 2080 homines,
3461 2012 3559 2083 qui

1960 2118 2093 2171 olim
2134 2116 2441 2188 praescripti
2483 2123 2615 2170 sunt
2658 2115 2715 2169 in
2762 2114 2870 2169 hoc
2908 2110 3206 2185 judicium,
3246 2106 3424 2179 impii,
3459 2105 3559 2161 Dei

1960 2209 2137 2263 nostri
2163 2209 2395 2280 gratiam
2428 2206 2829 2263 transferentes
2866 2206 2923 2260 in
2960 2203 3257 2267 luxuriam,
3291 2209 3349 2256 et
3378 2199 3559 2256 solum

1959 2299 2360 2355 dominatorem
2383 2310 2440 2356 et
2463 2300 2760 2355 Dominum
2786 2305 3038 2353 nostrum
3064 2296 3254 2353 Iesum
3275 2293 3558 2350 Christum

1958 2403 2225 2463 negantes
2252 2395 2322 2446 ".
2353 2413 2371 2443 ι
2405 2393 2567 2448 Jesus
2602 2402 2788 2448 autem
2830 2390 3090 2447 Christus
3132 2388 3335 2444 merito
3374 2386 3559 2442 nomi-

1959 2492 2127 2540 natur
2170 2486 2351 2556 ipsum
2385 2485 2637 2541 Verbum
2676 2486 2734 2539 in
2777 2484 3020 2539 humana
3052 2482 3229 2538 forma
3264 2494 3559 2551 apparens.

1956 2578 2097 2633 Nam
2149 2577 2621 2649 interrogantibus
2668 2574 2972 2632 adversarii
3022 2573 3431 2645 respondeant,
3463 2570 3559 2643 qui

1957 2686 2070 2740 prae
2112 2670 2283 2725 multa
2333 2671 2652 2742 insipientia
2696 2673 2853 2743 juxta
2891 2668 3134 2726 Nestorii
3179 2676 3237 2724 et
3281 2666 3561 2722 Theodori

1958 2770 2269 2818 commenta
2293 2771 2351 2819 et
2378 2779 2572 2833 sapere
2605 2774 2663 2820 et
2694 2763 2881 2833 eloqui
2917 2778 3029 2817 non
3068 2770 3335 2818 verentur
3366 2778 3381 2815 :
3417 2760 3563 2816 Eum

1958 2856 2053 2927 qui
2092 2867 2255 2911 natus
2283 2863 2369 2911 est
2395 2872 2462 2910 es
2500 2863 2688 2910 sancta
2710 2855 2938 2926 Virgine
2967 2869 3078 2908 non
3109 2853 3402 2908 admittitis
3436 2866 3563 2909 esse

1959 2948 2176 3013 Deum,
2228 2956 2285 3005 et
2344 2948 2547 3003 Filium
2601 2946 2797 3001 verum
2846 2945 2944 3001 Dei
2996 2953 3056 3001 et
3102 2944 3315 3009 Patris;
3369 2942 3564 3014 illique

1962 3040 2064 3095 soli
2098 3040 2175 3111 (l)
2219 3040 2465 3096 tribuitis
2500 3038 2808 3110 passiones,
2840 3046 2899 3092 et
2935 3036 3281 3123 submovetis
3312 3036 3494 3106 ipsum
3530 3051 3564 3092 a

1960 3136 2076 3191 Deo
2096 3134 2302 3197 Verbo,
2329 3149 2397 3189 ne
2419 3134 2565 3188 Deus
2584 3131 2803 3187 dicatur
2824 3147 2949 3187 esse
2972 3130 3273 3201 passibilis.
3298 3129 3393 3184 Hae
3411 3128 3562 3185 enim

1960 3236 2092 3283 sunt
2145 3238 2571 3297 supervacanea
2627 3223 2849 3278 illorum
2905 3222 3240 3295 diligentiae,
3293 3220 3564 3276 adinven-

1962 3318 2164 3381 tiones,
2195 3325 2251 3372 et
2284 3315 2476 3372 futiles
2503 3315 2892 3387 cogitationes.
2923 3315 3097 3386 Igitur
3124 3328 3230 3368 nec
3255 3309 3567 3383 appelletur

1958 3409 2234 3474 Christus,
2274 3409 2391 3463 sive
2435 3416 2659 3473 unctus,
2700 3406 3016 3479 specialiter
3057 3413 3113 3461 et
3148 3403 3384 3459 seorsim
3427 3402 3567 3459 illud

1958 3518 2027 3557 ex
2060 3502 2173 3557 Deo
2217 3501 2380 3556 Patre
2419 3500 2679 3556 Verbum.
2714 3497 3197 3567 Quemadmodum
3234 3496 3385 3552 enim
3425 3495 3565 3552 alie-

1958 3609 2092 3648 num
2133 3593 2205 3649 ab
2241 3609 2309 3649 eo
2333 3600 2419 3648 est
2446 3592 2557 3663 pati
2590 3591 2815 3663 quando
2848 3599 3005 3648 extra
3042 3604 3267 3646 carnem
3301 3586 3563 3659 intelligi-

1960 3697 2071 3753 tur,
2118 3686 2198 3741 sie
2239 3692 2298 3741 et
2334 3685 2525 3740 unctio
2565 3684 2871 3755 incongrua
2907 3680 3157 3752 quaedam
3191 3695 3280 3734 res
3316 3678 3472 3750 19],
3506 3688 3566 3734 et

1958 3780 2138 3835 aliena
2177 3778 2247 3833 ab
2286 3794 2355 3834 eo
2394 3787 2524 3833 est:
2560 3797 2578 3829 ι
2613 3777 2803 3833 Iesum
2846 3774 2995 3830 enim
3036 3790 3067 3828 a
3101 3772 3373 3828 Iiazareth
3403 3772 3566 3827 unxit

1958 3871 2106 3926 Deus
2130 3869 2341 3941 Spiritu
2370 3878 2564 3925 sancto
2584 3869 2668 3935 ²⁶;
2701 3888 2719 3918 ι
2751 3883 2819 3923 ex
2844 3883 2903 3922 se
2926 3875 3112 3921 autem
3137 3865 3444 3935 perfectum
3476 3870 3563 3917 est

1958 3964 2219 4017 omnibus
2266 3961 2449 4017 modis
2488 3960 2737 4017 Verbum
2782 3960 2902 4024 Dei,
2941 3966 2998 4013 et
3035 3973 3177 4029 opus
3211 3970 3324 4011 non
3365 3954 3564 4010 habuit

1958 4057 2220 4111 unctione
2282 4071 2386 4125 ‘uze
2427 4070 2525 4125 per
2563 4053 2834 4124 Spiritum
2871 4061 3123 4107 sanctum
3161 4050 3344 4105 datur.
3390 4048 3565 4120 Igitur

1955 4154 2153 4217 negate
2196 4145 2693 4215 dispensationem,
2719 4143 2954 4197 avertite
2996 4140 3352 4212 Unigenitum
3393 4155 3425 4194 a
3462 4153 3564 4195 sua

1955 4254 2087 4311 erga
2130 4238 2405 4293 mundum
2444 4237 2738 4300 charitate,
2772 4252 2843 4291 ne
2881 4234 3203 4290 nominetur
3237 4232 3490 4289 Christus
3530 4246 3565 4288 δ

1956 4331 2136 4386 vobis.
2169 4331 2369 4386 Annon
2402 4330 2689 4402 indignum
2719 4330 2853 4400 ipsi,
2882 4328 3030 4399 quod
3068 4328 3125 4382 in
3163 4326 3372 4381 nostris
3405 4340 3565 4380 men-

1956 4425 2102 4479 suris
2126 4423 2304 4479 factus
2326 4424 2449 4478 est?
2471 4423 2645 4493 Igitur
2675 4423 2807 4492 quia
2834 4430 2891 4477 et
2919 4420 3025 4476 hoc
3049 4419 3337 4490 indignum
3364 4424 3449 4472 est
3472 4433 3561 4480 eo,

256 4497 585 4568 ἐπειδήπερ.
622 4499 717 4552 καὶ
747 4501 905 4555 τοῦτό
936 4504 1087 4558 ἐστιν
1130 4507 1390 4574 ἀπεοικὸς
1422 4512 1605 4583 αὐτῷ,
1658 4515 1853 4584 ὁμολο-

1958 4530 2122 4570 nemo
2166 4516 2498 4570 confiteatur
2541 4514 2691 4584 quod
2738 4513 2920 4569 factus
2967 4514 3039 4567 sit
3080 4512 3279 4573 homo;
3326 4519 3386 4565 ut
3431 4509 3570 4580 ipsis

252 4590 427 4657 γεὶτω
473 4592 662 4664 μηδεὶς
693 4593 775 4646 ὃτι
819 4595 1043 4664 γέγονεν
1082 4599 1393 4670 ἅνθρωπος·
1436 4604 1524 4659 ἴνα
1552 4606 1647 4658 καὶ
1666 4608 1851 4672 αὐτοῖς

255 4683 389 4754 εἴπῃ
421 4684 678 4756 Χριστός⁸
711 4703 733 4739 ι
769 4686 1077 4751 Πλανᾶσθε.
1120 4693 1195 4763 μὴ
1230 4695 1437 4761 ειδότες
1470 4696 1568 4761 τὰς
1600 4699 1847 4770 Γραφάς,

258 4776 397 4845 μηδὲ
438 4776 541 4848 τὴν
577 4777 810 4848 δύναμιν
833 4781 926 4834 τοῦ
956 4783 1114 4839 Θεοῦ.
1155 4805 1173 4838 ι
1217 4787 1448 4852 Οὐκοῦν,
1481 4790 1558 4855 ὡς
1586 4791 1685 4861 τῆς
1716 4792 1850 4866 άλη-

256 4867 411 4932 θείας
437 4868 690 4940 ἐχθροὺς,
723 4873 850 4936 τοὺς
873 4866 977 4929 ὧδε
1007 4880 1226 4947 φρονεῖν
1270 4882 1586 4952 ᾑρημένους
1610 4885 1850 4955 ἡγούμε-

255 4974 361 5020 νοι.
400 4959 694 5032 φεύγωμεν
725 4962 907 5018 αὐτῶν
943 4968 1043 5032 τὰς
1080 4969 1366 5043 ὀλεθρίους
1404 4976 1773 5043 καινοφωνίας
1797 4986 1846 5014 ιι*

254 5050 353 5102 καὶ
388 5049 653 5120 ἑπώμεθα
677 5054 876 5123 μᾶλλον
903 5057 1024 5120 ταῖς
1050 5058 1233 5126 δόξαις
1252 5062 1361 5115 τῶν
1380 5064 1550 5132 ἁγίων
1566 5067 1848 5138 Πατέρων.

256 5140 355 5193 καὶ
391 5144 459 5212 τῇ
486 5143 786 5215 παραδόσει
813 5146 921 5199 τῶν
951 5148 1122 5218 ἁγίων
1154 5154 1468 5208 ἀποστόλων
1499 5158 1592 5211 καὶ
1618 5160 1852 5228 εὐαγγε-

328 5285 371 5317 ²¹
397 5285 556 5342 Joan.
583 5306 672 5352 xx,
696 5290 785 5345 2‘2.

864 5295 907 5325 "
939 5294 1096 5352 Joan.
1124 5314 1193 5362 Iv,
1219 5302 1306 5355 2L

260 5371 392 5422 xx",
416 5357 503 5411 29.

1957 4620 2180 4676 quoque
2225 4606 2375 4661 dicat
2419 4604 2678 4661 Christus
2709 4646 2721 4657 .
2772 4622 2789 4655 ι
2836 4604 3069 4668 Erratis,
3101 4618 3285 4672 neque
3326 4602 3570 4657 scientes

1958 4698 2296 4769 Scripturas,
2325 4715 2506 4770 neque
2531 4699 2797 4753 virtutem
2830 4697 2925 4752 Dei
2953 4697 3018 4750 ’⁷.
3054 4716 3071 4746 ι
3121 4695 3293 4767 Igitur
3331 4710 3430 4750 eos
3468 4694 3566 4765 qui

1956 4791 2037 4846 sic
2085 4792 2294 4848 sentire
2348 4802 2701 4857 statuerunt,
2766 4800 3027 4862 tanquam
3080 4789 3270 4844 hostes
3317 4788 3573 4843 veritatis

1958 4885 2260 4950 habentes,
2312 4884 2591 4956 fugiamus
2642 4884 2887 4955 ipsorum
2940 4882 3316 4952 perniciosam
3368 4895 3569 4935 vocum

1957 4978 2263 5033 novitatem
2289 4976 2398 5049 (2);
2428 4993 2727 5049 sequamur
2766 4986 2951 5030 autem
2982 4984 3302 5029 sanctorum
3344 4973 3568 5028 Patrum

1959 5072 2315 5135 sententiam,
2348 5079 2405 5125 et
2438 5080 2755 5125 sanctorum
2794 5069 3175 5138 apostolorum
3205 5065 3572 5136 evangelista—

1961 5180 2196 5234 rumque
2247 5163 2624 5219 traditionem.
2668 5163 2913 5218 Verbum
2945 5162 3093 5217 enim
3138 5160 3302 5214 homo
3340 5157 3568 5221 factum,

1383 5304 1428 5334 ’³
1456 5304 1498 5358 Il
1525 5305 1650 5359 Cor.
1690 5325 1760 5371 iv,
1786 5308 1838 5361 4.

1956 5319 1962 5338 ι
1999 5311 2277 5367 l'l‘imuth.
2309 5330 2345 5377 ι,
2374 5314 2425 5365 7.
2481 5314 2526 5343 ’⁵
2552 5312 2706 5367 Iudae
2738 5311 2786 5364 ι.
2848 5312 2893 5341 ³⁸
2920 5309 3041 5363 Act.
3076 5324 3126 5373 Χ,
3160 5307 3251 5361 58.
3311 5306 3354 5338 ³⁷
3370 5302 3567 5359 Μιιῑιιιο

1364 5465 1539 5521 Varia:
1571 5468 1839 5525 lectiones
1862 5473 2072 5529 codicis
2097 5475 2469 5544 Seguieriani.

340 5566 358 5606 ⁸
390 5570 572 5638 μόνον.
656 5587 677 5611 ἰ
706 5580 1059 5644 κενοφωνίας.

1822 5684 2045 5742 ΝΠἌΕ.

328 5785 403 5856 (1)
439 5785 653 5842 Solum.

2047 5804 2121 5875 β)
2163 5805 2658 5876 Vaniloquentram.
