4154 6322
258 348 351 412 δει

1604 340 1939 397 EPISTULA
1978 340 2153 397 LVIII.

3444 338 3549 404 se!

261 465 639 540 παρελθόντων
716 458 1027 529 Βουλόμεθα
1074 456 1182 527 γὰρ
1230 453 1435 526 μᾶλλον
1480 456 1846 526 ἀρνουμένους

1952 453 2114 510 ﬁdem
2147 469 2442 511 conversos
2467 456 2675 522 videas,
2705 457 2976 513 malorum
3003 461 3410 529 przeteritorum
3435 482 3550 522 me—

257 558 453 620 αὐτοὺς
484 558 639 626 όρᾷν,
689 553 723 623 ἢ
769 548 1110 619 ἀναισχύντῳ
1155 547 1350 618 γνώμῃ
1408 546 1844 629 συνηγοροῦντας

255 651 376 711 ταῖς
407 646 703 714 Νεστορίου
740 643 980 705 κακίαις’
1007 642 1092 693 ἵνα
1118 640 1173 691 δὲ
1209 638 1283 708 μὴ
1315 638 1563 709 δοκῶμεν
1596 641 1759 708 τιμᾷν
1784 640 1844 693 τὸ

258 738 583 808 φιλόνεικον,
610 732 987 803 ἀσπασώμεθα
1017 732 1113 798 τὴν
1158 731 1292 800 πρὸς
1330 730 1421 782 τὸν
1452 730 1843 783 εὐλαϐέστατον

257 826 556 883 ὲπίῖςκοπον
598 829 853 897 Ἰωάννην
886 824 1189 881 κοινωνίαν,
1227 814 1635 895 συγχωροῦντες
1674 821 1843 889 αὐτῷ,

268 925 366 975 καὶ
398 922 717 991 οἰκονομίας
762 904 924 971 ἕνεκα
964 915 1037 985 μὴ
1090 914 1604 985 ἀκριϐολογούμενοι
1639 914 1845 985 σφόδρα

267 1012 396 1080 περὶ
447 1013 573 1072 τοὺς
625 1004 1157 1081 μεταγινώσκοντας.
1212 1004 1539 1074 Οίκονομίας
1584 1005 1724 1072 γὰρ,
1769 1004 1845 1066 ὡς

260 1105 421 1177 ἔφην,
452 1104 622 1160 δεῖται
657 1104 719 1156 τὺ
756 1103 988 1173 πρᾶγμα
1019 1099 1239 1171 πολλῆς.

1868 1400 1939 1409 ..-

1954 549 2183 601 moriam
2206 548 2443 617 depone.
2478 548 2748 605 Malumus
2773 552 2920 606 enim
2950 569 3053 606 nos
3076 554 3265 609 videre
3287 569 3551 626 negantes

1951 653 2115 707 quam
2168 636 2531 692 defendentes
2562 636 2812 694 ‘Nestorii
2843 642 2998 696 vitia.
3031 641 3327 709 Caeterum,
3369 662 3437 700 ne
3464 645 3549 701 vi-

1952 728 2184 783 deamur
2230 730 2604 785 contentionis
2645 732 2855 801 cupidi,
2894 735 3294 805 religiosissimi
3321 736 3550 794 Joannis

1953 820 2402 875 communionem
2444 824 2864 893 amplectamur,
2903 827 3251 897 indulgentes
3278 830 3351 894 ei,
3382 840 3549 901 atque

1952 924 2016 967 ut
2061 914 2462 968 convenienter
2510 915 2566 970 in
2611 916 2699 971 his
2734 917 2901 972 rebus
2926 919 3236 974 moderatio
3264 928 3547 984 teneatur,

1952 1021 2063 1059 non
2111 1005 2348 1060 nimium
2391 1006 2687 1078 diligenter
2718 1010 2773 1064 in
2802 1026 2899 1066 eos
2931 1012 3025 1081 qui
3074 1014 3428 1082 resipiscunt,
3459 1013 3549 1067 in-

1951 1097 2257 1167 quirentes.
2297 1098 2406 1154 Res
2443 1100 2614 1167 enim,
2662 1111 2727 1157 ut
2771 1102 2907 1169 dixi,
2955 1121 3165 1177 magna:
3207 1115 3329 1177 eget
3354 1104 3546 1159 mode-

1950 1189 2198 1244 rationis.

1628 1546 1963 1610 EPISTOLA
2001 1550 2179 1610 LVIII.

1730 1731 1795 1765 Δι’)
1831 1728 2065 1767 ΕΠΙΒΕΜ.

1379 1868 1633 1936 Ejusdem
1662 1886 1778 1922 cum
1802 1886 2071 1939 supenore
2095 1866 2416 1939 argumenti.

331 2021 406 2093 (l)
453 2022 795 2092 Κεκόμισται
827 2022 987 2076 πάλιν
1014 2021 1082 2075 τὰ
1109 2021 1256 2094 παρά
1283 2022 1383 2092 τῆς
1412 2024 1511 2091 σῆς
1544 2022 1852 2084 θεοσεϐείας

2029 2025 2221 2079 Allata:
2270 2026 2472 2079 iterum
2519 2032 2648 2078 sunt
2690 2021 2909 2093 pietatis
2932 2032 3039 2077 tua!
3067 2018 3264 2077 littera:
3284 2036 3318 2077 α
3341 2020 3547 2079 dilecto

255 2120 563 2188 γράμματα
590 2116 681 2169 διά
706 2116 799 2167 τοῦ
825 2115 1110 2185 ἀγαπητοῦ
1142 2116 1464 2185 μονάζοντος
1486 2115 1721 2178 Παύλου,
1749 2116 1844 2168 καὶ

254 2209 431 2280 ἥσθην
477 2208 619 2277 ἄγαν
648 2206 881 2275 ἐντυχὼν
924 2209 1128 2269 αὐτοῖς,
1172 2207 1264 2259 τόν
1298 2224 1356 2259 τε
1410 2205 1571 2277 ζῆλον
1600 2206 1846 2274 ἐπέγνων

258 2300 581 2373 ἀκμάζοντα
620 2300 717 2353 καὶ
768 2299 882 2364 νῦν,
935 2299 995 2351 ὃν
1042 2301 1182 2370 ὑπὲρ
1232 2300 1333 2369 τῆς
1383 2300 1549 2371 ὀρθῆς
1608 2300 1846 2363 πίστεως

250 2392 502 2461 ἐποιήσω
533 2392 633 2462 μὲν
662 2390 785 2453 ἀεὶ,
815 2390 960 2459 ἔχεις
987 2389 1045 2442 δὲ
1075 2390 1169 2443 καὶ
1208 2390 1325 2453 νῦν,
1363 2389 1460 2444 καὶ
1490 2390 1631 2455 ἕξεις
1663 2392 1743 2453 είς
1786 2390 1846 2442 τὸ

262 2479 479 2553 [ἄλλον.
526 2481 842 2551 Γέγραπται
889 2480 1019 2551 γάρ⁸
1079 2500 1097 2533 ι
1124 2481 1247 2536 Ὀτι
1297 2484 1326 2535 ό
1370 2481 1739 2553 ἐναρξάμενος
1788 2483 1845 2534 ὲν

257 2575 392 2645 ὑμῖν
434 2573 595 2644 ἔργον
640 2574 843 2642 ἀγαθὸν
866 2617 881 2639 ,
927 2575 1314 2631 ἰπιτελεσάτω.
1358 2595 1376 2627 ι
1429 2576 1846 2642 Καταλαϐόντος

258 2662 317 2717 δὲ
349 2663 445 2717 τοῦ
480 2664 875 2718 εὐλαϐεστάτου
908 2665 1282 2737 πρεσϐυτέρου
1329 2668 1685 2737 Πρεσεντίνου
1706 2710 1719 2733 ,
1748 2668 1846 2721 καὶ

257 2755 572 2823 διδάξαντός
612 2774 769 2817 τινα.
809 2757 1066 2827 γέγραφα
1101 2758 1247 2829 άπερ
1280 2754 1347 2829 ἦν
1392 2760 1541 2822 είκὸς
1574 2760 1710 2829 πρὸς
1754 2761 1847 2813 τὸν

259 2848 659 2907 εὐλαϐέστατον
681 2851 772 2903 καὶ
794 2848 1210 2905 θεοσεϐέστατον
1232 2852 1529 2905 ἐπίσκοπον
1569 2852 1843 2923 Ἰωάννην,

260 2944 359 2998 καὶ
397 2944 533 3017 πρὸς
564 2941 657 3006 οὓς
689 2944 956 3016 ἠθέλησεν
993 2944 1444 3015 ἀρχιμανδρίτας·
1478 2945 1571 2997 καὶ
1612 2944 1709 3015 τὴν
1738 2945 1848 2997 τῶν

258 3035 585 3109 γραφέντων
613 3035 842 3106 δύναμιν
872 3037 905 3105 ή
943 3035 1009 3105 σὴ
1040 3035 1294 3089 εὐλάϐεια
1326 3036 1628 3103 γνώσεται,
1661 3036 1851 3099 αὑταῖς

254 3125 562 3198 ἐντυχοῦσα
607 3129 727 3189 ταῖς
765 3127 1094 3191 δπιστολαίςλ.
1138 3127 1283 3197 Πλὴν
1325 3128 1501 3180 ἐκεῖνό
1550 3142 1713 3198 φημι⁶
1753 3128 1851 3197 τῆς

263 3218 364 3289 μὲν
391 3217 501 3287 γάρ
530 3217 628 3286 σῆς
656 3216 939 3279 εὐλαϐείας
965 3216 1124 3287 ἔργον
1146 3213 1213 3287 ἦν
1245 3218 1305 3269 τὸ
1338 3218 1542 3287 μηδένα
1568 3218 1675 3270 τῶν
1704 3218 1852 3287 ἑχόν-

259 3326 374 3362 των
397 3308 817 3370 ὑποσκάζουσαν
851 3309 950 3376 τὴν
984 3308 1245 3368 διάνοιαν,
1274 3307 1306 3377 ἢ
1340 3311 1419 3369 είς
1452 3309 1739 3361 κοινωνίαν
1766 3308 1849 3359 δέ-

260 3402 489 3473 χεσθαι,
542 3402 689 3474 ἣείς
728 3400 951 3469 ἀγάπην
998 3401 1096 3471 τὴν
1125 3404 1182 3453 ὲν
1228 3399 1471 3470 Χριστῷ.
1527 3400 1590 3452 'II
1639 3400 1696 3453 δὲ
1742 3400 1851 3453 τῶν

259 3497 635 3567 ἑνεστηκότων
684 3497 1029 3565 πραγμάτων
1086 3494 1283 3563 φύσις,
1341 3496 1437 3548 καὶ
1483 3497 1581 3565 οὐχ
1626 3497 1851 3559 ἑκόντας

261 3589 413 3659 ἡμᾶς
444 3587 557 3641 ἐσθ’
591 3591 681 3643 ὅτε
719 3588 1119 3658 παραϐιάζεται
1168 3589 1264 3640 καὶ
1299 3588 1407 3640 τῶν
1454 3590 1603 3658 παρά
1650 3588 1851 3641 σκοπὸν

260 3681 362 3734 καὶ
390 3680 619 3751 γνώμην
648 3679 960 3750 ἀνέχεσθαι.
992 3680 1213 3750 Συνορῶ
1247 3680 1356 3751 γάρ
1386 3681 1469 3733 ὅτι
1499 3682 1594 3733 καὶ
1632 3681 1796 3743 αὐτὸς
1824 3681 1852 3731 ό

261 3772 666 3835 εὐλαϐέστατος
708 3774 1004 3835 ὲπίακοπος
1049 3772 1304 3842 Ἰωάννης
1332 3772 1646 3842 οἰκονομίας
1684 3772 1852 3824 δεῖται

264 3865 488 3936 πολλῆς,
534 3859 623 3918 ἵνα
643 3866 773 3927 τοὺς
798 3863 1148 3933 ἀφηνιῶντας
1173 3865 1427 3934 κερδάνῃ.
1456 3864 1524 3918 Αἱ
1552 3863 1658 3934 γάρ
1690 3864 1855 3932 σκλη-

268 3959 358 4030 ραὶ
406 3957 670 4021 πολλάκις
709 3956 1023 4010 ἀντιτυπίαι
1066 3956 1293 4020 πολλοὺς
1350 3956 1648 4009 ἐκϐάλλουσ
1676 3974 1702 4001 ν
1746 3959 1854 4008 ἀπ-

266 4051 823 4121 αναισχυντήσαντας·
841 4052 934 4103 καὶ
955 4051 1178 4120 ἄμεινον
1195 4048 1477 4112 κολακίαις
1508 4048 1709 4113 μᾶλλον
1733 4049 1855 4101 07:0-

265 4144 455 4217 φέρειν
492 4143 618 4206 τοὺς
646 4141 1066 4212 ἀνθεστηκότας,
1104 4139 1137 4213 ἢ
1170 4144 1300 4209 γοῦν
1340 4144 1405 4211 τῇ
1437 4142 1537 4211 τῆς
1571 4141 1857 4213 ἀκριϐείας

266 4236 549 4305 ἰσχνότητι
591 4233 799 4287 λυπεῖν.
852 4234 1061 4305 Ὠσπερ
1099 4235 1208 4304 γὰρ
1260 4236 1307 4287 εί
1357 4236 1419 4288 τὸ
1472 4235 1631 4305 σῶμα
1674 4236 1856 4299 αὐτοῖς

264 4327 696 4401 ἁρρωστήσειεν,
751 4326 913 4397 χεῖρά
941 4344 1045 4378 που
1088 4327 1305 4388 πάντως
1329 4327 1519 4397 ὀρέξαι
1554 4328 1681 4398 χρὴ,
1715 4327 1857 4381 οὓτω

264 4417 606 4479 πεπονθυίας
633 4419 731 4487 τῆς
756 4418 936 4487 ψυχῆς
956 4416 1034 4469 δεῖ
1060 4434 1201 4480 τινος
1218 4419 1530 4489 οἰκονομίας
1547 4459 1561 4482 ,
1591 4413 1678 4472 οἷα
1716 4419 1859 4489 φάρη

268 4528 450 4584 μσκον
512 4512 965 4583 προσφερομένης
1023 4513 1228 4575 αὐτοῖς.
1303 4514 1459 4567 Κατά
1512 4513 1687 4584 βραχὺ
1749 4514 1857 4584 γὰρ

264 4606 462 4676 ἧξουσι
500 4604 592 4657 καὶ
619 4603 773 4655 αὐτοὶ⁸
811 4604 949 4673 πρὸς
982 4605 1249 4675 είλικρινῆ
1277 4606 1537 4659 διάθεσιν·
1572 4606 1668 4659 καὶ
1694 4602 1857 4660 αὗταί

1948 2118 2221 2171 monacho
2266 2118 2472 2181 Paulo;
2524 2125 2578 2170 et
2610 2116 2830 2187 gavisus
2854 2130 2975 2169 sum
3016 2115 3145 2169 dum
3168 2131 3263 2171 eas
3284 2116 3544 2187 legerem,

1948 2206 2016 2261 de
2042 2216 2136 2262 tuo
2160 2224 2310 2263 nunc
2331 2208 2512 2261 adhuc
2538 2208 2790 2285 fervente
2813 2208 2950 2270 zelo,
2969 2222 3133 2276 quem
3152 2222 3252 2277 pro
3274 2217 3420 2261 recta
3439 2206 3547 2262 ﬁde

1948 2309 2002 2354 et
2027 2300 2269 2356 habuisti
2312 2316 2552 2370 semper,
2584 2311 2641 2354 et
2680 2316 2827 2354 nunc
2848 2301 3014 2354 etiam
3048 2300 3276 2363 retines,
3312 2308 3368 2355 et
3395 2299 3547 2355 omni

1948 2392 2136 2445 futuro
2184 2400 2435 2460 tempore
2481 2389 2857 2444 conservahis.
2912 2388 3193 2459 Scriptum
3222 2397 3308 2443 est
3343 2390 3493 2444 enim
3531 2407 3545 2444 :

1956 2504 1972 2533 ι
2001 2483 2103 2549 Qui
2130 2486 2298 2553 cmpit
2325 2484 2381 2536 in
2406 2483 2567 2536 vobis
2586 2497 2726 2551 opus
2748 2483 2974 2545 bonum,
3004 2482 3149 2536 idem
3175 2482 3426 2551 perﬁciet
3442 2484 3541 2536 ³⁹.›

1947 2574 2065 2631 1am
2111 2590 2237 2629 cum
2282 2575 2393 2629 huc
2437 2573 2726 2628 advenerit
2768 2573 3056 2643 piissimus
3085 2573 3376 2644 presbyter
3398 2574 3549 2630 Prte-

1949 2667 2219 2731 sentinus,
2244 2675 2299 2719 et
2318 2665 2568 2735 quadam
2594 2664 2925 2727 narraverit,
2950 2664 3146 2735 scripsi
3164 2665 3312 2734 quod
3329 2681 3549 2736 aequum

1948 2766 2067 2812 erat
2100 2758 2167 2811 ad
2201 2758 2611 2828 pientissimum
2639 2764 2696 2811 et
2721 2756 3201 2827 religiosissimum
3226 2757 3551 2827 episcopum

1949 2851 2241 2915 Joannem,
2276 2859 2333 2906 et
2374 2850 2443 2905 ad
2494 2866 2633 2920 quos
2676 2851 2767 2905 ille
2808 2850 2988 2905 voluit
3034 2849 3546 2904 archimandritas:

1952 2943 2110 3011 cujus
2133 2941 2324 3013 scripti
2349 2941 2459 2995 mei
2485 2942 2881 2995 continentiam
2909 2941 3089 3011 pietas
3114 2949 3204 2994 tua
3233 2945 3549 3010 cognoscet,

1954 3050 2079 3087 cum
2106 3034 2251 3103 ipsas
2274 3035 2485 3088 litteras
2519 3035 2680 3103 leget.
2718 3033 2833 3088 Hoc
2857 3048 3029 3087 unum
3056 3034 3145 3087 aio
3184 3050 3196 3084 :
3236 3032 3553 3101 oportuisse

1955 3127 2176 3196 quidem
2220 3136 2281 3179 ut
2328 3133 2418 3179 tua
2459 3126 2633 3195 pietas
2688 3125 2968 3180 neminem
2997 3125 3243 3189 illorum,
3269 3124 3364 3194 qui
3394 3124 3552 3179 clau-

1955 3220 2171 3274 dicante
2196 3229 2379 3273 mente
2406 3229 2583 3284 erant,
2604 3222 2688 3274 vel
2713 3220 2769 3273 in
2788 3218 3237 3273 communionem
3253 3218 3551 3287 reciperet,

1954 3312 2041 3364 vel
2068 3311 2136 3364 ad
2159 3311 2364 3366 Christi
2391 3312 2739 3365 charitatem.
2778 3311 3171 3367 Verumtamen
3198 3310 3551 3380 negotiorum

1880 3382 1920 3436 (δ
1957 3405 2311 3473 prazsentium
2337 3413 2533 3459 natura
2558 3405 2642 3459 vel
2673 3406 2830 3459 inviti
2855 3404 3229 3475 pertrahimur
3252 3404 3319 3458 ad
3343 3402 3553 3474 agenda

1954 3496 2199 3565 quaedam
2244 3505 2448 3564 printer
2491 3489 2856 3549 intentionem
2917 3505 3161 3549 nostram
3230 3510 3293 3550 ac
3352 3496 3552 3549 volun-

1956 3597 2142 3642 tatem.
2184 3587 2356 3642 Simul
2401 3588 2565 3641 etiam
2614 3588 2780 3643 video
2829 3588 3011 3659 ipsum
3050 3603 3270 3658 quoque
3318 3587 3553 3658 pientis-

1955 3683 2155 3736 simum
2200 3682 2521 3751 episcopum
2557 3682 2826 3736 Joannem
2868 3683 3041 3737 multa
3071 3682 3148 3735 uti
3181 3681 3386 3735 debere
3416 3696 3554 3750 pru-

1955 3774 2163 3837 dentia,
2214 3784 2274 3828 ut
2310 3784 2669 3829 contumaces
2718 3775 2988 3830 lucretur.
3042 3775 3179 3828 Nam
3230 3774 3382 3829 durae
3410 3778 3556 3844 saepe

1914 3854 1931 3895 ί
1956 3868 2271 3921 collisiones
2304 3867 2505 3921 multos
2543 3867 2610 3920 ad
2643 3867 3044 3936 impudentiam
3072 3867 3365 3936 impellunt
3396 3884 3407 3919 :
3436 3880 3549 3920 me-

1958 3960 2175 4029 liusque
2200 3968 2285 4013 est
2307 3959 2505 4013 blande
2523 3962 2706 4028 potius
2728 3959 3002 4014 sustinere
3026 3959 3369 4021 resistentes,
3391 3972 3557 4026 quam

1954 4054 2095 4122 juris
2144 4053 2398 4107 acumine
2440 4053 2748 4107 molestiam
2795 4052 2931 4121 ipsis
2970 4066 3179 4106 creare.
3231 4050 3387 4116 Nam,
3414 4050 3560 4105 sicut

1960 4146 2005 4199 si
2038 4162 2240 4215 corpus
2281 4145 2390 4199 illis
2419 4146 2785 4215 :egrotaverit,
2821 4161 2988 4199 manu
3027 4158 3262 4214 prorsus
3286 4141 3557 4197 tractandi

1959 4237 2142 4292 forent
2166 4255 2177 4289 :
2217 4238 2289 4291 ita
2313 4237 2587 4291 laboranti
2616 4238 2812 4291 animae
2840 4236 3132 4307 prudentia
3164 4235 3399 4305 quadam
3428 4249 3557 4289 suc-

1960 4330 2296 4385 currendum
2324 4337 2429 4393 est,
2470 4330 2697 4383 medelae
2721 4330 2893 4383 instar
2916 4327 3183 4381 adhibita.
3210 4324 3558 4381 Pedetentim

1960 4422 2107 4474 enim
2164 4421 2268 4491 ipsi
2298 4436 2519 4491 quoque
2563 4422 2631 4475 ad
2656 4421 2933 4475 sincerum
2968 4420 3137 4474 animi
3162 4428 3364 4474 statum
3387 4418 3558 4475 deve-

1960 4512 2116 4566 nient
2144 4528 2157 4564 :
2184 4521 2348 4581 atque
2380 4512 2463 4565 ha:
2486 4520 2615 4565 sunt
2646 4508 3041 4579 opitulationes
3058 4509 3559 4579 etgubernationes

1962 4620 2100 4673 quas
2154 4605 2350 4659 beatus
2399 4605 2647 4658 nominat
2689 4603 2892 4658 Paulus
2909 4603 2973 4655 ⁸ο.
3011 4602 3091 4656 Nc
3126 4603 3311 4671 itaque
3336 4610 3559 4672 pertur-

268 4694 505 4771 cictv_ai
544 4692 860 4763 ἀντιλήψεις
885 4696 981 4748 καὶ
1016 4695 1391 4767 κυϐερνήσεις,
1422 4699 1487 4761 ἀς
1517 4698 1544 4750 ὁ
1586 4699 1852 4767 μακάριος

1966 4693 2129 4748 betur
2156 4704 2247 4747 tua
2276 4694 2628 4764 religiositas,
2654 4693 2870 4749 etiamsi
2904 4707 3015 4747 non
3047 4691 3343 4746 admodum
3368 4704 3561 4746 severe

269 4786 525 4857 ὠνόμασε
570 4784 802 4849 Παῦλος.
854 4786 945 4857 Μὴ
973 4788 1326 4858 ταραττέσθω
1354 4790 1533 4843 τοίνυν
1569 4792 1601 4860 ἡ
1650 4790 1715 4861 σὴ
1745 4792 1863 4844 θεο-

273 4877 499 4941 σέϐεια,
536 4876 639 4932 κᾶν
679 4877 755 4948 μὴ
786 4877 907 4931 λίαν
940 4880 1186 4949 ἀκριϐῶς
1218 4880 1564 4951 διοικούμενα
1607 4882 1677 4935 τὰ
1721 4884 1863 4953 πρά-

273 4986 465 5040 γματα
497 4969 693 5043 βλέπῃ,
723 4969 863 5023 κατά
895 4970 986 5023 τὸν
1009 4974 1337 5044 ἐνεστηκότα
1380 4974 1618 5043 μάλιστα
1648 4976 1859 5043 καιρόν.

272 5064 351 5118 οὐ
376 5061 491 5134 γὰρ
516 5061 746 5133 θέλομεν
781 5064 987 5132 τεμεῖν,
1017 5063 1152 5117 ἀλλά
1194 5064 1447 5133 συνάψαι,
1478 5069 1591 5129 τοῖς
1623 5067 1718 5120 τοῦ
1750 5069 1865 5120 Σωο

274 5150 445 5224 τῆρος
498 5151 755 5221 ἑπόμενοι
798 5149 995 5221 λόγοις·
1050 5173 1068 5203 ι
1114 5156 1186 5207 Οὐ
1222 5156 1330 5225 γὰρ
1390 5156 1578 5226 χρείαν
1628 5158 1862 5227 ἔχουσιν,

276 5242 467 5315 φησὶν,
492 5245 542 5296 οί
572 5243 906 5311 ὑγιαίνοντες
934 5246 1139 5317 ἰατροῦ,
1164 5248 1280 5299 ἀλλ’
1303 5249 1352 5301 οἱ
1382 5251 1568 5312 κακῶς
1595 5250 1828 5319 ἔχοντες.
1846 5271 1863 5301 ι

276 5338 340 5391 EI
368 5338 466 5392 καὶ
504 5338 611 5401 ὅτι,
642 5338 763 5391 καθ’
803 5338 839 5392 ἃ
873 5338 1039 5392 πάλιν
1068 5340 1230 5403 αὑτός
1270 5358 1457 5412 φησιν·
1501 5361 1519 5391 ι
1558 5343 1671 5395 Οὐκ
1708 5339 1870 5415 ἦλθον

279 5428 506 5483 καλέσαι
540 5429 810 5499 δικαίους,
839 5429 976 5484 ἀλλά
1007 5431 1368 5502 ἁμαρτωλοὺς
1398 5436 1477 5497 είς
1506 5434 1817 5504 μετάνοιαν.
1849 5456 1867 5487 ο

352 5600 675 5690 ’³Ῥ1ἱ1ψι).
704 5634 743 5684 ι,
776 5620 828 5673 6.
907 5620 951 5651 ³³
979 5620 996 5674 1
1021 5622 1147 5677 Cor.
1184 5638 1279 5682 xu,
1316 5622 1403 5675 28.
1484 5624 1525 5654 ³¹
1554 5624 1691 5678 Luc.
1718 5642 1773 5690 γ,
1802 5624 1887 5679 51.

1963 4788 2183 4858 negotia
2207 4787 2581 4842 administrari
2604 4786 2812 4849 videat,
2837 4785 2941 4839 hoc
2961 4784 3269 4853 praesertim
3288 4790 3557 4853 tempore.

1964 4880 2099 4934 Nam
2150 4878 2297 4933 haud
2346 4888 2630 4949 amputare
2676 4878 2952 4940 volumus,
2988 4874 3083 4928 sed
3108 4873 3389 4943 colligare,
3430 4871 3547 4927 Ser-

1966 4971 2173 5025 vatoris
2193 4970 2380 5025 verbis
2398 4970 2848 5039 obtemperantes
2877 4984 2889 5019 :
2924 4987 2940 5016 ι
2969 4967 3088 5020 Non
3116 4966 3264 5020 enim
3290 4964 3559 5035 indigent,

1966 5064 2169 5131 inquit,
2188 5061 2403 5116 medico
2417 5061 2556 5124 sani,
2571 5060 2666 5113 sed
2686 5059 2826 5112 male
2843 5058 3112 5112 habentes
3130 5057 3192 5109 “.
3209 5076 3225 5106 ι
3252 5055 3561 5124 Siquidem,

1975 5153 2139 5217 sicuti
2174 5153 2318 5206 idem
2365 5166 2558 5206 rursus
2600 5150 2677 5204 ait
2708 5168 2720 5201 :
2766 5168 2784 5198 ‹
2809 5148 2929 5202 Non
2974 5149 3103 5202 veni
3135 5160 3335 5202 vocare
3360 5146 3563 5217 iustos,

1973 5243 2066 5298 sed
2090 5252 2413 5313 peccatores
2445 5243 2511 5296 ad
2536 5238 2917 5311 paenitentiam
2939 5239 3003 5291 θ’.
3020 5258 3036 5288 ι

1970 5624 2013 5656 ³¹
2053 5622 2193 5679 Ibid.
2241 5624 2329 5679 32.

266 5794 277 5807 ’
348 5805 425 5879 (1)
462 5806 543 5862 Ex
572 5806 705 5861 edit.
741 5807 875 5881 Ang.
918 5809 1039 5865 Mai.
1076 5809 1397 5869 Bibliotheca
1439 5828 1571 5867 nova
1611 5810 1860 5891 Patrum,
1904 5820 1939 5863 ι.
1970 5810 2034 5875 11,
2077 5811 2264 5868 Romae
2296 5813 2455 5879 1811,
2480 5826 2534 5882 p.
2570 5810 2691 5866 108.
