4126 6314
613 374 721 431 $23

1566 370 1571 375 ’
1628 366 1689 421 ε.
1729 363 2002 422 εγειιιιι
2044 359 2516 417 ALEXANDRINI
2558 358 2875 415 ARCHIEP.

2000 674 2334 732 EPISTOLA
2374 674 2508 729 LIX.

969 818 1045 890 (Ι)
1070 832 1277 872 enim
1317 831 1386 870 an
1413 827 1746 868 ulsrouuu
1776 826 2046 866 nisurum
2078 825 2148 863 ετ
2182 828 2185 861 ς

2290 824 2488 874 Αιιυις
2528 822 2747 861 εοιιντλ
2775 818 3023 860 nocturn
3045 796 3513 872 momemtoﬂ).

617 953 861 1009 Honente
902 946 1121 1019 Cyrillo,
1172 946 1464 1019 imperator
1504 941 1819 1019 Theodosius
1861 941 2474 1019 Aris_totaum_miserat_,
2513 941 2626 1010 qui,
2660 935 3233 1019 ξαιαὶωκοήθηξοιεῇ

3260 948 3575 1006 peragrans,
3593 937 3879 1003 ipsamque

684 1006 969 1078 Joannem"
985 1006 1314 1077 conveniens,
1344 1020 1555 1068 cunctos
1588 1012 1657 1066 ad
1684 1022 1915 1067 statutas
1938 1012 2064 1065 olim
2089 1011 2235 1081 pacis
2258 1006 2591 1081 conditiones
2619 1011 2872 1080 adigeret.
2908 1008 3063 1081 Hunc
3080 1006 3316 1079 Cyrinus
3339 1010 3511 1058 monet
3532 1018 3639 1081 qua
3667 1006 3880 1057 ratione

683 1074 909 1163 ὶρἰεορί
952 1090 1200 1158 dogmata
1238 1074 1468 1163 Nestor-ii
1495 1082 1811 1154 singillatim
1834 1074 2117 1145 damnare,
2156 1081 2518 1151 synodumqne
2546 1074 2871 1151 Ephesium
2902 1074 3190 1149 legitimam
3221 1087 3502 1147 agnoscere
3530 1074 3773 1137 debeant.
3814 1081 3879 1127 ιιι

685 1156 867 1217 omnis
884 1156 1212 1213 “monetur
1232 1156 1456 1226 suspicio

685 1294 948 1349 Dominus
972 1308 1129 1347 meus
1176 1288 1627 1359 religiosissimus
1648 1287 1941 1358 episcopus
1964 1279 2193 1336 Beroui-
2224 1285 2268 1339 Α
2299 1278 2716 1332 inhumanatum
2743 1287 2800 1332 et
2828 1277 3192 1340 incarnatum,
3229 1292 3341 1332 non
3368 1278 3424 1332 in
3450 1277 3590 1332 duos
3610 1275 3754 1331 ﬁlios
3777 1274 3879 1330 in-

614 1388 804 1444 cianus
834 1386 1053 1455 scripsit
1076 1384 1145 1439 ad
1167 1399 1254 1438 me
1284 1383 1429 1453 quod
1455 1385 1604 1453 pium
1628 1381 1909 1435 decretum
1930 1377 2042 1431 Deo
2060 1372 2197 1429 ami-

611 1494 802 1535 corum
840 1478 1153 1548 principum
1208 1485 1314 1530 tuae
1351 1473 1765 1529 admirabilitati
1808 1471 1881 1526 sit
1909 1469 2192 1531 traditum,

611 1589 706 1643 per
753 1570 899 1641 quod
950 1569 1270 1640 przecipitur
1301 1576 1361 1622 ut
1390 1568 1631 1622 universi
1657 1563 2056 1635 religiosissimi
2071 1560 2194 1631 epi-

610 1663 760 1731 scopi
786 1660 1029 1715 Orientis
1056 1657 1586 1712 anathematizarent
1610 1655 1837 1725 impium
1858 1654 2191 1717 Nestorium,

608 1763 666 1807 et
688 1768 880 1807 omnes
912 1752 1029 1821 ejus
1074 1758 1265 1803 contra
1296 1748 1577 1803 Christum
1607 1746 1979 1817 blasphemias
2010 1744 2195 1799 dicere

610 1843 982 1898 Simonianam
1011 1838 1107 1893 seu
1137 1838 1517 1893 Ncstorianam
1554 1837 1826 1891 haeresim.
1866 1835 1980 1889 Hoc
2007 1842 2110 1897 est,
2137 1844 2196 1888 ut

608 1932 867 1995 arbitror,
913 1938 968 1985 et
995 1929 1142 1983 aliud
1169 1930 1329 1983 nihil.
1362 1928 1701 1999 Signiﬁcavit
1726 1939 1909 1989 autem
1939 1928 2066 1997 quia
2096 1944 2193 1997 pa-

608 2028 711 2079 rati
760 2025 872 2079 sint
917 2023 1161 2091 universi
1205 2023 1601 2077 aestimationes
1632 2022 1717 2075 vel
1754 2022 2045 2091 opiniones
2067 2036 2194 2075 snas

605 2132 638 2171 a
685 2117 778 2171 tali
829 2115 1144 2186 suspicione
1187 2114 1445 2179 liberare,
1490 2131 1557 2170 eo
1596 2115 1743 2185 quod
1787 2116 1899 2169 sint
1933 2114 2193 2168 omnibus

606 2206 784 2261 modis
807 2208 966 2261 liberi
999 2208 1067 2261 ab
1106 2208 1255 2261 illius
1290 2208 1665 2277 blasphemiis.
1703 2208 1835 2277 Ego,
1860 2223 2047 2278 pacem
2072 2223 2192 2276 qua:

605 2315 707 2369 per
742 2298 1027 2354 Christum
1066 2300 1305 2370 praestita
1329 2308 1414 2352 est
1442 2299 1702 2359 Ecclesiis
1732 2298 1948 2353 ﬁrmare
1979 2298 2188 2361 volens,

604 2406 706 2445 oro
728 2390 950 2460 quidem
982 2402 1039 2447 ut
1063 2390 1246 2445 cuncti
1292 2391 1433 2444 hanc
1457 2391 1697 2445 habeant
1722 2391 2107 2454 intentionem,
2134 2401 2193 2445 et

605 2497 636 2536 a
666 2482 903 2537 Nestorii
931 2498 1128 2535 vocum
1153 2483 1493 2536 novitatibus
1513 2482 1626 2536 sint
1650 2482 1860 2535 mundi.
1897 2480 2035 2547 Quia
2059 2498 2192 2536 vero

604 2574 797 2630 dicunt
818 2576 964 2645 quod
984 2576 1119 2629 nihil
1147 2575 1382 2644 amplius
1410 2586 1671 2643 expetere
1702 2575 2000 2629 debeamus
2022 2588 2188 2643 super

2296 1369 2615 1435 cidendum,
2639 1369 2735 1424 sed
2758 1369 3012 1424 eumdem
3033 1385 3105 1424 ex
3124 1369 3235 1423 Deo
3257 1368 3610 1424 ineﬂ‘abiliter
3626 1368 3879 1439 genitum

2297 1472 2425 1516 ante
2457 1477 2619 1516 omne
2650 1469 2889 1531 tempus,
2919 1470 2976 1515 et
3001 1461 3059 1515 in
3092 1461 3299 1516 ultimis
3321 1461 3506 1516 saeculi
3533 1460 3881 1529 temporibus

2295 1554 2549 1608 eumdem
2580 1552 2882 1607 secundum
2906 1568 3126 1607 carnem
3148 1570 3215 1607 ex
3239 1553 3492 1617 muliere,
3514 1552 3589 1606 ita
3607 1562 3669 1606 ut
3686 1561 3744 1607 et
3766 1567 3884 1607 una

2296 1645 2416 1714 ejus
2460 1660 2693 1715 persona
2726 1645 2817 1699 sit.
2875 1643 2968 1699 Sic
2988 1646 3139 1698 enim
3178 1645 3277 1700 Dei
3314 1645 3635 1716 genitricem
3667 1644 3880 1698 intelli-

2295 1738 2475 1807 gimus
2498 1737 3118 1807 sanctamVirginem,eo
3130 1737 3277 1805 quod
3298 1738 3372 1792 sit
3391 1737 3534 1791 idem
3550 1736 3690 1791 Deus
3708 1736 3883 1791 simul

2295 1842 2459 1903 atque
2484 1833 2670 1897 homo,
2717 1834 2919 1904 quippe
2957 1834 3051 1902 qui
3076 1834 3571 1889 inconvertibiliter
3595 1846 3652 1889 et
3678 1835 3882 1889 incon-

2293 1925 2415 1980 fuse
2439 1928 2758 1982 incarnatus
2787 1939 2843 1982 et
2874 1927 3265 1983 inhumanatus
3288 1936 3375 1983 est
3397 1928 3734 1999 unigenitus,
3755 1945 3885 1985 esse

2293 2034 2428 2073 vero
2478 2035 2606 2073 eum
2647 2020 2963 2089 passibilem
2992 2022 3218 2093 quidem
3268 2021 3626 2077 humanitatis
3650 2030 3882 2087 natura,

2293 2113 2406 2182 pati
2439 2129 2568 2168 vero
2615 2130 2741 2168 eum
2794 2115 3132 2186 impossibile
3178 2125 3373 2172 natura
3397 2117 3724 2180 divinitatis,
3761 2118 3883 2188 pati

2291 2218 2419 2258 eum
2449 2206 2670 2275 propria
2695 2221 2857 2260 carne
2882 2209 3185 2262 secundum
3213 2209 3549 2279 Scripturas.
3586 2209 3683 2263 His
3714 2225 3882 2263 nam-

2292 2313 2401 2367 que
2414 2300 2723 2369 conjunctis
2739 2301 3073 2356 anathemati
3091 2302 3355 2357 adversus
3366 2302 3679 2358 Nestorium
3694 2304 3883 2358 omnis

2291 2390 2359 2445 de
2395 2402 2614 2456 caatero,
2668 2403 2728 2446 ut
2770 2402 2953 2448 tamen
3002 2395 3264 2460 arbitror,
3311 2396 3532 2451 vacabit
3579 2396 3879 2460 incusatio,

2288 2492 2344 2536 et
2387 2484 2591 2538 munda
2649 2486 2755 2539 erit
2806 2488 3143 2541 conscientia
3188 2488 3496 2552 hominum,
3560 2498 3621 2543 ut
3666 2504 3768 2543 nec
3814 2488 3881 2542 hi

2289 2575 2383 2644 qui
2439 2592 2539 2645 per
2588 2577 2841 2632 civitates
2891 2588 3022 2633 sunt
3067 2580 3257 2649 populi
3307 2581 3608 2651 conﬂigant
3642 2581 3885 2636 ulterius

604 2682 669 2721 ea
712 2682 833 2737 quae
878 2667 1191 2736 imperiales
1228 2675 1283 2719 et
1322 2668 1425 2735 pia:
1456 2668 1648 2721 littera:
1670 2667 1973 2728 continent,
2004 2672 2059 2719 et
2086 2665 2191 2719 hoc
2223 2657 2263 2710 Β
2290 2675 2483 2721 contra
2509 2683 2587 2732 se,
2622 2669 2707 2722 vel
2736 2670 2962 2725 omnino
2986 2672 3364 2726 scandalizans
3391 2673 3601 2742 aliquid
3622 2673 3678 2726 in
3698 2673 3883 2743 magi-

603 2766 804 2828 pctunt
823 2774 853 2813 a
878 2768 970 2812 tua
995 2759 1221 2819 virtute,
1254 2757 1501 2827 dignare,
1534 2758 1779 2811 omnium
1807 2757 2049 2826 juvando
2071 2756 2192 2825 opi-

603 2849 848 2914 nionem,
885 2863 1194 2919 praaparare
1229 2847 1353 2901 illos
1387 2846 1853 2901 anathematizare
1877 2846 2193 2900 Nestorium

601 2950 659 2996 et
701 2941 907 3011 polluta
930 2941 1051 3011 ejus
1077 2939 1351 3009 dogmata,
1390 2954 1631 3007 eumque
1664 2937 1871 2991 habere
1894 2936 2191 3008 dejectum,

604 3035 897 3088 credentes
915 3047 1083 3086 unum
1109 3045 1232 3085 esse
1251 3030 1545 3085 Dominum
1566 3030 1811 3085 nostrum
1832 3030 2019 3084 Jesum
2037 3030 2197 3085 Chri-

599 3132 749 3183 stum
795 3123 993 3181 Filium
1020 3123 1139 3188 Dei,
1186 3124 1376 3193 utique
1406 3122 1751 3193 unigenitum
1791 3123 1911 3192 ejus
1942 3122 2181 3176 Verbum

2292 2757 2453 2822 stris,
2501 2758 2826 2816 conﬁtentes
2871 2762 3019 2831 quod
3064 2765 3248 2818 cuncti
3290 2774 3578 2820 teneamus
3623 2766 3677 2820 in
3712 2765 3884 2820 nobis

2295 2856 2503 2902 rectam
2550 2860 2611 2905 et
2650 2850 3074 2909 inaccusabilem
3121 2856 3303 2910 ﬁdem.
3358 2856 3654 2912 Haecenim
3678 2858 3881 2927 scripsi

2294 2939 2520 2995 domino
2567 2958 2690 2997 meo
2738 2946 2997 3016 episcopo
3038 2947 3417 3003 Beroniciano.
3470 2949 3720 3003 Arbitror
3741 2964 3883 3004 vero

2294 3033 2441 3101 quod
2477 3033 2547 3088 ad
2574 3034 2720 3089 idem
2748 3038 3007 3107 reSpiciat
3031 3040 3209 3095 virtus
3249 3040 3595 3110 imperalium
3618 3041 3883 3097 decreto-

2292 3139 2437 3190 rum,
2461 3135 2518 3179 et
2543 3126 2679 3181 nihil
2713 3129 2799 3183 his
2824 3146 2945 3199 qua:
2968 3140 3240 3203 praecepta
3263 3141 3391 3187 sunt
3416 3133 3797 3204 adjecerimus.

1942 3437 2118 3508 ωε
2158 3438 2492 3496 EPISTULA
2530 3442 2641 3497 LX.

2054 3596 2119 3633 AD
2152 3596 2367 3634 πιῖιιηῑκ
2402 3582 2496 3647 (5).

577 3703 876 3779 Ὠκενὶιαν,
915 3704 1053 3757 inter
1076 3703 1373 3760 Orientales
1403 3708 1687 3783 nonnullos
1732 3715 1946 3783 nonnisi
1977 3716 2129 3767 verba
2167 3723 2318 3769 tenus
2358 3725 2568 3770 tantum
2606 3715 2908 3771 Nestorium
2939 3720 3415 3783 anathematizare,
3456 3739 3475 3770 ‹
3508 3719 3722 3775 Audeat
3746 3737 3878 3777 vero

954 3791 1134 3829 rursus
1164 3792 1228 3831 ea
1257 3787 1307 3829 et
1328 3794 1516 3849 sapere
1538 3788 1586 3831 et
1617 3778 1759 3850 loqui
1783 3799 1900 3852 qua:
1926 3785 2038 3853 ejus
2062 3796 2200 3838 sunt.
2234 3805 2251 3836 ι
2291 3786 2521 3841 Nestorii
2555 3788 2851 3841 doctrinam
2881 3789 3243 3858 compendiose
3276 3778 3511 3861 exponit.

670 3919 885 3975 Pinarum
905 3920 1247 3973 sanctionum
1266 3936 1387 3989 qua:
1404 3936 1580 3990 nuper
1608 3920 1674 3975 ad
1702 3921 2182 3981 admirabilitatem
2216 3933 2257 3987 (ζ
2293 3943 2441 3991 rum,
2489 3943 2629 3997 quos
2662 3936 2719 3982 et
2756 3928 3039 3997 contingat
3082 3927 3417 3998 magniﬁcari
3456 3940 3647 3985 contra
3684 3930 3879 3987 hostes

602 4020 749 4066 tuam
772 4020 901 4065 sunt
939 4013 1275 4066 transmissae
1294 4014 1553 4068 virtutem
1583 4014 1973 4071 addidicerunt
1996 4032 2189 4072 omnes

598 4111 709 4154 tam
737 4103 831 4172 qui
858 4112 987 4157 sunt
1016 4103 1072 4157 in
1104 4120 1295 4175 magna
1324 4105 1650 4159 Alexandria
1689 4107 1878 4161 zeloue
1905 4123 2067 4177 quam
2091 4108 2185 4177 qui

598 4208 697 4263 per
712 4192 1020 4247 universam
1040 4209 1259 4265 quoque
1271 4194 1560 4265 {Egyptum
1576 4197 1960 4268 episcoporum
1972 4201 2187 4271 religio-

597 4282 821 4345 sissimi,
854 4291 908 4336 et
928 4299 1121 4337 rursus
1147 4285 1427 4339 orationes
1455 4301 1554 4354 pro
1584 4287 1743 4342 donis
1772 4291 2074 4347 obtulimus
2101 4292 2185 4345 in-

599 4372 935 4428 tentissimas
976 4374 1088 4428 Deo
1124 4374 1191 4429 de
1216 4376 1447 4430 victoria
1478 4384 1534 4429 et
1566 4382 1951 4447 permansione
1974 4384 2184 4437 amico-

598 4481 719 4518 rum
747 4466 951 4520 Christi
971 4475 1026 4520 et
1053 4468 1590 4537 religiosissimorum
1619 4474 1929 4543 principum
1955 4487 2173 4531 nostro-

670 4622 1489 4703 (Ι).Λῌχηδῖηοό-ἰ-οοηεξίινετε.
1550 4632 1872 4702 tragoediam
1953 4636 2176 4703 Irenzei,

596 4693 716 4763 cap.
741 4694 857 4747 194.
888 4693 1079 4757 Mansi,
1116 4695 1179 4759 V,
1206 4696 1328 4749 969.

670 4762 1129 4841 (gr-Beroniciano
1160 4782 1242 4836 ep.
1286 4766 1429 4837 Tyri,
1466 4772 1520 4823 in
1551 4773 1831 4841 provincia
1861 4775 2174 4833 Phoenicia.

594 4834 823 4916 Diiilcile
849 4843 933 4916 est
954 4834 1568 4916 deﬁnire'tem'pus-quo
1601 4843 1783 4916 illead
1802 4846 2177 4916 episcopatum

594 4913 823 4981 vocatus
847 4913 932 4957 est
963 4904 1121 4981 istius
1144 4904 1401 4981 civitatis.
1434 4904 1620 4981 Lupus
1636 4904 1937 4969 arbitra-tur
1957 4904 2177 4973 succes-

592 4974 975 5054 sisseircnaio,
1008 4975 1156 5054 hunc
1182 4992 1309 5032 vero
1332 4980 1493 5054 Cyrg,
1516 4974 1685 5054 quem
1708 4984 1941 5040 miratur
1977 4989 2170 5043 nullihi

592 5046 866 5120 nominari
902 5046 954 5098 in
986 5046 1157 5120 gestis
1182 5046 1392 5117 synodi'
1430 5046 1734 5120 Eph—esinae.
1789 5056 1857 5109 Et
1894 5067 2074 5113 tamen
2114 5061 2169 5114 in

593 5115 850 5197 mandato
872 5117 1018 5197 quod
1039 5115 1348 5197 Orientales
1371 5115 1568 5197 Ephesi
1593 5126 1877 5197 constituti
1899 5128 2173 5184 dederunt

593 5185 783 5262 legatis
822 5185 935 5262 suis
961 5185 1485 5262 Constantinopolim
1531 5194 2025 5262 proﬁciscentibus,
2061 5201 2174 5254 Ma-

594 5256 778 5309 carius
814 5257 1103 5325 episcopns
1135 5256 1488 5316 Laodicensis
1521 5256 1726 5317 dicitur
1751 5266 1931 5321 facere
1961 5256 2172 5323 sermo-
2208 5262 2251 5315 Ι)

595 5340 734 5409 δείξαι
771 5342 901 5409 pro“
943 5326 1081 5407 Cyro
1149 5330 1407 5409 episcopo
1439 5333 1760 5409 _Tyriorum
1827 5341 2168 5409 metropolis.

596 5395 675 5475 Et.
703 5394 957 5479 Synpdici
991 5394 1115 5479 cap.
1252 5394 1407 5479 etjﬂ
1438 5394 1580 5479 inter
1615 5407 1857 5475 reliquos
1886 5394 2173 5479 episcopos

595 5466 901 5549 prientales
946 5468 1243 5549 subscribit
1285 5470 1459 5542 Cyrus
1497 5466 1975 5549 cpiscopus'l‘yri.
2027 5466 2166 5535 Hhic

596 5537 780 5616 igitur
806 5537 1179 5616 defunctouait
1213 5537 1398 5612 Lupus
1428 5537 1755 5616 successisse
1794 5537 2075 5609 Irenaeum.
2112 5561 2169 5606 et

594 5606 817 5687 quidem
846 5623 990 5691 anno
1014 5608 1136 5691 432,
1164 5606 1655 5691 post_'_terminatam
1693 5620 1956 5688 synodum
1991 5606 2171 5691 Ephe-

590 5676 988 5764 s‘inam_;i_quod
1019 5676 1178 5734 recte
1200 5683 1538 5764 colligeresc
1560 5677 1816 5764 putatex
1841 5676 2073 5764 cpistol'a
2102 5693 2171 5764 42

593 5746 877 5829 §yno‘dici,
930 5765 1093 5818 quam
1153 5746 1387 5808 credidit
1434 5756 1502 5809 ah
1560 5746 1765 5829 l'renzco
1813 5746 2069 5829 scriptam
2102 5746 2169 5817 ad

588 5816 987 5874 Chndidianuin
1025 5837 1037 5885 ;
1079 5836 1203 5875 cum
1254 5832 1441 5880 centra
1475 5826 1678 5897 scripta
1712 5830 1782 5883 sit
1834 5848 1863 5885 a
1916 5816 2171 5889 'i‘hebdo-

2287 4029 2345 4073 et
2361 4020 2707 4075 corroborari
2721 4019 2983 4074 adversus
3001 4033 3217 4073 omnem
3234 4019 3607 4075 resistentium
3623 4037 3870 4089 manum,

2290 4123 2351 4167 ut
2376 4115 2551 4168 simus
2577 4112 2839 4167 onmesin
2864 4126 2997 4182 pace
3034 4120 3197 4181 atque
3229 4111 3433 4167 ltetitia.
3463 4114 3561 4167 Est
3581 4130 3710 4171 vero
3729 4117 3783 4171 id
3813 4128 3875 4173 et

2290 4215 2396 4262 tua:
2440 4202 2877 4260 admirabilitatis
2910 4201 3092 4257 studio
3132 4202 3376 4274 dignum.
3422 4205 3678 4275 Oportnit
3718 4210 3869 4264 enim

2288 4304 2350 4349 ut
2388 4296 2508 4360 tibi,
2546 4297 2640 4366 qui
2677 4295 2804 4349 talis
2844 4308 2924 4356 es,
2962 4300 3018 4347 et
3053 4292 3148 4362 qui
3179 4295 3415 4349 multum
3449 4297 3691 4354 intendis
3720 4300 3870 4369 quod

2284 4390 2435 4458 pium
2462 4398 2566 4453 est,
2602 4400 2658 4445 et
2688 4392 2857 4448 habes
2884 4393 3157 4449 fervidum
3183 4390 3383 4457 zelum,
3411 4393 3539 4449 dico
3560 4406 3744 4451 autem
3766 4408 3871 4464 pro

2285 4481 2487 4549 pietate
2520 4494 2575 4538 et
2613 4484 2962 4540 immaculata
3002 4486 3130 4551 ﬁde,
3170 4486 3611 4542 committeretur
3644 4496 3703 4541 et
3738 4488 3865 4541 hoc.

2280 4648 2418 4703 reto,
2452 4642 2617 4697 missa
2640 4644 2709 4697 ab
2737 4645 2964 4699 irenaao.
2994 4645 3197 4699 Verum
3220 4660 3344 4700 cum
3366 4645 3621 4699 exsilium
3646 4644 3864 4711 lrenzei,

2278 4726 2389 4779 quo
2414 4728 2521 4766 una
2562 4729 2687 4784 cum
2722 4715 2916 4769 Photio
2948 4716 3220 4784 relegatus
3240 4725 3324 4770 est
3350 4716 3405 4769 in
3436 4715 3647 4778 Petras,
3674 4715 3866 4771 videa-

2279 4792 2370 4855 tur
2426 4783 2719 4853 contigisse
2771 4800 2916 4840 anno
2970 4783 3096 4849 436’,
3142 4787 3269 4855 quia
3312 4785 3525 4841 sanetio
3566 4786 3868 4855 imperialis

2279 4852 2459 4927 missa
2477 4862 2567 4927 cst
2586 4852 2654 4909 ad
2682 4855 2973 4919 Isidorum,
3009 4872 3120 4927 non
3147 4852 3384 4911 absurda
3413 4852 3729 4927 conjectura
3753 4858 3866 4912 erit

2278 4922 2324 4997 si
2369 4923 2959 4997 quis_Beronicianum
3004 4926 3143 4997 Cyro
3169 4922 3862 4997 successisse'suspicetur,

2278 4992 2640 5050 Beroniciano
2685 4996 2969 5051 lremeum.
3014 4992 3149 5051 Nam
3192 4992 3864 5053 Beronicianum’lrenteo

2280 5066 2678 5137 nonpotuisse
2725 5067 3023 5121 succedere
3066 5067 3195 5123 hinc
3225 5068 3513 5122 manifeste
3560 5067 3861 5137 colligitur,

2281 5133 2426 5202 quod
2460 5135 2693 5208 lrenazns
2715 5138 3033 5207 episcopatu
3067 5138 3231 5208 Tyrio
3253 5139 3443 5208 pulsus
3475 5146 3560 5191 est
3592 5133 3735 5191 anno
3757 5138 3863 5192 448

2283 5208 2548 5278 rescripto
2598 5207 2925 5278 Theodosii
2944 5207 3229 5278 imperat.,
3256 5207 3430 5278 quod
3451 5208 3660 5262 editum
3691 5217 3777 5261 est
3807 5208 3860 5262 in

2278 5283 2427 5348 tomo
2473 5276 2847 5333 Conciliorum
2890 5276 3080 5348 (Mansi
3110 5280 3176 5348 ν)
3209 5287 3265 5332 et
3291 5276 3536 5348 dejectus
3560 5279 3614 5330 in
3643 5278 3859 5348 praeda-

2272 5345 2411 5420 toria
2461 5348 2670 5420 synodo
2721 5345 3017 5420 Ephesius,
3075 5345 3460 5420 ut'Evagrius
3499 5345 3861 5420 scholasticus

2273 5416 2440 5469 tradit
2479 5416 2574 5471 lib.
2628 5436 2663 5482 ι,
2711 5416 2833 5487 cap.
2882 5418 2964 5471 10.
3010 5420 3073 5474 Ei
3102 5416 3433 5475 successisse
3465 5418 3722 5473 Photium
3754 5417 3858 5473 do-

2265 5496 2390 5559 cent
2410 5488 2539 5543 Acta
2563 5489 2752 5559 synodi
2779 5489 3089 5559 Berytensis
3112 5490 3311 5545 habita:
3332 5489 3587 5545 Kalendis
3610 5488 3864 5557 Septem«

2268 5506 2390 5539 cent
2410 5506 2539 5543 aeta
2563 5506 2587 5543 s
2610 5506 2752 5543 ἠοω
2779 5506 3089 5559 berytenSIs
3113 5506 3311 5545 namus
3332 5506 3587 5545 natenuts
3611 5506 3862 5557 neptems

2268 5557 2384 5611 bris
2415 5559 2472 5612 P.
2492 5560 2552 5614 C.
2582 5506 2818 5614 Ξεηοιιίε
2844 5569 2899 5613 et
2922 5560 3325 5625 Posthumiani,
3349 5558 3622 5615 relectain
3640 5559 3862 5615 actione

2267 5626 2477 5682 decima
2513 5631 2733 5685 concilii
2763 5630 3248 5686 Chalcedonensis.
3280 5632 3473 5686 Bth.

2270 5699 2414 5822 99:?
2465 5701 2543 5755 Ex
2587 5700 2781 5757 eodem
2838 5700 3131 5772 Synodico,
3196 5718 3314 5772 cap.
3365 5701 3489 5756 209.
3553 5698 3746 5767 Mansi,
3793 5700 3858 5766 γ,
