4126 6314
233 355 328 410 εἱξῦ

1580 357 1925 417 EPISTOLA
1964 357 2097 416 LXI.

3399 366 3506 421 59.5

233 474 295 529 Et
321 473 545 529 orabam
573 473 802 543 quidem
841 484 902 529 ut
934 484 1128 530 amnes
1146 490 1245 545 per
1278 471 1563 530 Orientem
1590 478 1808 548 religio-
1836 481 1881 537 Α
1914 479 2152 532 rentiam
2176 476 2338 539 ﬁlios,
2370 475 2468 529 sed
2496 475 2552 530 in
2576 492 2746 531 unum
2770 476 3078 543 Christum,
3109 479 3164 534 id
3185 490 3290 543 est,
3316 479 3511 554 unige-

232 565 423 619 sissimi
460 566 714 636 episcopi
760 582 866 622 nec
892 567 1136 637 suspecti
1170 582 1202 619 a
1233 566 1505 637 principio
1532 567 1811 623 ullatenus
1910 571 2093 625 nilum
2131 570 2229 624 Dei
2264 568 2510 624 Verbum
2549 570 2972 625 inbumanatum
3019 580 3076 625 et
3107 571 3503 634 incarnatum;

232 659 419 714 tierent
443 658 513 713 de
536 659 686 713 malo
708 675 879 715 sensu
901 659 1163 723 Nestorii,
1194 659 1291 714 sed
1316 661 1589 715 sinceram
1613 670 1672 715 et
1695 676 1813 715 om—
1912 674 1977 717 ut
2025 663 2100 717 sit
2143 662 2290 716 idem
2342 663 2461 732 ipse
2493 661 2641 716 Deus
2684 663 2849 717 simul
2891 673 2949 717 et
2970 663 3137 719 homo
3166 682 3181 720 :
3207 672 3267 719 ut
3295 680 3363 719 ex
3395 664 3510 721 Deo

231 752 282 805 ni
316 751 739 821 inquinamento
779 753 1009 808 liberam
1052 752 1372 822 Opinionem
1413 762 1472 808 et
1511 752 1692 823 ipsum
1716 737 1813 808 cor
1913 754 2138 823 quidem
2170 755 2330 809 Patre
2378 754 2567 824 genito
2611 754 2727 809 Deo
2766 755 2950 821 unico,
3011 772 3080 811 ex
3134 764 3320 810 sancta
3375 770 3511 811 vero

231 841 571 897 habuissent.
613 844 707 900 Sic
744 845 897 900 enim
933 844 1163 899 verbum
1212 845 1466 899 veritatis
1501 855 1651 901 recte
1698 854 1814 899 tra-

231 942 433 988 ctantes
458 934 526 997 ⁸³,
558 949 752 990 curam
774 934 1062 990 decentem
1082 936 1459 1006 probatissimi
1480 937 1811 991 induissent.

232 1023 351 1088 Sed,
384 1033 448 1079 ut
480 1026 728 1090 addisco,
766 1027 1009 1098 linguam
1035 1029 1258 1098 quidem
1276 1028 1561 1093 nonnulli,
1584 1037 1642 1082 et
1667 1027 1817 1097 quod

232 1117 422 1172 attinet
474 1134 649 1189 usque
688 1119 755 1173 ad
792 1134 1126 1184 sermonem,
1163 1119 1629 1174 anathematizauit
1658 1134 1816 1173 vesa-

232 1209 369 1263 niam
409 1210 675 1274 Nestorii,
711 1211 920 1266 audent
955 1228 1085 1266 vero
1129 1228 1322 1268 rursus
1352 1229 1417 1268 ea
1441 1221 1497 1267 et
1540 1226 1736 1282 sapere
1763 1220 1819 1265 et

237 1303 380 1374 loqui
421 1320 551 1375 quae
588 1306 708 1375 ejus
751 1314 901 1359 sunt.
936 1305 1004 1359 Et
1034 1300 1363 1359 incredibile
1396 1302 1621 1374 quidem
1650 1311 1736 1358 est
1772 1303 1819 1357 si

236 1397 339 1452 sint
366 1396 597 1468 quidam
636 1398 774 1452 tales
811 1398 1311 1467 ullatenusfeorum
1350 1397 1445 1467 qui
1486 1396 1667 1451 sortiti
1692 1402 1822 1449 sunt

238 1488 627 1544 sacerdotium.
655 1488 795 1555 Quia
819 1504 953 1544 vero
981 1490 1152 1544 multa
1178 1498 1263 1543 est
1286 1488 1728 1549 consusurratio,
1766 1493 1823 1540 et

235 1595 337 1634 non
359 1579 755 1651 despiciendas,
781 1581 966 1649 imo-et
985 1566 1134 1637 omni
1155 1583 1469 1638 reverentia
1493 1581 1669 1652 dignae
1695 1586 1823 1637 sunt

234 1687 483 1743 personae
539 1672 660 1727 hate
703 1674 1049 1737 testantium,
1101 1673 1361 1743 dignetur
1388 1685 1485 1727 tua
1515 1673 1693 1726 virtus
1732 1687 1823 1727 se-

236 1765 522 1835 metipsam
568 1765 682 1819 Deo
726 1765 1217 1820 commendandam
1252 1778 1386 1820 cura
1422 1764 1706 1819 attentiori
1742 1764 1824 1822 in-

234 1856 477 1922 tendere,
516 1865 581 1911 ut
617 1858 894 1927 praecipue
921 1858 1015 1928 qui
1044 1858 1100 1911 in
1128 1858 1442 1927 suspicione
1475 1864 1605 1910 sunt
1629 1856 1825 1926 hujus-
1863 1867 1901 1917 Β

234 1948 375 2003 modi
390 1949 549 2013 mali,
570 1950 1033 2005 anathematizent
1048 1950 1487 2004 contaminatum
1506 1946 1821 2003 Nestorium

233 2048 451 2110 propter
492 2042 700 2096 multas
731 2041 1103 2111 blasphemias
1133 2043 1272 2111 ejus.
1301 2040 1423 2095 Non
1443 2036 1591 2094 enim
1613 2035 1678 2092 id
1706 2048 1824 2092 tan-

234 2140 342 2187 tum
380 2133 526 2188 dixit
565 2136 695 2204 quia
727 2142 915 2189 sancta
941 2134 1106 2204 Virgo
1126 2150 1238 2187 non
1262 2140 1414 2191 esset
1441 2132 1537 2187 Dei
1562 2129 1819 2202 genitrix,

234 2225 323 2280 sed
344 2234 400 2280 et
424 2227 538 2281 alia
562 2242 731 2297 super
755 2228 872 2282 haec
897 2226 1192 2296 adjiciebat
1215 2224 1490 2281 mendacii
1514 2225 1821 2295 patrocinia

234 2327 414 2371 contra
461 2326 675 2373 rectam
720 2329 775 2374 et
828 2318 1185 2387 apostolicam
1237 2318 1613 2372 traditionem.
1667 2316 1817 2371 Duos

233 2407 370 2462 enim
412 2409 744 2463 nominabat
784 2407 1034 2463 Christos
1077 2408 1241 2471 ﬁlios,
1286 2424 1454 2463 unum
1479 2406 1702 2478 quidem
1726 2421 1815 2461 se-

233 2499 413 2554 motim
441 2516 513 2554 ex
552 2500 667 2554 Deo
710 2501 870 2555 Patre
906 2500 1170 2563 Verbum,
1203 2502 1434 2554 alterum
1460 2514 1593 2553 vero
1612 2508 1820 2567 praeter

232 2605 349 2644 eum
373 2592 656 2656 semotim;
681 2592 837 2647 illum
859 2609 925 2647 ex
952 2594 1161 2648 semine
1190 2592 1382 2654 David,
1413 2601 1469 2645 et
1488 2606 1654 2660 quem
1682 2590 1823 2644 divi-

233 2685 412 2741 nitatis
432 2702 708 2756 organum
734 2687 1078 2749 nominabat,
1118 2696 1174 2742 et
1207 2686 1461 2741 dividens
1499 2685 1729 2755 ubique,
1765 2692 1821 2738 et

230 2776 375 2845 quasi
400 2777 615 2833 oblitus
650 2777 798 2833 beati
823 2779 979 2834 Pauli
1004 2779 1241 2834 dicentis
1263 2797 1331 2845 εγ(
1351 2775 1508 2833 Unus
1528 2777 1816 2841 Dominus,

231 2881 332 2921 una
367 2866 528 2933 ﬁdes,
564 2884 744 2924 unum
777 2869 1049 2939 baptisma
1081 2869 1150 2925 ".
1183 2889 1199 2921 ι
1238 2869 1359 2924 Non
1385 2868 1535 2923 enim
1560 2868 1617 2921 in
1642 2866 1817 2922 Deum

228 2964 281 3010 et
304 2956 584 3014 hominem
618 2958 885 3030 baptizati
922 2975 1132 3025 sumus,
1179 2969 1241 3014 ut
1274 2960 1330 3014 in
1362 2960 1503 3015 duos
1525 2974 1624 3029 per
1648 2957 1816 3013 dill‘e-

1915 847 2139 918 Virgine
2182 847 2378 902 eodem
2419 847 2726 902 secundum
2769 863 3013 902 carnem.
3064 848 3184 902 Non
3220 848 3387 918 igitur
3409 862 3510 917 pa-

1916 938 2087 992 tiatur
2117 937 2518 993 admirabilitas
2548 948 2641 993 tua
2672 955 2771 993 eos
2808 940 2905 1008 qui
2932 940 3038 994 alia
3074 941 3297 1009 sapiunt
3329 949 3386 993 et
3416 953 3512 993 ne-

1916 1030 2215 1100 quidquam
2236 1030 2485 1101 garriunt
2515 1031 2647 1087 illic.
2679 1032 2833 1087 Unus
2880 1040 2965 1087 est
2995 1032 3166 1094 enim,
3198 1032 3342 1086 sicut
3370 1030 3507 1093 dixi,

1916 1119 2078 1175 Iesus
2119 1119 2375 1175 Christus
2406 1121 2692 1186 Dominus,
2717 1130 2774 1175 et
2794 1124 2914 1193 ejus
2937 1138 3045 1177 una
3072 1137 3311 1192 persona
3340 1121 3511 1175 inhu-
3585 1154 3599 1174 ι

1919 1210 2147 1275 manati,
2193 1212 2313 1281 ejus
2345 1212 2441 1281 qui
2465 1220 2662 1265 natura
2697 1221 2755 1266 et
2786 1228 2916 1268 vere
2942 1222 3029 1268 est
3050 1211 3215 1266 ﬁlius.
3242 1210 3512 1266 Eunidem

1918 1318 2055 1359 vero
2093 1303 2336 1358 dicimus
2383 1304 2777 1373 impassibilem
2814 1305 3035 1374 quidem
3060 1319 3182 1359 esse
3206 1302 3512 1357 secundum

1923 1396 2295 1459 divinitatem,
2352 1396 2464 1467 pati
2519 1412 2652 1450 vero
2698 1396 2924 1466 propria
2983 1411 3153 1450 carne
3206 1394 3513 1449 secundum

1924 1484 2259 1556 Scripturas.
2302 1485 2472 1557 Cujus
2497 1487 2646 1540 enim
2672 1486 2958 1555 proprium
2988 1494 3071 1540 est
3101 1500 3323 1555 corpus,
3364 1484 3516 1538 illius

1922 1593 2046 1632 esse
2094 1579 2359 1632 dicuntur
2414 1586 2471 1632 et
2519 1594 2642 1647 quae
2682 1579 2832 1632 carni
2869 1580 2989 1649 ejus
3012 1578 3514 1648 contigeruntpas-

1923 1668 2127 1721 siones.
2195 1668 2555 1737 lmpassibilis
2622 1684 2756 1738 ergo
2812 1668 3118 1724 secundum
3168 1667 3512 1722 divinitatem

1927 1756 2254 1820 subsistens,
2294 1758 2349 1811 in
2376 1759 2602 1827 propria
2631 1775 2795 1818 carne
2820 1759 3052 1829 pertulit
3079 1766 3305 1828 propter
3330 1773 3431 1812 nos
3459 1764 3517 1812 et

1928 1861 2027 1915 pro
2052 1847 2233 1901 nobis.
2288 1846 2379 1901 Sic
2422 1858 2478 1901 et
2515 1848 2771 1902 universa
2803 1849 3086 1913 dicuntur,
3123 1858 3183 1903 ut
3202 1847 3517 1904 viviﬁcante

1925 1938 2039 1992 Deo
2062 1939 2271 1991 unitam
2304 1938 2411 1993 sibi
2439 1955 2664 1994 carnem
2688 1949 2746 1994 et
2769 1940 3046 2009 propriam
3080 1942 3222 2010 ejus,
3253 1947 3310 1993 et
3330 1954 3432 1994 nos
3461 1941 3516 1995 in

1923 2030 2045 2100 ipso
2070 2039 2128 2086 et
2153 2040 2331 2086 morte
2357 2040 2413 2086 et
2446 2032 2801 2102 corruptione
2840 2032 3083 2102 potiores
3105 2030 3429 2086 eﬁiciamur.
3458 2029 3517 2085 Si

1922 2136 2056 2175 vero
2099 2129 2156 2176 et
2198 2123 2665 2177 anathematizant
2710 2122 2936 2191 quidem
2981 2135 3117 2175 voce
3148 2130 3205 2175 et
3228 2121 3435 2191 lingua,
3463 2126 3521 2173 et

1923 2213 2149 2283 sapiunt
2198 2214 2393 2277 altera,
2440 2213 2663 2267 videant
2688 2213 3015 2282 impendens
3038 2212 3142 2266 sibi
3168 2227 3198 2266 a
3227 2212 3341 2265 Deo
3365 2209 3519 2281 peri-

1924 2304 2135 2367 culum,
2165 2313 2221 2358 et
2239 2305 2513 2373 prolatum
2540 2304 2837 2359 terminum
2863 2303 2932 2357 ab
2959 2300 3261 2357 universali
3282 2298 3521 2356 concilio

1924 2396 2075 2467 quod
2114 2397 2171 2451 in
2196 2397 2413 2467 Epheso
2447 2406 2835 2467 congregatum
2861 2405 2965 2451 est.
2998 2393 3257 2450 Deﬁnivit
3289 2393 3438 2448 enim
3460 2400 3522 2446 ut

1926 2487 2023 2555 qui
2072 2502 2138 2541 ea
2177 2502 2301 2556 qua:
2342 2494 2471 2540 sunt
2517 2486 2758 2541 Nestorii
2803 2488 3109 2556 loquuntur
3154 2492 3251 2539 aut
3277 2483 3518 2553 sapiunt,

1922 2578 2039 2632 sive
2099 2579 2346 2649 episcopi
2384 2579 2612 2644 fuerint,
2642 2580 2757 2635 sive
2806 2580 3015 2642 clerici,
3041 2594 3071 2632 a
3095 2577 3409 2634 sacerdotio
3430 2592 3519 2631 re-

1920 2670 2200 2741 pellantur
2228 2688 2242 2736 ;
2274 2687 2341 2724 ne
2368 2670 2556 2725 dicant
2590 2671 2737 2742 quod
2762 2687 2882 2725 eam
2910 2686 3032 2741 quae
3055 2671 3112 2725 in
3135 2670 3354 2740 Epheso
3382 2684 3517 2724 con-

1918 2770 2140 2833 gregata
2171 2771 2254 2817 est
2306 2760 2577 2832 synodum
2606 2763 2895 2827 nesciant;
2935 2770 2994 2815 ut
3019 2777 3131 2816 non
3156 2775 3253 2815 eos
3277 2759 3518 2830 abnege-

1918 2869 2043 2909 mus
2069 2863 2126 2909 et
2147 2870 2270 2919 nos,
2298 2864 2557 2924 tanquam
2585 2854 2898 2909 nescientes
2922 2855 3214 2925 episcopos
3234 2868 3377 2908 esse.

1533 3266 1733 3338 192"
1770 3266 2107 3323 EPISTOLA
2148 3266 2285 3321 LXI.

1314 3425 1533 3464 evan.“
1566 3428 1633 3465 Αι)
1659 3426 1894 3466 ιολιηκειί
1925 3426 2295 3465 Ακτιοειιεκυη
2328 3410 2426 3484 (1).

232 3568 464 3639 Epistula
496 3567 694 3640 Cyrilli
750 3570 820 3624 ad
846 3569 1111 3626 Joannem
1140 3573 1526 3628 Antiochenam
1548 3615 1561 3637 ,
1647 3590 1706 3626 er
1740 3590 1903 3643 quam
1942 3583 2201 3629 causatur
2231 3572 2372 3645 quod
2396 3570 2700 3625 Orientales
2732 3568 3278 3622 anathematizassent
3300 3568 3515 3637 quidem

291 3641 597 3695 Nestorium
617 3680 632 3697 .
689 3640 779 3694 sed
804 3643 987 3696 eadem
1018 3659 1135 3697 aure
1168 3653 1217 3696 et
1242 3643 1335 3697 ille
1362 3644 1446 3697 illi
1479 3593 1850 3697 praedicarent.
1886 3642 2101 3697 Format
2125 3655 2306 3697 autem
2339 3652 2387 3697 et
2419 3642 2680 3697 auomoda
2732 3641 2795 3693 de
2821 3648 3009 3694 cwtero
3041 3640 3515 3693 anathematismut

291 3641 597 3715 Nestorium
617 3680 632 3699 ,
689 3640 779 3694 sed
804 3643 987 3696 eadem
1018 3659 1135 3713 qua
1168 3653 1217 3696 et
1242 3643 1335 3698 ille
1362 3644 1446 3698 illi
1476 3659 1587 3715 pra:

298 3714 467 3781 expeti
492 3711 702 3763 debeat.

1645 3640 1850 3698 carent.
1886 3642 2101 3699 Format
2125 3640 2306 3699 autem
2339 3652 2387 3697 et
2419 3642 2680 3711 quomoda
2732 3641 2795 3693 de
2821 3648 3009 3694 cwtero
3041 3640 3524 3693 anathematismus

286 3851 482 3905 Pacem
532 3846 761 3919 quidem
815 3844 1129 3900 desiderare
1183 3861 1461 3901 summum
1502 3847 1709 3902 bonum
1736 3858 1820 3904 est
1847 3856 1890 3912 ο
1924 3847 2303 3903 thematizant.
2366 3843 2579 3899 Dicitur
2606 3855 2866 3911 namque,
2910 3848 2966 3893 et
2996 3837 3102 3891 hoc
3132 3850 3232 3906 pro
3264 3835 3527 3906 veritate,

233 3951 385 4013 atque
410 3941 787 4012 praecipuum.
842 3938 909 3993 Et
938 3947 1195 4007 oportere
1227 3938 1353 3993 dico
1400 3946 1459 3992 ut
1485 3939 1581 4009 qui
1629 3955 1821 4010 sapere

233 4034 439 4091 Christe
498 4032 707 4103 placita
750 4029 962 4093 volunt,
1017 4030 1339 4085 contineant
1385 4030 1533 4086 circa
1569 4031 1676 4086 hoc
1700 4041 1820 4086 stu-

234 4126 373 4182 dium
421 4140 613 4188 suum,
666 4138 775 4177 non
836 4121 1105 4187 remisse,
1158 4121 1254 4175 sed
1297 4120 1534 4178 fortiter.
1585 4122 1819 4177 Verum-

237 4227 411 4278 tamen
455 4233 570 4273 non
598 4215 672 4270 ob
700 4216 841 4269 hanc
864 4230 1089 4269 causam
1117 4214 1325 4284 despici
1349 4224 1571 4284 oportet
1599 4216 1822 4285 pietatis

235 4311 285 4367 in
304 4310 528 4367 Christo
556 4309 846 4363 virtutem.
883 4307 1166 4362 Possimus
1194 4308 1417 4378 quidem
1443 4321 1498 4362 et
1519 4309 1679 4362 aliter
1696 4309 1823 4362 dili-

234 4418 353 4473 gere
378 4418 595 4467 pacem,
634 4410 690 4455 et
721 4400 865 4455 bona
898 4416 1019 4471 quae
1039 4416 1105 4455 ex
1130 4401 1245 4469 ipsa
1275 4408 1405 4455 sunt
1429 4401 1821 4471 obstupescere

234 4496 423 4558 nimis,
458 4494 747 4550 deducere
776 4509 909 4547 vero
935 4493 1003 4547 ad
1034 4493 1279 4547 medium
1331 4508 1443 4546 non
1484 4508 1549 4546 ea
1587 4492 1819 4562 quibus-

236 4603 440 4658 cunque
482 4586 784 4641 roboratur
815 4594 874 4640 et
912 4585 1358 4651 inconcussibilis
1391 4585 1471 4650 ﬁt,
1511 4586 1606 4639 sed
1637 4587 1821 4656 potius

235 4679 315 4735 illa
341 4694 692 4751 quaecunque
717 4694 839 4733 eam
868 4679 1158 4733 revolvunt
1192 4686 1248 4732 et
1270 4687 1552 4741 evertunt,
1587 4690 1644 4735 et
1673 4682 1819 4735 circa

235 4791 345 4829 eam
367 4791 491 4845 qua:
521 4772 831 4843 composita
858 4783 942 4827 est
976 4788 1302 4843 permanere
1324 4789 1434 4828 non
1463 4774 1666 4828 sinant.
1694 4776 1819 4831 Harc

235 4867 405 4921 scribo
425 4866 794 4922 contristatus
807 4864 985 4919 valde.
1014 4865 1284 4919 Dicuntur
1300 4866 1449 4920 enim
1464 4866 1688 4936 quidam
1706 4868 1820 4922 illic

236 4959 770 5031 religiosissimorum
791 4948 1176 5028 episcOporum
1208 4958 1438 5029 impium
1468 4960 1691 5029 quidem
1715 4960 1821 5014 Ne-

235 5054 455 5109 storium
503 5052 975 5109 anathematizare
1027 5059 1084 5106 et
1121 5051 1535 5107 dementissima
1564 5053 1819 5123 dogmata

236 5145 364 5215 ejus,
406 5154 628 5202 tentare
646 5160 781 5199 vero
812 5160 1007 5200 rursus
1038 5146 1196 5214 quasi
1224 5161 1293 5200 ex
1317 5146 1723 5214 permutatione
1754 5162 1819 5200 ea

1926 3940 2028 3996 etsi
2069 3954 2189 3994 esse
2215 3937 2435 3991 videtur
2462 3947 2783 3997 onerosum,
2817 3938 2874 3984 et
2916 3929 3020 3983 hos
3050 3928 3143 3999 qui
3170 3927 3359 3983 nescio
3379 3942 3521 3998 quo-

1925 4032 2089 4088 modo
2119 4047 2184 4087 ea
2219 4046 2340 4100 quae
2370 4026 2615 4082 Nestorii
2662 4023 2813 4095 loqui
2858 4022 3085 4077 audent
3108 4021 3254 4075 clare
3284 4020 3473 4074 dicere
3504 4036 3517 4072 :

1922 4126 2042 4181 Non
2070 4123 2402 4196 prmsumpsi.
2438 4120 2576 4174 Volo
2601 4131 2838 4187 namque
2868 4116 2922 4168 in
2950 4113 3155 4170 talibus
3188 4112 3255 4167 ad
3281 4110 3523 4167 creden-

1924 4220 2053 4273 dum
2084 4216 2273 4271 tardus
2292 4214 2560 4269 exsistere
2583 4227 2683 4282 pro
2702 4207 3086 4279 magnitudine
3110 4204 3259 4260 mali.
3288 4203 3405 4258 Tua
3425 4219 3524 4258 au-

1927 4320 2036 4364 tem
2073 4306 2355 4369 sanctitas,
2394 4304 2439 4359 si
2488 4314 2673 4360 tamen
2720 4300 2949 4356 omnino
2990 4307 3121 4355 sunt
3164 4298 3335 4368 aliqui
3360 4299 3520 4363 tales,

1922 4403 2182 4471 dignetur
2212 4414 2307 4451 eos
2339 4412 2569 4451 monere
2605 4402 2773 4464 atque
2798 4390 3164 4455 confundere,
3188 4389 3525 4444 etsistatsa-

1923 4495 2141 4565 pientes
2164 4507 2360 4547 vocum
2384 4491 2658 4544 novitates
2685 4485 2924 4541 Nestorii
2952 4493 3009 4538 et
3032 4483 3344 4552 loquentes.
3385 4480 3523 4535 Nam

1923 4590 2201 4659 quomodo
2233 4582 2702 4640 anathematizant
2746 4594 2861 4641 eas,
2904 4577 2990 4632 vel
3020 4574 3299 4646 quomodo
3332 4588 3524 4644 pacem

1924 4696 2253 4752 permanere
2269 4677 2612 4737 desiderant,
2634 4678 3005 4743 repugnantes
3029 4669 3102 4731 ei,
3119 4681 3352 4735 eamque
3369 4678 3528 4719 ever-

1926 4782 2103 4829 tentes
2135 4784 2195 4827 ut
2225 4771 2511 4842 iniquam?
2544 4765 2865 4823 Suﬁiciebat
2896 4761 3124 4833 quidem
3167 4759 3222 4812 in
3250 4755 3526 4826 suspectis

1923 4866 2389 4921 anathematizare
2436 4871 2648 4918 tantum
2689 4858 2919 4928 impium
2960 4851 3276 4909 Nestorium
3326 4856 3383 4903 et
3422 4848 3525 4903 do-

1922 4970 2101 5030 gmata
2133 4961 2272 5031 ejus,
2300 4975 2396 5013 seu
2424 4966 2616 5012 contra
2638 4953 2922 5009 Christum
2947 4945 3337 5017 blasphemias.
3373 4942 3523 5009 Quo-

1924 5054 2071 5109 niam
2120 5070 2253 5107 vero
2307 5051 2470 5121 (veri)
2491 5049 2673 5105 simile
2707 5055 2793 5101 est
2827 5043 2975 5115 quod
3006 5040 3271 5095 deludant
3297 5035 3523 5107 quidam

1924 5147 2068 5201 hanc
2095 5162 2232 5210 rem,
2278 5145 2575 5213 dicantque
2604 5159 2617 5193 :
2645 5139 2719 5195 0b
2747 5142 2841 5193 hoc
2869 5136 3063 5207 ejecta;
3089 5140 3161 5185 est
3185 5129 3357 5184 solum
3385 5128 3526 5199 quod

236 5251 345 5305 qua
360 5239 481 5309 ejus
500 5246 640 5293 sunt
658 5252 852 5307 sapere
872 5238 1116 5307 etloqui,
1141 5246 1199 5291 et
1220 5237 1522 5292 dissolvere
1539 5238 1821 5292 conscien—
1855 5204 1896 5257 θ
1929 5236 2025 5292 Dei
2055 5238 2362 5308 genitricem
2388 5237 2607 5291 minime
2632 5234 2910 5305 fateretur,
2938 5236 3007 5291 get
3035 5224 3185 5281 aliud
3206 5222 3358 5286 nihil,
3401 5221 3526 5275 ideo

238 5329 355 5383 tiam
377 5330 614 5387 fratrum
631 5344 735 5400 pro
752 5328 956 5398 quibus
978 5327 1230 5385 Christus
1249 5337 1334 5385 est
1357 5338 1608 5383 mortuus
1651 5329 1821 5384 Miror

236 5430 405 5477 autem
424 5421 734 5493 quomodo,
752 5420 885 5475 dum
908 5420 1020 5475 sint
1041 5422 1341 5492 sapientes,
1361 5421 1530 5476 lateat
1550 5438 1648 5477 eos
1664 5423 1813 5492 quia.

238 5513 277 5566 si
316 5530 434 5585 qum
473 5513 715 5587 ejiciunt
748 5513 1005 5585 dogmata
1049 5513 1291 5582 sapiunt,
1324 5515 1652 5585 semetipsos
1680 5530 1813 5570 ana-

300 5668 342 5701 ”
380 5668 722 5725 Il'Timoth.
748 5684 807 5773 11.,
845 5670 929 5723 l5.
1013 5669 1059 5700 “
1087 5669 1289 5739 Ephes.
1326 5686 1399 5733 tv,
1428 5670 1478 5723 ι.

303 5827 374 5889 ll)
402 5828 482 5885 Ex
511 5827 798 5903 Synodico
817 5825 1061 5893 Cassin.,
1094 5843 1215 5898 cap.
1246 5826 1365 5883 195.
1390 5825 1561 5881 Mansi
1602 5825 1667 5894 ν,
1696 5822 1813 5881 070.

1931 5330 2174 5384 arbitror
2222 5344 2345 5384 esse
2373 5327 2671 5383 dicendum
2705 5324 2967 5395 quoniam
2997 5336 3108 5374 non
3138 5318 3256 5373 haec
3280 5317 3394 5371 sola
3424 5314 3525 5369 de—

1923 5422 2184 5492 jectionis
2214 5422 2317 5475 fuit
2347 5436 2513 5476 causa
2536 5418 2728 5481 dictio,
2754 5416 2849 5484 sed
2872 5415 3036 5469 etiam
3058 5410 3308 5483 plurima:
3332 5417 3525 5462 contra

1926 5516 2182 5588 dogmata
2214 5516 2465 5570 veritatis
2488 5508 2773 5569 elevantes
2796 5509 3072 5565 aculeum.
3108 5504 3336 5574 Oportet
3360 5498 3526 5570 igitur
