4126 6314
612 358 716 413 327

1631 357 1685 411 S.
1726 356 2002 413 CYRILLI
2040 355 2504 413 ALEXANDRINI
2544 351 2860 409 ARCHIEP.

3743 350 3854 407 323

606 467 852 538 proﬁteri
886 468 1015 538 quia
1058 476 1113 522 et
1151 466 1613 521 anathematizant
1644 465 1955 517 Nestorium
1982 482 2035 517 Ct
2060 464 2178 534 pol-
2212 474 2253 525 Α
2283 462 2506 525 habent,
2560 465 2849 518 credentes
2895 480 3061 518 unum
3107 479 3227 519 esse
3272 465 3565 518 Dominum
3596 469 3855 517 nostrum

607 556 725 614 luta
754 559 871 628 ejus
903 566 1065 626 atque
1094 557 1280 610 insana
1314 555 1585 617 deamata,
1627 561 1681 606 et
1718 567 1844 605 eum
1866 552 2177 606 dcuositum

2285 553 2467 608 Jesum
2486 554 2764 609 Christum
2797 555 2990 609 Filium
3019 555 3326 625 Dciutique
3357 554 3719 610 univenitum.

1983 826 2317 881 EPISTOLA
2349 827 2505 880 LXII.

2082 960 2147 997 AD
2180 959 2410 998 EUNDEI.

1646 1057 1901 1128 Ejusdem
1926 1059 2033 1129 fere
2062 1075 2179 1110 cum
2213 1061 2486 1128 superiore
2516 1061 2832 1129 argumenti.

679 1183 917 1237 Litteras
944 1198 973 1234 a
1008 1188 1100 1234 tua
1132 1177 1471 1250 perfectione
1494 1180 1864 1241 transmissas,
1890 1179 2077 1249 plenas
2100 1177 2181 1231 fe-

609 1276 851 1329 stivitate
895 1274 1099 1336 multa,
1155 1274 1320 1326 etiam
1371 1272 1696 1326 suavissime
1753 1288 1900 1325 nunc
1945 1270 2177 1339 suscepi.

608 1366 762 1433 Quod
799 1365 945 1419 enim
987 1365 1215 1427 bonum,
1255 1371 1348 1416 aut
1382 1364 1513 1432 quid
1542 1364 1868 1433 jucundum,
1894 1363 1996 1415 nisi
2028 1361 2183 1414 habi-

608 1470 723 1515 tare
754 1460 952 1513 fratres
982 1459 1039 1512 in
1080 1472 1251 1510 unum
1283 1457 1348 1518 ⁸⁸,
1377 1472 1475 1525 per
1504 1455 1918 1509 unanimitatem
1948 1464 2004 1507 et
2029 1468 2181 1507 eam-

606 1551 732 1607 dem
769 1552 918 1606 circa
958 1549 1237 1604 Christum
1275 1549 1613 1602 voluntatem
1660 1549 1711 1601 in
1747 1546 2013 1619 charitatc
2052 1560 2183 1599 con-

598 1640 823 1711 iunctos
845 1640 912 1693 ad
946 1638 1201 1699 invicem,
1242 1637 1477 1706 diruptis
1500 1654 1530 1691 e
1562 1635 1742 1689 medio
1764 1635 2033 1690 scandalis
2060 1650 2179 1703 qua:

604 1732 796 1786 nescio
850 1731 1086 1799 qualiter
1135 1728 1554 1783 subintroducta
1610 1738 1777 1782 sunt:
1826 1744 1946 1798 quae
2003 1729 2180 1797 gratia

606 1823 906 1880 Salvatoris
936 1837 1037 1892 per
1083 1830 1230 1875 tuam
1265 1822 1611 1875 sanctitatem
1642 1830 1922 1891 perempta
1956 1820 2177 1889 quidem

2282 1186 2473 1231 contra
2512 1180 2800 1233 veritatem
2844 1176 3175 1232 contendere
3211 1176 3493 1243 desinant,
3531 1187 3588 1234 et
3635 1178 3852 1234 addicta

2283 1267 2615 1322 verbositate
2651 1267 2909 1330 Nestorii,
2949 1276 3155 1321 rectum
3180 1277 3235 1321 et
3261 1268 3667 1323 immaculatum
3695 1284 3854 1323 resu-

2282 1367 2434 1411 mant
2468 1356 2594 1411 ﬁdei
2635 1358 2887 1412 verbum.
2927 1359 2991 1413 Et
3030 1358 3085 1413 hi
3124 1358 3345 1427 quidem
3378 1361 3469 1427 qui
3495 1361 3561 1414 ad
3591 1364 3692 1414 hoc
3720 1362 3856 1415 olim

2282 1450 2459 1503 vocati
2492 1458 2639 1514 sunt,
2670 1451 2918 1520 plurima
2954 1450 3110 1505 valde
3146 1465 3267 1515 nos,
3298 1461 3358 1505 ut
3389 1452 3524 1515 dixi,
3558 1451 3855 1509 festivitate

2282 1541 2651 1611 repleverunt.
2676 1542 2776 1595 Det
2793 1559 2923 1597 vero
2944 1545 3187 1599 omnium
3207 1545 3351 1598 Deus
3373 1553 3479 1598 tute
3500 1544 3859 1613 perfectionis

2287 1632 2629 1686 orationibus
2672 1641 2729 1687 et
2772 1633 3175 1699 educationem,
3219 1635 3484 1689 adductos
3514 1634 3581 1688 ad
3603 1649 3860 1688 mansue-

2291 1724 2532 1778 tudinem
2557 1741 2756 1793 capere
2788 1742 2951 1781 nosse
2985 1727 3129 1796 quod
3168 1728 3301 1781 ulile
3342 1739 3442 1781 est.
3482 1726 3536 1781 Si
3570 1742 3701 1781 vero
3733 1727 3861 1795 qui-

2287 1816 2409 1869 dam
2433 1832 2571 1871 saeve
2592 1818 2949 1881 contendunt,
2970 1818 3225 1873 Ecclesiae
3248 1819 3726 1873 mansuetudinem
3745 1834 3859 1873 non

605 1923 735 1969 sunt
772 1915 922 1977 olim,
969 1914 1318 1983 perimentur
1358 1928 1489 1965 vero
1525 1923 1579 1967 et
1616 1914 1670 1966 in
1715 1914 1960 1982 reliquis.
1987 1914 2055 1967 Et
2076 1913 2180 1967 hoc
2216 1934 2256 1988 Β
2286 1909 2623 1978 culpabunt;
2655 1908 2750 1963 sed
2774 1910 3132 1980 sibimetipsis
3157 1912 3300 1980 quod
3329 1911 3540 1979 passuri
3572 1920 3699 1966 sunt
3720 1912 3859 1965 hau—

604 2014 708 2070 est,
744 1994 1183 2075 arbitram-quod
1216 2022 1247 2060 a
1287 1994 1397 2060 Deo
1433 2006 1641 2059 dictum
1673 2015 1754 2059 est
1782 2022 1913 2060 voce
1939 2005 2177 2075 prophe-

604 2098 711 2151 tica
749 2116 761 2151 :
820 2116 837 2147 ι
868 2098 1156 2151 Ambulate
1194 2114 1291 2166 per
1324 2106 1511 2167 portas
1556 2113 1722 2159 meas,
1766 2106 1821 2152 et
1860 2097 2068 2167 lapides
2111 2114 2178 2150 ex

602 2188 707 2243 hac
745 2190 831 2243 via
868 2191 1121 2259 projicite
1164 2190 1230 2242 ³⁸,
1276 2211 1292 2239 ι
1343 2189 1634 2259 Contingat
1687 2190 1850 2259 igitur
1878 2199 1935 2241 ut
1992 2188 2176 2242 cuncti

602 2292 724 2347 qua
773 2280 1003 2333 meliora
1048 2287 1176 2333 sunt
1222 2279 1578 2344 honorantes,
1634 2280 1717 2332 vel
1776 2294 1922 2333 nunc
1956 2278 2174 2332 tandem

2285 2002 2513 2065 rientes,
2554 2019 2585 2056 a
2634 2002 2791 2056 vobis
2840 2003 3103 2057 audient:
3157 2022 3171 2051 ι
3210 2002 3371 2058 Abite
3396 2004 3450 2057 in
3485 2005 3689 2058 lumine
3715 2004 3859 2074 ignis

2284 2094 2454 2147 vestri
2474 2103 2527 2147 et
2553 2093 2768 2147 ﬂamma
2792 2111 2955 2165 quam
2975 2095 3279 2150 arcessistis
3302 2096 3365 2147 ³⁷.
3399 2115 3416 2145 ι
3454 2092 3683 2165 Oportet
3708 2094 3857 2149 enim

2285 2187 2535 2241 distortis
2561 2188 2673 2258 jam
2708 2204 2816 2241 non
2837 2196 3119 2243 mansuete
3147 2202 3499 2241 concurrere.
3732 2196 3735 2199 ‘

858 2510 888 2533 ν
1954 2504 2289 2561 EPISTOLA
2330 2506 2515 2561 LXIII.

2022 2620 2098 2689 (i)
2130 2636 2193 2673 an
2225 2637 2452 2675 ECNDEM.

600 2736 687 2792 Ea:
724 2736 969 2791 Danietis
1004 2738 1293 2808 presbyteri
1325 2736 1497 2795 relatu
1534 2742 1771 2812 queritur
1814 2740 1895 2812 de,
1918 2735 2217 2812 lieodoreti
2253 2740 2533 2793 calumniis
2571 2750 2620 2793 et
2652 2742 2908 2810 infrunilo
2945 2743 3000 2794 in
3035 2755 3153 2795 eum
3186 2743 3382 2805 animo,
3408 2741 3694 2812 suadetque
3714 2758 3857 2795 cont-

1455 2809 1732 2877 pescendos
1760 2810 1979 2863 hominis
2008 2811 2429 2878 impotentissimi
2458 2820 2629 2864 motus
2666 2809 2991 2864 temerarios.

670 2922 784 2995 Ego
819 2923 1041 2993 quidem
1081 2925 1401 2979 abstersisse
1431 2926 1700 2979 maculam
1734 2926 1976 2979 inanium
2004 2942 2175 2980 nova-

601 3028 835 3084 rumque
876 3015 1113 3068 Nestorii
1158 3032 1355 3071 vocum
1393 3033 1501 3072 una
1534 3033 1659 3072 cum
1692 3018 1920 3089 reliquis
1957 3020 2176 3089 religio-

599 3105 835 3160 sissimis
894 3107 1168 3176 episcopis
1232 3112 1610 3165 existimabam
1673 3112 2176 3167 reverentissimum

2373 2926 2514 2996 Ἐγὼ
2547 2930 2644 2997 μὲν
2669 2928 3056 2997 ἀπομάξασθαι
3085 2926 3182 2997 τὴν
3207 2926 3398 2996 κηλίδα
3432 2927 3539 2978 τῶν
3563 2928 3858 2997 Νεστορίου

2286 3021 2657 3088 καινοφωνιῶν
2694 3020 2827 3091 ὁμοῦ
2878 3023 2990 3083 τοῖς
3032 3019 3212 3082 ἄλλοις
3262 3019 3695 3083 θεοσεδεστάτοις
3738 3024 3857 3074 ἑπι-

2291 3114 2511 3174 σκόποις
2562 3114 2823 3165 ὑπενόουν
2886 3113 2978 3165 τὸν
3033 3113 3427 3166 εὑλαϐέστατον
3490 3114 3856 3183 Θεοδώρητον.

600 3197 1031 3252 Theodoretum.
1074 3200 1480 3256 Abblandiebar
1508 3205 1652 3257 enim
1699 3206 1833 3258 mihi
1858 3206 2024 3274 quod.
2056 3221 2177 3259 cum

2285 3207 2575 3277 ,διεκείμην
2606 3206 2714 3276 γὰρ
2742 3208 2822 3259 ὅτι
2853 3207 3145 3275 γεγραφὼς
3177 3207 3355 3271 ἅπαξ,
3385 3208 3477 3259 καὶ
3504 3208 3598 3276 τὴν
3633 3210 3859 3279 εἰρήνην

600 3290 769 3343 semel
806 3290 1154 3359 scripsisset,
1203 3295 1546 3363 amplexatus
1583 3298 1747 3350 etiam
1784 3308 1926 3351 esset
1966 3314 2173 3369 pacem,

601 3383 945 3450 receptisque
976 3384 1216 3437 vicissim
1251 3387 1385 3439 meis
1418 3388 1666 3451 cautelis,
1699 3389 1844 3455 quod
1890 3375 2179 3441 videbatur

602 3472 1001 3543 impedimento
1040 3491 1162 3529 esse
1202 3478 1443 3542 eerctui,
1490 3481 1604 3547 ipse
1650 3496 1867 3549 quoque
1906 3481 2118 3534 tolleret
2148 3497 2176 3533 e

601 3566 804 3620 medio.
860 3566 965 3621 Sed
998 3578 1057 3622 ut
1096 3571 1386 3625 certiorem
1426 3588 1511 3626 me
1550 3573 1679 3627 fecit
1704 3575 2180 3628 reverentissimus

598 3658 889 3728 presbyter
925 3660 1149 3724 Daniel,
1202 3663 1379 3731 pergit
1410 3664 1695 3727 hactenus,
1728 3666 1907 3733 priora
1950 3666 2038 3718 illa
2070 3683 2178 3719 non

601 3750 920 3819 relinquens
945 3770 958 3817 ;
986 3752 1216 3805 inhaeret
1240 3753 1596 3823 blasphcmiis
1628 3755 1773 3807 illius
1800 3773 1811 3806 :
1849 3756 1992 3823 quod
2020 3772 2083 3808 ex
2114 3772 2179 3809 eo

600 3842 802 3911 liqtet,
840 3844 1111 3912 siquidem
1155 3860 1257 3899 nec
1304 3848 1593 3901 anathema
1643 3850 2035 3916 pronuntiavit,
2080 3866 2182 3903 nec

603 3934 728 3989 tulit
777 3937 1129 3993 subscribere
1170 3940 1501 4007 depositioni
1552 3928 1717 3995 illius.
1776 3943 1873 3995 Det
1915 3943 2049 3996 mihi
2099 3943 2183 3996 lo-

601 4024 808 4093 quendi
855 4028 1068 4081 veniam
1118 4030 1381 4084 sanctitas
1417 4041 1526 4094 tua,
1552 4048 1618 4085 ex
1646 4033 1909 4087 charitate
1935 4033 2142 4087 dicenti
2168 4053 2179 4086 :

600 4113 718 4180 Qua
761 4115 829 4169 de
865 4132 1027 4170 causa
1067 4134 1236 4187 usque
1282 4119 1419 4173 adeo
1452 4120 1649 4189 obstipi
1686 4132 1813 4174 sunt
1850 4120 2093 4189 quidam,
2122 4128 2183 4171 ut

601 4222 711 4259 non
746 4207 1128 4262 obsecundent
1167 4210 1479 4264 admirabili
1517 4227 1682 4281 scopo
1716 4222 1819 4266 tua:
1842 4213 2081 4282 pietatis,
2112 4228 2180 4265 ne

602 4300 658 4351 in
694 4300 1053 4354 oecumenicis
1094 4301 1318 4369 quidem
1353 4321 1363 4331 ν
1402 4304 1496 4358 sed
1530 4304 1685 4373 quasi
1712 4305 1913 4359 morosi
1940 4319 2001 4357 ac
2024 4304 2178 4358 fasti-

601 4387 739 4443 diosi
759 4390 1005 4457 quidam,
1046 4391 1192 4460 quod
1240 4392 1373 4461 ipsis
1409 4396 1539 4448 solis
1574 4396 1814 4461 videtur,
1861 4396 2181 4451 sectentur?

602 4479 669 4533 Et
704 4481 750 4534 si
787 4497 907 4550 quae
941 4482 1108 4537 didici
1139 4500 1270 4537 vera
1312 4494 1461 4548 sunt,
1501 4487 1665 4541 debet
1688 4487 2038 4541 stimulorum
2060 4502 2184 4540 san-

2284 3299 2801 3367 κατασπαζόμενος,
2842 3300 3335 3369 ἁντικομισάμενος
3369 3300 3423 3351 δὲ
3465 3301 3556 3352 καὶ
3594 3302 3687 3362 τὰς
3731 3302 3859 3375 παρ’

2286 3388 2419 3458 ἐμοῦ
2443 3393 2792 3459 προσρήσεις,
2824 3390 2882 3442 τὺ
2903 3391 3091 3443 δοκοῦν
3114 3392 3361 3461 ἐμποδὼν
3391 3393 3607 3444 ἑστάναι
3634 3394 3699 3463 τῇ
3724 3410 3836 3460 cup.

2288 3480 2442 3534 ϐάσει
2478 3482 2764 3550 πεποίηται
2796 3484 2888 3536 καὶ
2915 3483 3073 3545 αὐτὸς
3104 3485 3166 3535 ἐκ
3200 3483 3386 3553 μέσον.
3429 3482 3662 3544 Ἀλλ’ὡς
3695 3501 3859 3552 μετα-

2287 3572 2484 3625 δέδωκέ
2520 3590 2609 3642 μοι
2635 3574 2662 3624 ὁ
2703 3572 3102 3635 εὐλαϐέστατος
3130 3574 3497 3644 πρεσϐύτερος
3535 3576 3750 3645 Δανιὴλ,
3779 3579 3858 3637 ei;

2286 3665 2445 3734 δεῦρο
2483 3666 2847 3725 συντείνεται,
2894 3667 2967 3736 μὴ
2996 3665 3345 3737 ἐξιστάμενος
3372 3669 3479 3720 τῶν
3523 3671 3579 3721 ὲν
3620 3672 3816 3739 ἀρχαῖς
3841 3713 3857 3737 .

2289 3758 2472 3824 ἔχεται
2502 3757 2555 3808 δὲ
2591 3758 2699 3809 τῶν
2730 3758 2941 3810 ἐκείνου
2993 3758 3334 3828 δυσφημιῶν,
3377 3763 3471 3813 καὶ
3502 3761 3657 3830 δῆλός
3686 3765 3857 3827 ἐστιν,

2288 3852 2335 3901 εἰ
2370 3852 2503 3917 μήτε
2535 3850 2917 3919 ἀνεθεμάτισε,
2952 3853 3089 3921 μήτε
3123 3852 3230 3922 μὴν
3253 3854 3512 3923 ἠνέσχετο
3543 3855 3858 3926 ὑπογράψαι

2284 3944 2349 4011 τῇ
2387 3941 2701 4011 καθαιρέσει
2730 3943 2915 3995 αὑτοῦ.
2952 3944 3059 3996 Καί
3084 3960 3173 4012 μοι
3212 3944 3348 3997 δότω
3385 3947 3692 4017 παρρησίαν
3722 3950 3755 4017 ἡ
3787 3949 3856 4017 σὴ

2284 4035 2499 4101 ὁσιότης
2542 4034 2601 4098 ἐξ
2640 4036 2856 4105 ἀγάπης
2898 4035 3137 4103 λέγοντι·
3175 4035 3273 4087 Διὰ
3308 4038 3465 4089 ποίαν
3508 4038 3684 4091 αἰτίαν
3716 4038 3860 4092 οὕτω

2286 4125 2621 4195 τραχηλιῶσί
2666 4142 2837 4189 τινες,
2887 4128 2962 4190 ὡς
3013 4129 3087 4197 μὴ
3142 4127 3368 4181 ἕπεσθαι
3541 4130 3858 4201 ἁξιαγάστῳ

2289 4216 2477 4285 σκοπῴ
2508 4220 2605 4286 τῆς
2636 4217 2733 4284 σῆς
2764 4216 3071 4281 Θεοσεὸείας
3097 4259 3111 4282 ,
3158 4218 3289 4288 μηδὲ
3317 4221 3373 4271 ὲν
3408 4222 3520 4281 τοῖς
3553 4222 3859 4291 οἰκουμενι-

2288 4310 2401 4370 κοῖς
2426 4326 2437 4335 ·
2473 4308 2586 4359 ἀλλ’
2623 4304 2733 4362 οἷον
2762 4309 3089 4379 ἁτιμαγέλαι
3129 4312 3272 4373 τινὲς
3297 4353 3311 4376 ,
3338 4312 3398 4363 τὸ
3423 4312 3604 4376 αὐτοῖς
3632 4314 3725 4366 καὶ
3760 4316 3860 4383 μό-

2286 4418 2397 4463 νοις
2420 4402 2609 4455 δοκοῦν
2637 4402 3005 4473 κρατύνουσι;
3037 4406 3129 4457 καὶ
3151 4405 3307 4474 εἴπερ
3339 4405 3508 4465 ἐστὶν,
3546 4404 3689 4477 ἅπερ
3720 4406 3861 4477 ἐμα-

2288 4491 2400 4555 θον,
2427 4492 2621 4563 ἀληθῆ,
2654 4494 2992 4579 ὀφείλειντῶν
3021 4496 3119 4566 τῆς
3150 4496 3249 4566 σῆς
3276 4496 3585 4577 θεοσεὸεῆας
3617 4500 3864 4569 κέντρων

602 4574 810 4628 etitatis
837 4584 941 4629 tua!
964 4577 1403 4645 experimentum
1430 4580 1680 4634 accipere
1704 4590 2035 4635 memoratus
2058 4580 2183 4634 reli-

2288 4587 2486 4654 πεῖραν
2515 4584 2698 4638 λαϐεῖν
2726 4588 2753 4638 ὁ
2784 4574 3176 4656 μνήμονευθεὶς
3218 4574 3637 4652 θεοσεϐέστατος
3661 4591 3823 4660 ἀνὴρ.

602 4666 941 4734 giosissimus
962 4670 1063 4722 vir.

1958 4908 2289 4964 EPISTOLA
2332 4906 2493 4960 LXIV

1173 5013 1248 5085 (ἓ)
1288 5034 1350 5071 AD
1380 5036 1634 5081 nulum,
1666 5038 1918 5085 massam,
1953 5039 2189 5078 ruaussn

2285 5065 2291 5083 .
2327 5039 2692 5078 PRESBYTEROS
2722 5038 2790 5077 Ετ
2826 5034 3285 5075 ARCBIIANDIITAS

676 5121 876 5179 Contra
897 5123 1125 5178 Nestorii
1153 5126 1384 5195 fautores
1409 5133 1654 5187 occultos.
1692 5135 1905 5188 Librum
1929 5134 2004 5187 De
2029 5137 2401 5189 incarnatione
2436 5134 2699 5205 (,‘nigeniti
2731 5134 3047 5186 transmittit
3076 5133 3136 5185 ab
3168 5135 3466 5187 orthodoxi:
3506 5137 3771 5205 egentium

675 5241 941 5311 Egregius
970 5242 1190 5310 quidem
1212 5244 1360 5298 zelus
1380 5247 1747 5313 religiositatis
1785 5261 1868 5305 est
1891 5262 2105 5315 vestrae,
2130 5263 2185 5307 et

603 5334 752 5389 omni
806 5333 964 5387 laude
1010 5336 1250 5389 studium
1306 5339 1546 5406 plenum.
1597 5343 1849 5397 Zelantes
1887 5346 2033 5399 cnim
2068 5346 2177 5400 Deo

676 5471 723 5503 ³⁸
757 5471 897 5525 Psal.
932 5486 1127 5535 cxxxu,
1176 5476 1219 5527 l.
1302 5477 1344 5505 3“
1389 5478 1485 5531 lsa.
1525 5496 1648 5543 uu,
1679 5482 1759 5535 10.

672 5583 934 5666 (ᾖὶξίόὶῐα
964 5582 1020 5635 in
1042 5583 1308 5666 Gallaudii
1340 5586 1678 5666 Bipiiqlicca,
1709 5603 1742 5645 t.
1776 5594 1904 5657 XIV,
1934 5599 2170 5666 append.

604 5654 915 5726 p.152,“
950 5668 1052 5726 ιιιδι
1082 5654 1326 5709 Naniano
1374 5658 1549 5723 XCVI,
1588 5654 1710 5715 cum
1769 5654 1929 5718 titqu
1957 5654 1982 5718 ς’
2006 5654 2176 5721 ’Κατὰ

729 5724 1054 5807 ᾂεοᾷῳρίτρυ
1084 5732 1485 5807 συαοφαντείας-
1521 5732 1742 5800 ταύτης,
1806 5735 1881 5787 De
1920 5741 2179 5807 superiori

606 5795 896 5851 Tlicodoriti
926 5794 1216 5861 calumnia,
1259 5808 1379 5867 post
1402 5794 1715 5870 epistolam-
1734 5794 2077 5871 Theodoriti,

1840 5484 1881 5513 ³⁷
1907 5486 2005 5538 isa.
2044 5503 2091 5551 ι,
2127 5489 2207 5540 ll.

2293 5255 2502 5312 zelatis.
2542 5264 2599 5306 ut
2636 5252 2906 5320 scriptum
2946 5258 3030 5302 est
3079 5249 3142 5314 ³⁸,
3194 5260 3253 5304 ut
3284 5267 3392 5306 non
3428 5262 3484 5305 et
3508 5269 3655 5308 nunc
3680 5255 3750 5308 ab
3782 5255 3877 5312 his

2287 5349 2379 5418 qui
2410 5364 2474 5401 ea
2498 5363 2617 5416 qum
2664 5354 2795 5399 sunt
2828 5342 3067 5395 Nestorii
3107 5345 3326 5413 sapiunt
3366 5348 3741 5402 exhonoratus
3778 5350 3874 5403 iu-

2288 5486 2331 5517 ³⁸
2380 5488 2598 5542 lMaclt.
2644 5503 2697 5549 ιι,
2747 5483 2833 5537 fit.

2284 5601 2458 5675 πάντα
2503 5601 2689 5669 σαφῶς
2723 5618 3079 5675 πρυτανευων
3103 5602 3254 5664 Θεὸς.
3288 5621 3339 5655 κ.
3374 5620 3423 5655 τ.
3465 5614 3535 5675 Α.)
3561 5619 3668 5675 qua
3690 5603 3871 5675 Cyril-

2280 5671 2390 5745 lum
2426 5673 2812 5745 calumniatur.
2844 5674 3032 5727 Exstat
3061 5674 3255 5745 Latine
3288 5683 3496 5727 tantum
3517 5670 3867 5745 inSynollico

2278 5741 2399 5794 adv.
2439 5742 2756 5811 tragmdiam
2786 5743 2993 5804 lrenari,
3022 5760 3139 5811 cap.
3163 5744 3297 5796 ’Ξίοι

2350 5813 2425 5880 ('2)
2456 5813 2587 5875 Cap.
2617 5814 2718 5868 208
2760 5814 3020 5883 Synodici
3055 5816 3165 5885 jam
3216 5815 3386 5870 citati.
3429 5814 3599 5871 Μειηεί
3642 5816 3703 5878 V,
3733 5816 3862 5875 993.
