4154 6322
652 364 744 420 331

1677 358 1731 408 Β.
1769 352 2043 408 εὶίίιιιιιι
2087 347 2552 405 ΑΙΕΧΑΝῡιιιΝι
2591 347 2907 401 Αιιριηιςι).
3804 353 3912 406 352‘!

649 480 826 532 versis
859 476 1014 530 libris
1056 475 1256 528 dixisse
1287 473 1502 528 videtur
1529 474 1771 528 volentes
1811 471 2100 524 anathema
2145 470 2228 521 in-
2263 473 2300 525 Λ
2333 467 2377 520 si
2423 465 2698 535 aperiatur
2722 466 2888 534 janua
2927 466 3013 519 his
3042 467 3133 535 qui
3185 467 3329 520 dicta
3374 469 3777 522 transeuntium
3813 470 3906 523 lia-

651 572 814 625 ferrc.
851 568 1080 639 Propter
1109 567 1211 619 hoc
1239 565 1496 634 petimus,
1531 574 1589 617 ut
1623 570 1861 616 mentem
1896 570 2043 614 tuam
2071 558 2233 612 nobis

651 659 892 730 applices
915 658 1216 712 studiosius
1237 673 1398 726 quam
1447 657 1498 710 in
1543 655 1664 708 aliis
1691 654 1875 716 rebus,
1910 659 1967 706 et
2008 651 2232 720 dignare

653 751 1003 804 considerare
1033 749 1231 802 malum
1262 763 1400 816 opus
1431 748 1534 800 hoc
1560 762 1702 809 esse,
1727 745 1831 798 nisi
1859 759 1925 798 ex
1953 743 2232 797 communi

654 844 925 899 sententia
955 843 1085 897 illud
1112 841 1461 908 exstinguere
1502 838 1736 892 labores.
1762 837 1924 891 Dedit
1953 835 2102 890 enim
2135 835 2232 889 tibi

655 937 798 991 Deus
817 950 982 1005 super
1006 933 1142 987 velle
1167 931 1332 986 etiam
1358 945 1537 1000 posse,
1568 939 1627 983 ut
1657 931 1709 983 in
1732 945 2023 983 commune
2043 942 2233 982 omnes

649 1029 808 1098 juves
839 1025 936 1098 (1).
965 1025 1105 1080 Sunt
1133 1025 1186 1078 in
1216 1025 1310 1078 illo
1343 1034 1492 1080 tomo
1515 1023 1762 1092 quiedan.
1801 1022 2030 1087 incerta,
2059 1030 2114 1076 et
2138 1022 2234 1076 ali-

653 1128 741 1173 ter
783 1131 944 1187 quam
983 1115 1124 1170 dicta
1164 1123 1292 1170 sunt
1327 1115 1557 1185 intelligi
1601 1114 1862 1168 valentia.
1898 1113 2236 1169 Confitemur

655 1213 760 1266 hoc
779 1212 942 1265 etiam
963 1225 1062 1263 nos
1085 1227 1096 1262 :
1117 1208 1352 1278 plurima
1375 1223 1505 1262 vero
1527 1223 1722 1262 eorum
1745 1216 1936 1276 aperta
1960 1205 2232 1269 videmus,

655 1309 710 1355 et
726 1301 842 1356 sine
860 1300 1040 1368 aliqua
1059 1298 1418 1369 ambiguitate
1438 1307 1604 1352 recta.
1624 1298 1729 1352 Sed
1750 1298 1857 1352 illis
1879 1297 1976 1365 (Ξ),
1998 1313 2118 1367 quae
2133 1313 2236 1368 pu-

656 1401 844 1446 tantur
865 1390 1119 1452 obscura,
1143 1390 1341 1444 similia
1366 1390 1559 1452 multa,
1582 1397 1637 1443 et
1666 1405 1696 1443 a
1724 1390 1976 1459 plurimis
2001 1389 2239 1443 anterio-

653 1484 809 1538 ribus
833 1482 953 1554 ejus
979 1491 1035 1536 et
1071 1480 1324 1550 gloriosis
1353 1479 1609 1533 Patribus
1631 1480 1778 1533 dicta
1810 1479 2140 1533 invenimus.
2172 1480 2240 1534 Et

655 1577 962 1647 periculum
991 1575 1121 1629 hinc
1163 1573 1365 1643 pendet
1403 1589 1512 1627 non
1555 1573 1694 1638 leve,
1723 1588 1792 1627 ne
1830 1572 1888 1626 in
1922 1573 2040 1628 istis
2069 1573 2238 1628 etiam

656 1669 880 1724 illorum
916 1670 1212 1731 solvamus,
1253 1667 1374 1736 ejus
1406 1666 1512 1720 viri
1551 1665 1912 1736 reprobantes
1945 1667 2112 1730 dicta,
2142 1667 2237 1737 qui

657 1760 713 1814 in
761 1760 1074 1830 episcopatu
1114 1757 1336 1827 quidem
1383 1755 1708 1821 defunctus,
1744 1758 2011 1828 agonibus
2053 1768 2236 1812 autem

2337 567 2484 610 trum
2512 557 2705 610 volunt
2731 559 3018 611 evertere?
3039 558 3208 624 Quale
3238 560 3497 614 damnum
3526 576 3634 614 non
3662 572 3912 630 apertum

2336 649 2462 710 erit,
2495 649 2641 703 dicta
2662 665 2770 703 non
2799 650 2975 703 solum
2997 650 3260 713 refutare,
3285 650 3381 706 sed
3404 652 3568 706 etiam
3592 653 3912 707 anathema-

2341 739 2544 793 tizare?
2577 739 2645 795 Ut
2669 739 2815 793 enim
2845 739 2994 793 aliud
3035 740 3198 794 alicui
3229 740 3460 809 placeat,
3500 741 3650 795 aliud
3691 757 3822 806 non,
3859 743 3915 796 in

2338 829 2646 900 aliquorum
2668 829 2828 883 dictis
2851 829 2967 883 sive
2988 831 3361 900 antiquorum,
3386 830 3501 886 sive
3525 832 3915 900 posteriorum,

2338 921 2453 975 sive
2489 937 2597 975 non
2630 931 2962 985 nostrorum,
2991 921 3096 975 alia
3117 921 3258 975 ratio
3277 929 3378 976 est.
3402 921 3469 977 Ut
3497 931 3678 976 autem
3701 931 3758 977 et
3780 938 3911 976 ana-

2339 1012 2524 1067 thema
2547 1014 2628 1068 eis
2659 1013 2991 1082 imponatur,
3019 1011 3355 1066 arbitramur
3381 1012 3558 1066 audax
3580 1021 3637 1068 et
3659 1027 3918 1082 asperum

2337 1119 2633 1174 apparere,
2672 1104 2775 1158 etsi
2817 1119 3062 1174 persona:
3089 1118 3217 1158 cum
3255 1103 3420 1158 dictis
3451 1119 3560 1159 non
3597 1105 3918 1159 anathema-

2341 1196 2662 1250 tizarentur.
2691 1196 2824 1263 Quis
2854 1195 3000 1250 enim
3031 1205 3282 1252 nostrum
3314 1206 3498 1265 speret
3529 1212 3639 1250 non
3672 1196 3918 1268 defungi,

2340 1299 2435 1343 aut
2462 1305 2492 1342 a
2519 1305 2629 1360 quo
2656 1305 2766 1343 non
2793 1289 3001 1344 dictum
3027 1299 3114 1344 est
3143 1289 3352 1359 aliquid
3380 1289 3527 1360 quod
3557 1290 3724 1344 alium
3750 1289 3924 1359 possit

2340 1395 2561 1436 movere
2586 1378 2660 1451 (4)
2680 1380 2811 1434 ?aut
2829 1381 2962 1450 quid
2981 1382 3177 1436 horum
3194 1397 3302 1436 non
3321 1381 3563 1451 praebeat
3577 1381 3923 1436 occasionem

2340 1488 2556 1542 semper
2591 1482 2653 1526 ut
2681 1474 2869 1543 populi
2911 1474 3341 1542 perturbentur?
3369 1474 3436 1528 Et
3476 1474 3581 1528 hoc
3617 1473 3839 1544 quidem
3867 1485 3924 1528 et

2339 1561 2652 1616 viventibus
2676 1571 2732 1616 et
2771 1562 3185 1618 transeuntibus
3212 1565 3531 1635 contingere
3569 1564 3707 1618 solet
3733 1581 3747 1616 :
3773 1563 3924 1634 quod

2340 1667 2450 1707 non
2473 1654 2668 1708 scienti
2691 1661 2902 1707 tantum
2929 1653 3046 1708 haec
3072 1652 3329 1719 dicimus,
3357 1655 3454 1710 sed
3477 1656 3641 1710 etiam
3664 1655 3788 1724 plus
3807 1670 3926 1708 om-

2340 1745 2505 1800 nibus
2534 1744 2699 1799 nobis
2729 1744 3082 1800 considerare
3108 1746 3312 1802 valenti
3346 1747 3782 1818 magnitudinem
3815 1747 3923 1802 hn-

656 1827 919 1907 adversus
939 1827 1171 1904 Arianos
1195 1857 1250 1904 ct
1276 1849 1413 1903 alios
1439 1849 1727 1904 haereticos
1753 1827 1943 1904 decem
1971 1849 2235 1915 millibus,
2270 1827 2312 1886 Β
2335 1837 2426 1907 lus
2445 1835 2821 1892 absurdimis-
2850 1835 2993 1902 Qum
3019 1844 3201 1892 autem
3232 1853 3339 1892 ιιοη
3367 1838 3708 1908 Dabam“
3731 1854 3798 1894 ει
3820 1837 3929 1893 hoc

655 1958 755 2012 per
779 1955 996 1994 omnem
1027 1955 1180 1993 suam
1209 1939 1377 1993 vitam
1404 1938 1610 2008 ubique
1633 1938 1924 1994 decoratus
1953 1949 2054 1994 est.
2081 1939 2236 2007 Quod

655 2034 700 2087 si
733 2033 844 2097 flat,
879 2034 1050 2088 multa
1075 2033 1243 2087 etiam
1277 2031 1346 2085 ab
1384 2032 1508 2086 aliis
1537 2033 1740 2087 sanctis
1772 2033 2028 2087 Patribus
2050 2042 2237 2103 aperte

655 2127 803 2180 dicta
841 2125 1195 2179 retractaturi
1231 2139 1423 2178 sumus
1453 2133 1510 2178 et
1550 2124 1922 2194 reprobaturi.
1953 2124 2241 2195 Excerptis

653 2215 801 2269 enim
829 2214 949 2268 istis
981 2214 1182 2267 similia
1207 2213 1457 2282 quaadam
1484 2215 1794 2268 invenimus
1816 2213 1962 2284 apud
1996 2225 2080 2270 ter
2108 2215 2238 2269 bea-

657 2317 773 2361 tum
829 2316 886 2361 et
917 2306 1157 2361 nobilem
1187 2306 1564 2370 Athanasium,
1599 2307 1845 2376 quaedam
1885 2307 2051 2362 etiam
2093 2307 2239 2377 apud

654 2399 879 2454 beatum
904 2397 1185 2460 Basilium,
1216 2397 1464 2466 quaedam
1501 2399 1645 2468 apud
1671 2398 1994 2469 Gregorium
2023 2408 2238 2455 utrum-

655 2510 797 2564 que,
845 2495 1015 2547 multa
1067 2508 1198 2547 vero
1247 2501 1303 2546 et
1352 2493 1497 2562 apud
1543 2493 1989 2562 Amphilochium
2042 2495 2241 2564 saepius

655 2586 836 2653 dicta;
882 2603 990 2640 non
1030 2601 1198 2654 parva
1228 2602 1361 2640 vero
1391 2595 1446 2640 et
1475 2585 1620 2655 apud
1647 2601 1996 2639 communem
2023 2586 2240 2640 Patrem

657 2680 880 2732 beatum
910 2679 1298 2747 TheOphilum.
1332 2678 1467 2732 Sunt
1511 2679 1659 2732 enim
1687 2694 1808 2748 quae
1848 2686 1940 2732 tua
1982 2678 2242 2733 sanctitas

659 2771 734 2822 ita
791 2767 1116 2832 confitetur,
1159 2779 1214 2823 et
1266 2770 1519 2823 eumdem
1559 2769 1626 2823 de
1664 2770 1772 2824 illis
1820 2770 1986 2824 habet
2025 2770 2240 2825 intelle-

659 2870 829 2914 ctum.
863 2859 1120 2926 Quaedam
1150 2860 1315 2915 etiam
1347 2861 1416 2915 ab
1442 2861 1560 2930 ipso
1593 2861 1668 2933 ('5)
1705 2862 1926 2916 amabili
1964 2863 2077 2918 Deo
2105 2863 2241 2918 Pro-

658 2954 764 3018 clo,
806 2954 861 3006 in
885 2953 1077 3008 eodem
1104 2955 1222 3023 ipso
1250 2963 1398 3008 tomo
1450 2971 1612 3024 quem
1652 2955 1720 3009 ad
1755 2954 2046 3010 Armenios
2073 2955 2242 3020 misit,

658 3063 770 3117 quo
815 3047 1006 3102 multis
1055 3047 1308 3102 sensibus
1355 3046 1476 3101 istis
1516 3047 1792 3117 decerptis
1834 3048 2136 3102 concurrit.
2177 3047 2246 3101 Et

657 3141 778 3194 dies
814 3155 915 3193 nos
955 3138 1192 3202 deficiet,
1223 3149 1611 3210 percurrentes
1644 3140 1866 3193 beatum
1896 3138 2244 3193 Eustathium
2273 3174 2314 3231 Ο

657 3229 1014 3284 Antiochense
1046 3228 1287 3281 civitatis
1315 3227 1657 3297 episcopum,
1687 3227 1779 3296 qui
1820 3226 1923 3281 fuit
1963 3242 2063 3296 pro
2094 3234 2242 3281 recta

659 3320 769 3374 fide
810 3321 866 3373 in
915 3319 1138 3374 Niczeno
1166 3320 1422 3380 concilio,
1465 3329 1522 3374 et
1558 3336 1768 3390 magnae
1807 3319 1964 3374 fama:
2006 3319 2241 3374 Alexan-

660 3414 825 3467 drum
870 3421 1133 3466 vestrum.
1181 3410 1286 3466 Sed
1328 3413 1494 3466 etiam
1540 3423 1663 3481 post
1705 3412 1826 3466 illos
1868 3411 2244 3466 sanctissimos

659 3505 947 3574 episcopos
971 3504 1269 3569 Meletium,
1295 3504 1634 3568 Flavianum,
1657 3521 1686 3558 a
1713 3504 1915 3574 quibus
1942 3505 2095 3572 plura
2125 3503 2244 3557 istis

659 3595 1048 3649 concordantia
1072 3594 1214 3648 dicta
1247 3604 1392 3648 sunt.
1425 3595 1564 3661 Quid
1589 3595 1700 3664 jam
1729 3595 1906 3649 dicam
1943 3595 2010 3648 de
2036 3596 2122 3648 his
2146 3595 2240 3664 qui

660 3690 717 3742 in
740 3687 1035 3743 Occidente
1070 3687 1372 3742 secundum
1397 3688 1644 3742 eamdem
1673 3688 1980 3742 doctrinam
2009 3696 2065 3741 et
2090 3704 2241 3742 eam-

661 3781 784 3835 dem
818 3779 1215 3834 confessionem
1260 3779 1503 3833 decorati
1552 3788 1712 3843 sunt,
1761 3795 1900 3850 quos
1940 3779 2105 3834 etiam
2151 3788 2245 3834 tua

663 3871 924 3925 sanctitas
973 3871 1168 3924 melius
1211 3871 1402 3925 novit?
1448 3871 1676 3926 Intende
1726 3872 1932 3941 itaque,
1977 3887 2130 3942 rogo,
2182 3872 2250 3927 ad

661 3964 810 4034 quod
847 3963 1214 4032 praecipitium
1247 3979 1347 4018 nos
1373 3964 1675 4034 impellant,
1702 3965 1794 4034 qui
1822 3965 1887 4019 ad
1913 3965 2120 4019 nullam
2147 3965 2254 4020 uti-

662 4057 871 4111 litatem
898 4056 1084 4110 verbis
1110 4055 1470 4110 contendunt.
1505 4055 1646 4122 Quid
1676 4073 1786 4110 non
1817 4057 1947 4110 hinc
1983 4056 2250 4120 laesionis,

663 4147 746 4200 vel
779 4145 1170 4215 corruptionis,
1201 4157 1257 4200 et
1297 4145 1637 4200 confusionis
1674 4146 1896 4214 plenum
1936 4154 2251 4216 generetur,

2341 1928 2707 1983 desiderabile
2737 1928 2974 1983 Nestorii
3013 1928 3433 1985 defensoribus?
3461 1929 3594 1997 Quis
3619 1931 3768 1987 enim
3797 1948 3925 1988 eum

2341 2037 2452 2075 non
2485 2021 2798 2083 honorabit,
2830 2021 2875 2074 si
2905 2036 3030 2075 cum
3068 2022 3176 2076 isto
3215 2031 3270 2076 et
3313 2023 3436 2077 aliis
3471 2025 3566 2094 qui
3608 2025 3665 2078 in
3705 2024 3925 2096 episco-

2343 2120 2474 2182 patu
2501 2112 2670 2166 vitam
2696 2112 3091 2182 deposuerunt,
3130 2113 3293 2168 simul
3333 2115 3928 2172 anathematiuretur?

2342 2215 2438 2260 aut
2468 2206 2560 2260 ubi
2592 2207 2712 2276 ejus
2744 2207 2930 2276 opinio
2957 2221 3054 2276 per
3081 2207 3186 2261 hoc
3215 2223 3324 2261 non
3353 2209 3586 2279 accipiat
3614 2209 3927 2266 incremen-

2344 2296 2497 2350 tum?
2515 2295 2650 2362 Quis
2671 2303 2854 2350 autem
2881 2295 3236 2365 deceptorum
3270 2296 3576 2362 hominum,
3599 2297 3667 2352 de
3695 2297 3818 2352 istis
3838 2313 3932 2353 oc—

2342 2387 2621 2442 casionem
2669 2402 2990 2452 assumens,
3042 2403 3152 2442 non
3202 2387 3570 2444 confessorem
3619 2390 3929 2454 vocaverit,

2341 2481 2511 2536 veluti
2546 2489 2774 2550 propter
2816 2481 2939 2535 illos
2982 2496 3204 2551 passum
3250 2495 3371 2550 qua:
3413 2498 3607 2552 passus
3651 2492 3764 2549 est,
3809 2499 3936 2554 qua:

2342 2573 2509 2628 etiam
2539 2573 2618 2627 illi
2646 2571 2741 2643 qui
2766 2573 2821 2626 in
2843 2573 3092 2627 Ecclesia
3120 2571 3415 2639 fulserunt,
3441 2575 3584 2644 passi
3613 2575 3775 2630 sunt?
3796 2573 3934 2642 Quis

2343 2674 2527 2720 autem
2563 2673 2805 2720 mentem
2837 2665 3163 2721 habentium
3199 2665 3374 2721 nescit
3400 2668 3530 2736 quia
3557 2682 3622 2722 ea
3646 2684 3770 2738 qua:
3793 2668 3932 2724 dure

2345 2774 2376 2812 a
2399 2758 2690 2813 Theodoro
2712 2758 2858 2813 dicta
2887 2765 3036 2823 sunt,
3066 2760 3397 2815 necessitate
3427 2760 3745 2830 compulsus
3763 2761 3935 2816 dixit?

2347 2849 2692 2918 Proponebat
2725 2848 2873 2904 enim
2904 2863 3032 2902 eum
3059 2858 3208 2904 totus
3240 2848 3297 2903 in
3327 2850 3604 2904 communi
3627 2847 3824 2904 Oriens
3845 2849 3933 2904 in-

2347 2951 2432 2996 ter
2466 2957 2562 2996 eos
2585 2942 2680 3012 qui
2707 2951 2836 2998 ante
2858 2957 2960 2997 nos
2982 2941 3230 3008 fuerunt,
3257 2944 3400 2998 sicut
3421 2943 3682 2998 virtutem
3705 2942 3935 2999 multam

2347 3035 2616 3090 doctrinae
2645 3035 2940 3090 habentem
2981 3035 3245 3092 adversus
3273 3037 3530 3101 hazreses,
3568 3045 3757 3092 contra
3797 3052 3939 3109 quas

2349 3143 2596 3198 pugnans
2627 3135 2684 3182 et
2709 3127 2981 3182 dimicans
3016 3128 3187 3183 multa
3224 3128 3458 3198 quadam
3491 3129 3761 3185 divisione
3799 3145 3938 3186 usus

2345 3228 2450 3284 est,
2465 3234 2574 3273 non
2591 3233 2656 3273 ex
2675 3234 2847 3289 pravo
2870 3218 3156 3274 intellectu
3180 3219 3429 3285 veniens,
3447 3219 3540 3274 sed
3567 3219 3640 3292 (5)
3657 3219 3939 3276 efﬁcacius

2344 3313 2608 3368 adversus
2640 3314 2929 3368 haereticos
2971 3313 3066 3368 illo
3108 3312 3272 3367 modo
3303 3313 3384 3367 uti
3423 3313 3713 3384 judicans,
3753 3329 3938 3385 neque

2345 3407 2632 3461 veritatem
2663 3421 2934 3460 summam
2970 3406 3230 3476 ignorans
3257 3406 3344 3461 vel
3378 3421 3618 3477 negans;
3645 3405 3790 3460 absit
3821 3406 3933 3478 (6):

2345 3499 2493 3568 pleni
2528 3498 2675 3552 enim
2723 3498 3037 3568 hujusmodi
3085 3507 3213 3552 sunt
3247 3513 3440 3553 omnes
3481 3497 3604 3568 ejus
3646 3496 3796 3564 libri,
3838 3499 3938 3554 sed

2349 3601 2670 3645 naturarum
2714 3592 3079 3661 proprietates
3124 3592 3359 3662 amplius
3396 3590 3667 3655 dividens,
3707 3591 3855 3646 sicut
3885 3593 3939 3647 ei

2350 3699 2531 3754 pugna
2557 3699 2721 3753 quam
2762 3686 3026 3741 adversus
3054 3685 3341 3740 haereticos
3382 3685 3596 3749 habuit,
3623 3684 3938 3741 faciendum

2351 3777 2611 3832 dictabat.
2641 3777 2755 3831 Hoc
2787 3786 2844 3832 et
2878 3787 2971 3833 tua
3014 3778 3345 3849 religiositas
3372 3778 3712 3849 dispensavit
3746 3787 3939 3849 aperte

2350 3867 2406 3921 in
2463 3868 2834 3923 anterioribus
2885 3869 3084 3924 litteris
3133 3869 3333 3925 vestris
3383 3870 3451 3924 ad
3505 3869 3937 3925 satisfactionem

2350 3961 2711 4030 quorumdam
2759 3962 3160 4016 venerabilium
3219 3962 3671 4032 coepiscoporum
3711 3971 3938 4016 nostro—

2351 4068 2494 4107 rum.
2529 4051 2685 4119 Quod
2725 4063 2781 4107 et
2813 4055 2990 4123 ipsum
3016 4063 3126 4109 tuae
3156 4055 3377 4110 virtutis
3410 4063 3624 4124 tuaeque
3653 4053 3939 4124 sapientia

2353 4147 2638 4216 proprium
2666 4158 2767 4201 est.

1780 4455 1941 4528 194
1977 4454 2312 4511 EPISTOLA
2350 4454 2536 4510 LXVII
2579 4455 2672 4527 (el.
2715 4457 2822 4528 LI).

1256 4609 1465 4650 CYBILLI
1505 4611 1572 4648 AD
1605 4609 1838 4650 JOANNEI
1867 4611 2235 4651 ANTIOCIIENUI

2367 4612 2605 4652 SYNODUI
2636 4614 2883 4654 ANTIOCHI
2892 4615 2935 4652 ,ε
2969 4614 3346 4654 ΕΟΝΕΒΕΕΔΤΑΙ
3356 4642 3366 4652 .

669 4737 918 4808 Theodori
960 4737 1307 4808 Hopsuesteni
1348 4737 1548 4806 scripta
1591 4737 1780 4806 rejicit,
1812 4737 1964 4808 valde
2005 4740 2282 4807 increpans
2318 4757 2402 4794 eos

2449 4743 2539 4812 qui
2560 4742 2751 4814 dicere
2783 4742 2928 4796 haud
2959 4747 3265 4814 vererentur
3303 4756 3362 4793 ea
3401 4752 3689 4814 consonare
3725 4744 3935 4814 scriptis

731 4806 830 4883 SS.
862 4806 1106 4883 Patrum,
1140 4807 1400 4883 simulque
1434 4807 1722 4860 adhortans
1762 4817 1819 4860 ut
1856 4806 2157 4883 Orientales
2179 4810 2369 4864 saltem
2400 4806 2654 4883 Theodori
2677 4811 3028 4883 blasphemias
3059 4812 3376 4883 damnarent
3413 4829 3476 4865 ac
3514 4811 3702 4883 liberos
3739 4806 3934 4868 scisset-

737 4881 877 4954 ipsos
908 4878 1004 4954 tali
1024 4879 1319 4954 suspicione
1349 4879 1799 4954 demonstrarent;
1831 4888 1941 4954 tam
1967 4878 2378 4954 adﬁgenuinam
2411 4899 2590 4954 pacem
2621 4878 2943 4954 ﬁrmandam
2975 4883 3222 4936 admonet
3251 4881 3535 4946 Joannem,
3569 4882 3933 4954 minimcﬂqui-

773 4966 854 5003 em
883 4948 1086 5021 difﬁcile
1117 4947 1376 5017 agendum
1407 4964 1523 5021 cum
1556 4949 1618 5021 iis
1649 4949 1759 5021 qui,
1807 4947 2002 5021 relictis
2044 4947 2272 5004 Nestorii
2305 4947 2565 5021 partibus,
2604 4947 2674 5006 ad
2706 4952 3001 5007 Ecclesiam
3044 4959 3396 5016 revertantur,
3440 4961 3679 5007 attamen
3709 4947 3936 5009 sollicite

734 5017 1120 5091 invigilandum
1153 5027 1208 5072 ut
1237 5019 1428 5071 reversi
1458 5017 1668 5072 nonnisi
1692 5035 1872 5072 veram
1898 5017 2058 5086 ﬁdem
2088 5017 2318 5076 teneant;

739 5164 858 5217 Non
886 5163 1228 5233 conquiescit
1258 5164 1422 5219 draco
1444 5165 1534 5219 ille
1574 5166 1845 5230 desertor,
1889 5184 2019 5221 vere
2057 5167 2243 5224 infesta

2426 5173 2540 5225 υὺκ
2573 5175 2852 5244 ἠρέμησεν
2887 5177 2916 5227 ὁ
2961 5173 3198 5245 δράκων,
3239 5176 3269 5228 ὀ
3317 5175 3650 5244 ἀποστάτης,
3688 5175 3750 5227 τὸ
3791 5193 3929 5245 παγ-

667 5257 887 5324 lteoque
924 5257 1150 5310 adversa
1185 5256 1380 5320 bestia,
1406 5272 1506 5311 nec
1533 5274 1770 5327 unquam
1807 5275 1836 5312 a
1863 5274 1963 5312 sua
1990 5259 2243 5329 improbi-

2348 5263 2590 5333 ,χάλεπον
2633 5265 2872 5335 ἀληθῶς,
2898 5265 2993 5318 καὶ
3055 5265 3323 5337 θεομάχον
3375 5267 3597 5337 θηρίον·
3656 5266 3780 5322 οὔτε
3823 5270 3931 5340 μὴν

667 5356 777 5400 tate
825 5345 1074 5413 desistit;
1121 5347 1216 5402 sed
1270 5339 1651 5402 incessabilem
1700 5349 1846 5402 illam
1893 5349 2247 5405 invidentiam

743 5523 816 5590 (l)
840 5521 940 5576 Ed.
975 5522 1221 5584 Auberti,
1250 5530 1306 5574 ut
1337 5524 1391 5575 in
1422 5527 1788 5578 communione
1812 5528 2048 5580 omnium
2072 5531 2235 5582 vivas.

669 5591 1017 5646 Correximus
1043 5607 1109 5646 ex
1136 5592 1412 5646 Facundo.
1444 5595 1592 5647 Enn.

741 5664 814 5726 ('2)
843 5663 939 5715 Ed.
969 5663 1134 5724 Aub.,
1170 5662 1289 5715 illa.

741 5734 814 5800 (ὅ)
850 5732 947 5784 Ed.
972 5733 1136 5796 Aub.,
1172 5732 1411 5800 quaedam
1442 5734 1597 5786 etiam
1630 5736 1693 5787 de
1725 5736 1960 5799 amabili,
1992 5748 2097 5790 etc.

743 5804 814 5876 ri)
850 5802 943 5856 Ed.
971 5803 1132 5866 Ann,
1164 5805 1277 5856 (mis
1300 5805 1437 5856 enim
1467 5814 1701 5858 nostrum
1729 5816 1906 5874 sperat
1935 5810 2072 5862 quod
2103 5808 2240 5860 alius

1571 5986 1600 6006 ,ι

2356 5353 2616 5425 κατέληξε
2668 5353 2889 5408 πώποτε
2944 5355 3043 5426 τῆς
3100 5354 3326 5426 ἐνούσης
3373 5353 3538 5426 αὐτῷ
3579 5356 3929 5426 δυστροπιας,

2346 5533 2508 5602 possit
2539 5548 2763 5596 movere,
2796 5543 2884 5587 etc

2419 5602 2492 5676 (5)
2551 5604 2675 5676 Ed.,
2733 5607 2793 5669 si,
2847 5613 2901 5659 et
2945 5620 3090 5670 mox,
3129 5605 3223 5660 illo
3259 5607 3411 5660 modo
3454 5623 3626 5662 secum
3651 5605 3925 5676 judicans,

2349 5675 2552 5726 omisso
2577 5674 2673 5725 uti.

2427 5745 2500 5812 (6)
2525 5744 2623 5797 Ed.
2638 5785 2650 5806 ,
2677 5745 2824 5813 ipsis.
