4154 6322
282 333 381 391 555

1618 327 1956 384 EPISTOLA
1997 325 2184 383 LXVII
2196 368 2209 380 .

3443 322 3552 378 554

283 448 709 503 ἀκατάπαυστον
730 454 751 481 "
780 445 837 499 δὲ
884 446 974 500 τὸν
1015 446 1207 518 φθόνον
1254 446 1343 498 τὸν
1374 442 1515 498 κατὰ
1539 442 1649 495 τῶν
1686 443 1861 512 ἁγίων

1982 450 2157 494 :ontra
2189 446 2407 494 sanctas
2436 438 2709 494 Ecclesias
2751 439 2807 493 in
2838 439 3019 509 seipso
3057 453 3380 510 conceptam
3421 456 3552 511 par-

295 537 630 610 Ἑκκλησιῶν
688 536 893 592 ὠδίνων
947 538 1005 591 ὲν
1048 535 1250 608 ἑαυτῷ,
1302 532 1555 605 γλώσσας
1604 533 1863 604 ἀκρατεῖς

283 632 512 686 ἀνοσίων
560 631 654 686 καὶ
706 630 949 703 βεϐήλων
974 628 1279 702 ἀνθρώπων
1310 625 1863 698 κεκαυτηριασμένην

283 724 632 795 ἐχόντωντὴν
668 722 970 793 συνείδησιν
996 720 1399 793 ἀνταναστῆσαι
1427 719 1733 790 τετόλμηκε
1752 720 1863 781 τοῖς

284 816 379 885 τῆς
426 813 690 886 ἀληθείας
749 813 1032 884 δόγμασιν.
1075 813 1217 867 Ἀλλ’
1266 812 1383 883 ἥλω
1436 808 1714 881 πανταχοῦ
1769 808 1865 864 καὶ

284 907 586 979 νενίκηται,
625 908 907 979 ἄπρακτον
951 906 1118 961 αὑτοῦ
1149 905 1248 978 τὴν
1280 905 1580 977 σκαιότητα
1618 903 1715 958 καὶ
1756 902 1866 956 τῶν

284 998 706 1070 ἐγχειρημάτων
732 997 833 1069 τὴν
865 997 1099 1070 δύναμιν
1134 998 1529 1068 ἀποφαίνοντος
1551 1004 1579 1035 ι
1600 996 1696 1050 τοῦ
1728 995 1868 1050 πάν-

283 1108 393 1146 των
434 1092 596 1164 ημῶν
631 1093 886 1164 Σωτῆρος
926 1090 1189 1164 Χριστοῦ.
1236 1090 1488 1145 Πλιῖστοι
1534 1089 1635 1162 μὲν
1678 1084 1774 1142 οῦν
1815 1088 1867 1140 οί

284 1186 392 1257 πρὸ
419 1185 600 1257 ἡμῶν,
633 1185 747 1248 τοῖς
775 1184 952 1254 ἁγίοις
987 1183 1145 1256 ἡμῶν
1176 1183 1426 1257 Πατράσι
1458 1181 1865 1255 μεμαχημένοι,

284 1281 375 1333 καὶ
406 1279 554 1333 κατὰ
582 1278 679 1349 τῆς
709 1279 950 1350 ἀρρήτου
977 1277 1136 1349 δόξης
1169 1276 1238 1331 τὰ
1275 1278 1373 1349 τῆς
1418 1274 1628 1330 ἑαυτῶν
1671 1274 1889 1351 άθυρο-τν

285 1369 516 1438 στομίας
580 1368 721 1421 ὅπλα
753 1370 1096 1439 κινήσαντες,
1148 1367 1263 1422 ἀλλ’
1298 1367 1594 1438 ἠλέγχοντο
1644 1364 1869 1437 θρασεῖς

280 1464 455 1528 ὄντες,
489 1462 581 1516 καὶ
606 1459 861 1533 ἀμαθεῖς,
891 1461 987 1514 κα)⁸
1017 1458 1428 1528 κενολογοῦντες
1446 1457 1671 1528 μᾶλλον,
1700 1458 1869 1528 ἡγουν

281 1553 585 1625 ἑγνωκότες
609 1571 662 1607 τι
695 1554 838 1607 κατὰ
865 1552 1125 1623 ἀλήθειαν
1162 1551 1269 1606 τῶν
1298 1552 1399 1606 ὅσα
1433 1550 1583 1603 ἐστὶν
1612 1548 1672 1614 ἐξ
1698 1547 1871 1619 αὐτῆς

281 1650 381 1719 τῆς
414 1646 676 1718 ἀληθείας
715 1644 1162 1717 μαρτυρούμενα,
1193 1644 1271 1708 ὡς
1302 1640 1412 1698 εἷεν
1441 1642 1578 1714 ὀρθὰ
1607 1642 1702 1695 καὶ
1723 1638 1874 1711 ἀμώ-

284 1756 436 1810 μητα
463 1739 560 1792 καὶ
595 1735 846 1808 διαϐολῆς
883 1735 1108 1807 ἁπάσης
1154 1734 1433 1806 ὑπέρτερα
1453 1741 1506 1786 1.
1549 1730 1770 1801 Ἐπειδὴ
1814 1729 1871 1783 δὲ

281 1831 423 1903 πρὸς
456 1829 688 1893 ἐκείνοις
721 1829 751 1882 ό
783 1826 1103 1891 δυσσεϐείας
1136 1828 1360 1896 ἁπάσης
1404 1822 1633 1896 εὑρετὴς
1685 1822 1775 1879 καὶ
1801 1821 1874 1875 δι⁸

279 1920 553 1982 δάσκαλος
584 1919 807 1990 ἠγειρεν
836 1919 972 1989 ἡμῖν
992 1917 1091 1981 τὰς
1109 1916 1407 1989 Νεστορίου
1434 1914 1799 1984 καινοφωνίας
1822 1922 1870 1978 ι,

286 2011 396 2065 ἰδοὺ
428 2009 493 2080 δὴ
519 2008 835 2073 σύμπαντες
862 2007 953 2061 διὰ
981 2006 1080 2077 τὴν
1118 2004 1214 2061 τοῦ
1261 2004 1399 2060 Θεοῦ
1443 2004 1625 2076 χάριν,
1655 2005 1751 2058 καὶ
1772 2004 1873 2075 τὴν

280 2102 530 2157 δοθεῖσαν
566 2103 698 2172 ἡμῖν
733 2101 866 2171 παρ’
904 2097 1073 2153 αὐτοῦ
1122 2097 1359 2161 σύνεσιν,
1402 2098 1503 2168 μιᾷ
1538 2095 1759 2168 γλώττῃ
1784 2097 1875 2150 τὸν

282 2194 602 2264 ἀποστάτην
636 2190 1135 2261 άναθεματίζομεν,
1167 2189 1261 2243 τὸν
1307 2187 1509 2243 εὐκλεᾶ
1542 2188 1654 2241 τῶν
1700 2187 1876 2242 Πατέ-

286 2306 397 2360 ρων
431 2285 843 2359 ίχνηλατοῦντες
877 2284 1063 2355 ζῆλον,
1100 2283 1195 2337 καὶ
1232 2282 1720 2353 κατανδριςόμενοι
1766 2281 1876 2335 τῶν

284 2380 500 2453 ἐχθρῶν
553 2378 649 2433 τοῦ
692 2378 927 2447 σταυροῦ
966 2376 1059 2431 τοῦ
1106 2375 1369 2447 Χριστοῦ,
1412 2375 1510 2429 καὶ
1557 2376 1659 2445 τὴν
1701 2374 1875 2446 ἀληθῆ

287 2472 688 2546 πρεσϐεύοντες
737 2472 942 2537 πίστιν,
1002 2472 1097 2525 καὶ
1145 2470 1490 2533 διδάσκοντες
1543 2470 1601 2522 ἐν
1647 2468 1879 2539 Ἐκκλη-

289 2567 457 2631 σίαις,
503 2566 578 2637 μὴ
620 2566 740 2627 ταῖς
799 2563 1025 2617 ἐκείνων
1084 2561 1427 2625 δυσσεϐείαις
1490 2558 1879 2632 προστίθεσθαι

292 2658 517 2729 μᾶλλον,
551 2656 646 2710 δύο
693 2656 939 2724 λέγοντος
999 2655 1272 2726 Χριστοὺς
1318 2656 1415 2709 καὶ
1445 2654 1616 2718 υἱοὺς,
1653 2653 1750 2706 ἕνα
1782 2652 1879 2722 μὲν

290 2751 452 2821 φύσει
485 2750 579 2803 καὶ
611 2749 789 2822 ἀληθῆ
814 2762 864 2812 ι,
895 2749 985 2802 τὸν
1012 2750 1077 2801 ὲκ
1120 2747 1256 2801 Θεοῦ
1297 2747 1512 2818 Πατρὸς
1542 2744 1736 2813 Λόγον,
1759 2745 1880 2798 ἓτε-

293 2858 387 2913 ρον
408 2840 466 2893 δὲ
503 2840 651 2893 θέσει
701 2839 794 2892 καὶ
847 2838 1051 2909 χάριτι,
1082 2837 1175 2891 τὸν
1219 2839 1284 2890 ὲκ
1314 2837 1633 2908 σπέρματος
1656 2835 1749 2889 τοῦ
1781 2838 1884 2889 Δα-

292 2930 378 2984 ϐίδ
397 2945 409 2958 ·
450 2928 587 2984 ἀλλὰ
622 2927 765 2982 κατὰ
778 2929 878 2997 τὴν
908 2925 1119 2982 ἄνωθεν
1139 2926 1578 2980 καταϐαίνουσαν
1605 2927 1685 2988 είς
1709 2928 1743 2996 ἠ
1752 2926 1881 2996 μᾶς,

292 3022 575 3094 ἀκραιφνῆ
632 3021 729 3074 καὶ⁸
779 3019 1147 3090 ἀνεπίληπτον
1197 3019 1406 3085 πίστιν,
1456 3019 1553 3072 ἕνα
1605 3017 1733 3071 Υίδν
1788 3017 1886 3071 καὶ

292 3115 499 3186 Κύριον
549 3113 756 3185 Ἰησοῦν
795 3113 1051 3185 Χριστὸν,
1090 3114 1184 3166 τὸν
1226 3113 1291 3165 ἐκ
1337 3111 1475 3165 Θεοῦ
1526 3110 1739 3180 Πατρὸς
1782 3110 1885 3163 Λό-

1966 529 2198 595 turiens,
2227 527 2523 584 ell‘renatas
2552 528 2848 598 impiorum
2872 528 3342 600 profanorumque
3369 530 3553 585 homi-

1966 634 2099 673 num
2149 618 2508 674 cauteriatam
2550 619 2946 673 conscientiam
2984 618 3029 649 "
3081 616 3403 674 habentium
3443 618 3553 673 lin—

1966 724 2100 779 guas
2125 719 2315 764 contra
2342 709 2589 765 veritatis
2620 708 2815 780 dogma
2848 726 3017 766 ausus
3045 718 3132 766 est
3161 709 3420 767 excitare.
3446 712 3553 767 Vc-

1966 816 2091 856 rum
2116 801 2337 858 Christo
2369 805 2615 858 omnium
2649 811 2899 858 nostrum
2926 804 3209 860 Salvatore
3235 802 3557 874 improbita-

1968 902 2080 950 tem
2112 895 2260 969 illius
2284 895 2699 968 violentumque
2727 906 2983 953 conatum
3012 899 3233 953 irritum
3268 897 3555 960 reddente,

1967 985 2348 1058 deprehensus
2387 989 2593 1059 ubique
2636 1006 2702 1045 ac
2742 989 2922 1045 victus
2953 999 3061 1045 est.
3105 990 3337 1045 Plurimi
3372 991 3559 1063 itaque

1969 1090 2098 1135 ante
2123 1091 2225 1135 nos
2244 1080 2576 1136 exstiterunt
2616 1081 2712 1152 qui
2752 1088 2972 1137 sanctos
2994 1081 3185 1137 Patres
3205 1090 3424 1137 nostros
3456 1081 3559 1135 im-

1969 1182 2311 1244 pugnarunt,
2367 1173 2685 1245 bellumque
2730 1183 2925 1230 contra
2966 1174 3304 1231 ineffabilem
3353 1173 3561 1229 Christi

1969 1264 2202 1335 gloriam
2244 1265 2516 1339 eﬂ‘renato
2562 1284 2660 1323 ore
2706 1278 3021 1332 moverunt,
3077 1268 3175 1323 sed
3228 1267 3560 1338 deprehensi

1970 1366 2101 1412 sunt
2134 1360 2416 1414 temerarii
2453 1368 2509 1413 et
2541 1359 2768 1426 indocti,
2796 1368 2854 1414 et
2882 1361 3165 1431 vaniloqui
3193 1362 3369 1433 magis
3394 1376 3561 1433 quant

1971 1450 2180 1523 aliquid
2209 1468 2402 1508 eorum
2431 1468 2623 1509 revera
2650 1469 2833 1518 nosse,
2859 1455 3063 1525 quibus
3085 1453 3157 1510 ab
3184 1455 3303 1525 ipsa
3327 1455 3564 1510 veritate

1973 1544 2352 1599 testimonium
2382 1546 2708 1617 perhibetur
2734 1547 2880 1616 quod
2924 1555 3075 1603 recta
3104 1546 3216 1603 sint
3242 1556 3299 1602 et
3325 1548 3558 1619 integra,

1971 1642 2029 1689 et
2052 1633 2294 1690 abomni
2317 1637 2589 1693 calumnia
2611 1638 2929 1709 longissime
2956 1648 3188 1695 remota.
3212 1640 3409 1695 Postea
3428 1654 3563 1695 vero

1973 1742 2140 1796 quam
2169 1738 2370 1798 praeter
2409 1744 2506 1784 eos
2540 1730 2631 1785 ille
2671 1730 2853 1785 omnis
2888 1730 3188 1801 impietatis
3215 1732 3470 1788 inventor
3500 1748 3566 1787 ac

1974 1814 2188 1886 doctor,
2214 1823 2449 1879 Nestorii
2475 1839 2673 1879 vocum
2705 1824 2979 1880 novitates
3014 1826 3056 1857 "
3084 1826 3247 1881 nobis
3267 1828 3563 1893 excitavit;

1973 1928 2103 1970 ecce
2137 1916 2248 1987 jam
2280 1932 2379 1987 per
2415 1917 2510 1973 Dei
2541 1920 2794 1989 gratiam,
2834 1919 3126 1992 datamque
3169 1920 3330 1977 nobis
3370 1922 3441 1977 ab
3471 1922 3568 1977 ilio

1976 2005 2415 2079 intelligentiam,
2440 2026 2634 2066 omnes
2657 2028 2769 2067 uno
2795 2028 2890 2067 ore
2916 2013 3071 2067 illum
3103 2022 3407 2084 apostatam
3431 2030 3566 2069 ana-

1977 2098 2420 2167 thematizamus,
2448 2102 2750 2173 gloriosum
2779 2104 3004 2159 Palmm
3038 2116 3357 2161 nostrorum
3386 2107 3566 2161 zelum

1977 2189 2198 2255 imitati,
2233 2191 2582 2262 viriliterque
2629 2203 2823 2249 contra
2865 2195 3122 2252 inimicos
3153 2200 3338 2254 crucis
3363 2196 3569 2254 Christi

1978 2295 2080 2336 nos
2103 2292 2374 2353 gerentes,
2398 2300 2463 2339 ac
2490 2300 2677 2343 veram
2708 2285 2873 2343 fidem
2908 2288 3174 2355 colentes,
3207 2297 3371 2361 atque
3404 2289 3460 2344 in
3482 2307 3572 2345 ec-

1977 2372 2162 2428 clesiis
2177 2373 2460 2440 docentes,
2481 2391 2593 2431 non
2624 2377 3041 2434 assentiendum
3071 2394 3195 2435 esse
3228 2380 3378 2435 illius
3409 2380 3559 2435 blas-

1978 2466 2245 2536 phemiis,
2292 2466 2433 2523 duos
2476 2468 2713 2524 dicentis
2759 2470 3019 2535 christos,
3061 2479 3120 2527 et
3159 2470 3305 2527 ﬁlios
3346 2490 3358 2526 :
3401 2489 3571 2528 unum

1978 2560 2206 2630 quidem
2238 2561 2545 2617 naturalem
2580 2571 2638 2616 et
2681 2577 2897 2627 verum,
2939 2579 3139 2635 nempe
3173 2564 3311 2621 illud
3352 2582 3422 2621 ex
3460 2566 3575 2620 Deo

1979 2652 2142 2706 Patre
2180 2651 2424 2706 Verbum
2445 2693 2459 2717 ,
2494 2653 2730 2707 alterum
2759 2668 2892 2708 vero
2937 2655 3234 2725 adoptione
3276 2665 3332 2712 et
3361 2658 3536 2727 gratia
3558 2699 3573 2721 ,

1981 2743 2136 2798 illum
2158 2742 2417 2798 videlicet
2437 2758 2505 2798 ex
2530 2743 2740 2798 semine
2766 2744 2938 2799 David
2965 2763 2977 2798 :
3009 2746 3105 2801 sed
3130 2746 3435 2802 secundum
3463 2748 3579 2803 sin-

1982 2850 2165 2889 ceram
2214 2835 2872 2905 irreprehensibilemque
2918 2836 3103 2903 fidem,
3138 2853 3262 2909 qua:
3288 2840 3401 2909 jam
3448 2839 3578 2895 inde

1984 2925 2053 2980 ab
2083 2926 2242 2980 initio
2272 2925 2342 2980 ad
2374 2941 2478 2980 nos
2511 2924 2818 2991 descendit,
2850 2943 3019 2981 unum
3064 2927 3332 2984 duntaxat
3376 2930 3578 2985 Filium

1982 3026 2041 3074 ct
2070 3019 2364 3074 Dominum
2398 3018 2586 3074 Iesum
2626 3017 2931 3084 Christum,
2976 3020 3158 3091 ipsum
3189 3022 3452 3077 nimirum
3488 3023 3577 3078 in-

1986 3119 2275 3167 carnatum
2304 3118 2361 3167 et
2402 3111 2685 3166 hominem
2729 3112 2935 3167 factum
2968 3113 3065 3168 Dei
3100 3115 3279 3170 Patris
3311 3114 3577 3180 Verbum,

292 3223 389 3277 γον
413 3246 429 3269 ,
465 3205 963 3277 ὲνανθρωπήσαντα
1002 3205 1095 3258 καὶ
1130 3204 1575 3276 σεσαρκωμένον,
1607 3202 1750 3257 κατά
1783 3202 1880 3273 τὴν

1983 3206 2140 3275 juxta
2168 3212 2484 3259 sanctorum
2513 3203 2737 3259 Patrum
2768 3205 3173 3261 confessionem
3200 3226 3213 3259 :
3242 3208 3315 3262 ita
3346 3217 3408 3263 ut
3428 3224 3583 3267 unus

294 3296 405 3353 τῶν
466 3296 640 3366 ἁγίων
695 3297 955 3367 Πατέρων
1009 3295 1339 3368 ὁμολογίαν·
1378 3294 1521 3349 ὥστε
1569 3294 1662 3349 τὸν
1722 3295 1886 3348 αὐτὸν

294 3388 437 3447 εἶναι
491 3408 553 3444 τε
598 3390 694 3444 καὶ
748 3390 1002 3459 λέγεσθαι
1045 3392 1110 3443 ὲκ
1148 3388 1286 3442 Θεοῦ
1316 3389 1530 3461 Πατρδς
1560 3387 1780 3452 θεῖκῶς,
1811 3389 1887 3451 ὡς

296 3484 469 3554 Λόγον
507 3482 695 3546 αὐτοῦ,
732 3483 827 3536 καὶ
859 3484 926 3537 ὲκ
965 3482 1067 3555 τῆς
1104 3482 1295 3547 οὐσίας
1345 3482 1514 3536 αὐτοῦ
1554 3483 1887 3553 προελθόντα

297 3575 565 3646 φυσικῶς,
626 3578 719 3628 καὶ
768 3577 833 3629 ἐκ
889 3576 1204 3645 σπέρματος
1264 3576 1429 3628 Δαϐὶδ
1486 3576 1627 3629 κατὰ
1687 3577 1884 3647 σάρκα,

297 3670 467 3739 ἤγουν
506 3670 571 3720 ὲκ
616 3668 715 3737 τῆς
748 3666 910 3736 ἁγίας
943 3668 1038 3721 καὶ
1088 3668 1352 3721 Θεοτόκου
1386 3668 1624 3739 Μαρίας.
1668 3669 1742 3721 Οὐ
1778 3669 1888 3741 γὰρ

298 3760 487 3832 ἕτερον
512 3758 608 3812 καὶ
635 3759 841 3831 ἕτερον,
875 3759 951 3823 ὠς
981 3759 1138 3831 ἔφην,
1172 3760 1479 3831 παρέδοσαν
1506 3762 1557 3813 οἱ
1583 3761 1677 3813 ἀπ’
1711 3761 1889 3832 ἀρχῆς

300 3851 589 3915 αὐτόπται,
625 3851 722 3905 καὶ
772 3839 1044 3921 ὑπηρέται
1075 3851 1361 3921 γενόμενοι
1393 3851 1485 3904 τοῦ
1519 3851 1679 3920 λόγου
1704 3869 1717 3882 ο
1754 3852 1888 3907 ἀλλὰ

300 3944 399 3999 ἕνα
458 3943 554 3997 καὶ
615 3943 709 3995 τὸν
756 3942 941 4009 αὐτὸν,
970 3942 1107 3996 Θεόν
1139 3960 1198 3996 τε
1242 3943 1379 4013 όμοῦ
1438 3944 1531 3998 καὶ
1578 3945 1885 4015 ἄνθρωπον,

305 4035 596 4108 μονογενῆ,
652 4036 1027 4107 πρωτότοκον*
1080 4036 1169 4089 ῐνα
1216 4037 1279 4090 τὸ
1314 4036 1414 4107 μὲν
1443 4037 1557 4108 ἔχοι
1584 4039 1801 4102 θεῖκῶς,
1828 4041 1889 4093 τὸ

302 4127 360 4181 δί
410 4127 800 4195 άνθρωπίνως’
837 4129 919 4181 ὃτι
963 4128 1189 4196 γέγονεν
1236 4130 1295 4181 ὲν
1345 4129 1561 4193 πολλοῖς
1605 4131 1886 4200 ἀδελφοῖς,

303 4221 404 4293 τὴν
428 4222 567 4293 πρὸς
596 4224 743 4291 ἡμᾶς
768 4222 1029 4293 ὁμοίωσιν
1058 4222 1327 4284 ὑπελθὼν,
1352 4225 1446 4276 καὶ
1471 4225 1571 4277 οὐκ
1602 4226 1889 4297 ἄνθρωπον

304 4314 463 4369 ἄλλον
509 4314 755 4383 συνάψας
807 4312 1007 4384 ἐαυτῷ,
1053 4314 1197 4367 καθά
1244 4319 1461 4386 φρονεῖν
1522 4316 1667 4382 ἔδοξέ
1724 4335 1887 4383 τισιν,

304 4406 420 4462 ἀλλ’
450 4406 776 4478 αὐτόχρημα
813 4408 1105 4478 γενόμενος
1150 4407 1458 4475 ἄνθρωπος,
1494 4412 1589 4463 καὶ
1614 4413 1716 4464 οὐκ
1753 4413 1890 4465 ἁπο-

1990 3297 2248 3366 idemque
2281 3297 2353 3351 sit
2384 3306 2441 3351 et
2476 3296 2693 3351 dicatur
2723 3298 2817 3367 qui
2848 3297 3114 3354 divinitus
3146 3314 3214 3354 ex
3244 3300 3356 3356 Deo
3393 3302 3579 3365 Patre.

1989 3398 2181 3459 utpote
2206 3390 2447 3445 Verbum
2478 3390 2628 3445 illius
2661 3397 2718 3443 et
2745 3404 2813 3444 ex
2850 3390 2971 3461 ejus
3008 3390 3317 3447 substantia
3351 3403 3580 3448 natura-

1988 3482 2118 3537 liter
2145 3481 2427 3552 procedit,
2458 3490 2515 3536 et
2546 3480 2641 3551 qui
2683 3496 2752 3536 ex
2795 3483 3005 3537 semine
3055 3482 3226 3537 David
3273 3483 3583 3540 secundum

1989 3591 2234 3640 carnem,
2267 3574 2372 3629 hoc
2398 3586 2503 3639 est,
2534 3590 2599 3629 ex
2628 3582 2817 3628 sancta
2845 3584 2901 3628 et
2930 3574 3026 3629 Dei
3064 3576 3331 3645 genitrice
3357 3577 3583 3649 Virgine

1990 3668 2158 3723 Maria
2180 3677 2337 3723 ortus
2360 3676 2463 3722 est.
2492 3668 2611 3721 Non
2642 3666 2790 3721 enim
2821 3666 2988 3722 alium
3017 3676 3183 3737 atque
3207 3668 3365 3739 195
3387 3671 3580 3737 alium,

1992 3767 2053 3814 ut
2092 3759 2226 3824 dixi,
2263 3759 2611 3814 tradiderunt
2655 3758 2815 3813 nobis
2853 3759 2948 3828 qtti
2981 3759 3051 3814 ab
3085 3760 3244 3815 initio
3286 3762 3390 3832 ipsi
3419 3764 3582 3821 vide-

1991 3862 2142 3918 runt,
2167 3868 2230 3908 ac
2268 3852 2507 3907 ministri
2540 3852 2766 3907 fuerunt
2800 3852 3073 3909 sermonis
3105 3852 3171 3919 ³¹¹,
3206 3854 3302 3909 sed
3330 3871 3499 3910 unum
3526 3865 3585 3913 et

1990 3945 2245 4001 eumdem
2295 3946 2466 4000 Deum
2501 3945 2665 3999 simul
2697 3953 2753 3999 et
2787 3944 3093 4009 hominem,
3130 3946 3473 4017 unigenitum
3516 3965 3584 4005 ac

1992 4040 2452 4111 primogenitum;
2490 4047 2552 4092 ut
2600 4038 2737 4092 illud
2784 4038 3009 4109 quidem
3059 4039 3262 4094 habeat
3308 4050 3368 4095 ut
3406 4042 3580 4108 Deus,

1992 4133 2141 4188 istud
2172 4146 2307 4187 vero
2340 4140 2400 4185 ut
2432 4130 2615 4184 homo.
2662 4129 2860 4184 Factus
2892 4141 2975 4186 est
3009 4132 3157 4186 enim
3193 4133 3339 4189 inter
3380 4135 3584 4191 multos

1992 4226 2191 4281 fratres
2212 4226 2281 4290 ",
2305 4224 2373 4279 ad
2400 4233 2643 4277 nostram
2676 4222 3094 4279 similitudinem
3118 4240 3239 4281 sese
3262 4226 3580 4292 demiltcns,

1992 4334 2104 4373 non
2130 4317 2295 4372 alium
2327 4314 2640 4379 hominem,
2671 4324 2731 4371 ut
2765 4314 3095 4386 quibusdam
3128 4316 3307 4371 visum
3334 4326 3448 4383 est,
3474 4319 3583 4373 sibi

1993 4411 2315 4483 adiungens,
2350 4408 2445 4463 sed
2479 4407 2622 4461 idem
2649 4407 2765 4477 ipse
2801 4422 2993 4461 revera
3023 4409 3199 4462 factus
3227 4408 3414 4474 homo,
3441 4418 3497 4465 et
3526 4410 3581 4465 id

308 4501 441 4564 στὰς
471 4498 567 4553 τοῦ
598 4496 736 4553 εἶναι
760 4500 789 4554 ὁ
812 4496 902 4573 ἦν.
934 4501 1066 4566 Θεὸς
1096 4501 1205 4573 γὰρ
1229 4502 1304 4555 ὢν
1336 4503 1494 4571 φύσει
1528 4506 1619 4558 καὶ
1651 4506 1880 4574 ἀπαθὴς,

1994 4502 2139 4574 quod
2174 4513 2291 4557 erat
2324 4516 2445 4556 esse
2489 4515 2600 4555 non
2642 4499 2916 4555 desinens.
2948 4500 3082 4553 Nam
3120 4516 3245 4555 cum
3275 4516 3343 4556 ex
3386 4512 3582 4559 natura

304 4592 394 4646 διὰ.
441 4590 601 4645 τοῦτο
650 4594 814 4663 σαρκὶ
855 4596 921 4663 τῇ
963 4593 1071 4664 ἰδίᾳ
1112 4594 1378 4649 πέπονθεν
1409 4596 1570 4651 ἑκών.
1602 4600 1675 4651 Οὐ
1700 4602 1806 4670 γάρ
1833 4601 1890 4651 τὸ

307 4683 494 4756 ἑτέρου
522 4682 668 4747 τινὸς
708 4685 865 4755 σῶμα
897 4684 1129 4739 δέδωκεν
1166 4688 1306 4757 ὑπὲρ
1342 4687 1532 4759 ἡμῶν·
1586 4690 1700 4743 ἀλλ’
1730 4692 1891 4757 ari-:6;

308 4772 504 4827 ἑαυτὸν
532 4775 560 4827 δ
591 4774 889 4845 μονογενὴς
931 4773 1025 4828 τοῦ
1064 4774 1198 4829 Θεοῦ
1249 4777 1441 4845 Λόγος,
1472 4781 1761 4850 γενόμενος
1797 4781 1891 4834 ἄν·

310 4865 553 4939 ορωπος,
602 4866 681 4930 ὼς
726 4867 957 4937 ἄμωμον
1011 4869 1206 4940 ίερεῖον
1263 4874 1633 4944 προσεκόμισε
1663 4875 1742 4944 τῷ
1771 4874 1890 4945 Θεῷ

308 4956 406 5012 καὶ
454 4957 651 5029 Πατρί.
681 4954 789 5011 Ἦν
826 4955 920 5013 οῦν
959 4961 1278 5029 ἀναγκαῖον,
1313 4963 1573 5036 λαμπράν
1619 4969 1764 5037 ἡμᾶς
1797 4970 1889 5021 ἐπὶ

307 5049 522 5114 τούτοις
556 5049 711 5119 ἄγειν
731 5052 945 5122 ἑορτὴν,
970 5054 1475 5126 συνεκϐεϐλημέννης
1498 5058 1738 5128 δηλονότι
1769 5062 1889 5123 ταῖς

310 5143 605 5215 Νεστορίου
684 5145 1023 5211 κακοδοξίαις
1085 5149 1177 5201 καὶ
1245 5152 1428 5221 φωνῆς
1482 5152 1696 5222 ἁπάσης
1758 5156 1889 5225 παρ’

309 5234 557 5300 ὀτιοῦνιι,
592 5238 642 5291 εί
699 5239 821 5302 ταῖς
893 5238 1103 5292 ἐκείνου
1156 5242 1427 5313 συμϐαίνῃ
1478 5243 1887 5317 ψευδηγορίαις.

309 5325 612 5399 Κεχώρηκε
646 5328 755 5400 γάρ
787 5330 929 5384 κατὰ
956 5333 1177 5385 πάντων
1205 5333 1314 5385 τῶν
1347 5334 1415 5386 τά
1439 5333 1528 5387 ἶσα
1551 5340 1892 5406 φρονούντων

311 5419 524 5489 ἐκείνῳ,
548 5423 718 5492 ἡγουν
742 5433 765 5461 ο
804 5423 899 5477 καὶ
939 5426 1362 5495 πεφρονηκότων
1404 5429 1647 5492 πώποτε,
1669 5432 1729 5482 τὸ
1760 5433 1890 5483 ἀπο-

379 5538 742 5605 "ITim.tv,
796 5541 849 5595 2.
930 5542 975 5573 ³⁷
1029 5542 1047 5596 1
1104 5542 1244 5597 Tim.
1299 5561 1371 5607 τι,
1409 5545 1483 5599 20.

1991 4596 2139 4649 Deus
2164 4603 2220 4647 ct
2247 4591 2570 4662 impatibilis
2592 4598 2760 4653 esset,
2797 4590 2923 4644 ideo
2948 4589 3004 4643 in
3044 4591 3267 4659 propria
3296 4606 3461 4647 carne
3488 4610 3583 4647 vo-

1990 4687 2229 4742 luntarie
2257 4699 2451 4755 passus
2478 4690 2581 4738 est.
2619 4683 2809 4752 Neque
2840 4682 2987 4736 enim
3018 4682 3249 4739 alterius
3278 4684 3582 4753 cujuspiam

1990 4789 2193 4844 corpus
2224 4788 2325 4843 pro
2352 4772 2514 4826 nobis
2549 4770 2723 4835 dedit,
2756 4770 2850 4825 sed
2896 4771 3074 4840 ipsum
3112 4772 3457 4843 unigenitum
3491 4774 3584 4828 Dci

1990 4866 2231 4923 Verbum
2258 4865 2423 4918 homo
2449 4863 2676 4926 factum,
2707 4870 2767 4916 ut
2791 4862 3197 4918 immaculatam
3224 4864 3499 4919 victimam
3528 4882 3586 4919 se

1995 4961 2109 5016 Deo
2133 4967 2189 5013 et
2230 4957 2377 5013 Patri
2408 4956 2630 5011 obtulit.
2657 4954 2893 5009 Proinde
2935 4971 3153 5025 aequum
3194 4955 3300 5031 fuit
3339 4956 3589 5012 hilariter

1998 5055 2086 5109 his
2125 5053 2194 5108 de
2226 5052 2410 5107 causis
2442 5050 2641 5105 festum
2679 5048 2825 5104 diem
2858 5065 3039 5119 agere,
3080 5051 3253 5120 ejecta
3283 5051 3393 5120 jam
3422 5052 3588 5105 simul

1999 5164 2124 5203 cum
2166 5159 2425 5217 perversa
2455 5143 2692 5198 Nestorii
2733 5142 3014 5212 opinione,
3050 5144 3200 5197 omni
3239 5143 3343 5197 alia
3373 5160 3404 5197 a
3447 5159 3588 5214 quo-

2000 5255 2217 5311 cunque
2242 5238 2445 5293 emissa
2467 5252 2623 5299 voce,
2648 5251 2769 5307 qua:
2793 5251 2917 5290 cum
2950 5236 3099 5290 illius
3126 5236 3428 5291 mendaciis
3451 5252 3586 5292 con-

1999 5334 2234 5388 veniret.
2261 5329 2516 5385 Procedit
2540 5328 2688 5383 enim
2719 5327 2985 5382 adversus
3007 5345 3221 5395 omnes,
3254 5331 3347 5399 qui
3383 5331 3590 5400 pariter

2000 5446 2126 5485 cum
2164 5428 2258 5481 illo
2299 5424 2566 5484 sentiunt,
2615 5426 2701 5475 vel
2738 5422 2899 5475 etiam
2942 5422 3238 5491 aliquando
3272 5434 3584 5487 senserunt,

1576 5550 1621 5578 "
1648 5550 1691 5603 li
1724 5550 1865 5604 Tim.
1896 5568 1970 5615 tv,
1994 5551 2049 5606 9..
2130 5548 2175 5579 ”
2212 5547 2370 5601 Rom.
2396 5556 2513 5599 vttt,
2547 5539 2637 5593 9.9.

1412 5668 1586 5722 νει-ξω
1611 5669 1875 5724 lectiones
1904 5668 2112 5724 codicis
2138 5659 2503 5734 Seguicriani.

381 5757 407 5822 γ
441 5751 904 5822 ἀκαταγτὲ.ινιςτον.

494 5760 904 5829 εαταγτὲρνιςτον.
1010 5773 1031 5798 τ
1068 5760 1466 5829 ἁττοᾳήναντος.

308 5828 335 5860 ⁸
360 5818 391 5890 ἦ
420 5820 571 5889 γοῦν.

1570 5772 1591 5807 δ’
1632 5762 1707 5817 ὡς
1745 5764 2039 5819 ἀπωτάτω.
2146 5768 2165 5796 ⁷
2207 5770 2559 5825 κενῡζννὲνῑῦςςι

2671 5763 2694 5791 ι
2749 5748 2962 5821 άληθῶς
3093 5748 3119 5786 ι’
3155 5748 3284 5819 παρ’
3341 5743 3587 5803 ὁτουοῦν.
