4126 6314
547 360 652 419 335

1564 339 1620 387 δ.
1659 336 1929 388 ωιυω..
1969 332 2437 381 ALEXANDth
2478 327 2800 383 ARCHIEP.

3676 322 3790 380 356

546 471 691 546 quod
730 477 787 524 et
814 481 916 522 nos
945 473 1000 519 ct
1042 460 1303 518 sanctitas
1342 463 1524 546 vestra
1546 450 1801 546 absolute
1826 443 2082 546 diximus
2099 482 2112 505 ,

2218 441 2393 506 λύτως
2434 443 2584 514 ἡμᾶς
2631 460 2693 496 τε
2739 444 2832 496 καὶ
2865 443 2962 514 τὴν
2995 441 3244 511 ὁσιότητα
3288 440 3440 510 ὑμῶν
3469 439 3642 492 εἰπεῖν
3662 454 3674 467 ·
3698 439 3789 491 δτι

547 531 1007 620 anathematizare
1026 567 1128 609 nos
1147 566 1244 607 eos
1261 547 1356 619 qui
1377 545 1516 601 duos
1537 541 1678 596 ﬁlios
1700 537 1788 594 vel
1809 535 1948 591 duos
1967 531 2113 588 chri-

547 663 660 708 stos
701 650 912 705 dicunt.
949 644 1103 702 Unus
1134 641 1302 704 enim,
1349 637 1492 692 sicut
1520 633 1654 696 dixi,
1691 645 1816 687 cum
1849 644 1881 683 a
1923 625 2111 689 nobis,

547 753 665 798 tum
689 741 855 797 etiam
895 753 926 792 a
951 735 1109 806 vobis
1139 731 1464 804 praedicatur
1494 726 1748 784 Christus
1779 731 1836 778 et
1861 719 2030 777 Filius
2059 726 2116 772 et

546 833 829 895 Dominus,
861 827 996 884 illud
1023 824 1366 896 unigenitum
1396 819 1493 876 Dei
1522 817 1784 879 Verbum,
1818 834 1837 866 ι
1873 816 1930 868 in
1966 810 2116 867 simi-

547 923 776 978 litudine
807 919 1090 975 hominum
1123 915 1348 978 factum,
1380 919 1437 967 et
1462 909 1674 992 habitu,
1702 904 2004 962 secundum
2032 917 2114 956 sa-

545 1011 874 1086 pientissimi
909 1008 1062 1065 Pauli
1094 1021 1282 1062 vmm
1303 1044 1318 1069 ,
1363 1010 1424 1058 ut
1454 1002 1619 1056 homo
1657 999 1942 1053 inventum
1974 994 2040 1047 “.
2074 1009 2104 1086 i

547 1081 703 1172 Quod
735 1111 918 1158 autem
939 1098 1144 1155 Christi
1176 1110 1395 1150 carnem
1418 1093 1598 1148 anima
1632 1089 1968 1159 intelligente
1999 1081 2114 1139 ani-

548 1205 750 1252 matam
785 1208 904 1249 esse
937 1191 1204 1252 dicamus,
1233 1187 1288 1241 id
1320 1197 1696 1256 saepenumero
1724 1183 1834 1254 jam
1863 1187 1991 1234 ante
2016 1176 2112 1232 de-

549 1291 906 1343 monstratum
941 1287 1043 1333 est.
1093 1277 1162 1332 Et
1206 1276 1260 1330 in
1309 1273 1538 1344 epistola
1572 1271 1640 1327 ad
1689 1269 1979 1326 Armenios
2013 1265 2112 1338 (l),

547 1391 672 1434 cum
721 1381 1028 1429 sermonem
1070 1366 1320 1424 veritatis
1370 1372 1518 1420 recte
1577 1370 1862 1425 tractaret,
1911 1359 2115 1416 diserte

546 1461 865 1535 praedicavit
885 1458 1262 1515 sanctissimus
1279 1465 1337 1510 et
1363 1452 1806 1524 religiosissimus
1834 1451 2000 1507 frater
2018 1464 2115 1504 no-

546 1562 660 1610 ster
700 1559 757 1608 et
795 1549 1150 1619 ooepiscopus
1178 1546 1426 1611 Proclus,
1455 1545 1540 1599 vir
1571 1545 1714 1616 pius,
1742 1551 1798 1598 et
1837 1543 1907 1597 ad
1936 1549 2112 1598 certa-

546 1657 673 1698 men
695 1640 961 1696 adversus
985 1651 1081 1692 eos
1105 1637 1198 1707 qui
1229 1650 1350 1707 quae
1379 1642 1527 1690 recta
1549 1644 1679 1688 sunt
1704 1638 2022 1704 pervertunt
2044 1631 2112 1694 “,

544 1733 893 1796 exercitatus,
925 1739 981 1784 et
1005 1741 1074 1784 ex
1103 1726 1348 1782 veritatis
1377 1725 1679 1780 assertione
1711 1723 1995 1778 victor-iam
2025 1737 2112 1777 re-

548 1831 766 1894 portare
786 1829 1055 1877 assuetus.
1077 1817 1312 1875 infames
1330 1824 1512 1870 autem
1535 1815 1842 1887 opiniones,
1867 1812 2113 1876 Diodori,

549 1914 792 1986 inquam,
827 1925 890 1965 ac
915 1907 1225 1974 Theodori;
1248 1917 1305 1962 et
1332 1907 1563 1962 aliorum
1593 1904 1955 1975 quorumdam
1977 1917 2117 1974 quos

548 2017 658 2058 non
684 1999 907 2055 laudare
930 1999 1103 2053 satius
1122 2004 1260 2062 erat,
1283 2011 1352 2050 ne
1370 1995 1501 2065 quid
1527 1996 1744 2066 gravius
1767 1994 1967 2057 dicam,
1991 2008 2116 2064 pro-

549 2095 736 2159 pterea
787 2087 934 2158 quod
1001 2087 1178 2157 plenis
1219 2085 1622 2155 quodammodo
1664 2085 1802 2140 velis
1853 2086 2118 2141 adversus

548 2179 752 2235 Christi
797 2179 1025 2250 gloriam
1064 2177 1347 2241 ferantur,
1397 2191 1579 2240 nemo,
1617 2176 1875 2241 obsecro,
1915 2177 2120 2232 sanctis

549 2267 976 2336 orthodoxisque
1001 2265 1252 2321 Patribus
1274 2265 1498 2328 nostris,
1529 2265 1846 2329 Athanasio,
1875 2265 2116 2336 inquam,

550 2358 768 2423 Basilio,
791 2357 1076 2428 Gregorio,
1109 2355 1432 2425 Theophila,
1456 2362 1513 2410 et
1541 2356 1768 2425 reliquis
1792 2356 2019 2421 tribuat,
2049 2373 2119 2412 ne

550 2465 661 2519 quo
701 2457 860 2521 pacto
892 2463 978 2503 res
1013 2447 1127 2502 haec
1154 2447 1432 2501 nonnullis
1473 2446 1711 2501 scandali
1743 2446 1838 2500 ﬁat
1880 2447 2116 2512 occasio,

547 2539 989 2594 existimantibus
1016 2552 1208 2592 revera
1240 2537 1314 2591 ita
1346 2539 1580 2592 sensisse
1603 2553 1667 2591 ac
1695 2537 1948 2593 docuisse
1973 2538 2120 2594 viros

550 2628 718 2683 totius
746 2638 905 2683 recta:
927 2627 1051 2683 ﬁdei
1073 2627 1349 2692 custodes,
1375 2628 1578 2698 quique
1609 2637 1796 2683 contra
1833 2645 2122 2699 perversas

550 2721 839 2790 opiniones
878 2735 986 2774 non
1029 2719 1190 2774 modo
1219 2720 1486 2785 Nestorii,
1520 2720 1615 2776 sed
1647 2722 1811 2776 etiam
1851 2723 2116 2789 aliorum,

555 2810 717 2882 196
743 2811 837 2880 qui
867 2809 1013 2869 idem
1057 2811 1203 2881 quod
1235 2811 1521 2886 Nestorius
1550 2822 1674 2867 ante
1706 2813 1885 2884 ipsum
1931 2830 2118 2870 sense-

552 2910 680 2956 rant
723 2907 780 2955 et
823 2900 1021 2957 litteris
1060 2901 1402 2970 mandaram,
1449 2906 1730 2976 Oppositos
1775 2905 1946 2960 libros
1988 2907 2120 2960 reli-

549 2999 802 3060 querunt.
846 2990 1107 3061 Optamus
1139 3002 1320 3047 autem
1350 3002 1411 3047 ut
1451 3008 1639 3048 omnes
1668 3009 1756 3050 res
1785 3010 1912 3050 suas
1938 3002 2118 3066 agant,

550 3094 728 3149 neque
755 3079 943 3133 turbas
964 3080 1228 3134 Ecclesiis
1249 3081 1508 3146 excitent,
1531 3083 1640 3152 jam
1656 3097 1753 3152 per
1767 3082 1969 3138 Christi
2001 3100 2123 3154 gra-

551 3170 770 3235 tiam,et
793 3171 1075 3226 doctorum
1089 3171 1294 3242 ubique
1311 3181 1582 3228 terrarum
1606 3174 1938 3244 vigilantiam
1963 3176 2122 3231 seda-

552 3270 656 3326 tas,
680 3277 858 3332 neque
883 3262 968 3316 vel
991 3263 1093 3318 sibi
1117 3263 1267 3333 ipsis,
1287 3265 1374 3320 vel
1395 3265 1744 3338 aliisnegotia
1759 3268 1938 3324 denuo
1954 3269 2122 3325 faces-

551 3361 691 3408 sant.
712 3353 976 3409 Ca'terum
991 3354 1083 3423 qui
1102 3369 1224 3409 cum
1241 3355 1489 3411 Nestorio
1505 3357 1795 3427 aliquando
1811 3369 2119 3424 senserunt,

551 3458 698 3499 nunc
711 3457 841 3498 vero
861 3459 928 3498 ex
943 3443 1127 3498 animo
1142 3443 1538 3513 resipiscentes,
1556 3463 1587 3502 a
1607 3449 1768 3519 nugis
1783 3449 1928 3504 illius
1942 3450 2120 3506 disce-

549 3533 707 3600 dunt,
741 3542 1056 3604 mutataque
1094 3534 1374 3590 voluntate
1419 3547 1622 3593 rectam
1654 3540 2027 3612 integramque
2052 3541 2119 3596 ii-

550 3623 674 3678 dem
717 3622 1004 3694 complecti
1048 3633 1394 3694 proponunt,
1439 3640 1534 3682 eos
1588 3628 1800 3698 placide
1843 3631 2119 3702 suscipere

551 3722 783 3792 oportet,
813 3729 914 3770 nec
945 3715 1198 3785 cuiquam
1240 3717 1482 3782 illorum,
1515 3722 1915 3789 prateritorum
1957 3738 2119 3780 causa

551 3806 856 3862 convicium
891 3805 1101 3872 facere;
1135 3823 1205 3864 ne
1242 3824 1351 3878 qua
1389 3810 1602 3865 ratione
1630 3827 1696 3866 ex
1729 3827 1793 3868 ea
1821 3828 1879 3867 re
1905 3817 2120 3871 occasio

551 3895 832 3952 nonnullis
856 3897 1184 3967 prmbeatur,
1215 3909 1275 3954 ut
1309 3903 1656 3957 cunctantius
1679 3902 1746 3956 ad
1772 3904 2000 3959 meliora
2036 3905 2119 3961 fe-

551 3987 756 4042 stinent
777 3987 844 4041 δ’.
873 3986 929 4042 Si
967 3988 1113 4042 enim
1141 4004 1236 4044 eos
1266 3991 1361 4060 qui
1389 3992 1765 4062 corporalibus
1804 3996 2011 4051 morbis
2034 4009 2118 4051 te-

552 4086 772 4140 nentur,
802 4077 871 4132 ab
900 4077 1007 4133 illis
1031 4077 1252 4135 liberari
1282 4081 1551 4152 cupimus,
1578 4084 1752 4155 iisque
1781 4087 2120 4153 congratula-

553 4182 675 4223 mur
703 4167 797 4223 ubi
838 4167 896 4223 id
937 4171 1247 4240 contigerit,
1273 4173 1549 4242 quomodo
1573 4190 1682 4229 non
1713 4176 1882 4246 magis
1911 4178 2117 4248 gaude-

2216 535 2681 606 ἀναθεματίζομεν
2713 537 2842 598 τοὺς
2874 535 3023 599 υἱοὺς
3072 534 3324 602 λέγοντας
3367 532 3480 594 δύο,
3542 529 3635 582 καὶ
3686 529 3790 583 δύο

2215 626 2506 698 Χριστούς.
2534 623 2632 692 Εἷς
2682 627 2812 698 γὰρ,
2840 627 2914 691 ὡς
2961 626 3117 695 ιφην.
3165 625 3489 694 κηρύττεται
3543 621 3677 692 πρός
3723 636 3789 674 τε

2217 717 2377 788 ήμῶν
2398 718 2580 771 αὐτῶν
2602 717 2698 772 καὶ
2722 717 2898 788 ὑμῶν,
2923 715 3174 788 Χριστὸς,
3203 716 3295 769 καὶ
3330 714 3479 780 me,
3523 712 3619 766 καὶ
3669 712 3788 765 Κύ-

2218 828 2352 883 ριος,
2385 814 2416 866 ό
2461 814 2753 884 μονογενὴς
2780 813 2878 865 τοῦ
2925 809 3061 863 Θεοῦ
3105 807 3294 876 Λόγος,
3343 826 3360 856 ι
3386 807 3445 858 εν
3477 806 3793 876 ὁμοιώματι

2215 890 2522 975 ἀνθρώπων
2549 903 2859 975 γενόμενος,
2888 901 2983 955 καὶ
3017 901 3256 971 σχήματι
3299 897 3569 968 εὑρεθεὶς,
3595 897 3670 961 ὡς
3694 894 3795 951 ἀν·

2213 991 2453 1064 θρωπος,
2473 1013 2494 1047 ι
2522 995 2661 1049 κατά
2691 993 2787 1066 τὴν
2840 991 2935 1046 τοῦ
2977 991 3289 1060 σοφωτάτου
3336 987 3548 1044 Παύλου
3581 987 3790 1059 φωνήν.

2215 1085 2341 1139 ὀτι
2387 1085 2446 1139 δὲ
2487 1087 2588 1158 τὴν
2631 1084 2726 1140 τοῦ
2777 1085 2983 1154 Κυρίου
3032 1083 3212 1153 σάρκα
3245 1079 3555 1152 ιψυχῶσθαί
3608 1094 3794 1150 φαμεν

2214 1177 2361 1248 ψυχῇ
2389 1179 2572 1248 νοερᾷ,
2601 1177 2870 1231 δέδεικται
2911 1175 3010 1228 πλε
3021 1173 3243 1244 ισταχοῦ
3275 1173 3473 1226 ταῦτα’
3511 1171 3604 1225 καὶ
3629 1172 3689 1224 ιν
3716 1171 3791 1240 τῇ

2218 1270 2354 1342 πρὸς
2402 1269 2720 1342 ’Δρμενίους
2752 1268 3029 1340 ὶπιστολῇ,
3061 1265 3154 1320 τὸν
3201 1265 3302 1336 τῆς
3349 1262 3606 1335 ἀληθείας
3631 1263 3797 1330 λόγον

2217 1363 2553 1434 όρθοτομῶν,
2583 1361 2870 1434 διεκήρυξε
2901 1359 3087 1430 σαφῶς
3109 1359 3134 1400 δ
3160 1361 3190 1413 ό
3215 1356 3509 1416 ὁσιώτατος
3537 1355 3632 1410 καὶ
3671 1354 3794 1408 θεο-

2220 1453 2544 1518 σεϐέστατος
2581 1452 2808 1521 ἀδελφὸς
2846 1451 3024 1524 ἡμῶν,
3061 1451 3155 1505 καὶ
3202 1449 3599 1508 συνεπίσκοπος
3637 1444 3787 1516 Πρό-

2215 1545 2361 1608 κλος,
2393 1545 2535 1616 ἀνὴρ
2565 1543 2814 1614 εὐσεϐὴς,
2851 1544 2945 1597 καὶ
2971 1545 3086 1606 τοῖς
3116 1540 3187 1594 τά
3245 1538 3381 1612 ὀρθὰ
3428 1538 3790 1610 διαστρέφω-

2216 1653 2300 1688 σιν
2316 1633 2741 1688 ἀνταποδύεσθαι
2778 1632 3166 1706 μεμελετηκώς
3188 1648 3204 1664 °
3236 1632 3318 1685 ὅτι
3359 1631 3454 1685 καὶ
3486 1631 3640 1702 νικᾷν
3668 1628 3797 1692 ἔθος

2215 1724 2364 1796 αὐτῷ
2411 1723 2767 1797 πρεσϐεύοντι
2809 1723 2907 1795 τὴν
2955 1723 3224 1795 ἀλήθειαν.
3253 1720 3690 1791 Διαϐεϐλημένας
3729 1719 3797 1773 δὲ

2215 1817 2394 1883 δόξας,
2418 1814 2680 1886 Διοδώρου
2712 1831 2794 1881 τε,
2831 1815 3001 1886 φημὶ,
3031 1815 3127 1869 καὶ
3157 1811 3452 1885 Θεοδώρου,
3494 1811 3526 1882 ἢ
3553 1811 3646 1866 καὶ
3673 1810 3798 1864 ἑτέ-

2220 1925 2328 1979 ρων
2359 1906 2553 1973 τινῶν,
2577 1904 2670 1970 οὓς
2707 1902 2776 1978 ἦν
2814 1906 3036 1976 ἀμεινον
3065 1905 3166 1958 οὐκ
3199 1905 3440 1958 ἐπαινεῖν
3467 1944 3483 1968 ,
3513 1903 3600 1957 ἵνα
3629 1904 3702 1974 μή
3733 1920 3796 1955 τι

2215 2001 2426 2070 λέγοιμι
2455 2000 2730 2071 φορτικὸν,
2757 1998 2854 2052 καὶ
2877 1996 2938 2052 τδ
2963 1997 3104 2060 ὅλοις
3121 1995 3309 2068 ὥσπερ
3343 1995 3535 2058 ἱστίοις
3566 2010 3797 2069 κατενε-

2215 2084 2408 2156 χθῆναι
2436 2086 2535 2156 τῆς
2566 2085 2722 2155 δόξης
2749 2085 3007 2154 Χριστοῦ,
3039 2085 3230 2156 μηδεὶς
3261 2083 3653 2155 ιπιφημιζέτω,
3686 2100 3797 2138 πα-

2219 2177 2582 2248 ρακαλοῦμεν,
2607 2180 2716 2240 τοῖς
2745 2177 2919 2245 ἀγίοις
2947 2177 3043 2232 καὶ
3062 2176 3361 2247 όρθοδόξοις
3390 2175 3547 2246 ἡμῶν
3577 2177 3801 2248 Πατρά-

2220 2287 2322 2334 σιν,
2355 2270 2654 2342 Ἀθανασίῳ
2683 2288 2763 2335 τε,
2799 2272 2960 2341 φημὶ,
2983 2271 3077 2324 καὶ
3117 2269 3398 2342 Βασιλείῳ,
3431 2269 3709 2342 Γρηγορίῳ
3728 2284 3799 2322 τι

2219 2361 2311 2414 καὶ
2334 2360 2598 2432 Θεοφίλῳ,
2630 2359 2725 2414 καὶ
2763 2361 2875 2424 τοῖς
2911 2359 3116 2422 λοιποῖς
3134 2377 3149 2392 ο
3182 2363 3257 2430 μὴ
3277 2360 3392 2430 ἄρα·
3419 2376 3534 2422 πως
3562 2356 3800 2411 σκανδά-

2218 2451 2309 2504 λου
2343 2452 2616 2522 πρόφασις
2647 2453 2707 2505 τὸ
2735 2452 2923 2522 χρῆμα
2960 2450 3182 2522 γένηταί
3207 2467 3369 2513 τισιν,
3400 2448 3628 2518 οἰηθεῖσι
3670 2449 3798 2501 κατ’

2219 2541 2477 2611 ἀλήθειαν
2517 2541 2661 2596 οὕτω
2705 2542 2970 2613 φρονῆσαι
3005 2543 3101 2596 καὶ
3149 2541 3360 2607 διδάξαι
3405 2541 3532 2604 τοὺς
3574 2540 3799 2608 ἀπάσης

2218 2629 2506 2703 ὀρθότητος
2533 2632 2896 2703 ὲπιμελητάςσ
2926 2633 3020 2686 καὶ
3039 2631 3100 2686 οὐ
3131 2634 3250 2694 ταῖς
3281 2630 3579 2701 Νεστορίου
3605 2629 3801 2700 μόναις

2219 2723 2560 2788 κακοδοξίαις
2605 2721 3064 2794 ἀντεγειρομένας
3109 2723 3344 2791 ἀφέντας
3386 2719 3619 2790 βίϐλους,
3656 2718 3800 2773 ἀλλὰ

2219 2814 2313 2865 καὶ
2364 2815 2484 2876 ταῖς
2527 2813 2637 2864 τῶν
2686 2812 2912 2882 ἑτέρων,
2940 2811 2989 2864 οῖ
3029 2810 3098 2863 τὰ
3145 2809 3441 2880 Νεστορίου
3474 2809 3580 2880 πρὸ
3623 2806 3800 2862 αὑτοῦ

2222 2905 2602 2975 πεφρονήκασί
2629 2921 2689 2956 τε
2718 2903 2810 2956 καί
2835 2902 3197 2970 γεγράφασιν.
3229 2900 3511 2972 Εὺχόμεθα
3551 2901 3627 2962 δὲ,
3659 2897 3798 2952 πάν-

2221 3012 2320 3058 τας
2373 2994 2724 3066 ίδιοπραγεῖν,
2779 2994 2876 3047 καὶ
2925 2995 3062 3065 μήτε
3107 2991 3368 3063 θορύϐους
3413 2994 3533 3055 ταῖς
3566 2991 3801 3061 Ἐκκλησ-

2226 3085 2372 3148 σίαις
2399 3086 2655 3156 ἐγείρειν,
2682 3086 2808 3148 τοὺς
2843 3083 2945 3155 ἤδη
2969 3085 3458 3156 κατηρεμήσαντας
3481 3083 3662 3154 χάριτι
3696 3084 3798 3137 τοῦ

2222 3176 2482 3248 Χριστοῦ,
2519 3177 2614 3230 καὶ
2644 3175 2733 3230 διὰ
2755 3176 2854 3247 τῆς
2876 3176 3089 3245 νήψεως
3133 3174 3240 3228 τῶν
3275 3175 3586 3246 ἁπανταχοῦ
3627 3192 3800 3246 μυστο

2221 3267 2476 3337 αιγωγῶν,
2507 3269 2644 3339 μήτε
2687 3267 2794 3339 μὴν
2825 3265 3218 3322 ἀνασκαλεύειν
3260 3267 3469 3329 ἑαυτοῖς
3512 3266 3545 3336 ἢ
3586 3267 3799 3338 ἑτέροις

2223 3360 2542 3429 πράγματα.
2572 3357 2693 3429 Χρὴ
2725 3357 2805 3423 δι,
2843 3356 2937 3410 καὶ
2959 3356 3084 3417 τοὺς
3109 3353 3179 3406 τὰ
3204 3353 3500 3424 Νεστορίου
3521 3370 3799 3425 πεφρονη-

2222 3449 2385 3511 κότας
2437 3447 2675 3513 πώποτε,
2749 3444 3259 3516 μεταγινώσκοντας
3321 3444 3441 3497 κατ’
3513 3444 3793 3515 ἀλήθειαν.

2222 3541 2316 3594 καὶ
2345 3539 2752 3607 ἀποφοιτῶντας
2794 3539 2892 3609 μὲν
2915 3539 3026 3590 τῶν
3056 3539 3268 3591 ἐκείνου
3315 3535 3617 3606 φλυαριιῖιν,
3653 3536 3797 3606 μεθ-

2219 3630 2613 3702 ορμιζομένους
2646 3631 2704 3683 δὲ
2746 3630 2884 3701 πρός
2916 3647 2976 3684 τε
3020 3629 3084 3682 τὸ
3111 3627 3316 3682 ἐθέλειν
3348 3628 3448 3696 τὴν
3489 3626 3796 3697 ἀμώμητον

2221 3722 2436 3776 ἑλέσθαι
2470 3722 2672 3787 πίστιν,
2710 3722 2933 3787 δεκτοὺς
2975 3717 3136 3784 εἶναι,
3183 3721 3277 3774 καὶ
3323 3719 3397 3790 μὴ
3436 3718 3793 3784 ὀνειδίζεσθαι

2219 3810 2326 3864 τῶν
2346 3811 2758 3881 παρῳχηκότων
2783 3811 2945 3864 ἕνεκα
2961 3828 2976 3841 ο
3009 3811 3084 3882 μὴ
3107 3810 3217 3881 ἀρα
3245 3827 3360 3872 πως
3383 3809 3542 3863 ὄκνου
3581 3809 3795 3880 πρόφα-

2221 3902 2304 3955 σίν
2341 3919 2452 3955 τισι
2480 3903 2577 3970 τῆς
2602 3906 2682 3965 είς
2702 3903 2771 3957 τὰ
2805 3904 3014 3972 ἀμείνω
3043 3901 3384 3973 μεταδρομιῖκ
3414 3900 3789 3972 ὲπεργάσηταε

2217 3992 2395 4047 τοῦτο.
2425 3993 2487 4046 Ei
2509 3994 2616 4064 γὰρ
2653 3995 2776 4057 τοὺς
2803 3995 2961 4056 ὄντας
2994 3995 3051 4046 έν
3077 3992 3409 4064 ἀρρωστίαις
3447 3994 3789 4060 σωματικαῖς

2217 4083 2652 4138 ἀπαλλάττεσθαι
2699 4082 2902 4139 τούτων
2945 4084 3248 4156 εὐχόμεθα,
3302 4083 3398 4136 καὶ
3452 4083 3791 4154 συνηδόμεθα

2215 4176 2405 4229 τούτου
2449 4174 2755 4245 συμϐάντος
2811 4175 3014 4240 αὐτοῖς,
3072 4174 3188 4238 πῶς
3247 4174 3309 4227 οὐ
3361 4174 3495 4228 πολὺ
3517 4185 3542 4214 ο
3579 4174 3785 4244 μᾶλλον

552 4259 752 4322 bimus,
773 4259 818 4315 si
840 4260 888 4314 is
905 4261 998 4330 qui
1021 4261 1280 4317 seductus
1301 4262 1498 4328 fuerat,
1515 4275 1894 4331 convertatur,
1917 4281 1971 4322 et
1990 4285 2117 4325 cum

552 4348 882 4404 conscientia
907 4350 1049 4404 bona
1077 4350 1144 4405 ad
1173 4367 1315 4408 vera:
1340 4355 1666 4426 cognitionis
1704 4358 1880 4413 lucem
1921 4376 2114 4416 accur-

553 4439 671 4494 rat?
702 4439 835 4494 Nam
861 4440 1006 4509 quod
1051 4442 1152 4511 ipsi
1177 4459 1395 4514 quoque
1423 4447 1598 4516 angeli
1635 4447 1770 4503 festa
1806 4465 1970 4520 super
2007 4452 2113 4507 hu-

2220 4461 2357 4508 σεως
2382 4444 2595 4516 ἀγαθῆς
2620 4445 2872 4516 ᾅττοντος
2900 4445 3050 4515 quiis;
3087 4446 3207 4499 Ὅτι
3246 4444 3354 4515 γὰρ
3391 4443 3490 4514 τὴν
3534 4445 3628 4497 ἐπὶ
3656 4443 3781 4498 τού-

549 4527 786 4596 jusmodi
820 4528 985 4584 rebus
1026 4531 1301 4588 celebrare
1343 4534 1553 4590 soleant
1595 4537 1661 4602 ",
1712 4538 1849 4592 nihil
1894 4540 2116 4612 ambigit

2218 4554 2327 4600 τοις
2363 4539 2559 4609 ἑορτὴν
2591 4535 2858 4590 ἐπιτελεῖν
2890 4535 3010 4600 ἔθος
3042 4538 3138 4590 καὶ
3172 4538 3282 4598 τοῖς
3323 4535 3610 4603 ἀγγέλοις,
3647 4529 3786 4589 ora»

553 4618 810 4674 sanctitas
839 4629 1043 4686 vestra,
1076 4629 1139 4675 ut
1175 4637 1296 4692 qua:
1332 4625 1434 4680 ista
1465 4626 1662 4682 docere
1686 4638 1744 4683 et
1775 4630 1830 4684 in
1865 4632 2116 4688 omnibus

2218 4627 2370 4697 ὑμῶν
2413 4629 2446 4698 ἠ
2485 4628 2727 4699 ὁσιότης,
2759 4626 2917 4680 τοῦτο
2947 4627 3291 4689 διδάσκουσα,
3319 4626 3412 4681 καὶ
3453 4628 3511 4680 εν
3547 4628 3784 4692 ἀπάσαις

551 4707 798 4762 ecclesiis
821 4724 1094 4778 exponere
1120 4713 1313 4777 soleat,
1346 4722 1404 4769 et
1430 4713 1726 4774 Salvatoris
1752 4722 1926 4776 nostri
1953 4724 2116 4780 verba

2218 4711 2332 4781 ταῖς
2371 4718 2716 4789 Ἐκκλησίαις
2754 4719 3114 4790 ἐξηγουμένη,
3145 4718 3238 4770 καὶ
3273 4718 3372 4782 τὰς
3398 4717 3493 4772 τοῦ
3535 4717 3786 4790 Σωτῆρος

553 4813 662 4852 non
691 4800 922 4870 ignoret.
946 4799 1086 4858 Illud
1109 4812 1292 4859 tamen
1313 4820 1411 4861 vos
1432 4814 1686 4878 tanquam
1707 4810 1905 4869 fratres
1924 4823 1980 4870 et
2006 4831 2116 4870 ma-

2218 4811 2247 4877 ἠ
2257 4807 2372 4878 μῶν
2391 4809 2490 4862 οὐκ
2518 4807 2788 4878 ἀγνοοῦσα
2812 4810 3016 4877 φωνάς.
3059 4809 3264 4862 Ἐκεῖνο
3294 4809 3478 4879 μέντοι
3529 4825 3785 4880 παρακα-

551 4889 756 4960 gisterii
801 4891 979 4948 socios
1003 4895 1371 4963 obsecramus,
1407 4907 1470 4954 ut
1509 4899 1722 4959 clericis
1748 4907 1943 4963 vestris
1971 4922 2112 4976 prte-

2217 4263 2407 4336 ήσθείη
2461 4279 2546 4328 τις
2585 4264 2672 4329 ἂν,
2725 4263 3142 4333 ἐπιστρέφοντος
3186 4263 3279 4316 τοῦ
3342 4261 3784 4332 πεπλανημένον,

2217 4357 2311 4408 καὶ
2344 4354 2478 4426 πρὸς
2535 4354 2596 4408 τὸ
2644 4354 2742 4424 τῆς
2791 4353 3025 4424 ἀληθοῦς
3055 4354 3307 4422 γνώσεως
3353 4353 3492 4422 μετά
3537 4353 3786 4424 συνειδή-

2221 4898 2453 4969 λοῦμεν,
2503 4899 2578 4962 ὡς
2618 4897 2879 4966 ἀδελφοὺς
2935 4900 3029 4952 καὶ
3074 4897 3520 4961 συνδιδασκάλους
3574 4913 3784 4966 παρεγ-

551 4980 765 5049 cipiatis
803 4996 875 5037 ne
912 4982 1018 5037 alia
1065 4984 1378 5055 loquantur,
1411 4991 1710 5058 praesertim
1745 4993 1800 5047 in
1843 4995 2112 5061 ecclesiis,

2220 4989 2423 5057 γυῆσαι
2446 4992 2557 5053 τοῖς
2583 4989 2864 5062 κληρικοῖς
2890 4989 2934 5054 ί,
2965 4989 3039 5059 μὴ
3077 4990 3239 5061 ἔτερα
3279 4988 3481 5052 λαλεῖν,
3506 4990 3564 5040 εν
3591 4989 3787 5060 ἐκκλη-

550 5077 747 5138 prazter
773 5083 837 5124 ea
862 5086 985 5141 qua
1011 5087 1141 5127 vera
1173 5088 1235 5129 ac
1263 5074 1510 5144 probata,
1542 5087 1598 5131 et
1623 5078 1761 5133 bene
1795 5079 1996 5136 habere
2023 5083 2114 5152 ju-

2225 5084 2366 5145 σίαις
2402 5081 2658 5152 μάλιστα,
2690 5081 2844 5152 παρά
2875 5083 2942 5136 τὰ
2979 5081 3132 5148 ὀρθὰ,
3169 5081 3262 5134 καὶ
3328 5077 3782 5150 δεδοκιμασμένα,

553 5157 731 5213 dicata
757 5169 882 5214 sunt
913 5179 925 5214 :
953 5161 1047 5217 sed
1083 5165 1265 5233 potius
1291 5175 1350 5221 ut
1372 5176 1534 5222 recta!
1563 5168 1688 5224 ﬁdei
1718 5170 2115 5228 confessionem

2223 5175 2317 5227 καὶ
2361 5170 2422 5226 εὖ
2470 5173 2615 5242 ἔχειν
2655 5172 2913 5238 δόξαντα’
2964 5173 3189 5226 ἕπεσθαι
3239 5173 3293 5224 δὲ
3333 5172 3532 5243 μᾶλλον
3578 5174 3646 5242 τῇ
3690 5171 3788 5242 τῆς

622 5296 667 5327 δο
703 5296 939 5369 Philipp.
975 5317 1030 5364 ιι,
1068 5305 1118 5367 7,
1143 5301 1194 5356 8.
1271 5306 1309 5335 “
1340 5305 1502 5361 Mich.
1530 5324 1607 5373 ιιι,
1641 5311 1692 5364 9.

1769 5311 1812 5342 ⁸¹
1844 5311 2012 5367 lCor.
2053 5331 2146 5379 xu,
2190 5316 2276 5369 51.
2357 5317 2402 5347 ⁸⁸
2430 5316 2560 5371 Luc.
2593 5333 2681 5378 xv,
2723 5316 2809 5369 10.

1629 5431 1800 5486 Varim
1832 5435 2093 5491 lectiones
2113 5437 2320 5492 codicis
2341 5437 2699 5511 Seguieriani.

619 5540 644 5580 δ
678 5542 873 5609 σοφῶς.
952 5553 976 5582 ⁸
1007 5543 1203 5614 πολλῷ.
1283 5542 1304 5580 ί
1340 5545 1582 5616 κλήροις.

2081 5637 2305 5693 NOTAE.

619 5745 695 5814 (1)
728 5748 911 5803 Exstat
958 5751 1098 5806 inter
1137 5751 1398 5822 epistolas
1426 5752 1595 5807 Procli
1621 5752 1725 5807 CP.
1760 5753 1984 5823 hujusce
2019 5751 2333 5822 Patrologiw
2357 5751 2551 5808 Greca
2581 5761 2729 5830 tom._
2754 5751 2910 5816 LXV,
2949 5752 3056 5804 col.
3096 5752 3215 5804 836.
3245 5751 3391 5804 Eutr.
