4126 6314
534 363 637 420 53⁸»

528 565 863 623 siderantem
905 567 1115 623 videre.
1144 567 1269 624 Vidi
1296 584 1427 624 vero
1470 570 1647 626 zelum
1681 573 1800 643 ejus
1834 582 1892 628 et
1934 574 2101 628 recti-

529 657 801 724 tudinem,
851 669 908 715 et
959 660 1240 716 stimulum
1290 662 1511 732 pietatis
1540 678 1705 733 quam
1753 663 1994 719 habebat
2046 664 2101 719 in

527 748 768 805 Christo.
804 749 1172 807 Contristatur
1196 767 1325 806 vero
1356 753 1449 815 ita,
1470 762 1525 807 et
1570 754 1792 825 plenum
1834 755 2100 811 sollicitu-

528 840 675 895 dinis
709 841 953 897 animum
986 842 1170 907 habet,
1214 852 1276 898 ut
1307 853 1362 898 et
1390 860 1608 899 omnem
1628 845 1873 900 laborem
1915 846 2101 902 subire

527 931 679 997 velit,
703 942 974 1003 quatenus
993 934 1229 990 Nestorii
1257 936 1541 1006 perﬁdiam
1575 954 1607 992 a
1635 938 1890 994 Patribus
1912 937 2104 995 Orien-

528 1022 599 1077 tis
635 1023 896 1079 radicitus
945 1025 1222 1094 perderet.
1265 1026 1476 1099 Perlegi
1513 1030 1961 1100 verocpistolam
1996 1040 2102 1087 tute

527 1112 852 1179 sanctitatis,
878 1115 1135 1186 scriptam
1161 1116 1227 1171 ad
1261 1116 1732 1189 religiosissimum
1760 1130 1815 1176 et
1843 1136 2100 1177 reveren-

526 1204 811 1261 dissimum
838 1207 1155 1278 episcopum
1189 1210 1492 1267 Antiochia:
1520 1213 1808 1280 Joannem,
1856 1215 2101 1285 plurima:

524 1295 742 1364 plenam
794 1298 1139 1355 conﬁdentiae
1177 1302 1339 1356 simul
1389 1313 1445 1358 et
1488 1307 1694 1361 amoris
1738 1307 1856 1364 Dei.
1898 1308 2098 1379 Scripsi

524 1396 706 1441 autem
730 1388 785 1443 et
821 1405 922 1460 ego
946 1391 1081 1445 tales
1103 1392 1360 1461 epistolas
1387 1394 1454 1449 ad
1480 1396 1677 1464 ipsum,
1708 1398 1826 1463 sed,
1859 1410 1917 1453 ut
1945 1399 2098 1454 vide-

524 1486 636 1543 tur,
658 1482 846 1549 pejora
865 1482 1115 1537 vincunt.
1138 1482 1524 1557 Contingentes
1542 1489 1689 1543 enim
1718 1505 1838 1560 quae
1864 1491 2099 1547 Nestorii

525 1578 653 1625 sunt
679 1572 885 1638 odisse,
918 1575 1026 1630 alio
1054 1578 1255 1631 iterum
1286 1592 1350 1632 ea
1377 1579 1738 1635 introducunt
1771 1583 1952 1648 modo,
1978 1598 2100 1654 quae

526 1662 802 1717 Theodori
825 1673 953 1719 sunt
980 1665 1337 1731 adigiirantes,
1358 1677 1413 1723 et
1436 1677 1585 1724 certe
1608 1672 1894 1740 aequalem,
1929 1674 2100 1746 magis

522 1768 655 1808 vero
682 1755 855 1809 multo
904 1758 1148 1827 pejorem
1184 1758 1440 1814 morbum
1474 1760 1774 1830 impietatis
1816 1764 2095 1822 habentia.

1556 362 1612 421 S.
1653 360 1924 418 CYlllLLl
1964 361 2437 418 ALEXANDRINI
2476 361 2793 418 AliClllEP.

400 514 415 519 -
531 478 711 532 virum
738 476 946 548 aspexi,
979 477 1121 533 sicut
1143 477 1429 549 oportebat
1462 478 1515 534 in
1543 480 1707 552 longo
1738 490 1983 553 tempore
2013 480 2097 538 de-

2212 480 2462 537 τοιοῦτον
2510 483 2605 537 τδν
2643 483 2818 554 ἄνδρα
2843 479 3134 551 τεθέαμαι,
3187 476 3377 549 ὥσπερ
3412 470 3480 546 ἦν
3509 472 3654 537 είκδς
3689 472 3787 526 τὸν

3675 352 3785 411 540

2210 573 2395 646 πολλῷ
2438 576 2617 647 χρόνῳ
2662 574 2933 628 ποθοῦντα
2970 573 3115 626 ίδεῐν.
3161 570 3440 641 Τεθέαμαι
3484 567 3539 620 δὲ
3593 565 3683 619 τόν
3721 579 3786 618 τε

2211 664 2376 734 ζῆλον
2409 666 2575 721 αὐτοῦ
2603 668 2699 721 καὶ
2744 668 2845 738 τὴν
2873 665 3161 737 ὀρθότητα,
3189 662 3283 716 καὶ
3317 661 3417 731 τῆς
3448 661 3529 723 είς
3550 655 3788 729 Χριστὸν

2210 754 2493 821 εὐσεϐείας
2524 756 2584 809 τὸ
2614 757 2858 826 κέντρον.
2897 752 3073 808 Ἀλύει
3108 754 3217 823 γάρ
3260 751 3424 812 οὕτω,
3457 748 3553 801 καὶ
3588 745 3789 818 μεστὸν

2210 843 2326 916 ἔχει
2376 846 2674 918 φροντίδων
2720 844 2812 899 τὸν
2861 845 3009 909 νοῦν,
3057 844 3198 897 ὥστε
3249 842 3344 896 καὶ
3389 841 3567 893 πάντα
3624 840 3788 891 πόνον

2211 936 2467 990 ὑπελθεῖν
2497 935 2784 1007 ἀνέχεσθαι
2810 936 2951 1008 ὑπὲρ
2981 934 3075 989 τοῦ
3113 936 3213 1005 τὴν
3237 930 3534 1003 Νεπορίου
3562 929 3791 984 κακοδο-
3864 1002 3867 1003 ν

2209 1025 2334 1091 ξίαν
2370 1026 2670 1099 πρόρριζον
2700 1027 2763 1079 ὲκ
2785 1025 2898 1079 τῶν
2933 1026 3033 1096 τῆς
3060 1023 3198 1093 ἑῴας
3240 1020 3535 1077 ἀπολέσθαι
3578 1017 3785 1090 μερῶν.

2220 1117 2541 1186 ’Υπανέγνω
2575 1118 2631 1173 δέ
2664 1136 2755 1190 μοι
2793 1118 2890 1172 καὶ
2916 1117 3014 1187 τῆς
3042 1117 3141 1187 σῆς
3183 1116 3461 1181 ὁσιότητος
3498 1109 3790 1181 ἐπιστολὴν

2207 1212 2517 1279 γραφεῖσαν
2554 1212 2691 1283 πρὸς
2735 1210 2826 1264 τὸν
2881 1208 3296 1277 θεοφιλέστατον
3345 1207 3642 1259 ἐπίσκοπον
3683 1202 3789 1272 τῆς

2221 1300 2538 1369 Ἀντιοχέων
2579 1300 2854 1368 Ἰωάννην,
2901 1296 3102 1366 πολλῆς
3147 1295 3425 1365 γέμουσαν
3467 1289 3786 1362 παρρησίας

2206 1391 2347 1462 ὁμοῦ
2392 1393 2488 1446 καὶ
2519 1391 2817 1460 φιλοθεῖας,
2859 1391 3118 1460 Γέγραφα
3160 1388 3217 1441 δὲ
3248 1388 3345 1441 καὶ
3377 1385 3488 1455 ἐγὼ
3525 1383 3781 1446 τοιαύτας

2206 1484 2500 1549 ἐπιστολὰς
2528 1484 2666 1555 πρὸς
2682 1484 2847 1538 αὐτόν
2864 1498 2879 1514 ⁸
2900 1484 3037 1545 ἀλλ’,
3059 1482 3134 1547 ὡς
3159 1482 3327 1545 ἔοικε,
3344 1481 3413 1533 τὰ
3436 1479 3603 1549 χείρω
3623 1476 3775 1547 νικᾷ.

2218 1576 2718 1647 Ὑποπλαττόμενοι
2758 1575 2960 1647 γὰρ-τὰ
3007 1574 3304 1644 Νεπορίου
3356 1574 3554 1642 μισεῖν,
3604 1568 3782 1638 ἑτέρῳ

2205 1670 2369 1724 πάλιν
2402 1668 2546 1723 αῦτά
2572 1667 2937 1739 συγκροτοῦσι
2983 1666 3189 1737 τρόπῳ,
3219 1664 3288 1719 τά
3335 1660 3612 1732 Θεοδώρου
3647 1659 3786 1717 θαυ-

2210 1758 2495 1831 μάζοντες,
2526 1759 2703 1813 καίτοι
2734 1758 2834 1829 τὴν
2873 1758 3017 1828 ἴσην,
3055 1755 3253 1828 μᾶλλον
3281 1752 3338 1807 δὲ
3364 1752 3545 1821 πολλῷ
3564 1750 3791 1821 χείρονα

520 1843 633 1899 Nec
653 1845 800 1899 enim
814 1845 1134 1903 Theodorus
1152 1850 1388 1906 Nestorii
1412 1851 1517 1908 fuit
1534 1852 1858 1925 discipulus,
1886 1856 1981 1913 sed
2002 1858 2097 1915 iste

2207 1852 2468 1907 νοσοῦντα
2507 1850 2847 1906 δυσσέϐειαν.
2889 1849 2965 1903 Οὐ
3010 1849 3120 1919 γὰρ
3162 1846 3436 1918 Θεόδωρος
3485 1841 3787 1913 Νεστορίου

520 1933 705 1990 illius:
735 1945 792 1991 et
816 1938 966 1993 velut
992 1955 1060 1994 ex
1075 1956 1187 1997 uno
1209 1942 1514 2013 loquuntur
1528 1960 1645 2011 ore,
1671 1955 1727 2002 et
1747 1964 1914 2003 unum
1947 1949 2101 2007 mala

520 2025 785 2083 doctrinae
804 2044 871 2085 ex
901 2045 1001 2086 suo
1030 2033 1197 2089 corde
1225 2045 1489 2092 evomunt
1519 2052 1814 2094 venenum.
1851 2040 2101 2113 Scripse-

521 2125 650 2171 runt
679 2134 811 2192 ergo
849 2120 916 2175 ad
948 2137 1037 2178 me
1071 2121 1398 2195 Orientales,
1430 2129 1579 2199 quod
1604 2146 1713 2185 non
1734 2142 1955 2202 oportet
1980 2149 2104 2205 quae

520 2208 796 2267 Theodori
839 2222 968 2269 sunt
1007 2220 1275 2287 accusari,
1315 2235 1408 2287 ne,
1439 2222 1828 2289 sicut'dicunt,
1867 2233 1923 2280 et
1956 2224 2103 2281 beati

518 2299 826 2367 Athanasii,
851 2313 908 2360 et
942 2303 1256 2377 Theophili,
1286 2317 1343 2363 et
1361 2310 1571 2375 Basilii,
1597 2319 1653 2365 ct
1678 2311 1930 2383 Gregorii
1956 2315 2103 2372 dicta

518 2402 853 2449 accusentur
878 2413 891 2448 :
921 2412 1043 2466 qua:
1074 2400 1222 2454 enim
1261 2400 1479 2456 locutus
1505 2410 1591 2457 est
1630 2403 1976 2472 Theodorus,
2005 2423 2102 2464 ea-

518 2479 644 2535 dem
672 2492 729 2537 et
759 2482 857 2537 illi.
886 2484 1000 2557 Ego
1025 2502 1158 2543 vero
1195 2489 1502 2546 scribentes
1535 2492 1639 2546 ista
1687 2509 1797 2549 non
1837 2496 2100 2570 sustinuit,

518 2572 614 2626 sed
642 2572 969 2631 ﬁducialiter
990 2577 1124 2644 dixi,
1156 2580 1303 2650 quod
1338 2581 1665 2639 Theodorus
1692 2585 1916 2655 quidem
1950 2587 2100 2645 blas-

515 2665 769 2734 phemam
797 2667 993 2723 habuit
1018 2670 1283 2743 linguam,
1316 2683 1372 2729 et
1402 2673 1672 2731 calamum
1694 2678 2099 2736 ministrantem

517 2754 569 2815 ci
615 2755 732 2809 :illi
767 2764 951 2812 autem
986 2758 1215 2837 fuerunt,
1253 2762 1792 2829 totiusorthodoxiaa
1822 2768 2098 2837 doctores,

516 2854 572 2900 et
592 2846 992 2915 splenduerunt
1014 2851 1068 2906 in
1096 2867 1180 2907 ea.
1208 2852 1613 2913 Persuaserunt
1637 2874 1770 2915 vero
1798 2861 1873 2917 ita
1901 2860 2098 2920 Orien-

516 2936 737 3004 talibus,
765 2946 824 2993 ut
869 2942 1302 3003 exclamationes
1341 2946 1538 3004 ﬂerent
1578 2950 1633 3005 in
1656 2953 1908 3010 ecclesiis
1932 2971 1961 3010 a
1997 2972 2100 3027 po-

514 3032 661 3101 pulis
694 3050 706 3085 :
734 3031 958 3089 Crescat
1004 3034 1140 3093 ﬁdes
1174 3038 1487 3107 Theodori;
1517 3042 1596 3097 sic
1624 3045 1922 3113 credimus,
1954 3050 2099 3105 sicut

518 3122 845 3179 Theodorus
879 3142 1041 3183 :cum
1060 3145 1188 3184 eum
1222 3131 1520 3202 aliquando
1548 3136 1883 3206 lapidassent
1915 3140 1969 3194 in
1999 3157 2097 3197 sua

2201 1944 2396 2015 γέγονε
2416 1943 2687 2015 μαθητὴς,
2702 1942 2818 1997 ἀλλ’
2840 1937 2995 2004 οὗτος
3009 1939 3244 2002 ἐκείνου,
3260 1938 3352 1992 καὶ
3374 1937 3434 2002 ἐξ
3458 1935 3575 2000 ἐνὸς
3592 1934 3789 2005 ὥσπερ

2202 2036 2427 2092 λαλοῦσι
2462 2035 2754 2107 στόματος,
2789 2034 2889 2089 ἕνα
2921 2021 3107 2088 τίτὺν
3136 2032 3235 2102 τῆς
3257 2028 3576 2097 κακοδοξίας
3596 2030 3661 2083 ὲκ
3681 2027 3789 2097 τῆς

2203 2128 2415 2185 ἑαυτῶν
2454 2128 2684 2201 καρδίας
2726 2125 3099 2181 ἀναπτύουσιν
3136 2124 3231 2179 ίόν.
3285 2122 3604 2196 Γεγράφασι
3649 2117 3789 2189 γοῦν

2203 2221 2342 2293 πρός
2373 2237 2441 2292 με
2470 2221 2520 2273 oi
2543 2221 2607 2273 ὲκ
2635 2220 2737 2289 τῆς
2768 2218 3056 2288 ἀνατολῆς,
3078 2217 3160 2272 ὄτι
3188 2215 3248 2270 οὐ
3278 2214 3385 2287 χρὴ
3416 2212 3487 2268 τὰ
3503 2211 3787 2280 Θεοδώρου

2202 2312 2616 2367 διαϐάλλεσθαι’
2654 2313 2743 2367 ίνα
2772 2312 2868 2384 μὴ,
2918 2309 3196 2381 φασὶ,·καὶ
3244 2307 3313 2362 τὰ
3361 2305 3457 2360 τοῦ
3511 2304 3788 2376 μακαρίου

2216 2403 2561 2469 ’Δθανασίου,
2582 2404 2676 2457 καὶ
2696 2401 2982 2472 Θεοφίλου,
3007 2400 3102 2455 καὶ
3126 2397 3430 2459 Βασιλείου,
3451 2395 3547 2449 καὶ
3572 2393 3788 2465 Γρηγο-

2204 2494 2324 2566 ρίου
2352 2492 2615 2565 διαϐληθῇ
2641 2509 2655 2522 ·
2690 2492 2727 2548 ἃ.
2754 2492 2863 2565 γὰρ
2906 2491 3136 2562 ὲλάλησε
3161 2489 3456 2560 Θεόδωρος,
3480 2486 3653 2540 ταῦτα
3679 2485 3790 2539 κά·-

2202 2589 2392 2641 κεῖνοι.
2458 2584 2604 2654 Ἐγὼ
2642 2585 2699 2639 δὲ
2742 2583 2915 2639 ταῦτα
2948 2581 3275 2653 γραφόντων
3319 2581 3420 2634 οὐκ
3448 2578 3787 2651 ἠνεσχόμην,

2202 2678 2318 2734 ἀλλ’
2351 2677 2489 2748 ἔφην
2530 2678 2589 2730 ὲν
2614 2677 2923 2749 παρρησίᾳ,
2963 2675 3046 2732 ὅτι
3076 2672 3352 2744 Θεόδωρος
3381 2671 3479 2742 μὲν
3503 2669 3791 2741 δύσφημον

2203 2774 2331 2843 ἔσχε
2360 2772 2455 2826 καὶ
2478 2771 2755 2840 γλῶσσαν,
2782 2770 2878 2825 καὶ
2904 2769 3151 2840 κάλαμον
3179 2764 3558 2837 ὑπηρετοῦντα
3584 2761 3785 2833 ταύτῃ,

2202 2868 2251 2919 oi
2301 2865 2359 2920 δὲ
2392 2864 2686 2933 γεγόνασιν
2724 2860 3033 2934 ὀρθοδοξίας
3086 2859 3270 2930 πάσης
3314 2855 3639 2920 διδάσκαλοι,
3685 2854 3787 2908 καὶ

2202 2956 2507 3028 διέπρεψαν
2550 2957 2607 3009 ὲν
2635 2954 2867 3019 τούτοις.
2900 2953 3170 3023 Διέθηκαν
3204 2951 3261 3005 δὲ
3288 2950 3459 3017 οὕτως
3506 2949 3633 3012 τοὺς
3671 2944 3785 3001 ἀπὸ

2201 3051 2301 3122 τῆς
2330 3050 2617 3121 ἀνατολῆς,
2657 3048 2798 3103 ὥστε
2840 3048 2936 3102 καὶ
2968 3046 3253 3116 ἐπιϐοήσεις
3280 3041 3536 3113 γενέσθαι
3583 3042 3641 3094 ὲν
3688 3040 3787 3093 ὲκ-

2203 3140 2461 3211 κλησίαις
2502 3138 2653 3213 παρὰ
2683 3138 2794 3192 τῶν
2825 3138 3013 3209 δήμων
3032 3155 3057 3175 ·-
3079 3135 3324 3201 Αὑξείτω
3352 3136 3387 3204 ἡ
3428 3134 3611 3198 πίστις
3650 3131 3786 3186 Θεο-

514 3214 746 3270 ecclesia
782 3231 975 3272 ausum
1023 3220 1233 3290 aliquid
1272 3224 1527 3295 subloqui
1570 3205 1756 3283 breve.
1816 3228 1921 3285 Sed
1953 3232 2097 3287 sicut

2203 3205 2372 3303 δώρου
2394 3248 2406 3259 ·
2437 3205 2594 3285 οὕτω.
2614 3205 2946 3301 πιστεύομεν
2976 3229 3051 3293 ὼς
3091 3229 3368 3299 Θεόδωρος
3386 3244 3400 3259 ο
3428 3228 3595 3292 λίθοις
3618 3227 3784 3281 αὑτὸν

516 3305 712 3361 doctor
741 3308 878 3373 vult,
911 3310 993 3365 sic
1018 3312 1164 3381 sapit
1185 3329 1337 3384 grex.
1370 3316 1485 3387 Ego
1508 3318 1733 3386 quidem
1759 3335 1864 3375 nec
1884 3323 2095 3378 cessavi

518 3396 806 3466 increpans
830 3414 893 3453 ea
909 3415 1030 3469 quae
1048 3402 1409 3473 scripserunt,
1427 3422 1531 3462 nec
1554 3409 1808 3465 cessabo.
1827 3410 2095 3478 Quoniam

505 3487 645 3543 ’γει-ο
673 3491 963 3559 oportebat
981 3502 1036 3547 et
1065 3493 1225 3565 198
1244 3499 1707 3557 contradictiones
1727 3504 1959 3574 scriptas
1974 3522 2095 3562 esse

514 3581 659 3651 apud
685 3597 801 3648 eos,
833 3584 1098 3656 inspectis
1119 3587 1398 3645 Theodori
1423 3600 1479 3647 et
1506 3593 1732 3649 Diodori
1751 3595 1931 3665 libris,
1957 3615 2096 3668 quos

514 3674 857 3745 scripserunt
881 3693 992 3731 non
1019 3679 1088 3735 de
1118 3681 1495 3739 incarnatione
1526 3686 1829 3757 Unigeniti,
1860 3690 1952 3745 sed
1982 3707 2097 3747 ma-

515 3766 598 3835 gis
639 3775 827 3822 contra
876 3768 1335 3841 incarnationem,
1390 3777 1550 3846 posui
1599 3777 1799 3849 aliqua
1829 3781 2097 3850 capitulo-

518 3874 661 3921 rum,
695 3868 885 3930 etquo
918 3862 1071 3931 potui
1119 3865 1283 3920 modo
1326 3870 1636 3928 contradixi
1676 3873 1778 3938 eis,
1808 3873 2095 3931 declarans

515 3952 722 4023 ubique
755 3954 1186 4013 abominationis
1222 3959 1440 4029 plenam
1486 3978 1607 4019 esse
1644 3974 1848 4021 sectam
1876 3982 2092 4025 eorum.

514 4042 651 4099 Cum
678 4053 861 4100 autem
898 4062 986 4102 me
1028 4048 1350 4105 adhortatus
1389 4062 1535 4107 esset
1586 4065 1923 4112 memoratus
1960 4059 2093 4114 reli—

513 4133 857 4204 giosissimus
884 4136 1150 4194 diaconus
1178 4148 1234 4193 et
1263 4141 1695 4199 archimandrita
1722 4145 1991 4202 Maximus
2032 4160 2095 4203 ut

513 4225 914 4297 interpretarer
957 4228 1084 4285 fidei
1134 4230 1453 4304 Symbolum
1504 4250 1537 4290 a
1581 4238 1783 4292 sanctis
1837 4238 2095 4296 Patribus

511 4315 709 4373 Nicma:
739 4321 1084 4391 congregatis
1127 4324 1460 4393 expositum,
1493 4325 1563 4380 ad
1599 4327 1704 4383 hoc
1744 4344 1833 4384 me
1862 4326 2089 4386 contuli.

511 4403 759 4462 Aﬂlrmat
785 4409 934 4463 enim
958 4421 1181 4467 versute
1208 4414 1477 4484 quosdam
1501 4416 1762 4473 simulare
1788 4419 1895 4475 hoc
1916 4431 1972 4476 et
2004 4422 2092 4477 di-

2201 3320 2456 3391 βαλόντες
2496 3320 2627 3374 ποτὲ
2663 3322 2721 3373 ὲν
2750 3322 2815 3391 τῇ
2858 3318 2992 3391 παρ’
3035 3318 3220 3382 αὐτοῖς
3266 3317 3550 3390 ἐκκλησίᾳ,
3584 3318 3789 3389 soliti]-

2201 3413 2371 3467 σαντά
2398 3429 2452 3465 τι
2488 3411 2980 3481 παραφθέγξασθαι
3023 3410 3222 3482 βραχύ.
3274 3410 3415 3464 Ἀλλ’
3466 3412 3543 3475 ὡς
3580 3414 3608 3465 ὁ
3636 3411 3791 3466 διδά·

2200 3504 2399 3568 σκαλος
2426 3503 2696 3575 βούλεται,
2721 3505 2865 3559 οὕτω
2890 3507 3081 3577 φρονεῖ
3108 3504 3171 3558 τὸ
3199 3505 3471 3575 ποίμνιον.
3514 3503 3656 3574 Ἐγὼ
3682 3505 3800 3574 μὲν

2197 3592 2290 3650 οὖν
2327 3596 2452 3651 οὔτε
2480 3599 2810 3670 ἐπαυσάμην
2844 3596 3117 3668 ἐπιτιμῶν
3143 3592 3225 3661 οἷς
3262 3596 3629 3668 γεγράφασιν,
3656 3595 3787 3650 οὔτε

2198 3687 2507 3759 παύσομαι.
2554 3690 2773 3760 Ἐπειδὴ
2804 3688 2861 3743 δὲ
2890 3690 3057 3761 ἐχρῆν
3100 3690 3194 3743 καὶ
3233 3689 3544 3759 ἀντιλογίας
3575 3689 3783 3761 ἐγγρά-

2198 3798 2329 3849 φους
2363 3776 2505 3835 εἶναι
2528 3782 2658 3853 παρ’
2687 3783 2893 3845 αὐτοῖς,
2932 3780 3182 3851 ἐγκύψας
3210 3784 3325 3845 τοῖς
3360 3779 3641 3854 Θεοδώρου
3684 3783 3784 3837 καὶ

2196 3872 2462 3944 Διοδώρου
2489 3871 2739 3943 βιϐλίοις,
2777 3867 2858 3937 οἷς
2885 3872 3231 3945 γεγράφασιν
3249 3873 3310 3927 οὗ
3344 3874 3472 3945 περὶ
3503 3873 3604 3945 τῆς
3644 3892 3783 3947 σαρ-

2198 3964 2421 4027 κώσεως
2450 3963 2653 4035 μᾶλλον
2683 3964 2774 4017 τοῦ
2805 3966 3169 4034 Μονογενοῦς,
3192 3965 3331 4020 ἀλλά
3364 3967 3504 4020 κατὰ
3522 3965 3624 4036 τῆς
3652 3984 3785 4038 σαρ-

2196 4055 2441 4121 κώσεως,
2492 4056 2838 4128 ἐπελεξάμην
2867 4058 2992 4112 τινὰ
3025 4057 3135 4111 τῶν
3172 4059 3514 4129 κεφαλαίων·
3548 4060 3641 4114 καὶ
3687 4059 3783 4113 τὸν

2196 4148 2545 4219 ἐνδεχόμενον
2582 4150 2786 4222 τρόπον
2822 4146 3162 4221 ἁντηνέχθην
3211 4151 3429 4215 αὐτοῖς,
3461 4150 3782 4221 ἀποφαίνων

2195 4239 2474 4309 πανταχοῦ
2508 4240 2789 4314 βδελυρίας
2827 4238 2997 4297 οὖσαν
3030 4243 3234 4314 μεστὴν
3262 4243 3361 4315 τὴν
3388 4243 3549 4309 δόξαν
3574 4244 3777 4301 αὐτῶν.

2196 4332 2614 4405 Προτρέψαντος
2639 4334 2698 4389 δέ
2729 4353 2798 4406 με
2826 4336 2923 4390 τοῦ
2954 4335 3420 4407 μνημονευθὼτος
3453 4337 3781 4393 εὐλαϐεστάο

2195 4442 2289 4479 του
2319 4424 2572 4481 διακόνου
2595 4427 2688 4481 καὶ
2717 4428 3149 4500 ἀρχιμανδρίτου
3172 4427 3425 4500 Μαξίμου
3449 4428 3779 4501 διερμηνεῦ-

513 4511 663 4562 cere,
693 4509 748 4554 et
769 4498 948 4570 ipsum
972 4503 1149 4573 sequi,
1186 4520 1299 4559 non
1323 4515 1508 4562 tamen
1531 4508 1714 4564 adhuc
1731 4512 2093 4583 cogitationes

2203 4536 2289 4572 σαι
2310 4518 2373 4571 τὸ
2401 4518 2681 4589 Σύμϐολον
2855 4498 3114 4585 πίστεως,
3154 4520 3213 4575 τὺ
3235 4498 3457 4576 ἐκτεθὲν
3667 4521 3778 4577 τῶν

513 4595 692 4644 rectas
719 4590 943 4656 habere,
970 4594 1081 4648 imo
1100 4595 1286 4665 potius
1314 4612 1378 4653 ea
1393 4614 1517 4668 qua;
1545 4608 1672 4656 sunt
1696 4611 1847 4658 recte
1867 4611 1925 4658 et
1957 4619 2091 4660 con-

513 4689 727 4737 stanter
749 4682 896 4740 dicta
940 4686 1008 4741 ad
1040 4686 1095 4741 id
1127 4690 1274 4759 quod
1331 4690 1436 4746 sibi
1479 4693 1699 4749 videtur
1739 4694 2091 4767 detorquere.

2194 4610 2369 4679 ἁγίων
2388 4610 2495 4663 τῶν
2533 4613 2591 4665 ὲν
2624 4612 2829 4684 Νικαίᾳ
2875 4612 3263 4676 συνελθόντων,
3295 4614 3390 4668 καὶ
3433 4613 3573 4685 πρὸς
3619 4613 3779 4669 τοῦτο

2192 4702 2411 4774 καθῆκα
2431 4702 2692 4772 ἐμαυτόν.
2717 4704 3136 4760 Διαϐεϐαιοῦται
3153 4705 3260 4779 γὰρ
3278 4705 3603 4778 πανούργως
3624 4706 3780 4772 τινὰς

512 4771 596 4826 Ne
621 4788 757 4828 vero
786 4774 905 4830 haec
927 4776 1143 4847 ignoret
1166 4787 1258 4835 tua
1301 4783 1585 4849 sanctitas,
1607 4784 1811 4841 librum
1841 4789 2094 4847 misimus

2203 4771 2613 4865 προσποιεῖσθαί
2645 4811 2707 4848 τε
2740 4796 2836 4849 καὶ
2880 4794 3061 4863 λέγειν
3102 4771 3255 4861 aucti,
3310 4799 3407 4851 καὶ
3458 4771 3780 4855 ἀκολουθεῖν

512 4874 569 4919 et
606 4873 836 4922 tomum.
865 4867 1002 4925 Cum
1029 4880 1214 4928 autem
1246 4874 1364 4930 haec
1404 4876 1619 4948 legerit,
1650 4879 1840 4936 solitas
1866 4897 1968 4951 pro
2003 4898 2090 4939 me

2203 4884 2360 4956 ιὺτῷ,
2388 4886 2463 4957 μὴ
2492 4886 2599 4957 μὴν
2623 4887 2703 4941 ἔτι
2728 4888 2824 4942 καὶ
2845 4889 3057 4953 ἐννοίας
3088 4889 3234 4960 ἔχειν
3262 4890 3451 4962 ὀρθὰς,
3476 4890 3779 4963 ἀποφέρειν

511 4972 705 5025 preces
740 4957 972 5015 fundere
996 4960 1278 5033 dignetur.

2185 4974 2243 5028 δὲ
2286 4977 2488 5046 μᾶλλον
2534 4980 2602 5033 τά
2639 4978 2818 5051 ὀρθῶς
2861 4996 2923 5032 τε
2954 4981 3049 5033 καὶ
3074 4981 3457 5053 ἀπροσκλινῶς
3504 4983 3782 5055 εἰρημένα

510 5048 648 5126 πρὸς
683 5050 745 5104 τὸ
774 5053 960 5119 αὐτοῖς
996 5054 1205 5110 δοκοῦν.
1251 5059 1371 5114 Ἵνα
1405 5060 1462 5114 δὲ
1497 5059 1573 5133 μὴ
1625 5060 1798 5115 ταῦτα
1839 5061 2080 5138 λανθάνῃ
2116 5066 2216 5136 τὴν
2246 5068 2346 5138 σὴν
2372 5068 2647 5140 ὁσιότητα,
2672 5048 3060 5143 ’πεπόμφαμεν
3108 5048 3171 5128 τδ
3203 5073 3406 5145 βιϐλίον
3471 5048 3579 5141 εἰς’
3612 5048 3780 5131 αὐτὸν

508 5144 674 5213 τόμον
710 5146 756 5204 κ.
794 5148 906 5203 Καὶ
928 5150 994 5221 δὴ
1022 5151 1321 5225 ἐντυχοῦσα
1366 5156 1758 5223 καταξιωσάτω
1794 5158 1892 5223 τὰς
1918 5161 2169 5233 συνήθεις
2201 5163 2341 5233 ὑπὲρ
2382 5165 2517 5234 ἐμοῦ
2565 5167 2838 5221 ποιεῖσθαι
2882 5169 3211 5241 προσευχάς.

1605 5342 1779 5398 Varia:
1802 5342 2065 5402 lectiones
2092 5348 2300 5405 codicis
2339 5348 2704 5421 chuicriani.

599 5538 605 5543 -
642 5510 732 5559 καὶ
768 5509 857 5562 τὸν
891 5512 1074 5581 τόμον.
