  <div class='ocr_page' id='page_1' title='image "/cluster/home/n/w/nwhite01/storage/ocr_20150623/77/pst.000004029045/178.png"; bbox 0 0 4154 6322; ppageno 0'>
   <div class='ocr_carea' id='block_1_1' title="bbox 209 344 1818 423">
    <p class='ocr_par' dir='ltr' id='par_1_1' title="bbox 209 344 1811 423">
     <span class='ocr_line' id='line_1_1' title="bbox 209 344 1811 423; baseline 0.001 -4"><span class='ocrx_word' id='word_1_1' title='bbox 209 367 294 422; x_wconf 69' lang='grc' dir='ltr'><strong>τοιι</strong></span> <span class='ocrx_word' id='word_1_2' title='bbox 1398 344 1405 351; x_wconf 75' lang='grc'><em>’</em></span> <span class='ocrx_word' id='word_1_3' title='bbox 1549 366 1811 423; x_wconf 65' lang='grc' dir='ltr'><strong>ειιιενιυι</strong></span> 
     </span>
    </p>
   </div>
   <div class='ocr_carea' id='block_1_2' title="bbox 1917 344 3460 423">
    <p class='ocr_par' dir='ltr' id='par_1_2' title="bbox 1924 349 3460 418">
     <span class='ocr_line' id='line_1_2' title="bbox 1924 349 3460 418; baseline -0.001 0"><span class='ocrx_word' id='word_1_4' title='bbox 1924 364 2104 418; x_wconf 72' lang='lat' dir='ltr'><strong>mu.</strong></span> <span class='ocrx_word' id='word_1_5' title='bbox 3355 349 3460 405; x_wconf 60' lang='lat'><strong>35‘!</strong></span> 
     </span>
    </p>
   </div>
   <div class='ocr_carea' id='block_1_3' title="bbox 1810 550 1879 560">
    <p class='ocr_par' dir='ltr' id='par_1_3' title="bbox 1810 550 1879 560">
     <span class='ocr_line' id='line_1_3' title="bbox 1810 550 1879 560; baseline -0.014 0"><span class='ocrx_word' id='word_1_6' title='bbox 1810 550 1879 560; x_wconf 72' lang='lat'><strong>.——.</strong></span> 
     </span>
    </p>
   </div>
   <div class='ocr_carea' id='block_1_4' title="bbox 1414 672 2258 747">
    <p class='ocr_par' dir='ltr' id='par_1_4' title="bbox 1414 672 2258 747">
     <span class='ocr_line' id='line_1_4' title="bbox 1414 672 2258 747; baseline 0 -22"><span class='ocrx_word' id='word_1_7' title='bbox 1414 672 1746 729; x_wconf 79' lang='lat' dir='ltr'><strong>EPISTOLA</strong></span> <span class='ocrx_word' id='word_1_8' title='bbox 1783 674 1928 730; x_wconf 57' lang='grc' dir='ltr'><strong>ιλιι</strong></span> <span class='ocrx_word' id='word_1_9' title='bbox 1965 674 2058 747; x_wconf 88' lang='lat' dir='ltr'><strong>(ol.</strong></span> <span class='ocrx_word' id='word_1_10' title='bbox 2101 675 2258 743; x_wconf 74' lang='lat' dir='ltr'><strong>mu).</strong></span> 
     </span>
    </p>
   </div>
   <div class='ocr_carea' id='block_1_5' title="bbox 1136 823 2561 868">
    <p class='ocr_par' dir='ltr' id='par_1_5' title="bbox 1136 823 2561 868">
     <span class='ocr_line' id='line_1_5' title="bbox 1136 823 2561 868; baseline 0.003 -8"><span class='ocrx_word' id='word_1_11' title='bbox 1136 823 1341 862; x_wconf 67' lang='grc' dir='ltr'><strong>ιιιιιιιι</strong></span> <span class='ocrx_word' id='word_1_12' title='bbox 1380 825 1442 861; x_wconf 73' lang='lat' dir='ltr'><strong>AD</strong></span> <span class='ocrx_word' id='word_1_13' title='bbox 1468 823 1718 865; x_wconf 74' lang='lat' dir='ltr'><strong>CLERICOS</strong></span> <span class='ocrx_word' id='word_1_14' title='bbox 1755 826 1825 865; x_wconf 79' lang='grc' dir='ltr'><strong>ΕΤ</strong></span> <span class='ocrx_word' id='word_1_15' title='bbox 1860 827 2132 868; x_wconf 65' lang='grc' dir='ltr'><strong>ιΑιιΡοιηειι</strong></span> <span class='ocrx_word' id='word_1_16' title='bbox 2166 826 2561 866; x_wconf 68' lang='grc' dir='ltr'><strong>ιιιιιιειιιτιίιιωι.</strong></span> 
     </span>
    </p>
   </div>
   <div class='ocr_carea' id='block_1_6' title="bbox 217 939 3470 1086">
    <p class='ocr_par' dir='ltr' id='par_1_6' title="bbox 217 939 3470 1086">
     <span class='ocr_line' id='line_1_6' title="bbox 217 939 3470 1086; baseline -0.001 -91"><span class='ocrx_word' id='word_1_17' title='bbox 217 939 441 1012; x_wconf 72' lang='lat' dir='ltr'><strong>Symboli</strong></span> <span class='ocrx_word' id='word_1_18' title='bbox 501 942 704 999; x_wconf 77' lang='lat' dir='ltr'><strong>Nicami</strong></span> <span class='ocrx_word' id='word_1_19' title='bbox 759 944 1240 1014; x_wconf 73' lang='lat' dir='ltr'><strong>interpretationem</strong></span> <span class='ocrx_word' id='word_1_20' title='bbox 1295 945 1606 1013; x_wconf 76' lang='lat' dir='ltr'><strong>imperatori</strong></span> <span class='ocrx_word' id='word_1_21' title='bbox 1658 946 1890 1086; x_wconf 36' lang='lat' dir='ltr'><strong>ejusque;i</strong></span> <span class='ocrx_word' id='word_1_22' title='bbox 1919 950 2186 1004; x_wconf 78' lang='lat' dir='ltr'><strong>sororibus</strong></span> <span class='ocrx_word' id='word_1_23' title='bbox 2227 964 2318 1018; x_wconf 86' lang='lat' dir='ltr'><strong>per</strong></span> <span class='ocrx_word' id='word_1_24' title='bbox 2339 945 2630 1001; x_wconf 74' lang='lat' dir='ltr'><strong>Maximum</strong></span> <span class='ocrx_word' id='word_1_25' title='bbox 2677 943 2955 995; x_wconf 77' lang='lat' dir='ltr'><strong>diaconum</strong></span> <span class='ocrx_word' id='word_1_26' title='bbox 3014 941 3369 996; x_wconf 73' lang='lat' dir='ltr'><strong>transmisisse</strong></span> <span class='ocrx_word' id='word_1_27' title='bbox 3414 952 3470 990; x_wconf 72' lang='lat' dir='ltr'><strong>se</strong></span> 
     </span>
     <span class='ocr_line' id='line_1_7' title="bbox 1714 1030 1998 1086; baseline 0.014 -17"><span class='ocrx_word' id='word_1_28' title='bbox 1714 1033 1851 1086; x_wconf 72' lang='lat' dir='ltr'><strong>signi</strong></span> <span class='ocrx_word' id='word_1_29' title='bbox 1893 1030 1998 1073; x_wconf 85' lang='lat' dir='ltr'><strong>cat.</strong></span> 
     </span>
    </p>
   </div>
   <div class='ocr_carea' id='block_1_7' title="bbox 1714 1030 1998 1087">
    <p class='ocr_par' dir='ltr' id='par_1_7' title="bbox 1714 1030 1998 1087">
     <span class='ocr_line' id='line_1_8' title="bbox 1714 1030 1998 1087; baseline 0.014 -18"><span class='ocrx_word' id='word_1_30' title='bbox 1714 1030 1998 1087; x_wconf 68' lang='lat' dir='ltr'><strong>signiﬁcat.</strong></span> 
     </span>
    </p>
   </div>
   <div class='ocr_carea' id='block_1_8' title="bbox 296 1144 1818 1229">
    <p class='ocr_par' dir='ltr' id='par_1_8' title="bbox 296 1144 1791 1222">
     <span class='ocr_line' id='line_1_9' title="bbox 296 1144 1791 1222; baseline 0.002 -23"><span class='ocrx_word' id='word_1_31' title='bbox 296 1147 385 1209; x_wconf 79' lang='grc' dir='ltr'>Ὠς</span> <span class='ocrx_word' id='word_1_32' title='bbox 412 1144 688 1217; x_wconf 72' lang='grc' dir='ltr'>διέτριϐον</span> <span class='ocrx_word' id='word_1_33' title='bbox 726 1147 783 1199; x_wconf 79' lang='grc' dir='ltr'><strong>ὲν</strong></span> <span class='ocrx_word' id='word_1_34' title='bbox 802 1148 870 1218; x_wconf 78' lang='grc' dir='ltr'><strong>τῇ</strong></span> <span class='ocrx_word' id='word_1_35' title='bbox 902 1146 1153 1211; x_wconf 79' lang='grc' dir='ltr'>Αἱλιέων,</span> <span class='ocrx_word' id='word_1_36' title='bbox 1179 1148 1315 1220; x_wconf 81' lang='grc' dir='ltr'><strong>ἀνήρ</strong></span> <span class='ocrx_word' id='word_1_37' title='bbox 1339 1165 1422 1211; x_wconf 87' lang='grc' dir='ltr'><strong>τις</strong></span> <span class='ocrx_word' id='word_1_38' title='bbox 1459 1149 1568 1201; x_wconf 84' lang='grc' dir='ltr'><strong>τῶν</strong></span> <span class='ocrx_word' id='word_1_39' title='bbox 1598 1150 1791 1222; x_wconf 73' lang='grc' dir='ltr'><strong>ἐπισή-</strong></span> 
     </span>
    </p>
   </div>
   <div class='ocr_carea' id='block_1_9' title="bbox 1917 1144 3474 1229">
    <p class='ocr_par' dir='ltr' id='par_1_9' title="bbox 1967 1150 3474 1229">
     <span class='ocr_line' id='line_1_10' title="bbox 1967 1150 3474 1229; baseline -0.006 -17"><span class='ocrx_word' id='word_1_40' title='bbox 1967 1158 2103 1213; x_wconf 88' lang='lat' dir='ltr'><strong>Cum</strong></span> <span class='ocrx_word' id='word_1_41' title='bbox 2125 1161 2269 1229; x_wconf 88' lang='lat' dir='ltr'><strong>apud</strong></span> <span class='ocrx_word' id='word_1_42' title='bbox 2302 1160 2498 1216; x_wconf 60' lang='lat' dir='ltr'><strong>Alliam</strong></span> <span class='ocrx_word' id='word_1_43' title='bbox 2528 1172 2922 1220; x_wconf 88' lang='lat' dir='ltr'><strong>commorarer,</strong></span> <span class='ocrx_word' id='word_1_44' title='bbox 2954 1154 3039 1207; x_wconf 78' lang='lat' dir='ltr'><strong>vir</strong></span> <span class='ocrx_word' id='word_1_45' title='bbox 3075 1150 3274 1220; x_wconf 83' lang='lat' dir='ltr'><strong>aliquis</strong></span> <span class='ocrx_word' id='word_1_46' title='bbox 3300 1166 3366 1204; x_wconf 77' lang='lat' dir='ltr'><strong>ex</strong></span> <span class='ocrx_word' id='word_1_47' title='bbox 3389 1151 3474 1203; x_wconf 81' lang='lat' dir='ltr'><strong>his</strong></span> 
     </span>
    </p>
   </div>
   <div class='ocr_carea' id='block_1_10' title="bbox 224 1234 1797 1311">
    <p class='ocr_par' dir='ltr' id='par_1_10' title="bbox 224 1234 1797 1311">
     <span class='ocr_line' id='line_1_11' title="bbox 224 1234 1797 1311; baseline 0.003 -21"><span class='ocrx_word' id='word_1_48' title='bbox 224 1254 335 1307; x_wconf 82' lang='grc' dir='ltr'>μων</span> <span class='ocrx_word' id='word_1_49' title='bbox 370 1234 825 1308; x_wconf 79' lang='grc' dir='ltr'><strong>στρατευομένων</strong></span> <span class='ocrx_word' id='word_1_50' title='bbox 862 1239 921 1292; x_wconf 81' lang='grc' dir='ltr'><strong>ὲν</strong></span> <span class='ocrx_word' id='word_1_51' title='bbox 960 1237 1038 1308; x_wconf 82' lang='grc' dir='ltr'>τῷ</span> <span class='ocrx_word' id='word_1_52' title='bbox 1085 1237 1334 1309; x_wconf 81' lang='grc' dir='ltr'>παλατίῳ</span> <span class='ocrx_word' id='word_1_53' title='bbox 1378 1239 1668 1310; x_wconf 82' lang='grc' dir='ltr'><strong>ἐπιστολήν</strong></span> <span class='ocrx_word' id='word_1_54' title='bbox 1709 1258 1797 1311; x_wconf 88' lang='grc' dir='ltr'><strong>μοι</strong></span> 
     </span>
    </p>
   </div>
   <div class='ocr_carea' id='block_1_11' title="bbox 225 1324 1795 1402">
    <p class='ocr_par' dir='ltr' id='par_1_11' title="bbox 225 1324 1795 1402">
     <span class='ocr_line' id='line_1_12' title="bbox 225 1324 1795 1402; baseline 0.002 -21"><span class='ocrx_word' id='word_1_55' title='bbox 225 1324 543 1397; x_wconf 78' lang='grc' dir='ltr'><strong>πολύστιχον</strong></span> <span class='ocrx_word' id='word_1_56' title='bbox 560 1326 656 1380; x_wconf 74' lang='grc' dir='ltr'>καὶ</span> <span class='ocrx_word' id='word_1_57' title='bbox 672 1328 914 1398; x_wconf 81' lang='grc' dir='ltr'><strong>μεγάλην</strong></span> <span class='ocrx_word' id='word_1_58' title='bbox 932 1329 1307 1399; x_wconf 79' lang='grc' dir='ltr'><strong>προσήνεγκεν</strong></span> <span class='ocrx_word' id='word_1_59' title='bbox 1329 1332 1795 1402; x_wconf 75' lang='grc' dir='ltr'>ὲσφραγισμὲνην,</span> 
     </span>
    </p>
   </div>
   <div class='ocr_carea' id='block_1_12' title="bbox 220 1416 1798 1492">
    <p class='ocr_par' dir='ltr' id='par_1_12' title="bbox 220 1416 1798 1492">
     <span class='ocr_line' id='line_1_13' title="bbox 220 1416 1798 1492; baseline 0.003 -21"><span class='ocrx_word' id='word_1_60' title='bbox 220 1418 296 1481; x_wconf 80' lang='grc' dir='ltr'>ὡς</span> <span class='ocrx_word' id='word_1_61' title='bbox 318 1416 501 1470; x_wconf 72' lang='grc' dir='ltr'>λαϐὼν</span> <span class='ocrx_word' id='word_1_62' title='bbox 530 1417 708 1488; x_wconf 77' lang='grc' dir='ltr'>αὐτὴν</span> <span class='ocrx_word' id='word_1_63' title='bbox 730 1418 882 1490; x_wconf 75' lang='grc' dir='ltr'>παρὰ</span> <span class='ocrx_word' id='word_1_64' title='bbox 915 1419 1024 1472; x_wconf 84' lang='grc' dir='ltr'><strong>τῶν</strong></span> <span class='ocrx_word' id='word_1_65' title='bbox 1056 1420 1113 1472; x_wconf 78' lang='grc' dir='ltr'><strong>ἐν</strong></span> <span class='ocrx_word' id='word_1_66' title='bbox 1155 1420 1453 1492; x_wconf 69' lang='grc' dir='ltr'><strong>Ἀντιοχείᾳ</strong></span> <span class='ocrx_word' id='word_1_67' title='bbox 1476 1422 1798 1492; x_wconf 80' lang='grc' dir='ltr'><strong>ὀρθοδόξων.</strong></span> 
     </span>
    </p>
   </div>
   <div class='ocr_carea' id='block_1_13' title="bbox 235 1504 1803 1585">
    <p class='ocr_par' dir='ltr' id='par_1_13' title="bbox 235 1504 1803 1585">
     <span class='ocr_line' id='line_1_14' title="bbox 235 1504 1803 1585; baseline 0.003 -24"><span class='ocrx_word' id='word_1_68' title='bbox 235 1510 583 1579; x_wconf 75' lang='grc' dir='ltr'><strong>’Υπογραφαὶ</strong></span> <span class='ocrx_word' id='word_1_69' title='bbox 606 1509 662 1562; x_wconf 79' lang='grc' dir='ltr'>δὲ</span> <span class='ocrx_word' id='word_1_70' title='bbox 695 1504 835 1580; x_wconf 81' lang='grc' dir='ltr'>ἦσαν</span> <span class='ocrx_word' id='word_1_71' title='bbox 874 1511 932 1564; x_wconf 82' lang='grc' dir='ltr'><strong>ὲν</strong></span> <span class='ocrx_word' id='word_1_72' title='bbox 967 1512 1104 1581; x_wconf 76' lang='grc' dir='ltr'><strong>αὐτῇ</strong></span> <span class='ocrx_word' id='word_1_73' title='bbox 1138 1512 1349 1564; x_wconf 81' lang='grc' dir='ltr'>πολλῶν</span> <span class='ocrx_word' id='word_1_74' title='bbox 1382 1513 1524 1566; x_wconf 85' lang='grc' dir='ltr'><strong>πάνυ</strong></span> <span class='ocrx_word' id='word_1_75' title='bbox 1551 1514 1645 1567; x_wconf 75' lang='grc' dir='ltr'><strong>καὶ</strong></span> <span class='ocrx_word' id='word_1_76' title='bbox 1672 1513 1803 1585; x_wconf 65' lang='grc' dir='ltr'><strong>κλη-</strong></span> 
     </span>
    </p>
   </div>
   <div class='ocr_carea' id='block_1_14' title="bbox 228 1600 1804 1675">
    <p class='ocr_par' dir='ltr' id='par_1_14' title="bbox 228 1600 1804 1675">
     <span class='ocr_line' id='line_1_15' title="bbox 228 1600 1804 1675; baseline 0.003 -22"><span class='ocrx_word' id='word_1_77' title='bbox 228 1600 415 1670; x_wconf 78' lang='grc' dir='ltr'><strong>ρικῶν,</strong></span> <span class='ocrx_word' id='word_1_78' title='bbox 455 1601 557 1654; x_wconf 72' lang='grc' dir='ltr'><strong>καὶ</strong></span> <span class='ocrx_word' id='word_1_79' title='bbox 588 1601 890 1671; x_wconf 84' lang='grc' dir='ltr'>μοναστῶν,</span> <span class='ocrx_word' id='word_1_80' title='bbox 921 1603 1013 1655; x_wconf 71' lang='grc' dir='ltr'><strong>καὶ</strong></span> <span class='ocrx_word' id='word_1_81' title='bbox 1040 1600 1278 1658; x_wconf 83' lang='grc' dir='ltr'><strong>λαῖκῶν.’</strong></span> <span class='ocrx_word' id='word_1_82' title='bbox 1313 1604 1573 1675; x_wconf 83' lang='grc' dir='ltr'><strong>ᾙτιῶντο</strong></span> <span class='ocrx_word' id='word_1_83' title='bbox 1601 1604 1657 1657; x_wconf 80' lang='grc' dir='ltr'>δὲ</span> <span class='ocrx_word' id='word_1_84' title='bbox 1679 1605 1804 1668; x_wconf 82' lang='grc' dir='ltr'><strong>τοὺς</strong></span> 
     </span>
    </p>
   </div>
   <div class='ocr_carea' id='block_1_15' title="bbox 226 1690 1805 1765">
    <p class='ocr_par' dir='ltr' id='par_1_15' title="bbox 226 1690 1805 1765">
     <span class='ocr_line' id='line_1_16' title="bbox 226 1690 1805 1765; baseline 0.003 -22"><span class='ocrx_word' id='word_1_85' title='bbox 226 1690 566 1755; x_wconf 74' lang='grc' dir='ltr'><strong>ἐπισκόπους</strong></span> <span class='ocrx_word' id='word_1_86' title='bbox 608 1692 711 1760; x_wconf 84' lang='grc' dir='ltr'><strong>τῆς</strong></span> <span class='ocrx_word' id='word_1_87' title='bbox 742 1692 1009 1763; x_wconf 79' lang='grc' dir='ltr'><strong>ἀνατολῆς</strong></span> <span class='ocrx_word' id='word_1_88' title='bbox 1052 1693 1128 1756; x_wconf 84' lang='grc' dir='ltr'>ὼς</span> <span class='ocrx_word' id='word_1_89' title='bbox 1172 1695 1670 1765; x_wconf 82' lang='grc' dir='ltr'><strong>ἀποσιωπήσαντας</strong></span> <span class='ocrx_word' id='word_1_90' title='bbox 1708 1695 1805 1765; x_wconf 81' lang='grc' dir='ltr'><strong>μὲν</strong></span> 
     </span>
    </p>
   </div>
   <div class='ocr_carea' id='block_1_16' title="bbox 222 1781 1808 1855">
    <p class='ocr_par' dir='ltr' id='par_1_16' title="bbox 222 1781 1808 1855">
     <span class='ocr_line' id='line_1_17' title="bbox 222 1781 1808 1855; baseline 0.002 -20"><span class='ocrx_word' id='word_1_91' title='bbox 222 1781 383 1852; x_wconf 78' lang='grc' dir='ltr'><strong>δῆθεν</strong></span> <span class='ocrx_word' id='word_1_92' title='bbox 411 1783 477 1837; x_wconf 79' lang='grc' dir='ltr'><strong>τὸ</strong></span> <span class='ocrx_word' id='word_1_93' title='bbox 507 1782 809 1853; x_wconf 83' lang='grc' dir='ltr'><strong>Νεστορίου</strong></span> <span class='ocrx_word' id='word_1_94' title='bbox 837 1783 1029 1855; x_wconf 74' lang='grc' dir='ltr'>ὄνομα,</span> <span class='ocrx_word' id='word_1_95' title='bbox 1058 1784 1153 1838; x_wconf 78' lang='grc' dir='ltr'><strong>καὶ</strong></span> <span class='ocrx_word' id='word_1_96' title='bbox 1183 1786 1684 1855; x_wconf 82' lang='grc' dir='ltr'><strong>προσποιουμένους</strong></span> <span class='ocrx_word' id='word_1_97' title='bbox 1710 1785 1808 1839; x_wconf 86' lang='grc' dir='ltr'><strong>αὐ-</strong></span> 
     </span>
    </p>
   </div>
   <div class='ocr_carea' id='block_1_17' title="bbox 225 1872 1805 1948">
    <p class='ocr_par' dir='ltr' id='par_1_17' title="bbox 225 1872 1805 1948">
     <span class='ocr_line' id='line_1_18' title="bbox 225 1872 1805 1948; baseline 0.003 -22"><span class='ocrx_word' id='word_1_98' title='bbox 225 1872 315 1927; x_wconf 83' lang='grc' dir='ltr'><strong>τὸν</strong></span> <span class='ocrx_word' id='word_1_99' title='bbox 339 1872 813 1944; x_wconf 69' lang='grc' dir='ltr'><strong>ἀποστρέφεσθαι,</strong></span> <span class='ocrx_word' id='word_1_100' title='bbox 856 1875 1347 1948; x_wconf 80' lang='grc' dir='ltr'>μεταπηδήσαντας</span> <span class='ocrx_word' id='word_1_101' title='bbox 1374 1877 1437 1930; x_wconf 75' lang='grc' dir='ltr'><strong>⁴δὲ</strong></span> <span class='ocrx_word' id='word_1_102' title='bbox 1462 1878 1555 1932; x_wconf 71' lang='grc' dir='ltr'><strong>ἐπὶ</strong></span> <span class='ocrx_word' id='word_1_103' title='bbox 1585 1878 1652 1932; x_wconf 85' lang='grc' dir='ltr'><strong>τὰ</strong></span> <span class='ocrx_word' id='word_1_104' title='bbox 1675 1877 1805 1931; x_wconf 84' lang='grc' dir='ltr'><strong>Θεο-</strong></span> 
     </span>
    </p>
   </div>
   <div class='ocr_carea' id='block_1_18' title="bbox 226 1963 1809 2040">
    <p class='ocr_par' dir='ltr' id='par_1_18' title="bbox 226 1963 1809 2040">
     <span class='ocr_line' id='line_1_19' title="bbox 226 1963 1809 2040; baseline 0.004 -23"><span class='ocrx_word' id='word_1_105' title='bbox 226 1963 402 2036; x_wconf 81' lang='grc' dir='ltr'><strong>δώρου</strong></span> <span class='ocrx_word' id='word_1_106' title='bbox 441 1965 627 2036; x_wconf 78' lang='grc' dir='ltr'>βισλία</span> <span class='ocrx_word' id='word_1_107' title='bbox 656 1965 726 2020; x_wconf 81' lang='grc' dir='ltr'><strong>τὰ</strong></span> <span class='ocrx_word' id='word_1_108' title='bbox 777 1967 1037 2038; x_wconf 76' lang='grc' dir='ltr'><strong>περὶτῆς</strong></span> <span class='ocrx_word' id='word_1_109' title='bbox 1086 1967 1571 2040; x_wconf 73' lang='grc' dir='ltr'><strong>ὲνανθρωπήσεως,</strong></span> <span class='ocrx_word' id='word_1_110' title='bbox 1621 1970 1677 2022; x_wconf 82' lang='grc' dir='ltr'><strong>ὲν</strong></span> <span class='ocrx_word' id='word_1_111' title='bbox 1726 1966 1809 2034; x_wconf 76' lang='grc' dir='ltr'><strong>οἷς</strong></span> 
     </span>
    </p>
   </div>
   <div class='ocr_carea' id='block_1_19' title="bbox 226 2056 1811 2132">
    <p class='ocr_par' dir='ltr' id='par_1_19' title="bbox 226 2056 1811 2132">
     <span class='ocr_line' id='line_1_20' title="bbox 226 2056 1811 2132; baseline 0.003 -23"><span class='ocrx_word' id='word_1_112' title='bbox 226 2056 407 2127; x_wconf 84' lang='grc' dir='ltr'>πολλῷ</span> <span class='ocrx_word' id='word_1_113' title='bbox 446 2057 829 2129; x_wconf 82' lang='grc' dir='ltr'>χαλεπώτεραι</span> <span class='ocrx_word' id='word_1_114' title='bbox 872 2058 984 2112; x_wconf 85' lang='grc' dir='ltr'><strong>τῶν</strong></span> <span class='ocrx_word' id='word_1_115' title='bbox 1009 2060 1306 2131; x_wconf 85' lang='grc' dir='ltr'>Νεστορίου</span> <span class='ocrx_word' id='word_1_116' title='bbox 1335 2060 1657 2132; x_wconf 82' lang='grc' dir='ltr'><strong>δυσφημιῶν</strong></span> <span class='ocrx_word' id='word_1_117' title='bbox 1702 2062 1811 2115; x_wconf 82' lang='grc' dir='ltr'><strong>εἰσι</strong></span> 
     </span>
    </p>
   </div>
   <div class='ocr_carea' id='block_1_20' title="bbox 228 2147 1811 2224">
    <p class='ocr_par' dir='ltr' id='par_1_20' title="bbox 228 2147 1811 2224">
     <span class='ocr_line' id='line_1_21' title="bbox 228 2147 1811 2224; baseline 0.006 -24"><span class='ocrx_word' id='word_1_118' title='bbox 228 2147 505 2218; x_wconf 72' lang='grc' dir='ltr'><strong>κείμεναι.</strong></span> <span class='ocrx_word' id='word_1_119' title='bbox 546 2150 732 2220; x_wconf 84' lang='grc' dir='ltr'><strong>Πατὴρ</strong></span> <span class='ocrx_word' id='word_1_120' title='bbox 766 2151 875 2222; x_wconf 82' lang='grc' dir='ltr'><strong>γὰρ</strong></span> <span class='ocrx_word' id='word_1_121' title='bbox 904 2150 1094 2220; x_wconf 67' lang='grc' dir='ltr'><strong>γέγονε</strong></span> <span class='ocrx_word' id='word_1_122' title='bbox 1123 2152 1222 2223; x_wconf 82' lang='grc' dir='ltr'><strong>τῆς</strong></span> <span class='ocrx_word' id='word_1_123' title='bbox 1256 2153 1553 2224; x_wconf 85' lang='grc' dir='ltr'>Νεστορίου</span> <span class='ocrx_word' id='word_1_124' title='bbox 1586 2156 1811 2209; x_wconf 79' lang='grc' dir='ltr'><strong>κακοδο-</strong></span> 
     </span>
    </p>
   </div>
   <div class='ocr_carea' id='block_1_21' title="bbox 228 2238 1815 2315">
    <p class='ocr_par' dir='ltr' id='par_1_21' title="bbox 228 2238 1815 2315">
     <span class='ocr_line' id='line_1_22' title="bbox 228 2238 1815 2315; baseline 0.004 -24"><span class='ocrx_word' id='word_1_125' title='bbox 228 2238 366 2304; x_wconf 80' lang='grc' dir='ltr'>ξίας,</span> <span class='ocrx_word' id='word_1_126' title='bbox 404 2241 506 2294; x_wconf 77' lang='grc' dir='ltr'><strong>καὶ</strong></span> <span class='ocrx_word' id='word_1_127' title='bbox 536 2242 605 2296; x_wconf 70' lang='grc' dir='ltr'><strong>τὰ</strong></span> <span class='ocrx_word' id='word_1_128' title='bbox 630 2241 820 2295; x_wconf 62' lang='grc' dir='ltr'>*αὑτοῦ</span> <span class='ocrx_word' id='word_1_129' title='bbox 858 2242 1095 2313; x_wconf 80' lang='grc' dir='ltr'><strong>λαλήσας</strong></span> <span class='ocrx_word' id='word_1_130' title='bbox 1137 2245 1165 2297; x_wconf 84' lang='grc' dir='ltr'><strong>ὁ</strong></span> <span class='ocrx_word' id='word_1_131' title='bbox 1195 2243 1461 2315; x_wconf 78' lang='grc' dir='ltr'>δυσσεϐὴς</span> <span class='ocrx_word' id='word_1_132' title='bbox 1510 2246 1570 2298; x_wconf 82' lang='grc' dir='ltr'><strong>ὲν</strong></span> <span class='ocrx_word' id='word_1_133' title='bbox 1604 2245 1815 2309; x_wconf 81' lang='grc' dir='ltr'><strong>τούτοις</strong></span> 
     </span>
    </p>
   </div>
   <div class='ocr_carea' id='block_1_22' title="bbox 229 2328 1812 2408">
    <p class='ocr_par' dir='ltr' id='par_1_22' title="bbox 229 2328 1812 2408">
     <span class='ocr_line' id='line_1_23' title="bbox 229 2328 1812 2408; baseline 0.004 -24"><span class='ocrx_word' id='word_1_134' title='bbox 229 2332 478 2400; x_wconf 77' lang='grc' dir='ltr'>γέγονεν,</span> <span class='ocrx_word' id='word_1_135' title='bbox 520 2334 579 2386; x_wconf 78' lang='grc' dir='ltr'><strong>ὲν</strong></span> <span class='ocrx_word' id='word_1_136' title='bbox 608 2328 688 2397; x_wconf 79' lang='grc' dir='ltr'><strong>οἷς</strong></span> <span class='ocrx_word' id='word_1_137' title='bbox 724 2333 819 2389; x_wconf 82' lang='grc' dir='ltr'><strong>νῦν</strong></span> <span class='ocrx_word' id='word_1_138' title='bbox 841 2335 979 2389; x_wconf 72' lang='grc' dir='ltr'><strong>ἐστι.</strong></span> <span class='ocrx_word' id='word_1_139' title='bbox 1015 2336 1127 2389; x_wconf 80' lang='grc' dir='ltr'>Καὶ</span> <span class='ocrx_word' id='word_1_140' title='bbox 1154 2335 1368 2407; x_wconf 76' lang='grc' dir='ltr'>ἔγραψα</span> <span class='ocrx_word' id='word_1_141' title='bbox 1413 2336 1511 2408; x_wconf 77' lang='grc' dir='ltr'><strong>μὲν</strong></span> <span class='ocrx_word' id='word_1_142' title='bbox 1542 2336 1622 2408; x_wconf 81' lang='grc' dir='ltr'><strong>τῷ</strong></span> <span class='ocrx_word' id='word_1_143' title='bbox 1654 2339 1812 2391; x_wconf 83' lang='grc' dir='ltr'><strong>εὐσε-</strong></span> 
     </span>
    </p>
   </div>
   <div class='ocr_carea' id='block_1_23' title="bbox 228 2420 1814 2499">
    <p class='ocr_par' dir='ltr' id='par_1_23' title="bbox 228 2420 1814 2499">
     <span class='ocr_line' id='line_1_24' title="bbox 228 2420 1814 2499; baseline 0.005 -25"><span class='ocrx_word' id='word_1_144' title='bbox 228 2420 483 2493; x_wconf 72' lang='grc' dir='ltr'><strong>ϐεστάτῳ</strong></span> <span class='ocrx_word' id='word_1_145' title='bbox 509 2424 792 2495; x_wconf 72' lang='grc' dir='ltr'><strong>ὲπισκόπῳ</strong></span> <span class='ocrx_word' id='word_1_146' title='bbox 821 2425 923 2494; x_wconf 83' lang='grc' dir='ltr'><strong>τῆς</strong></span> <span class='ocrx_word' id='word_1_147' title='bbox 964 2425 1299 2496; x_wconf 69' lang='grc' dir='ltr'>Ἀντιοχέων,</span> <span class='ocrx_word' id='word_1_148' title='bbox 1332 2427 1414 2480; x_wconf 82' lang='grc' dir='ltr'><strong>ὅτι</strong></span> <span class='ocrx_word' id='word_1_149' title='bbox 1448 2427 1514 2481; x_wconf 82' lang='grc' dir='ltr'><strong>τὰ</strong></span> <span class='ocrx_word' id='word_1_150' title='bbox 1539 2426 1814 2499; x_wconf 84' lang='grc' dir='ltr'><strong>Θεοδώρου</strong></span> 
     </span>
    </p>
   </div>
   <div class='ocr_carea' id='block_1_24' title="bbox 226 2497 1889 2590">
    <p class='ocr_par' dir='ltr' id='par_1_24' title="bbox 226 2497 1889 2590">
     <span class='ocr_line' id='line_1_25' title="bbox 226 2497 1889 2590; baseline -0.006 -26"><span class='ocrx_word' id='word_1_151' title='bbox 226 2512 470 2585; x_wconf 77' lang='grc' dir='ltr'><strong>δυσσεϐῆ</strong></span> <span class='ocrx_word' id='word_1_152' title='bbox 516 2513 763 2583; x_wconf 85' lang='grc' dir='ltr'><strong>δόγματα</strong></span> <span class='ocrx_word' id='word_1_153' title='bbox 792 2516 984 2586; x_wconf 74' lang='grc' dir='ltr'>μηδεὶς</span> <span class='ocrx_word' id='word_1_154' title='bbox 1018 2518 1078 2569; x_wconf 79' lang='grc' dir='ltr'><strong>ἐν</strong></span> <span class='ocrx_word' id='word_1_155' title='bbox 1104 2516 1371 2590; x_wconf 66' lang='grc' dir='ltr'><strong>ὲκκλησίᾳ</strong></span> <span class='ocrx_word' id='word_1_156' title='bbox 1396 2518 1643 2574; x_wconf 79' lang='grc' dir='ltr'>λαλείτω.</span> <span class='ocrx_word' id='word_1_157' title='bbox 1686 2497 1817 2590; x_wconf 70' lang='grc' dir='ltr'><strong>’Ᾰφ-</strong></span> <span class='ocrx_word' id='word_1_158' title='bbox 1848 2497 1889 2553; x_wconf 89' lang='grc' dir='ltr'><strong>Β</strong></span> 
     </span>
    </p>
   </div>
   <div class='ocr_carea' id='block_1_25' title="bbox 234 2605 1813 2680">
    <p class='ocr_par' dir='ltr' id='par_1_25' title="bbox 234 2605 1813 2680">
     <span class='ocr_line' id='line_1_26' title="bbox 234 2605 1813 2680; baseline 0.006 -23"><span class='ocrx_word' id='word_1_159' title='bbox 234 2605 490 2675; x_wconf 86' lang='grc' dir='ltr'>ικόμενος</span> <span class='ocrx_word' id='word_1_160' title='bbox 517 2606 575 2659; x_wconf 74' lang='grc' dir='ltr'>δὲ</span> <span class='ocrx_word' id='word_1_161' title='bbox 602 2608 660 2659; x_wconf 80' lang='grc' dir='ltr'>ὲν</span> <span class='ocrx_word' id='word_1_162' title='bbox 674 2606 1052 2680; x_wconf 81' lang='grc' dir='ltr'>Ἀλεξανδρείᾳ</span> <span class='ocrx_word' id='word_1_163' title='bbox 1077 2610 1106 2662; x_wconf 83' lang='grc' dir='ltr'>ὁ</span> <span class='ocrx_word' id='word_1_164' title='bbox 1131 2608 1526 2674; x_wconf 76' lang='grc' dir='ltr'><strong>εὐλαϐέστατος</strong></span> <span class='ocrx_word' id='word_1_165' title='bbox 1550 2611 1813 2676; x_wconf 84' lang='grc' dir='ltr'>διάκονος,</span> 
     </span>
    </p>
   </div>
   <div class='ocr_carea' id='block_1_26' title="bbox 234 2695 1820 2775">
    <p class='ocr_par' dir='ltr' id='par_1_26' title="bbox 234 2695 1820 2775">
     <span class='ocr_line' id='line_1_27' title="bbox 234 2695 1820 2775; baseline 0.006 -27"><span class='ocrx_word' id='word_1_166' title='bbox 234 2695 327 2748; x_wconf 78' lang='grc' dir='ltr'><strong>καὶ</strong></span> <span class='ocrx_word' id='word_1_167' title='bbox 383 2698 821 2770; x_wconf 81' lang='grc' dir='ltr'>ἀρχιμανδρίτης</span> <span class='ocrx_word' id='word_1_168' title='bbox 875 2699 1150 2770; x_wconf 81' lang='grc' dir='ltr'><strong>Μάξιμος,</strong></span> <span class='ocrx_word' id='word_1_169' title='bbox 1181 2701 1351 2755; x_wconf 83' lang='grc' dir='ltr'>πολλὰ</span> <span class='ocrx_word' id='word_1_170' title='bbox 1391 2704 1687 2775; x_wconf 77' lang='grc' dir='ltr'>κατεδόησε</span> <span class='ocrx_word' id='word_1_171' title='bbox 1719 2703 1820 2771; x_wconf 76' lang='grc' dir='ltr'><strong>φά-</strong></span> 
     </span>
    </p>
   </div>
   <div class='ocr_carea' id='block_1_27' title="bbox 236 2788 1818 2863">
    <p class='ocr_par' dir='ltr' id='par_1_27' title="bbox 236 2788 1818 2863">
     <span class='ocr_line' id='line_1_28' title="bbox 236 2788 1818 2863; baseline 0.004 -24"><span class='ocrx_word' id='word_1_172' title='bbox 236 2802 405 2854; x_wconf 87' lang='grc' dir='ltr'>σκων,</span> <span class='ocrx_word' id='word_1_173' title='bbox 449 2788 580 2851; x_wconf 79' lang='grc' dir='ltr'>τοὺς</span> <span class='ocrx_word' id='word_1_174' title='bbox 602 2788 920 2859; x_wconf 80' lang='grc' dir='ltr'>ὸρθοδόξους</span> <span class='ocrx_word' id='word_1_175' title='bbox 964 2790 1169 2862; x_wconf 75' lang='grc' dir='ltr'>μηδένα</span> <span class='ocrx_word' id='word_1_176' title='bbox 1212 2792 1379 2846; x_wconf 87' lang='grc' dir='ltr'><strong>τόπον</strong></span> <span class='ocrx_word' id='word_1_177' title='bbox 1423 2792 1567 2863; x_wconf 76' lang='grc' dir='ltr'><strong>ἔχειν</strong></span> <span class='ocrx_word' id='word_1_178' title='bbox 1609 2792 1818 2859; x_wconf 75' lang='grc' dir='ltr'>αὐτόθι,</span> 
     </span>
    </p>
   </div>
   <div class='ocr_carea' id='block_1_28' title="bbox 238 2879 1817 2956">
    <p class='ocr_par' dir='ltr' id='par_1_28' title="bbox 238 2879 1817 2956">
     <span class='ocr_line' id='line_1_29' title="bbox 238 2879 1817 2956; baseline 0.003 -24"><span class='ocrx_word' id='word_1_179' title='bbox 238 2879 377 2949; x_wconf 75' lang='grc' dir='ltr'>μηδὲ</span> <span class='ocrx_word' id='word_1_180' title='bbox 413 2882 727 2951; x_wconf 70' lang='grc' dir='ltr'>παρρησίαν</span> <span class='ocrx_word' id='word_1_181' title='bbox 760 2882 856 2937; x_wconf 81' lang='grc' dir='ltr'><strong>τοῦ</strong></span> <span class='ocrx_word' id='word_1_182' title='bbox 888 2882 1069 2937; x_wconf 80' lang='grc' dir='ltr'>λαλεῖν</span> <span class='ocrx_word' id='word_1_183' title='bbox 1110 2884 1179 2937; x_wconf 81' lang='grc' dir='ltr'><strong>τὰ</strong></span> <span class='ocrx_word' id='word_1_184' title='bbox 1221 2885 1322 2955; x_wconf 80' lang='grc' dir='ltr'><strong>τῆς</strong></span> <span class='ocrx_word' id='word_1_185' title='bbox 1368 2884 1535 2956; x_wconf 77' lang='grc' dir='ltr'><strong>ὀρθῆς</strong></span> <span class='ocrx_word' id='word_1_186' title='bbox 1582 2885 1817 2947; x_wconf 84' lang='grc' dir='ltr'><strong>πίστεως</strong></span> 
     </span>
    </p>
   </div>
   <div class='ocr_carea' id='block_1_29' title="bbox 241 2970 1825 3047">
    <p class='ocr_par' dir='ltr' id='par_1_29' title="bbox 241 2970 1825 3047">
     <span class='ocr_line' id='line_1_30' title="bbox 241 2970 1825 3047; baseline 0.002 -22"><span class='ocrx_word' id='word_1_187' title='bbox 241 2971 387 3042; x_wconf 81' lang='grc' dir='ltr'><strong>Ἔφη</strong></span> <span class='ocrx_word' id='word_1_188' title='bbox 418 2970 499 3034; x_wconf 76' lang='grc' dir='ltr'>δὲ,</span> <span class='ocrx_word' id='word_1_189' title='bbox 534 2971 617 3025; x_wconf 86' lang='grc' dir='ltr'><strong>ὃτι</strong></span> <span class='ocrx_word' id='word_1_190' title='bbox 639 2973 1063 3044; x_wconf 84' lang='grc' dir='ltr'><strong>προσποιοῦνται</strong></span> <span class='ocrx_word' id='word_1_191' title='bbox 1097 2974 1198 3044; x_wconf 84' lang='grc' dir='ltr'><strong>μὲν</strong></span> <span class='ocrx_word' id='word_1_192' title='bbox 1218 2975 1502 3046; x_wconf 84' lang='grc' dir='ltr'>ὁμολογεῖν</span> <span class='ocrx_word' id='word_1_193' title='bbox 1530 2976 1591 3027; x_wconf 80' lang='grc' dir='ltr'><strong>τὸ</strong></span> <span class='ocrx_word' id='word_1_194' title='bbox 1615 2975 1685 3028; x_wconf 87' lang='grc' dir='ltr'><strong>Σύ</strong></span> <span class='ocrx_word' id='word_1_195' title='bbox 1695 2975 1825 3047; x_wconf 63' lang='lat'><strong>11.60-</strong></span> 
     </span>
    </p>
   </div>
   <div class='ocr_carea' id='block_1_30' title="bbox 235 3063 1821 3138">
    <p class='ocr_par' dir='ltr' id='par_1_30' title="bbox 235 3063 1821 3138">
     <span class='ocr_line' id='line_1_31' title="bbox 235 3063 1821 3138; baseline 0.003 -22"><span class='ocrx_word' id='word_1_196' title='bbox 235 3063 328 3117; x_wconf 79' lang='grc' dir='ltr'><strong>λον</strong></span> <span class='ocrx_word' id='word_1_197' title='bbox 356 3063 421 3117; x_wconf 78' lang='grc' dir='ltr'><strong>τὸ</strong></span> <span class='ocrx_word' id='word_1_198' title='bbox 467 3064 689 3117; x_wconf 69' lang='grc' dir='ltr'><strong>ἐκτεθὲν</strong></span> <span class='ocrx_word' id='word_1_199' title='bbox 736 3066 795 3118; x_wconf 81' lang='grc' dir='ltr'><strong>ὲν</strong></span> <span class='ocrx_word' id='word_1_200' title='bbox 840 3068 905 3137; x_wconf 77' lang='grc' dir='ltr'><strong>τῇ</strong></span> <span class='ocrx_word' id='word_1_201' title='bbox 938 3066 1143 3138; x_wconf 79' lang='grc' dir='ltr'>Νικαίᾳ</span> <span class='ocrx_word' id='word_1_202' title='bbox 1184 3066 1338 3137; x_wconf 84' lang='grc' dir='ltr'>παρὰ</span> <span class='ocrx_word' id='word_1_203' title='bbox 1385 3066 1494 3120; x_wconf 84' lang='grc' dir='ltr'><strong>τῶν</strong></span> <span class='ocrx_word' id='word_1_204' title='bbox 1538 3066 1821 3138; x_wconf 80' lang='grc' dir='ltr'><strong>Πατέρων,</strong></span> 
     </span>
    </p>
   </div>
   <div class='ocr_carea' id='block_1_31' title="bbox 238 3155 1824 3231">
    <p class='ocr_par' dir='ltr' id='par_1_31' title="bbox 238 3155 1824 3231">
     <span class='ocr_line' id='line_1_32' title="bbox 238 3155 1824 3231; baseline 0.001 -22"><span class='ocrx_word' id='word_1_205' title='bbox 238 3155 724 3227; x_wconf 81' lang='grc' dir='ltr'><strong>παρερμηνεύουσι</strong></span> <span class='ocrx_word' id='word_1_206' title='bbox 766 3157 825 3212; x_wconf 82' lang='grc' dir='ltr'>δὲ</span> <span class='ocrx_word' id='word_1_207' title='bbox 870 3158 1022 3212; x_wconf 84' lang='grc' dir='ltr'>αὐτό.</span> <span class='ocrx_word' id='word_1_208' title='bbox 1080 3161 1193 3214; x_wconf 76' lang='grc' dir='ltr'><strong>Καὶ</strong></span> <span class='ocrx_word' id='word_1_209' title='bbox 1248 3158 1553 3231; x_wconf 74' lang='grc' dir='ltr'><strong>προέτρεψέ</strong></span> <span class='ocrx_word' id='word_1_210' title='bbox 1604 3177 1670 3229; x_wconf 90' lang='grc' dir='ltr'>με</span> <span class='ocrx_word' id='word_1_211' title='bbox 1726 3159 1824 3229; x_wconf 80' lang='grc' dir='ltr'><strong>τὴν</strong></span> 
     </span>
    </p>
   </div>
   <div class='ocr_carea' id='block_1_32' title="bbox 238 3247 1826 3323">
    <p class='ocr_par' dir='ltr' id='par_1_32' title="bbox 238 3247 1826 3323">
     <span class='ocr_line' id='line_1_33' title="bbox 238 3247 1826 3323; baseline 0.001 -23"><span class='ocrx_word' id='word_1_212' title='bbox 238 3247 459 3301; x_wconf 68' lang='grc' dir='ltr'><strong>ἔκθεσιν</strong></span> <span class='ocrx_word' id='word_1_213' title='bbox 486 3249 667 3301; x_wconf 78' lang='grc' dir='ltr'>πᾶσαν</span> <span class='ocrx_word' id='word_1_214' title='bbox 689 3247 796 3301; x_wconf 84' lang='grc' dir='ltr'>τῶν</span> <span class='ocrx_word' id='word_1_215' title='bbox 826 3251 885 3302; x_wconf 82' lang='grc' dir='ltr'><strong>ὲν</strong></span> <span class='ocrx_word' id='word_1_216' title='bbox 906 3250 1114 3323; x_wconf 79' lang='grc' dir='ltr'>Νικαίᾳ</span> <span class='ocrx_word' id='word_1_217' title='bbox 1139 3249 1475 3321; x_wconf 72' lang='grc' dir='ltr'><strong>ἑρμηνεῦσαι</strong></span> <span class='ocrx_word' id='word_1_218' title='bbox 1504 3248 1710 3317; x_wconf 84' lang='grc' dir='ltr'>σαφῶς,</span> <span class='ocrx_word' id='word_1_219' title='bbox 1738 3248 1826 3301; x_wconf 75' lang='grc' dir='ltr'><strong>ἵνα</strong></span> 
     </span>
    </p>
   </div>
   <div class='ocr_carea' id='block_1_33' title="bbox 241 3336 1826 3412">
    <p class='ocr_par' dir='ltr' id='par_1_33' title="bbox 241 3336 1826 3412">
     <span class='ocr_line' id='line_1_34' title="bbox 241 3336 1826 3412; baseline -0.001 -22"><span class='ocrx_word' id='word_1_220' title='bbox 241 3336 319 3409; x_wconf 79' lang='grc' dir='ltr'>μὴ</span> <span class='ocrx_word' id='word_1_221' title='bbox 355 3338 750 3409; x_wconf 78' lang='grc' dir='ltr'><strong>συναρπάζῳσί</strong></span> <span class='ocrx_word' id='word_1_222' title='bbox 776 3356 931 3403; x_wconf 87' lang='grc' dir='ltr'><strong>τινας</strong></span> <span class='ocrx_word' id='word_1_223' title='bbox 957 3340 1121 3412; x_wconf 69' lang='grc' dir='ltr'><strong>ἕτερα</strong></span> <span class='ocrx_word' id='word_1_224' title='bbox 1149 3340 1264 3395; x_wconf 85' lang='grc' dir='ltr'><strong>ἀνθ’</strong></span> <span class='ocrx_word' id='word_1_225' title='bbox 1292 3340 1494 3410; x_wconf 77' lang='grc' dir='ltr'><strong>ἑτέρων</strong></span> <span class='ocrx_word' id='word_1_226' title='bbox 1524 3337 1826 3409; x_wconf 75' lang='grc' dir='ltr'><strong>ἐξηγούμε-</strong></span> 
     </span>
    </p>
   </div>
   <div class='ocr_carea' id='block_1_34' title="bbox 238 3427 1821 3504">
    <p class='ocr_par' dir='ltr' id='par_1_34' title="bbox 238 3427 1821 3504">
     <span class='ocr_line' id='line_1_35' title="bbox 238 3427 1821 3504; baseline 0.003 -23"><span class='ocrx_word' id='word_1_227' title='bbox 238 3445 351 3482; x_wconf 87' lang='grc' dir='ltr'><strong>νοι·</strong></span> <span class='ocrx_word' id='word_1_228' title='bbox 389 3429 419 3481; x_wconf 85' lang='grc' dir='ltr'><strong>δ</strong></span> <span class='ocrx_word' id='word_1_229' title='bbox 480 3427 548 3499; x_wconf 86' lang='grc' dir='ltr'>δὴ</span> <span class='ocrx_word' id='word_1_230' title='bbox 596 3430 692 3483; x_wconf 78' lang='grc' dir='ltr'><strong>καὶ</strong></span> <span class='ocrx_word' id='word_1_231' title='bbox 730 3429 1008 3503; x_wconf 78' lang='grc' dir='ltr'><strong>πέπραχα.</strong></span> <span class='ocrx_word' id='word_1_232' title='bbox 1063 3432 1415 3504; x_wconf 80' lang='grc' dir='ltr'><strong>Ἐπιφὲρεται</strong></span> <span class='ocrx_word' id='word_1_233' title='bbox 1458 3432 1637 3485; x_wconf 86' lang='grc' dir='ltr'>τοίνυν</span> <span class='ocrx_word' id='word_1_234' title='bbox 1692 3433 1821 3495; x_wconf 81' lang='grc' dir='ltr'>τοὺς</span> 
     </span>
    </p>
   </div>
   <div class='ocr_carea' id='block_1_35' title="bbox 236 3520 1828 3594">
    <p class='ocr_par' dir='ltr' id='par_1_35' title="bbox 236 3520 1828 3594">
     <span class='ocr_line' id='line_1_36' title="bbox 236 3520 1828 3594; baseline 0.003 -22"><span class='ocrx_word' id='word_1_235' title='bbox 236 3520 464 3591; x_wconf 78' lang='grc' dir='ltr'><strong>τόμους,</strong></span> <span class='ocrx_word' id='word_1_236' title='bbox 494 3520 637 3575; x_wconf 82' lang='grc' dir='ltr'><strong>ὥστε</strong></span> <span class='ocrx_word' id='word_1_237' title='bbox 662 3522 1093 3594; x_wconf 78' lang='grc' dir='ltr'><strong>προσενεχθῆναι</strong></span> <span class='ocrx_word' id='word_1_238' title='bbox 1120 3524 1214 3577; x_wconf 73' lang='grc' dir='ltr'><strong>καὶ</strong></span> <span class='ocrx_word' id='word_1_239' title='bbox 1253 3527 1373 3588; x_wconf 83' lang='grc' dir='ltr'>ταῖς</span> <span class='ocrx_word' id='word_1_240' title='bbox 1401 3524 1828 3588; x_wconf 75' lang='grc' dir='ltr'><strong>εὐλαϐεστάταις</strong></span> 
     </span>
    </p>
   </div>
   <div class='ocr_carea' id='block_1_36' title="bbox 236 3610 1830 3688">
    <p class='ocr_par' dir='ltr' id='par_1_36' title="bbox 236 3610 1830 3688">
     <span class='ocr_line' id='line_1_37' title="bbox 236 3610 1830 3688; baseline 0.003 -23"><span class='ocrx_word' id='word_1_241' title='bbox 236 3610 575 3679; x_wconf 77' lang='grc' dir='ltr'>δεσποίναις,</span> <span class='ocrx_word' id='word_1_242' title='bbox 610 3613 707 3669; x_wconf 78' lang='grc' dir='ltr'><strong>καὶ</strong></span> <span class='ocrx_word' id='word_1_243' title='bbox 739 3614 817 3686; x_wconf 85' lang='grc' dir='ltr'><strong>τῷ</strong></span> <span class='ocrx_word' id='word_1_244' title='bbox 864 3615 1195 3688; x_wconf 85' lang='grc' dir='ltr'>φιλοχρίστῳ</span> <span class='ocrx_word' id='word_1_245' title='bbox 1222 3617 1317 3672; x_wconf 74' lang='grc' dir='ltr'><strong>καὶ</strong></span> <span class='ocrx_word' id='word_1_246' title='bbox 1345 3616 1725 3687; x_wconf 55' lang='lat' dir='ltr'><strong>abeam/inp</strong></span> <span class='ocrx_word' id='word_1_247' title='bbox 1752 3615 1830 3670; x_wconf 82' lang='grc' dir='ltr'>δε-</span> 
     </span>
    </p>
   </div>
   <div class='ocr_carea' id='block_1_37' title="bbox 241 3705 1824 3785">
    <p class='ocr_par' dir='ltr' id='par_1_37' title="bbox 241 3705 1824 3785">
     <span class='ocr_line' id='line_1_38' title="bbox 241 3705 1824 3785; baseline 0.003 -27"><span class='ocrx_word' id='word_1_248' title='bbox 241 3705 437 3778; x_wconf 79' lang='grc' dir='ltr'><strong>σπότῃ.</strong></span> <span class='ocrx_word' id='word_1_249' title='bbox 477 3707 761 3778; x_wconf 79' lang='grc' dir='ltr'><strong>Πεποεηκα</strong></span> <span class='ocrx_word' id='word_1_250' title='bbox 804 3709 913 3781; x_wconf 84' lang='grc' dir='ltr'><strong>γὰρ</strong></span> <span class='ocrx_word' id='word_1_251' title='bbox 952 3712 1010 3763; x_wconf 88' lang='grc' dir='ltr'><strong>ὲν</strong></span> <span class='ocrx_word' id='word_1_252' title='bbox 1054 3712 1291 3785; x_wconf 79' lang='grc' dir='ltr'>δέρμασι</span> <span class='ocrx_word' id='word_1_253' title='bbox 1331 3709 1586 3780; x_wconf 78' lang='grc' dir='ltr'><strong>γενέσθαι</strong></span> <span class='ocrx_word' id='word_1_254' title='bbox 1640 3710 1824 3780; x_wconf 89' lang='grc' dir='ltr'>τόμον.</span> 
     </span>
    </p>
   </div>
   <div class='ocr_carea' id='block_1_38' title="bbox 239 3800 1825 3875">
    <p class='ocr_par' dir='ltr' id='par_1_38' title="bbox 239 3800 1825 3875">
     <span class='ocr_line' id='line_1_39' title="bbox 239 3800 1825 3875; baseline 0.002 -22"><span class='ocrx_word' id='word_1_255' title='bbox 239 3800 400 3853; x_wconf 83' lang='grc' dir='ltr'><strong>Μετὰ</strong></span> <span class='ocrx_word' id='word_1_256' title='bbox 431 3800 682 3871; x_wconf 77' lang='grc' dir='ltr'><strong>σκέψεως</strong></span> <span class='ocrx_word' id='word_1_257' title='bbox 715 3802 894 3859; x_wconf 83' lang='grc' dir='ltr'><strong>τοίνυν</strong></span> <span class='ocrx_word' id='word_1_258' title='bbox 921 3805 1110 3869; x_wconf 82' lang='grc' dir='ltr'>αὑτοῦ,</span> <span class='ocrx_word' id='word_1_259' title='bbox 1141 3806 1217 3870; x_wconf 88' lang='grc' dir='ltr'>ὼς</span> <span class='ocrx_word' id='word_1_260' title='bbox 1253 3806 1319 3860; x_wconf 80' lang='grc' dir='ltr'>ἂν</span> <span class='ocrx_word' id='word_1_261' title='bbox 1366 3804 1511 3875; x_wconf 74' lang='grc' dir='ltr'><strong>ἔχειν</strong></span> <span class='ocrx_word' id='word_1_262' title='bbox 1543 3804 1825 3869; x_wconf 83' lang='grc' dir='ltr'>συνίδοιτε,</span> 
     </span>
    </p>
   </div>
   <div class='ocr_carea' id='block_1_39' title="bbox 241 3890 1831 3968">
    <p class='ocr_par' dir='ltr' id='par_1_39' title="bbox 241 3890 1831 3968">
     <span class='ocr_line' id='line_1_40' title="bbox 241 3890 1831 3968; baseline 0.003 -25"><span class='ocrx_word' id='word_1_263' title='bbox 241 3891 523 3962; x_wconf 82' lang='grc' dir='ltr'><strong>εὐκαίρως</strong></span> <span class='ocrx_word' id='word_1_264' title='bbox 564 3890 583 3930; x_wconf 78' lang='lat'>1</span> <span class='ocrx_word' id='word_1_265' title='bbox 617 3894 968 3965; x_wconf 67' lang='grc' dir='ltr'><strong>προσάγοιτε.</strong></span> <span class='ocrx_word' id='word_1_266' title='bbox 1018 3898 1111 3950; x_wconf 81' lang='grc' dir='ltr'><strong>Δεῖ</strong></span> <span class='ocrx_word' id='word_1_267' title='bbox 1150 3898 1259 3968; x_wconf 81' lang='grc' dir='ltr'><strong>γὰρ</strong></span> <span class='ocrx_word' id='word_1_268' title='bbox 1304 3899 1451 3968; x_wconf 80' lang='grc' dir='ltr'>ἡμᾶς</span> <span class='ocrx_word' id='word_1_269' title='bbox 1494 3894 1831 3965; x_wconf 83' lang='grc' dir='ltr'>πανταχόθεν</span> 
     </span>
    </p>
   </div>
   <div class='ocr_carea' id='block_1_40' title="bbox 242 3983 1830 4059">
    <p class='ocr_par' dir='ltr' id='par_1_40' title="bbox 242 3983 1830 4059">
     <span class='ocr_line' id='line_1_41' title="bbox 242 3983 1830 4059; baseline 0.002 -24"><span class='ocrx_word' id='word_1_270' title='bbox 242 3983 689 4052; x_wconf 76' lang='grc' dir='ltr'><strong>ἐπαγωνίζεσθαι</strong></span> <span class='ocrx_word' id='word_1_271' title='bbox 726 3988 792 4058; x_wconf 82' lang='grc' dir='ltr'><strong>τῇ</strong></span> <span class='ocrx_word' id='word_1_272' title='bbox 818 3985 951 4058; x_wconf 81' lang='grc' dir='ltr'><strong>ὀρθῇ</strong></span> <span class='ocrx_word' id='word_1_273' title='bbox 984 3988 1188 4050; x_wconf 76' lang='grc' dir='ltr'><strong>πίστει,</strong></span> <span class='ocrx_word' id='word_1_274' title='bbox 1218 3990 1311 4042; x_wconf 76' lang='grc' dir='ltr'><strong>καὶ</strong></span> <span class='ocrx_word' id='word_1_275' title='bbox 1329 3989 1429 4058; x_wconf 82' lang='grc' dir='ltr'><strong>τὴν</strong></span> <span class='ocrx_word' id='word_1_276' title='bbox 1450 3986 1830 4059; x_wconf 80' lang='grc' dir='ltr'><strong>ὲγηγερμένην</strong></span> 
     </span>
    </p>
   </div>
   <div class='ocr_carea' id='block_1_41' title="bbox 244 4074 1831 4149">
    <p class='ocr_par' dir='ltr' id='par_1_41' title="bbox 244 4074 1831 4149">
     <span class='ocr_line' id='line_1_42' title="bbox 244 4074 1831 4149; baseline 0.003 -23"><span class='ocrx_word' id='word_1_277' title='bbox 244 4075 389 4128; x_wconf 83' lang='grc' dir='ltr'><strong>κατὰ</strong></span> <span class='ocrx_word' id='word_1_278' title='bbox 416 4074 655 4145; x_wconf 83' lang='grc' dir='ltr'><strong>Χριστοῦ</strong></span> <span class='ocrx_word' id='word_1_279' title='bbox 675 4077 1015 4145; x_wconf 75' lang='grc' dir='ltr'>δυσσέϐειαν,</span> <span class='ocrx_word' id='word_1_280' title='bbox 1046 4080 1126 4143; x_wconf 84' lang='grc' dir='ltr'>εἰς</span> <span class='ocrx_word' id='word_1_281' title='bbox 1155 4080 1279 4133; x_wconf 83' lang='grc' dir='ltr'><strong>ὅσον</strong></span> <span class='ocrx_word' id='word_1_282' title='bbox 1306 4075 1418 4134; x_wconf 74' lang='grc' dir='ltr'>οἶόν</span> <span class='ocrx_word' id='word_1_283' title='bbox 1433 4097 1513 4143; x_wconf 82' lang='grc' dir='ltr'>τε,</span> <span class='ocrx_word' id='word_1_284' title='bbox 1541 4077 1831 4149; x_wconf 79' lang='grc' dir='ltr'><strong>πειρᾶσθαι</strong></span> 
     </span>
    </p>
   </div>
   <div class='ocr_carea' id='block_1_42' title="bbox 244 4167 735 4239">
    <p class='ocr_par' dir='ltr' id='par_1_42' title="bbox 244 4167 735 4239">
     <span class='ocr_line' id='line_1_43' title="bbox 244 4167 735 4239; baseline 0.008 -20"><span class='ocrx_word' id='word_1_285' title='bbox 244 4168 420 4222; x_wconf 82' lang='grc' dir='ltr'><strong>ποιεῖν</strong></span> <span class='ocrx_word' id='word_1_286' title='bbox 452 4169 520 4223; x_wconf 78' lang='grc' dir='ltr'><strong>ἐκ</strong></span> <span class='ocrx_word' id='word_1_287' title='bbox 550 4167 735 4239; x_wconf 79' lang='grc' dir='ltr'>μέσου.</span> 
     </span>
    </p>
   </div>
   <div class='ocr_carea' id='block_1_43' title="bbox 1901 1240 3475 1319">
    <p class='ocr_par' dir='ltr' id='par_1_43' title="bbox 1901 1240 3475 1319">
     <span class='ocr_line' id='line_1_44' title="bbox 1901 1240 3475 1319; baseline -0.008 -15"><span class='ocrx_word' id='word_1_288' title='bbox 1901 1250 1995 1319; x_wconf 89' lang='lat' dir='ltr'><strong>qui</strong></span> <span class='ocrx_word' id='word_1_289' title='bbox 2027 1250 2286 1306; x_wconf 68' lang='lat' dir='ltr'><strong>nobiliter</strong></span> <span class='ocrx_word' id='word_1_290' title='bbox 2317 1252 2554 1306; x_wconf 88' lang='lat' dir='ltr'><strong>militant</strong></span> <span class='ocrx_word' id='word_1_291' title='bbox 2584 1250 2639 1304; x_wconf 91' lang='lat' dir='ltr'><strong>in</strong></span> <span class='ocrx_word' id='word_1_292' title='bbox 2676 1247 2898 1319; x_wconf 86' lang='lat' dir='ltr'><strong>palatio,</strong></span> <span class='ocrx_word' id='word_1_293' title='bbox 2950 1243 3237 1313; x_wconf 79' lang='lat' dir='ltr'><strong>epistolam</strong></span> <span class='ocrx_word' id='word_1_294' title='bbox 3270 1240 3475 1294; x_wconf 86' lang='lat' dir='ltr'><strong>multo-</strong></span> 
     </span>
    </p>
   </div>
   <div class='ocr_carea' id='block_1_44' title="bbox 1902 1332 3475 1411">
    <p class='ocr_par' dir='ltr' id='par_1_44' title="bbox 1902 1332 3475 1411">
     <span class='ocr_line' id='line_1_45' title="bbox 1902 1332 3475 1411; baseline -0.008 -18"><span class='ocrx_word' id='word_1_295' title='bbox 1902 1356 2026 1395; x_wconf 89' lang='lat' dir='ltr'><strong>rum</strong></span> <span class='ocrx_word' id='word_1_296' title='bbox 2074 1356 2334 1395; x_wconf 83' lang='lat' dir='ltr'><strong>versuum</strong></span> <span class='ocrx_word' id='word_1_297' title='bbox 2382 1350 2437 1396; x_wconf 89' lang='lat' dir='ltr'><strong>et</strong></span> <span class='ocrx_word' id='word_1_298' title='bbox 2467 1339 2727 1411; x_wconf 82' lang='lat' dir='ltr'><strong>grandem</strong></span> <span class='ocrx_word' id='word_1_299' title='bbox 2774 1335 2972 1391; x_wconf 87' lang='lat' dir='ltr'><strong>obtulit</strong></span> <span class='ocrx_word' id='word_1_300' title='bbox 3016 1332 3153 1389; x_wconf 84' lang='lat' dir='ltr'><strong>mihi</strong></span> <span class='ocrx_word' id='word_1_301' title='bbox 3186 1332 3475 1401; x_wconf 78' lang='lat' dir='ltr'><strong>signatam,</strong></span> 
     </span>
    </p>
   </div>
   <div class='ocr_carea' id='block_1_45' title="bbox 1902 1419 3477 1503">
    <p class='ocr_par' dir='ltr' id='par_1_45' title="bbox 1902 1419 3477 1503">
     <span class='ocr_line' id='line_1_46' title="bbox 1902 1419 3477 1503; baseline -0.009 -16"><span class='ocrx_word' id='word_1_302' title='bbox 1902 1448 2065 1503; x_wconf 88' lang='lat' dir='ltr'><strong>quam</strong></span> <span class='ocrx_word' id='word_1_303' title='bbox 2089 1448 2148 1487; x_wconf 89' lang='lat' dir='ltr'><strong>se</strong></span> <span class='ocrx_word' id='word_1_304' title='bbox 2181 1432 2400 1487; x_wconf 85' lang='lat' dir='ltr'><strong>dicebat</strong></span> <span class='ocrx_word' id='word_1_305' title='bbox 2424 1432 2699 1501; x_wconf 83' lang='lat' dir='ltr'><strong>accepisse</strong></span> <span class='ocrx_word' id='word_1_306' title='bbox 2725 1429 2793 1483; x_wconf 89' lang='lat' dir='ltr'><strong>ab</strong></span> <span class='ocrx_word' id='word_1_307' title='bbox 2825 1425 3184 1482; x_wconf 83' lang='lat' dir='ltr'><strong>Antiochenis</strong></span> <span class='ocrx_word' id='word_1_308' title='bbox 3212 1419 3477 1477; x_wconf 87' lang='lat' dir='ltr'><strong>orthodo-</strong></span> 
     </span>
    </p>
   </div>
   <div class='ocr_carea' id='block_1_46' title="bbox 1904 1516 3477 1595">
    <p class='ocr_par' dir='ltr' id='par_1_46' title="bbox 1904 1516 3477 1595">
     <span class='ocr_line' id='line_1_47' title="bbox 1904 1516 3477 1595; baseline -0.009 -17"><span class='ocrx_word' id='word_1_309' title='bbox 1904 1526 2007 1579; x_wconf 79' lang='lat' dir='ltr'><strong>xis.</strong></span> <span class='ocrx_word' id='word_1_310' title='bbox 2035 1524 2480 1595; x_wconf 88' lang='lat' dir='ltr'><strong>Subscriptioncs</strong></span> <span class='ocrx_word' id='word_1_311' title='bbox 2522 1532 2705 1578; x_wconf 87' lang='lat' dir='ltr'><strong>autem</strong></span> <span class='ocrx_word' id='word_1_312' title='bbox 2733 1530 2891 1576; x_wconf 89' lang='lat' dir='ltr'><strong>erant</strong></span> <span class='ocrx_word' id='word_1_313' title='bbox 2922 1521 2976 1573; x_wconf 92' lang='lat' dir='ltr'><strong>in</strong></span> <span class='ocrx_word' id='word_1_314' title='bbox 3007 1534 3071 1571; x_wconf 87' lang='lat' dir='ltr'><strong>ea</strong></span> <span class='ocrx_word' id='word_1_315' title='bbox 3113 1516 3477 1587; x_wconf 87' lang='lat' dir='ltr'><strong>plurimorum</strong></span> 
     </span>
    </p>
   </div>
   <div class='ocr_carea' id='block_1_47' title="bbox 1906 1606 3483 1682">
    <p class='ocr_par' dir='ltr' id='par_1_47' title="bbox 1906 1606 3483 1682">
     <span class='ocr_line' id='line_1_48' title="bbox 1906 1606 3483 1682; baseline -0.008 -13"><span class='ocrx_word' id='word_1_316' title='bbox 1906 1615 2253 1682; x_wconf 88' lang='lat' dir='ltr'><strong>clericorum,</strong></span> <span class='ocrx_word' id='word_1_317' title='bbox 2283 1626 2339 1671; x_wconf 84' lang='lat' dir='ltr'><strong>et</strong></span> <span class='ocrx_word' id='word_1_318' title='bbox 2379 1613 2798 1673; x_wconf 82' lang='lat' dir='ltr'><strong>monachorum,</strong></span> <span class='ocrx_word' id='word_1_319' title='bbox 2827 1619 2884 1665; x_wconf 89' lang='lat' dir='ltr'><strong>et</strong></span> <span class='ocrx_word' id='word_1_320' title='bbox 2910 1609 3196 1663; x_wconf 89' lang='lat' dir='ltr'><strong>laicorum.</strong></span> <span class='ocrx_word' id='word_1_321' title='bbox 3245 1606 3483 1659; x_wconf 83' lang='lat' dir='ltr'><strong>Accusa-</strong></span> 
     </span>
    </p>
   </div>
   <div class='ocr_carea' id='block_1_48' title="bbox 1908 1695 3485 1770">
    <p class='ocr_par' dir='ltr' id='par_1_48' title="bbox 1908 1695 3485 1770">
     <span class='ocr_line' id='line_1_49' title="bbox 1908 1695 3485 1770; baseline -0.011 -10"><span class='ocrx_word' id='word_1_322' title='bbox 1908 1706 2041 1760; x_wconf 86' lang='lat' dir='ltr'><strong>bant</strong></span> <span class='ocrx_word' id='word_1_323' title='bbox 2077 1714 2263 1761; x_wconf 82' lang='lat' dir='ltr'><strong>autem</strong></span> <span class='ocrx_word' id='word_1_324' title='bbox 2324 1703 2633 1759; x_wconf 73' lang='lat' dir='ltr'><strong>Orientales</strong></span> <span class='ocrx_word' id='word_1_325' title='bbox 2680 1701 2989 1770; x_wconf 83' lang='lat' dir='ltr'><strong>episcopos,</strong></span> <span class='ocrx_word' id='word_1_326' title='bbox 3030 1695 3187 1766; x_wconf 90' lang='lat' dir='ltr'><strong>quasi</strong></span> <span class='ocrx_word' id='word_1_327' title='bbox 3239 1698 3485 1763; x_wconf 76' lang='lat' dir='ltr'><strong>tacentes</strong></span> 
     </span>
    </p>
   </div>
   <div class='ocr_carea' id='block_1_49' title="bbox 1908 1789 3484 1864">
    <p class='ocr_par' dir='ltr' id='par_1_49' title="bbox 1908 1789 3484 1864">
     <span class='ocr_line' id='line_1_50' title="bbox 1908 1789 3484 1864; baseline -0.008 -17"><span class='ocrx_word' id='word_1_328' title='bbox 1908 1793 2132 1864; x_wconf 87' lang='lat' dir='ltr'><strong>quidem</strong></span> <span class='ocrx_word' id='word_1_329' title='bbox 2170 1795 2408 1849; x_wconf 89' lang='lat' dir='ltr'><strong>Nestorii</strong></span> <span class='ocrx_word' id='word_1_330' title='bbox 2448 1808 2672 1855; x_wconf 88' lang='lat' dir='ltr'><strong>nomen,</strong></span> <span class='ocrx_word' id='word_1_331' title='bbox 2701 1801 2757 1846; x_wconf 89' lang='lat' dir='ltr'><strong>et</strong></span> <span class='ocrx_word' id='word_1_332' title='bbox 2793 1789 3117 1844; x_wconf 84' lang='lat' dir='ltr'><strong>simulantes</strong></span> <span class='ocrx_word' id='word_1_333' title='bbox 3158 1799 3286 1841; x_wconf 90' lang='lat' dir='ltr'><strong>eum</strong></span> <span class='ocrx_word' id='word_1_334' title='bbox 3326 1798 3484 1837; x_wconf 77' lang='lat' dir='ltr'><strong>aver-</strong></span> 
     </span>
    </p>
   </div>
   <div class='ocr_carea' id='block_1_50' title="bbox 1910 1872 3490 1951">
    <p class='ocr_par' dir='ltr' id='par_1_50' title="bbox 1910 1872 3490 1951">
     <span class='ocr_line' id='line_1_51' title="bbox 1910 1872 3490 1951; baseline -0.01 -9"><span class='ocrx_word' id='word_1_335' title='bbox 1910 1886 2042 1951; x_wconf 88' lang='lat' dir='ltr'><strong>sari,</strong></span> <span class='ocrx_word' id='word_1_336' title='bbox 2083 1886 2456 1941; x_wconf 85' lang='lat' dir='ltr'><strong>transilienles</strong></span> <span class='ocrx_word' id='word_1_337' title='bbox 2487 1893 2672 1938; x_wconf 86' lang='lat' dir='ltr'><strong>autem</strong></span> <span class='ocrx_word' id='word_1_338' title='bbox 2719 1883 2786 1937; x_wconf 91' lang='lat' dir='ltr'><strong>ad</strong></span> <span class='ocrx_word' id='word_1_339' title='bbox 2836 1877 3111 1935; x_wconf 89' lang='lat' dir='ltr'><strong>Theodori</strong></span> <span class='ocrx_word' id='word_1_340' title='bbox 3165 1875 3383 1931; x_wconf 87' lang='lat' dir='ltr'><strong>codices</strong></span> <span class='ocrx_word' id='word_1_341' title='bbox 3419 1872 3490 1926; x_wconf 87' lang='lat' dir='ltr'><strong>de</strong></span> 
     </span>
    </p>
   </div>
   <div class='ocr_carea' id='block_1_51' title="bbox 1912 1965 3489 2042">
    <p class='ocr_par' dir='ltr' id='par_1_51' title="bbox 1912 1965 3489 2042">
     <span class='ocr_line' id='line_1_52' title="bbox 1912 1965 3489 2042; baseline -0.006 -15"><span class='ocrx_word' id='word_1_342' title='bbox 1912 1973 2286 2029; x_wconf 87' lang='lat' dir='ltr'><strong>incarnatione</strong></span> <span class='ocrx_word' id='word_1_343' title='bbox 2312 1974 2505 2037; x_wconf 86' lang='lat' dir='ltr'><strong>factos,</strong></span> <span class='ocrx_word' id='word_1_344' title='bbox 2539 1972 2818 2042; x_wconf 87' lang='lat' dir='ltr'><strong>inquibus</strong></span> <span class='ocrx_word' id='word_1_345' title='bbox 2844 1970 3020 2023; x_wconf 85' lang='lat' dir='ltr'><strong>multo</strong></span> <span class='ocrx_word' id='word_1_346' title='bbox 3043 1968 3258 2039; x_wconf 86' lang='lat' dir='ltr'><strong>pejores</strong></span> <span class='ocrx_word' id='word_1_347' title='bbox 3291 1965 3489 2021; x_wconf 82' lang='lat' dir='ltr'><strong>Nesto-</strong></span> 
     </span>
    </p>
   </div>
   <div class='ocr_carea' id='block_1_52' title="bbox 1912 2057 3494 2136">
    <p class='ocr_par' dir='ltr' id='par_1_52' title="bbox 1912 2057 3494 2136">
     <span class='ocr_line' id='line_1_53' title="bbox 1912 2057 3494 2136; baseline -0.006 -16"><span class='ocrx_word' id='word_1_348' title='bbox 1912 2066 1982 2120; x_wconf 89' lang='lat' dir='ltr'><strong>rii</strong></span> <span class='ocrx_word' id='word_1_349' title='bbox 2014 2065 2372 2136; x_wconf 86' lang='lat' dir='ltr'><strong>blasphemiis</strong></span> <span class='ocrx_word' id='word_1_350' title='bbox 2404 2064 2597 2136; x_wconf 78' lang='lat' dir='ltr'><strong>positae</strong></span> <span class='ocrx_word' id='word_1_351' title='bbox 2622 2072 2771 2119; x_wconf 87' lang='lat' dir='ltr'><strong>sunt.</strong></span> <span class='ocrx_word' id='word_1_352' title='bbox 2800 2065 2962 2119; x_wconf 83' lang='lat' dir='ltr'><strong>Pater</strong></span> <span class='ocrx_word' id='word_1_353' title='bbox 2998 2061 3146 2115; x_wconf 89' lang='lat' dir='ltr'><strong>enim</strong></span> <span class='ocrx_word' id='word_1_354' title='bbox 3175 2059 3280 2113; x_wconf 84' lang='lat' dir='ltr'><strong>fuit</strong></span> <span class='ocrx_word' id='word_1_355' title='bbox 3299 2057 3494 2113; x_wconf 57' lang='lat' dir='ltr'><strong>Nestoo</strong></span> 
     </span>
    </p>
   </div>
   <div class='ocr_carea' id='block_1_53' title="bbox 1913 2148 3496 2226">
    <p class='ocr_par' dir='ltr' id='par_1_53' title="bbox 1913 2148 3496 2226">
     <span class='ocr_line' id='line_1_54' title="bbox 1913 2148 3496 2226; baseline -0.006 -15"><span class='ocrx_word' id='word_1_356' title='bbox 1913 2156 1982 2211; x_wconf 90' lang='lat' dir='ltr'><strong>rii</strong></span> <span class='ocrx_word' id='word_1_357' title='bbox 2011 2156 2279 2226; x_wconf 67' lang='lat' dir='ltr'><strong>perfidiae,</strong></span> <span class='ocrx_word' id='word_1_358' title='bbox 2323 2168 2380 2212; x_wconf 90' lang='lat' dir='ltr'><strong>et</strong></span> <span class='ocrx_word' id='word_1_359' title='bbox 2403 2157 2551 2211; x_wconf 89' lang='lat' dir='ltr'><strong>illius</strong></span> <span class='ocrx_word' id='word_1_360' title='bbox 2589 2156 2733 2211; x_wconf 83' lang='lat' dir='ltr'><strong>maia</strong></span> <span class='ocrx_word' id='word_1_361' title='bbox 2776 2157 3013 2216; x_wconf 85' lang='lat' dir='ltr'><strong>locutus,</strong></span> <span class='ocrx_word' id='word_1_362' title='bbox 3056 2152 3258 2221; x_wconf 89' lang='lat' dir='ltr'><strong>impius</strong></span> <span class='ocrx_word' id='word_1_363' title='bbox 3303 2150 3358 2203; x_wconf 89' lang='lat' dir='ltr'><strong>in</strong></span> <span class='ocrx_word' id='word_1_364' title='bbox 3407 2148 3496 2202; x_wconf 82' lang='lat' dir='ltr'><strong>his</strong></span> 
     </span>
    </p>
   </div>
   <div class='ocr_carea' id='block_1_54' title="bbox 1914 2240 3497 2320">
    <p class='ocr_par' dir='ltr' id='par_1_54' title="bbox 1914 2240 3497 2320">
     <span class='ocr_line' id='line_1_55' title="bbox 1914 2240 3497 2320; baseline -0.006 -16"><span class='ocrx_word' id='word_1_365' title='bbox 1914 2250 2092 2307; x_wconf 81' lang='lat' dir='ltr'><strong>factus</strong></span> <span class='ocrx_word' id='word_1_366' title='bbox 2120 2257 2225 2315; x_wconf 87' lang='lat' dir='ltr'><strong>est,</strong></span> <span class='ocrx_word' id='word_1_367' title='bbox 2267 2250 2324 2304; x_wconf 91' lang='lat' dir='ltr'><strong>in</strong></span> <span class='ocrx_word' id='word_1_368' title='bbox 2354 2251 2559 2320; x_wconf 84' lang='lat' dir='ltr'><strong>quibus</strong></span> <span class='ocrx_word' id='word_1_369' title='bbox 2583 2250 2748 2305; x_wconf 89' lang='lat' dir='ltr'><strong>modo</strong></span> <span class='ocrx_word' id='word_1_370' title='bbox 2778 2258 2879 2303; x_wconf 89' lang='lat' dir='ltr'><strong>est.</strong></span> <span class='ocrx_word' id='word_1_371' title='bbox 2918 2247 2986 2301; x_wconf 84' lang='lat' dir='ltr'><strong>Et</strong></span> <span class='ocrx_word' id='word_1_372' title='bbox 3029 2246 3223 2315; x_wconf 88' lang='lat' dir='ltr'><strong>scripsi</strong></span> <span class='ocrx_word' id='word_1_373' title='bbox 3270 2240 3497 2313; x_wconf 85' lang='lat' dir='ltr'><strong>quidem</strong></span> 
     </span>
    </p>
   </div>
   <div class='ocr_carea' id='block_1_55' title="bbox 1917 2334 3496 2413">
    <p class='ocr_par' dir='ltr' id='par_1_55' title="bbox 1917 2334 3496 2413">
     <span class='ocr_line' id='line_1_56' title="bbox 1917 2334 3496 2413; baseline -0.006 -16"><span class='ocrx_word' id='word_1_374' title='bbox 1917 2343 2380 2399; x_wconf 78' lang='lat' dir='ltr'><strong>reverendissimo</strong></span> <span class='ocrx_word' id='word_1_375' title='bbox 2420 2344 2681 2413; x_wconf 87' lang='lat' dir='ltr'><strong>episcopo</strong></span> <span class='ocrx_word' id='word_1_376' title='bbox 2724 2341 3099 2405; x_wconf 85' lang='lat' dir='ltr'><strong>Antiocheno,</strong></span> <span class='ocrx_word' id='word_1_377' title='bbox 3127 2348 3189 2393; x_wconf 86' lang='lat' dir='ltr'><strong>ut</strong></span> <span class='ocrx_word' id='word_1_378' title='bbox 3218 2334 3496 2391; x_wconf 89' lang='lat' dir='ltr'><strong>Theodori</strong></span> 
     </span>
    </p>
   </div>
   <div class='ocr_carea' id='block_1_56' title="bbox 1918 2426 3500 2506">
    <p class='ocr_par' dir='ltr' id='par_1_56' title="bbox 1918 2426 3500 2506">
     <span class='ocr_line' id='line_1_57' title="bbox 1918 2426 3500 2506; baseline -0.006 -17"><span class='ocrx_word' id='word_1_379' title='bbox 1918 2436 2090 2505; x_wconf 85' lang='lat' dir='ltr'><strong>impia</strong></span> <span class='ocrx_word' id='word_1_380' title='bbox 2103 2435 2356 2506; x_wconf 76' lang='lat' dir='ltr'><strong>dogmata</strong></span> <span class='ocrx_word' id='word_1_381' title='bbox 2384 2435 2441 2490; x_wconf 90' lang='lat' dir='ltr'><strong>in</strong></span> <span class='ocrx_word' id='word_1_382' title='bbox 2463 2436 2697 2490; x_wconf 85' lang='lat' dir='ltr'><strong>ecclesia</strong></span> <span class='ocrx_word' id='word_1_383' title='bbox 2722 2450 2884 2489; x_wconf 90' lang='lat' dir='ltr'><strong>nemo</strong></span> <span class='ocrx_word' id='word_1_384' title='bbox 2911 2434 3167 2502; x_wconf 85' lang='lat' dir='ltr'><strong>loquatur</strong></span> <span class='ocrx_word' id='word_1_385' title='bbox 3194 2449 3206 2484; x_wconf 92' lang='lat'>:</span> <span class='ocrx_word' id='word_1_386' title='bbox 3229 2426 3500 2484; x_wconf 86' lang='lat' dir='ltr'><strong>accedens</strong></span> 
     </span>
    </p>
   </div>
   <div class='ocr_carea' id='block_1_57' title="bbox 1919 2521 3501 2585">
    <p class='ocr_par' dir='ltr' id='par_1_57' title="bbox 1919 2521 3501 2585">
     <span class='ocr_line' id='line_1_58' title="bbox 1919 2521 3501 2585; baseline -0.008 -1"><span class='ocrx_word' id='word_1_387' title='bbox 1919 2538 2103 2585; x_wconf 89' lang='lat' dir='ltr'><strong>autem</strong></span> <span class='ocrx_word' id='word_1_388' title='bbox 2138 2530 2207 2583; x_wconf 91' lang='lat' dir='ltr'><strong>ad</strong></span> <span class='ocrx_word' id='word_1_389' title='bbox 2244 2529 2631 2584; x_wconf 79' lang='lat' dir='ltr'><strong>Alexandriam</strong></span> <span class='ocrx_word' id='word_1_390' title='bbox 2679 2525 3174 2582; x_wconf 86' lang='lat' dir='ltr'><strong>reverendissimus</strong></span> <span class='ocrx_word' id='word_1_391' title='bbox 3234 2521 3501 2576; x_wconf 80' lang='lat' dir='ltr'><strong>diaconus</strong></span> 
     </span>
    </p>
   </div>
   <div class='ocr_carea' id='block_1_58' title="bbox 1919 2610 3501 2687">
    <p class='ocr_par' dir='ltr' id='par_1_58' title="bbox 1919 2610 3501 2687">
     <span class='ocr_line' id='line_1_59' title="bbox 1919 2610 3501 2687; baseline -0.008 -11"><span class='ocrx_word' id='word_1_392' title='bbox 1919 2630 1975 2676; x_wconf 91' lang='lat' dir='ltr'><strong>et</strong></span> <span class='ocrx_word' id='word_1_393' title='bbox 2003 2620 2435 2676; x_wconf 86' lang='lat' dir='ltr'><strong>archimandrita</strong></span> <span class='ocrx_word' id='word_1_394' title='bbox 2481 2619 2769 2682; x_wconf 76' lang='lat' dir='ltr'><strong>Maximus,</strong></span> <span class='ocrx_word' id='word_1_395' title='bbox 2821 2617 3058 2687; x_wconf 89' lang='lat' dir='ltr'><strong>plurima</strong></span> <span class='ocrx_word' id='word_1_396' title='bbox 3098 2611 3413 2669; x_wconf 86' lang='lat' dir='ltr'><strong>inclamavit</strong></span> <span class='ocrx_word' id='word_1_397' title='bbox 3448 2610 3501 2663; x_wconf 82' lang='lat' dir='ltr'><strong>in</strong></span> 
     </span>
    </p>
   </div>
   <div class='ocr_carea' id='block_1_59' title="bbox 1920 2703 3502 2777">
    <p class='ocr_par' dir='ltr' id='par_1_59' title="bbox 1920 2703 3502 2777">
     <span class='ocr_line' id='line_1_60' title="bbox 1920 2703 3502 2777; baseline -0.009 -11"><span class='ocrx_word' id='word_1_398' title='bbox 1920 2710 2248 2777; x_wconf 85' lang='lat' dir='ltr'><strong>Orientales,</strong></span> <span class='ocrx_word' id='word_1_399' title='bbox 2298 2711 2490 2766; x_wconf 87' lang='lat' dir='ltr'><strong>dicens</strong></span> <span class='ocrx_word' id='word_1_400' title='bbox 2540 2709 2881 2765; x_wconf 80' lang='lat' dir='ltr'><strong>orthodoxos</strong></span> <span class='ocrx_word' id='word_1_401' title='bbox 2931 2706 3144 2761; x_wconf 79' lang='lat' dir='ltr'><strong>nullum</strong></span> <span class='ocrx_word' id='word_1_402' title='bbox 3191 2704 3267 2758; x_wconf 86' lang='lat' dir='ltr'><strong>ibi</strong></span> <span class='ocrx_word' id='word_1_403' title='bbox 3319 2703 3502 2757; x_wconf 81' lang='lat' dir='ltr'><strong>locum</strong></span> 
     </span>
    </p>
   </div>
   <div class='ocr_carea' id='block_1_60' title="bbox 1921 2791 3506 2871">
    <p class='ocr_par' dir='ltr' id='par_1_60' title="bbox 1921 2791 3506 2871">
     <span class='ocr_line' id='line_1_61' title="bbox 1921 2791 3506 2871; baseline -0.009 -13"><span class='ocrx_word' id='word_1_404' title='bbox 1921 2803 2143 2868; x_wconf 88' lang='lat' dir='ltr'><strong>habere,</strong></span> <span class='ocrx_word' id='word_1_405' title='bbox 2186 2818 2290 2858; x_wconf 91' lang='lat' dir='ltr'><strong>nec</strong></span> <span class='ocrx_word' id='word_1_406' title='bbox 2319 2803 2573 2858; x_wconf 75' lang='lat' dir='ltr'><strong>fiduciam</strong></span> <span class='ocrx_word' id='word_1_407' title='bbox 2618 2801 2877 2871; x_wconf 87' lang='lat' dir='ltr'><strong>loquendi</strong></span> <span class='ocrx_word' id='word_1_408' title='bbox 2912 2798 2981 2854; x_wconf 88' lang='lat' dir='ltr'><strong>de</strong></span> <span class='ocrx_word' id='word_1_409' title='bbox 3023 2805 3173 2853; x_wconf 84' lang='lat' dir='ltr'><strong>recta</strong></span> <span class='ocrx_word' id='word_1_410' title='bbox 3200 2794 3325 2852; x_wconf 78' lang='lat' dir='ltr'><strong>ﬁde.</strong></span> <span class='ocrx_word' id='word_1_411' title='bbox 3358 2791 3506 2847; x_wconf 81' lang='lat' dir='ltr'><strong>Dixit</strong></span> 
     </span>
    </p>
   </div>
   <div class='ocr_carea' id='block_1_61' title="bbox 1922 2883 3505 2965">
    <p class='ocr_par' dir='ltr' id='par_1_61' title="bbox 1922 2883 3505 2965">
     <span class='ocr_line' id='line_1_62' title="bbox 1922 2883 3505 2965; baseline -0.01 -16"><span class='ocrx_word' id='word_1_412' title='bbox 1922 2910 2075 2962; x_wconf 86' lang='lat' dir='ltr'><strong>vero,</strong></span> <span class='ocrx_word' id='word_1_413' title='bbox 2112 2895 2259 2965; x_wconf 84' lang='lat' dir='ltr'><strong>quod</strong></span> <span class='ocrx_word' id='word_1_414' title='bbox 2298 2893 2618 2965; x_wconf 78' lang='lat' dir='ltr'><strong>conﬁngunt</strong></span> <span class='ocrx_word' id='word_1_415' title='bbox 2648 2892 2872 2963; x_wconf 88' lang='lat' dir='ltr'><strong>quidem</strong></span> <span class='ocrx_word' id='word_1_416' title='bbox 2900 2889 3153 2946; x_wconf 79' lang='lat' dir='ltr'><strong>conﬁteri</strong></span> <span class='ocrx_word' id='word_1_417' title='bbox 3186 2883 3505 2958; x_wconf 84' lang='lat' dir='ltr'><strong>Symbolum</strong></span> 
     </span>
    </p>
   </div>
   <div class='ocr_carea' id='block_1_62' title="bbox 1923 2974 3507 3056">
    <p class='ocr_par' dir='ltr' id='par_1_62' title="bbox 1923 2974 3507 3056">
     <span class='ocr_line' id='line_1_63' title="bbox 1923 2974 3507 3056; baseline -0.008 -16"><span class='ocrx_word' id='word_1_418' title='bbox 1923 2986 2235 3056; x_wconf 81' lang='lat' dir='ltr'><strong>expositum</strong></span> <span class='ocrx_word' id='word_1_419' title='bbox 2283 2985 2478 3040; x_wconf 62' lang='lat' dir='ltr'><strong>Nicaea:</strong></span> <span class='ocrx_word' id='word_1_420' title='bbox 2506 3000 2537 3038; x_wconf 87' lang='lat' dir='ltr'><strong>a</strong></span> <span class='ocrx_word' id='word_1_421' title='bbox 2584 2982 2746 3053; x_wconf 78' lang='lat'><strong>199</strong></span> <span class='ocrx_word' id='word_1_422' title='bbox 2792 2980 2997 3037; x_wconf 81' lang='lat' dir='ltr'><strong>sanctis</strong></span> <span class='ocrx_word' id='word_1_423' title='bbox 3053 2978 3328 3040; x_wconf 88' lang='lat' dir='ltr'><strong>Patribus,</strong></span> <span class='ocrx_word' id='word_1_424' title='bbox 3364 2974 3507 3029; x_wconf 85' lang='lat' dir='ltr'><strong>male</strong></span> 
     </span>
    </p>
   </div>
   <div class='ocr_carea' id='block_1_63' title="bbox 1926 3071 3509 3147">
    <p class='ocr_par' dir='ltr' id='par_1_63' title="bbox 1926 3071 3509 3147">
     <span class='ocr_line' id='line_1_64' title="bbox 1926 3071 3509 3147; baseline -0.009 -12"><span class='ocrx_word' id='word_1_425' title='bbox 1926 3089 2110 3135; x_wconf 84' lang='lat' dir='ltr'><strong>autem</strong></span> <span class='ocrx_word' id='word_1_426' title='bbox 2157 3078 2293 3134; x_wconf 90' lang='lat' dir='ltr'><strong>illud</strong></span> <span class='ocrx_word' id='word_1_427' title='bbox 2346 3078 2788 3147; x_wconf 87' lang='lat' dir='ltr'><strong>interpretantur</strong></span> <span class='ocrx_word' id='word_1_428' title='bbox 2817 3093 2829 3128; x_wconf 89' lang='lat'><strong>:</strong></span> <span class='ocrx_word' id='word_1_429' title='bbox 2861 3082 2917 3130; x_wconf 89' lang='lat' dir='ltr'><strong>et</strong></span> <span class='ocrx_word' id='word_1_430' title='bbox 2946 3088 3034 3127; x_wconf 85' lang='lat' dir='ltr'><strong>me</strong></span> <span class='ocrx_word' id='word_1_431' title='bbox 3063 3071 3395 3126; x_wconf 81' lang='lat' dir='ltr'><strong>adhortatus</strong></span> <span class='ocrx_word' id='word_1_432' title='bbox 3422 3075 3509 3122; x_wconf 87' lang='lat' dir='ltr'><strong>est</strong></span> 
     </span>
    </p>
   </div>
   <div class='ocr_carea' id='block_1_64' title="bbox 1925 3161 3509 3239">
    <p class='ocr_par' dir='ltr' id='par_1_64' title="bbox 1925 3161 3509 3239">
     <span class='ocr_line' id='line_1_65' title="bbox 1925 3161 3509 3239; baseline -0.009 -12"><span class='ocrx_word' id='word_1_433' title='bbox 1925 3186 2146 3227; x_wconf 88' lang='lat' dir='ltr'><strong>omnem</strong></span> <span class='ocrx_word' id='word_1_434' title='bbox 2194 3168 2605 3239; x_wconf 78' lang='lat' dir='ltr'><strong>expositionem</strong></span> <span class='ocrx_word' id='word_1_435' title='bbox 2642 3166 2876 3222; x_wconf 67' lang='lat' dir='ltr'><strong>Nicazme</strong></span> <span class='ocrx_word' id='word_1_436' title='bbox 2923 3163 3117 3236; x_wconf 81' lang='lat' dir='ltr'><strong>synodi</strong></span> <span class='ocrx_word' id='word_1_437' title='bbox 3158 3161 3509 3230; x_wconf 83' lang='lat' dir='ltr'><strong>interpretari</strong></span> 
     </span>
    </p>
   </div>
   <div class='ocr_carea' id='block_1_65' title="bbox 1926 3250 3512 3331">
    <p class='ocr_par' dir='ltr' id='par_1_65' title="bbox 1926 3250 3512 3331">
     <span class='ocr_line' id='line_1_66' title="bbox 1926 3250 3512 3331; baseline -0.008 -15"><span class='ocrx_word' id='word_1_438' title='bbox 1926 3263 2109 3331; x_wconf 86' lang='lat' dir='ltr'><strong>plane,</strong></span> <span class='ocrx_word' id='word_1_439' title='bbox 2158 3268 2221 3314; x_wconf 87' lang='lat' dir='ltr'><strong>ut</strong></span> <span class='ocrx_word' id='word_1_440' title='bbox 2268 3275 2380 3315; x_wconf 89' lang='lat' dir='ltr'><strong>non</strong></span> <span class='ocrx_word' id='word_1_441' title='bbox 2422 3258 2735 3329; x_wconf 85' lang='lat' dir='ltr'><strong>subripiant</strong></span> <span class='ocrx_word' id='word_1_442' title='bbox 2781 3256 3051 3328; x_wconf 89' lang='lat' dir='ltr'><strong>quosdam</strong></span> <span class='ocrx_word' id='word_1_443' title='bbox 3102 3254 3207 3308; x_wconf 89' lang='lat' dir='ltr'><strong>alia</strong></span> <span class='ocrx_word' id='word_1_444' title='bbox 3242 3267 3343 3322; x_wconf 93' lang='lat' dir='ltr'><strong>pro</strong></span> <span class='ocrx_word' id='word_1_445' title='bbox 3387 3250 3512 3305; x_wconf 85' lang='lat' dir='ltr'><strong>aliis</strong></span> 
     </span>
    </p>
   </div>
   <div class='ocr_carea' id='block_1_66' title="bbox 1927 3347 3512 3422">
    <p class='ocr_par' dir='ltr' id='par_1_66' title="bbox 1927 3347 3512 3422">
     <span class='ocr_line' id='line_1_67' title="bbox 1927 3347 3512 3422; baseline -0.007 -16"><span class='ocrx_word' id='word_1_446' title='bbox 1927 3360 2297 3422; x_wconf 76' lang='lat' dir='ltr'><strong>exponentes;</strong></span> <span class='ocrx_word' id='word_1_447' title='bbox 2329 3350 2475 3421; x_wconf 90' lang='lat' dir='ltr'><strong>quod</strong></span> <span class='ocrx_word' id='word_1_448' title='bbox 2522 3359 2579 3405; x_wconf 88' lang='lat' dir='ltr'><strong>et</strong></span> <span class='ocrx_word' id='word_1_449' title='bbox 2606 3350 2732 3405; x_wconf 84' lang='lat' dir='ltr'><strong>feci.</strong></span> <span class='ocrx_word' id='word_1_450' title='bbox 2770 3350 2944 3404; x_wconf 84' lang='lat' dir='ltr'><strong>Habet</strong></span> <span class='ocrx_word' id='word_1_451' title='bbox 2994 3347 3157 3417; x_wconf 75' lang='lat' dir='ltr'><strong>igitur</strong></span> <span class='ocrx_word' id='word_1_452' title='bbox 3194 3355 3393 3407; x_wconf 90' lang='lat' dir='ltr'><strong>tomos,</strong></span> <span class='ocrx_word' id='word_1_453' title='bbox 3451 3348 3512 3395; x_wconf 87' lang='lat' dir='ltr'><strong>ut</strong></span> 
     </span>
    </p>
   </div>
   <div class='ocr_carea' id='block_1_67' title="bbox 1928 3435 3514 3519">
    <p class='ocr_par' dir='ltr' id='par_1_67' title="bbox 1928 3435 3514 3519">
     <span class='ocr_line' id='line_1_68' title="bbox 1928 3435 3514 3519; baseline -0.006 -22"><span class='ocrx_word' id='word_1_454' title='bbox 1928 3443 2231 3497; x_wconf 80' lang='lat' dir='ltr'><strong>on‘erantnr</strong></span> <span class='ocrx_word' id='word_1_455' title='bbox 2258 3450 2316 3497; x_wconf 89' lang='lat' dir='ltr'><strong>et</strong></span> <span class='ocrx_word' id='word_1_456' title='bbox 2341 3441 2607 3519; x_wconf 81' lang='lat' dir='ltr'><strong>piissimis</strong></span> <span class='ocrx_word' id='word_1_457' title='bbox 2637 3440 2863 3512; x_wconf 79' lang='lat' dir='ltr'><strong>reginis,</strong></span> <span class='ocrx_word' id='word_1_458' title='bbox 2881 3447 2937 3495; x_wconf 82' lang='lat' dir='ltr'><strong>et</strong></span> <span class='ocrx_word' id='word_1_459' title='bbox 2960 3435 3436 3494; x_wconf 86' lang='lat' dir='ltr'><strong>Christianissimo</strong></span> <span class='ocrx_word' id='word_1_460' title='bbox 3456 3442 3514 3487; x_wconf 87' lang='lat' dir='ltr'><strong>et</strong></span> 
     </span>
    </p>
   </div>
   <div class='ocr_carea' id='block_1_68' title="bbox 1931 3525 3511 3605">
    <p class='ocr_par' dir='ltr' id='par_1_68' title="bbox 1931 3525 3511 3605">
     <span class='ocr_line' id='line_1_69' title="bbox 1931 3525 3511 3605; baseline -0.008 -15"><span class='ocrx_word' id='word_1_461' title='bbox 1931 3534 2178 3605; x_wconf 84' lang='lat' dir='ltr'><strong>piissimo</strong></span> <span class='ocrx_word' id='word_1_462' title='bbox 2224 3534 2471 3589; x_wconf 83' lang='lat' dir='ltr'><strong>domino.</strong></span> <span class='ocrx_word' id='word_1_463' title='bbox 2506 3535 2632 3589; x_wconf 88' lang='lat' dir='ltr'><strong>Feci</strong></span> <span class='ocrx_word' id='word_1_464' title='bbox 2667 3535 2816 3588; x_wconf 90' lang='lat' dir='ltr'><strong>enim</strong></span> <span class='ocrx_word' id='word_1_465' title='bbox 2864 3533 2920 3587; x_wconf 91' lang='lat' dir='ltr'><strong>in</strong></span> <span class='ocrx_word' id='word_1_466' title='bbox 2957 3528 3293 3586; x_wconf 85' lang='lat' dir='ltr'><strong>membranis</strong></span> <span class='ocrx_word' id='word_1_467' title='bbox 3342 3525 3511 3581; x_wconf 83' lang='lat' dir='ltr'><strong>scribi</strong></span> 
     </span>
    </p>
   </div>
   <div class='ocr_carea' id='block_1_69' title="bbox 1933 3616 3511 3696">
    <p class='ocr_par' dir='ltr' id='par_1_69' title="bbox 1933 3616 3511 3696">
     <span class='ocr_line' id='line_1_70' title="bbox 1933 3616 3511 3696; baseline -0.008 -14"><span class='ocrx_word' id='word_1_468' title='bbox 1933 3636 2160 3682; x_wconf 86' lang='lat' dir='ltr'><strong>tomum.</strong></span> <span class='ocrx_word' id='word_1_469' title='bbox 2192 3627 2331 3682; x_wconf 88' lang='lat' dir='ltr'><strong>Cum</strong></span> <span class='ocrx_word' id='word_1_470' title='bbox 2363 3626 2595 3681; x_wconf 89' lang='lat' dir='ltr'><strong>consilio</strong></span> <span class='ocrx_word' id='word_1_471' title='bbox 2617 3626 2784 3696; x_wconf 78' lang='lat' dir='ltr'><strong>igitur</strong></span> <span class='ocrx_word' id='word_1_472' title='bbox 2809 3626 2948 3695; x_wconf 83' lang='lat' dir='ltr'><strong>ejus,</strong></span> <span class='ocrx_word' id='word_1_473' title='bbox 2968 3623 3112 3677; x_wconf 89' lang='lat' dir='ltr'><strong>sicut</strong></span> <span class='ocrx_word' id='word_1_474' title='bbox 3135 3620 3275 3674; x_wconf 90' lang='lat' dir='ltr'><strong>bene</strong></span> <span class='ocrx_word' id='word_1_475' title='bbox 3304 3616 3511 3671; x_wconf 88' lang='lat' dir='ltr'><strong>habere</strong></span> 
     </span>
    </p>
   </div>
   <div class='ocr_carea' id='block_1_70' title="bbox 1930 3709 3514 3789">
    <p class='ocr_par' dir='ltr' id='par_1_70' title="bbox 1930 3709 3514 3789">
     <span class='ocr_line' id='line_1_71' title="bbox 1930 3709 3514 3789; baseline -0.008 -16"><span class='ocrx_word' id='word_1_476' title='bbox 1930 3718 2299 3789; x_wconf 88' lang='lat' dir='ltr'><strong>perspiciatis,</strong></span> <span class='ocrx_word' id='word_1_477' title='bbox 2337 3724 2643 3788; x_wconf 84' lang='lat' dir='ltr'><strong>opportimc</strong></span> <span class='ocrx_word' id='word_1_478' title='bbox 2694 3716 2907 3771; x_wconf 80' lang='lat' dir='ltr'><strong>oii&#39;erte.</strong></span> <span class='ocrx_word' id='word_1_479' title='bbox 2946 3712 3173 3783; x_wconf 86' lang='lat' dir='ltr'><strong>Oportet</strong></span> <span class='ocrx_word' id='word_1_480' title='bbox 3218 3709 3367 3765; x_wconf 88' lang='lat' dir='ltr'><strong>enim</strong></span> <span class='ocrx_word' id='word_1_481' title='bbox 3412 3723 3514 3761; x_wconf 84' lang='lat' dir='ltr'><strong>nos</strong></span> 
     </span>
    </p>
   </div>
   <div class='ocr_carea' id='block_1_71' title="bbox 1856 3798 3514 3892">
    <p class='ocr_par' dir='ltr' id='par_1_71' title="bbox 1856 3798 3514 3892">
     <span class='ocr_line' id='line_1_72' title="bbox 1856 3798 3514 3892; baseline -0.008 -27"><span class='ocrx_word' id='word_1_482' title='bbox 1856 3831 1901 3892; x_wconf 72' lang='grc' dir='ltr'>α</span> <span class='ocrx_word' id='word_1_483' title='bbox 1934 3811 2140 3881; x_wconf 91' lang='lat' dir='ltr'><strong>ubique</strong></span> <span class='ocrx_word' id='word_1_484' title='bbox 2177 3826 2278 3881; x_wconf 88' lang='lat' dir='ltr'><strong>pro</strong></span> <span class='ocrx_word' id='word_1_485' title='bbox 2308 3820 2458 3865; x_wconf 87' lang='lat' dir='ltr'><strong>recta</strong></span> <span class='ocrx_word' id='word_1_486' title='bbox 2488 3808 2593 3863; x_wconf 90' lang='lat' dir='ltr'><strong>lide</strong></span> <span class='ocrx_word' id='word_1_487' title='bbox 2622 3816 2860 3870; x_wconf 85' lang='lat' dir='ltr'><strong>certare,</strong></span> <span class='ocrx_word' id='word_1_488' title='bbox 2893 3812 2949 3860; x_wconf 86' lang='lat' dir='ltr'><strong>et</strong></span> <span class='ocrx_word' id='word_1_489' title='bbox 2979 3811 3222 3859; x_wconf 78' lang='lat' dir='ltr'><strong>exortam</strong></span> <span class='ocrx_word' id='word_1_490' title='bbox 3251 3798 3514 3855; x_wconf 84' lang='lat' dir='ltr'><strong>adversus</strong></span> 
     </span>
    </p>
   </div>
   <div class='ocr_carea' id='block_1_72' title="bbox 1934 3894 3512 3972">
    <p class='ocr_par' dir='ltr' id='par_1_72' title="bbox 1934 3894 3512 3972">
     <span class='ocr_line' id='line_1_73' title="bbox 1934 3894 3512 3972; baseline -0.01 -14"><span class='ocrx_word' id='word_1_491' title='bbox 1934 3902 2214 3958; x_wconf 88' lang='lat' dir='ltr'><strong>Christum</strong></span> <span class='ocrx_word' id='word_1_492' title='bbox 2240 3902 2597 3972; x_wconf 86' lang='lat' dir='ltr'><strong>impietatem,</strong></span> <span class='ocrx_word' id='word_1_493' title='bbox 2618 3908 2883 3969; x_wconf 86' lang='lat' dir='ltr'><strong>quantum</strong></span> <span class='ocrx_word' id='word_1_494' title='bbox 2906 3894 3169 3967; x_wconf 83' lang='lat' dir='ltr'><strong>possibile</strong></span> <span class='ocrx_word' id='word_1_495' title='bbox 3201 3899 3304 3955; x_wconf 89' lang='lat' dir='ltr'><strong>est,</strong></span> <span class='ocrx_word' id='word_1_496' title='bbox 3340 3905 3370 3944; x_wconf 91' lang='lat' dir='ltr'><strong>e</strong></span> <span class='ocrx_word' id='word_1_497' title='bbox 3395 3904 3512 3943; x_wconf 86' lang='lat' dir='ltr'><strong>mc—</strong></span> 
     </span>
    </p>
   </div>
   <div class='ocr_carea' id='block_1_73' title="bbox 1937 3995 2651 4068">
    <p class='ocr_par' dir='ltr' id='par_1_73' title="bbox 1937 3995 2651 4068">
     <span class='ocr_line' id='line_1_74' title="bbox 1937 3995 2651 4068; baseline -0.006 -18"><span class='ocrx_word' id='word_1_498' title='bbox 1937 3997 2032 4052; x_wconf 91' lang='lat' dir='ltr'><strong>dio</strong></span> <span class='ocrx_word' id='word_1_499' title='bbox 2059 3996 2337 4068; x_wconf 79' lang='lat' dir='ltr'><strong>expellere</strong></span> <span class='ocrx_word' id='word_1_500' title='bbox 2368 3995 2651 4050; x_wconf 82' lang='lat' dir='ltr'><strong>festinare.</strong></span> 
     </span>
    </p>
   </div>
   <div class='ocr_carea' id='block_1_74' title="bbox 1858 4344 1927 4353">
    <p class='ocr_par' dir='ltr' id='par_1_74' title="bbox 1858 4344 1927 4353">
     <span class='ocr_line' id='line_1_75' title="bbox 1858 4344 1927 4353; baseline 0 0"><span class='ocrx_word' id='word_1_501' title='bbox 1858 4344 1927 4353; x_wconf 62' lang='grc' dir='ltr'><strong>ρ..</strong></span> 
     </span>
    </p>
   </div>
   <div class='ocr_carea' id='block_1_75' title="bbox 1620 4467 2181 4523">
    <p class='ocr_par' dir='ltr' id='par_1_75' title="bbox 1620 4467 2181 4523">
     <span class='ocr_line' id='line_1_76' title="bbox 1620 4467 2181 4523; baseline -0.007 0"><span class='ocrx_word' id='word_1_502' title='bbox 1620 4467 1955 4523; x_wconf 78' lang='lat' dir='ltr'><strong>EPISTOLA</strong></span> <span class='ocrx_word' id='word_1_503' title='bbox 1996 4467 2181 4520; x_wconf 72' lang='lat' dir='ltr'><strong>LXXI.</strong></span> 
     </span>
    </p>
   </div>
   <div class='ocr_carea' id='block_1_76' title="bbox 1459 4628 2323 4672">
    <p class='ocr_par' dir='ltr' id='par_1_76' title="bbox 1459 4628 2323 4672">
     <span class='ocr_line' id='line_1_77' title="bbox 1459 4628 2323 4672; baseline -0.007 -2"><span class='ocrx_word' id='word_1_504' title='bbox 1459 4635 1520 4671; x_wconf 71' lang='lat' dir='ltr'><strong>AD</strong></span> <span class='ocrx_word' id='word_1_505' title='bbox 1554 4630 1890 4672; x_wconf 62' lang='lat' dir='ltr'><strong>&#39;I‘IIEODOSIUSI</strong></span> <span class='ocrx_word' id='word_1_506' title='bbox 1929 4628 2323 4672; x_wconf 65' lang='grc' dir='ltr'><strong>ΙΜΡΕΒΔΤΟΚΕΜ.</strong></span> 
     </span>
    </p>
   </div>
   <div class='ocr_carea' id='block_1_77' title="bbox 252 4736 3485 4829">
    <p class='ocr_par' dir='ltr' id='par_1_77' title="bbox 252 4736 3485 4829">
     <span class='ocr_line' id='line_1_78' title="bbox 252 4736 3485 4829; baseline -0.003 -21"><span class='ocrx_word' id='word_1_507' title='bbox 252 4753 455 4809; x_wconf 84' lang='lat' dir='ltr'><strong>Contra</strong></span> <span class='ocrx_word' id='word_1_508' title='bbox 505 4770 590 4809; x_wconf 73' lang='lat' dir='ltr'><strong>eos</strong></span> <span class='ocrx_word' id='word_1_509' title='bbox 630 4759 720 4826; x_wconf 80' lang='lat' dir='ltr'><strong>qui</strong></span> <span class='ocrx_word' id='word_1_510' title='bbox 753 4756 994 4811; x_wconf 78' lang='lat' dir='ltr'><strong>Nestorio</strong></span> <span class='ocrx_word' id='word_1_511' title='bbox 1022 4760 1307 4812; x_wconf 80' lang='lat' dir='ltr'><strong>anathema</strong></span> <span class='ocrx_word' id='word_1_512' title='bbox 1336 4759 1585 4829; x_wconf 79' lang='lat' dir='ltr'><strong>dicentes,</strong></span> <span class='ocrx_word' id='word_1_513' title='bbox 1629 4775 1691 4812; x_wconf 76' lang='lat' dir='ltr'><strong>ea</strong></span> <span class='ocrx_word' id='word_1_514' title='bbox 1716 4761 1831 4829; x_wconf 76' lang='lat' dir='ltr'><strong>ipsa</strong></span> <span class='ocrx_word' id='word_1_515' title='bbox 1861 4760 2095 4813; x_wconf 83' lang='lat' dir='ltr'><strong>sentiunt</strong></span> <span class='ocrx_word' id='word_1_516' title='bbox 2135 4768 2255 4826; x_wconf 75' lang='lat' dir='ltr'><strong>qum</strong></span> <span class='ocrx_word' id='word_1_517' title='bbox 2273 4762 2320 4829; x_wconf 76' lang='lat' dir='ltr'><strong>et</strong></span> <span class='ocrx_word' id='word_1_518' title='bbox 2362 4751 2473 4814; x_wconf 82' lang='lat' dir='ltr'><strong>itte,</strong></span> <span class='ocrx_word' id='word_1_519' title='bbox 2506 4767 2564 4801; x_wconf 84' lang='lat' dir='ltr'><strong>eo</strong></span> <span class='ocrx_word' id='word_1_520' title='bbox 2588 4746 2727 4829; x_wconf 65' lang='lat' dir='ltr'><strong>quod</strong></span> <span class='ocrx_word' id='word_1_521' title='bbox 2756 4742 3009 4829; x_wconf 62' lang='lat' dir='ltr'><strong>Theodori</strong></span> <span class='ocrx_word' id='word_1_522' title='bbox 3047 4745 3094 4793; x_wconf 73' lang='grc' dir='ltr'><strong>εἰ</strong></span> <span class='ocrx_word' id='word_1_523' title='bbox 3132 4736 3351 4793; x_wconf 63' lang='lat' dir='ltr'><strong>Diodori</strong></span> <span class='ocrx_word' id='word_1_524' title='bbox 3383 4751 3485 4789; x_wconf 68' lang='grc' dir='ltr'><strong>δίη</strong></span> 
     </span>
    </p>
   </div>
   <div class='ocr_carea' id='block_1_78' title="bbox 957 4822 3025 4900">
    <p class='ocr_par' dir='ltr' id='par_1_78' title="bbox 957 4822 3025 4900">
     <span class='ocr_line' id='line_1_79' title="bbox 957 4822 3025 4900; baseline -0.007 -21"><span class='ocrx_word' id='word_1_525' title='bbox 957 4836 1049 4897; x_wconf 87' lang='lat' dir='ltr'><strong>pta</strong></span> <span class='ocrx_word' id='word_1_526' title='bbox 1077 4830 1336 4882; x_wconf 83' lang='lat' dir='ltr'><strong>mirentur</strong></span> <span class='ocrx_word' id='word_1_527' title='bbox 1370 4827 1465 4899; x_wconf 84' lang='grc' dir='ltr'><strong>(Ι).</strong></span> <span class='ocrx_word' id='word_1_528' title='bbox 1495 4822 1952 4900; x_wconf 67' lang='grc' dir='ltr'><strong>δῃιιιὺοιῖΝἱοωηί</strong></span> <span class='ocrx_word' id='word_1_529' title='bbox 1984 4822 2471 4897; x_wconf 72' lang='lat' dir='ltr'><strong>interpretationem</strong></span> <span class='ocrx_word' id='word_1_530' title='bbox 2501 4836 2653 4874; x_wconf 80' lang='lat' dir='ltr'><strong>suam</strong></span> <span class='ocrx_word' id='word_1_531' title='bbox 2694 4822 3025 4870; x_wconf 77' lang='lat' dir='ltr'><strong>transmittit.</strong></span> 
     </span>
    </p>
   </div>
   <div class='ocr_carea' id='block_1_79' title="bbox 330 4968 1839 5041">
    <p class='ocr_par' dir='ltr' id='par_1_79' title="bbox 330 4968 1839 5041">
     <span class='ocr_line' id='line_1_80' title="bbox 330 4968 1839 5041; baseline 0.001 -17"><span class='ocrx_word' id='word_1_532' title='bbox 330 4968 611 5025; x_wconf 64' lang='lat' dir='ltr'><strong>Eternam</strong></span> <span class='ocrx_word' id='word_1_533' title='bbox 642 4968 809 5024; x_wconf 75' lang='lat' dir='ltr'><strong>vitam</strong></span> <span class='ocrx_word' id='word_1_534' title='bbox 834 4969 1122 5040; x_wconf 84' lang='lat' dir='ltr'><strong>providere</strong></span> <span class='ocrx_word' id='word_1_535' title='bbox 1152 4988 1182 5024; x_wconf 87' lang='lat' dir='ltr'><strong>a</strong></span> <span class='ocrx_word' id='word_1_536' title='bbox 1219 4979 1364 5025; x_wconf 85' lang='lat' dir='ltr'><strong>terra</strong></span> <span class='ocrx_word' id='word_1_537' title='bbox 1394 4979 1479 5025; x_wconf 89' lang='lat' dir='ltr'><strong>cst</strong></span> <span class='ocrx_word' id='word_1_538' title='bbox 1507 4970 1839 5041; x_wconf 88' lang='lat' dir='ltr'><strong>inculpabile</strong></span> 
     </span>
    </p>
   </div>
   <div class='ocr_carea' id='block_1_80' title="bbox 257 5060 1834 5132">
    <p class='ocr_par' dir='ltr' id='par_1_80' title="bbox 257 5060 1834 5132">
     <span class='ocr_line' id='line_1_81' title="bbox 257 5060 1834 5132; baseline -0.001 -16"><span class='ocrx_word' id='word_1_539' title='bbox 257 5062 327 5116; x_wconf 85' lang='lat' dir='ltr'><strong>ad</strong></span> <span class='ocrx_word' id='word_1_540' title='bbox 380 5060 555 5115; x_wconf 85' lang='lat' dir='ltr'><strong>Deum</strong></span> <span class='ocrx_word' id='word_1_541' title='bbox 597 5060 926 5130; x_wconf 81' lang='lat' dir='ltr'><strong>Patremque</strong></span> <span class='ocrx_word' id='word_1_542' title='bbox 974 5062 1069 5132; x_wconf 91' lang='lat' dir='ltr'><strong>qui</strong></span> <span class='ocrx_word' id='word_1_543' title='bbox 1122 5063 1179 5116; x_wconf 92' lang='lat' dir='ltr'><strong>in</strong></span> <span class='ocrx_word' id='word_1_544' title='bbox 1230 5061 1385 5117; x_wconf 65' lang='lat' dir='ltr'><strong>caelis</strong></span> <span class='ocrx_word' id='word_1_545' title='bbox 1421 5071 1505 5116; x_wconf 84' lang='lat' dir='ltr'><strong>est</strong></span> <span class='ocrx_word' id='word_1_546' title='bbox 1532 5061 1834 5132; x_wconf 88' lang='lat' dir='ltr'><strong>inquiens:</strong></span> 
     </span>
    </p>
   </div>
   <div class='ocr_carea' id='block_1_81' title="bbox 1946 4949 3519 5027">
    <p class='ocr_par' dir='ltr' id='par_1_81' title="bbox 1946 4949 3519 5027">
     <span class='ocr_line' id='line_1_82' title="bbox 1946 4949 3519 5027; baseline -0.015 -2"><span class='ocrx_word' id='word_1_547' title='bbox 1946 4980 1999 5025; x_wconf 89' lang='lat' dir='ltr'><strong>te</strong></span> <span class='ocrx_word' id='word_1_548' title='bbox 2032 4969 2209 5024; x_wconf 89' lang='lat' dir='ltr'><strong>solum</strong></span> <span class='ocrx_word' id='word_1_549' title='bbox 2246 4973 2303 5021; x_wconf 88' lang='lat' dir='ltr'><strong>et</strong></span> <span class='ocrx_word' id='word_1_550' title='bbox 2338 4978 2531 5019; x_wconf 85' lang='lat' dir='ltr'><strong>verum</strong></span> <span class='ocrx_word' id='word_1_551' title='bbox 2574 4963 2769 5024; x_wconf 89' lang='lat' dir='ltr'><strong>Deum,</strong></span> <span class='ocrx_word' id='word_1_552' title='bbox 2805 4966 2861 5012; x_wconf 91' lang='lat' dir='ltr'><strong>et</strong></span> <span class='ocrx_word' id='word_1_553' title='bbox 2902 4969 3065 5027; x_wconf 87' lang='lat' dir='ltr'><strong>quem</strong></span> <span class='ocrx_word' id='word_1_554' title='bbox 3098 4951 3298 5007; x_wconf 90' lang='lat' dir='ltr'><strong>misisti</strong></span> <span class='ocrx_word' id='word_1_555' title='bbox 3331 4949 3519 5005; x_wconf 83' lang='lat' dir='ltr'><strong>Jesum</strong></span> 
     </span>
    </p>
   </div>
   <div class='ocr_carea' id='block_1_82' title="bbox 1943 5039 3523 5119">
    <p class='ocr_par' dir='ltr' id='par_1_82' title="bbox 1943 5039 3523 5119">
     <span class='ocr_line' id='line_1_83' title="bbox 1943 5039 3523 5119; baseline -0.015 -3"><span class='ocrx_word' id='word_1_556' title='bbox 1943 5061 2225 5116; x_wconf 84' lang='lat' dir='ltr'><strong>Christum</strong></span> <span class='ocrx_word' id='word_1_557' title='bbox 2260 5057 2324 5109; x_wconf 72' lang='lat'><strong>“.</strong></span> <span class='ocrx_word' id='word_1_558' title='bbox 2356 5076 2374 5109; x_wconf 87' lang='grc'><strong>›</strong></span> <span class='ocrx_word' id='word_1_559' title='bbox 2404 5054 2511 5110; x_wconf 89' lang='lat' dir='ltr'><strong>Sed</strong></span> <span class='ocrx_word' id='word_1_560' title='bbox 2533 5052 2721 5107; x_wconf 90' lang='lat' dir='ltr'><strong>nescio</strong></span> <span class='ocrx_word' id='word_1_561' title='bbox 2751 5046 3029 5119; x_wconf 90' lang='lat' dir='ltr'><strong>quomodo</strong></span> <span class='ocrx_word' id='word_1_562' title='bbox 3058 5043 3281 5115; x_wconf 90' lang='lat' dir='ltr'><strong>quidam</strong></span> <span class='ocrx_word' id='word_1_563' title='bbox 3312 5039 3523 5109; x_wconf 80' lang='lat' dir='ltr'><strong>lingunt</strong></span> 
     </span>
    </p>
   </div>
   <div class='ocr_carea' id='block_1_83' title="bbox 266 5132 3524 5225">
    <p class='ocr_par' dir='ltr' id='par_1_83' title="bbox 266 5132 3524 5225">
     <span class='ocr_line' id='line_1_84' title="bbox 266 5132 3524 5225; baseline -0.006 -18"><span class='ocrx_word' id='word_1_564' title='bbox 266 5172 285 5202; x_wconf 73' lang='grc' dir='ltr'><strong>ε</strong></span> <span class='ocrx_word' id='word_1_565' title='bbox 321 5152 449 5207; x_wconf 70' lang='lat' dir='ltr'><strong>llaec</strong></span> <span class='ocrx_word' id='word_1_566' title='bbox 472 5160 559 5207; x_wconf 89' lang='lat' dir='ltr'><strong>est</strong></span> <span class='ocrx_word' id='word_1_567' title='bbox 581 5160 765 5206; x_wconf 88' lang='lat' dir='ltr'><strong>autem</strong></span> <span class='ocrx_word' id='word_1_568' title='bbox 796 5153 909 5207; x_wconf 88' lang='lat' dir='ltr'><strong>sola</strong></span> <span class='ocrx_word' id='word_1_569' title='bbox 937 5163 992 5207; x_wconf 91' lang='lat' dir='ltr'><strong>et</strong></span> <span class='ocrx_word' id='word_1_570' title='bbox 1013 5163 1217 5209; x_wconf 67' lang='lat' dir='ltr'><strong>aeterna</strong></span> <span class='ocrx_word' id='word_1_571' title='bbox 1248 5154 1382 5218; x_wconf 82' lang='lat' dir='ltr'><strong>vita,</strong></span> <span class='ocrx_word' id='word_1_572' title='bbox 1411 5162 1472 5208; x_wconf 84' lang='lat' dir='ltr'><strong>ut</strong></span> <span class='ocrx_word' id='word_1_573' title='bbox 1503 5162 1838 5225; x_wconf 81' lang='lat' dir='ltr'><strong>cognoscant</strong></span> <span class='ocrx_word' id='word_1_574' title='bbox 1864 5134 1914 5195; x_wconf 79' lang='grc' dir='ltr'><strong>Ῑ)</strong></span> <span class='ocrx_word' id='word_1_575' title='bbox 1940 5152 2164 5223; x_wconf 90' lang='lat' dir='ltr'><strong>quidem</strong></span> <span class='ocrx_word' id='word_1_576' title='bbox 2197 5150 2363 5205; x_wconf 85' lang='lat' dir='ltr'><strong>rectis</strong></span> <span class='ocrx_word' id='word_1_577' title='bbox 2384 5150 2529 5204; x_wconf 85' lang='lat' dir='ltr'><strong>circa</strong></span> <span class='ocrx_word' id='word_1_578' title='bbox 2550 5148 2656 5199; x_wconf 88' lang='lat' dir='ltr'><strong>hoc</strong></span> <span class='ocrx_word' id='word_1_579' title='bbox 2672 5140 2907 5213; x_wconf 86' lang='lat' dir='ltr'><strong>pedibus</strong></span> <span class='ocrx_word' id='word_1_580' title='bbox 2925 5138 3209 5194; x_wconf 88' lang='lat' dir='ltr'><strong>ambulare</strong></span> <span class='ocrx_word' id='word_1_581' title='bbox 3224 5132 3524 5206; x_wconf 80' lang='lat' dir='ltr'><strong>dum_clan~</strong></span> 
     </span>
    </p>
   </div>
   <div class='ocr_carea' id='block_1_84' title="bbox 334 5310 798 5375">
    <p class='ocr_par' dir='ltr' id='par_1_84' title="bbox 334 5310 798 5375">
     <span class='ocr_line' id='line_1_85' title="bbox 334 5310 798 5375; baseline -0.011 -9"><span class='ocrx_word' id='word_1_582' title='bbox 334 5311 382 5341; x_wconf 80' lang='grc'>“</span> <span class='ocrx_word' id='word_1_583' title='bbox 405 5310 561 5365; x_wconf 82' lang='lat' dir='ltr'><strong>Joan.</strong></span> <span class='ocrx_word' id='word_1_584' title='bbox 594 5326 722 5375; x_wconf 80' lang='lat' dir='ltr'><strong>xvn,</strong></span> <span class='ocrx_word' id='word_1_585' title='bbox 751 5310 798 5363; x_wconf 77' lang='lat'><strong>5.</strong></span> 
     </span>
    </p>
   </div>
   <div class='ocr_carea' id='block_1_85' title="bbox 1354 5416 2431 5487">
    <p class='ocr_par' dir='ltr' id='par_1_85' title="bbox 1354 5416 2431 5487">
     <span class='ocr_line' id='line_1_86' title="bbox 1354 5416 2431 5487; baseline -0.004 -14"><span class='ocrx_word' id='word_1_586' title='bbox 1354 5420 1526 5474; x_wconf 71' lang='lat' dir='ltr'><strong>Variae</strong></span> <span class='ocrx_word' id='word_1_587' title='bbox 1556 5418 1820 5473; x_wconf 85' lang='lat' dir='ltr'><strong>lectiones</strong></span> <span class='ocrx_word' id='word_1_588' title='bbox 1851 5417 2059 5473; x_wconf 89' lang='lat' dir='ltr'><strong>codicis</strong></span> <span class='ocrx_word' id='word_1_589' title='bbox 2094 5416 2431 5487; x_wconf 79' lang='lat' dir='ltr'><strong>Seguienani</strong></span> 
     </span>
    </p>
   </div>
   <div class='ocr_carea' id='block_1_86' title="bbox 341 5533 1298 5607">
    <p class='ocr_par' dir='ltr' id='par_1_86' title="bbox 341 5533 1298 5607">
     <span class='ocr_line' id='line_1_87' title="bbox 341 5533 1298 5607; baseline -0.008 -17"><span class='ocrx_word' id='word_1_590' title='bbox 341 5539 357 5579; x_wconf 83' lang='grc' dir='ltr'>ι</span> <span class='ocrx_word' id='word_1_591' title='bbox 390 5540 472 5593; x_wconf 82' lang='grc' dir='ltr'><strong>ἵσ.</strong></span> <span class='ocrx_word' id='word_1_592' title='bbox 505 5540 578 5599; x_wconf 83' lang='grc' dir='ltr'>ὼς</span> <span class='ocrx_word' id='word_1_593' title='bbox 606 5536 672 5589; x_wconf 72' lang='grc' dir='ltr'>ἂν</span> <span class='ocrx_word' id='word_1_594' title='bbox 700 5535 810 5607; x_wconf 79' lang='grc' dir='ltr'><strong>ἔχοι</strong></span> <span class='ocrx_word' id='word_1_595' title='bbox 838 5534 1153 5596; x_wconf 78' lang='grc' dir='ltr'>συνιδόντες,</span> <span class='ocrx_word' id='word_1_596' title='bbox 1184 5533 1298 5584; x_wconf 74' lang='grc' dir='ltr'><strong>εὺκ.</strong></span> 
     </span>
    </p>
   </div>
   <div class='ocr_carea' id='block_1_87' title="bbox 1796 5641 2020 5698">
    <p class='ocr_par' dir='ltr' id='par_1_87' title="bbox 1796 5641 2020 5698">
     <span class='ocr_line' id='line_1_88' title="bbox 1796 5641 2020 5698; baseline -0.022 0"><span class='ocrx_word' id='word_1_597' title='bbox 1796 5641 2020 5698; x_wconf 58' lang='lat' dir='ltr'><strong>NOTAE.</strong></span> 
     </span>
    </p>
   </div>
   <div class='ocr_carea' id='block_1_88' title="bbox 339 5751 2663 5839">
    <p class='ocr_par' dir='ltr' id='par_1_88' title="bbox 339 5751 2663 5839">
     <span class='ocr_line' id='line_1_89' title="bbox 339 5751 2663 5839; baseline -0.004 -25"><span class='ocrx_word' id='word_1_598' title='bbox 339 5771 415 5833; x_wconf 65' lang='lat' dir='ltr'><strong>Hi</strong></span> <span class='ocrx_word' id='word_1_599' title='bbox 443 5770 519 5822; x_wconf 56' lang='grc' dir='ltr'><strong>ἰοί(</strong></span> <span class='ocrx_word' id='word_1_600' title='bbox 550 5768 820 5839; x_wconf 66' lang='lat' dir='ltr'><strong>Syumhrn</strong></span> <span class='ocrx_word' id='word_1_601' title='bbox 854 5766 1108 5821; x_wconf 59' lang='lat' dir='ltr'><strong>:ttlw‘rHtS</strong></span> <span class='ocrx_word' id='word_1_602' title='bbox 1134 5764 1448 5831; x_wconf 57' lang='lat' dir='ltr'><strong>[nigrantium</strong></span> <span class='ocrx_word' id='word_1_603' title='bbox 1474 5762 1683 5826; x_wconf 68' lang='lat' dir='ltr'><strong>Il‘t‘lltl‘l,</strong></span> <span class='ocrx_word' id='word_1_604' title='bbox 1709 5776 1824 5830; x_wconf 77' lang='lat' dir='ltr'><strong>cap.</strong></span> <span class='ocrx_word' id='word_1_605' title='bbox 1867 5759 1982 5813; x_wconf 64' lang='grc'><strong>198.</strong></span> <span class='ocrx_word' id='word_1_606' title='bbox 2010 5754 2201 5817; x_wconf 76' lang='lat' dir='ltr'><strong>Mansi,</strong></span> <span class='ocrx_word' id='word_1_607' title='bbox 2238 5763 2273 5809; x_wconf 43' lang='grc' dir='ltr'><strong>ι⁵</strong></span> <span class='ocrx_word' id='word_1_608' title='bbox 2304 5754 2364 5809; x_wconf 60' lang='grc' dir='ltr'><strong>γ.</strong></span> <span class='ocrx_word' id='word_1_609' title='bbox 2401 5753 2500 5807; x_wconf 66' lang='grc' dir='ltr'><strong>(Συί-</strong></span> <span class='ocrx_word' id='word_1_610' title='bbox 2542 5751 2663 5807; x_wconf 60' lang='lat'><strong>97-5.</strong></span> 
     </span>
    </p>
   </div>
  </div>
