4126 6314
593 345 697 400 ωδ

1614 350 1668 401 5.
1709 348 1981 404 Chﬂll.“
2025 348 2489 404 ALEXANDRINI
2530 351 2847 407 ARCIIIEP.

3725 308 3837 421 sit

592 453 796 518 dicent,
828 464 884 510 et
927 456 1173 510 veritatis
1222 457 1362 510 viam
1405 455 1722 513 deserentes
1758 468 2041 513 vertantur
2093 458 2161 513 ad
2189 467 2236 523 Α
2265 462 2430 517 viros.
2469 462 2821 532 Scripserunt
2848 463 2996 517 enim
3028 473 3454 533 quantacunque
3479 461 3754 515 Theodori
3780 469 3843 514 et

589 547 843 611 alteram,
869 563 992 617 qua:
1019 547 1086 602 ad
1113 548 1500 603 exterminium
1529 549 2005 621 perditionemque
2031 568 2157 621 per-

590 636 766 692 ducit.
802 638 1099 694 Adhzerent
1139 641 1286 694 enim
1325 640 1689 709 quorumdam
1734 643 2158 712 conscriptioni-

591 729 697 783 bus
720 730 1048 784 interdictis.
1084 729 1150 784 Et
1183 739 1241 785 ut
1268 732 1415 786 clare
1445 730 1620 786 dicam
1649 733 1728 786 rei
1761 742 2012 787 naturam
2057 734 2155 795 (si-

590 818 812 888 quidem
839 821 1099 889 scriptum
1137 831 1241 884 est,
1288 841 1304 871 ι
1339 823 1404 877 Et
1433 823 1694 891 loquebar
1724 822 1792 877 de
1827 825 2162 879 testimoniis

591 910 700 965 tuis
721 925 902 964 coram
936 912 1174 982 regibus,
1201 922 1257 966 et
1279 927 1384 968 non
1409 914 1786 970 confundebar
1806 917 1850 947 “
1882 917 1952 986 ι),
1975 916 2156 970 Theo-

591 997 759 1052 dorus
791 998 1012 1068 quidam
1047 1000 1168 1063 fuit,
1214 1011 1270 1055 et
1297 1011 1422 1056 ante
1453 1000 1600 1056 hunc
1631 1002 1905 1057 Diodorus
1940 1004 2155 1072 episco-

588 1105 713 1159 pus,
754 1089 845 1144 hic
875 1091 1100 1159 quidem
1144 1093 1358 1158 Tharsi,
1407 1095 1495 1149 ille
1529 1111 1662 1150 vero
1693 1094 2054 1164 Mopsuestia.
2090 1095 2154 1150 Hi

588 1187 772 1248 patres
813 1179 1034 1236 fuerunt
1064 1182 1302 1238 Nestorii
1333 1185 1709 1255 blasphemiae.
1739 1186 1798 1241 ln
1829 1186 1984 1241 libris
2009 1188 2156 1242 enim

587 1285 726 1340 quos
751 1282 1200 1342 composuerunt,
1227 1276 1430 1346 agresti
1463 1277 1672 1332 insania
1701 1277 1784 1331 usi
1808 1287 1937 1332 sunt
1967 1289 2158 1332 contra

585 1362 831 1415 omnium
863 1370 1114 1418 nostrum
1147 1364 1488 1423 Salvatorem
1509 1368 1812 1434 Christum,
1843 1370 2159 1439 ignorantes

584 1449 705 1519 ejus
748 1455 1088 1523 mysterium.
1132 1456 1317 1512 Voluit
1353 1458 1519 1528 igitur
1550 1460 1753 1529 impius
1782 1460 2069 1515 Nestorius
2091 1477 2157 1516 ea

582 1557 705 1612 quae
746 1543 968 1600 illorum
1002 1558 1131 1602 sunt
1169 1549 1237 1603 ad
1277 1550 1520 1604 medium
1561 1551 1858 1616 deducere,
1893 1562 1950 1606 et
1978 1568 2008 1605 a
2043 1554 2156 1608 Deo

581 1648 739 1688 sacra
776 1637 1025 1705 privatus
1063 1646 1147 1693 est
1182 1638 1325 1694 aula.
1361 1641 1499 1696 Dum
1527 1657 1660 1697 vero
1691 1643 2154 1699 anathematizas-

581 1734 705 1780 sent
726 1743 846 1796 qua:
869 1729 988 1798 ejus
1017 1738 1146 1784 sunt
1166 1732 1673 1789 nonnulliOrientis
1690 1734 1957 1805 episcopi,
1980 1735 2154 1791 altero

2262 552 2499 608 Nestorii
2539 554 2698 608 malis
2730 562 2860 608 sunt
2884 552 3118 608 adversa
3153 554 3477 609 sentientes.
3501 552 3639 618 Quia
3666 551 3840 623 igitur

2260 642 2426 697 didici
2461 643 2606 712 quod
2639 642 2706 698 de
2737 641 2824 698 his
2852 649 2909 698 et
2942 644 3144 699 vestris
3178 643 3285 712 piis
3315 642 3548 696 auribus
3582 642 3840 712 ingerant

2261 734 2531 802 quaedam,
2585 748 2717 804 rogo
2760 742 2820 786 ut
2857 734 3071 788 animas
3100 741 3311 788 vestras
3350 731 3581 786 intactas
3606 730 3838 784 omnino

2262 824 2684 894 impollutasque
2727 825 2962 879 servetis
3000 840 3031 879 a
3075 823 3352 879 Theodori
3383 831 3440 877 et
3467 822 3687 876 Diodori
3726 823 3835 874 im—

2261 918 2574 986 pietatibus.
2608 918 2926 973 Sicutenim
2954 934 3118 988 supra
3136 919 3248 989 jam
3277 916 3410 980 dixi,
3447 910 3734 970 Nestorius
3767 929 3833 967 ea

2259 1024 2381 1077 qua:
2411 1009 2654 1078 ipsorum
2691 1021 2820 1064 sunt
2844 1017 2927 1064 est
2957 1011 3196 1073 locutus,
3226 1016 3284 1063 et
3311 1007 3382 1062 ob
3408 1008 3514 1061 hoc
3538 1015 3597 1060 ut
3629 1005 3835 1075 impius

2258 1099 2657 1154 condemnatus
2690 1112 2774 1156 est
2806 1101 2874 1155 ab
2914 1100 3209 1155 universali
3243 1100 3449 1171 synodo
3480 1097 3621 1169 apud
3644 1098 3831 1167 Ephe-

2257 1205 2380 1244 sum
2427 1201 2752 1262 congregata
2798 1195 2950 1263 juxta
2997 1194 3092 1249 Dei
3145 1194 3504 1248 voluntatem.
3557 1191 3832 1258 Quoniam

2257 1297 2389 1336 vero
2421 1283 2683 1338 simulant
2717 1285 2938 1354 quidem
2978 1301 3037 1340 se
3070 1284 3378 1356 symbolum
3405 1282 3656 1338 conﬁteri
3679 1280 3831 1351 quod

2256 1372 2563 1442 expositum
2598 1385 2683 1430 est
2717 1376 2770 1430 in
2801 1393 2994 1449 magna
3015 1389 3070 1433 et
3093 1378 3315 1447 antiqua
3342 1376 3549 1448 synodo
3583 1375 3827 1440 Nicena,

2257 1463 2533 1520 declinant
2563 1483 2696 1522 vero
2731 1470 2852 1540 ejus
2882 1469 3016 1524 falsa
3057 1470 3506 1540 interpretatione
3541 1468 3828 1531 virtutem,

2257 1566 2584 1627 rogaverunt
2612 1561 3055 1617 archimandritas
3074 1563 3315 1618 Orientis
3335 1560 3624 1617 orthodoxi
3648 1560 3828 1622 inter-

2255 1651 2462 1719 pretari
2499 1667 2530 1705 a
2557 1666 2644 1706 me
2686 1652 2830 1707 idem
2863 1655 3205 1725 symbolum;
3235 1653 3381 1724 quod
3413 1661 3468 1708 et
3499 1653 3830 1722 interpreta-

2258 1749 2372 1794 tum
2407 1749 2510 1796 est.
2558 1742 2626 1797 Et
2662 1745 3038 1800 necessarium
3078 1745 3184 1800 fuit
3205 1756 3271 1800 ut
3300 1745 3354 1799 in
3382 1754 3594 1799 vestras
3619 1743 3736 1812 p‘as
3767 1749 3831 1795 et

581 1813 744 1868 modo
775 1815 892 1871 haec
914 1817 1032 1886 ipsa
1059 1834 1253 1874 rursus
1285 1819 1573 1887 inducunt,
1604 1821 1736 1877 dum
1771 1839 1836 1878 ea
1865 1840 1985 1894 qua)
2019 1835 2140 1881 sunt

2251 1830 2455 1887 Christi
2487 1835 2690 1890 amicas
2719 1852 2885 1891 aures
2922 1838 3236 1906 perveniret
3283 1836 3388 1891 hoc
3420 1849 3580 1906 opus.
3620 1835 3832 1890 Vestra

579 1901 855 1961 Theodori
884 1907 1252 1977 admirantur,
1293 1918 1350 1965 et
1386 1927 1512 1967 eum
1556 1921 1706 1969 recte
1730 1929 1923 1985 sapere
1953 1915 2148 1971 dicunt
2255 1921 2527 1991 siquidem
2558 1901 2939 1995 tranquillitati
2970 1927 3112 1981 inest
3147 1926 3292 1982 inter
3313 1925 3417 1980 alia
3441 1901 3583 1979 bona
3611 1933 3667 1979 et
3696 1923 3831 1988 hoc,

575 2003 632 2050 et
660 2010 898 2054 consone
925 1997 1180 2056 Patribus
1205 2003 1430 2068 nostris,
1453 2004 1752 2061 Athanasio
1780 2006 1905 2062 dico
1928 2015 1984 2062 et
2012 2007 2151 2065 Gre-
2258 2021 2319 2066 ut
2350 2010 2404 2064 in
2433 2013 2787 2070 sermonibus
2813 2014 2881 2070 de
2920 2024 3072 2071 recta
3096 2013 3203 2069 llde
3233 2014 3352 2070 sine
3391 2013 3697 2070 cessatione
3721 2011 3830 2070 de-

573 2086 730 2157 gorio
759 2096 925 2159 atque
947 2089 1169 2146 Basilio.
1197 2091 1307 2149 Sed
1339 2094 1686 2151 mentiuntur
1711 2104 1906 2152 contra
1931 2108 2150 2155 sanctos
2256 2100 2448 2156 lectari
2471 2102 2674 2160 velitis.

1743 2402 2080 2462 EPISTOLA
2119 2405 2311 2462 Lxxu
2352 2407 2452 2479 (οι.
2488 2408 2650 2480 LIV).

1979 2559 2044 2596 AD
2075 2558 2313 2601 PROCLUM
2343 2561 2426 2601 (ΞΡ.

569 2690 855 2780 quirlt‘iod
885 2693 1134 2780 .Procltgn
1178 2699 1476 2780 episcopum
1504 2699 2140 2780 Constantinopolitanum

2247 2709 2552 2777 Κυρίλλου
2609 2713 2859 2779 Πρόκλῳ
2899 2712 3212 2780 ἐπισκόπῳ
3256 2712 3828 2770 moraturus-ovato-

639 2764 703 2816 de
731 2763 1009 2853 Theodoro.
1043 2763 1429 2853 Mopsuestcho,
1457 2782 1665 2853 petente
1693 2763 1863 2853 (Muli
1901 2777 2035 2845 ipso,
2083 2793 2140 2853 rte

2313 2763 2466 2844 ,ὶεως
2484 2763 2969 2853 sagi—658631256
2979 2763 3564 2853 ἷοῧᾟὲψῖιῖέᾰτὶᾶξζ
3585 2763 3827 2839 assis.

640 2835 1165 2919 permitteret_ipsum
1182 2835 1630 2897 anathemdtizari
1661 2835 1799 2914 quod
1817 2835 2140 2900 hoc'tunmt‘

2312 2835 2676 2925 τοςςαῠίδκς
2894 2835 2999 2925 mf
3021 2835 3427 2925 ’ἀυῑέοξῆἀξιέ
3448 2835 3827 2925 stagna”-

643 2915 725 2956 tus
760 2921 921 2959 causa
940 2908 1028 2960 sit.
1674 2908 1684 2914 ⁷

2313 2908 2535 2983 σθῆναι
2576 2908 2781 2986 αὑτὸν,
2821 2908 3340 2988 ὼςάῗτιονῖὶῧτὸί
3365 2923 3631 2993 ταραχῆς
3651 2908 3823 2993 'rtrd-

2308 3005 2518 3058 μενον.

644 3078 743 3132 Vix
796 3079 1092 3150 aliquando
1145 3083 1439 3154 multisque
1487 3086 1781 3144 sudoribus
1841 3092 2140 3148 sanctitatis

2319 3102 2489 3166 Μόλις
2516 3105 2645 3157 ποτὲ
2678 3105 2773 3157 καὶ
2801 3105 3017 3168 πολλοῖς
3044 3105 3233 3176 ἱδρῶσι
3256 3106 3355 3178 τῆς
3378 3124 3439 3160 τε
3474 3107 3575 3176 σῆς
3603 3106 3824 3174 ὁσιότη-

569 3175 698 3231 tuae,
728 3169 1014 3238 sanctique
1058 3171 1276 3226 concilii
1310 3173 1455 3242 apud
1486 3174 1760 3243 Ephesum
1798 3183 2136 3252 congregati,

2248 3211 2337 3258 τος
2389 3197 2482 3247 καὶ
2525 3195 2626 3264 τῆς
2676 3197 2843 3263 ἁγίας
2891 3169 3110 3251 συνόδου
3155 3197 3257 3268 τῆς
3287 3169 3649 3270 συναχθείσης

565 3259 801 3314 Nestorii
826 3262 1140 3332 vaniloquia
1164 3264 1470 3333 rejecerunt
1494 3266 1696 3337 ubique
1718 3268 1813 3324 Dei
1845 3270 2137 3328 Ecclesiae:

2244 3286 2345 3357 τὴν
2385 3259 2668 3357 Ἑφεσὶιυν,
2701 3259 2798 3352 τὰς
2832 3290 3127 3362 Νεστοριου
3152 3259 3486 3362 κενοφωνίας
3510 3259 3812 3364 ἀποϐεϐλή-

566 3351 799 3405 nimium
849 3367 978 3407 vero
1029 3357 1426 3411 contristantur
1483 3369 1709 3428 propter
1768 3360 1872 3416 hoc
1917 3363 2139 3432 quidam

2248 3351 2407 3431 κασιν
2434 3351 2489 3431 αἱ
2521 3381 2824 3450 πανταχόσε
2845 3381 2938 3434 τοῦ
2963 3351 3098 3435 Θεοῦ
3130 3351 3824 3455 Ἐκκλτισιαιονδυσφοροῦσι

566 3439 949 3508 Orientalium,
976 3460 1086 3500 non
1111 3447 1286 3501 solum
1318 3448 1603 3515 Iaicorum,
1641 3451 1735 3506 sed
1758 3452 1923 3508 etiam
1952 3470 2138 3511 sacer-

565 3531 781 3585 dotum.
818 3532 973 3588 Sicut
1003 3537 1150 3590 enim
1180 3537 1456 3595 diuturna:
1491 3543 1775 3610 passiones
1809 3543 2141 3602 dilliciliores

563 3623 632 3677 ad
679 3624 1060 3681 medicandum
1107 3630 1398 3695 exsistunt,
1437 3634 1521 3687 vel
1555 3632 1784 3689 forsitan
1821 3636 1987 3691 etiam
2036 3637 2142 3695 hoc

563 3714 790 3769 omnino
825 3717 1119 3788 abnegant,
1184 3721 1266 3777 sic
1298 3732 1352 3777 et
1396 3725 1578 3780 anima
1613 3737 1883 3795 aegrotans
1917 3743 2139 3797 perver-

563 3822 748 3861 sorum
779 3807 1155 3866 intellecturum
1177 3822 1232 3867 et
1249 3814 1562 3886 dogmatum
1587 3817 1899 3887 putredine,
1926 3819 2141 3876 insana-

562 3896 730 3952 bilem
769 3899 935 3955 habet
983 3904 1313 3972 passionem.
1365 3908 1753 3964 Verumtamen
1799 3911 1894 3966 Dei
1942 3913 2135 3983 gratia,

563 3989 680 4046 sive
712 3994 1022 4058 occasione,
1056 3996 1170 4052 sive
1199 3999 1432 4054 veritate
1464 4017 1633 4055 unum
1658 4001 1937 4058 Christum
1968 4015 2024 4060 et
2052 4005 2135 4060 lo-

560 4093 808 4152 quuntur
835 4094 890 4139 et
913 4087 1234 4154 praedicant,
1265 4099 1322 4145 et
1353 4091 1547 4162 impias
1574 4095 1812 4152 Nestorii
1831 4099 2136 4153 verbosita-

558 4179 642 4226 tes
674 4173 1291 4233 anathematizaverunt.
1318 4181 1384 4236 Et
1413 4182 1634 4238 interim
1666 4187 1836 4241 multa
1865 4190 2133 4260 tranquil-

558 4263 687 4319 litas
717 4265 790 4319 ibi
819 4276 926 4330 est,
956 4276 1012 4322 et
1041 4269 1095 4323 in
1127 4270 1231 4326 ﬁde
1257 4274 1502 4341 quotidie
1537 4277 1934 4335 confirmantur
1963 4282 2129 4337 etiam

556 4355 632 4409 ἱΗί
685 4357 778 4425 qui
840 4359 1133 4428 aliquando
1175 4361 1521 4421 dubitabant.
1566 4367 1724 4424 Nunc
1775 4387 1928 4435 vero,
1986 4375 2130 4429 sicut

2242 3466 2299 3521 δὲ
2329 3467 2448 3520 λίαν
2477 3470 2567 3522 ἐπὶ
2595 3469 2767 3541 τούτῳ
2798 3472 2942 3536 τινὲς
2975 3473 3081 3526 τῶν
3114 3474 3257 3527 κατὰ
3287 3475 3386 3545 τὴν
3421 3474 3583 3545 ἑῴαν.
3606 3475 3668 3529 οὐ
3704 3476 3824 3528 λαῖ-

2246 3554 2360 3608 κῶν
2402 3555 2583 3626 μόνον,
2629 3557 2768 3611 ἀλλὰ
2804 3560 2912 3632 γὰρ
2956 3562 3188 3617 καὶτῶν
3233 3564 3582 3633 τεταγμένων
3620 3567 3699 3628 εἰς
3752 3567 3826 3619 ιε-

2247 3649 2521 3717 ρουργίαν.
2569 3650 2778 3723 Ὥσπερ
2822 3653 2929 3724 γὰρ
2986 3652 3055 3706 τὰ
3091 3654 3426 3726 χρονιώτερα
3478 3656 3588 3709 τῶν
3631 3655 3824 3712 παθῶν

2242 3735 2648 3810 δυσχερέστερά
2675 3740 2792 3805 πώς
2826 3744 2941 3796 ἐστι
2976 3745 3111 3815 πρὸς
3149 3743 3210 3798 τὸ
3236 3745 3592 3817 θεραπεῦσαι,
3626 3747 3821 3819 ἢτάχα.

2242 3843 2344 3880 που
2380 3829 2474 3882 καὶ
2503 3831 2583 3894 εἰς
2615 3832 2759 3885 ἅπαν
2783 3834 3030 3903 ἀρνεῖται
3053 3833 3234 3899 τοῦτο,
3259 3835 3402 3890 οὕτω
3438 3837 3532 3890 καὶ
3559 3838 3703 3911 ψυχὴ
3739 3841 3821 3893 δι-

2240 3923 2634 3992 εστραμμένων
2664 3925 2885 3979 ἐννοιῶν
2911 3927 3004 3980 καὶ
3034 3928 3321 3997 δογμάτων
3349 3931 3602 3999 σηπεδόνι
3632 3933 3817 4002 ὰρρω-

2241 4014 2509 4083 στήσασα.
2541 4015 2947 4088 δυσαπόϐλητον
2972 4019 3086 4090 ἔχει
3118 4019 3181 4072 τὸ
3215 4019 3406 4083 πάθος.
3443 4020 3588 4092 Πλὴν
3617 4025 3682 4092 τῇ
3716 4023 3811 4075 τοῦ

2239 4103 2377 4158 Θεοῦ
2436 4106 2644 4177 χάριτι,
2685 4107 2796 4159 εῐτε
2854 4109 3147 4178 προφάσει,
3188 4109 3296 4162 εἴτε
3337 4109 3564 4185 ἀληθείᾳ
3595 4112 3688 4166 τὸν
3718 4113 3815 4166 ἕνα

2239 4195 2473 4265 Χριστὸν
2499 4196 2595 4248 καὶ⁸
2624 4195 2846 4250 λαλοῦσι
2877 4199 2971 4251 καὶ
2999 4197 3350 4270 κηρύττουσι,
3380 4201 3474 4253 καὶ
3493 4201 3590 4265 τὰς
3613 4201 3818 4255 Νεστο-

2239 4286 2357 4356 ριου
2381 4285 2661 4350 δυσσεϐεῖς
2678 4290 3090 4360 περιττολογίας
3108 4292 3528 4363 ἀνεθεμάτισαν.
3548 4294 3660 4347 Καὶ
3675 4293 3815 4358 τέως

2237 4379 2295 4431 ὲν
2327 4378 2478 4449 εὑδίᾳ
2512 4379 2678 4451 πολλῇ
2707 4381 2775 4433 τὰ
2801 4381 3009 4443 αὐτόθι.
3045 4382 3141 4435 καὶ
3166 4382 3451 4454 τρέχουσιν
3478 4385 3556 4448 εἰς
3580 4384 3642 4438 τὸ
3671 4386 3813 4453 ἀρα-

559 4447 862 4516 scripsitad
882 4465 965 4503 me
996 4450 1251 4509 dominus
1268 4470 1421 4510 meus
1438 4460 1814 4517 sanctissimus
1839 4464 2134 4535 episcopus

2244 4467 2332 4539 ρὺς
2366 4469 2423 4521 ὲν
2453 4447 2793 4524 ἠπίστει-καθ’
2826 4472 3043 4542 ἡμέραν
3073 4474 3167 4526 καὶ
3201 4447 3631 4547 οἱῇσαλευόμενοί
3657 4447 3807 4532 ποτε.

558 4539 864 4596 Antiochia:
916 4541 1174 4609 Joannes,
1243 4545 1460 4602 initium
1509 4553 1651 4620 apud
1703 4555 1851 4624 ipsos
1903 4556 2133 4615 alterius

2244 4559 2364 4612 N'uv't
2402 4560 2477 4619 δὲ.
2521 4559 2598 4624 ὡς
2625 4539 2881 4632 γέγραφε.
2916 4539 3052 4635 πρός
3085 4581 3152 4636 με
3187 4567 3215 4618 ὁ
3254 4564 3445 4638 κύριός
3475 4539 3577 4637 μου
3607 4569 3634 4621 ὁ
3671 4568 3812 4622 θειό-

558 4631 896 4698 tempestatis
946 4634 1218 4699 surrexit,
1255 4644 1310 4690 et
1361 4638 1630 4709 plurimus
1683 4653 1767 4700 est
1819 4645 2003 4713 timor,
2061 4666 2130 4704 ne

2244 4665 2385 4712 :ato;
2409 4649 2706 4714 ἐπίσκοπος
2728 4631 2827 4721 τῆς
2853 4631 3171 4723 Ἀντιοχέων
3206 4631 3488 4724 Ἰωάννης..
3507 4655 3648 4728 ἀρχὴ
3673 4657 3807 4728 παρ’

555 4717 785 4774 forsitan
829 4723 1051 4792 quidam
1086 4726 1373 4785 instabiles
1416 4732 1482 4786 ad
1542 4735 1726 4804 priora
1761 4749 2126 4796 revertantur.

552 4809 752 4864 Dicunt
779 4813 923 4866 enim
973 4816 1239 4884 quosdam
1272 4819 1337 4874 ad
1373 4837 1623 4893 magnam
1676 4827 1821 4881 illam
1851 4828 2126 4886 civitatem

550 4903 889 4972 pervenisse,
927 4905 1126 4965 deinde
1171 4911 1548 4983 interpellasse
1573 4918 1849 4987 piissimos
1877 4930 1932 4976 et
1959 4921 2122 4977 Chri-

549 4993 915 5049 stianissimos
936 4997 1314 5068 imperatores,
1342 5012 1398 5059 et
1426 5009 1727 5076 postulasse
1751 5027 1850 5080 per
1877 5011 2119 5069 divinam

547 5096 742 5139 eorum
787 5087 1126 5144 sanctionem
1156 5093 1604 5153 anathematizari
1639 5099 1813 5155 libros
1842 5100 2117 5159 Theodori

545 5171 936 5242 Mopsuesteni,
961 5177 1248 5252 ipsumque
1263 5197 1621 5243 memoratum
1641 5191 1841 5246 virum.
1872 5193 2122 5265 Magnum

543 5279 678 5318 vero
710 5266 830 5337 ejus
856 5268 1020 5339 200
1057 5289 1254 5329 nomen
1307 5293 1426 5333 esse
1460 5295 1558 5349 per
1594 5280 1898 5350 Orientem,
1927 5295 1984 5341 et
2016 5290 2122 5343 mi-

545 5354 745 5411 riﬁcari
800 5359 1032 5415 nimium
1075 5369 1388 5438 conscripta
1426 5372 1563 5441 ejus.
1611 5373 1678 5428 Et
1724 5377 1869 5431 sicut
1909 5379 2120 5445 dicunt,

543 5446 942 5503 contristantur
981 5467 1191 5519 omnes,
1225 5460 1370 5527 quod
1404 5461 1485 5514 vir
1521 5464 1720 5518 nobilis
1744 5475 1800 5521 et
1834 5469 2127 5526 defunctus

652 5601 694 5630 ⁸³
721 5603 856 5660 Psal.
897 5624 1074 5676 cxvm,
1124 5614 1198 5667 16.

2226 4741 2412 4805 αὐτοῖς
2453 4744 2643 4814 ἐτέρου
2686 4743 2955 4809 κλύδωνος
3007 4747 3329 4818 ἐγήγερται,
3394 4749 3489 4802 καὶ
3519 4748 3660 4820 τάχα
3702 4767 3809 4804 mu

2226 4831 2361 4885 πολὺ
2401 4834 2462 4886 τὸ
2497 4833 2634 4898 δέος,
2676 4835 2751 4906 μὴ
2785 4835 2893 4906 ἄγρα
2926 4834 3028 4889 πού
3054 4853 3206 4900 τινες
3225 4836 3336 4890 τῶν
3402 4840 3809 4912 εὐπαραφόρων

2234 4926 2659 4997 ὖπονοστήσειαν
2686 4929 2767 4993 είς
2798 4927 2860 4981 τὸ
2885 4929 2945 4982 ὲν
2979 4929 3196 4999 ἀρχαῖς.
3223 4930 3362 4983 Φασὶ
3385 4932 3494 5002 γάρ
3522 4947 3673 5010 τινας
3705 4931 3807 5002 τὴν

2231 5017 2478 5088 μεγάλην
2515 5020 2730 5090 ἐκείνην
2765 5019 2920 5073 πόλιν
2958 5021 3306 5087 καταλαϐεῖν,
3338 5019 3459 5078 εἶτα
3486 5013 3806 5093 προσελθεῖν

2224 5109 2338 5171 τοῖς
2404 5108 2816 5172 εὐσεϐεστάτοις
2874 5110 2968 5163 καὶ
3027 5109 3396 5184 φιλοχριστοις
3453 5111 3802 5183 βασιλεῦσιν,

2222 5197 2504 5268 ἐξαιτῆσαι
2529 5219 2587 5255 τε
2626 5202 2717 5256 διὰ
2746 5203 3119 5272 θεσπίσματος
3147 5203 3327 5258 αὐτῶν
3372 5202 3520 5272 ἱεροῦ
3560 5202 3628 5256 τὰ
3671 5202 3804 5255 Θεο-

2225 5290 2400 5363 δώρου
2426 5293 2519 5348 τοῧ
2543 5295 2922 5365 Μοψουεστίας
2949 5297 3446 5367 ἀναθεματισθῆναι
3472 5297 3672 5368 βιϐλία,
3701 5298 3803 5350 αὐ-

2226 5385 2316 5437 τόν
2346 5403 2404 5440 τε
2422 5387 2514 5440 τὸν
2547 5405 2653 5457 μνη
2662 5387 2988 5458 μονευοέντα
3011 5389 3201 5462 ἄνδρα.
3226 5389 3366 5443 Πολῦ
3388 5389 3446 5442 δὲ
3465 5389 3631 5443 αὐτοῦ
3659 5390 3803 5444 κατὰ

2227 5478 2325 5545 τὴν
2359 5477 2500 5544 ἑῴαν
2530 5479 2722 5547 ὄνομα,
2761 5481 2852 5533 καὶ
2879 5481 3251 5550 Θαυμάζονται
3271 5483 3392 5536 λὲαν
3433 5485 3486 5538 αἱ
3517 5483 3801 5550 συντάξεις

615 5760 689 5831 (Ι)
727 5762 865 5834 Lege
895 5770 1130 5832 pen-mis.
1178 5781 1228 5823 ut
1273 5774 1536 5843 referatur
1564 5776 1627 5830 ad
1657 5777 1939 5835 Cvrillum.
1967 5781 2082 5837 Jam
2119 5784 2263 5839 enim
2294 5785 2582 5841 defunctus
2616 5802 2725 5844 erat
2765 5790 3104 5848 Theodorus.
3140 5794 3261 5850 lion
