4154 6322
283 367 393 424 545

1621 347 1958 405 EPISTOLA
1998 345 2208 400 L.\Xll.

3440 329 3545 384 3‘6

282 481 470 540 αὐτοῦ.
511 480 620 534 Καὶ
644 478 719 542 ὥς
765 474 830 545 γέ
887 489 1038 544 φασι,
1086 467 1440 540 δυσφοροῦσιν
1481 471 1738 530 ἅπαντες,
1787 467 1861 530 ὡς

1991 481 2024 518 n
2037 460 2425 519 communione
2442 459 2831 520 Ecclesiarum,
2856 450 3370 510 anathematizatur.
3392 447 3551 502 Nunc

286 575 480 647 ἀνδρὸς
516 573 789 641 ἐπισήμου
829 566 924 621 καὶ
948 562 1367 632 τελευτήσαντος
1396 563 1452 613 ἐν
1479 558 1734 629 κοινωνίᾳ
1757 557 1866 609 τῶν

306 662 669 734 Ἐκκλησιῶν,
709 653 1242 728 ἀναθεματιζομένου
1289 652 1425 705 νυνί.
1463 651 1584 704 ’Ὁτι
1611 649 1711 720 μὲν
1756 647 1867 717 γὰρ

289 761 350 812 ἐν
381 759 494 817 τοῖς
522 752 898 821 συντάγμασιν
924 745 1089 801 αὑτοῦ
1115 744 1444 817 εὑρίσκομέν
1476 759 1597 796 τινα
1620 740 1868 804 ἐκτόπως

292 847 584 920 εἰρημένα,
621 845 716 897 καὶ
759 840 999 912 ἀκράτου
1033 838 1275 908 γέμοντα
1319 833 1651 905 δυσφημίας,
1691 832 1867 886 οὐδενὶ

291 941 402 995 τῶν
449 939 584 1009 ὀρθά
615 936 830 1006 φρονεῖν
871 930 1138 985 εἰωθότων
1184 927 1506 999 ἀμφίϐολον.
1542 928 1703 979 Ἴστω
1747 924 1866 994 δέἡ

296 1032 365 1102 σὴ
399 1030 636 1095 ὁσιότης,
685 1028 770 1080 δτι
814 1021 1242 1094 παρενεχθείσης
1282 1020 1346 1087 τῇ
1381 1016 1511 1087 ἁγίᾳ
1548 1016 1750 1085 συνόδῳ
1777 1016 1867 1066 ἐκ·

296 1125 500 1186 θέσεως
526 1121 655 1192 παρ’
683 1118 847 1172 αὑτοῦ
874 1113 1286 1186 συνταχθείσης.
1311 1112 1384 1175 ὼς
1411 1113 1457 1164 οἰ
1495 1109 1809 1180 προελόντες
1828 1119 1867 1146 ω

296 1216 555 1284 ἔφασκον,
606 1211 756 1264 οὐδὲν
791 1207 1022 1278 ἐχούσης
1073 1205 1242 1274 ὑγιὲς,
1285 1200 1736 1270 κατεκιϐδήλευσε
1771 1200 1869 1268 μὲν

296 1308 466 1376 αὑτὴν
499 1307 530 1375 ἡ
561 1303 690 1371 άγία
725 1300 960 1363 σύνοδος,
990 1300 1065 1362 ὡς
1103 1295 1552 1367 διεστραμμένων
1593 1294 1870 1363 γέμουσαν

297 1395 538 1460 ἐννοιῶν,
572 1393 667 1447 καὶ
709 1393 806 1463 τὴν
855 1389 1151 1461 Νεστορίου
1195 1385 1514 1440 δυσσέϐειαν
1558 1384 1719 1437 οἱονεί
1754 1399 1870 1446 πως

297 1489 669 1559 πηγάζουσαν.
691 1483 1087 1554 Κατακρίνασα
1115 1481 1172 1534 δέ
1199 1481 1326 1542 τοὺς
1348 1477 1490 1532 οὕτω
1509 1475 1867 1548 φρονοῦντας,

295 1578 660 1650 οἰκονομικῶς
685 1578 785 1632 οὐκ
813 1574 1190 1647 ἐμνημόνευσε
1205 1570 1300 1625 τοῦ
1327 1570 1540 1640 ἀνδρὸς,
1565 1569 1684 1622 οὐδὲ
1708 1568 1871 1621 αὐτὸν

297 1673 570 1744 ὑπέθηκεν
601 1670 862 1740 ὀνομαστὶ
890 1667 968 1736 τῷ
986 1662 1420 1736 άναθεματισμῷ
1446 1662 1513 1715 δι’
1538 1661 1869 1729 οἰκονομίαν,

296 1764 383 1818 ῖνα
417 1764 491 1832 μή
523 1777 666 1824 τινες
687 1762 752 1829 τῇ
784 1758 1050 1828 ὑπολήψει
1085 1756 1180 1809 τοῦ
1200 1754 1393 1825 ἀνδρὸς
1432 1751 1870 1823 προσεσχηκότες

297 1853 645 1909 ἀποϐάλωσιν
681 1850 906 1913 ἐαυτοῦς
940 1849 1049 1902 τῶν
1095 1847 1449 1917 Ἑκκλησιῶν,
1494 1846 1559 1898 Ἢ
1580 1845 1636 1898 δὲ
1663 1847 1720 1897 ὲν
1747 1841 1870 1897 τού-

296 1963 410 2008 τοις
454 1943 738 2014 οἰκονομία
766 1933 988 2010 ἄριστόν
1013 1957 1066 1992 τι
1099 1939 1288 2010 χρῆμα
1323 1939 1416 1992 καὶ
1443 1938 1626 2004 σοφόν.
1678 1935 1739 1987 Εἰ
1773 1934 1871 2003 μὲν

296 2039 406 2109 γάρ
434 2033 503 2109 ἦν
538 2039 598 2090 ἐν
629 2037 743 2099 τοῖς
773 2035 938 2099 ζῶσιν
971 2032 1073 2096 ἔτι,
1106 2031 1201 2084 καὶ
1230 2029 1490 2090 σύνοπλος
1522 2024 1591 2098 ἦν
1620 2029 1742 2089 ταῖς
1769 2025 1869 2078 Νε-

297 2129 518 2202 στορίου
545 2125 900 2198 δυσφημίαις,
929 2125 962 2194 ἢ
983 2121 1365 2193 συναγορεύειν
1391 2120 1582 2192 ἢθελεν
1603 2113 1685 2182 οἷς
1707 2118 1874 2190 ἐγρα-

287 2223 398 2294 ,ψεν
447 2219 634 2284 αὐτὸς,
676 2216 942 2271 πέπονθεν
969 2217 1034 2268 ἂν
1064 2214 1161 2268 καὶ
1190 2213 1280 2267 τὸν
1309 2215 1387 2276 εἰς
1420 2213 1549 2266 ῖδιον
1582 2210 1875 2281 πρόσωπον

298 2311 777 2390 ἀναθεματισμόνδ
832 2307 1051 2378 Ἐπειδὴ
1096 2307 1154 2361 δέ
1191 2305 1513 2377 ἀπεδήμησε
1547 2301 1683 2373 πρὸς
1719 2299 1874 2364 Θεὸν,

300 2408 484 2479 ἀρκεῖ,
517 2402 771 2474 καθάπερ
801 2395 1035 2471 ἐγῷμαι,
1069 2399 1138 2452 τά
1166 2397 1410 2459 ἐκτόπως
1451 2393 1602 2464 αύτῷ
1632 2408 1878 2462 γεγραμ-

307 2497 446 2568 μένα
481 2491 840 2550 ἐκϐάλλεσθαι
868 2491 1021 2562 παρὰ
1056 2488 1166 2541 τῶν
1188 2487 1363 2559 ὀρθῶς
1395 2485 1627 2555 ἐχόντων
1673 2483 1771 2545 τὰς
1795 2481 1880 2534 δό-

305 2589 421 2656 ξας,
468 2587 558 2640 ὅτε
583 2587 704 2648 ταῖς
749 2582 916 2637 αὐτοῦ
957 2579 1417 2653 περιτυγχάνουσι
1450 2575 1672 2644 βίϐλοις,
1696 2574 1790 2627 καὶ
1820 2573 1881 2626 τὸ

307 2678 623 2749 περαιτέρω
641 2676 841 2746 χωρεῖν
863 2672 1108 2744 θορύϐων
1127 2670 1335 2724 ἐσθ’ὅτε
1356 2669 1532 2722 τίκτει
1555 2666 1878 2737 προφάσεις.

307 2768 420 2822 Καὶ
445 2766 568 2821 καθ’
598 2765 784 2836 ἕτερον
809 2764 864 2818 δὲ
891 2762 1092 2834 τρόπον
1125 2757 1661 2831 άναθεματισθεισῶν
1683 2758 1776 2810 καῖ⁵
1799 2758 1884 2809 ἐκ·

309 2858 476 2928 ϐεϐλη
484 2856 658 2927 μένων
677 2855 787 2908 τῶν
801 2852 1098 2923 Νεπορίου
1123 2850 1462 2921 δυσφημιῶν,
1489 2847 1883 2917 συνεκϐέϐλην-

313 2966 403 3004 ται
438 2947 535 3002 καὶ
558 2947 629 3000 τά
659 2947 870 2999 ἐκείνου
911 2944 1173 3013 πλείστην
1208 2943 1400 3013 ἔχοντα
1429 2941 1565 3011 πρὸς
1589 2940 1760 2994 ταῦτα
1789 2937 1886 3008 τὴν

320 3039 664 3108 συγγένειαν.
694 3039 758 3091 Εἰ
805 3038 903 3108 μὲν
945 3033 1037 3090 οὖν
1075 3035 1244 3107 ἔδρων
1288 3034 1448 3089 τοῦτο
1478 3032 1743 3102 ἀμελλητί
1777 3029 1886 3084 τῶν

315 3130 457 3184 κατά
481 3130 582 3200 τὴν
612 3128 753 3200 ἐῲαν
771 3129 936 3194 τινες,
967 3129 1061 3182 καὶ
1077 3127 1267 3181 οὐδένα
1287 3125 1512 3197 θόρυϐον
1540 3121 1609 3196 ἦν
1633 3122 1885 3177 ἐντεῦθεν

315 3223 640 3295 προσδοκᾷν,
678 3220 815 3291 ἔφην
851 3219 939 3282 ἂν,
973 3220 1056 3272 δτι
1101 3220 1162 3272 τδ
1193 3217 1398 3285 λυποῦν
1440 3217 1591 3270 ούδέν
1638 3217 1889 3269 ἀπαιτεῖ-

317 3314 442 3367 σθαι
474 3310 571 3365 νῦν
621 3310 779 3364 τοῦτο
830 3309 924 3362 καὶ
960 3307 1252 3378 ἐγγράφως
1303 3305 1519 3369 αὐτούς.
1573 3305 1635 3358 El
1687 3304 1765 3368 δέ,
1813 3302 1889 3366 ὡς

319 3403 525 3476 γράφει
569 3405 598 3458 ό
635 3401 822 3473 κύριός
874 3417 976 3466 μου
1023 3402 1052 3453 ό
1097 3399 1393 3463 ὁσιώτατος
1442 3398 1741 3460 ἐπίσκοπος
1790 3397 1890 3467 τῆς

329 3495 652 3567 ’Δντιοχέων
701 3494 992 3561 Ἰωάννης,
1033 3491 1241 3545 ἕλοιντο
1286 3491 1353 3545 ἂν
1393 3489 1593 3561 μᾶλλον
1637 3487 1890 3556 γενέσθαι

325 3589 714 3660 πυρίκαυστοι,
736 3586 770 3657 ἢ
793 3583 997 3657 πρᾶξαί
1017 3599 1070 3636 τι
1091 3582 1351 3636 τοιοῦτον·
1373 3581 1462 3635 ῖνα
1482 3581 1534 3634 τί
1559 3577 1733 3650 φλόγα
1757 3596 1891 3633 κατ-

318 3678 682 3734 ευνασθεῖσαν
730 3675 1202 3749 ἀναρριπίζομεν,
1247 3674 1344 3728 καὶ
1382 3673 1766 3742 παυσαμένους
1800 3672 1891 3725 θο-

323 3771 523 3843 ρύϐους
550 3768 994 3840 άνασκαλεύομεν
1030 3767 1131 3820 οὐκ
1155 3764 1449 3836 εὐκαίρως,
1487 3765 1562 3834 μή
1601 3763 1735 3816 ποτέ
1780 3778 1895 3824 πως

319 3865 389 3918 τά
431 3863 638 3934 ἔσχατα
677 3861 896 3933 χείρονα
928 3859 1038 3915 τῶν
1067 3859 1300 3931 πρώτων
1323 3856 1546 3928 εὑρεθῇς
1581 3855 1693 3908 Καὶ
1722 3853 1897 3907 ταῦτά

325 3974 470 4028 φημι
503 3955 709 4025 σφόδρα
744 3954 843 4024 μέν
883 3953 1154 4023 ἐπιτιμῶν
1186 3948 1270 4014 οἷς
1312 3950 1590 4021 γέγραφεν
1633 3950 1662 4001 ὀ
1691 3963 1898 4018 μνημο-

323 4047 534 4110 νευθεὶς
563 4046 858 4116 Θεόδωρος,
904 4043 1256 4116 ὑφορώμενος
1297 4042 1357 4096 δέ
1394 4042 1520 4104 τοὺς
1546 4042 1696 4112 παρά
1737 4056 1898 4093 τινων

326 4141 619 4212 ἐσομένους
649 4140 742 4193 ἐπὶ
771 4137 847 4209 τῷ
879 4139 1167 4210 πράγματι
1197 4135 1459 4207 θορύϐους
1482 4151 1497 4167 ·
1532 4136 1607 4206 μὴ
1640 4134 1748 4204 ἄρα
1783 4149 1899 4196 πως

327 4235 397 4289 τὰ
418 4232 719 4303 Νεστορίου
753 4230 971 4305 θρηνεῖν
991 4229 1261 4302 άρξωνταί
1291 4246 1434 4293 τινες
1458 4226 1902 4297 κατεσκευασμέ-

1967 571 2100 610 vero
2137 553 2283 623 quod
2319 553 2374 608 in
2426 549 2754 619 conscriptis
2784 547 2905 617 ejus
2937 541 3249 600 invenimus
3298 537 3550 609 quazdam

1970 648 2179 703 nefarie
2222 646 2389 709 dicta,
2437 653 2493 699 et
2537 642 2722 697 nimim
2767 639 2928 709 plena
2981 630 3360 703 blasphemiae,
3408 627 3548 683 nulli

1971 743 2202 797 dubium
2235 749 2320 794 est
2353 747 2501 793 recte
2553 732 2903 805 sapientium.
2960 728 3111 785 Sciat
3141 741 3274 780 vero
3307 735 3400 778 tua
3431 736 3551 776 san-

1970 838 2131 892 ctitas
2162 832 2332 902 quod,
2359 830 2567 901 prolata
2598 825 2742 897 apud
2766 833 3009 878 sanctam
3038 817 3306 890 synodum
3341 811 3552 880 exposi-

1971 931 2118 984 tione
2150 928 2220 982 ab
2247 941 2314 981 eo
2339 923 2660 991 composita,
2701 920 2843 973 sicut
2885 915 3143 971 dicebant
3175 910 3267 980 qui
3302 907 3518 978 protule

1972 1031 2122 1084 runt,
2150 1018 2289 1073 nihil
2315 1031 2508 1071 sanum
2530 1013 2788 1073 habente,
2820 1006 3134 1078 reprobavit
3166 1001 3388 1072 quidem
3425 1012 3546 1052 eam

1971 1121 2160 1170 sancta
2186 1109 2449 1182 synodus,
2493 1115 2684 1176 utpote
2706 1100 2979 1173 perversis
3008 1099 3223 1168 plenam
3250 1090 3548 1146 intellecti-

1971 1205 2098 1268 bus,
2129 1212 2185 1259 et
2218 1200 2599 1257 Nestorianam
2640 1194 2975 1265 impietatem
3010 1188 3165 1258 quasi
3206 1185 3544 1240 emuentem.

1971 1297 2069 1352 His
2101 1309 2233 1349 vero
2274 1288 2655 1348 condemnatis
2682 1286 2776 1355 qui
2811 1285 2892 1339 sic
2932 1280 3178 1351 sapiunt,
3214 1275 3419 1331 nullam
3448 1272 3553 1326 viri

1972 1391 2291 1446 memoriam
2317 1387 2521 1442 fecerat
2552 1381 2940 1453 dispensative,
2971 1391 3072 1431 nec
3100 1376 3277 1444 ipsum
3303 1369 3556 1425 nomina-

1973 1483 2071 1536 tim
2096 1477 2431 1534 anathemati
2457 1473 2691 1544 subjecit
2717 1479 2942 1541 propter
2964 1463 3458 1535 dispensationem,
3483 1471 3554 1511 ne

1973 1571 2198 1642 quidam
2239 1568 2306 1624 ad
2339 1565 2802 1622 existimationem
2845 1560 2952 1614 viri
2981 1557 3357 1628 respicientes,
3408 1564 3558 1605 sese-

1974 1665 2124 1734 ipsos
2151 1663 2219 1716 ab
2249 1659 2513 1716 Ecclesiis
2539 1662 2815 1734 separent.
2839 1649 3186 1722 Dispensatio
3213 1660 3344 1700 vero
3377 1646 3432 1697 in
3467 1642 3556 1696 bis

1974 1757 2180 1825 optima
2210 1769 2299 1808 res
2328 1760 2413 1806 est
2440 1758 2496 1805 et
2523 1732 2763 1818 sapiens.
2807 1741 2890 1800 Si'
2913 1742 3060 1799 enim
3097 1740 3280 1794 adhuc
3317 1738 3373 1791 in
3414 1734 3557 1788 vivis

1975 1857 2140 1910 esset,
2176 1855 2232 1902 et
2259 1842 2496 1900 Nestorii
2527 1836 2991 1909 blasphemiarum
3013 1831 3214 1895 fautor,
3233 1836 3328 1883 aut
3353 1825 3558 1880 suffra-

1973 1940 2088 2011 gari
2123 1937 2288 1993 vellet
2310 1935 2378 1990 iis
2409 1948 2530 2004 qua:
2564 1927 2787 2000 scripsit
2813 1927 2950 1996 ipse,
2982 1923 3272 1979 anathema
3295 1919 3460 1973 etiam
3501 1915 3559 1970 in

1972 2031 2194 2103 propria
2224 2042 2462 2100 persona
2491 2024 2770 2082 subiisset.
2800 2018 3071 2086 Quoniam
3099 2028 3233 2069 vero
3265 2011 3332 2065 ad
3385 2010 3558 2064 Deum

1975 2100 2132 2186 abiit,
2169 2119 2391 2184 sufﬁcit,
2430 2126 2492 2173 ut
2516 2132 2619 2188 ego
2641 2125 2796 2186 puto,
2821 2127 2884 2167 ea
2916 2123 3039 2181 qua!
3073 2104 3309 2161 absurde
3335 2101 3405 2155 ab
3441 2100 3561 2169 ipso

1975 2215 2184 2284 scripta
2217 2222 2347 2267 sunt
2394 2211 2548 2282 rejici
2592 2208 2662 2264 ab
2698 2207 2767 2262 iis
2811 2205 2906 2275 qui
2953 2208 3102 2257 recte
3133 2195 3400 2258 sentiunt,
3432 2204 3560 2246 cum

1979 2306 2067 2369 iis,
2118 2305 2212 2374 qui
2260 2304 2317 2358 in
2360 2304 2535 2374 ipsius
2575 2302 2750 2356 libros
2800 2297 3071 2358 incidunt,
3117 2291 3282 2346 etiam
3329 2284 3563 2342 ulterius

1978 2394 2237 2465 progredi
2255 2394 2592 2448 tumultuum
2607 2390 2926 2446 occasiones
2943 2395 3341 2451 nonnunquam
3363 2376 3561 2449 pariat.

1981 2487 2049 2541 Et
2073 2503 2171 2556 per
2187 2488 2354 2541 alium
2379 2501 2511 2540 vero
2533 2483 2755 2538 modum
2785 2475 3265 2545 anathematizatis
3287 2481 3344 2528 et
3373 2469 3566 2541 ejectis

1980 2579 2218 2633 Nestorii
2271 2577 2650 2648 blasphemiis,
2705 2589 2813 2630 una
2859 2586 2986 2626 cum
3029 2569 3114 2624 eis
3140 2567 3314 2638 ejecta
3353 2570 3484 2618 sunt
3510 2568 3568 2615 et

1983 2685 2105 2740 qua:
2143 2670 2293 2724 illius
2325 2678 2474 2734 sunt,
2503 2667 2795 2739 plurimam
2823 2660 3087 2740 habentia
3120 2658 3188 2712 ad
3224 2657 3328 2712 ista
3365 2667 3570 2709 conso-

1985 2761 2251 2816 nantiam.
2297 2760 2365 2814 Et
2395 2760 2442 2814 si
2474 2758 2700 2829 quidam
2753 2757 2861 2810 hoc
2907 2759 3136 2823 agerent
3187 2745 3570 2803 indubitanter

1986 2869 2086 2923 per
2136 2850 2458 2915 Orientem,
2512 2851 2837 2918 nullumque
2877 2853 3030 2901 esset
3087 2841 3384 2896 tumultum
3442 2835 3570 2891 inde

1993 2946 2490 3017 Sperare,dicerem
2510 2942 2702 3012 utique
2727 2939 3070 2994 nullumesse
3087 2930 3566 3003 impedimentum,

1989 3060 2139 3104 nunc
2171 3042 2314 3113 exigi
2328 3055 2425 3096 eos
2453 3036 2692 3092 etiamin
2719 3030 2937 3102 scriptis
2966 3030 3074 3092 hoc
3096 3026 3297 3081 facere.
3325 3021 3384 3077 Si
3413 3035 3569 3082 vero,

1993 3142 2136 3197 sicut
2167 3134 2361 3191 scribit
2386 3129 2644 3187 dominus
2671 3139 2828 3180 meus
2857 3119 3236 3177 sanctissimus
3281 3115 3574 3185 episcopus

1992 3228 2302 3288 Antiochiae
2327 3225 2584 3283 Joannes,
2613 3217 2818 3288 eligant
2859 3214 3051 3282 utique
3077 3207 3250 3279 magis
3285 3199 3570 3264 comburi,

1988 3338 2155 3395 quam
2205 3316 2413 3388 aliquid
2450 3309 2724 3384 ejusmodi
2763 3318 3056 3377 peragere;
3092 3314 3263 3370 quare
3297 3295 3572 3350 ﬂammam

1991 3389 2229 3487 sopitam
2280 3406 2700 3466 resuscilamus,
2757 3399 3085 3466 sedatosque
3149 3389 3418 3447 tumultus
3465 3401 3578 3441 non

1991 3513 2301 3579 opportune
2322 3510 2751 3557 commovemus,
2772 3508 2840 3547 ne
2870 3488 3097 3544 forsitan
3114 3496 3356 3555 unquam
3385 3479 3578 3534 ultima

1991 3574 2185 3673 primis
2206 3597 2392 3668 pejora
2422 3589 2778 3646 inveniantur
2796 3584 2820 3638 ?
2837 3583 2906 3638 Et
2920 3581 3039 3635 hac
3054 3577 3200 3639 dico,
3217 3574 3579 3628 vehementer

1993 3661 2224 3762 quidem
2264 3661 2556 3754 increpans
2607 3694 2731 3750 quae
2772 3673 2993 3745 scripsit
3027 3674 3362 3726 memoratus
3394 3661 3580 3717 Theo-

1995 3759 2186 3846 dorus,
2221 3781 2422 3835 timens
2469 3788 2601 3830 vero
2640 3771 2858 3826 futuros
2896 3782 2927 3821 a
2977 3759 3307 3834 quibusdam
3355 3763 3583 3825 propter

1995 3890 2117 3932 eam
2141 3888 2257 3928 rem
2288 3867 2580 3929 tumultus,
2607 3879 2678 3919 ne
2707 3862 2939 3916 forsitan
2959 3857 3147 3926 aliquo
3174 3849 3339 3908 modo
3367 3863 3430 3902 ea
3461 3858 3584 3916 quae

1995 3964 2238 4023 Nestorii
2278 3968 2430 4025 sunt,
2462 3959 2651 4029 lugere
2702 3951 2925 4023 quidam
2961 3944 3246 4003 coloratim
3292 3937 3582 4008 incipiant,

1999 4053 2304 4111 secundum
2356 4048 2493 4105 illud
2544 4043 2692 4117 quod
2739 4039 2943 4097 alicubi
2974 4054 3012 4117 ιιι
3038 4043 3202 4106 poeta
3246 4030 3457 4086 dictum
3501 4034 3587 4080 est

2000 4144 2145 4216 apud
2177 4141 2336 4212 201
2382 4138 2623 4200 Graecos,
2654 4131 2802 4204 quod
2837 4127 3128 4185 occasione
3169 4119 3407 4179 Patrocli
3455 4131 3588 4172 suas

2003 4209 2348 4292 calami—tates
2375 4237 2721 4297 unaquaeque
2769 4219 3012 4291 lugebat.
3055 4215 3112 4270 Si
3141 4213 3309 4284 igitur
3333 4209 3455 4263 hate
3480 4215 3589 4297 tute

329 4341 457 4389 νως,
486 4296 615 4379 ut"
641 4296 818 4377 ἐκεῖνό
845 4296 950 4375 που
980 4296 1045 4376 rei
1073 4296 1366 4394 εἰρημένον
1397 4320 1476 4392 τῷ
1505 4321 1635 4391 παρ’
1675 4296 1879 4387 Ἐλλησ

2009 4321 2286 4382 sanctitati
2314 4296 2556 4391 placent,
2571 4314 2815 4370 indicare
2833 4306 3098 4380 digneris,
3131 4313 3189 4358 ut
3201 4296 3590 4374 communibus

330 4419 548 4489 ποιητῇ,
579 4415 892 4488 Πάτροκλον
929 4415 1226 4485 πρόφασιν,
1271 4414 1421 4483 σφῶν
1452 4413 1496 4468 δ’
1523 4410 1708 4466 αὐτῶν
1750 4409 1901 4481 κήδε’

328 4509 558 4579 έκάστη.
589 4509 689 4562 Ἂν
713 4507 894 4562 τοίνυν
923 4506 1238 4579 συναρέσκῃ
1261 4505 1436 4560 ταῦτα
1449 4507 1515 4576 τῇ
1538 4507 1606 4575 σῇ
1635 4503 1902 4573 ὁσιότητι,

333 4601 570 4670 μηνῦσαι
598 4598 955 4665 καταξίωσον,
981 4599 1071 4653 ἵνα
1100 4599 1194 4653 καὶ
1220 4597 1384 4668 κοινῷ
1408 4597 1697 4670 γράμματι
1729 4612 1904 4649 κατα-

333 4692 523 4762 παλῇ.
567 4691 802 4746 Δυνατδν
843 4692 953 4763 γάρ
1001 4691 1239 4755 καὶτοῖς
1281 4689 1452 4745 ταῦτα
1495 4691 1755 4760 αἰτήσασι
1805 4689 1904 4759 τὴν

329 4782 645 4854 οἰκονομίαν
693 4784 1082 4856 ἀφηγήσασθαι
1117 4784 1215 4838 τοῦ
1257 4784 1602 4856 πράγματος,
1628 4781 1817 4837 πεῖσαί
1842 4798 1904 4834 τε

331 4876 533 4940 αὐτοὺς
571 4876 799 4948 ἠρεμεῖν
837 4876 1054 4932 ἑλέσθαι
1088 4877 1309 4948 μᾶλλον,
1355 4878 1450 4931 καὶ
1497 4876 1572 4948 μὴ
1608 4873 1905 4928 σκανδάλου

332 4969 607 5040 πρόφασιν
625 4972 748 5034 ταῖς
780 4970 1133 5040 Ἐκκλησίαις
1154 4971 1429 5040 γενέσθαι.
1446 4971 1722 5042 ῐΙέπομφα
1736 4969 1794 5024 δέ
1812 4969 1908 5024 καὶ

330 5059 391 5109 τὸ
423 5058 538 5111 ῖσον
578 5057 688 5112 τῶν
725 5058 1047 5131 γραφέντων
1095 5059 1232 5132 πρὸς
1268 5058 1369 5129 ἐμὲ
1401 5057 1553 5130 παρὰ
1589 5056 1684 5110 τοῦ
1714 5056 1906 5126 κυρίου

2001 4413 2203 4470 litteris
2229 4388 2581 4468 mandentur.
2626 4407 2817 4462 Potest
2841 4391 2990 4457 enim
3031 4396 3197 4453 etiam
3229 4393 3297 4449 iis
3328 4389 3425 4462 qui
3471 4388 3590 4444 hac

2005 4507 2303 4579 petierunt,
2337 4498 2677 4572 dispensatio
2696 4497 2778 4551 rei
2801 4489 3069 4554 enarrari,
3092 4487 3336 4558 ipsisque
3361 4495 3590 4552 persua-

2005 4569 2126 4656 deri
2173 4605 2236 4653 ut
2267 4569 2559 4666 quiescere
2593 4589 2811 4652 malint,
2847 4599 3013 4656 quam
3057 4576 3320 4636 Ecclesiis
3346 4569 3591 4629 scandali

2006 4687 2352 4744 occasionem
2398 4681 2667 4755 praebere.
2702 4677 2822 4732 Misi
2875 4681 3059 4729 autem
3103 4669 3269 4726 etiam
3311 4659 3594 4731 exemplar

2005 4795 2197 4836 eorum
2251 4791 2374 4848 qua:
2418 4791 2449 4830 a
2497 4771 2722 4828 domino
2770 4783 2894 4824 meo
2939 4761 3287 4821 sanctissimo
3332 4755 3596 4826 episeopo

2009 4874 2220 4930 Joanne
2246 4869 2315 4925 ad
2347 4883 2437 4924 me
2469 4866 2674 4936 scripta
2716 4871 2864 4918 sunt.
2893 4857 3052 4926 Quod
3079 4870 3205 4910 cum
3247 4849 3440 4922 legerit
3465 4859 3593 4899 san-

2009 4965 2172 5022 ctitas
2201 4973 2314 5026 tua,
2347 4959 2580 5031 accipiet
2627 4957 2853 5014 omnino
2896 4949 3241 5008 occasionem
3295 4942 3364 4998 ad
3414 4940 3593 5009 ipsum

2011 5065 2415 5128 argumentum.

340 5166 440 5220 μου
470 5150 567 5204 τοῦ
607 5127 904 5207 ὁσιωτάτου
955 5127 1254 5207 ἐπισκόπου
1591 5145 1662 5222 ᾯ
1699 5151 1794 5205 καὶ
1831 5127 2130 5222 ἐντυχοῦσα
2165 5153 2199 5222 ὴ
2229 5149 2294 5223 σὴ
2340 5149 2557 5220 ὁσιότης
2598 5146 2813 5212 δέξεται
2863 5140 3082 5204 πάντως
3139 5129 3420 5204 ὀφθαλμὸν
3459 5135 3487 5165 ³³
3518 5127 3599 5195 εἰς

338 5241 434 5310 τὴν
465 5243 746 5299 ὑπόθεσιν.

1432 5395 1604 5452 Varia:
1636 5396 1898 5454 lectiones
1920 5396 2130 5454 codicis
2160 5394 2528 5467 Seguieriani.

413 5562 456 5595 II
482 5552 920 5627 προενεγκόντες.
1002 5565 1024 5592 υ
1060 5555 1144 5608 ῖσ.
1170 5552 1444 5624 ἀφορμήν.
