  <div class='ocr_page' id='page_1' title='image "/cluster/home/n/w/nwhite01/storage/ocr_20150623/77/pst.000004029045/181.png"; bbox 0 0 4154 6322; ppageno 0'>
   <div class='ocr_carea' id='block_1_1' title="bbox 579 358 679 411">
    <p class='ocr_par' dir='ltr' id='par_1_1' title="bbox 579 358 679 411">
     <span class='ocr_line' id='line_1_1' title="bbox 579 358 679 411; baseline -0.05 0"><span class='ocrx_word' id='word_1_1' title='bbox 579 358 679 411; x_wconf 66' lang='lat' dir='ltr'><strong>Si?</strong></span> 
     </span>
    </p>
   </div>
   <div class='ocr_carea' id='block_1_2' title="bbox 1609 360 3824 422">
    <p class='ocr_par' dir='ltr' id='par_1_2' title="bbox 1609 360 3824 422">
     <span class='ocr_line' id='line_1_2' title="bbox 1609 360 3824 422; baseline 0.003 -9"><span class='ocrx_word' id='word_1_2' title='bbox 1609 364 1662 413; x_wconf 68' lang='lat' dir='ltr'><strong>S.</strong></span> <span class='ocrx_word' id='word_1_3' title='bbox 1704 361 1974 415; x_wconf 65' lang='lat' dir='ltr'><strong>CYIiILLI</strong></span> <span class='ocrx_word' id='word_1_4' title='bbox 2016 360 2483 419; x_wconf 67' lang='lat' dir='ltr'><strong>ALEXANDRINI</strong></span> <span class='ocrx_word' id='word_1_5' title='bbox 2523 366 2835 422; x_wconf 70' lang='lat' dir='ltr'><strong>AltCIIIEI‘.</strong></span> <span class='ocrx_word' id='word_1_6' title='bbox 3714 366 3824 420; x_wconf 63' lang='lat'><strong>34$</strong></span> 
     </span>
    </p>
   </div>
   <div class='ocr_carea' id='block_1_3' title="bbox 2185 526 2253 539">
    <p class='ocr_par' dir='ltr' id='par_1_3' title="bbox 2185 526 2253 539">
     <span class='ocr_line' id='line_1_3' title="bbox 2185 526 2253 539; baseline 0 0"><span class='ocrx_word' id='word_1_7' title='bbox 2185 526 2253 539; x_wconf 68' lang='lat'><strong><em>_</em></strong></span> 
     </span>
    </p>
   </div>
   <div class='ocr_carea' id='block_1_4' title="bbox 1906 607 2513 664">
    <p class='ocr_par' dir='ltr' id='par_1_4' title="bbox 1906 607 2513 664">
     <span class='ocr_line' id='line_1_4' title="bbox 1906 607 2513 664; baseline 0 -3"><span class='ocrx_word' id='word_1_8' title='bbox 1906 607 2240 664; x_wconf 77' lang='lat' dir='ltr'><strong>EPISTULA</strong></span> <span class='ocrx_word' id='word_1_9' title='bbox 2278 608 2513 664; x_wconf 89' lang='lat' dir='ltr'><strong>LXXIII.</strong></span> 
     </span>
    </p>
   </div>
   <div class='ocr_carea' id='block_1_5' title="bbox 1542 720 2856 791">
    <p class='ocr_par' dir='ltr' id='par_1_5' title="bbox 1542 720 2856 791">
     <span class='ocr_line' id='line_1_5' title="bbox 1542 720 2856 791; baseline 0.005 -24"><span class='ocrx_word' id='word_1_10' title='bbox 1542 732 1787 771; x_wconf 63' lang='lat' dir='ltr'><strong>niueum;</strong></span> <span class='ocrx_word' id='word_1_11' title='bbox 1820 733 2054 774; x_wconf 76' lang='lat' dir='ltr'><strong>EPISCOPI</strong></span> <span class='ocrx_word' id='word_1_12' title='bbox 2086 736 2333 777; x_wconf 59' lang='lat' dir='ltr'><strong>massam</strong></span> <span class='ocrx_word' id='word_1_13' title='bbox 2372 739 2438 778; x_wconf 61' lang='lat' dir='ltr'><strong>an</strong></span> <span class='ocrx_word' id='word_1_14' title='bbox 2462 736 2722 778; x_wconf 72' lang='lat' dir='ltr'><strong>CYRILLUM</strong></span> <span class='ocrx_word' id='word_1_15' title='bbox 2759 720 2856 791; x_wconf 83' lang='grc' dir='ltr'><strong>(ι).</strong></span> 
     </span>
    </p>
   </div>
   <div class='ocr_carea' id='block_1_6' title="bbox 574 831 3800 904">
    <p class='ocr_par' dir='ltr' id='par_1_6' title="bbox 574 831 3800 904">
     <span class='ocr_line' id='line_1_6' title="bbox 574 831 3800 904; baseline 0 -17"><span class='ocrx_word' id='word_1_16' title='bbox 574 831 857 898; x_wconf 79' lang='lat' dir='ltr'><strong>Rabbulas,</strong></span> <span class='ocrx_word' id='word_1_17' title='bbox 918 834 1007 903; x_wconf 84' lang='lat' dir='ltr'><strong>qui</strong></span> <span class='ocrx_word' id='word_1_18' title='bbox 1060 834 1179 902; x_wconf 84' lang='lat' dir='ltr'><strong>jam</strong></span> <span class='ocrx_word' id='word_1_19' title='bbox 1230 843 1352 887; x_wconf 79' lang='lat' dir='ltr'><strong>ante</strong></span> <span class='ocrx_word' id='word_1_20' title='bbox 1415 833 1615 904; x_wconf 76' lang='lat' dir='ltr'><strong>aliquot</strong></span> <span class='ocrx_word' id='word_1_21' title='bbox 1675 850 1839 887; x_wconf 78' lang='lat' dir='ltr'><strong>annos</strong></span> <span class='ocrx_word' id='word_1_22' title='bbox 1902 850 2103 889; x_wconf 80' lang='lat' dir='ltr'><strong>errores</strong></span> <span class='ocrx_word' id='word_1_23' title='bbox 2142 834 2393 891; x_wconf 80' lang='lat' dir='ltr'><strong>Theodori</strong></span> <span class='ocrx_word' id='word_1_24' title='bbox 2423 837 3145 900; x_wconf 79' lang='lat' dir='ltr'><strong>anathematizaverat,hanc</strong></span> <span class='ocrx_word' id='word_1_25' title='bbox 3205 836 3601 890; x_wconf 75' lang='lat' dir='ltr'><strong>damnationem</strong></span> <span class='ocrx_word' id='word_1_26' title='bbox 3642 839 3800 890; x_wconf 73' lang='lat' dir='ltr'><strong>itcrat</strong></span> 
     </span>
    </p>
   </div>
   <div class='ocr_carea' id='block_1_7' title="bbox 1150 950 1575 1006">
    <p class='ocr_par' dir='ltr' id='par_1_7' title="bbox 1150 950 1575 1006">
     <span class='ocr_line' id='line_1_7' title="bbox 1150 950 1575 1006; baseline -0.005 0"><span class='ocrx_word' id='word_1_27' title='bbox 1150 950 1307 1006; x_wconf 81' lang='lat' dir='ltr'><strong>Deest</strong></span> <span class='ocrx_word' id='word_1_28' title='bbox 1341 952 1575 1004; x_wconf 85' lang='lat' dir='ltr'><strong>initium.</strong></span> 
     </span>
    </p>
   </div>
   <div class='ocr_carea' id='block_1_8' title="bbox 640 1042 2145 1115">
    <p class='ocr_par' dir='ltr' id='par_1_8' title="bbox 640 1042 2145 1115">
     <span class='ocr_line' id='line_1_8' title="bbox 640 1042 2145 1115; baseline -0.003 -15"><span class='ocrx_word' id='word_1_29' title='bbox 640 1046 758 1100; x_wconf 86' lang='lat' dir='ltr'><strong>Jam</strong></span> <span class='ocrx_word' id='word_1_30' title='bbox 784 1059 914 1100; x_wconf 88' lang='lat' dir='ltr'><strong>vero</strong></span> <span class='ocrx_word' id='word_1_31' title='bbox 940 1043 1161 1115; x_wconf 88' lang='lat' dir='ltr'><strong>quidam</strong></span> <span class='ocrx_word' id='word_1_32' title='bbox 1203 1043 1467 1099; x_wconf 88' lang='lat' dir='ltr'><strong>unitatem</strong></span> <span class='ocrx_word' id='word_1_33' title='bbox 1507 1042 1810 1098; x_wconf 88' lang='lat' dir='ltr'><strong>secundum</strong></span> <span class='ocrx_word' id='word_1_34' title='bbox 1839 1042 2145 1097; x_wconf 86' lang='lat' dir='ltr'><strong>subsisten-</strong></span> 
     </span>
    </p>
   </div>
   <div class='ocr_carea' id='block_1_9' title="bbox 574 1133 2148 1203">
    <p class='ocr_par' dir='ltr' id='par_1_9' title="bbox 574 1133 2148 1203">
     <span class='ocr_line' id='line_1_9' title="bbox 574 1133 2148 1203; baseline -0.003 -11"><span class='ocrx_word' id='word_1_35' title='bbox 574 1137 703 1192; x_wconf 89' lang='lat' dir='ltr'><strong>tiam</strong></span> <span class='ocrx_word' id='word_1_36' title='bbox 733 1137 989 1192; x_wconf 82' lang='lat' dir='ltr'><strong>omnibus</strong></span> <span class='ocrx_word' id='word_1_37' title='bbox 1012 1135 1190 1190; x_wconf 89' lang='lat' dir='ltr'><strong>modis</strong></span> <span class='ocrx_word' id='word_1_38' title='bbox 1216 1136 1492 1190; x_wconf 87' lang='lat' dir='ltr'><strong>abdicant.</strong></span> <span class='ocrx_word' id='word_1_39' title='bbox 1524 1135 1748 1189; x_wconf 82' lang='lat' dir='ltr'><strong>Morbus</strong></span> <span class='ocrx_word' id='word_1_40' title='bbox 1775 1134 1924 1189; x_wconf 91' lang='lat' dir='ltr'><strong>enim</strong></span> <span class='ocrx_word' id='word_1_41' title='bbox 1952 1133 2148 1203; x_wconf 83' lang='lat' dir='ltr'><strong>aliquis</strong></span> 
     </span>
    </p>
   </div>
   <div class='ocr_carea' id='block_1_10' title="bbox 572 1224 2148 1293">
    <p class='ocr_par' dir='ltr' id='par_1_10' title="bbox 572 1224 2148 1293">
     <span class='ocr_line' id='line_1_10' title="bbox 572 1224 2148 1293; baseline -0.003 -11"><span class='ocrx_word' id='word_1_42' title='bbox 572 1230 853 1284; x_wconf 82' lang='lat' dir='ltr'><strong>sublatens</strong></span> <span class='ocrx_word' id='word_1_43' title='bbox 889 1228 1218 1283; x_wconf 72' lang='lat' dir='ltr'><strong>inveteravit</strong></span> <span class='ocrx_word' id='word_1_44' title='bbox 1246 1226 1481 1293; x_wconf 75' lang='lat' dir='ltr'><strong>Orienti,</strong></span> <span class='ocrx_word' id='word_1_45' title='bbox 1527 1226 1948 1281; x_wconf 81' lang='lat' dir='ltr'><strong>immedicabilis</strong></span> <span class='ocrx_word' id='word_1_46' title='bbox 1986 1224 2148 1278; x_wconf 88' lang='lat' dir='ltr'><strong>modo</strong></span> 
     </span>
    </p>
   </div>
   <div class='ocr_carea' id='block_1_11' title="bbox 570 1319 2148 1391">
    <p class='ocr_par' dir='ltr' id='par_1_11' title="bbox 570 1319 2148 1391">
     <span class='ocr_line' id='line_1_11' title="bbox 570 1319 2148 1391; baseline -0.003 -17"><span class='ocrx_word' id='word_1_47' title='bbox 570 1321 816 1375; x_wconf 81' lang='lat' dir='ltr'><strong>vulneris</strong></span> <span class='ocrx_word' id='word_1_48' title='bbox 857 1320 1162 1391; x_wconf 76' lang='lat' dir='ltr'><strong>deposcens</strong></span> <span class='ocrx_word' id='word_1_49' title='bbox 1206 1320 1467 1375; x_wconf 90' lang='lat' dir='ltr'><strong>Ecclesia</strong></span> <span class='ocrx_word' id='word_1_50' title='bbox 1512 1335 1733 1389; x_wconf 90' lang='lat' dir='ltr'><strong>corpus,</strong></span> <span class='ocrx_word' id='word_1_51' title='bbox 1782 1327 1839 1372; x_wconf 92' lang='lat' dir='ltr'><strong>et</strong></span> <span class='ocrx_word' id='word_1_52' title='bbox 1882 1319 2148 1387; x_wconf 87' lang='lat' dir='ltr'><strong>plurimos</strong></span> 
     </span>
    </p>
   </div>
   <div class='ocr_carea' id='block_1_12' title="bbox 570 1410 2146 1483">
    <p class='ocr_par' dir='ltr' id='par_1_12' title="bbox 570 1410 2146 1483">
     <span class='ocr_line' id='line_1_12' title="bbox 570 1410 2146 1483; baseline -0.002 -17"><span class='ocrx_word' id='word_1_53' title='bbox 570 1412 792 1482; x_wconf 88' lang='lat' dir='ltr'><strong>quidem</strong></span> <span class='ocrx_word' id='word_1_54' title='bbox 830 1413 1030 1477; x_wconf 88' lang='lat' dir='ltr'><strong>latens,</strong></span> <span class='ocrx_word' id='word_1_55' title='bbox 1077 1412 1223 1482; x_wconf 91' lang='lat' dir='ltr'><strong>apud</strong></span> <span class='ocrx_word' id='word_1_56' title='bbox 1262 1420 1448 1467; x_wconf 90' lang='lat' dir='ltr'><strong>autem</strong></span> <span class='ocrx_word' id='word_1_57' title='bbox 1472 1413 1630 1483; x_wconf 87' lang='lat' dir='ltr'><strong>quasi</strong></span> <span class='ocrx_word' id='word_1_58' title='bbox 1658 1410 1950 1473; x_wconf 81' lang='lat' dir='ltr'><strong>studiosos,</strong></span> <span class='ocrx_word' id='word_1_59' title='bbox 1976 1419 2146 1465; x_wconf 89' lang='lat' dir='ltr'><strong>etsu-</strong></span> 
     </span>
    </p>
   </div>
   <div class='ocr_carea' id='block_1_13' title="bbox 570 1502 2142 1574">
    <p class='ocr_par' dir='ltr' id='par_1_13' title="bbox 570 1502 2142 1574">
     <span class='ocr_line' id='line_1_13' title="bbox 570 1502 2142 1574; baseline -0.003 -15"><span class='ocrx_word' id='word_1_60' title='bbox 570 1504 798 1574; x_wconf 89' lang='lat' dir='ltr'><strong>percilia</strong></span> <span class='ocrx_word' id='word_1_61' title='bbox 833 1504 1161 1559; x_wconf 80' lang='lat' dir='ltr'><strong>extollentes</strong></span> <span class='ocrx_word' id='word_1_62' title='bbox 1186 1504 1522 1568; x_wconf 84' lang='lat' dir='ltr'><strong>eruditione,</strong></span> <span class='ocrx_word' id='word_1_63' title='bbox 1552 1503 1786 1559; x_wconf 89' lang='lat' dir='ltr'><strong>latenter</strong></span> <span class='ocrx_word' id='word_1_64' title='bbox 1824 1502 2142 1557; x_wconf 88' lang='lat' dir='ltr'><strong>honoratus.</strong></span> 
     </span>
    </p>
   </div>
   <div class='ocr_carea' id='block_1_14' title="bbox 570 1595 2145 1668">
    <p class='ocr_par' dir='ltr' id='par_1_14' title="bbox 570 1595 2145 1668">
     <span class='ocr_line' id='line_1_14' title="bbox 570 1595 2145 1668; baseline -0.001 -15"><span class='ocrx_word' id='word_1_65' title='bbox 570 1599 877 1668; x_wconf 85' lang='lat' dir='ltr'><strong>Episcopus</strong></span> <span class='ocrx_word' id='word_1_66' title='bbox 917 1599 1065 1653; x_wconf 89' lang='lat' dir='ltr'><strong>enim</strong></span> <span class='ocrx_word' id='word_1_67' title='bbox 1110 1597 1331 1668; x_wconf 88' lang='lat' dir='ltr'><strong>quidam</strong></span> <span class='ocrx_word' id='word_1_68' title='bbox 1365 1596 1661 1667; x_wconf 89' lang='lat' dir='ltr'><strong>provincia</strong></span> <span class='ocrx_word' id='word_1_69' title='bbox 1692 1595 1924 1652; x_wconf 87' lang='lat' dir='ltr'><strong>Cilicum</strong></span> <span class='ocrx_word' id='word_1_70' title='bbox 1965 1596 2145 1652; x_wconf 88' lang='lat' dir='ltr'><strong>Theo-</strong></span> 
     </span>
    </p>
   </div>
   <div class='ocr_carea' id='block_1_15' title="bbox 569 1687 2144 1758">
    <p class='ocr_par' dir='ltr' id='par_1_15' title="bbox 569 1687 2144 1758">
     <span class='ocr_line' id='line_1_15' title="bbox 569 1687 2144 1758; baseline -0.001 -14"><span class='ocrx_word' id='word_1_71' title='bbox 569 1690 760 1753; x_wconf 89' lang='lat' dir='ltr'><strong>dorus,</strong></span> <span class='ocrx_word' id='word_1_72' title='bbox 783 1690 869 1745; x_wconf 91' lang='lat' dir='ltr'><strong>vir</strong></span> <span class='ocrx_word' id='word_1_73' title='bbox 892 1689 1213 1746; x_wconf 81' lang='lat' dir='ltr'><strong>verisimilis</strong></span> <span class='ocrx_word' id='word_1_74' title='bbox 1233 1687 1473 1754; x_wconf 82' lang='lat' dir='ltr'><strong>dicendi,</strong></span> <span class='ocrx_word' id='word_1_75' title='bbox 1498 1697 1555 1743; x_wconf 91' lang='lat' dir='ltr'><strong>et</strong></span> <span class='ocrx_word' id='word_1_76' title='bbox 1574 1697 1769 1758; x_wconf 89' lang='lat' dir='ltr'><strong>potens</strong></span> <span class='ocrx_word' id='word_1_77' title='bbox 1790 1688 2144 1758; x_wconf 85' lang='lat' dir='ltr'><strong>persuadere,</strong></span> 
     </span>
    </p>
   </div>
   <div class='ocr_carea' id='block_1_16' title="bbox 568 1765 2148 1853">
    <p class='ocr_par' dir='ltr' id='par_1_16' title="bbox 568 1765 2148 1853">
     <span class='ocr_line' id='line_1_16' title="bbox 568 1765 2148 1853; baseline -0.001 -17"><span class='ocrx_word' id='word_1_78' title='bbox 568 1782 679 1837; x_wconf 89' lang='lat' dir='ltr'><strong>alia</strong></span> <span class='ocrx_word' id='word_1_79' title='bbox 712 1782 935 1853; x_wconf 87' lang='lat' dir='ltr'><strong>quidem</strong></span> <span class='ocrx_word' id='word_1_80' title='bbox 963 1796 1128 1851; x_wconf 84' lang='lat' dir='ltr'><strong>super</strong></span> <span class='ocrx_word' id='word_1_81' title='bbox 1149 1765 1411 1835; x_wconf 44' lang='lat' dir='ltr'><strong>trib&#39;unali</strong></span> <span class='ocrx_word' id='word_1_82' title='bbox 1434 1780 1682 1835; x_wconf 88' lang='lat' dir='ltr'><strong>ecclesia</strong></span> <span class='ocrx_word' id='word_1_83' title='bbox 1714 1780 1899 1835; x_wconf 84' lang='lat' dir='ltr'><strong>statim</strong></span> <span class='ocrx_word' id='word_1_84' title='bbox 1929 1780 2148 1834; x_wconf 88' lang='lat' dir='ltr'><strong>dicebat</strong></span> 
     </span>
    </p>
   </div>
   <div class='ocr_carea' id='block_1_17' title="bbox 567 1869 2145 1944">
    <p class='ocr_par' dir='ltr' id='par_1_17' title="bbox 567 1869 2145 1944">
     <span class='ocr_line' id='line_1_17' title="bbox 567 1869 2145 1944; baseline -0.004 -15"><span class='ocrx_word' id='word_1_85' title='bbox 567 1874 637 1929; x_wconf 89' lang='lat' dir='ltr'><strong>ad</strong></span> <span class='ocrx_word' id='word_1_86' title='bbox 678 1872 864 1944; x_wconf 90' lang='lat' dir='ltr'><strong>populi</strong></span> <span class='ocrx_word' id='word_1_87' title='bbox 906 1872 1257 1943; x_wconf 88' lang='lat' dir='ltr'><strong>placentiam,</strong></span> <span class='ocrx_word' id='word_1_88' title='bbox 1287 1870 1426 1926; x_wconf 86' lang='lat' dir='ltr'><strong>alios</strong></span> <span class='ocrx_word' id='word_1_89' title='bbox 1471 1879 1658 1925; x_wconf 89' lang='lat' dir='ltr'><strong>autem</strong></span> <span class='ocrx_word' id='word_1_90' title='bbox 1696 1870 1921 1940; x_wconf 88' lang='lat' dir='ltr'><strong>laqueos</strong></span> <span class='ocrx_word' id='word_1_91' title='bbox 1959 1869 2145 1940; x_wconf 85' lang='lat' dir='ltr'><strong>perdi-</strong></span> 
     </span>
    </p>
   </div>
   <div class='ocr_carea' id='block_1_18' title="bbox 570 1962 2145 2035">
    <p class='ocr_par' dir='ltr' id='par_1_18' title="bbox 570 1962 2145 2035">
     <span class='ocr_line' id='line_1_18' title="bbox 570 1962 2145 2035; baseline -0.001 -16"><span class='ocrx_word' id='word_1_92' title='bbox 570 1965 734 2021; x_wconf 82' lang='lat' dir='ltr'><strong>tionis</strong></span> <span class='ocrx_word' id='word_1_93' title='bbox 780 1964 836 2020; x_wconf 89' lang='lat' dir='ltr'><strong>in</strong></span> <span class='ocrx_word' id='word_1_94' title='bbox 884 1964 1106 2035; x_wconf 80' lang='lat' dir='ltr'><strong>scriptis</strong></span> <span class='ocrx_word' id='word_1_95' title='bbox 1150 1963 1411 2034; x_wconf 86' lang='lat' dir='ltr'><strong>ponebat,</strong></span> <span class='ocrx_word' id='word_1_96' title='bbox 1458 1962 1553 2033; x_wconf 88' lang='lat' dir='ltr'><strong>qui</strong></span> <span class='ocrx_word' id='word_1_97' title='bbox 1600 1963 1657 2017; x_wconf 92' lang='lat' dir='ltr'><strong>in</strong></span> <span class='ocrx_word' id='word_1_98' title='bbox 1696 1962 1984 2033; x_wconf 87' lang='lat' dir='ltr'><strong>principiis</strong></span> <span class='ocrx_word' id='word_1_99' title='bbox 2008 1978 2145 2033; x_wconf 90' lang='lat' dir='ltr'><strong>quo-</strong></span> 
     </span>
    </p>
   </div>
   <div class='ocr_carea' id='block_1_19' title="bbox 568 2054 2148 2129">
    <p class='ocr_par' dir='ltr' id='par_1_19' title="bbox 568 2054 2148 2129">
     <span class='ocr_line' id='line_1_19' title="bbox 568 2054 2148 2129; baseline -0.001 -18"><span class='ocrx_word' id='word_1_100' title='bbox 568 2056 816 2112; x_wconf 88' lang='lat' dir='ltr'><strong>rumdam</strong></span> <span class='ocrx_word' id='word_1_101' title='bbox 841 2057 961 2129; x_wconf 85' lang='lat' dir='ltr'><strong>ejus</strong></span> <span class='ocrx_word' id='word_1_102' title='bbox 1000 2055 1253 2112; x_wconf 88' lang='lat' dir='ltr'><strong>codicum</strong></span> <span class='ocrx_word' id='word_1_103' title='bbox 1294 2055 1641 2111; x_wconf 85' lang='lat' dir='ltr'><strong>anathemate</strong></span> <span class='ocrx_word' id='word_1_104' title='bbox 1680 2054 2148 2110; x_wconf 90' lang='lat' dir='ltr'><strong>circumcludebat</strong></span> 
     </span>
    </p>
   </div>
   <div class='ocr_carea' id='block_1_20' title="bbox 566 2147 2149 2220">
    <p class='ocr_par' dir='ltr' id='par_1_20' title="bbox 566 2147 2149 2220">
     <span class='ocr_line' id='line_1_20' title="bbox 566 2147 2149 2220; baseline -0.001 -17"><span class='ocrx_word' id='word_1_105' title='bbox 566 2149 952 2220; x_wconf 89' lang='lat' dir='ltr'><strong>inspicientem</strong></span> <span class='ocrx_word' id='word_1_106' title='bbox 981 2165 1092 2205; x_wconf 87' lang='lat' dir='ltr'><strong>non</strong></span> <span class='ocrx_word' id='word_1_107' title='bbox 1122 2149 1472 2204; x_wconf 81' lang='lat' dir='ltr'><strong>manifestare</strong></span> <span class='ocrx_word' id='word_1_108' title='bbox 1495 2149 1620 2203; x_wconf 89' lang='lat' dir='ltr'><strong>aliis</strong></span> <span class='ocrx_word' id='word_1_109' title='bbox 1645 2148 1849 2218; x_wconf 88' lang='lat' dir='ltr'><strong>scripta</strong></span> <span class='ocrx_word' id='word_1_110' title='bbox 1878 2148 2001 2202; x_wconf 88' lang='lat' dir='ltr'><strong>ista.</strong></span> <span class='ocrx_word' id='word_1_111' title='bbox 2028 2147 2149 2202; x_wconf 91' lang='lat' dir='ltr'><strong>Pri-</strong></span> 
     </span>
    </p>
   </div>
   <div class='ocr_carea' id='block_1_21' title="bbox 566 2226 2146 2309">
    <p class='ocr_par' dir='ltr' id='par_1_21' title="bbox 566 2226 2146 2309">
     <span class='ocr_line' id='line_1_21' title="bbox 566 2226 2146 2309; baseline 0.002 -17"><span class='ocrx_word' id='word_1_112' title='bbox 566 2254 717 2293; x_wconf 90' lang='lat' dir='ltr'><strong>mum</strong></span> <span class='ocrx_word' id='word_1_113' title='bbox 742 2240 1017 2309; x_wconf 82' lang='lat' dir='ltr'><strong>exposuit.</strong></span> <span class='ocrx_word' id='word_1_114' title='bbox 1051 2226 1161 2295; x_wconf 81' lang='lat' dir='ltr'><strong>non</strong></span> <span class='ocrx_word' id='word_1_115' title='bbox 1191 2255 1312 2295; x_wconf 89' lang='lat' dir='ltr'><strong>esse</strong></span> <span class='ocrx_word' id='word_1_116' title='bbox 1339 2254 1466 2294; x_wconf 86' lang='lat' dir='ltr'><strong>vere</strong></span> <span class='ocrx_word' id='word_1_117' title='bbox 1509 2239 1607 2294; x_wconf 90' lang='lat' dir='ltr'><strong>Dei</strong></span> <span class='ocrx_word' id='word_1_118' title='bbox 1646 2238 1981 2295; x_wconf 86' lang='lat' dir='ltr'><strong>Genitricem</strong></span> <span class='ocrx_word' id='word_1_119' title='bbox 2022 2255 2146 2295; x_wconf 89' lang='lat' dir='ltr'><strong>san-</strong></span> 
     </span>
    </p>
   </div>
   <div class='ocr_carea' id='block_1_22' title="bbox 2176 950 3827 1015">
    <p class='ocr_par' dir='ltr' id='par_1_22' title="bbox 2176 950 3827 1015">
     <span class='ocr_line' id='line_1_22' title="bbox 2176 950 3827 1015; baseline -0.005 -3"><span class='ocrx_word' id='word_1_120' title='bbox 2176 957 2225 1015; x_wconf 72' lang='grc' dir='ltr'><strong>Λ</strong></span> <span class='ocrx_word' id='word_1_121' title='bbox 2251 962 2337 1010; x_wconf 88' lang='lat' dir='ltr'><strong>est</strong></span> <span class='ocrx_word' id='word_1_122' title='bbox 2377 954 2444 1009; x_wconf 90' lang='lat' dir='ltr'><strong>de</strong></span> <span class='ocrx_word' id='word_1_123' title='bbox 2472 953 2859 1008; x_wconf 86' lang='lat' dir='ltr'><strong>humanatione</strong></span> <span class='ocrx_word' id='word_1_124' title='bbox 2887 968 2900 1005; x_wconf 92' lang='lat'><strong>:</strong></span> <span class='ocrx_word' id='word_1_125' title='bbox 2927 966 3030 1005; x_wconf 88' lang='lat' dir='ltr'><strong>nec</strong></span> <span class='ocrx_word' id='word_1_126' title='bbox 3079 953 3227 1006; x_wconf 89' lang='lat' dir='ltr'><strong>enim</strong></span> <span class='ocrx_word' id='word_1_127' title='bbox 3274 950 3467 1006; x_wconf 91' lang='lat' dir='ltr'><strong>dicunt</strong></span> <span class='ocrx_word' id='word_1_128' title='bbox 3516 951 3827 1006; x_wconf 85' lang='lat' dir='ltr'><strong>secundum</strong></span> 
     </span>
    </p>
   </div>
   <div class='ocr_carea' id='block_1_23' title="bbox 2251 1044 3829 1116">
    <p class='ocr_par' dir='ltr' id='par_1_23' title="bbox 2251 1044 3829 1116">
     <span class='ocr_line' id='line_1_23' title="bbox 2251 1044 3829 1116; baseline -0.003 -13"><span class='ocrx_word' id='word_1_129' title='bbox 2251 1047 2635 1113; x_wconf 86' lang='lat' dir='ltr'><strong>substantiam,</strong></span> <span class='ocrx_word' id='word_1_130' title='bbox 2674 1046 2761 1101; x_wconf 85' lang='lat' dir='ltr'><strong>vel</strong></span> <span class='ocrx_word' id='word_1_131' title='bbox 2800 1045 3103 1101; x_wconf 86' lang='lat' dir='ltr'><strong>secundum</strong></span> <span class='ocrx_word' id='word_1_132' title='bbox 3150 1045 3555 1100; x_wconf 83' lang='lat' dir='ltr'><strong>subsistentiam</strong></span> <span class='ocrx_word' id='word_1_133' title='bbox 3594 1044 3671 1116; x_wconf 71' lang='grc'><strong>(2)</strong></span> <span class='ocrx_word' id='word_1_134' title='bbox 3706 1046 3829 1100; x_wconf 82' lang='grc' dir='ltr'>ιιιιί-</span> 
     </span>
    </p>
   </div>
   <div class='ocr_carea' id='block_1_24' title="bbox 2251 1136 3826 1203">
    <p class='ocr_par' dir='ltr' id='par_1_24' title="bbox 2251 1136 3826 1203">
     <span class='ocr_line' id='line_1_24' title="bbox 2251 1136 3826 1203; baseline -0.002 -9"><span class='ocrx_word' id='word_1_135' title='bbox 2251 1148 2366 1194; x_wconf 86' lang='lat' dir='ltr'><strong>tum</strong></span> <span class='ocrx_word' id='word_1_136' title='bbox 2398 1155 2521 1194; x_wconf 85' lang='lat' dir='ltr'><strong>esse</strong></span> <span class='ocrx_word' id='word_1_137' title='bbox 2550 1140 2661 1194; x_wconf 89' lang='lat' dir='ltr'><strong>Deo</strong></span> <span class='ocrx_word' id='word_1_138' title='bbox 2686 1138 2867 1193; x_wconf 79' lang='lat' dir='ltr'><strong>Verbo</strong></span> <span class='ocrx_word' id='word_1_139' title='bbox 2891 1136 3202 1203; x_wconf 87' lang='lat' dir='ltr'><strong>hominem;</strong></span> <span class='ocrx_word' id='word_1_140' title='bbox 3240 1136 3335 1193; x_wconf 90' lang='lat' dir='ltr'><strong>sed</strong></span> <span class='ocrx_word' id='word_1_141' title='bbox 3365 1137 3508 1192; x_wconf 83' lang='lat' dir='ltr'><strong>bona</strong></span> <span class='ocrx_word' id='word_1_142' title='bbox 3542 1137 3826 1198; x_wconf 83' lang='lat' dir='ltr'><strong>voluntate</strong></span> 
     </span>
    </p>
   </div>
   <div class='ocr_carea' id='block_1_25' title="bbox 2249 1228 3825 1300">
    <p class='ocr_par' dir='ltr' id='par_1_25' title="bbox 2249 1228 3825 1300">
     <span class='ocr_line' id='line_1_25' title="bbox 2249 1228 3825 1300; baseline 0 -17"><span class='ocrx_word' id='word_1_143' title='bbox 2249 1230 2503 1300; x_wconf 88' lang='lat' dir='ltr'><strong>quadam,</strong></span> <span class='ocrx_word' id='word_1_144' title='bbox 2553 1241 2809 1300; x_wconf 81' lang='lat' dir='ltr'><strong>tanquam</strong></span> <span class='ocrx_word' id='word_1_145' title='bbox 2856 1230 3038 1285; x_wconf 90' lang='lat' dir='ltr'><strong>divina</strong></span> <span class='ocrx_word' id='word_1_146' title='bbox 3080 1236 3275 1283; x_wconf 88' lang='lat' dir='ltr'><strong>natura</strong></span> <span class='ocrx_word' id='word_1_147' title='bbox 3326 1244 3436 1283; x_wconf 89' lang='lat' dir='ltr'><strong>non</strong></span> <span class='ocrx_word' id='word_1_148' title='bbox 3483 1228 3825 1299; x_wconf 83' lang='lat' dir='ltr'><strong>suscipiente</strong></span> 
     </span>
    </p>
   </div>
   <div class='ocr_carea' id='block_1_26' title="bbox 2249 1320 3824 1390">
    <p class='ocr_par' dir='ltr' id='par_1_26' title="bbox 2249 1320 3824 1390">
     <span class='ocr_line' id='line_1_26' title="bbox 2249 1320 3824 1390; baseline -0.003 -14"><span class='ocrx_word' id='word_1_149' title='bbox 2249 1323 2483 1376; x_wconf 87' lang='lat' dir='ltr'><strong>alterum</strong></span> <span class='ocrx_word' id='word_1_150' title='bbox 2515 1321 2737 1375; x_wconf 90' lang='lat' dir='ltr'><strong>modum</strong></span> <span class='ocrx_word' id='word_1_151' title='bbox 2756 1321 2982 1375; x_wconf 83' lang='lat' dir='ltr'><strong>unitatis</strong></span> <span class='ocrx_word' id='word_1_152' title='bbox 3004 1328 3234 1390; x_wconf 89' lang='lat' dir='ltr'><strong>propter</strong></span> <span class='ocrx_word' id='word_1_153' title='bbox 3257 1335 3367 1375; x_wconf 90' lang='lat' dir='ltr'><strong>non</strong></span> <span class='ocrx_word' id='word_1_154' title='bbox 3390 1320 3824 1389; x_wconf 89' lang='lat' dir='ltr'><strong>circumscripti-</strong></span> 
     </span>
    </p>
   </div>
   <div class='ocr_carea' id='block_1_27' title="bbox 2248 1410 3822 1469">
    <p class='ocr_par' dir='ltr' id='par_1_27' title="bbox 2248 1410 3822 1469">
     <span class='ocr_line' id='line_1_27' title="bbox 2248 1410 3822 1469; baseline -0.001 -3"><span class='ocrx_word' id='word_1_155' title='bbox 2248 1412 2380 1467; x_wconf 92' lang='lat' dir='ltr'><strong>bile.</strong></span> <span class='ocrx_word' id='word_1_156' title='bbox 2425 1412 2531 1467; x_wconf 89' lang='lat' dir='ltr'><strong>Iste</strong></span> <span class='ocrx_word' id='word_1_157' title='bbox 2578 1420 2634 1467; x_wconf 88' lang='lat' dir='ltr'><strong>et</strong></span> <span class='ocrx_word' id='word_1_158' title='bbox 2658 1412 2952 1467; x_wconf 89' lang='lat' dir='ltr'><strong>Dominum</strong></span> <span class='ocrx_word' id='word_1_159' title='bbox 3003 1422 3256 1467; x_wconf 89' lang='lat' dir='ltr'><strong>nostrum</strong></span> <span class='ocrx_word' id='word_1_160' title='bbox 3304 1412 3489 1467; x_wconf 79' lang='lat' dir='ltr'><strong>Iesum</strong></span> <span class='ocrx_word' id='word_1_161' title='bbox 3536 1410 3822 1469; x_wconf 88' lang='lat' dir='ltr'><strong>Christum</strong></span> 
     </span>
    </p>
   </div>
   <div class='ocr_carea' id='block_1_28' title="bbox 2249 1501 3823 1572">
    <p class='ocr_par' dir='ltr' id='par_1_28' title="bbox 2249 1501 3823 1572">
     <span class='ocr_line' id='line_1_28' title="bbox 2249 1501 3823 1572; baseline 0 -16"><span class='ocrx_word' id='word_1_162' title='bbox 2249 1502 2385 1557; x_wconf 82' lang='lat' dir='ltr'><strong>dixit</strong></span> <span class='ocrx_word' id='word_1_163' title='bbox 2410 1517 2519 1557; x_wconf 91' lang='lat' dir='ltr'><strong>non</strong></span> <span class='ocrx_word' id='word_1_164' title='bbox 2559 1510 2815 1572; x_wconf 88' lang='lat' dir='ltr'><strong>oportere</strong></span> <span class='ocrx_word' id='word_1_165' title='bbox 2837 1501 3053 1557; x_wconf 91' lang='lat' dir='ltr'><strong>adorari</strong></span> <span class='ocrx_word' id='word_1_166' title='bbox 3091 1502 3237 1556; x_wconf 86' lang='lat' dir='ltr'><strong>sicut</strong></span> <span class='ocrx_word' id='word_1_167' title='bbox 3258 1502 3568 1568; x_wconf 89' lang='lat' dir='ltr'><strong>Dominum,</strong></span> <span class='ocrx_word' id='word_1_168' title='bbox 3598 1501 3693 1557; x_wconf 91' lang='lat' dir='ltr'><strong>sed</strong></span> <span class='ocrx_word' id='word_1_169' title='bbox 3732 1516 3823 1556; x_wconf 85' lang='lat' dir='ltr'><strong>re-</strong></span> 
     </span>
    </p>
   </div>
   <div class='ocr_carea' id='block_1_29' title="bbox 2247 1592 3820 1664">
    <p class='ocr_par' dir='ltr' id='par_1_29' title="bbox 2247 1592 3820 1664">
     <span class='ocr_line' id='line_1_29' title="bbox 2247 1592 3820 1664; baseline -0.001 -16"><span class='ocrx_word' id='word_1_170' title='bbox 2247 1594 2449 1649; x_wconf 88' lang='lat' dir='ltr'><strong>latione</strong></span> <span class='ocrx_word' id='word_1_171' title='bbox 2498 1593 2615 1659; x_wconf 92' lang='lat' dir='ltr'><strong>Dei,</strong></span> <span class='ocrx_word' id='word_1_172' title='bbox 2655 1593 2912 1648; x_wconf 88' lang='lat' dir='ltr'><strong>honorari</strong></span> <span class='ocrx_word' id='word_1_173' title='bbox 2963 1592 3104 1649; x_wconf 89' lang='lat' dir='ltr'><strong>sicut</strong></span> <span class='ocrx_word' id='word_1_174' title='bbox 3152 1593 3444 1664; x_wconf 79' lang='lat' dir='ltr'><strong>imaginem</strong></span> <span class='ocrx_word' id='word_1_175' title='bbox 3486 1594 3820 1664; x_wconf 86' lang='lat' dir='ltr'><strong>quamdam;</strong></span> 
     </span>
    </p>
   </div>
   <div class='ocr_carea' id='block_1_30' title="bbox 2247 1684 3827 1756">
    <p class='ocr_par' dir='ltr' id='par_1_30' title="bbox 2247 1684 3827 1756">
     <span class='ocr_line' id='line_1_30' title="bbox 2247 1684 3827 1756; baseline -0.001 -16"><span class='ocrx_word' id='word_1_176' title='bbox 2247 1686 2420 1756; x_wconf 89' lang='lat' dir='ltr'><strong>magis</strong></span> <span class='ocrx_word' id='word_1_177' title='bbox 2440 1693 2624 1740; x_wconf 89' lang='lat' dir='ltr'><strong>autem</strong></span> <span class='ocrx_word' id='word_1_178' title='bbox 2648 1684 2993 1741; x_wconf 82' lang='lat' dir='ltr'><strong>manifestius</strong></span> <span class='ocrx_word' id='word_1_179' title='bbox 3013 1685 3317 1741; x_wconf 89' lang='lat' dir='ltr'><strong>secundum</strong></span> <span class='ocrx_word' id='word_1_180' title='bbox 3336 1700 3432 1741; x_wconf 90' lang='lat' dir='ltr'><strong>eos</strong></span> <span class='ocrx_word' id='word_1_181' title='bbox 3454 1684 3661 1749; x_wconf 87' lang='lat' dir='ltr'><strong>dicere,</strong></span> <span class='ocrx_word' id='word_1_182' title='bbox 3679 1685 3827 1739; x_wconf 87' lang='lat' dir='ltr'><strong>sicut</strong></span> 
     </span>
    </p>
   </div>
   <div class='ocr_carea' id='block_1_31' title="bbox 2248 1778 3827 1849">
    <p class='ocr_par' dir='ltr' id='par_1_31' title="bbox 2248 1778 3827 1849">
     <span class='ocr_line' id='line_1_31' title="bbox 2248 1778 3827 1849; baseline -0.002 -16"><span class='ocrx_word' id='word_1_183' title='bbox 2248 1779 2420 1834; x_wconf 88' lang='lat' dir='ltr'><strong>instar</strong></span> <span class='ocrx_word' id='word_1_184' title='bbox 2443 1779 2650 1849; x_wconf 88' lang='lat' dir='ltr'><strong>aliquid</strong></span> <span class='ocrx_word' id='word_1_185' title='bbox 2680 1779 2946 1834; x_wconf 87' lang='lat' dir='ltr'><strong>relatione</strong></span> <span class='ocrx_word' id='word_1_186' title='bbox 2973 1778 3266 1835; x_wconf 89' lang='lat' dir='ltr'><strong>assidentis</strong></span> <span class='ocrx_word' id='word_1_187' title='bbox 3307 1778 3591 1833; x_wconf 84' lang='lat' dir='ltr'><strong>damonis.</strong></span> <span class='ocrx_word' id='word_1_188' title='bbox 3621 1778 3727 1834; x_wconf 90' lang='lat' dir='ltr'><strong>Iste</strong></span> <span class='ocrx_word' id='word_1_189' title='bbox 3768 1784 3827 1831; x_wconf 89' lang='lat' dir='ltr'><strong>et</strong></span> 
     </span>
    </p>
   </div>
   <div class='ocr_carea' id='block_1_32' title="bbox 2247 1869 3824 1943">
    <p class='ocr_par' dir='ltr' id='par_1_32' title="bbox 2247 1869 3824 1943">
     <span class='ocr_line' id='line_1_32' title="bbox 2247 1869 3824 1943; baseline -0.001 -17"><span class='ocrx_word' id='word_1_190' title='bbox 2247 1886 2468 1926; x_wconf 88' lang='lat' dir='ltr'><strong>carnem</strong></span> <span class='ocrx_word' id='word_1_191' title='bbox 2494 1870 2711 1925; x_wconf 89' lang='lat' dir='ltr'><strong>Domini</strong></span> <span class='ocrx_word' id='word_1_192' title='bbox 2738 1871 3117 1943; x_wconf 84' lang='lat' dir='ltr'><strong>pronuntiavit</strong></span> <span class='ocrx_word' id='word_1_193' title='bbox 3136 1869 3275 1925; x_wconf 88' lang='lat' dir='ltr'><strong>nihil</strong></span> <span class='ocrx_word' id='word_1_194' title='bbox 3293 1870 3517 1925; x_wconf 90' lang='lat' dir='ltr'><strong>omnino</strong></span> <span class='ocrx_word' id='word_1_195' title='bbox 3537 1869 3824 1940; x_wconf 79' lang='lat' dir='ltr'><strong>prodesse,</strong></span> 
     </span>
    </p>
   </div>
   <div class='ocr_carea' id='block_1_33' title="bbox 2248 1956 3831 2033">
    <p class='ocr_par' dir='ltr' id='par_1_33' title="bbox 2248 1956 3831 2033">
     <span class='ocr_line' id='line_1_33' title="bbox 2248 1956 3831 2033; baseline -0.003 -15"><span class='ocrx_word' id='word_1_196' title='bbox 2248 1962 2518 2033; x_wconf 86' lang='lat' dir='ltr'><strong>dissipans</strong></span> <span class='ocrx_word' id='word_1_197' title='bbox 2538 1962 2749 2017; x_wconf 88' lang='lat' dir='ltr'><strong>Domini</strong></span> <span class='ocrx_word' id='word_1_198' title='bbox 2774 1956 2993 2027; x_wconf 86' lang='lat' dir='ltr'><strong>vocem,</strong></span> <span class='ocrx_word' id='word_1_199' title='bbox 3022 1977 3145 2032; x_wconf 85' lang='lat' dir='ltr'><strong>qua</strong></span> <span class='ocrx_word' id='word_1_200' title='bbox 3171 1970 3257 2017; x_wconf 91' lang='lat' dir='ltr'><strong>est</strong></span> <span class='ocrx_word' id='word_1_201' title='bbox 3282 1978 3294 2016; x_wconf 95' lang='lat'>:</span> <span class='ocrx_word' id='word_1_202' title='bbox 3330 1980 3347 2013; x_wconf 81' lang='grc' dir='ltr'><strong>ι</strong></span> <span class='ocrx_word' id='word_1_203' title='bbox 3374 1960 3513 2017; x_wconf 88' lang='lat' dir='ltr'><strong>Caro</strong></span> <span class='ocrx_word' id='word_1_204' title='bbox 3538 1961 3675 2015; x_wconf 90' lang='lat' dir='ltr'><strong>nihil</strong></span> <span class='ocrx_word' id='word_1_205' title='bbox 3699 1975 3831 2031; x_wconf 89' lang='lat' dir='ltr'><strong>pro-</strong></span> 
     </span>
    </p>
   </div>
   <div class='ocr_carea' id='block_1_34' title="bbox 2248 2052 3829 2124">
    <p class='ocr_par' dir='ltr' id='par_1_34' title="bbox 2248 2052 3829 2124">
     <span class='ocr_line' id='line_1_34' title="bbox 2248 2052 3829 2124; baseline -0.003 -13"><span class='ocrx_word' id='word_1_206' title='bbox 2248 2055 2370 2111; x_wconf 87' lang='lat' dir='ltr'><strong>dest</strong></span> <span class='ocrx_word' id='word_1_207' title='bbox 2390 2054 2455 2108; x_wconf 75' lang='lat'><strong>“.</strong></span> <span class='ocrx_word' id='word_1_208' title='bbox 2490 2074 2507 2107; x_wconf 74' lang='grc' dir='ltr'><strong>ι</strong></span> <span class='ocrx_word' id='word_1_209' title='bbox 2553 2054 2659 2110; x_wconf 92' lang='lat' dir='ltr'><strong>Iste</strong></span> <span class='ocrx_word' id='word_1_210' title='bbox 2704 2062 2761 2109; x_wconf 92' lang='lat' dir='ltr'><strong>et</strong></span> <span class='ocrx_word' id='word_1_211' title='bbox 2802 2054 3107 2124; x_wconf 87' lang='lat' dir='ltr'><strong>apostolum</strong></span> <span class='ocrx_word' id='word_1_212' title='bbox 3155 2054 3292 2109; x_wconf 85' lang='lat' dir='ltr'><strong>dicit</strong></span> <span class='ocrx_word' id='word_1_213' title='bbox 3336 2069 3447 2109; x_wconf 92' lang='lat' dir='ltr'><strong>non</strong></span> <span class='ocrx_word' id='word_1_214' title='bbox 3503 2052 3829 2124; x_wconf 74' lang='lat' dir='ltr'><strong>cognovisse</strong></span> 
     </span>
    </p>
   </div>
   <div class='ocr_carea' id='block_1_35' title="bbox 2246 2144 3829 2218">
    <p class='ocr_par' dir='ltr' id='par_1_35' title="bbox 2246 2144 3829 2218">
     <span class='ocr_line' id='line_1_35' title="bbox 2246 2144 3829 2218; baseline -0.001 -16"><span class='ocrx_word' id='word_1_215' title='bbox 2246 2146 2523 2203; x_wconf 88' lang='lat' dir='ltr'><strong>Christum</strong></span> <span class='ocrx_word' id='word_1_216' title='bbox 2551 2146 2696 2218; x_wconf 90' lang='lat' dir='ltr'><strong>quod</strong></span> <span class='ocrx_word' id='word_1_217' title='bbox 2722 2146 2871 2202; x_wconf 88' lang='lat' dir='ltr'><strong>Deus</strong></span> <span class='ocrx_word' id='word_1_218' title='bbox 2892 2155 3034 2212; x_wconf 89' lang='lat' dir='ltr'><strong>erat,</strong></span> <span class='ocrx_word' id='word_1_219' title='bbox 3064 2146 3161 2203; x_wconf 87' lang='lat' dir='ltr'><strong>sed</strong></span> <span class='ocrx_word' id='word_1_220' title='bbox 3191 2161 3358 2217; x_wconf 89' lang='lat' dir='ltr'><strong>supra</strong></span> <span class='ocrx_word' id='word_1_221' title='bbox 3395 2144 3559 2201; x_wconf 91' lang='lat' dir='ltr'><strong>ﬁdem</strong></span> <span class='ocrx_word' id='word_1_222' title='bbox 3584 2160 3707 2215; x_wconf 84' lang='lat' dir='ltr'><strong>qua</strong></span> <span class='ocrx_word' id='word_1_223' title='bbox 3740 2155 3829 2200; x_wconf 89' lang='lat' dir='ltr'><strong>est</strong></span> 
     </span>
    </p>
   </div>
   <div class='ocr_carea' id='block_1_36' title="bbox 2249 2237 3828 2307">
    <p class='ocr_par' dir='ltr' id='par_1_36' title="bbox 2249 2237 3828 2307">
     <span class='ocr_line' id='line_1_36' title="bbox 2249 2237 3828 2307; baseline -0.003 -12"><span class='ocrx_word' id='word_1_224' title='bbox 2249 2240 2304 2295; x_wconf 89' lang='lat' dir='ltr'><strong>in</strong></span> <span class='ocrx_word' id='word_1_225' title='bbox 2330 2239 2573 2304; x_wconf 87' lang='lat' dir='ltr'><strong>homine,</strong></span> <span class='ocrx_word' id='word_1_226' title='bbox 2596 2238 2917 2294; x_wconf 87' lang='lat' dir='ltr'><strong>adiﬁcatam</strong></span> <span class='ocrx_word' id='word_1_227' title='bbox 2945 2253 3065 2294; x_wconf 89' lang='lat' dir='ltr'><strong>esse</strong></span> <span class='ocrx_word' id='word_1_228' title='bbox 3088 2238 3388 2294; x_wconf 85' lang='lat' dir='ltr'><strong>Ecclesiam</strong></span> <span class='ocrx_word' id='word_1_229' title='bbox 3410 2238 3481 2291; x_wconf 73' lang='grc'><strong>⁸⁷,</strong></span> <span class='ocrx_word' id='word_1_230' title='bbox 3514 2238 3591 2292; x_wconf 88' lang='lat' dir='ltr'><strong>De</strong></span> <span class='ocrx_word' id='word_1_231' title='bbox 3616 2237 3828 2307; x_wconf 83' lang='lat' dir='ltr'><strong>gehen-</strong></span> 
     </span>
    </p>
   </div>
   <div class='ocr_carea' id='block_1_37' title="bbox 564 2303 3832 2403">
    <p class='ocr_par' dir='ltr' id='par_1_37' title="bbox 564 2303 3832 2403">
     <span class='ocr_line' id='line_1_37' title="bbox 564 2303 3832 2403; baseline -0.001 -19"><span class='ocrx_word' id='word_1_232' title='bbox 564 2338 709 2385; x_wconf 87' lang='lat' dir='ltr'><strong>ctam</strong></span> <span class='ocrx_word' id='word_1_233' title='bbox 742 2303 1042 2403; x_wconf 73' lang='lat' dir='ltr'><strong>Virginem,</strong></span> <span class='ocrx_word' id='word_1_234' title='bbox 1063 2339 1320 2402; x_wconf 81' lang='lat' dir='ltr'><strong>tanquam</strong></span> <span class='ocrx_word' id='word_1_235' title='bbox 1350 2331 1465 2386; x_wconf 90' lang='lat' dir='ltr'><strong>Deo</strong></span> <span class='ocrx_word' id='word_1_236' title='bbox 1489 2328 1671 2386; x_wconf 78' lang='lat' dir='ltr'><strong>Verbo</strong></span> <span class='ocrx_word' id='word_1_237' title='bbox 1690 2346 1801 2386; x_wconf 90' lang='lat' dir='ltr'><strong>non</strong></span> <span class='ocrx_word' id='word_1_238' title='bbox 1816 2332 2149 2401; x_wconf 87' lang='lat' dir='ltr'><strong>suscipiente</strong></span> <span class='ocrx_word' id='word_1_239' title='bbox 2179 2303 2223 2361; x_wconf 74' lang='grc' dir='ltr'><strong>Β</strong></span> <span class='ocrx_word' id='word_1_240' title='bbox 2253 2345 2325 2385; x_wconf 88' lang='lat' dir='ltr'><strong>na</strong></span> <span class='ocrx_word' id='word_1_241' title='bbox 2357 2330 2451 2385; x_wconf 91' lang='lat' dir='ltr'><strong>hic</strong></span> <span class='ocrx_word' id='word_1_242' title='bbox 2478 2303 2928 2385; x_wconf 89' lang='lat' dir='ltr'><strong>ratiocinationes</strong></span> <span class='ocrx_word' id='word_1_243' title='bbox 2969 2344 3164 2383; x_wconf 89' lang='lat' dir='ltr'><strong>eorum</strong></span> <span class='ocrx_word' id='word_1_244' title='bbox 3211 2343 3324 2384; x_wconf 88' lang='lat' dir='ltr'><strong>non</strong></span> <span class='ocrx_word' id='word_1_245' title='bbox 3369 2337 3454 2383; x_wconf 89' lang='lat' dir='ltr'><strong>est</strong></span> <span class='ocrx_word' id='word_1_246' title='bbox 3502 2303 3682 2382; x_wconf 63' lang='lat' dir='ltr'><strong>tutum</strong></span> <span class='ocrx_word' id='word_1_247' title='bbox 3730 2342 3832 2398; x_wconf 87' lang='lat' dir='ltr'><strong>per</strong></span> 
     </span>
    </p>
   </div>
   <div class='ocr_carea' id='block_1_38' title="bbox 562 2422 2141 2494">
    <p class='ocr_par' dir='ltr' id='par_1_38' title="bbox 562 2422 2141 2494">
     <span class='ocr_line' id='line_1_38' title="bbox 562 2422 2141 2494; baseline 0.001 -17"><span class='ocrx_word' id='word_1_248' title='bbox 562 2424 867 2479; x_wconf 90' lang='lat' dir='ltr'><strong>secundum</strong></span> <span class='ocrx_word' id='word_1_249' title='bbox 888 2437 989 2479; x_wconf 90' lang='lat' dir='ltr'><strong>nos</strong></span> <span class='ocrx_word' id='word_1_250' title='bbox 1010 2424 1374 2479; x_wconf 87' lang='lat' dir='ltr'><strong>nativitatem.</strong></span> <span class='ocrx_word' id='word_1_251' title='bbox 1406 2424 1523 2479; x_wconf 84' lang='lat' dir='ltr'><strong>Hoc</strong></span> <span class='ocrx_word' id='word_1_252' title='bbox 1540 2439 1716 2494; x_wconf 88' lang='lat' dir='ltr'><strong>usque</strong></span> <span class='ocrx_word' id='word_1_253' title='bbox 1741 2422 1923 2479; x_wconf 87' lang='lat' dir='ltr'><strong>adhuc</strong></span> <span class='ocrx_word' id='word_1_254' title='bbox 1943 2422 2141 2491; x_wconf 88' lang='lat' dir='ltr'><strong>latens,</strong></span> 
     </span>
    </p>
   </div>
   <div class='ocr_carea' id='block_1_39' title="bbox 564 2515 2147 2587">
    <p class='ocr_par' dir='ltr' id='par_1_39' title="bbox 564 2515 2147 2587">
     <span class='ocr_line' id='line_1_39' title="bbox 564 2515 2147 2587; baseline -0.001 -18"><span class='ocrx_word' id='word_1_255' title='bbox 564 2530 633 2570; x_wconf 89' lang='lat' dir='ltr'><strong>ne</strong></span> <span class='ocrx_word' id='word_1_256' title='bbox 656 2523 897 2585; x_wconf 89' lang='lat' dir='ltr'><strong>tempore</strong></span> <span class='ocrx_word' id='word_1_257' title='bbox 918 2516 1186 2587; x_wconf 90' lang='lat' dir='ltr'><strong>ampliore</strong></span> <span class='ocrx_word' id='word_1_258' title='bbox 1207 2515 1590 2570; x_wconf 88' lang='lat' dir='ltr'><strong>conﬁrmatum</strong></span> <span class='ocrx_word' id='word_1_259' title='bbox 1614 2515 1812 2571; x_wconf 83' lang='lat' dir='ltr'><strong>fortius</strong></span> <span class='ocrx_word' id='word_1_260' title='bbox 1832 2522 2147 2587; x_wconf 78' lang='lat' dir='ltr'><strong>putaretur.</strong></span> 
     </span>
    </p>
   </div>
   <div class='ocr_carea' id='block_1_40' title="bbox 562 2605 2136 2680">
    <p class='ocr_par' dir='ltr' id='par_1_40' title="bbox 562 2605 2136 2680">
     <span class='ocr_line' id='line_1_40' title="bbox 562 2605 2136 2680; baseline -0.001 -19"><span class='ocrx_word' id='word_1_261' title='bbox 562 2607 864 2662; x_wconf 88' lang='lat' dir='ltr'><strong>secundum</strong></span> <span class='ocrx_word' id='word_1_262' title='bbox 884 2607 1154 2680; x_wconf 80' lang='lat' dir='ltr'><strong>judicium</strong></span> <span class='ocrx_word' id='word_1_263' title='bbox 1176 2607 1273 2662; x_wconf 90' lang='lat' dir='ltr'><strong>Dei</strong></span> <span class='ocrx_word' id='word_1_264' title='bbox 1301 2608 1505 2663; x_wconf 90' lang='lat' dir='ltr'><strong>oblitus</strong></span> <span class='ocrx_word' id='word_1_265' title='bbox 1528 2608 1811 2663; x_wconf 86' lang='lat' dir='ltr'><strong>Nestorius</strong></span> <span class='ocrx_word' id='word_1_266' title='bbox 1831 2623 1987 2663; x_wconf 87' lang='lat' dir='ltr'><strong>nova</strong></span> <span class='ocrx_word' id='word_1_267' title='bbox 2009 2605 2136 2661; x_wconf 85' lang='lat' dir='ltr'><strong>incil</strong></span> 
     </span>
    </p>
   </div>
   <div class='ocr_carea' id='block_1_41' title="bbox 559 2695 2146 2771">
    <p class='ocr_par' dir='ltr' id='par_1_41' title="bbox 559 2695 2146 2771">
     <span class='ocr_line' id='line_1_41' title="bbox 559 2695 2146 2771; baseline -0.001 -16"><span class='ocrx_word' id='word_1_268' title='bbox 559 2699 733 2756; x_wconf 83' lang='lat' dir='ltr'><strong>sionis</strong></span> <span class='ocrx_word' id='word_1_269' title='bbox 753 2708 946 2755; x_wconf 84' lang='lat' dir='ltr'><strong>auctor</strong></span> <span class='ocrx_word' id='word_1_270' title='bbox 961 2699 1283 2770; x_wconf 85' lang='lat' dir='ltr'><strong>publicavit.</strong></span> <span class='ocrx_word' id='word_1_271' title='bbox 1307 2699 1571 2771; x_wconf 85' lang='lat' dir='ltr'><strong>Sequitur</strong></span> <span class='ocrx_word' id='word_1_272' title='bbox 1587 2709 1770 2756; x_wconf 88' lang='lat' dir='ltr'><strong>autem</strong></span> <span class='ocrx_word' id='word_1_273' title='bbox 1792 2700 1899 2758; x_wconf 89' lang='lat' dir='ltr'><strong>hoc</strong></span> <span class='ocrx_word' id='word_1_274' title='bbox 1918 2708 1974 2754; x_wconf 92' lang='lat' dir='ltr'><strong>et</strong></span> <span class='ocrx_word' id='word_1_275' title='bbox 1994 2695 2146 2770; x_wconf 85' lang='lat' dir='ltr'><strong>quod</strong></span> 
     </span>
    </p>
   </div>
   <div class='ocr_carea' id='block_1_42' title="bbox 2254 2417 3833 2490">
    <p class='ocr_par' dir='ltr' id='par_1_42' title="bbox 2254 2417 3833 2490">
     <span class='ocr_line' id='line_1_42' title="bbox 2254 2417 3833 2490; baseline 0 -16"><span class='ocrx_word' id='word_1_276' title='bbox 2254 2420 2467 2475; x_wconf 88' lang='lat' dir='ltr'><strong>litteras</strong></span> <span class='ocrx_word' id='word_1_277' title='bbox 2516 2418 2847 2490; x_wconf 86' lang='lat' dir='ltr'><strong>signiﬁcare.</strong></span> <span class='ocrx_word' id='word_1_278' title='bbox 2902 2418 2996 2473; x_wconf 89' lang='lat' dir='ltr'><strong>Isti</strong></span> <span class='ocrx_word' id='word_1_279' title='bbox 3047 2425 3179 2473; x_wconf 90' lang='lat' dir='ltr'><strong>sunt</strong></span> <span class='ocrx_word' id='word_1_280' title='bbox 3228 2418 3474 2474; x_wconf 90' lang='lat' dir='ltr'><strong>thesauri</strong></span> <span class='ocrx_word' id='word_1_281' title='bbox 3529 2417 3833 2489; x_wconf 81' lang='lat' dir='ltr'><strong>impietatis</strong></span> 
     </span>
    </p>
   </div>
   <div class='ocr_carea' id='block_1_43' title="bbox 2245 2509 3835 2582">
    <p class='ocr_par' dir='ltr' id='par_1_43' title="bbox 2245 2509 3835 2582">
     <span class='ocr_line' id='line_1_43' title="bbox 2245 2509 3835 2582; baseline 0 -16"><span class='ocrx_word' id='word_1_282' title='bbox 2245 2526 2440 2567; x_wconf 85' lang='lat' dir='ltr'><strong>eorum</strong></span> <span class='ocrx_word' id='word_1_283' title='bbox 2492 2510 2695 2582; x_wconf 87' lang='lat' dir='ltr'><strong>quibus</strong></span> <span class='ocrx_word' id='word_1_284' title='bbox 2738 2509 3062 2582; x_wconf 86' lang='lat' dir='ltr'><strong>jamdudum</strong></span> <span class='ocrx_word' id='word_1_285' title='bbox 3115 2510 3352 2566; x_wconf 89' lang='lat' dir='ltr'><strong>latenter</strong></span> <span class='ocrx_word' id='word_1_286' title='bbox 3393 2510 3835 2576; x_wconf 59' lang='lat' dir='ltr'><strong>fruebantur,“</strong></span> 
     </span>
    </p>
   </div>
   <div class='ocr_carea' id='block_1_44' title="bbox 2245 2602 3830 2674">
    <p class='ocr_par' dir='ltr' id='par_1_44' title="bbox 2245 2602 3830 2674">
     <span class='ocr_line' id='line_1_44' title="bbox 2245 2602 3830 2674; baseline -0.001 -16"><span class='ocrx_word' id='word_1_287' title='bbox 2245 2604 2457 2669; x_wconf 89' lang='lat' dir='ltr'><strong>volunt,</strong></span> <span class='ocrx_word' id='word_1_288' title='bbox 2491 2603 2535 2660; x_wconf 88' lang='lat' dir='ltr'><strong>si</strong></span> <span class='ocrx_word' id='word_1_289' title='bbox 2559 2602 2821 2674; x_wconf 89' lang='lat' dir='ltr'><strong>possibile</strong></span> <span class='ocrx_word' id='word_1_290' title='bbox 2846 2610 2952 2667; x_wconf 89' lang='lat' dir='ltr'><strong>est,</strong></span> <span class='ocrx_word' id='word_1_291' title='bbox 2982 2618 3158 2674; x_wconf 86' lang='lat' dir='ltr'><strong>usque</strong></span> <span class='ocrx_word' id='word_1_292' title='bbox 3189 2603 3256 2659; x_wconf 90' lang='lat' dir='ltr'><strong>ad</strong></span> <span class='ocrx_word' id='word_1_293' title='bbox 3287 2602 3450 2659; x_wconf 86' lang='lat' dir='ltr'><strong>ﬁnem</strong></span> <span class='ocrx_word' id='word_1_294' title='bbox 3491 2602 3830 2658; x_wconf 81' lang='lat' dir='ltr'><strong>obumbrare</strong></span> 
     </span>
    </p>
   </div>
   <div class='ocr_carea' id='block_1_45' title="bbox 2248 2695 3070 2766">
    <p class='ocr_par' dir='ltr' id='par_1_45' title="bbox 2248 2695 3070 2766">
     <span class='ocr_line' id='line_1_45' title="bbox 2248 2695 3070 2766; baseline -0.001 -16"><span class='ocrx_word' id='word_1_295' title='bbox 2248 2696 2506 2753; x_wconf 87' lang='lat' dir='ltr'><strong>timentes</strong></span> <span class='ocrx_word' id='word_1_296' title='bbox 2530 2696 2649 2766; x_wconf 91' lang='lat' dir='ltr'><strong>pias</strong></span> <span class='ocrx_word' id='word_1_297' title='bbox 2673 2711 2837 2751; x_wconf 86' lang='lat' dir='ltr'><strong>aures</strong></span> <span class='ocrx_word' id='word_1_298' title='bbox 2864 2695 3070 2766; x_wconf 86' lang='lat' dir='ltr'><strong>populi.</strong></span> 
     </span>
    </p>
   </div>
   <div class='ocr_carea' id='block_1_46' title="bbox 1766 2926 2664 2998">
    <p class='ocr_par' dir='ltr' id='par_1_46' title="bbox 1766 2926 2664 2998">
     <span class='ocr_line' id='line_1_46' title="bbox 1766 2926 2664 2998; baseline -0.002 -16"><span class='ocrx_word' id='word_1_299' title='bbox 1766 2927 2104 2985; x_wconf 81' lang='lat' dir='ltr'><strong>EPISTOLA</strong></span> <span class='ocrx_word' id='word_1_300' title='bbox 2141 2928 2355 2984; x_wconf 80' lang='lat' dir='ltr'><strong>Lxxw</strong></span> <span class='ocrx_word' id='word_1_301' title='bbox 2393 2926 2487 2998; x_wconf 83' lang='grc' dir='ltr'><strong>(οι.</strong></span> <span class='ocrx_word' id='word_1_302' title='bbox 2530 2926 2664 2997; x_wconf 84' lang='lat' dir='ltr'><strong>LV).</strong></span> 
     </span>
    </p>
   </div>
   <div class='ocr_carea' id='block_1_47' title="bbox 1606 3060 2803 3103">
    <p class='ocr_par' dir='ltr' id='par_1_47' title="bbox 1606 3060 2803 3103">
     <span class='ocr_line' id='line_1_47' title="bbox 1606 3060 2803 3103; baseline -0.001 -2"><span class='ocrx_word' id='word_1_303' title='bbox 1606 3062 1814 3103; x_wconf 69' lang='grc' dir='ltr'>οῐκιιιι</span> <span class='ocrx_word' id='word_1_304' title='bbox 1851 3063 1918 3101; x_wconf 71' lang='lat' dir='ltr'><strong>AD</strong></span> <span class='ocrx_word' id='word_1_305' title='bbox 1946 3062 2217 3102; x_wconf 69' lang='lat' dir='ltr'><strong>RABBULAI</strong></span> <span class='ocrx_word' id='word_1_306' title='bbox 2255 3061 2544 3102; x_wconf 76' lang='lat' dir='ltr'><strong>EPIECOPUI</strong></span> <span class='ocrx_word' id='word_1_307' title='bbox 2572 3060 2803 3101; x_wconf 68' lang='lat' dir='ltr'><strong>EDESSE.</strong></span> 
     </span>
    </p>
   </div>
   <div class='ocr_carea' id='block_1_48' title="bbox 1412 3160 2976 3231">
    <p class='ocr_par' dir='ltr' id='par_1_48' title="bbox 1412 3160 2976 3231">
     <span class='ocr_line' id='line_1_48' title="bbox 1412 3160 2976 3231; baseline -0.001 -14"><span class='ocrx_word' id='word_1_308' title='bbox 1412 3162 1543 3230; x_wconf 79' lang='lat' dir='ltr'><strong>Ejus</strong></span> <span class='ocrx_word' id='word_1_309' title='bbox 1569 3162 1827 3231; x_wconf 80' lang='lat' dir='ltr'><strong>feruorem</strong></span> <span class='ocrx_word' id='word_1_310' title='bbox 1854 3163 1910 3215; x_wconf 84' lang='lat' dir='ltr'><strong>in</strong></span> <span class='ocrx_word' id='word_1_311' title='bbox 1931 3178 2092 3217; x_wconf 80' lang='lat' dir='ltr'><strong>causa</strong></span> <span class='ocrx_word' id='word_1_312' title='bbox 2114 3161 2239 3231; x_wconf 77' lang='lat' dir='ltr'><strong>ﬁdei</strong></span> <span class='ocrx_word' id='word_1_313' title='bbox 2271 3163 2453 3218; x_wconf 80' lang='lat' dir='ltr'><strong>multis</strong></span> <span class='ocrx_word' id='word_1_314' title='bbox 2484 3161 2728 3217; x_wconf 76' lang='lat' dir='ltr'><strong>laudibus</strong></span> <span class='ocrx_word' id='word_1_315' title='bbox 2753 3160 2976 3216; x_wconf 74' lang='lat' dir='ltr'><strong>extollit.</strong></span> 
     </span>
    </p>
   </div>
   <div class='ocr_carea' id='block_1_49' title="bbox 637 3270 2142 3341">
    <p class='ocr_par' dir='ltr' id='par_1_49' title="bbox 637 3270 2142 3341">
     <span class='ocr_line' id='line_1_49' title="bbox 637 3270 2142 3341; baseline 0.005 -18"><span class='ocrx_word' id='word_1_316' title='bbox 637 3270 716 3324; x_wconf 85' lang='lat' dir='ltr'><strong>Ad</strong></span> <span class='ocrx_word' id='word_1_317' title='bbox 748 3271 1231 3340; x_wconf 85' lang='lat' dir='ltr'><strong>incomparabilem</strong></span> <span class='ocrx_word' id='word_1_318' title='bbox 1267 3273 1559 3341; x_wconf 85' lang='lat' dir='ltr'><strong>quamdam</strong></span> <span class='ocrx_word' id='word_1_319' title='bbox 1591 3275 1951 3340; x_wconf 82' lang='lat' dir='ltr'><strong>alacritatem,</strong></span> <span class='ocrx_word' id='word_1_320' title='bbox 1992 3285 2047 3331; x_wconf 90' lang='lat' dir='ltr'><strong>et</strong></span> <span class='ocrx_word' id='word_1_321' title='bbox 2075 3276 2142 3331; x_wconf 89' lang='lat' dir='ltr'><strong>ad</strong></span> 
     </span>
    </p>
   </div>
   <div class='ocr_carea' id='block_1_50' title="bbox 564 3363 2144 3440">
    <p class='ocr_par' dir='ltr' id='par_1_50' title="bbox 564 3363 2144 3440">
     <span class='ocr_line' id='line_1_50' title="bbox 564 3363 2144 3440; baseline 0.004 -24"><span class='ocrx_word' id='word_1_322' title='bbox 564 3363 1041 3440; x_wconf 82' lang='lat' dir='ltr'><strong>inexpugnabilem</strong></span> <span class='ocrx_word' id='word_1_323' title='bbox 1067 3363 1457 3420; x_wconf 90' lang='lat' dir='ltr'><strong>conﬁdentiam</strong></span> <span class='ocrx_word' id='word_1_324' title='bbox 1475 3376 1692 3423; x_wconf 89' lang='lat' dir='ltr'><strong>nostras</strong></span> <span class='ocrx_word' id='word_1_325' title='bbox 1711 3369 1918 3423; x_wconf 79' lang='lat' dir='ltr'><strong>excitat</strong></span> <span class='ocrx_word' id='word_1_326' title='bbox 1934 3369 2144 3439; x_wconf 72' lang='lat' dir='ltr'><strong>animas</strong></span> 
     </span>
    </p>
   </div>
   <div class='ocr_carea' id='block_1_51' title="bbox 2250 3274 3829 3346">
    <p class='ocr_par' dir='ltr' id='par_1_51' title="bbox 2250 3274 3829 3346">
     <span class='ocr_line' id='line_1_51' title="bbox 2250 3274 3829 3346; baseline 0.002 -15"><span class='ocrx_word' id='word_1_327' title='bbox 2250 3285 2343 3331; x_wconf 90' lang='lat' dir='ltr'><strong>tua</strong></span> <span class='ocrx_word' id='word_1_328' title='bbox 2370 3275 2649 3346; x_wconf 86' lang='lat' dir='ltr'><strong>splenduit</strong></span> <span class='ocrx_word' id='word_1_329' title='bbox 2676 3274 2958 3340; x_wconf 87' lang='lat' dir='ltr'><strong>sanctitas,</strong></span> <span class='ocrx_word' id='word_1_330' title='bbox 2981 3274 3255 3346; x_wconf 84' lang='lat' dir='ltr'><strong>pracipue</strong></span> <span class='ocrx_word' id='word_1_331' title='bbox 3272 3284 3455 3332; x_wconf 86' lang='lat' dir='ltr'><strong>autem</strong></span> <span class='ocrx_word' id='word_1_332' title='bbox 3476 3276 3660 3343; x_wconf 90' lang='lat' dir='ltr'><strong>modo,</strong></span> <span class='ocrx_word' id='word_1_333' title='bbox 3684 3277 3829 3334; x_wconf 85' lang='lat' dir='ltr'><strong>facta</strong></span> 
     </span>
    </p>
   </div>
   <div class='ocr_carea' id='block_1_52' title="bbox 2250 3366 3820 3425">
    <p class='ocr_par' dir='ltr' id='par_1_52' title="bbox 2250 3366 3820 3425">
     <span class='ocr_line' id='line_1_52' title="bbox 2250 3366 3820 3425; baseline 0 -2"><span class='ocrx_word' id='word_1_334' title='bbox 2250 3369 2509 3424; x_wconf 91' lang='lat' dir='ltr'><strong>omnibus</strong></span> <span class='ocrx_word' id='word_1_335' title='bbox 2558 3366 2927 3423; x_wconf 89' lang='lat' dir='ltr'><strong>Orientalibus</strong></span> <span class='ocrx_word' id='word_1_336' title='bbox 2982 3367 3237 3422; x_wconf 85' lang='lat' dir='ltr'><strong>columna</strong></span> <span class='ocrx_word' id='word_1_337' title='bbox 3298 3375 3355 3423; x_wconf 90' lang='lat' dir='ltr'><strong>et</strong></span> <span class='ocrx_word' id='word_1_338' title='bbox 3405 3366 3820 3425; x_wconf 77' lang='lat' dir='ltr'><strong>fundamentum</strong></span> 
     </span>
    </p>
   </div>
   <div class='ocr_carea' id='block_1_53' title="bbox 563 3456 3829 3555">
    <p class='ocr_par' dir='ltr' id='par_1_53' title="bbox 563 3456 3829 3555">
     <span class='ocr_line' id='line_1_53' title="bbox 563 3456 3829 3555; baseline 0.003 -45"><span class='ocrx_word' id='word_1_339' title='bbox 563 3456 1001 3526; x_wconf 88' lang='lat' dir='ltr'><strong>sapientissimus</strong></span> <span class='ocrx_word' id='word_1_340' title='bbox 1031 3458 1269 3523; x_wconf 89' lang='lat' dir='ltr'><strong>Paulus,</strong></span> <span class='ocrx_word' id='word_1_341' title='bbox 1325 3460 1406 3514; x_wconf 91' lang='lat' dir='ltr'><strong>sic</strong></span> <span class='ocrx_word' id='word_1_342' title='bbox 1450 3461 1700 3515; x_wconf 86' lang='lat' dir='ltr'><strong>scribens</strong></span> <span class='ocrx_word' id='word_1_343' title='bbox 1737 3480 1748 3514; x_wconf 94' lang='lat'>:</span> <span class='ocrx_word' id='word_1_344' title='bbox 1784 3481 1801 3511; x_wconf 82' lang='grc' dir='ltr'><strong>ι</strong></span> <span class='ocrx_word' id='word_1_345' title='bbox 1859 3461 1993 3528; x_wconf 84' lang='lat' dir='ltr'><strong>Quis</strong></span> <span class='ocrx_word' id='word_1_346' title='bbox 2043 3477 2144 3517; x_wconf 91' lang='lat' dir='ltr'><strong>nos</strong></span> <span class='ocrx_word' id='word_1_347' title='bbox 2172 3492 2217 3555; x_wconf 66' lang='grc' dir='ltr'><strong>ρ</strong></span> <span class='ocrx_word' id='word_1_348' title='bbox 2249 3461 2499 3517; x_wconf 87' lang='lat' dir='ltr'><strong>veritatis</strong></span> <span class='ocrx_word' id='word_1_349' title='bbox 2530 3462 2599 3523; x_wconf 84' lang='lat'><strong>&#39;°,</strong></span> <span class='ocrx_word' id='word_1_350' title='bbox 2628 3469 2684 3514; x_wconf 91' lang='lat' dir='ltr'><strong>et</strong></span> <span class='ocrx_word' id='word_1_351' title='bbox 2706 3459 2849 3515; x_wconf 90' lang='lat' dir='ltr'><strong>sicut</strong></span> <span class='ocrx_word' id='word_1_352' title='bbox 2872 3458 3170 3529; x_wconf 89' lang='lat' dir='ltr'><strong>quemdam</strong></span> <span class='ocrx_word' id='word_1_353' title='bbox 3197 3458 3516 3529; x_wconf 87' lang='lat' dir='ltr'><strong>pestiferum</strong></span> <span class='ocrx_word' id='word_1_354' title='bbox 3547 3462 3829 3531; x_wconf 82' lang='lat' dir='ltr'><strong>expellens</strong></span> 
     </span>
    </p>
   </div>
   <div class='ocr_carea' id='block_1_54' title="bbox 563 3550 2145 3626">
    <p class='ocr_par' dir='ltr' id='par_1_54' title="bbox 563 3550 2145 3626">
     <span class='ocr_line' id='line_1_54' title="bbox 563 3550 2145 3626; baseline 0.001 -21"><span class='ocrx_word' id='word_1_355' title='bbox 563 3550 843 3619; x_wconf 83' lang='lat' dir='ltr'><strong>separabit</strong></span> <span class='ocrx_word' id='word_1_356' title='bbox 876 3566 905 3604; x_wconf 90' lang='lat' dir='ltr'><strong>a</strong></span> <span class='ocrx_word' id='word_1_357' title='bbox 929 3550 1199 3606; x_wconf 85' lang='lat' dir='ltr'><strong>charitate</strong></span> <span class='ocrx_word' id='word_1_358' title='bbox 1226 3551 1466 3606; x_wconf 89' lang='lat' dir='ltr'><strong>Christi?</strong></span> <span class='ocrx_word' id='word_1_359' title='bbox 1489 3552 1798 3607; x_wconf 89' lang='lat' dir='ltr'><strong>Tribulatio</strong></span> <span class='ocrx_word' id='word_1_360' title='bbox 1820 3595 1832 3618; x_wconf 96' lang='lat'><strong>,</strong></span> <span class='ocrx_word' id='word_1_361' title='bbox 1871 3570 1939 3607; x_wconf 90' lang='lat' dir='ltr'><strong>an</strong></span> <span class='ocrx_word' id='word_1_362' title='bbox 1971 3570 2145 3626; x_wconf 88' lang='lat' dir='ltr'><strong>angu-</strong></span> 
     </span>
    </p>
   </div>
   <div class='ocr_carea' id='block_1_55' title="bbox 2247 3551 3826 3620">
    <p class='ocr_par' dir='ltr' id='par_1_55' title="bbox 2247 3551 3826 3620">
     <span class='ocr_line' id='line_1_55' title="bbox 2247 3551 3826 3620; baseline 0 -11"><span class='ocrx_word' id='word_1_363' title='bbox 2247 3555 2525 3620; x_wconf 90' lang='lat' dir='ltr'><strong>morbum,</strong></span> <span class='ocrx_word' id='word_1_364' title='bbox 2562 3567 2716 3608; x_wconf 83' lang='lat' dir='ltr'><strong>nova</strong></span> <span class='ocrx_word' id='word_1_365' title='bbox 2765 3562 2820 3607; x_wconf 90' lang='lat' dir='ltr'><strong>et</strong></span> <span class='ocrx_word' id='word_1_366' title='bbox 2858 3551 3241 3608; x_wconf 79' lang='lat' dir='ltr'><strong>abominanda</strong></span> <span class='ocrx_word' id='word_1_367' title='bbox 3284 3552 3554 3608; x_wconf 85' lang='lat' dir='ltr'><strong>hareseos</strong></span> <span class='ocrx_word' id='word_1_368' title='bbox 3585 3553 3826 3609; x_wconf 83' lang='lat' dir='ltr'><strong>Nestorii</strong></span> 
     </span>
    </p>
   </div>
   <div class='ocr_carea' id='block_1_56' title="bbox 563 3641 3827 3717">
    <p class='ocr_par' dir='ltr' id='par_1_56' title="bbox 563 3641 3827 3717">
     <span class='ocr_line' id='line_1_56' title="bbox 563 3641 3827 3717; baseline 0.002 -23"><span class='ocrx_word' id='word_1_369' title='bbox 563 3641 698 3705; x_wconf 85' lang='lat' dir='ltr'><strong>stin,</strong></span> <span class='ocrx_word' id='word_1_370' title='bbox 736 3657 805 3695; x_wconf 89' lang='lat' dir='ltr'><strong>an</strong></span> <span class='ocrx_word' id='word_1_371' title='bbox 849 3642 1193 3710; x_wconf 84' lang='lat' dir='ltr'><strong>persecutio,</strong></span> <span class='ocrx_word' id='word_1_372' title='bbox 1227 3658 1294 3696; x_wconf 89' lang='lat' dir='ltr'><strong>an</strong></span> <span class='ocrx_word' id='word_1_373' title='bbox 1326 3642 1527 3705; x_wconf 87' lang='lat' dir='ltr'><strong>fames,</strong></span> <span class='ocrx_word' id='word_1_374' title='bbox 1563 3660 1629 3697; x_wconf 88' lang='lat' dir='ltr'><strong>an</strong></span> <span class='ocrx_word' id='word_1_375' title='bbox 1666 3643 1914 3708; x_wconf 75' lang='lat' dir='ltr'><strong>auditas,</strong></span> <span class='ocrx_word' id='word_1_376' title='bbox 1954 3661 2021 3699; x_wconf 90' lang='lat' dir='ltr'><strong>an</strong></span> <span class='ocrx_word' id='word_1_377' title='bbox 2055 3660 2149 3715; x_wconf 85' lang='lat' dir='ltr'><strong>pe-</strong></span> <span class='ocrx_word' id='word_1_378' title='bbox 2245 3644 2815 3716; x_wconf 86' lang='lat' dir='ltr'><strong>blasphemiam.Nam</strong></span> <span class='ocrx_word' id='word_1_379' title='bbox 2840 3643 3091 3717; x_wconf 89' lang='lat' dir='ltr'><strong>procedit</strong></span> <span class='ocrx_word' id='word_1_380' title='bbox 3114 3643 3336 3715; x_wconf 88' lang='lat' dir='ltr'><strong>quidem</strong></span> <span class='ocrx_word' id='word_1_381' title='bbox 3350 3659 3417 3699; x_wconf 79' lang='lat' dir='ltr'><strong>ex</strong></span> <span class='ocrx_word' id='word_1_382' title='bbox 3445 3644 3616 3698; x_wconf 88' lang='lat' dir='ltr'><strong>altera</strong></span> <span class='ocrx_word' id='word_1_383' title='bbox 3638 3644 3827 3702; x_wconf 88' lang='lat' dir='ltr'><strong>radice</strong></span> 
     </span>
    </p>
   </div>
   <div class='ocr_carea' id='block_1_57' title="bbox 563 3732 2146 3803">
    <p class='ocr_par' dir='ltr' id='par_1_57' title="bbox 563 3732 2146 3803">
     <span class='ocr_line' id='line_1_57' title="bbox 563 3732 2146 3803; baseline 0.003 -17"><span class='ocrx_word' id='word_1_384' title='bbox 563 3732 829 3794; x_wconf 89' lang='lat' dir='ltr'><strong>riculum,</strong></span> <span class='ocrx_word' id='word_1_385' title='bbox 874 3748 942 3786; x_wconf 89' lang='lat' dir='ltr'><strong>an</strong></span> <span class='ocrx_word' id='word_1_386' title='bbox 993 3733 1207 3803; x_wconf 88' lang='lat' dir='ltr'><strong>gladius</strong></span> <span class='ocrx_word' id='word_1_387' title='bbox 1227 3733 1318 3775; x_wconf 73' lang='lat'><strong>&quot;9</strong></span> <span class='ocrx_word' id='word_1_388' title='bbox 1350 3753 1368 3785; x_wconf 77' lang='grc' dir='ltr'><strong>ι</strong></span> <span class='ocrx_word' id='word_1_389' title='bbox 1416 3734 1563 3789; x_wconf 87' lang='lat' dir='ltr'><strong>Nihil</strong></span> <span class='ocrx_word' id='word_1_390' title='bbox 1603 3736 1750 3789; x_wconf 88' lang='lat' dir='ltr'><strong>enim</strong></span> <span class='ocrx_word' id='word_1_391' title='bbox 1801 3737 2146 3791; x_wconf 88' lang='lat' dir='ltr'><strong>intolerabile</strong></span> 
     </span>
    </p>
   </div>
   <div class='ocr_carea' id='block_1_58' title="bbox 561 3824 2144 3896">
    <p class='ocr_par' dir='ltr' id='par_1_58' title="bbox 561 3824 2144 3896">
     <span class='ocr_line' id='line_1_58' title="bbox 561 3824 2144 3896; baseline 0.003 -17"><span class='ocrx_word' id='word_1_392' title='bbox 561 3832 649 3880; x_wconf 86' lang='lat' dir='ltr'><strong>est</strong></span> <span class='ocrx_word' id='word_1_393' title='bbox 691 3825 773 3879; x_wconf 91' lang='lat' dir='ltr'><strong>eis</strong></span> <span class='ocrx_word' id='word_1_394' title='bbox 824 3826 918 3894; x_wconf 90' lang='lat' dir='ltr'><strong>qui</strong></span> <span class='ocrx_word' id='word_1_395' title='bbox 965 3824 1200 3881; x_wconf 89' lang='lat' dir='ltr'><strong>ﬁrmiter</strong></span> <span class='ocrx_word' id='word_1_396' title='bbox 1267 3826 1414 3896; x_wconf 88' lang='lat' dir='ltr'><strong>apud</strong></span> <span class='ocrx_word' id='word_1_397' title='bbox 1463 3843 1521 3881; x_wconf 86' lang='lat' dir='ltr'><strong>se</strong></span> <span class='ocrx_word' id='word_1_398' title='bbox 1572 3836 1818 3881; x_wconf 88' lang='lat' dir='ltr'><strong>statuunt</strong></span> <span class='ocrx_word' id='word_1_399' title='bbox 1867 3836 2144 3883; x_wconf 87' lang='lat' dir='ltr'><strong>certamen</strong></span> 
     </span>
    </p>
   </div>
   <div class='ocr_carea' id='block_1_59' title="bbox 564 3916 2142 3989">
    <p class='ocr_par' dir='ltr' id='par_1_59' title="bbox 564 3916 2142 3989">
     <span class='ocr_line' id='line_1_59' title="bbox 564 3916 2142 3989; baseline 0.003 -18"><span class='ocrx_word' id='word_1_400' title='bbox 564 3916 690 3971; x_wconf 88' lang='lat' dir='ltr'><strong>ﬁdei</strong></span> <span class='ocrx_word' id='word_1_401' title='bbox 724 3925 962 3981; x_wconf 87' lang='lat' dir='ltr'><strong>certare,</strong></span> <span class='ocrx_word' id='word_1_402' title='bbox 988 3932 1211 3973; x_wconf 89' lang='lat' dir='ltr'><strong>cursum</strong></span> <span class='ocrx_word' id='word_1_403' title='bbox 1232 3917 1522 3989; x_wconf 84' lang='lat' dir='ltr'><strong>perﬁcere,</strong></span> <span class='ocrx_word' id='word_1_404' title='bbox 1549 3920 1711 3975; x_wconf 83' lang='lat' dir='ltr'><strong>fidem</strong></span> <span class='ocrx_word' id='word_1_405' title='bbox 1729 3935 1968 3985; x_wconf 88' lang='lat' dir='ltr'><strong>servare,</strong></span> <span class='ocrx_word' id='word_1_406' title='bbox 1998 3929 2059 3974; x_wconf 91' lang='lat' dir='ltr'><strong>ut</strong></span> <span class='ocrx_word' id='word_1_407' title='bbox 2086 3930 2142 3975; x_wconf 93' lang='lat' dir='ltr'><strong>et</strong></span> 
     </span>
    </p>
   </div>
   <div class='ocr_carea' id='block_1_60' title="bbox 564 4007 2139 4079">
    <p class='ocr_par' dir='ltr' id='par_1_60' title="bbox 564 4007 2139 4079">
     <span class='ocr_line' id='line_1_60' title="bbox 564 4007 2139 4079; baseline 0.004 -18"><span class='ocrx_word' id='word_1_408' title='bbox 564 4007 1004 4079; x_wconf 27' lang='lat' dir='ltr'><strong>incorruptionis.</strong></span> <span class='ocrx_word' id='word_1_409' title='bbox 1036 4019 1353 4065; x_wconf 89' lang='lat' dir='ltr'><strong>mereantur</strong></span> <span class='ocrx_word' id='word_1_410' title='bbox 1401 4027 1658 4067; x_wconf 90' lang='lat' dir='ltr'><strong>coronam</strong></span> <span class='ocrx_word' id='word_1_411' title='bbox 1711 4013 1778 4066; x_wconf 80' lang='lat'><strong>&quot;.</strong></span> <span class='ocrx_word' id='word_1_412' title='bbox 1818 4013 1972 4068; x_wconf 89' lang='lat' dir='ltr'><strong>Sicut</strong></span> <span class='ocrx_word' id='word_1_413' title='bbox 2007 4028 2139 4068; x_wconf 84' lang='lat' dir='ltr'><strong>vero</strong></span> 
     </span>
    </p>
   </div>
   <div class='ocr_carea' id='block_1_61' title="bbox 564 4098 2139 4171">
    <p class='ocr_par' dir='ltr' id='par_1_61' title="bbox 564 4098 2139 4171">
     <span class='ocr_line' id='line_1_61' title="bbox 564 4098 2139 4171; baseline 0.003 -19"><span class='ocrx_word' id='word_1_414' title='bbox 564 4098 832 4154; x_wconf 81' lang='lat' dir='ltr'><strong>sollicitos</strong></span> <span class='ocrx_word' id='word_1_415' title='bbox 857 4098 1064 4169; x_wconf 90' lang='lat' dir='ltr'><strong>optime</strong></span> <span class='ocrx_word' id='word_1_416' title='bbox 1111 4101 1441 4171; x_wconf 84' lang='lat' dir='ltr'><strong>gubernare,</strong></span> <span class='ocrx_word' id='word_1_417' title='bbox 1474 4118 1582 4157; x_wconf 90' lang='lat' dir='ltr'><strong>non</strong></span> <span class='ocrx_word' id='word_1_418' title='bbox 1618 4104 1674 4157; x_wconf 89' lang='lat' dir='ltr'><strong>in</strong></span> <span class='ocrx_word' id='word_1_419' title='bbox 1720 4105 2013 4158; x_wconf 84' lang='lat' dir='ltr'><strong>serenitate</strong></span> <span class='ocrx_word' id='word_1_420' title='bbox 2038 4118 2139 4157; x_wconf 91' lang='lat' dir='ltr'><strong>na-</strong></span> 
     </span>
    </p>
   </div>
   <div class='ocr_carea' id='block_1_62' title="bbox 565 4189 2137 4263">
    <p class='ocr_par' dir='ltr' id='par_1_62' title="bbox 565 4189 2137 4263">
     <span class='ocr_line' id='line_1_62' title="bbox 565 4189 2137 4263; baseline 0.005 -22"><span class='ocrx_word' id='word_1_421' title='bbox 565 4189 768 4259; x_wconf 86' lang='lat' dir='ltr'><strong>vigare,</strong></span> <span class='ocrx_word' id='word_1_422' title='bbox 813 4189 909 4245; x_wconf 91' lang='lat' dir='ltr'><strong>sed</strong></span> <span class='ocrx_word' id='word_1_423' title='bbox 955 4189 1010 4244; x_wconf 92' lang='lat' dir='ltr'><strong>in</strong></span> <span class='ocrx_word' id='word_1_424' title='bbox 1066 4199 1389 4261; x_wconf 87' lang='lat' dir='ltr'><strong>tempestate</strong></span> <span class='ocrx_word' id='word_1_425' title='bbox 1442 4210 1602 4263; x_wconf 87' lang='lat' dir='ltr'><strong>posse</strong></span> <span class='ocrx_word' id='word_1_426' title='bbox 1652 4210 1842 4249; x_wconf 84' lang='lat' dir='ltr'><strong>navem</strong></span> <span class='ocrx_word' id='word_1_427' title='bbox 1896 4210 2137 4258; x_wconf 78' lang='lat' dir='ltr'><strong>servare,</strong></span> 
     </span>
    </p>
   </div>
   <div class='ocr_carea' id='block_1_63' title="bbox 564 4280 2140 4351">
    <p class='ocr_par' dir='ltr' id='par_1_63' title="bbox 564 4280 2140 4351">
     <span class='ocr_line' id='line_1_63' title="bbox 564 4280 2140 4351; baseline 0.005 -16"><span class='ocrx_word' id='word_1_428' title='bbox 564 4280 986 4351; x_wconf 89' lang='lat' dir='ltr'><strong>probatissimos</strong></span> <span class='ocrx_word' id='word_1_429' title='bbox 1012 4283 1256 4339; x_wconf 89' lang='lat' dir='ltr'><strong>declarat</strong></span> <span class='ocrx_word' id='word_1_430' title='bbox 1281 4304 1293 4338; x_wconf 94' lang='lat'>:</span> <span class='ocrx_word' id='word_1_431' title='bbox 1328 4286 1408 4341; x_wconf 92' lang='lat' dir='ltr'><strong>sic</strong></span> <span class='ocrx_word' id='word_1_432' title='bbox 1434 4288 1600 4341; x_wconf 90' lang='lat' dir='ltr'><strong>etiam</strong></span> <span class='ocrx_word' id='word_1_433' title='bbox 1631 4288 1855 4342; x_wconf 89' lang='lat' dir='ltr'><strong>sortitos</strong></span> <span class='ocrx_word' id='word_1_434' title='bbox 1881 4288 2140 4343; x_wconf 87' lang='lat' dir='ltr'><strong>Ecclesiis</strong></span> 
     </span>
    </p>
   </div>
   <div class='ocr_carea' id='block_1_64' title="bbox 563 4374 2140 4443">
    <p class='ocr_par' dir='ltr' id='par_1_64' title="bbox 563 4374 2140 4443">
     <span class='ocr_line' id='line_1_64' title="bbox 563 4374 2140 4443; baseline 0.003 -16"><span class='ocrx_word' id='word_1_435' title='bbox 563 4374 881 4443; x_wconf 88' lang='lat' dir='ltr'><strong>prasidere,</strong></span> <span class='ocrx_word' id='word_1_436' title='bbox 926 4391 1035 4430; x_wconf 92' lang='lat' dir='ltr'><strong>non</strong></span> <span class='ocrx_word' id='word_1_437' title='bbox 1074 4378 1391 4433; x_wconf 85' lang='lat' dir='ltr'><strong>omnimodo</strong></span> <span class='ocrx_word' id='word_1_438' title='bbox 1427 4396 1613 4434; x_wconf 90' lang='lat' dir='ltr'><strong>rerum</strong></span> <span class='ocrx_word' id='word_1_439' title='bbox 1652 4380 1923 4435; x_wconf 89' lang='lat' dir='ltr'><strong>serenitas</strong></span> <span class='ocrx_word' id='word_1_440' title='bbox 1962 4379 2140 4433; x_wconf 89' lang='lat' dir='ltr'><strong>claros</strong></span> 
     </span>
    </p>
   </div>
   <div class='ocr_carea' id='block_1_65' title="bbox 564 4465 2137 4540">
    <p class='ocr_par' dir='ltr' id='par_1_65' title="bbox 564 4465 2137 4540">
     <span class='ocr_line' id='line_1_65' title="bbox 564 4465 2137 4540; baseline 0.004 -21"><span class='ocrx_word' id='word_1_441' title='bbox 564 4465 938 4534; x_wconf 77' lang='lat' dir='ltr'><strong>demonstrat;</strong></span> <span class='ocrx_word' id='word_1_442' title='bbox 974 4469 1144 4540; x_wconf 90' lang='lat' dir='ltr'><strong>magis</strong></span> <span class='ocrx_word' id='word_1_443' title='bbox 1172 4485 1304 4525; x_wconf 90' lang='lat' dir='ltr'><strong>vero</strong></span> <span class='ocrx_word' id='word_1_444' title='bbox 1334 4471 1559 4526; x_wconf 90' lang='lat' dir='ltr'><strong>solertia</strong></span> <span class='ocrx_word' id='word_1_445' title='bbox 1582 4472 1635 4525; x_wconf 93' lang='lat' dir='ltr'><strong>in</strong></span> <span class='ocrx_word' id='word_1_446' title='bbox 1663 4470 2137 4535; x_wconf 88' lang='lat' dir='ltr'><strong>tribulationibus,</strong></span> 
     </span>
    </p>
   </div>
   <div class='ocr_carea' id='block_1_66' title="bbox 564 4556 2139 4631">
    <p class='ocr_par' dir='ltr' id='par_1_66' title="bbox 564 4556 2139 4631">
     <span class='ocr_line' id='line_1_66' title="bbox 564 4556 2139 4631; baseline 0.003 -20"><span class='ocrx_word' id='word_1_447' title='bbox 564 4574 621 4612; x_wconf 74' lang='lat' dir='ltr'><strong>et</strong></span> <span class='ocrx_word' id='word_1_448' title='bbox 650 4556 933 4622; x_wconf 83' lang='lat' dir='ltr'><strong>fortitudo,</strong></span> <span class='ocrx_word' id='word_1_449' title='bbox 965 4569 1021 4617; x_wconf 90' lang='lat' dir='ltr'><strong>et</strong></span> <span class='ocrx_word' id='word_1_450' title='bbox 1062 4562 1348 4631; x_wconf 88' lang='lat' dir='ltr'><strong>patientia,</strong></span> <span class='ocrx_word' id='word_1_451' title='bbox 1391 4573 1446 4617; x_wconf 89' lang='lat' dir='ltr'><strong>et</strong></span> <span class='ocrx_word' id='word_1_452' title='bbox 1498 4564 1716 4618; x_wconf 86' lang='lat' dir='ltr'><strong>fortiter</strong></span> <span class='ocrx_word' id='word_1_453' title='bbox 1763 4562 2025 4618; x_wconf 88' lang='lat' dir='ltr'><strong>resistere</strong></span> <span class='ocrx_word' id='word_1_454' title='bbox 2056 4562 2139 4616; x_wconf 91' lang='lat' dir='ltr'><strong>in-</strong></span> 
     </span>
    </p>
   </div>
   <div class='ocr_carea' id='block_1_67' title="bbox 2245 3736 3830 3812">
    <p class='ocr_par' dir='ltr' id='par_1_67' title="bbox 2245 3736 3830 3812">
     <span class='ocr_line' id='line_1_67' title="bbox 2245 3736 3830 3812; baseline 0 -19"><span class='ocrx_word' id='word_1_455' title='bbox 2245 3741 2416 3812; x_wconf 87' lang='lat' dir='ltr'><strong>(illius</strong></span> <span class='ocrx_word' id='word_1_456' title='bbox 2436 3738 2559 3793; x_wconf 92' lang='lat' dir='ltr'><strong>dico</strong></span> <span class='ocrx_word' id='word_1_457' title='bbox 2594 3738 2689 3808; x_wconf 89' lang='lat' dir='ltr'><strong>qui</strong></span> <span class='ocrx_word' id='word_1_458' title='bbox 2724 3737 2791 3792; x_wconf 91' lang='lat' dir='ltr'><strong>de</strong></span> <span class='ocrx_word' id='word_1_459' title='bbox 2825 3736 3018 3793; x_wconf 90' lang='lat' dir='ltr'><strong>Cilicia</strong></span> <span class='ocrx_word' id='word_1_460' title='bbox 3046 3736 3189 3807; x_wconf 90' lang='lat' dir='ltr'><strong>erat)</strong></span> <span class='ocrx_word' id='word_1_461' title='bbox 3216 3737 3319 3792; x_wconf 89' lang='lat' dir='ltr'><strong>ista</strong></span> <span class='ocrx_word' id='word_1_462' title='bbox 3348 3736 3602 3807; x_wconf 85' lang='lat' dir='ltr'><strong>impietas</strong></span> <span class='ocrx_word' id='word_1_463' title='bbox 3637 3755 3649 3790; x_wconf 90' lang='lat'>:</span> <span class='ocrx_word' id='word_1_464' title='bbox 3679 3739 3830 3793; x_wconf 90' lang='lat' dir='ltr'><strong>arbi-</strong></span> 
     </span>
    </p>
   </div>
   <div class='ocr_carea' id='block_1_68' title="bbox 2242 3828 3825 3901">
    <p class='ocr_par' dir='ltr' id='par_1_68' title="bbox 2242 3828 3825 3901">
     <span class='ocr_line' id='line_1_68' title="bbox 2242 3828 3825 3901; baseline -0.001 -16"><span class='ocrx_word' id='word_1_465' title='bbox 2242 3840 2418 3886; x_wconf 89' lang='lat' dir='ltr'><strong>tratus</strong></span> <span class='ocrx_word' id='word_1_466' title='bbox 2448 3846 2580 3885; x_wconf 88' lang='lat' dir='ltr'><strong>vero</strong></span> <span class='ocrx_word' id='word_1_467' title='bbox 2607 3837 2712 3897; x_wconf 84' lang='lat' dir='ltr'><strong>est,</strong></span> <span class='ocrx_word' id='word_1_468' title='bbox 2750 3828 2898 3900; x_wconf 87' lang='lat' dir='ltr'><strong>quod</strong></span> <span class='ocrx_word' id='word_1_469' title='bbox 2930 3828 3144 3883; x_wconf 89' lang='lat' dir='ltr'><strong>tenebit</strong></span> <span class='ocrx_word' id='word_1_470' title='bbox 3169 3829 3362 3883; x_wconf 89' lang='lat' dir='ltr'><strong>orbem</strong></span> <span class='ocrx_word' id='word_1_471' title='bbox 3392 3839 3661 3885; x_wconf 89' lang='lat' dir='ltr'><strong>terrarum</strong></span> <span class='ocrx_word' id='word_1_472' title='bbox 3693 3846 3825 3901; x_wconf 87' lang='lat' dir='ltr'><strong>pro-</strong></span> 
     </span>
    </p>
   </div>
   <div class='ocr_carea' id='block_1_69' title="bbox 2245 3920 3826 3994">
    <p class='ocr_par' dir='ltr' id='par_1_69' title="bbox 2245 3920 3826 3994">
     <span class='ocr_line' id='line_1_69' title="bbox 2245 3920 3826 3994; baseline -0.002 -16"><span class='ocrx_word' id='word_1_473' title='bbox 2245 3931 2367 3994; x_wconf 88' lang='lat' dir='ltr'><strong>pter</strong></span> <span class='ocrx_word' id='word_1_474' title='bbox 2397 3922 2699 3993; x_wconf 88' lang='lat' dir='ltr'><strong>potentiam</strong></span> <span class='ocrx_word' id='word_1_475' title='bbox 2726 3921 2913 3977; x_wconf 88' lang='lat' dir='ltr'><strong>nescio</strong></span> <span class='ocrx_word' id='word_1_476' title='bbox 2951 3920 3229 3991; x_wconf 91' lang='lat' dir='ltr'><strong>quomodo</strong></span> <span class='ocrx_word' id='word_1_477' title='bbox 3258 3921 3336 3975; x_wconf 90' lang='lat' dir='ltr'><strong>illi</strong></span> <span class='ocrx_word' id='word_1_478' title='bbox 3375 3921 3576 3976; x_wconf 91' lang='lat' dir='ltr'><strong>datam.</strong></span> <span class='ocrx_word' id='word_1_479' title='bbox 3621 3923 3826 3993; x_wconf 81' lang='lat' dir='ltr'><strong>Rapuit</strong></span> 
     </span>
    </p>
   </div>
   <div class='ocr_carea' id='block_1_70' title="bbox 2244 4015 3824 4080">
    <p class='ocr_par' dir='ltr' id='par_1_70' title="bbox 2244 4015 3824 4080">
     <span class='ocr_line' id='line_1_70' title="bbox 2244 4015 3824 4080; baseline -0.002 -8"><span class='ocrx_word' id='word_1_480' title='bbox 2244 4017 2390 4073; x_wconf 87' lang='lat' dir='ltr'><strong>enim</strong></span> <span class='ocrx_word' id='word_1_481' title='bbox 2422 4016 2609 4071; x_wconf 87' lang='lat' dir='ltr'><strong>sedem</strong></span> <span class='ocrx_word' id='word_1_482' title='bbox 2631 4015 3005 4080; x_wconf 85' lang='lat' dir='ltr'><strong>fortissimam,</strong></span> <span class='ocrx_word' id='word_1_483' title='bbox 3036 4025 3093 4070; x_wconf 88' lang='lat' dir='ltr'><strong>et</strong></span> <span class='ocrx_word' id='word_1_484' title='bbox 3115 4015 3293 4071; x_wconf 89' lang='lat' dir='ltr'><strong>factus</strong></span> <span class='ocrx_word' id='word_1_485' title='bbox 3307 4023 3391 4072; x_wconf 88' lang='lat' dir='ltr'><strong>est</strong></span> <span class='ocrx_word' id='word_1_486' title='bbox 3418 4016 3575 4071; x_wconf 91' lang='lat' dir='ltr'><strong>cibus</strong></span> <span class='ocrx_word' id='word_1_487' title='bbox 3597 4015 3824 4071; x_wconf 85' lang='lat' dir='ltr'><strong>draconi</strong></span> 
     </span>
    </p>
   </div>
   <div class='ocr_carea' id='block_1_71' title="bbox 2246 4107 3823 4179">
    <p class='ocr_par' dir='ltr' id='par_1_71' title="bbox 2246 4107 3823 4179">
     <span class='ocr_line' id='line_1_71' title="bbox 2246 4107 3823 4179; baseline 0 -16"><span class='ocrx_word' id='word_1_488' title='bbox 2246 4109 2419 4163; x_wconf 84' lang='lat' dir='ltr'><strong>multa</strong></span> <span class='ocrx_word' id='word_1_489' title='bbox 2446 4108 2623 4179; x_wconf 89' lang='lat' dir='ltr'><strong>capita</strong></span> <span class='ocrx_word' id='word_1_490' title='bbox 2654 4107 2877 4163; x_wconf 88' lang='lat' dir='ltr'><strong>habenti</strong></span> <span class='ocrx_word' id='word_1_491' title='bbox 2905 4125 2917 4161; x_wconf 88' lang='lat'><strong>:</strong></span> <span class='ocrx_word' id='word_1_492' title='bbox 2951 4108 3193 4178; x_wconf 87' lang='lat' dir='ltr'><strong>speravit</strong></span> <span class='ocrx_word' id='word_1_493' title='bbox 3218 4124 3351 4164; x_wconf 89' lang='lat' dir='ltr'><strong>vero</strong></span> <span class='ocrx_word' id='word_1_494' title='bbox 3371 4109 3535 4163; x_wconf 89' lang='lat' dir='ltr'><strong>etiam</strong></span> <span class='ocrx_word' id='word_1_495' title='bbox 3558 4109 3674 4179; x_wconf 89' lang='lat' dir='ltr'><strong>ipse</strong></span> <span class='ocrx_word' id='word_1_496' title='bbox 3694 4124 3823 4164; x_wconf 80' lang='lat' dir='ltr'><strong>san-</strong></span> 
     </span>
    </p>
   </div>
   <div class='ocr_carea' id='block_1_72' title="bbox 2247 4198 3821 4270">
    <p class='ocr_par' dir='ltr' id='par_1_72' title="bbox 2247 4198 3821 4270">
     <span class='ocr_line' id='line_1_72' title="bbox 2247 4198 3821 4270; baseline -0.003 -14"><span class='ocrx_word' id='word_1_497' title='bbox 2247 4208 2360 4256; x_wconf 87' lang='lat' dir='ltr'><strong>ctas</strong></span> <span class='ocrx_word' id='word_1_498' title='bbox 2407 4200 2505 4255; x_wconf 89' lang='lat' dir='ltr'><strong>Dei</strong></span> <span class='ocrx_word' id='word_1_499' title='bbox 2556 4199 2830 4256; x_wconf 88' lang='lat' dir='ltr'><strong>Ecclesias</strong></span> <span class='ocrx_word' id='word_1_500' title='bbox 2871 4198 3156 4263; x_wconf 89' lang='lat' dir='ltr'><strong>devorare,</strong></span> <span class='ocrx_word' id='word_1_501' title='bbox 3185 4206 3242 4253; x_wconf 85' lang='lat' dir='ltr'><strong>et</strong></span> <span class='ocrx_word' id='word_1_502' title='bbox 3277 4214 3468 4254; x_wconf 90' lang='lat' dir='ltr'><strong>omnes</strong></span> <span class='ocrx_word' id='word_1_503' title='bbox 3512 4200 3821 4270; x_wconf 84' lang='lat' dir='ltr'><strong>apprehen-</strong></span> 
     </span>
    </p>
   </div>
   <div class='ocr_carea' id='block_1_73' title="bbox 2246 4292 3821 4362">
    <p class='ocr_par' dir='ltr' id='par_1_73' title="bbox 2246 4292 3821 4362">
     <span class='ocr_line' id='line_1_73' title="bbox 2246 4292 3821 4362; baseline -0.004 -12"><span class='ocrx_word' id='word_1_504' title='bbox 2246 4293 2377 4349; x_wconf 89' lang='lat' dir='ltr'><strong>dere</strong></span> <span class='ocrx_word' id='word_1_505' title='bbox 2415 4293 2457 4325; x_wconf 80' lang='lat'>&#39;”</span> <span class='ocrx_word' id='word_1_506' title='bbox 2498 4311 2509 4345; x_wconf 88' lang='lat'><strong>:</strong></span> <span class='ocrx_word' id='word_1_507' title='bbox 2553 4302 2610 4347; x_wconf 89' lang='lat' dir='ltr'><strong>et</strong></span> <span class='ocrx_word' id='word_1_508' title='bbox 2651 4292 2757 4348; x_wconf 91' lang='lat' dir='ltr'><strong>nisi</strong></span> <span class='ocrx_word' id='word_1_509' title='bbox 2802 4309 2902 4348; x_wconf 89' lang='lat' dir='ltr'><strong>nos</strong></span> <span class='ocrx_word' id='word_1_510' title='bbox 2945 4294 3211 4349; x_wconf 88' lang='lat' dir='ltr'><strong>salvasset</strong></span> <span class='ocrx_word' id='word_1_511' title='bbox 3260 4292 3406 4347; x_wconf 89' lang='lat' dir='ltr'><strong>Deus</strong></span> <span class='ocrx_word' id='word_1_512' title='bbox 3450 4292 3821 4362; x_wconf 82' lang='lat' dir='ltr'><strong>omnipotens.</strong></span> 
     </span>
    </p>
   </div>
   <div class='ocr_carea' id='block_1_74' title="bbox 2245 4383 3825 4456">
    <p class='ocr_par' dir='ltr' id='par_1_74' title="bbox 2245 4383 3825 4456">
     <span class='ocr_line' id='line_1_74' title="bbox 2245 4383 3825 4456; baseline -0.002 -16"><span class='ocrx_word' id='word_1_513' title='bbox 2245 4385 2621 4456; x_wconf 72' lang='lat' dir='ltr'><strong>prav&#39;aluisset</strong></span> <span class='ocrx_word' id='word_1_514' title='bbox 2662 4385 2873 4455; x_wconf 88' lang='lat' dir='ltr'><strong>utique,</strong></span> <span class='ocrx_word' id='word_1_515' title='bbox 2908 4392 3171 4456; x_wconf 88' lang='lat' dir='ltr'><strong>quantum</strong></span> <span class='ocrx_word' id='word_1_516' title='bbox 3217 4383 3285 4439; x_wconf 93' lang='lat' dir='ltr'><strong>ad</strong></span> <span class='ocrx_word' id='word_1_517' title='bbox 3328 4384 3625 4455; x_wconf 87' lang='lat' dir='ltr'><strong>potentiam</strong></span> <span class='ocrx_word' id='word_1_518' title='bbox 3657 4398 3825 4438; x_wconf 80' lang='lat' dir='ltr'><strong>cona-</strong></span> 
     </span>
    </p>
   </div>
   <div class='ocr_carea' id='block_1_75' title="bbox 2245 4475 3825 4549">
    <p class='ocr_par' dir='ltr' id='par_1_75' title="bbox 2245 4475 3825 4549">
     <span class='ocr_line' id='line_1_75' title="bbox 2245 4475 3825 4549; baseline 0 -19"><span class='ocrx_word' id='word_1_519' title='bbox 2245 4484 2403 4532; x_wconf 88' lang='lat' dir='ltr'><strong>tuum</strong></span> <span class='ocrx_word' id='word_1_520' title='bbox 2454 4479 2696 4547; x_wconf 89' lang='lat' dir='ltr'><strong>pertinet</strong></span> <span class='ocrx_word' id='word_1_521' title='bbox 2749 4479 2905 4549; x_wconf 86' lang='lat' dir='ltr'><strong>ejus,</strong></span> <span class='ocrx_word' id='word_1_522' title='bbox 2962 4476 3365 4548; x_wconf 83' lang='lat' dir='ltr'><strong>sceleratasque</strong></span> <span class='ocrx_word' id='word_1_523' title='bbox 3428 4475 3825 4532; x_wconf 84' lang='lat' dir='ltr'><strong>concursiones</strong></span> 
     </span>
    </p>
   </div>
   <div class='ocr_carea' id='block_1_76' title="bbox 2244 4567 3089 4638">
    <p class='ocr_par' dir='ltr' id='par_1_76' title="bbox 2244 4567 3089 4638">
     <span class='ocr_line' id='line_1_76' title="bbox 2244 4567 3089 4638; baseline 0 -16"><span class='ocrx_word' id='word_1_524' title='bbox 2244 4567 2467 4623; x_wconf 91' lang='lat' dir='ltr'><strong>illorum</strong></span> <span class='ocrx_word' id='word_1_525' title='bbox 2499 4567 2595 4638; x_wconf 90' lang='lat' dir='ltr'><strong>qui</strong></span> <span class='ocrx_word' id='word_1_526' title='bbox 2626 4583 2753 4623; x_wconf 90' lang='lat' dir='ltr'><strong>cum</strong></span> <span class='ocrx_word' id='word_1_527' title='bbox 2783 4568 3089 4625; x_wconf 89' lang='lat' dir='ltr'><strong>continent.</strong></span> 
     </span>
    </p>
   </div>
   <div class='ocr_carea' id='block_1_77' title="bbox 564 4643 2136 4724">
    <p class='ocr_par' dir='ltr' id='par_1_77' title="bbox 564 4643 2136 4724">
     <span class='ocr_line' id='line_1_77' title="bbox 564 4643 2136 4724; baseline 0.003 -23"><span class='ocrx_word' id='word_1_528' title='bbox 564 4648 853 4707; x_wconf 83' lang='lat' dir='ltr'><strong>stabilibus</strong></span> <span class='ocrx_word' id='word_1_529' title='bbox 879 4652 1264 4707; x_wconf 77' lang='lat' dir='ltr'><strong>hareticorum</strong></span> <span class='ocrx_word' id='word_1_530' title='bbox 1281 4643 1649 4710; x_wconf 80' lang='lat' dir='ltr'><strong>sermonibus.</strong></span> <span class='ocrx_word' id='word_1_531' title='bbox 1666 4653 1893 4724; x_wconf 90' lang='lat' dir='ltr'><strong>Semper</strong></span> <span class='ocrx_word' id='word_1_532' title='bbox 1913 4653 2136 4722; x_wconf 89' lang='lat' dir='ltr'><strong>quidem</strong></span> 
     </span>
    </p>
   </div>
   <div class='ocr_carea' id='block_1_78' title="bbox 1746 4880 2639 4953">
    <p class='ocr_par' dir='ltr' id='par_1_78' title="bbox 1746 4880 2639 4953">
     <span class='ocr_line' id='line_1_78' title="bbox 1746 4880 2639 4953; baseline -0.004 -18"><span class='ocrx_word' id='word_1_533' title='bbox 1746 4880 2082 4937; x_wconf 84' lang='lat' dir='ltr'><strong>EPISTOLA</strong></span> <span class='ocrx_word' id='word_1_534' title='bbox 2119 4882 2307 4939; x_wconf 77' lang='lat' dir='ltr'><strong>LXXV</strong></span> <span class='ocrx_word' id='word_1_535' title='bbox 2351 4881 2442 4953; x_wconf 82' lang='grc' dir='ltr'><strong>(οι.</strong></span> <span class='ocrx_word' id='word_1_536' title='bbox 2485 4880 2639 4951; x_wconf 82' lang='lat' dir='ltr'><strong>LVI).</strong></span> 
     </span>
    </p>
   </div>
   <div class='ocr_carea' id='block_1_79' title="bbox 1438 5009 2953 5052">
    <p class='ocr_par' dir='ltr' id='par_1_79' title="bbox 1438 5009 2953 5052">
     <span class='ocr_line' id='line_1_79' title="bbox 1438 5009 2953 5052; baseline 0.001 -6"><span class='ocrx_word' id='word_1_537' title='bbox 1438 5010 1610 5049; x_wconf 66' lang='lat' dir='ltr'><strong>\I‘TICI</strong></span> <span class='ocrx_word' id='word_1_538' title='bbox 1640 5011 2255 5052; x_wconf 66' lang='lat' dir='ltr'><strong>CONSTANTINOI‘OLITANI</strong></span> <span class='ocrx_word' id='word_1_539' title='bbox 2298 5010 2544 5051; x_wconf 79' lang='lat' dir='ltr'><strong>EPISCOPI</strong></span> <span class='ocrx_word' id='word_1_540' title='bbox 2570 5011 2635 5050; x_wconf 80' lang='lat' dir='ltr'><strong>AD</strong></span> <span class='ocrx_word' id='word_1_541' title='bbox 2672 5009 2953 5050; x_wconf 69' lang='grc' dir='ltr'>(ιγῐιιιιυιι.</span> 
     </span>
    </p>
   </div>
   <div class='ocr_carea' id='block_1_80' title="bbox 840 5105 3532 5187">
    <p class='ocr_par' dir='ltr' id='par_1_80' title="bbox 840 5105 3532 5187">
     <span class='ocr_line' id='line_1_80' title="bbox 840 5105 3532 5187; baseline 0.004 -28"><span class='ocrx_word' id='word_1_542' title='bbox 840 5105 1065 5161; x_wconf 79' lang='lat' dir='ltr'><strong>Joannis</strong></span> <span class='ocrx_word' id='word_1_543' title='bbox 1096 5107 1451 5181; x_wconf 75' lang='lat' dir='ltr'><strong>Chrysostonti</strong></span> <span class='ocrx_word' id='word_1_544' title='bbox 1482 5130 1690 5179; x_wconf 81' lang='lat' dir='ltr'><strong>nomen,</strong></span> <span class='ocrx_word' id='word_1_545' title='bbox 1716 5118 1924 5185; x_wconf 84' lang='lat' dir='ltr'><strong>cognita</strong></span> <span class='ocrx_word' id='word_1_546' title='bbox 1948 5117 2061 5187; x_wconf 81' lang='lat' dir='ltr'><strong>ejus</strong></span> <span class='ocrx_word' id='word_1_547' title='bbox 2091 5117 2412 5180; x_wconf 84' lang='lat' dir='ltr'><strong>innocentia,</strong></span> <span class='ocrx_word' id='word_1_548' title='bbox 2450 5114 2702 5186; x_wconf 77' lang='lat' dir='ltr'><strong>diptychis</strong></span> <span class='ocrx_word' id='word_1_549' title='bbox 2737 5116 2900 5169; x_wconf 74' lang='lat' dir='ltr'><strong>inseri</strong></span> <span class='ocrx_word' id='word_1_550' title='bbox 2926 5115 3141 5186; x_wconf 76' lang='lat' dir='ltr'><strong>jussisse</strong></span> <span class='ocrx_word' id='word_1_551' title='bbox 3164 5131 3221 5170; x_wconf 76' lang='lat' dir='ltr'><strong>se</strong></span> <span class='ocrx_word' id='word_1_552' title='bbox 3246 5113 3532 5185; x_wconf 56' lang='lat' dir='ltr'><strong>signiﬁcat.</strong></span> 
     </span>
    </p>
   </div>
   <div class='ocr_carea' id='block_1_81' title="bbox 2331 5226 3256 5301">
    <p class='ocr_par' dir='ltr' id='par_1_81' title="bbox 2331 5226 3256 5301">
     <span class='ocr_line' id='line_1_81' title="bbox 2331 5226 3256 5301; baseline -0.002 -16"><span class='ocrx_word' id='word_1_553' title='bbox 2331 5231 2573 5295; x_wconf 82' lang='grc' dir='ltr'><strong>Ἀττικὸς</strong></span> <span class='ocrx_word' id='word_1_554' title='bbox 2600 5230 2855 5301; x_wconf 83' lang='grc' dir='ltr'><strong>Κυρίλλῳ</strong></span> <span class='ocrx_word' id='word_1_555' title='bbox 2882 5226 2942 5283; x_wconf 77' lang='grc' dir='ltr'>εὖ</span> <span class='ocrx_word' id='word_1_556' title='bbox 2976 5231 3256 5301; x_wconf 82' lang='grc' dir='ltr'><strong>πράττειν.</strong></span> 
     </span>
    </p>
   </div>
   <div class='ocr_carea' id='block_1_82' title="bbox 2322 5317 3823 5397">
    <p class='ocr_par' dir='ltr' id='par_1_82' title="bbox 2322 5317 3823 5397">
     <span class='ocr_line' id='line_1_82' title="bbox 2322 5317 3823 5397; baseline -0.002 -18"><span class='ocrx_word' id='word_1_557' title='bbox 2322 5325 2833 5397; x_wconf 81' lang='grc' dir='ltr'><strong>Περιπεπτώκαμεν</strong></span> <span class='ocrx_word' id='word_1_558' title='bbox 2865 5317 2946 5387; x_wconf 78' lang='grc' dir='ltr'><strong>οἷς</strong></span> <span class='ocrx_word' id='word_1_559' title='bbox 2981 5324 3056 5395; x_wconf 80' lang='grc' dir='ltr'><strong>μὴ</strong></span> <span class='ocrx_word' id='word_1_560' title='bbox 3097 5321 3459 5395; x_wconf 82' lang='grc' dir='ltr'><strong>προῃρήμεθα</strong></span> <span class='ocrx_word' id='word_1_561' title='bbox 3483 5338 3495 5351; x_wconf 82' lang='lat'>&#39;</span> <span class='ocrx_word' id='word_1_562' title='bbox 3540 5322 3634 5375; x_wconf 69' lang='grc' dir='ltr'><strong>καὶ</strong></span> <span class='ocrx_word' id='word_1_563' title='bbox 3663 5323 3823 5394; x_wconf 77' lang='grc' dir='ltr'><strong>πέρ-</strong></span> 
     </span>
    </p>
   </div>
   <div class='ocr_carea' id='block_1_83' title="bbox 638 5223 2215 5298">
    <p class='ocr_par' dir='ltr' id='par_1_83' title="bbox 638 5223 2215 5298">
     <span class='ocr_line' id='line_1_83' title="bbox 638 5223 2215 5298; baseline 0.01 -21"><span class='ocrx_word' id='word_1_564' title='bbox 638 5223 849 5278; x_wconf 77' lang='lat' dir='ltr'><strong>Atticus</strong></span> <span class='ocrx_word' id='word_1_565' title='bbox 876 5224 1081 5295; x_wconf 87' lang='lat' dir='ltr'><strong>Cyrillo</strong></span> <span class='ocrx_word' id='word_1_566' title='bbox 1112 5226 1453 5286; x_wconf 85' lang='lat' dir='ltr'><strong>felicitatem.</strong></span> <span class='ocrx_word' id='word_1_567' title='bbox 2175 5244 2215 5298; x_wconf 85' lang='grc' dir='ltr'>ι)</span> 
     </span>
    </p>
   </div>
   <div class='ocr_carea' id='block_1_84' title="bbox 637 5314 2141 5394">
    <p class='ocr_par' dir='ltr' id='par_1_84' title="bbox 637 5314 2141 5394">
     <span class='ocr_line' id='line_1_84' title="bbox 637 5314 2141 5394; baseline 0.008 -25"><span class='ocrx_word' id='word_1_568' title='bbox 637 5314 937 5371; x_wconf 86' lang='lat' dir='ltr'><strong>Incidimus</strong></span> <span class='ocrx_word' id='word_1_569' title='bbox 995 5332 1063 5372; x_wconf 93' lang='lat' dir='ltr'><strong>eo</strong></span> <span class='ocrx_word' id='word_1_570' title='bbox 1111 5335 1222 5389; x_wconf 90' lang='lat' dir='ltr'><strong>quo</strong></span> <span class='ocrx_word' id='word_1_571' title='bbox 1272 5337 1382 5377; x_wconf 89' lang='lat' dir='ltr'><strong>non</strong></span> <span class='ocrx_word' id='word_1_572' title='bbox 1423 5331 1813 5394; x_wconf 85' lang='lat' dir='ltr'><strong>putaveramus</strong></span> <span class='ocrx_word' id='word_1_573' title='bbox 1866 5344 1878 5378; x_wconf 86' lang='lat'>:</span> <span class='ocrx_word' id='word_1_574' title='bbox 1936 5336 1992 5380; x_wconf 86' lang='lat' dir='ltr'><strong>ct</strong></span> <span class='ocrx_word' id='word_1_575' title='bbox 2049 5342 2141 5381; x_wconf 86' lang='lat' dir='ltr'><strong>ac-</strong></span> 
     </span>
    </p>
   </div>
   <div class='ocr_carea' id='block_1_85' title="bbox 2531 5476 3819 5545">
    <p class='ocr_par' dir='ltr' id='par_1_85' title="bbox 2531 5476 3819 5545">
     <span class='ocr_line' id='line_1_85' title="bbox 2531 5476 3819 5545; baseline -0.002 -10"><span class='ocrx_word' id='word_1_576' title='bbox 2531 5481 2646 5535; x_wconf 74' lang='lat' dir='ltr'><strong>&quot;ll</strong></span> <span class='ocrx_word' id='word_1_577' title='bbox 2700 5479 2841 5533; x_wconf 88' lang='lat' dir='ltr'><strong>Tim.</strong></span> <span class='ocrx_word' id='word_1_578' title='bbox 2879 5495 2950 5545; x_wconf 82' lang='lat' dir='ltr'><strong>iv,</strong></span> <span class='ocrx_word' id='word_1_579' title='bbox 3002 5480 3055 5545; x_wconf 89' lang='lat'><strong>7,</strong></span> <span class='ocrx_word' id='word_1_580' title='bbox 3090 5478 3141 5532; x_wconf 91' lang='lat'><strong>8.</strong></span> <span class='ocrx_word' id='word_1_581' title='bbox 3254 5478 3300 5509; x_wconf 77' lang='grc'><strong>⁸⁸</strong></span> <span class='ocrx_word' id='word_1_582' title='bbox 3355 5478 3373 5532; x_wconf 92' lang='grc'><strong>1</strong></span> <span class='ocrx_word' id='word_1_583' title='bbox 3416 5476 3561 5533; x_wconf 82' lang='lat' dir='ltr'><strong>Tim.</strong></span> <span class='ocrx_word' id='word_1_584' title='bbox 3608 5495 3687 5544; x_wconf 82' lang='lat' dir='ltr'><strong>tu,</strong></span> <span class='ocrx_word' id='word_1_585' title='bbox 3735 5479 3819 5533; x_wconf 79' lang='grc'><strong>15.</strong></span> 
     </span>
    </p>
   </div>
   <div class='ocr_carea' id='block_1_86' title="bbox 634 5468 2423 5552">
    <p class='ocr_par' dir='ltr' id='par_1_86' title="bbox 634 5468 2423 5552">
     <span class='ocr_line' id='line_1_86' title="bbox 634 5468 2423 5552; baseline 0.005 -27"><span class='ocrx_word' id='word_1_586' title='bbox 634 5468 679 5552; x_wconf 36' lang='grc'><strong>⁸⁸⁸</strong></span> <span class='ocrx_word' id='word_1_587' title='bbox 702 5470 858 5527; x_wconf 90' lang='lat' dir='ltr'><strong>Joan.</strong></span> <span class='ocrx_word' id='word_1_588' title='bbox 892 5489 968 5552; x_wconf 69' lang='lat' dir='ltr'><strong>vr,</strong></span> <span class='ocrx_word' id='word_1_589' title='bbox 998 5475 1049 5529; x_wconf 70' lang='grc'><strong>4.</strong></span> <span class='ocrx_word' id='word_1_590' title='bbox 1127 5475 1170 5506; x_wconf 76' lang='grc'><strong>⁸⁷</strong></span> <span class='ocrx_word' id='word_1_591' title='bbox 1203 5476 1391 5533; x_wconf 77' lang='lat' dir='ltr'><strong>Matth.</strong></span> <span class='ocrx_word' id='word_1_592' title='bbox 1425 5494 1528 5543; x_wconf 73' lang='lat' dir='ltr'><strong>xvr,</strong></span> <span class='ocrx_word' id='word_1_593' title='bbox 1556 5478 1622 5534; x_wconf 78' lang='lat' dir='ltr'><strong>IG</strong></span> <span class='ocrx_word' id='word_1_594' title='bbox 1650 5495 1801 5552; x_wconf 89' lang='lat' dir='ltr'><strong>seqq.</strong></span> <span class='ocrx_word' id='word_1_595' title='bbox 1915 5480 1957 5510; x_wconf 63' lang='grc'><strong>⁵⁸</strong></span> <span class='ocrx_word' id='word_1_596' title='bbox 1990 5482 2148 5537; x_wconf 72' lang='grc' dir='ltr'>Ιὶυιιι.</span> <span class='ocrx_word' id='word_1_597' title='bbox 2190 5498 2303 5543; x_wconf 79' lang='lat' dir='ltr'><strong>vin.</strong></span> <span class='ocrx_word' id='word_1_598' title='bbox 2335 5480 2423 5537; x_wconf 75' lang='lat'><strong>55.</strong></span> 
     </span>
    </p>
   </div>
   <div class='ocr_carea' id='block_1_87' title="bbox 564 5539 1157 5615">
    <p class='ocr_par' dir='ltr' id='par_1_87' title="bbox 564 5539 1157 5615">
     <span class='ocr_line' id='line_1_87' title="bbox 564 5539 1157 5615; baseline 0.007 -20"><span class='ocrx_word' id='word_1_599' title='bbox 564 5539 607 5572; x_wconf 89' lang='grc'><strong>⁵¹</strong></span> <span class='ocrx_word' id='word_1_600' title='bbox 636 5541 805 5613; x_wconf 80' lang='lat' dir='ltr'><strong>Apoc.</strong></span> <span class='ocrx_word' id='word_1_601' title='bbox 838 5560 910 5607; x_wconf 73' lang='grc' dir='ltr'><strong>χι,</strong></span> <span class='ocrx_word' id='word_1_602' title='bbox 951 5546 971 5598; x_wconf 91' lang='lat' dir='ltr'><strong>I</strong></span> <span class='ocrx_word' id='word_1_603' title='bbox 1004 5560 1157 5615; x_wconf 87' lang='lat' dir='ltr'><strong>seqq.</strong></span> 
     </span>
    </p>
   </div>
   <div class='ocr_carea' id='block_1_88' title="bbox 635 5674 1431 5740">
    <p class='ocr_par' dir='ltr' id='par_1_88' title="bbox 635 5674 1431 5740">
     <span class='ocr_line' id='line_1_88' title="bbox 635 5674 1431 5740; baseline 0.004 -14"><span class='ocrx_word' id='word_1_604' title='bbox 635 5674 709 5740; x_wconf 80' lang='grc' dir='ltr'><strong>(Ι)</strong></span> <span class='ocrx_word' id='word_1_605' title='bbox 740 5674 932 5740; x_wconf 79' lang='lat' dir='ltr'><strong>Mansi,</strong></span> <span class='ocrx_word' id='word_1_606' title='bbox 964 5675 1163 5730; x_wconf 77' lang='lat' dir='ltr'><strong>Concil.</strong></span> <span class='ocrx_word' id='word_1_607' title='bbox 1193 5676 1283 5737; x_wconf 78' lang='lat' dir='ltr'><strong>IX,</strong></span> <span class='ocrx_word' id='word_1_608' title='bbox 1308 5677 1431 5730; x_wconf 66' lang='grc' dir='ltr'><strong>ΞΠ.</strong></span> 
     </span>
    </p>
   </div>
   <div class='ocr_carea' id='block_1_89' title="bbox 637 5744 2137 5803">
    <p class='ocr_par' dir='ltr' id='par_1_89' title="bbox 637 5744 2137 5803">
     <span class='ocr_line' id='line_1_89' title="bbox 637 5744 2137 5803; baseline 0.003 -6"><span class='ocrx_word' id='word_1_609' title='bbox 637 5744 709 5803; x_wconf 63' lang='grc' dir='ltr'><strong>(τ’.)</strong></span> <span class='ocrx_word' id='word_1_610' title='bbox 742 5744 829 5799; x_wconf 73' lang='lat' dir='ltr'><strong>Ve!</strong></span> <span class='ocrx_word' id='word_1_611' title='bbox 870 5748 1154 5799; x_wconf 61' lang='lat' dir='ltr'><strong>secundum</strong></span> <span class='ocrx_word' id='word_1_612' title='bbox 1200 5748 1609 5802; x_wconf 73' lang='lat' dir='ltr'><strong>subsistentiam.</strong></span> <span class='ocrx_word' id='word_1_613' title='bbox 1666 5750 1788 5803; x_wconf 72' lang='lat' dir='ltr'><strong>Ilzec</strong></span> <span class='ocrx_word' id='word_1_614' title='bbox 1840 5749 2037 5803; x_wconf 67' lang='lat' dir='ltr'><strong>desunt</strong></span> <span class='ocrx_word' id='word_1_615' title='bbox 2086 5766 2137 5802; x_wconf 86' lang='lat' dir='ltr'><strong>In</strong></span> 
     </span>
    </p>
   </div>
   <div class='ocr_carea' id='block_1_90' title="bbox 568 5814 2140 5889">
    <p class='ocr_par' dir='ltr' id='par_1_90' title="bbox 568 5814 2140 5889">
     <span class='ocr_line' id='line_1_90' title="bbox 568 5814 2140 5889; baseline 0.001 -18"><span class='ocrx_word' id='word_1_616' title='bbox 568 5814 757 5871; x_wconf 82' lang='lat' dir='ltr'><strong>codice</strong></span> <span class='ocrx_word' id='word_1_617' title='bbox 815 5817 1200 5873; x_wconf 65' lang='lat' dir='ltr'><strong>Bclluvaccnsi.</strong></span> <span class='ocrx_word' id='word_1_618' title='bbox 1262 5819 1449 5883; x_wconf 69' lang='lat' dir='ltr'><strong>Recte,</strong></span> <span class='ocrx_word' id='word_1_619' title='bbox 1504 5832 1557 5875; x_wconf 81' lang='lat' dir='ltr'><strong>ut</strong></span> <span class='ocrx_word' id='word_1_620' title='bbox 1614 5820 1825 5889; x_wconf 69' lang='lat' dir='ltr'><strong>opinor.</strong></span> <span class='ocrx_word' id='word_1_621' title='bbox 1879 5821 2140 5877; x_wconf 66' lang='lat' dir='ltr'><strong>Videntur</strong></span> 
     </span>
    </p>
   </div>
   <div class='ocr_carea' id='block_1_91' title="bbox 2247 5677 3822 5735">
    <p class='ocr_par' dir='ltr' id='par_1_91' title="bbox 2247 5677 3822 5735">
     <span class='ocr_line' id='line_1_91' title="bbox 2247 5677 3822 5735; baseline 0.001 -4"><span class='ocrx_word' id='word_1_622' title='bbox 2247 5680 2391 5732; x_wconf 87' lang='lat' dir='ltr'><strong>enim</strong></span> <span class='ocrx_word' id='word_1_623' title='bbox 2422 5697 2541 5733; x_wconf 79' lang='lat' dir='ltr'><strong>esse</strong></span> <span class='ocrx_word' id='word_1_624' title='bbox 2564 5680 2868 5735; x_wconf 84' lang='lat' dir='ltr'><strong>admonitio</strong></span> <span class='ocrx_word' id='word_1_625' title='bbox 2900 5679 3109 5734; x_wconf 85' lang='lat' dir='ltr'><strong>librarii</strong></span> <span class='ocrx_word' id='word_1_626' title='bbox 3155 5677 3457 5733; x_wconf 84' lang='lat' dir='ltr'><strong>dubitantis</strong></span> <span class='ocrx_word' id='word_1_627' title='bbox 3504 5686 3622 5731; x_wconf 82' lang='lat' dir='ltr'><strong>utra</strong></span> <span class='ocrx_word' id='word_1_628' title='bbox 3660 5680 3822 5733; x_wconf 71' lang='lat' dir='ltr'><strong>lectio</strong></span> 
     </span>
    </p>
   </div>
   <div class='ocr_carea' id='block_1_92' title="bbox 2247 5747 3818 5820">
    <p class='ocr_par' dir='ltr' id='par_1_92' title="bbox 2247 5747 3818 5820">
     <span class='ocr_line' id='line_1_92' title="bbox 2247 5747 3818 5820; baseline 0.003 -19"><span class='ocrx_word' id='word_1_629' title='bbox 2247 5761 2392 5805; x_wconf 75' lang='lat' dir='ltr'><strong>esset</strong></span> <span class='ocrx_word' id='word_1_630' title='bbox 2420 5751 2630 5811; x_wconf 78' lang='lat' dir='ltr'><strong>melior,</strong></span> <span class='ocrx_word' id='word_1_631' title='bbox 2677 5761 2727 5803; x_wconf 75' lang='lat' dir='ltr'><strong>et</strong></span> <span class='ocrx_word' id='word_1_632' title='bbox 2767 5752 2955 5807; x_wconf 78' lang='lat' dir='ltr'><strong>lectori</strong></span> <span class='ocrx_word' id='word_1_633' title='bbox 2998 5749 3267 5820; x_wconf 62' lang='lat' dir='ltr'><strong>judicium</strong></span> <span class='ocrx_word' id='word_1_634' title='bbox 3320 5747 3593 5819; x_wconf 80' lang='lat' dir='ltr'><strong>integrum</strong></span> <span class='ocrx_word' id='word_1_635' title='bbox 3653 5751 3818 5806; x_wconf 72' lang='lat' dir='ltr'><strong>relin-</strong></span> 
     </span>
    </p>
   </div>
   <div class='ocr_carea' id='block_1_93' title="bbox 2248 5821 2721 5891">
    <p class='ocr_par' dir='ltr' id='par_1_93' title="bbox 2248 5821 2721 5891">
     <span class='ocr_line' id='line_1_93' title="bbox 2248 5821 2721 5891; baseline 0 -20"><span class='ocrx_word' id='word_1_636' title='bbox 2248 5821 2487 5891; x_wconf 57' lang='lat' dir='ltr'><strong>tllit&#39;IIIIh-</strong></span> <span class='ocrx_word' id='word_1_637' title='bbox 2534 5821 2620 5874; x_wconf 61' lang='lat' dir='ltr'><strong>[In</strong></span> <span class='ocrx_word' id='word_1_638' title='bbox 2645 5838 2721 5873; x_wconf 71' lang='grc' dir='ltr'><strong>ιῑί.</strong></span> 
     </span>
    </p>
   </div>
  </div>
