4154 6322
265 378 364 439 ὃὲθ

1623 365 1956 424 Ef'lSTOLA
1994 367 2225 424 LXXIV.

3430 366 3535 426 550

270 513 384 568 γειν
405 488 835 561 ἀναγκαζόμεθα
862 488 929 543 τά
960 488 1033 559 μὴ
1076 485 1214 539 κατὰ
1245 483 1469 553 γνώμην
1505 487 1636 555 ἡμῖν
1669 487 1846 555 ἀπην-

1961 485 2295 556 quiescimus
2317 485 2642 541 necessitate
2670 485 2724 539 in
2753 501 2820 540 co
2851 485 2997 556 quod
3026 485 3285 539 minusex
3313 495 3536 539 senten-

271 586 493 661 τηκότα,
526 584 626 638 τοῦ
673 582 886 637 δικαίου
935 580 997 633 τὸ
1046 575 1321 640 λυσιτελὲς
1385 577 1846 646 προτιμήσαντες,

272 680 369 734 καὶ
409 677 548 747 πρὸς
584 675 685 749 τὴν
721 674 824 728 τῶν
862 671 1008 726 λαῶν
1031 669 1281 740 ὁμόνοιαν
1326 668 1695 730 ὲπικλιθέντες
1737 672 1850 734 τοῖς

270 767 573 837 λογισμοῖς,
606 764 798 818 κανόσι
845 760 943 831 μὲν
978 762 1091 823 τοῖς
1122 758 1233 811 τῶν
1259 756 1519 828 Πατὲρων
1557 755 1632 828 μὴ
1675 757 1850 827 λυμη..

270 860 518 931 νάμενοι,
546 846 647 927 τῆς
669 855 726 909 δὲ
756 851 1015 925 ἀκριϐοῦς
1045 848 1400 918 λεπτολογίας
1420 848 1517 919 τὴν
1544 849 1642 920 τῆς
1672 849 1851 927 οἱκουιτ

276 950 447 1021 μένης
478 948 705 1019 εἰρήνην
741 942 1171 1015 προτεθεικότες.
1206 936 1335 994 Οἶδα
1371 939 1470 1010 μὶν
1499 934 1593 995 οὖν
1633 939 1729 994 καὶ
1759 939 1857 993 τὸν

274 1040 553 1111 μακάρων
586 1033 800 1093 Παῦλον
830 1036 888 1087 ὲν
930 1033 1008 1105 τῷ
1056 1030 1403 1103 θεσμοθετεῖν
1446 1033 1568 1095 ταῖς
1615 1030 1850 1102 Ἐκκλη-

274 1133 437 1197 σίαις,
485 1128 674 1198 σαφῶς
710 1127 812 1191 τὰς
837 1126 1123 1190 ὑποθέσεις
1148 1126 1605 1197 οἰκονομήσαντα.
1639 1118 1769 1178 Οἶδα
1792 1124 1851 1179 δὲ

270 1226 368 1278 atat
414 1223 509 1276 τὸν
542 1222 599 1274 ὲν
629 1221 807 1289 άγίοις
853 1220 1064 1289 πατέρα
1094 1218 1186 1271 τὸν
1214 1218 1326 1282 σὺν,
1362 1217 1452 1287 τὸν
1499 1217 1849 1271 ίσαπόστολον

268 1314 555 1384 Θεόφιλον,
592 1313 684 1365 ἐπὶ
710 1315 810 1383 τῆς
850 1311 1168 1381 Ἑλληνικῆς
1212 1309 1530 1381 συγχύσεως
1565 1308 1663 1381 τὴν
1698 1311 1850 1382 εἰρή-

268 1420 369 1473 νην
414 1404 518 1471 τῆς
544 1403 695 1472 παρὰ
726 1402 901 1473 βραχὺ
937 1400 1227 1471 ἀκριϐείας
1275 1401 1741 1473 προτετιμηκότα.
1782 1403 1848 1454 Δί

243 1497 380 1566 ,γάρ
408 1495 475 1569 δη
512 1496 769 1568 μέγισται
787 1494 895 1548 τῶν
917 1495 1123 1548 πόλεων
1140 1512 1207 1547 κυ
1216 1494 1553 1565 μαινομένης
1572 1494 1850 1563 θαλάσσης

265 1587 513 1658 κύμασιν
550 1590 807 1653 ἐοικυῖαι,
843 1587 986 1641 κατά
1014 1590 1113 1651 τὰς
1133 1584 1357 1657 γνώμας
1388 1586 1496 1640 τῶν
1524 1587 1845 1657 οἰκητόρων,

264 1679 331 1733 οὐ
352 1676 610 1733 τοσοῦτον
637 1678 825 1750 νόμοις
853 1680 948 1733 καὶ
965 1679 1273 1744 διατάξεσιν
1290 1679 1541 1750 ἀκριϐέσι
1570 1678 1849 1747 πεφύκασι

264 1771 582 1835 πείθεσθαι,
628 1772 754 1826 ὅσον
799 1771 1137 1840 διακρίσεσιν
1170 1771 1673 1843 εὐμεταχειρίστοις
1728 1771 1848 1841 βλε-

266 1864 501 1927 πούσαις
525 1864 662 1933 πρὸς
691 1864 916 1935 είρήνην
940 1864 1035 1918 καὶ
1069 1842 1395 1934 σύμπνοιανξ
1415 1864 1580 1919 Ὅτου
1607 1864 1665 1919 δὲ
1691 1864 1851 1935 χάριν
1884 1842 1926 1899 Β

265 1954 530 2025 ικτίθημι
562 1954 734 2008 ταῦτα
759 1952 827 2007 τὰ
854 1954 1183 2024 γράμματα,
1230 1951 1491 2023 μάνθανε.
1524 1953 1707 2021 Ἔγνω
1747 1969 1852 2006 που

266 2047 496 2111 πάντως
527 2049 560 2118 ἡ
591 2047 659 2118 σὴ
687 2046 936 2117 ὁσιότης,
977 2046 1179 2118 μᾶλλον
1224 2046 1282 2101 δὲ
1309 2046 1562 2101 τεθέαται
1608 2047 1720 2107 τοῖς
1750 2044 1851 2114 όφ-

268 2140 501 2212 θαλμοῖς
558 2140 791 2204 ὲκείνοις
837 2135 1033 2210 οἵσπερ
1084 2134 1224 2193 οἶδεν
1264 2140 1293 2193 ὁ
1335 2139 1394 2192 ἐν
1429 2138 1607 2207 ἁγίοις
1662 2138 1854 2210 Πατὴρ

266 2232 428 2304 ήμῶν
454 2234 483 2287 ὁ
515 2230 796 2302 Θεόφιλος,
830 2232 917 2285 οῖα
955 2232 1051 2285 καὶ
1083 2231 1182 2302 ὅση
1213 2230 1426 2303 ταραχὴ
1454 2229 1719 2284 κατέλαϐε
1752 2228 1853 2301 τὴν

268 2321 639 2393 μεγαλόπυλιν
660 2338 675 2353 ·
713 2323 810 2377 καὶ
837 2322 989 2385 ὅπως
1022 2323 1089 2375 ὲκ
1105 2321 1215 2375 τῶν
1245 2320 1462 2394 βάθρων
1495 2320 1677 2375 αὐτῶν
1703 2323 1854 2375 buv-

264 2410 531 2466 δύνευσεν
563 2412 597 2482 ἡ
632 2410 864 2484 εὐσεϐὴς
894 2411 1080 2475 πίστις
1105 2411 1564 2482 κατασεισθῆναι·
1592 2411 1733 2465 ὥστε
1756 2410 1853 2466 καὶ

266 2503 433 2559 αὐτὸν
477 2503 573 2557 τὸν
619 2502 761 2558 λεὼν
807 2503 1091 2576 τμηθέντα
1126 2503 1205 2575 τῷ
1260 2505 1466 2559 πλείονι
1513 2503 1693 2575 μέρει,
1743 2503 1855 2557 τῶν

271 2593 660 2665 τειχῶν-ἐκτὸς
694 2594 1171 2665 συναθροίζεσθαι,
1189 2596 1287 2649 καὶ
1314 2594 1441 2659 τοὺς
1467 2594 1647 2665 ἱερέας
1675 2609 1734 2648 τε
1760 2594 1857 2648 καὶ

272 2686 717 2750 συνεπισκόπους
742 2686 1134 2758 ἀπορραγῆναι
1155 2685 1255 2757 τῆς
1281 2686 1418 2759 πρὸς
1445 2686 1711 2757 ἀλλήλους
1737 2704 1855 2740 κοι-

267 2778 492 2844 νωνίας,
516 2778 619 2849 τὴν
644 2778 859 2849 ἀγαθὴν
896 2779 1123 2849 φυτείαν
1157 2780 1252 2834 τοῦ
1283 2779 1558 2834 Δεσπότου
1593 2777 1854 2849 Χριστοῦ,

267 2871 333 2927 τδ
372 2871 473 2943 τῆς
512 2873 738 2946 εἰρήνης
783 2872 929 2941 λέγω
959 2873 1149 2936 καλὸν,
1200 2872 1396 2944 μικροῦ
1427 2873 1857 2935 διασπάσαντας.

272 2962 477 3035 Διόπερ
503 2962 684 3034 πολλῷ
712 2962 812 3035 μὲν
837 2963 1007 3033 πόνῳ,
1044 2962 1226 3033 πολλῷ
1253 2963 1307 3016 δὲ
1334 2963 1518 3035 ἱδρῶτι
1548 2962 1645 3018 κα)⁸
1677 2961 1861 3016 κινδύ-

271 3071 387 3119 νοις
418 3054 687 3125 γέμουσιν
731 3052 1098 3124 ἀπογνώσεως
1129 3054 1203 3107 τά
1243 3054 1416 3108 πλείω
1458 3055 1554 3109 καὶ
1588 3054 1857 3126 προτιμό-

270 3162 431 3217 τερα,
479 3148 813 3218 προσευχαῖς
859 3163 918 3200 τε
959 3149 1053 3199 καὶ
1112 3147 1439 3217 συμπνοίαις
1498 3145 1607 3199 τῶν
1660 3146 1858 3200 κοινῶν

272 3237 537 3310 Πατέρων
574 3237 753 3309 ἡμῶν,
786 3238 866 3292 ἔτι
888 3256 952 3306 γε
980 3238 1086 3309 μὴν
1114 3238 1210 3291 καὶ
1231 3238 1329 3307 τῆς
1350 3238 1494 3310 (σῆς)
1523 3238 1859 3304 θεοσεϐείας,

274 3327 461 3400 εκείνη
615 3330 1264 3402 κατηυνάσθη.’ομόνοια
1293 3331 1351 3383 δὲ
1379 3332 1471 3384 καὶ
1488 3330 1701 3403 γαλήνη
1732 3350 1865 3387 κατ-

273 3422 391 3492 έχει
424 3421 525 3486 τάς
564 3421 707 3476 κατὰ
747 3421 849 3493 τὴν
900 3421 1230 3493 οἰκουμένην
1258 3422 1610 3494 Ἐκκλησίας,
1641 3422 1863 3495 Ἐπειδὴ

273 3514 332 3569 δέ
355 3532 503 3580 τινες
520 3508 628 3587 ⁵τὴν
652 3517 1027 3587 προσηγορίαν
1065 3516 1224 3587 μόνον
1244 3516 1338 3570 τοῦ
1371 3520 1642 3589 μακαρίου
1685 3517 1866 3571 Ἰωάν-

274 3624 371 3662 νου
434 3608 573 3670 ταῖς.
610 3610 910 3681 μυστικαῖς
962 3608 1167 3672 δέλτοις
1220 3610 1500 3680 γραφῆναι
1554 3609 1862 3680 ἠθέλησανο

276 3698 423 3753 ὥστε
460 3699 557 3754 καὶ
589 3698 681 3753 τὸν
713 3700 984 3772 μακάριον
1021 3702 1321 3755 ἐπίσκοπον
1368 3702 1740 3773 Ἀλέξανδρον,
1776 3701 1865 3756 τὸν

277 3792 379 3865 τῆς
427 3793 761 3865 Ἀντιοχείας
809 3794 975 3867 φημὶ,
1020 3795 1325 3848 ἐπιστάντα
1356 3798 1422 3865 τῇ
1463 3794 1863 3863 Μεγαλοπόλει,

278 3883 459 3938 πολλά
509 3883 988 3957 θρασυπομῆσαι,
1049 3884 1223 3939 πολλά
1262 3884 1319 3938 δὲ
1368 3885 1464 3939 καὶ
1521 3886 1647 3950 τοὺς
1702 3885 1867 3949 λαοὺς

278 3979 569 4048 ἀπεγεῖραι
602 3976 855 4047 θελῆσαι,
886 3976 1029 4031 ὥστε
1076 3977 1172 4031 καὶ
1202 3977 1277 4049 μὴ
1315 3976 1654 4048 βουλομένων
1685 3979 1863 4048 ἡμῶν,

280 4067 591 4137 ἀναγκάσαι
620 4068 907 4139 γραφῆναι
932 4069 994 4122 τὸ
1019 4067 1115 4123 τοῦ
1167 4086 1273 4140 μνη
1282 4068 1634 4139 μονευθέντος
1671 4069 1864 4140 δνομα.

281 4162 465 4232 Ἀπερ
498 4162 617 4235 μετ’
644 4161 932 4234 ἀκριϐείας
982 4163 1206 4235 ἁπάσης
1229 4163 1569 4234 ἐξηγήσαντό
1599 4181 1703 4217 που
1729 4162 1869 4217 πάν-

281 4271 392 4318 τως
418 4256 488 4325 τῇ
514 4257 580 4327 σῇ
611 4254 914 4327 θεοσεϐείᾳ,
948 4257 996 4310 οί
1024 4256 1123 4311 τοῦ
1150 4256 1288 4311 Θεοῦ
1319 4256 1497 4311 δοῦλοι
1532 4256 1869 4311 εὐλαϐέστα·

272 4363 366 4404 ’τοι
402 4349 644 4405 διάκονοι
680 4351 890 4424 Πέτρος
924 4353 1017 4406 καί
1043 4352 1313 4418 Διδέσιος.
1345 4354 1554 4426 Χρόνου
1585 4354 1643 4408 δὲ
1670 4354 1867 4408 πολλοῦ

284 4439 749 4513 παρεληλυθότος,
785 4442 882 4498 καὶ
918 4435 1078 4515 ἡμῶν
1126 4444 1476 4514 βιασαμένων
1522 4444 1622 4516 την
1670 4445 1737 4497 ὲκ
1768 4444 1869 4515 τῆς

1959 579 2241 634 tia.uostra
2258 578 2547 649 processit,
2568 576 2859 633 utilitatem
2884 578 3113 648 justitite
3124 585 3536 649 praeponentes:

1953 680 2010 724 et
2032 669 2460 740 cogitationibus
2490 671 2690 725 nostris
2723 670 2792 724 ad
2833 668 3021 740 populi
3068 668 3419 724 concordiam
3451 668 3539 720 in-

1953 758 2180 823 clinati,
2241 759 2549 814 canonibus
2584 759 2809 829 quidem
2873 758 3099 813 Patrum
3145 757 3540 813 detrimentum

1952 852 2169 907 nullum
2200 850 2523 907 atl‘erimus.
2559 861 2762 907 exactae
2796 859 2980 906 autem
3014 851 3313 905 verborum
3345 848 3541 904 obser-

1950 944 2158 999 vationi
2228 944 2477 999 universi
2534 943 2689 998 orbis
2746 958 2942 1013 pacem
3002 942 3367 1013 praeferimus.
3418 940 3541 995 Non

1953 1040 2148 1112 ignoro
2177 1038 2437 1111 equidem
2469 1048 2525 1095 et
2547 1039 2773 1094 beatum
2807 1037 3060 1101 Paulum,
3104 1052 3229 1091 cum
3274 1034 3541 1091 ecclesia-

1952 1133 2121 1189 sticas
2146 1133 2341 1189 ederet
2370 1133 2816 1197 constitutiones,
2845 1130 3124 1201 sapienter
3152 1127 3543 1184 occasionibus

1952 1224 2181 1295 provida
2207 1222 2619 1294 dispensatione
2652 1238 2809 1278 usum
2832 1237 2974 1278 esse.
3000 1220 3127 1277 Scio
3150 1221 3338 1279 etiam,
3367 1217 3460 1289 qui
3484 1219 3544 1272 in

1953 1316 2115 1387 202
2137 1323 2451 1371 sanctorum
2468 1330 2699 1370 numero
2726 1322 2984 1371 censetur
3009 1323 3224 1385 patrem
3241 1320 3397 1366 tuum
3418 1327 3545 1381 apo-

1952 1407 2206 1461 stolicum
2220 1405 2609 1477 Theophilum,
2620 1405 2674 1459 in
2689 1404 3014 1461 confusione
3035 1411 3093 1459 et
3113 1404 3275 1458 turba
3295 1420 3325 1457 a
3341 1401 3545 1458 Graeca

1952 1495 2364 1566 superstitionis
2412 1493 2680 1549 studiosis
2709 1489 2977 1557 excitata,
3006 1502 3255 1547 exactam
3282 1490 3349 1545 ad
3374 1492 3543 1549 breve

1953 1594 2170 1656 tempus
2198 1585 2642 1640 observationem
2672 1583 2793 1653 paci
2852 1581 3259 1653 posthabuisse.
3297 1580 3546 1636 Maxima!

1952 1679 2101 1734 enim
2133 1692 2365 1769 quamne
2395 1676 2563 1731 urbes
2591 1675 2786 1746 pelago
2812 1672 3076 1729 fluctibus
3098 1673 3376 1743 exagitato
3414 1685 3545 1741 per-

1954 1774 2185 1838 similes,
2219 1788 2287 1827 ex
2308 1768 2583 1826 sententia
2604 1770 2819 1825 civium
2842 1784 2952 1823 non
2981 1775 3089 1822 tam
3120 1783 3333 1823 summa
3362 1768 3546 1837 legum

1956 1877 2013 1922 et
2029 1864 2489 1922 constitutionum
2506 1862 2911 1927 observatione,
2928 1876 3095 1931 quam
3116 1857 3549 1930 expeditissimis

1957 1957 2204 2014 consiliis
2245 1965 2410 2026 atque
2454 1954 2700 2026 iudiciis,
2745 1952 2815 2008 ad
2858 1968 3052 2023 pacem
3098 1964 3155 2007 et
3194 1950 3547 2007 concordiam

1955 2050 2307 2114 facientibus,
2331 2049 2446 2120 regi
2472 2057 2637 2118 atque
2661 2045 3038 2102 administrari
3060 2045 3260 2101 solent.
3280 2044 3398 2111 Qua
3414 2058 3549 2099 vero

1957 2143 2025 2199 de
2037 2157 2203 2198 causa
2215 2142 2433 2198 litteras
2444 2140 2610 2195 hasce
2622 2134 2860 2195 scribam
2876 2137 3087 2208 accipe.
3102 2136 3265 2193 Novit
3284 2138 3551 2191 sanctitas

1959 2242 2071 2299 tua,
2102 2248 2167 2288 ac
2193 2233 2380 2305 potius
2413 2232 2524 2287 illis
2548 2231 2682 2303 ipsis
2710 2230 2890 2286 oculis
2922 2229 3193 2296 intuetur,
3219 2229 3422 2300 quibus
3452 2227 3550 2300 qui

1958 2326 2015 2381 in
2059 2327 2266 2383 sanctis
2296 2334 2400 2389 est,
2428 2324 2592 2380 Pater
2617 2331 2808 2380 noster
2842 2321 3208 2393 Theophilus,
3238 2320 3548 2391 conspexit,

1957 2416 2139 2487 qualis
2162 2424 2219 2472 et
2245 2431 2411 2487 quam
2447 2415 2642 2486 ingens
2667 2414 2830 2469 turba
2862 2428 3116 2485 magnam
3160 2414 3304 2469 hanc
3332 2413 3551 2469 invase-

1958 2510 2032 2563 rit
2070 2509 2264 2563 urbem
2285 2549 2299 2573 ,
2332 2516 2499 2577 atque
2529 2516 2591 2561 ut
2622 2507 2678 2561 in
2703 2522 2768 2562 ea
2804 2507 3049 2562 sanctior
3084 2506 3221 2562 fides
3253 2514 3310 2561 et
3349 2494 3549 2577 pietas,

1957 2617 2028 2657 ne
2062 2600 2312 2667 funditus
2349 2608 2661 2665 erueretur,
2690 2598 3000 2670 periclitata
3024 2598 3129 2665 sit;
3170 2598 3311 2654 adeo
3357 2598 3550 2664 etiam,

1958 2700 2020 2747 ut
2046 2692 2285 2763 populus
2322 2691 2531 2762 majore
2575 2705 2644 2745 ex
2672 2697 2830 2760 parte
2854 2704 2956 2761 per
2987 2687 3283 2744 factionem
3323 2687 3550 2753 scissus,

1958 2794 2113 2839 extra
2130 2798 2322 2838 muros
2338 2788 2647 2839 conventus
2658 2782 2836 2852 egerit
2852 2799 2865 2835 :
2888 2789 2946 2836 et
2966 2780 3215 2852 plerique
3237 2778 3556 2835 sacerdotes

1958 2885 2015 2932 et
2036 2875 2260 2946 collegae
2280 2874 2458 2930 nostri
2481 2874 2748 2944 episcopi,
2781 2889 2813 2928 a
2836 2880 3029 2928 mutua
3050 2872 3437 2927 communione
3460 2870 3559 2927 de-

1960 2967 2279 3031 sciscentes,
2303 2966 2506 3021 bonam
2523 2962 2923 3036 plantationem
2945 2964 3166 3020 Domini
3180 2965 3307 3020 Jesu
3321 2964 3552 3031 Christi,

1960 3076 2155 3131 parum
2202 3059 2361 3115 abest
2418 3058 2555 3130 quin
2592 3058 2917 3123 evulserint,
2961 3058 3114 3128 pacis
3163 3057 3555 3113 commoditate

1885 3181 1929 3237 ε
1964 3150 2175 3207 scilicet
2196 3149 2600 3220 aliquantulum
2630 3148 2911 3204 distracta.
2938 3147 3044 3203 Sed
3063 3148 3209 3202 enim
3228 3148 3401 3203 multo
3425 3162 3557 3203 sane

1948 3243 2173 3307 labore,
2214 3242 2390 3297 multo
2428 3241 2655 3306 sudore,
2687 3248 2743 3297 et
2767 3240 3035 3313 periculis
3073 3238 3262 3294 multis
3295 3239 3556 3309 despera-

1967 3334 2134 3389 tionis
2158 3334 2358 3404 plenis,
2395 3333 2639 3404 plurima
2666 3341 2722 3387 et
2762 3332 3001 3387 maxima
3033 3345 3266 3401 quaeque
3304 3346 3558 3386 commu-

1964 3427 2119 3481 nium
2170 3425 2399 3481 Patrum
2440 3433 2761 3480 nostrorum
2792 3433 2957 3493 atque
3000 3422 3167 3478 etiam
3198 3421 3422 3493 pietatis
3453 3431 3562 3476 tua:

1966 3518 2227 3590 precibus
2250 3526 2306 3573 et
2336 3516 2745 3588 conspiratione
2763 3515 2940 3586 sopita
2957 3525 3087 3570 sunt
3113 3516 3278 3569 mala.
3313 3512 3560 3569 Etturba

1966 3612 2191 3682 quidem
2233 3611 2325 3666 illa
2364 3609 2705 3680 conquievit,
2762 3608 3058 3664 concordia
3092 3622 3224 3662 vero
3256 3614 3312 3660 et
3364 3621 3562 3662 serena

1966 3704 2340 3776 tranquillitas
2362 3704 2418 3760 in
2442 3702 2596 3758 orbis
2618 3702 2865 3757 universi
2882 3700 3147 3757 Ecclesiis
3167 3700 3399 3756 obtinet.
3420 3698 3561 3754 Cum

1966 3805 2101 3855 vero
2124 3797 2379 3853 nonnulli
2414 3811 2618 3852 nomen
2652 3802 2868 3849 tantum
2892 3793 3039 3849 beati
3068 3793 3296 3849 Joannis
3317 3792 3565 3864 mysticis

1968 3889 2175 3953 tabulis
2196 3888 2425 3945 inscribi
2448 3888 2676 3952 vellent,
2702 3876 2900 3943 beatus
2915 3887 3209 3959 cpiscopus
3230 3884 3563 3951 Alexander,

1971 3981 2377 4037 Antiochenum
2406 3981 2573 4036 istum
2621 3981 2772 4047 dico,
2810 3979 3345 4050 Constantinopolim
3389 3979 3563 4045 venit,

1969 4083 2026 4129 et
2056 4074 2227 4128 multa
2254 4089 2353 4128 ore
2376 4071 2678 4128 confidenti
2713 4070 2885 4125 verba
2912 4068 3063 4133 fecit,
3088 4068 3564 4137 vehementerque

1970 4168 2213 4223 excitare
2236 4166 2503 4237 populum
2522 4163 2717 4228 voluit,
2737 4171 2799 4217 ut
2820 4162 2907 4217 vel
2934 4161 3096 4217 nobis
3132 4160 3341 4223 invitis,
3366 4162 3567 4215 neces-

1970 4258 2119 4313 sario
2148 4257 2271 4327 ejus
2297 4269 2465 4324 quem
2496 4252 2759 4315 diximus,
2800 4265 3005 4305 nomen
3034 4248 3111 4303 ita
3141 4246 3564 4302 inscriberetur.

1971 4350 2144 4418 Quam
2198 4364 2314 4404 rem
2358 4353 2616 4402 accurate
2658 4358 2890 4416 prorsus
2937 4341 3131 4413 pietati
3172 4348 3282 4395 tuae
3323 4337 3567 4393 ministri

1971 4442 2069 4497 Dei
2098 4437 2500 4511 religiosissimi
2525 4435 2766 4501 diaconi,
2794 4435 2992 4490 Petrus
3020 4443 3077 4489 et
3108 4430 3369 4487 Edesius
3395 4444 3569 4500 expo-

285 4534 661 4607 δημοκρατίας
717 4535 987 4609 ἀνάγκην,
1028 4535 1125 4592 καὶ
1162 4537 1304 4591 κατά
1340 4536 1506 4608 μηδὲν
1540 4539 1862 4608 ἐπιστρεφο-

1974 4541 2225 4588 suerunt.
2274 4529 2552 4585 Praeteriit
2579 4537 2800 4597 tempus
2830 4527 3079 4597 longum,
3111 4532 3169 4581 et
3201 4539 3304 4579 nos
3330 4522 3571 4578 necessi-

287 4627 466 4699 μένων
509 4626 645 4700 πρὸς
677 4627 740 4681 τὸ
778 4626 873 4682 τοῦ
919 4613 1221 4701 «xta-pato;
1268 4628 1540 4698 λείψανον,
1590 4630 1872 4701 γέγραφεν

282 4720 418 4791 ἡμῖν
447 4721 514 4774 ὲκ
551 4719 652 4791 τῆς
688 4718 831 4790 ἑῴας
858 4722 887 4773 ό
926 4719 1341 4789 θεοφιλέστατος
1375 4720 1673 4785 ἐπίσκοπος
1712 4720 1876 4775 Ἀκάο

286 4829 426 4877 κιος,
468 4810 564 4866 τὸν
607 4810 1009 4868 εὐλαϐέστατον
1035 4812 1338 4867 ἐπίσκοπον
1385 4813 1487 4883 τῆς
1542 4797 1872 4883 Ἀντιοχείας

285 4902 544 4959 Θεόδοτον
594 4904 1115 4974 συναναγκασθῆναι
1170 4902 1324 4974 παρά
1374 4903 1483 4957 τῶν
1532 4903 1718 4974 δήμων
1772 4903 1874 4973 τὴν

287 4995 662 5069 προσηγορίαν
694 4995 944 5050 Ἰωάννου
970 4995 1200 5066 γράψαι,
1233 4996 1327 5050 καὶ
1346 4997 1530 5066 ᾐτεῖτο
1546 4994 1875 5065 συγγνώμην

288 5088 435 5155 ἡμᾶς
460 5090 766 5160 παρασχεῖν
789 5086 867 5159 τῷ
897 5087 1003 5141 ὑπὸ
1031 5089 1278 5159 ἀνάγκης
1301 5086 1461 5142 τοῦτο
1492 5087 1871 5159 πεποιηκέναι.

290 5176 420 5232 Ὅτε
454 5179 704 5246 γενναῖος
750 5180 957 5241 ἐκεῖνος
991 5179 1101 5234 τῶν
1130 5180 1475 5251 γραμμάτων
1515 5178 1876 5251 διακομιστὴς

291 5270 666 5343 πρεσϐύτερος
703 5271 843 5344 ἔφθη
862 5276 1229 5344 κατασπεῖραι
1268 5273 1359 5326 τὸν
1391 5272 1549 5341 λόγον
1576 5272 1654 5343 τῷ
1675 5271 1873 5343 πλήθει

291 5362 386 5433 τῆς
402 5363 865 5432 Μεγαλοπόλεως,
882 5366 981 5435 τῆς
1003 5364 1315 5431 ὑποθέσεως
1336 5365 1502 5437 χάριν
1524 5360 1591 5437 ἦς
1620 5366 1872 5435 ἀφίκετο,

293 5455 382 5506 τόν
397 5472 459 5507 τε
484 5453 610 5508 νοῦν
632 5454 742 5508 τῶν
764 5456 905 5527 πρὸς
936 5457 1085 5527 ἡμᾶς
1111 5456 1457 5529 γραμμάτων
1477 5455 1875 5527 διεπόρθμευσε

292 5549 405 5610 τοῖς
444 5548 615 5613 λαοῖς,
651 5548 793 5603 ὥστε
845 5548 1165 5619 συγχύσεως
1210 5548 1409 5619 μικροῦ
1454 5550 1565 5603 δεῖν
1599 5549 1690 5604 τὸν
1722 5550 1876 5620 ὄχλον

296 5642 473 5696 πάντα
495 5642 941 5714 ἀναπλησθῆναι.
977 5642 1111 5694 Τότε
1140 5642 1227 5711 δὴ,
1251 5641 1372 5694 τότε
1399 5640 1719 5711 θορυϐηθεὶς
1742 5641 1875 5711 ἐγὼ,

296 5733 390 5786 καὶ
426 5735 518 5788 τὸν
560 5736 699 5806 ὑπὲρ
737 5735 842 5789 τῶν
893 5734 1166 5805 μεγίστων
1209 5733 1451 5787 κίνδυνον
1506 5733 1874 5800 ὑποπτεύσας,

301 5830 393 5881 καὶ
426 5830 553 5899 περὶ
604 5828 694 5881 τὸν
731 5828 1121 5882 εὐσεϐέστατον
1156 5824 1381 5896 βασιλέα
1415 5826 1718 5897 γενόμενος,
1750 5828 1874 5898 περὶ

1979 4637 2089 4682 tate
2111 4642 2175 4681 ea
2202 4640 2324 4695 quae
2348 4626 2378 4677 a
2406 4621 2665 4694 populari
2698 4636 2885 4674 rerum
2920 4618 3398 4674 administratione
3436 4631 3569 4686 pro-

1975 4718 2149 4783 venit,
2184 4714 2363 4787 premi
2398 4714 2821 4786 incipiebamus,
2849 4728 3029 4783 neque
3052 4719 3232 4766 tamen
3266 4708 3569 4781 quidquam

1976 4810 2294 4866 schismatis
2320 4816 2378 4863 et
2410 4807 2628 4863 dissidii
2674 4806 2939 4876 reliquias
2995 4804 3328 4859 curabamus
3376 4821 3389 4855 :
3443 4817 3569 4857 cum

1977 4902 2045 4957 ad
2075 4917 2173 4957 nos
2194 4918 2262 4957 ex
2284 4899 2511 4956 Oriente
2533 4899 2632 4953 Dei
2666 4896 3081 4953 amantissimus
3113 4894 3411 4965 episcopus
3426 4892 3569 4947 Aca-

1977 4995 2097 5049 cius
2136 4995 2351 5050 litteras
2391 4992 2566 5057 dedit,
2615 4990 3090 5062 religiosissimum
3120 4987 3423 5043 antistitem
3456 4987 3574 5039 An-

1930 5155 1934 5161 ,
1978 5087 2198 5144 tiocbiae
2224 5085 2571 5141 Theodotum
2598 5100 2630 5139 a
2662 5081 2890 5154 populo,
2927 5090 2989 5136 ut
3021 5095 3225 5135 nomen
3257 5076 3487 5133 Joannis
3516 5074 3574 5129 in

1979 5195 2163 5236 sacras
2194 5177 2410 5233 tabulas
2455 5176 2711 5240 referret,
2751 5181 3003 5230 coactum
3056 5187 3199 5236 esse,
3251 5178 3314 5224 ut
3354 5168 3574 5223 veniam

1979 5271 2060 5325 rei
2103 5271 2155 5326 ei
2191 5285 2358 5340 quam
2396 5267 2728 5323 necessitate
2760 5265 2853 5319 ille
2887 5262 3161 5319 adductus
3198 5258 3438 5321 fecisset,
3472 5256 3570 5310 da-

1980 5379 2188 5427 remus,
2211 5372 2425 5433 petens.
2456 5360 2525 5415 Et
2553 5369 2669 5414 tum
2695 5358 2880 5414 bonus
2901 5356 2994 5411 ille
3020 5352 3115 5424 qui
3137 5352 3352 5429 litteras
3377 5348 3444 5403 ad
3472 5362 3573 5402 nos

1979 5455 2208 5526 pertulit
2234 5453 2542 5525 presbyter,
2569 5451 2728 5521 203
2756 5464 2977 5505 causam
3002 5448 3273 5502 adventus
3308 5441 3393 5496 sui
3428 5440 3573 5495 indi-

1980 5562 2130 5612 cans,
2150 5562 2266 5601 rem
2285 5544 2430 5599 hanc
2460 5544 2516 5598 in
2534 5544 2731 5613 vulgus
2757 5554 2965 5610 magna;
2984 5537 3140 5592 urbis
3163 5533 3490 5606 propalavit,
3516 5538 3573 5585 et

1981 5639 2310 5695 sententiam
2345 5637 2485 5692 data:
2532 5634 2599 5691 ad
2630 5650 2731 5689 nos
2770 5632 3018 5703 cpistola:
3060 5628 3267 5699 populo
3301 5624 3564 5697 vulgavit,

1981 5733 2119 5788 adeo
2148 5739 2208 5785 ut
2240 5745 2435 5799 parum
2484 5727 2726 5783 abfuerit
2754 5726 2887 5795 quin
2942 5721 3179 5778 tumultu
3214 5719 3393 5789 plebis
3442 5716 3569 5771 uni-

1982 5840 2155 5881 verste
2200 5822 2335 5877 urbs
2408 5821 2615 5891 repleta
2665 5820 2752 5875 sit.
2787 5818 2867 5873 lbi
2910 5832 3043 5871 vero
3074 5830 3195 5883 rgo,
3248 5811 3323 5867 ibi
3350 5809 3573 5865 demum
