  <div class='ocr_page' id='page_1' title='image "/cluster/home/n/w/nwhite01/storage/ocr_20150623/77/pst.000004029045/183.png"; bbox 0 0 4126 6314; ppageno 0'>
   <div class='ocr_carea' id='block_1_1' title="bbox 555 337 655 394">
    <p class='ocr_par' dir='ltr' id='par_1_1' title="bbox 555 337 655 394">
     <span class='ocr_line' id='line_1_1' title="bbox 555 337 655 394; baseline 0.02 -2"><span class='ocrx_word' id='word_1_1' title='bbox 555 337 655 394; x_wconf 70' lang='grc'><strong>551</strong></span> 
     </span>
    </p>
   </div>
   <div class='ocr_carea' id='block_1_2' title="bbox 1579 331 2816 392">
    <p class='ocr_par' dir='ltr' id='par_1_2' title="bbox 1579 331 2816 392">
     <span class='ocr_line' id='line_1_2' title="bbox 1579 331 2816 392; baseline 0.001 -6"><span class='ocrx_word' id='word_1_2' title='bbox 1579 331 1636 386; x_wconf 92' lang='lat' dir='ltr'><strong>S.</strong></span> <span class='ocrx_word' id='word_1_3' title='bbox 1671 331 1944 386; x_wconf 73' lang='lat' dir='ltr'><strong>CYRILLI</strong></span> <span class='ocrx_word' id='word_1_4' title='bbox 1983 331 2454 389; x_wconf 73' lang='lat' dir='ltr'><strong>ALEXANDRINI</strong></span> <span class='ocrx_word' id='word_1_5' title='bbox 2494 335 2816 392; x_wconf 65' lang='lat' dir='ltr'><strong>AllCllllil’.</strong></span> 
     </span>
    </p>
   </div>
   <div class='ocr_carea' id='block_1_3' title="bbox 3700 336 3823 394">
    <p class='ocr_par' dir='ltr' id='par_1_3' title="bbox 3700 336 3823 394">
     <span class='ocr_line' id='line_1_3' title="bbox 3700 336 3823 394; baseline -0.016 0"><span class='ocrx_word' id='word_1_6' title='bbox 3700 336 3823 394; x_wconf 73' lang='lat'><strong>552</strong></span> 
     </span>
    </p>
   </div>
   <div class='ocr_carea' id='block_1_4' title="bbox 551 449 2141 526">
    <p class='ocr_par' dir='ltr' id='par_1_4' title="bbox 551 449 2130 526">
     <span class='ocr_line' id='line_1_4' title="bbox 551 449 2130 526; baseline -0.003 -18"><span class='ocrx_word' id='word_1_7' title='bbox 551 461 933 526; x_wconf 86' lang='lat' dir='ltr'><strong>perturoatus,</strong></span> <span class='ocrx_word' id='word_1_8' title='bbox 970 461 1028 507; x_wconf 90' lang='lat' dir='ltr'><strong>et</strong></span> <span class='ocrx_word' id='word_1_9' title='bbox 1049 467 1117 507; x_wconf 82' lang='lat' dir='ltr'><strong>ue</strong></span> <span class='ocrx_word' id='word_1_10' title='bbox 1165 451 1335 507; x_wconf 85' lang='lat' dir='ltr'><strong>rebus</strong></span> <span class='ocrx_word' id='word_1_11' title='bbox 1375 450 1627 505; x_wconf 74' lang='lat' dir='ltr'><strong>maximis</strong></span> <span class='ocrx_word' id='word_1_12' title='bbox 1659 449 1958 504; x_wconf 81' lang='lat' dir='ltr'><strong>discrimen</strong></span> <span class='ocrx_word' id='word_1_13' title='bbox 1981 465 2130 506; x_wconf 89' lang='lat' dir='ltr'><strong>sum-</strong></span> 
     </span>
    </p>
   </div>
   <div class='ocr_carea' id='block_1_5' title="bbox 2241 449 3820 526">
    <p class='ocr_par' dir='ltr' id='par_1_5' title="bbox 2241 452 3820 525">
     <span class='ocr_line' id='line_1_5' title="bbox 2241 452 3820 525; baseline 0.001 -20"><span class='ocrx_word' id='word_1_14' title='bbox 2241 453 2487 525; x_wconf 74' lang='grc' dir='ltr'>εἰρήνης,</span> <span class='ocrx_word' id='word_1_15' title='bbox 2518 455 2612 507; x_wconf 73' lang='grc' dir='ltr'>καὶ</span> <span class='ocrx_word' id='word_1_16' title='bbox 2643 454 2740 523; x_wconf 68' lang='grc' dir='ltr'>τῆς</span> <span class='ocrx_word' id='word_1_17' title='bbox 2758 453 3075 516; x_wconf 73' lang='grc' dir='ltr'>εὐσταθείας</span> <span class='ocrx_word' id='word_1_18' title='bbox 3098 452 3398 523; x_wconf 75' lang='grc' dir='ltr'><strong>ἐποιούμην</strong></span> <span class='ocrx_word' id='word_1_19' title='bbox 3427 452 3517 505; x_wconf 80' lang='grc' dir='ltr'>τὸν</span> <span class='ocrx_word' id='word_1_20' title='bbox 3537 452 3710 520; x_wconf 76' lang='grc' dir='ltr'>λόγον.</span> <span class='ocrx_word' id='word_1_21' title='bbox 3744 454 3820 506; x_wconf 84' lang='grc' dir='ltr'><strong>Ὀ</strong></span> 
     </span>
    </p>
   </div>
   <div class='ocr_carea' id='block_1_6' title="bbox 554 539 2132 614">
    <p class='ocr_par' dir='ltr' id='par_1_6' title="bbox 554 539 2132 614">
     <span class='ocr_line' id='line_1_6' title="bbox 554 539 2132 614; baseline -0.002 -15"><span class='ocrx_word' id='word_1_22' title='bbox 554 560 703 600; x_wconf 89' lang='lat' dir='ltr'><strong>mum</strong></span> <span class='ocrx_word' id='word_1_23' title='bbox 739 545 973 607; x_wconf 86' lang='lat' dir='ltr'><strong>veritus,</strong></span> <span class='ocrx_word' id='word_1_24' title='bbox 1003 543 1312 614; x_wconf 85' lang='lat' dir='ltr'><strong>piissimum</strong></span> <span class='ocrx_word' id='word_1_25' title='bbox 1345 543 1727 612; x_wconf 77' lang='lat' dir='ltr'><strong>imperatorem</strong></span> <span class='ocrx_word' id='word_1_26' title='bbox 1755 539 1885 604; x_wconf 86' lang='lat' dir='ltr'><strong>adii,</strong></span> <span class='ocrx_word' id='word_1_27' title='bbox 1913 547 1971 596; x_wconf 90' lang='lat' dir='ltr'><strong>et</strong></span> <span class='ocrx_word' id='word_1_28' title='bbox 2005 557 2132 596; x_wconf 88' lang='lat' dir='ltr'><strong>cum</strong></span> 
     </span>
    </p>
   </div>
   <div class='ocr_carea' id='block_1_7' title="bbox 551 630 2134 704">
    <p class='ocr_par' dir='ltr' id='par_1_7' title="bbox 551 630 2134 704">
     <span class='ocr_line' id='line_1_7' title="bbox 551 630 2134 704; baseline -0.002 -15"><span class='ocrx_word' id='word_1_29' title='bbox 551 649 620 690; x_wconf 91' lang='lat' dir='ltr'><strong>eo</strong></span> <span class='ocrx_word' id='word_1_30' title='bbox 646 634 715 690; x_wconf 90' lang='lat' dir='ltr'><strong>de</strong></span> <span class='ocrx_word' id='word_1_31' title='bbox 748 649 882 704; x_wconf 86' lang='lat' dir='ltr'><strong>pace</strong></span> <span class='ocrx_word' id='word_1_32' title='bbox 903 644 960 690; x_wconf 87' lang='lat' dir='ltr'><strong>et</strong></span> <span class='ocrx_word' id='word_1_33' title='bbox 984 633 1282 704; x_wconf 88' lang='lat' dir='ltr'><strong>tranquillo</strong></span> <span class='ocrx_word' id='word_1_34' title='bbox 1312 647 1497 687; x_wconf 92' lang='lat' dir='ltr'><strong>rerum</strong></span> <span class='ocrx_word' id='word_1_35' title='bbox 1532 641 1676 687; x_wconf 86' lang='lat' dir='ltr'><strong>statu</strong></span> <span class='ocrx_word' id='word_1_36' title='bbox 1700 631 1808 702; x_wconf 90' lang='lat' dir='ltr'><strong>egi.</strong></span> <span class='ocrx_word' id='word_1_37' title='bbox 1833 630 2008 700; x_wconf 81' lang='lat' dir='ltr'><strong>Atque</strong></span> <span class='ocrx_word' id='word_1_38' title='bbox 2040 632 2134 687; x_wconf 91' lang='lat' dir='ltr'><strong>ille</strong></span> 
     </span>
    </p>
   </div>
   <div class='ocr_carea' id='block_1_8' title="bbox 552 722 2133 795">
    <p class='ocr_par' dir='ltr' id='par_1_8' title="bbox 552 722 2133 795">
     <span class='ocr_line' id='line_1_8' title="bbox 552 722 2133 795; baseline -0.001 -15"><span class='ocrx_word' id='word_1_39' title='bbox 552 726 692 780; x_wconf 84' lang='lat' dir='ltr'><strong>nihil</strong></span> <span class='ocrx_word' id='word_1_40' title='bbox 717 741 838 780; x_wconf 89' lang='lat' dir='ltr'><strong>esse</strong></span> <span class='ocrx_word' id='word_1_41' title='bbox 873 725 1101 795; x_wconf 88' lang='lat' dir='ltr'><strong>periculi</strong></span> <span class='ocrx_word' id='word_1_42' title='bbox 1134 731 1229 779; x_wconf 91' lang='lat' dir='ltr'><strong>aut</strong></span> <span class='ocrx_word' id='word_1_43' title='bbox 1258 722 1589 780; x_wconf 86' lang='lat' dir='ltr'><strong>incommodi</strong></span> <span class='ocrx_word' id='word_1_44' title='bbox 1615 722 1922 793; x_wconf 88' lang='lat' dir='ltr'><strong>respondit,</strong></span> <span class='ocrx_word' id='word_1_45' title='bbox 1950 722 1994 777; x_wconf 87' lang='lat' dir='ltr'><strong>si</strong></span> <span class='ocrx_word' id='word_1_46' title='bbox 2033 722 2133 778; x_wconf 87' lang='lat' dir='ltr'><strong>de-</strong></span> 
     </span>
    </p>
   </div>
   <div class='ocr_carea' id='block_1_9' title="bbox 553 814 2133 885">
    <p class='ocr_par' dir='ltr' id='par_1_9' title="bbox 553 814 2133 885">
     <span class='ocr_line' id='line_1_9' title="bbox 553 814 2133 885; baseline -0.003 -13"><span class='ocrx_word' id='word_1_47' title='bbox 553 817 726 872; x_wconf 91' lang='lat' dir='ltr'><strong>functi</strong></span> <span class='ocrx_word' id='word_1_48' title='bbox 759 818 862 871; x_wconf 85' lang='lat' dir='ltr'><strong>viri</strong></span> <span class='ocrx_word' id='word_1_49' title='bbox 896 833 1117 877; x_wconf 86' lang='lat' dir='ltr'><strong>nomen.</strong></span> <span class='ocrx_word' id='word_1_50' title='bbox 1153 815 1589 885; x_wconf 89' lang='lat' dir='ltr'><strong>tranquillitatis,</strong></span> <span class='ocrx_word' id='word_1_51' title='bbox 1643 815 1794 885; x_wconf 83' lang='lat' dir='ltr'><strong>pacis</strong></span> <span class='ocrx_word' id='word_1_52' title='bbox 1835 822 1891 869; x_wconf 89' lang='lat' dir='ltr'><strong>et</strong></span> <span class='ocrx_word' id='word_1_53' title='bbox 1943 814 2133 884; x_wconf 89' lang='lat' dir='ltr'><strong>populi</strong></span> 
     </span>
    </p>
   </div>
   <div class='ocr_carea' id='block_1_10' title="bbox 553 907 2133 978">
    <p class='ocr_par' dir='ltr' id='par_1_10' title="bbox 553 907 2133 978">
     <span class='ocr_line' id='line_1_10' title="bbox 553 907 2133 978; baseline -0.003 -14"><span class='ocrx_word' id='word_1_54' title='bbox 553 908 862 964; x_wconf 77' lang='lat' dir='ltr'><strong>concordia:</strong></span> <span class='ocrx_word' id='word_1_55' title='bbox 903 907 1075 978; x_wconf 83' lang='lat' dir='ltr'><strong>gratia</strong></span> <span class='ocrx_word' id='word_1_56' title='bbox 1131 907 1549 962; x_wconf 76' lang='lat' dir='ltr'><strong>inscriberetur.</strong></span> <span class='ocrx_word' id='word_1_57' title='bbox 1586 907 1776 976; x_wconf 84' lang='lat' dir='ltr'><strong>Itaque</strong></span> <span class='ocrx_word' id='word_1_58' title='bbox 1824 921 1927 976; x_wconf 88' lang='lat' dir='ltr'><strong>ego</strong></span> <span class='ocrx_word' id='word_1_59' title='bbox 1964 921 2030 960; x_wconf 87' lang='lat' dir='ltr'><strong>ea</strong></span> <span class='ocrx_word' id='word_1_60' title='bbox 2072 920 2133 960; x_wconf 92' lang='lat' dir='ltr'><strong>re</strong></span> 
     </span>
    </p>
   </div>
   <div class='ocr_carea' id='block_1_11' title="bbox 555 995 2135 1069">
    <p class='ocr_par' dir='ltr' id='par_1_11' title="bbox 555 995 2135 1069">
     <span class='ocr_line' id='line_1_11' title="bbox 555 995 2135 1069; baseline -0.004 -16"><span class='ocrx_word' id='word_1_61' title='bbox 555 1014 876 1068; x_wconf 86' lang='lat' dir='ltr'><strong>persuasus,</strong></span> <span class='ocrx_word' id='word_1_62' title='bbox 917 998 1214 1069; x_wconf 90' lang='lat' dir='ltr'><strong>(quomodo</strong></span> <span class='ocrx_word' id='word_1_63' title='bbox 1258 996 1404 1052; x_wconf 86' lang='lat' dir='ltr'><strong>enim</strong></span> <span class='ocrx_word' id='word_1_64' title='bbox 1443 995 1774 1051; x_wconf 69' lang='lat' dir='ltr'><strong>necessitate</strong></span> <span class='ocrx_word' id='word_1_65' title='bbox 1821 1001 2135 1065; x_wconf 66' lang='lat' dir='ltr'><strong>praeventus</strong></span> 
     </span>
    </p>
   </div>
   <div class='ocr_carea' id='block_1_12' title="bbox 554 1081 2134 1155">
    <p class='ocr_par' dir='ltr' id='par_1_12' title="bbox 554 1081 2134 1155">
     <span class='ocr_line' id='line_1_12' title="bbox 554 1081 2134 1155; baseline -0.004 -13"><span class='ocrx_word' id='word_1_66' title='bbox 554 1086 611 1142; x_wconf 91' lang='lat' dir='ltr'><strong>id</strong></span> <span class='ocrx_word' id='word_1_67' title='bbox 645 1101 752 1140; x_wconf 90' lang='lat' dir='ltr'><strong>non</strong></span> <span class='ocrx_word' id='word_1_68' title='bbox 779 1086 1076 1154; x_wconf 79' lang='lat' dir='ltr'><strong>facerem?)</strong></span> <span class='ocrx_word' id='word_1_69' title='bbox 1103 1102 1172 1141; x_wconf 90' lang='lat' dir='ltr'><strong>ne</strong></span> <span class='ocrx_word' id='word_1_70' title='bbox 1199 1085 1481 1155; x_wconf 71' lang='lat' dir='ltr'><strong>religionis</strong></span> <span class='ocrx_word' id='word_1_71' title='bbox 1510 1093 1712 1139; x_wconf 78' lang='lat' dir='ltr'><strong>nostra:</strong></span> <span class='ocrx_word' id='word_1_72' title='bbox 1734 1099 1824 1139; x_wconf 86' lang='lat' dir='ltr'><strong>res</strong></span> <span class='ocrx_word' id='word_1_73' title='bbox 1850 1098 1918 1138; x_wconf 82' lang='lat' dir='ltr'><strong>ex</strong></span> <span class='ocrx_word' id='word_1_74' title='bbox 1943 1081 2134 1137; x_wconf 90' lang='lat' dir='ltr'><strong>multi-</strong></span> 
     </span>
    </p>
   </div>
   <div class='ocr_carea' id='block_1_13' title="bbox 557 1175 2132 1248">
    <p class='ocr_par' dir='ltr' id='par_1_13' title="bbox 557 1175 2132 1248">
     <span class='ocr_line' id='line_1_13' title="bbox 557 1175 2132 1248; baseline -0.004 -14"><span class='ocrx_word' id='word_1_75' title='bbox 557 1177 763 1234; x_wconf 88' lang='lat' dir='ltr'><strong>tudinis</strong></span> <span class='ocrx_word' id='word_1_76' title='bbox 797 1179 1049 1244; x_wconf 81' lang='lat' dir='ltr'><strong>arbitrio,</strong></span> <span class='ocrx_word' id='word_1_77' title='bbox 1077 1179 1331 1248; x_wconf 77' lang='lat' dir='ltr'><strong>exemplo</strong></span> <span class='ocrx_word' id='word_1_78' title='bbox 1353 1193 1462 1232; x_wconf 93' lang='lat' dir='ltr'><strong>uno</strong></span> <span class='ocrx_word' id='word_1_79' title='bbox 1491 1178 1780 1248; x_wconf 88' lang='lat' dir='ltr'><strong>permisso,</strong></span> <span class='ocrx_word' id='word_1_80' title='bbox 1810 1175 2132 1243; x_wconf 87' lang='lat' dir='ltr'><strong>penderent,</strong></span> 
     </span>
    </p>
   </div>
   <div class='ocr_carea' id='block_1_14' title="bbox 555 1267 2136 1342">
    <p class='ocr_par' dir='ltr' id='par_1_14' title="bbox 555 1267 2136 1342">
     <span class='ocr_line' id='line_1_14' title="bbox 555 1267 2136 1342; baseline -0.002 -16"><span class='ocrx_word' id='word_1_81' title='bbox 555 1288 694 1328; x_wconf 87' lang='lat' dir='ltr'><strong>neve</strong></span> <span class='ocrx_word' id='word_1_82' title='bbox 727 1272 920 1327; x_wconf 89' lang='lat' dir='ltr'><strong>urbem</strong></span> <span class='ocrx_word' id='word_1_83' title='bbox 948 1272 1122 1342; x_wconf 86' lang='lat' dir='ltr'><strong>ipsam</strong></span> <span class='ocrx_word' id='word_1_84' title='bbox 1155 1271 1408 1342; x_wconf 85' lang='lat' dir='ltr'><strong>populari</strong></span> <span class='ocrx_word' id='word_1_85' title='bbox 1431 1267 1900 1324; x_wconf 85' lang='lat' dir='ltr'><strong>administrationi</strong></span> <span class='ocrx_word' id='word_1_86' title='bbox 1945 1283 2136 1323; x_wconf 89' lang='lat' dir='ltr'><strong>assue-</strong></span> 
     </span>
    </p>
   </div>
   <div class='ocr_carea' id='block_1_15' title="bbox 554 1358 2135 1430">
    <p class='ocr_par' dir='ltr' id='par_1_15' title="bbox 554 1358 2135 1430">
     <span class='ocr_line' id='line_1_15' title="bbox 554 1358 2135 1430; baseline -0.002 -14"><span class='ocrx_word' id='word_1_87' title='bbox 554 1363 881 1426; x_wconf 85' lang='lat' dir='ltr'><strong>faceremus,</strong></span> <span class='ocrx_word' id='word_1_88' title='bbox 915 1376 1116 1416; x_wconf 90' lang='lat' dir='ltr'><strong>nomen</strong></span> <span class='ocrx_word' id='word_1_89' title='bbox 1144 1360 1198 1415; x_wconf 92' lang='lat' dir='ltr'><strong>id</strong></span> <span class='ocrx_word' id='word_1_90' title='bbox 1227 1361 1284 1414; x_wconf 89' lang='lat' dir='ltr'><strong>in</strong></span> <span class='ocrx_word' id='word_1_91' title='bbox 1315 1360 1498 1415; x_wconf 92' lang='lat' dir='ltr'><strong>album</strong></span> <span class='ocrx_word' id='word_1_92' title='bbox 1527 1359 1723 1415; x_wconf 86' lang='lat' dir='ltr'><strong>referri</strong></span> <span class='ocrx_word' id='word_1_93' title='bbox 1741 1358 1914 1430; x_wconf 85' lang='lat' dir='ltr'><strong>jussi;</strong></span> <span class='ocrx_word' id='word_1_94' title='bbox 1942 1373 2135 1428; x_wconf 87' lang='lat' dir='ltr'><strong>quare,</strong></span> 
     </span>
    </p>
   </div>
   <div class='ocr_carea' id='block_1_16' title="bbox 555 1450 2136 1524">
    <p class='ocr_par' dir='ltr' id='par_1_16' title="bbox 555 1450 2136 1524">
     <span class='ocr_line' id='line_1_16' title="bbox 555 1450 2136 1524; baseline -0.001 -17"><span class='ocrx_word' id='word_1_95' title='bbox 555 1465 618 1509; x_wconf 90' lang='lat' dir='ltr'><strong>ut</strong></span> <span class='ocrx_word' id='word_1_96' title='bbox 635 1454 891 1524; x_wconf 89' lang='lat' dir='ltr'><strong>equidem</strong></span> <span class='ocrx_word' id='word_1_97' title='bbox 915 1463 1072 1523; x_wconf 86' lang='lat' dir='ltr'><strong>puto.</strong></span> <span class='ocrx_word' id='word_1_98' title='bbox 1108 1467 1288 1522; x_wconf 84' lang='lat' dir='ltr'><strong>neque</strong></span> <span class='ocrx_word' id='word_1_99' title='bbox 1320 1453 1374 1506; x_wconf 93' lang='lat' dir='ltr'><strong>in</strong></span> <span class='ocrx_word' id='word_1_100' title='bbox 1405 1466 1590 1507; x_wconf 90' lang='lat' dir='ltr'><strong>sacros</strong></span> <span class='ocrx_word' id='word_1_101' title='bbox 1608 1465 1846 1506; x_wconf 85' lang='lat' dir='ltr'><strong>canones</strong></span> <span class='ocrx_word' id='word_1_102' title='bbox 1863 1450 2136 1516; x_wconf 86' lang='lat' dir='ltr'><strong>commisi,</strong></span> 
     </span>
    </p>
   </div>
   <div class='ocr_carea' id='block_1_17' title="bbox 554 1541 2138 1616">
    <p class='ocr_par' dir='ltr' id='par_1_17' title="bbox 554 1541 2138 1616">
     <span class='ocr_line' id='line_1_17' title="bbox 554 1541 2138 1616; baseline -0.001 -17"><span class='ocrx_word' id='word_1_103' title='bbox 554 1561 736 1615; x_wconf 85' lang='lat' dir='ltr'><strong>neque</strong></span> <span class='ocrx_word' id='word_1_104' title='bbox 753 1543 965 1616; x_wconf 83' lang='lat' dir='ltr'><strong>judicio</strong></span> <span class='ocrx_word' id='word_1_105' title='bbox 989 1544 1214 1599; x_wconf 84' lang='lat' dir='ltr'><strong>Patrum</strong></span> <span class='ocrx_word' id='word_1_106' title='bbox 1238 1543 1486 1598; x_wconf 90' lang='lat' dir='ltr'><strong>fraudem</strong></span> <span class='ocrx_word' id='word_1_107' title='bbox 1518 1541 1640 1597; x_wconf 89' lang='lat' dir='ltr'><strong>feci.</strong></span> <span class='ocrx_word' id='word_1_108' title='bbox 1666 1541 1868 1595; x_wconf 78' lang='lat' dir='ltr'><strong>Mentio</strong></span> <span class='ocrx_word' id='word_1_109' title='bbox 1900 1556 2138 1612; x_wconf 86' lang='lat' dir='ltr'><strong>namque</strong></span> 
     </span>
    </p>
   </div>
   <div class='ocr_carea' id='block_1_18' title="bbox 478 1631 2138 1708">
    <p class='ocr_par' dir='ltr' id='par_1_18' title="bbox 478 1631 2138 1708">
     <span class='ocr_line' id='line_1_18' title="bbox 478 1631 2138 1708; baseline -0.002 -16"><span class='ocrx_word' id='word_1_110' title='bbox 478 1644 484 1649; x_wconf 78' lang='lat'><em>’</em></span> <span class='ocrx_word' id='word_1_111' title='bbox 553 1639 674 1708; x_wconf 83' lang='lat' dir='ltr'><strong>ejus</strong></span> <span class='ocrx_word' id='word_1_112' title='bbox 715 1637 775 1692; x_wconf 82' lang='lat' dir='ltr'><strong>fit</strong></span> <span class='ocrx_word' id='word_1_113' title='bbox 799 1652 926 1692; x_wconf 91' lang='lat' dir='ltr'><strong>cum</strong></span> <span class='ocrx_word' id='word_1_114' title='bbox 968 1636 1245 1691; x_wconf 80' lang='lat' dir='ltr'><strong>defunctis</strong></span> <span class='ocrx_word' id='word_1_115' title='bbox 1273 1651 1382 1688; x_wconf 91' lang='lat' dir='ltr'><strong>non</strong></span> <span class='ocrx_word' id='word_1_116' title='bbox 1412 1635 1589 1689; x_wconf 89' lang='lat' dir='ltr'><strong>solum</strong></span> <span class='ocrx_word' id='word_1_117' title='bbox 1623 1632 1918 1703; x_wconf 87' lang='lat' dir='ltr'><strong>episcopis,</strong></span> <span class='ocrx_word' id='word_1_118' title='bbox 1953 1631 2049 1688; x_wconf 92' lang='lat' dir='ltr'><strong>sed</strong></span> <span class='ocrx_word' id='word_1_119' title='bbox 2080 1641 2138 1688; x_wconf 90' lang='lat' dir='ltr'><strong>et</strong></span> 
     </span>
    </p>
   </div>
   <div class='ocr_carea' id='block_1_19' title="bbox 555 1722 2132 1799">
    <p class='ocr_par' dir='ltr' id='par_1_19' title="bbox 555 1722 2132 1799">
     <span class='ocr_line' id='line_1_19' title="bbox 555 1722 2132 1799; baseline -0.004 -18"><span class='ocrx_word' id='word_1_120' title='bbox 555 1727 913 1799; x_wconf 85' lang='lat' dir='ltr'><strong>presbyteris,</strong></span> <span class='ocrx_word' id='word_1_121' title='bbox 947 1725 1196 1780; x_wconf 88' lang='lat' dir='ltr'><strong>diaeonis</strong></span> <span class='ocrx_word' id='word_1_122' title='bbox 1229 1733 1286 1778; x_wconf 91' lang='lat' dir='ltr'><strong>et</strong></span> <span class='ocrx_word' id='word_1_123' title='bbox 1307 1724 1463 1779; x_wconf 89' lang='lat' dir='ltr'><strong>laicis</strong></span> <span class='ocrx_word' id='word_1_124' title='bbox 1487 1723 1641 1794; x_wconf 86' lang='lat' dir='ltr'><strong>ipsis,</strong></span> <span class='ocrx_word' id='word_1_125' title='bbox 1675 1722 2132 1791; x_wconf 87' lang='lat' dir='ltr'><strong>mulieribusque,</strong></span> 
     </span>
    </p>
   </div>
   <div class='ocr_carea' id='block_1_20' title="bbox 555 1807 2208 1889">
    <p class='ocr_par' dir='ltr' id='par_1_20' title="bbox 555 1807 2208 1889">
     <span class='ocr_line' id='line_1_20' title="bbox 555 1807 2208 1889; baseline -0.007 -15"><span class='ocrx_word' id='word_1_126' title='bbox 555 1835 681 1874; x_wconf 89' lang='lat' dir='ltr'><strong>cum</strong></span> <span class='ocrx_word' id='word_1_127' title='bbox 729 1819 933 1889; x_wconf 89' lang='lat' dir='ltr'><strong>quibus</strong></span> <span class='ocrx_word' id='word_1_128' title='bbox 966 1817 1225 1873; x_wconf 90' lang='lat' dir='ltr'><strong>omnibus</strong></span> <span class='ocrx_word' id='word_1_129' title='bbox 1274 1817 1438 1872; x_wconf 89' lang='lat' dir='ltr'><strong>nobis</strong></span> <span class='ocrx_word' id='word_1_130' title='bbox 1469 1815 1764 1872; x_wconf 87' lang='lat' dir='ltr'><strong>sacerdotii</strong></span> <span class='ocrx_word' id='word_1_131' title='bbox 1796 1815 2131 1877; x_wconf 85' lang='lat' dir='ltr'><strong>communio,</strong></span> <span class='ocrx_word' id='word_1_132' title='bbox 2165 1807 2208 1862; x_wconf 82' lang='grc' dir='ltr'><strong>Β</strong></span> 
     </span>
    </p>
   </div>
   <div class='ocr_carea' id='block_1_21' title="bbox 554 1905 2133 1980">
    <p class='ocr_par' dir='ltr' id='par_1_21' title="bbox 554 1905 2133 1980">
     <span class='ocr_line' id='line_1_21' title="bbox 554 1905 2133 1980; baseline -0.004 -15"><span class='ocrx_word' id='word_1_133' title='bbox 554 1920 651 1965; x_wconf 83' lang='lat' dir='ltr'><strong>aut</strong></span> <span class='ocrx_word' id='word_1_134' title='bbox 672 1926 862 1967; x_wconf 90' lang='lat' dir='ltr'><strong>earum</strong></span> <span class='ocrx_word' id='word_1_135' title='bbox 893 1927 1076 1966; x_wconf 89' lang='lat' dir='ltr'><strong>rerum</strong></span> <span class='ocrx_word' id='word_1_136' title='bbox 1107 1924 1229 1980; x_wconf 69' lang='lat' dir='ltr'><strong>quae</strong></span> <span class='ocrx_word' id='word_1_137' title='bbox 1263 1909 1317 1963; x_wconf 91' lang='lat' dir='ltr'><strong>in</strong></span> <span class='ocrx_word' id='word_1_138' title='bbox 1348 1923 1503 1963; x_wconf 89' lang='lat' dir='ltr'><strong>sacra</strong></span> <span class='ocrx_word' id='word_1_139' title='bbox 1529 1922 1719 1962; x_wconf 89' lang='lat' dir='ltr'><strong>mensa</strong></span> <span class='ocrx_word' id='word_1_140' title='bbox 1747 1905 1974 1976; x_wconf 84' lang='lat' dir='ltr'><strong>mystice</strong></span> <span class='ocrx_word' id='word_1_141' title='bbox 2001 1920 2133 1975; x_wconf 91' lang='lat' dir='ltr'><strong>per-</strong></span> 
     </span>
    </p>
   </div>
   <div class='ocr_carea' id='block_1_22' title="bbox 553 1995 2134 2071">
    <p class='ocr_par' dir='ltr' id='par_1_22' title="bbox 553 1995 2134 2071">
     <span class='ocr_line' id='line_1_22' title="bbox 553 1995 2134 2071; baseline -0.002 -18"><span class='ocrx_word' id='word_1_142' title='bbox 553 2000 858 2071; x_wconf 87' lang='lat' dir='ltr'><strong>cipiuntur,</strong></span> <span class='ocrx_word' id='word_1_143' title='bbox 887 1999 1240 2071; x_wconf 87' lang='lat' dir='ltr'><strong>participatio</strong></span> <span class='ocrx_word' id='word_1_144' title='bbox 1273 2014 1387 2052; x_wconf 87' lang='lat' dir='ltr'><strong>non</strong></span> <span class='ocrx_word' id='word_1_145' title='bbox 1420 2005 1522 2052; x_wconf 87' lang='lat' dir='ltr'><strong>est.</strong></span> <span class='ocrx_word' id='word_1_146' title='bbox 1548 1997 1738 2068; x_wconf 83' lang='lat' dir='ltr'><strong>Magna</strong></span> <span class='ocrx_word' id='word_1_147' title='bbox 1769 1996 1916 2050; x_wconf 92' lang='lat' dir='ltr'><strong>enim</strong></span> <span class='ocrx_word' id='word_1_148' title='bbox 1945 2004 2028 2050; x_wconf 88' lang='lat' dir='ltr'><strong>est</strong></span> <span class='ocrx_word' id='word_1_149' title='bbox 2047 1995 2134 2050; x_wconf 87' lang='lat' dir='ltr'><strong>in-</strong></span> 
     </span>
    </p>
   </div>
   <div class='ocr_carea' id='block_1_23' title="bbox 554 2090 2135 2164">
    <p class='ocr_par' dir='ltr' id='par_1_23' title="bbox 554 2090 2135 2164">
     <span class='ocr_line' id='line_1_23' title="bbox 554 2090 2135 2164; baseline -0.003 -17"><span class='ocrx_word' id='word_1_150' title='bbox 554 2103 640 2147; x_wconf 87' lang='lat' dir='ltr'><strong>ter</strong></span> <span class='ocrx_word' id='word_1_151' title='bbox 661 2092 952 2149; x_wconf 88' lang='lat' dir='ltr'><strong>defunctos</strong></span> <span class='ocrx_word' id='word_1_152' title='bbox 974 2102 1032 2148; x_wconf 92' lang='lat' dir='ltr'><strong>et</strong></span> <span class='ocrx_word' id='word_1_153' title='bbox 1059 2093 1385 2164; x_wconf 87' lang='lat' dir='ltr'><strong>superstites</strong></span> <span class='ocrx_word' id='word_1_154' title='bbox 1411 2090 1749 2156; x_wconf 71' lang='lat' dir='ltr'><strong>differentia,</strong></span> <span class='ocrx_word' id='word_1_155' title='bbox 1783 2091 1859 2144; x_wconf 87' lang='lat' dir='ltr'><strong>ita</strong></span> <span class='ocrx_word' id='word_1_156' title='bbox 1887 2097 1947 2144; x_wconf 92' lang='lat' dir='ltr'><strong>ut</strong></span> <span class='ocrx_word' id='word_1_157' title='bbox 1968 2090 2135 2144; x_wconf 88' lang='lat' dir='ltr'><strong>etiam</strong></span> 
     </span>
    </p>
   </div>
   <div class='ocr_carea' id='block_1_24' title="bbox 555 2181 2138 2254">
    <p class='ocr_par' dir='ltr' id='par_1_24' title="bbox 555 2181 2138 2254">
     <span class='ocr_line' id='line_1_24' title="bbox 555 2181 2138 2254; baseline -0.002 -16"><span class='ocrx_word' id='word_1_158' title='bbox 555 2183 705 2248; x_wconf 85' lang='lat' dir='ltr'><strong>libri,</strong></span> <span class='ocrx_word' id='word_1_159' title='bbox 736 2193 964 2254; x_wconf 89' lang='lat' dir='ltr'><strong>propter</strong></span> <span class='ocrx_word' id='word_1_160' title='bbox 983 2182 1333 2239; x_wconf 74' lang='lat' dir='ltr'><strong>diﬂ‘erentem</strong></span> <span class='ocrx_word' id='word_1_161' title='bbox 1367 2197 1560 2237; x_wconf 90' lang='lat' dir='ltr'><strong>eorum</strong></span> <span class='ocrx_word' id='word_1_162' title='bbox 1591 2197 1826 2250; x_wconf 89' lang='lat' dir='ltr'><strong>quorum</strong></span> <span class='ocrx_word' id='word_1_163' title='bbox 1871 2181 2138 2236; x_wconf 89' lang='lat' dir='ltr'><strong>memoria</strong></span> 
     </span>
    </p>
   </div>
   <div class='ocr_carea' id='block_1_25' title="bbox 554 2272 2138 2340">
    <p class='ocr_par' dir='ltr' id='par_1_25' title="bbox 554 2272 2138 2340">
     <span class='ocr_line' id='line_1_25' title="bbox 554 2272 2138 2340; baseline -0.002 -10"><span class='ocrx_word' id='word_1_164' title='bbox 554 2285 918 2332; x_wconf 86' lang='lat' dir='ltr'><strong>conservatur</strong></span> <span class='ocrx_word' id='word_1_165' title='bbox 943 2284 1165 2340; x_wconf 89' lang='lat' dir='ltr'><strong>statum,</strong></span> <span class='ocrx_word' id='word_1_166' title='bbox 1190 2274 1416 2330; x_wconf 83' lang='lat' dir='ltr'><strong>discreti</strong></span> <span class='ocrx_word' id='word_1_167' title='bbox 1438 2274 1570 2329; x_wconf 88' lang='lat' dir='ltr'><strong>sint.</strong></span> <span class='ocrx_word' id='word_1_168' title='bbox 1598 2273 1744 2328; x_wconf 87' lang='lat' dir='ltr'><strong>Nihil</strong></span> <span class='ocrx_word' id='word_1_169' title='bbox 1772 2273 1920 2328; x_wconf 90' lang='lat' dir='ltr'><strong>enim</strong></span> <span class='ocrx_word' id='word_1_170' title='bbox 1945 2272 2138 2328; x_wconf 88' lang='lat' dir='ltr'><strong>Davidi</strong></span> 
     </span>
    </p>
   </div>
   <div class='ocr_carea' id='block_1_26' title="bbox 556 2365 2138 2436">
    <p class='ocr_par' dir='ltr' id='par_1_26' title="bbox 556 2365 2138 2436">
     <span class='ocr_line' id='line_1_26' title="bbox 556 2365 2138 2436; baseline -0.002 -13"><span class='ocrx_word' id='word_1_171' title='bbox 556 2368 736 2423; x_wconf 89' lang='lat' dir='ltr'><strong>obfuit</strong></span> <span class='ocrx_word' id='word_1_172' title='bbox 775 2366 1077 2423; x_wconf 85' lang='lat' dir='ltr'><strong>honorifica</strong></span> <span class='ocrx_word' id='word_1_173' title='bbox 1114 2365 1296 2422; x_wconf 83' lang='lat' dir='ltr'><strong>Saulis</strong></span> <span class='ocrx_word' id='word_1_174' title='bbox 1328 2367 1636 2436; x_wconf 85' lang='lat' dir='ltr'><strong>sepultura,</strong></span> <span class='ocrx_word' id='word_1_175' title='bbox 1665 2379 1843 2435; x_wconf 90' lang='lat' dir='ltr'><strong>neque</strong></span> <span class='ocrx_word' id='word_1_176' title='bbox 1876 2366 2138 2435; x_wconf 78' lang='lat' dir='ltr'><strong>apostolis</strong></span> 
     </span>
    </p>
   </div>
   <div class='ocr_carea' id='block_1_27' title="bbox 555 2456 2137 2530">
    <p class='ocr_par' dir='ltr' id='par_1_27' title="bbox 555 2456 2137 2530">
     <span class='ocr_line' id='line_1_27' title="bbox 555 2456 2137 2530; baseline -0.001 -15"><span class='ocrx_word' id='word_1_177' title='bbox 555 2460 674 2515; x_wconf 79' lang='lat' dir='ltr'><strong>Arii</strong></span> <span class='ocrx_word' id='word_1_178' title='bbox 706 2459 1006 2530; x_wconf 88' lang='lat' dir='ltr'><strong>impietatis</strong></span> <span class='ocrx_word' id='word_1_179' title='bbox 1052 2468 1292 2514; x_wconf 89' lang='lat' dir='ltr'><strong>sectator</strong></span> <span class='ocrx_word' id='word_1_180' title='bbox 1333 2458 1638 2521; x_wconf 78' lang='lat' dir='ltr'><strong>Eudoxius,</strong></span> <span class='ocrx_word' id='word_1_181' title='bbox 1662 2456 1764 2512; x_wconf 89' lang='lat' dir='ltr'><strong>sub</strong></span> <span class='ocrx_word' id='word_1_182' title='bbox 1789 2456 1980 2513; x_wconf 86' lang='lat' dir='ltr'><strong>eadem</strong></span> <span class='ocrx_word' id='word_1_183' title='bbox 2007 2474 2137 2514; x_wconf 89' lang='lat' dir='ltr'><strong>san-</strong></span> 
     </span>
    </p>
   </div>
   <div class='ocr_carea' id='block_1_28' title="bbox 552 2550 2140 2630">
    <p class='ocr_par' dir='ltr' id='par_1_28' title="bbox 552 2550 2140 2630">
     <span class='ocr_line' id='line_1_28' title="bbox 552 2550 2140 2630; baseline -0.001 -23"><span class='ocrx_word' id='word_1_184' title='bbox 552 2553 730 2608; x_wconf 87' lang='lat' dir='ltr'><strong>ctiore</strong></span> <span class='ocrx_word' id='word_1_185' title='bbox 756 2551 1011 2607; x_wconf 84' lang='lat' dir='ltr'><strong>sacrificii</strong></span> <span class='ocrx_word' id='word_1_186' title='bbox 1040 2566 1132 2606; x_wconf 89' lang='lat' dir='ltr'><strong>ara</strong></span> <span class='ocrx_word' id='word_1_187' title='bbox 1159 2551 1407 2621; x_wconf 85' lang='lat' dir='ltr'><strong>positus;</strong></span> <span class='ocrx_word' id='word_1_188' title='bbox 1434 2567 1612 2620; x_wconf 91' lang='lat' dir='ltr'><strong>neque</strong></span> <span class='ocrx_word' id='word_1_189' title='bbox 1635 2551 1969 2630; x_wconf 75' lang='lat' dir='ltr'><strong>Paulinusel</strong></span> <span class='ocrx_word' id='word_1_190' title='bbox 1994 2550 2140 2605; x_wconf 85' lang='lat' dir='ltr'><strong>Eva-</strong></span> 
     </span>
    </p>
   </div>
   <div class='ocr_carea' id='block_1_29' title="bbox 555 2643 2138 2716">
    <p class='ocr_par' dir='ltr' id='par_1_29' title="bbox 555 2643 2138 2716">
     <span class='ocr_line' id='line_1_29' title="bbox 555 2643 2138 2716; baseline -0.001 -16"><span class='ocrx_word' id='word_1_191' title='bbox 555 2646 710 2716; x_wconf 85' lang='lat' dir='ltr'><strong>grius</strong></span> <span class='ocrx_word' id='word_1_192' title='bbox 741 2645 1020 2709; x_wconf 67' lang='lat' dir='ltr'><strong>Ecclesiae,</strong></span> <span class='ocrx_word' id='word_1_193' title='bbox 1059 2644 1156 2715; x_wconf 91' lang='lat' dir='ltr'><strong>qui</strong></span> <span class='ocrx_word' id='word_1_194' title='bbox 1199 2644 1510 2699; x_wconf 89' lang='lat' dir='ltr'><strong>schismatis</strong></span> <span class='ocrx_word' id='word_1_195' title='bbox 1542 2650 1598 2698; x_wconf 90' lang='lat' dir='ltr'><strong>et</strong></span> <span class='ocrx_word' id='word_1_196' title='bbox 1628 2643 1838 2698; x_wconf 89' lang='lat' dir='ltr'><strong>dissidii</strong></span> <span class='ocrx_word' id='word_1_197' title='bbox 1882 2644 2051 2698; x_wconf 89' lang='lat' dir='ltr'><strong>duces</strong></span> <span class='ocrx_word' id='word_1_198' title='bbox 2083 2643 2138 2698; x_wconf 92' lang='lat' dir='ltr'><strong>in</strong></span> 
     </span>
    </p>
   </div>
   <div class='ocr_carea' id='block_1_30' title="bbox 2233 538 3818 614">
    <p class='ocr_par' dir='ltr' id='par_1_30' title="bbox 2233 538 3818 614">
     <span class='ocr_line' id='line_1_30' title="bbox 2233 538 3818 614; baseline -0.001 -19"><span class='ocrx_word' id='word_1_199' title='bbox 2233 541 2287 595; x_wconf 82' lang='grc' dir='ltr'>δὲ</span> <span class='ocrx_word' id='word_1_200' title='bbox 2314 543 2645 614; x_wconf 81' lang='grc' dir='ltr'>ἀπεκρίνατο</span> <span class='ocrx_word' id='word_1_201' title='bbox 2691 543 2858 612; x_wconf 74' lang='grc' dir='ltr'>μηδὲν</span> <span class='ocrx_word' id='word_1_202' title='bbox 2883 538 3021 596; x_wconf 76' lang='grc' dir='ltr'>εἶναι</span> <span class='ocrx_word' id='word_1_203' title='bbox 3055 542 3249 612; x_wconf 80' lang='grc' dir='ltr'>βλάϐος</span> <span class='ocrx_word' id='word_1_204' title='bbox 3275 542 3508 612; x_wconf 75' lang='grc' dir='ltr'>γράφειν</span> <span class='ocrx_word' id='word_1_205' title='bbox 3536 540 3818 612; x_wconf 78' lang='grc' dir='ltr'>ἀπεληλυ-</span> 
     </span>
    </p>
   </div>
   <div class='ocr_carea' id='block_1_31' title="bbox 2234 631 3819 704">
    <p class='ocr_par' dir='ltr' id='par_1_31' title="bbox 2234 631 3819 704">
     <span class='ocr_line' id='line_1_31' title="bbox 2234 631 3819 704; baseline -0.003 -18"><span class='ocrx_word' id='word_1_206' title='bbox 2234 633 2385 697; x_wconf 87' lang='grc' dir='ltr'>θότος</span> <span class='ocrx_word' id='word_1_207' title='bbox 2407 634 2597 704; x_wconf 81' lang='grc' dir='ltr'>ἀνδρὸς</span> <span class='ocrx_word' id='word_1_208' title='bbox 2616 633 2807 704; x_wconf 70' lang='grc' dir='ltr'>δνομα,</span> <span class='ocrx_word' id='word_1_209' title='bbox 2833 634 2972 703; x_wconf 81' lang='grc' dir='ltr'>ὑπὲρ</span> <span class='ocrx_word' id='word_1_210' title='bbox 2998 634 3096 702; x_wconf 76' lang='grc' dir='ltr'>τῆς</span> <span class='ocrx_word' id='word_1_211' title='bbox 3119 631 3438 695; x_wconf 76' lang='grc' dir='ltr'><strong>εὐσταθείας</strong></span> <span class='ocrx_word' id='word_1_212' title='bbox 3467 633 3562 684; x_wconf 79' lang='grc' dir='ltr'>καὶ</span> <span class='ocrx_word' id='word_1_213' title='bbox 3587 631 3686 700; x_wconf 78' lang='grc' dir='ltr'>τῆς</span> <span class='ocrx_word' id='word_1_214' title='bbox 3698 631 3819 684; x_wconf 79' lang='grc' dir='ltr'><strong>τῶν</strong></span> 
     </span>
    </p>
   </div>
   <div class='ocr_carea' id='block_1_32' title="bbox 2233 722 3820 798">
    <p class='ocr_par' dir='ltr' id='par_1_32' title="bbox 2233 722 3820 798">
     <span class='ocr_line' id='line_1_32' title="bbox 2233 722 3820 798; baseline -0.001 -20"><span class='ocrx_word' id='word_1_215' title='bbox 2233 727 2379 779; x_wconf 89' lang='grc' dir='ltr'>λαῶν</span> <span class='ocrx_word' id='word_1_216' title='bbox 2399 727 2653 797; x_wconf 84' lang='grc' dir='ltr'>ὁμονοίας</span> <span class='ocrx_word' id='word_1_217' title='bbox 2676 744 2735 780; x_wconf 87' lang='grc' dir='ltr'><strong>τε</strong></span> <span class='ocrx_word' id='word_1_218' title='bbox 2758 727 2852 780; x_wconf 73' lang='grc' dir='ltr'>καὶ</span> <span class='ocrx_word' id='word_1_219' title='bbox 2875 729 3116 798; x_wconf 74' lang='grc' dir='ltr'>εἰρήνης.</span> <span class='ocrx_word' id='word_1_220' title='bbox 3140 727 3248 779; x_wconf 68' lang='grc' dir='ltr'><strong>Καὶ</strong></span> <span class='ocrx_word' id='word_1_221' title='bbox 3266 725 3443 778; x_wconf 85' lang='grc' dir='ltr'>τοίνυν</span> <span class='ocrx_word' id='word_1_222' title='bbox 3467 722 3574 790; x_wconf 73' lang='grc' dir='ltr'><strong>ἐγὼ</strong></span> <span class='ocrx_word' id='word_1_223' title='bbox 3594 724 3820 786; x_wconf 77' lang='grc' dir='ltr'><strong>τούτοις</strong></span> 
     </span>
    </p>
   </div>
   <div class='ocr_carea' id='block_1_33' title="bbox 2234 813 3818 887">
    <p class='ocr_par' dir='ltr' id='par_1_33' title="bbox 2234 813 3818 887">
     <span class='ocr_line' id='line_1_33' title="bbox 2234 813 3818 887; baseline -0.003 -19"><span class='ocrx_word' id='word_1_224' title='bbox 2234 815 2502 881; x_wconf 66' lang='grc' dir='ltr'>πεισθεὶς,</span> <span class='ocrx_word' id='word_1_225' title='bbox 2539 817 2654 886; x_wconf 73' lang='grc' dir='ltr'>(καὶ</span> <span class='ocrx_word' id='word_1_226' title='bbox 2689 815 2806 879; x_wconf 91' lang='grc' dir='ltr'><strong>πῶς</strong></span> <span class='ocrx_word' id='word_1_227' title='bbox 2841 815 2950 887; x_wconf 76' lang='grc' dir='ltr'><strong>γὰρ</strong></span> <span class='ocrx_word' id='word_1_228' title='bbox 2978 817 3078 868; x_wconf 77' lang='grc' dir='ltr'>οὐκ</span> <span class='ocrx_word' id='word_1_229' title='bbox 3113 814 3335 885; x_wconf 78' lang='grc' dir='ltr'>ἔμελλον</span> <span class='ocrx_word' id='word_1_230' title='bbox 3358 813 3677 883; x_wconf 76' lang='grc' dir='ltr'><strong>προφθάσας</strong></span> <span class='ocrx_word' id='word_1_231' title='bbox 3705 814 3818 881; x_wconf 76' lang='grc' dir='ltr'>τὴν</span> 
     </span>
    </p>
   </div>
   <div class='ocr_carea' id='block_1_34' title="bbox 2232 908 3816 979">
    <p class='ocr_par' dir='ltr' id='par_1_34' title="bbox 2232 908 3816 979">
     <span class='ocr_line' id='line_1_34' title="bbox 2232 908 3816 979; baseline -0.001 -17"><span class='ocrx_word' id='word_1_232' title='bbox 2232 908 2548 977; x_wconf 75' lang='grc' dir='ltr'>ἀνάγκηνς)</span> <span class='ocrx_word' id='word_1_233' title='bbox 2589 908 2729 963; x_wconf 82' lang='grc' dir='ltr'>ῶστε</span> <span class='ocrx_word' id='word_1_234' title='bbox 2763 908 2838 979; x_wconf 80' lang='grc' dir='ltr'>μὴ</span> <span class='ocrx_word' id='word_1_235' title='bbox 2863 910 3116 976; x_wconf 84' lang='grc' dir='ltr'>γενέσθαι</span> <span class='ocrx_word' id='word_1_236' title='bbox 3148 909 3218 963; x_wconf 78' lang='grc' dir='ltr'>τὰ</span> <span class='ocrx_word' id='word_1_237' title='bbox 3251 910 3368 964; x_wconf 81' lang='grc' dir='ltr'>καθ’</span> <span class='ocrx_word' id='word_1_238' title='bbox 3409 911 3555 978; x_wconf 76' lang='grc' dir='ltr'>ἡμᾶς</span> <span class='ocrx_word' id='word_1_239' title='bbox 3579 908 3816 961; x_wconf 82' lang='grc' dir='ltr'>ἀκολου-</span> 
     </span>
    </p>
   </div>
   <div class='ocr_carea' id='block_1_35' title="bbox 2235 1000 3811 1073">
    <p class='ocr_par' dir='ltr' id='par_1_35' title="bbox 2235 1000 3811 1073">
     <span class='ocr_line' id='line_1_35' title="bbox 2235 1000 3811 1073; baseline -0.001 -20"><span class='ocrx_word' id='word_1_240' title='bbox 2235 1000 2355 1055; x_wconf 83' lang='grc' dir='ltr'>θίαν</span> <span class='ocrx_word' id='word_1_241' title='bbox 2382 1001 2478 1055; x_wconf 86' lang='grc' dir='ltr'><strong>τοῦ</strong></span> <span class='ocrx_word' id='word_1_242' title='bbox 2510 1003 2768 1073; x_wconf 81' lang='grc' dir='ltr'><strong>πλήθους,</strong></span> <span class='ocrx_word' id='word_1_243' title='bbox 2799 1004 2937 1072; x_wconf 81' lang='grc' dir='ltr'>μήτε</span> <span class='ocrx_word' id='word_1_244' title='bbox 2977 1000 3082 1072; x_wconf 80' lang='grc' dir='ltr'>μὴν</span> <span class='ocrx_word' id='word_1_245' title='bbox 3121 1001 3399 1072; x_wconf 52' lang='lat' dir='ltr'><strong>imae-iram</strong></span> <span class='ocrx_word' id='word_1_246' title='bbox 3429 1004 3509 1065; x_wconf 83' lang='grc' dir='ltr'>εἰς</span> <span class='ocrx_word' id='word_1_247' title='bbox 3529 1001 3811 1072; x_wconf 82' lang='grc' dir='ltr'>δημοκρα-</span> 
     </span>
    </p>
   </div>
   <div class='ocr_carea' id='block_1_36' title="bbox 2232 1091 3809 1164">
    <p class='ocr_par' dir='ltr' id='par_1_36' title="bbox 2232 1091 3809 1164">
     <span class='ocr_line' id='line_1_36' title="bbox 2232 1091 3809 1164; baseline -0.003 -20"><span class='ocrx_word' id='word_1_248' title='bbox 2232 1091 2359 1145; x_wconf 91' lang='grc' dir='ltr'>τίαν</span> <span class='ocrx_word' id='word_1_249' title='bbox 2388 1092 2485 1164; x_wconf 75' lang='grc' dir='ltr'>τὴν</span> <span class='ocrx_word' id='word_1_250' title='bbox 2512 1094 2688 1156; x_wconf 80' lang='grc' dir='ltr'>πόλιν,</span> <span class='ocrx_word' id='word_1_251' title='bbox 2736 1095 3014 1164; x_wconf 72' lang='grc' dir='ltr'>γραφῆναι</span> <span class='ocrx_word' id='word_1_252' title='bbox 3062 1091 3456 1163; x_wconf 79' lang='grc' dir='ltr'><strong>παρεσκεύασα</strong></span> <span class='ocrx_word' id='word_1_253' title='bbox 3500 1092 3601 1159; x_wconf 79' lang='grc' dir='ltr'>τὴν</span> <span class='ocrx_word' id='word_1_254' title='bbox 3634 1105 3809 1159; x_wconf 90' lang='grc' dir='ltr'>προσ-</span> 
     </span>
    </p>
   </div>
   <div class='ocr_carea' id='block_1_37' title="bbox 2233 1177 3812 1253">
    <p class='ocr_par' dir='ltr' id='par_1_37' title="bbox 2233 1177 3812 1253">
     <span class='ocr_line' id='line_1_37' title="bbox 2233 1177 3812 1253; baseline -0.004 -16"><span class='ocrx_word' id='word_1_255' title='bbox 2233 1181 2463 1252; x_wconf 81' lang='grc' dir='ltr'>ηγορίαν</span> <span class='ocrx_word' id='word_1_256' title='bbox 2489 1199 2502 1214; x_wconf 87' lang='grc'><strong>·</strong></span> <span class='ocrx_word' id='word_1_257' title='bbox 2537 1184 2711 1245; x_wconf 79' lang='grc' dir='ltr'>οὐδὲν,</span> <span class='ocrx_word' id='word_1_258' title='bbox 2734 1185 2810 1248; x_wconf 88' lang='grc' dir='ltr'>ὼς</span> <span class='ocrx_word' id='word_1_259' title='bbox 2844 1177 3021 1253; x_wconf 83' lang='grc' dir='ltr'>οἶμαι,</span> <span class='ocrx_word' id='word_1_260' title='bbox 3049 1180 3174 1236; x_wconf 74' lang='grc' dir='ltr'>οὗτε</span> <span class='ocrx_word' id='word_1_261' title='bbox 3209 1182 3290 1244; x_wconf 89' lang='grc' dir='ltr'><strong>είς</strong></span> <span class='ocrx_word' id='word_1_262' title='bbox 3325 1181 3524 1244; x_wconf 75' lang='grc' dir='ltr'>αὐτοὺς</span> <span class='ocrx_word' id='word_1_263' title='bbox 3556 1180 3682 1242; x_wconf 78' lang='grc' dir='ltr'>τοὺς</span> <span class='ocrx_word' id='word_1_264' title='bbox 3706 1195 3812 1230; x_wconf 80' lang='grc' dir='ltr'>κα.-</span> 
     </span>
    </p>
   </div>
   <div class='ocr_carea' id='block_1_38' title="bbox 2233 1271 3814 1346">
    <p class='ocr_par' dir='ltr' id='par_1_38' title="bbox 2233 1271 3814 1346">
     <span class='ocr_line' id='line_1_38' title="bbox 2233 1271 3814 1346; baseline -0.004 -18"><span class='ocrx_word' id='word_1_265' title='bbox 2233 1273 2393 1337; x_wconf 90' lang='grc' dir='ltr'>νόνας</span> <span class='ocrx_word' id='word_1_266' title='bbox 2419 1274 2780 1346; x_wconf 81' lang='grc' dir='ltr'>ἡμαρτηκὼς,</span> <span class='ocrx_word' id='word_1_267' title='bbox 2815 1274 2940 1329; x_wconf 77' lang='grc' dir='ltr'>οὔτε</span> <span class='ocrx_word' id='word_1_268' title='bbox 2969 1274 3074 1346; x_wconf 84' lang='grc' dir='ltr'>μὴν</span> <span class='ocrx_word' id='word_1_269' title='bbox 3099 1275 3165 1344; x_wconf 83' lang='grc' dir='ltr'><strong>τῇ</strong></span> <span class='ocrx_word' id='word_1_270' title='bbox 3199 1272 3378 1343; x_wconf 85' lang='grc' dir='ltr'>κρίσει</span> <span class='ocrx_word' id='word_1_271' title='bbox 3409 1271 3517 1325; x_wconf 90' lang='grc' dir='ltr'><strong>τῶν</strong></span> <span class='ocrx_word' id='word_1_272' title='bbox 3551 1271 3814 1341; x_wconf 81' lang='grc' dir='ltr'>Πατέρων</span> 
     </span>
    </p>
   </div>
   <div class='ocr_carea' id='block_1_39' title="bbox 2234 1362 3819 1438">
    <p class='ocr_par' dir='ltr' id='par_1_39' title="bbox 2234 1362 3819 1438">
     <span class='ocr_line' id='line_1_39' title="bbox 2234 1362 3819 1438; baseline -0.004 -18"><span class='ocrx_word' id='word_1_273' title='bbox 2234 1366 2726 1438; x_wconf 79' lang='grc' dir='ltr'>διαλυμηνάμενος.</span> <span class='ocrx_word' id='word_1_274' title='bbox 2776 1365 3326 1438; x_wconf 85' lang='grc' dir='ltr'>Μνημονεύεταιγάρ</span> <span class='ocrx_word' id='word_1_275' title='bbox 3364 1362 3503 1435; x_wconf 85' lang='grc' dir='ltr'><strong>μετά</strong></span> <span class='ocrx_word' id='word_1_276' title='bbox 3548 1363 3659 1416; x_wconf 89' lang='grc' dir='ltr'><strong>τῶν</strong></span> <span class='ocrx_word' id='word_1_277' title='bbox 3709 1363 3819 1415; x_wconf 78' lang='grc' dir='ltr'>ἀπ-</span> 
     </span>
    </p>
   </div>
   <div class='ocr_carea' id='block_1_40' title="bbox 2236 1451 3815 1529">
    <p class='ocr_par' dir='ltr' id='par_1_40' title="bbox 2236 1451 3815 1529">
     <span class='ocr_line' id='line_1_40' title="bbox 2236 1451 3815 1529; baseline -0.003 -18"><span class='ocrx_word' id='word_1_278' title='bbox 2236 1457 2574 1528; x_wconf 79' lang='grc' dir='ltr'>εληλυθότων</span> <span class='ocrx_word' id='word_1_279' title='bbox 2594 1459 2654 1511; x_wconf 84' lang='grc' dir='ltr'><strong>ού</strong></span> <span class='ocrx_word' id='word_1_280' title='bbox 2690 1460 2849 1529; x_wconf 86' lang='grc' dir='ltr'>μόνον</span> <span class='ocrx_word' id='word_1_281' title='bbox 2866 1458 3200 1519; x_wconf 70' lang='grc' dir='ltr'>ἐπισκόπων,</span> <span class='ocrx_word' id='word_1_282' title='bbox 3219 1453 3358 1509; x_wconf 85' lang='grc' dir='ltr'>ἀλλὰ</span> <span class='ocrx_word' id='word_1_283' title='bbox 3380 1455 3476 1508; x_wconf 78' lang='grc' dir='ltr'>καὶ</span> <span class='ocrx_word' id='word_1_284' title='bbox 3505 1451 3815 1524; x_wconf 73' lang='grc' dir='ltr'>πρεσϐυτέ-</span> 
     </span>
    </p>
   </div>
   <div class='ocr_carea' id='block_1_41' title="bbox 2239 1540 3817 1619">
    <p class='ocr_par' dir='ltr' id='par_1_41' title="bbox 2239 1540 3817 1619">
     <span class='ocr_line' id='line_1_41' title="bbox 2239 1540 3817 1619; baseline -0.003 -20"><span class='ocrx_word' id='word_1_285' title='bbox 2239 1565 2348 1619; x_wconf 86' lang='grc' dir='ltr'><strong>ρων</strong></span> <span class='ocrx_word' id='word_1_286' title='bbox 2368 1551 2464 1601; x_wconf 73' lang='grc' dir='ltr'>καὶ</span> <span class='ocrx_word' id='word_1_287' title='bbox 2489 1547 2767 1612; x_wconf 87' lang='grc' dir='ltr'>διακόνων,</span> <span class='ocrx_word' id='word_1_288' title='bbox 2800 1549 2896 1601; x_wconf 77' lang='grc' dir='ltr'>καὶ</span> <span class='ocrx_word' id='word_1_289' title='bbox 2939 1546 3164 1612; x_wconf 81' lang='grc' dir='ltr'>λαῖκῶν,</span> <span class='ocrx_word' id='word_1_290' title='bbox 3203 1546 3299 1601; x_wconf 74' lang='grc' dir='ltr'>καὶ</span> <span class='ocrx_word' id='word_1_291' title='bbox 3338 1543 3634 1614; x_wconf 85' lang='grc' dir='ltr'>γυναικῶν,</span> <span class='ocrx_word' id='word_1_292' title='bbox 3674 1540 3817 1612; x_wconf 76' lang='grc' dir='ltr'>πρὸς</span> 
     </span>
    </p>
   </div>
   <div class='ocr_carea' id='block_1_42' title="bbox 2236 1632 3816 1709">
    <p class='ocr_par' dir='ltr' id='par_1_42' title="bbox 2236 1632 3816 1709">
     <span class='ocr_line' id='line_1_42' title="bbox 2236 1632 3816 1709; baseline -0.004 -17"><span class='ocrx_word' id='word_1_293' title='bbox 2236 1639 2330 1702; x_wconf 78' lang='grc' dir='ltr'>οὓς</span> <span class='ocrx_word' id='word_1_294' title='bbox 2371 1639 2619 1702; x_wconf 69' lang='grc' dir='ltr'>ἅπαντας</span> <span class='ocrx_word' id='word_1_295' title='bbox 2671 1640 2774 1692; x_wconf 68' lang='grc' dir='ltr'>οὐκ</span> <span class='ocrx_word' id='word_1_296' title='bbox 2815 1638 2963 1692; x_wconf 78' lang='grc' dir='ltr'>ἔστιν</span> <span class='ocrx_word' id='word_1_297' title='bbox 3007 1640 3140 1709; x_wconf 74' lang='grc' dir='ltr'>ἡμῖν</span> <span class='ocrx_word' id='word_1_298' title='bbox 3187 1636 3443 1692; x_wconf 79' lang='grc' dir='ltr'>κοινωνία</span> <span class='ocrx_word' id='word_1_299' title='bbox 3487 1632 3816 1705; x_wconf 76' lang='grc' dir='ltr'>ἱερωσύνης,</span> 
     </span>
    </p>
   </div>
   <div class='ocr_carea' id='block_1_43' title="bbox 2237 1726 3818 1802">
    <p class='ocr_par' dir='ltr' id='par_1_43' title="bbox 2237 1726 3818 1802">
     <span class='ocr_line' id='line_1_43' title="bbox 2237 1726 3818 1802; baseline -0.005 -17"><span class='ocrx_word' id='word_1_300' title='bbox 2237 1732 2356 1786; x_wconf 77' lang='grc' dir='ltr'>οὐδὲ</span> <span class='ocrx_word' id='word_1_301' title='bbox 2387 1732 2675 1802; x_wconf 84' lang='grc' dir='ltr'><strong>μετάδοσις</strong></span> <span class='ocrx_word' id='word_1_302' title='bbox 2710 1731 2820 1784; x_wconf 88' lang='grc' dir='ltr'><strong>τῶν</strong></span> <span class='ocrx_word' id='word_1_303' title='bbox 2847 1731 2943 1784; x_wconf 75' lang='grc' dir='ltr'><strong>ἐπὶ</strong></span> <span class='ocrx_word' id='word_1_304' title='bbox 2970 1731 3070 1801; x_wconf 82' lang='grc' dir='ltr'>τῆς</span> <span class='ocrx_word' id='word_1_305' title='bbox 3100 1729 3264 1799; x_wconf 88' lang='grc' dir='ltr'>ἀγίας</span> <span class='ocrx_word' id='word_1_306' title='bbox 3306 1726 3589 1799; x_wconf 76' lang='grc' dir='ltr'><strong>τραπέζης</strong></span> <span class='ocrx_word' id='word_1_307' title='bbox 3623 1740 3818 1796; x_wconf 73' lang='grc' dir='ltr'>μυστι-</span> 
     </span>
    </p>
   </div>
   <div class='ocr_carea' id='block_1_44' title="bbox 2236 1816 3822 1894">
    <p class='ocr_par' dir='ltr' id='par_1_44' title="bbox 2236 1816 3822 1894">
     <span class='ocr_line' id='line_1_44' title="bbox 2236 1816 3822 1894; baseline -0.004 -17"><span class='ocrx_word' id='word_1_308' title='bbox 2236 1824 2348 1886; x_wconf 83' lang='grc' dir='ltr'><strong>κῶς</strong></span> <span class='ocrx_word' id='word_1_309' title='bbox 2366 1823 2724 1894; x_wconf 78' lang='grc' dir='ltr'>τελουμένων.</span> <span class='ocrx_word' id='word_1_310' title='bbox 2756 1820 2899 1876; x_wconf 85' lang='grc' dir='ltr'>Πολὺ</span> <span class='ocrx_word' id='word_1_311' title='bbox 2928 1821 3035 1893; x_wconf 75' lang='grc' dir='ltr'><strong>γὰρ</strong></span> <span class='ocrx_word' id='word_1_312' title='bbox 3056 1821 3119 1875; x_wconf 83' lang='grc' dir='ltr'><strong>τὺ</strong></span> <span class='ocrx_word' id='word_1_313' title='bbox 3150 1821 3314 1893; x_wconf 69' lang='grc' dir='ltr'>μέσον</span> <span class='ocrx_word' id='word_1_314' title='bbox 3333 1819 3441 1873; x_wconf 87' lang='grc' dir='ltr'><strong>τῶν</strong></span> <span class='ocrx_word' id='word_1_315' title='bbox 3474 1816 3822 1872; x_wconf 79' lang='grc' dir='ltr'>ὕπελθόντων</span> 
     </span>
    </p>
   </div>
   <div class='ocr_carea' id='block_1_45' title="bbox 2235 1905 3818 1985">
    <p class='ocr_par' dir='ltr' id='par_1_45' title="bbox 2235 1905 3818 1985">
     <span class='ocr_line' id='line_1_45' title="bbox 2235 1905 3818 1985; baseline -0.006 -18"><span class='ocrx_word' id='word_1_316' title='bbox 2235 1915 2295 1967; x_wconf 86' lang='grc' dir='ltr'><strong>τὺ</strong></span> <span class='ocrx_word' id='word_1_317' title='bbox 2331 1914 2525 1985; x_wconf 83' lang='grc' dir='ltr'>πέρας,</span> <span class='ocrx_word' id='word_1_318' title='bbox 2563 1914 2656 1966; x_wconf 71' lang='grc' dir='ltr'>καὶ</span> <span class='ocrx_word' id='word_1_319' title='bbox 2683 1912 2792 1966; x_wconf 87' lang='grc' dir='ltr'><strong>τῶν</strong></span> <span class='ocrx_word' id='word_1_320' title='bbox 2825 1911 2904 1965; x_wconf 74' lang='grc' dir='ltr'>ἔτι</span> <span class='ocrx_word' id='word_1_321' title='bbox 2927 1910 3071 1982; x_wconf 73' lang='grc' dir='ltr'>ὑπὲρ</span> <span class='ocrx_word' id='word_1_322' title='bbox 3105 1911 3208 1982; x_wconf 85' lang='grc' dir='ltr'><strong>γῆς</strong></span> <span class='ocrx_word' id='word_1_323' title='bbox 3231 1909 3610 1980; x_wconf 81' lang='grc' dir='ltr'>τυγχανόντων</span> <span class='ocrx_word' id='word_1_324' title='bbox 3631 1920 3643 1933; x_wconf 82' lang='grc'><em>³</em></span> <span class='ocrx_word' id='word_1_325' title='bbox 3671 1905 3818 1959; x_wconf 84' lang='grc' dir='ltr'>ὥστε</span> 
     </span>
    </p>
   </div>
   <div class='ocr_carea' id='block_1_46' title="bbox 2237 1999 3820 2076">
    <p class='ocr_par' dir='ltr' id='par_1_46' title="bbox 2237 1999 3820 2076">
     <span class='ocr_line' id='line_1_46' title="bbox 2237 1999 3820 2076; baseline -0.003 -18"><span class='ocrx_word' id='word_1_326' title='bbox 2237 2007 2332 2059; x_wconf 75' lang='grc' dir='ltr'>κα).</span> <span class='ocrx_word' id='word_1_327' title='bbox 2363 2004 2792 2074; x_wconf 83' lang='grc' dir='ltr'>συνδιαιρεῖσθαι</span> <span class='ocrx_word' id='word_1_328' title='bbox 2833 2005 2934 2069; x_wconf 82' lang='grc' dir='ltr'><strong>τὰς</strong></span> <span class='ocrx_word' id='word_1_329' title='bbox 2983 2004 3200 2076; x_wconf 84' lang='grc' dir='ltr'>βίϐλους</span> <span class='ocrx_word' id='word_1_330' title='bbox 3241 2003 3378 2075; x_wconf 80' lang='grc' dir='ltr'>πρὸς</span> <span class='ocrx_word' id='word_1_331' title='bbox 3407 2001 3506 2073; x_wconf 79' lang='grc' dir='ltr'>τὴν</span> <span class='ocrx_word' id='word_1_332' title='bbox 3533 1999 3642 2053; x_wconf 88' lang='grc' dir='ltr'><strong>τῶν</strong></span> <span class='ocrx_word' id='word_1_333' title='bbox 3675 2013 3820 2069; x_wconf 79' lang='grc' dir='ltr'>μνη-</span> 
     </span>
    </p>
   </div>
   <div class='ocr_carea' id='block_1_47' title="bbox 2242 2089 3822 2167">
    <p class='ocr_par' dir='ltr' id='par_1_47' title="bbox 2242 2089 3822 2167">
     <span class='ocr_line' id='line_1_47' title="bbox 2242 2089 3822 2167; baseline -0.004 -18"><span class='ocrx_word' id='word_1_334' title='bbox 2242 2096 2614 2167; x_wconf 73' lang='grc' dir='ltr'>μονευομένων</span> <span class='ocrx_word' id='word_1_335' title='bbox 2654 2097 3008 2150; x_wconf 84' lang='grc' dir='ltr'>κατάστασιν.</span> <span class='ocrx_word' id='word_1_336' title='bbox 3064 2095 3204 2150; x_wconf 72' lang='grc' dir='ltr'>Οὔτε</span> <span class='ocrx_word' id='word_1_337' title='bbox 3264 2094 3374 2166; x_wconf 80' lang='grc' dir='ltr'>γάρ</span> <span class='ocrx_word' id='word_1_338' title='bbox 3419 2110 3473 2146; x_wconf 93' lang='grc' dir='ltr'><strong>τι</strong></span> <span class='ocrx_word' id='word_1_339' title='bbox 3513 2091 3605 2145; x_wconf 85' lang='grc' dir='ltr'><strong>τδν</strong></span> <span class='ocrx_word' id='word_1_340' title='bbox 3651 2089 3822 2144; x_wconf 74' lang='grc' dir='ltr'>Δαϐὶδ</span> 
     </span>
    </p>
   </div>
   <div class='ocr_carea' id='block_1_48' title="bbox 2238 2181 3824 2260">
    <p class='ocr_par' dir='ltr' id='par_1_48' title="bbox 2238 2181 3824 2260">
     <span class='ocr_line' id='line_1_48' title="bbox 2238 2181 3824 2260; baseline -0.006 -16"><span class='ocrx_word' id='word_1_341' title='bbox 2238 2189 2535 2260; x_wconf 79' lang='grc' dir='ltr'>ἔϐλαψενὴ</span> <span class='ocrx_word' id='word_1_342' title='bbox 2589 2187 2806 2259; x_wconf 78' lang='grc' dir='ltr'>ἔντιμος</span> <span class='ocrx_word' id='word_1_343' title='bbox 2851 2189 2947 2242; x_wconf 83' lang='grc' dir='ltr'>τοῦ</span> <span class='ocrx_word' id='word_1_344' title='bbox 2992 2188 3165 2242; x_wconf 77' lang='grc' dir='ltr'>Σαοὺλ</span> <span class='ocrx_word' id='word_1_345' title='bbox 3224 2186 3450 2256; x_wconf 83' lang='grc' dir='ltr'>κηδεία·</span> <span class='ocrx_word' id='word_1_346' title='bbox 3509 2183 3633 2238; x_wconf 72' lang='grc' dir='ltr'>οὔτε</span> <span class='ocrx_word' id='word_1_347' title='bbox 3687 2181 3824 2245; x_wconf 80' lang='grc' dir='ltr'>τοὺς</span> 
     </span>
    </p>
   </div>
   <div class='ocr_carea' id='block_1_49' title="bbox 2238 2275 3821 2351">
    <p class='ocr_par' dir='ltr' id='par_1_49' title="bbox 2238 2275 3821 2351">
     <span class='ocr_line' id='line_1_49' title="bbox 2238 2275 3821 2351; baseline -0.007 -13"><span class='ocrx_word' id='word_1_348' title='bbox 2238 2281 2572 2345; x_wconf 78' lang='grc' dir='ltr'>ἀποστόλους</span> <span class='ocrx_word' id='word_1_349' title='bbox 2599 2283 2628 2335; x_wconf 86' lang='grc' dir='ltr'><strong>ό</strong></span> <span class='ocrx_word' id='word_1_350' title='bbox 2667 2281 2770 2350; x_wconf 83' lang='grc' dir='ltr'>τῆς</span> <span class='ocrx_word' id='word_1_351' title='bbox 2800 2280 2896 2334; x_wconf 83' lang='grc' dir='ltr'>τοῦ</span> <span class='ocrx_word' id='word_1_352' title='bbox 2940 2282 3152 2351; x_wconf 77' lang='grc' dir='ltr'>’Δρείου</span> <span class='ocrx_word' id='word_1_353' title='bbox 3185 2279 3443 2341; x_wconf 84' lang='grc' dir='ltr'>ἀσεϐείας</span> <span class='ocrx_word' id='word_1_354' title='bbox 3477 2276 3676 2340; x_wconf 78' lang='grc' dir='ltr'>όπαδδς</span> <span class='ocrx_word' id='word_1_355' title='bbox 3707 2275 3821 2328; x_wconf 76' lang='grc' dir='ltr'><strong>Εὖ-</strong></span> 
     </span>
    </p>
   </div>
   <div class='ocr_carea' id='block_1_50' title="bbox 2237 2365 3825 2444">
    <p class='ocr_par' dir='ltr' id='par_1_50' title="bbox 2237 2365 3825 2444">
     <span class='ocr_line' id='line_1_50' title="bbox 2237 2365 3825 2444; baseline -0.004 -16"><span class='ocrx_word' id='word_1_356' title='bbox 2237 2376 2431 2440; x_wconf 78' lang='grc' dir='ltr'>δόξιος,</span> <span class='ocrx_word' id='word_1_357' title='bbox 2482 2375 2588 2428; x_wconf 74' lang='grc' dir='ltr'>ὑπὸ</span> <span class='ocrx_word' id='word_1_358' title='bbox 2629 2374 2690 2428; x_wconf 80' lang='grc' dir='ltr'>τὸ</span> <span class='ocrx_word' id='word_1_359' title='bbox 2733 2375 2866 2428; x_wconf 84' lang='grc' dir='ltr'>αὐτὸ</span> <span class='ocrx_word' id='word_1_360' title='bbox 2925 2374 3311 2444; x_wconf 80' lang='grc' dir='ltr'>θυσιαστήριον</span> <span class='ocrx_word' id='word_1_361' title='bbox 3359 2373 3638 2442; x_wconf 72' lang='grc' dir='ltr'><strong>κείμενος⁸</strong></span> <span class='ocrx_word' id='word_1_362' title='bbox 3691 2365 3825 2422; x_wconf 71' lang='grc' dir='ltr'>οὔτε</span> 
     </span>
    </p>
   </div>
   <div class='ocr_carea' id='block_1_51' title="bbox 2239 2460 3825 2539">
    <p class='ocr_par' dir='ltr' id='par_1_51' title="bbox 2239 2460 3825 2539">
     <span class='ocr_line' id='line_1_51' title="bbox 2239 2460 3825 2539; baseline -0.007 -15"><span class='ocrx_word' id='word_1_363' title='bbox 2239 2469 2504 2532; x_wconf 82' lang='grc' dir='ltr'>Παυλῖνός</span> <span class='ocrx_word' id='word_1_364' title='bbox 2529 2486 2588 2521; x_wconf 91' lang='grc' dir='ltr'><strong>τε</strong></span> <span class='ocrx_word' id='word_1_365' title='bbox 2632 2470 2726 2522; x_wconf 74' lang='grc' dir='ltr'>καὶ</span> <span class='ocrx_word' id='word_1_366' title='bbox 2773 2467 3065 2539; x_wconf 85' lang='grc' dir='ltr'>Εύάγριος,</span> <span class='ocrx_word' id='word_1_367' title='bbox 3113 2468 3164 2519; x_wconf 81' lang='grc' dir='ltr'>οἱ</span> <span class='ocrx_word' id='word_1_368' title='bbox 3200 2463 3482 2535; x_wconf 80' lang='grc' dir='ltr'>γενόμενοι</span> <span class='ocrx_word' id='word_1_369' title='bbox 3514 2460 3825 2532; x_wconf 77' lang='grc' dir='ltr'>ἀρχηγέται</span> 
     </span>
    </p>
   </div>
   <div class='ocr_carea' id='block_1_52' title="bbox 2239 2551 3826 2632">
    <p class='ocr_par' dir='ltr' id='par_1_52' title="bbox 2239 2551 3826 2632">
     <span class='ocr_line' id='line_1_52' title="bbox 2239 2551 3826 2632; baseline -0.006 -16"><span class='ocrx_word' id='word_1_370' title='bbox 2239 2561 2332 2616; x_wconf 76' lang='grc' dir='ltr'><strong>τοῦ</strong></span> <span class='ocrx_word' id='word_1_371' title='bbox 2383 2562 2683 2632; x_wconf 58' lang='grc' dir='ltr'>οχίσματος</span> <span class='ocrx_word' id='word_1_372' title='bbox 2722 2561 2822 2632; x_wconf 82' lang='grc' dir='ltr'>τῆς</span> <span class='ocrx_word' id='word_1_373' title='bbox 2869 2561 2927 2613; x_wconf 77' lang='grc' dir='ltr'>ἐν</span> <span class='ocrx_word' id='word_1_374' title='bbox 2977 2558 3280 2629; x_wconf 70' lang='grc' dir='ltr'>Ἀντιοχείᾳ</span> <span class='ocrx_word' id='word_1_375' title='bbox 3339 2551 3826 2632; x_wconf 37' lang='grc' dir='ltr'>Ἐκκλησίαςηότι</span> 
     </span>
    </p>
   </div>
   <div class='ocr_carea' id='block_1_53' title="bbox 2243 2629 3828 2725">
    <p class='ocr_par' dir='ltr' id='par_1_53' title="bbox 2243 2629 3828 2725">
     <span class='ocr_line' id='line_1_53' title="bbox 2243 2629 3828 2725; baseline -0.005 -18"><span class='ocrx_word' id='word_1_376' title='bbox 2243 2654 2383 2725; x_wconf 88' lang='grc' dir='ltr'><strong>μετά</strong></span> <span class='ocrx_word' id='word_1_377' title='bbox 2416 2629 2666 2719; x_wconf 78' lang='grc' dir='ltr'>θάνατον,</span> <span class='ocrx_word' id='word_1_378' title='bbox 2698 2629 2866 2718; x_wconf 83' lang='grc' dir='ltr'>πολὺς</span> <span class='ocrx_word' id='word_1_379' title='bbox 2909 2652 3093 2718; x_wconf 77' lang='grc' dir='ltr'>ὲξότου</span> <span class='ocrx_word' id='word_1_380' title='bbox 3123 2651 3336 2725; x_wconf 87' lang='grc' dir='ltr'>χρόνος,</span> <span class='ocrx_word' id='word_1_381' title='bbox 3382 2653 3496 2714; x_wconf 86' lang='grc' dir='ltr'>τοῖς</span> <span class='ocrx_word' id='word_1_382' title='bbox 3537 2629 3828 2719; x_wconf 69' lang='grc' dir='ltr'>μυπιῖιοίς</span> 
     </span>
    </p>
   </div>
   <div class='ocr_carea' id='block_1_54' title="bbox 559 2735 2140 2806">
    <p class='ocr_par' dir='ltr' id='par_1_54' title="bbox 559 2735 2140 2806">
     <span class='ocr_line' id='line_1_54' title="bbox 559 2735 2140 2806; baseline -0.001 -14"><span class='ocrx_word' id='word_1_383' title='bbox 559 2736 804 2792; x_wconf 83' lang='lat' dir='ltr'><strong>Ecclesia</strong></span> <span class='ocrx_word' id='word_1_384' title='bbox 851 2735 1192 2791; x_wconf 83' lang='lat' dir='ltr'><strong>Antiochena</strong></span> <span class='ocrx_word' id='word_1_385' title='bbox 1241 2735 1418 2800; x_wconf 90' lang='lat' dir='ltr'><strong>fuere,</strong></span> <span class='ocrx_word' id='word_1_386' title='bbox 1443 2736 1590 2805; x_wconf 87' lang='lat' dir='ltr'><strong>quod</strong></span> <span class='ocrx_word' id='word_1_387' title='bbox 1619 2746 1745 2806; x_wconf 81' lang='lat' dir='ltr'><strong>post</strong></span> <span class='ocrx_word' id='word_1_388' title='bbox 1763 2735 1997 2800; x_wconf 91' lang='lat' dir='ltr'><strong>obitum,</strong></span> <span class='ocrx_word' id='word_1_389' title='bbox 2028 2752 2140 2791; x_wconf 89' lang='lat' dir='ltr'><strong>non</strong></span> 
     </span>
    </p>
   </div>
   <div class='ocr_carea' id='block_1_55' title="bbox 559 2827 2141 2900">
    <p class='ocr_par' dir='ltr' id='par_1_55' title="bbox 559 2827 2141 2900">
     <span class='ocr_line' id='line_1_55' title="bbox 559 2827 2141 2900; baseline -0.003 -15"><span class='ocrx_word' id='word_1_390' title='bbox 559 2829 752 2900; x_wconf 87' lang='lat' dir='ltr'><strong>paucis</strong></span> <span class='ocrx_word' id='word_1_391' title='bbox 771 2829 903 2885; x_wconf 89' lang='lat' dir='ltr'><strong>hinc</strong></span> <span class='ocrx_word' id='word_1_392' title='bbox 933 2829 1001 2884; x_wconf 88' lang='lat' dir='ltr'><strong>ab</strong></span> <span class='ocrx_word' id='word_1_393' title='bbox 1023 2828 1202 2892; x_wconf 90' lang='lat' dir='ltr'><strong>annis,</strong></span> <span class='ocrx_word' id='word_1_394' title='bbox 1229 2835 1456 2898; x_wconf 85' lang='lat' dir='ltr'><strong>propter</strong></span> <span class='ocrx_word' id='word_1_395' title='bbox 1485 2827 1674 2898; x_wconf 89' lang='lat' dir='ltr'><strong>populi</strong></span> <span class='ocrx_word' id='word_1_396' title='bbox 1709 2842 1901 2898; x_wconf 88' lang='lat' dir='ltr'><strong>pacem</strong></span> <span class='ocrx_word' id='word_1_397' title='bbox 1921 2837 1978 2883; x_wconf 89' lang='lat' dir='ltr'><strong>et</strong></span> <span class='ocrx_word' id='word_1_398' title='bbox 2005 2843 2141 2883; x_wconf 91' lang='lat' dir='ltr'><strong>con-</strong></span> 
     </span>
    </p>
   </div>
   <div class='ocr_carea' id='block_1_56' title="bbox 2239 2740 3828 2817">
    <p class='ocr_par' dir='ltr' id='par_1_56' title="bbox 2239 2740 3828 2817">
     <span class='ocr_line' id='line_1_56' title="bbox 2239 2740 3828 2817; baseline -0.005 -17"><span class='ocrx_word' id='word_1_399' title='bbox 2239 2746 2520 2817; x_wconf 79' lang='grc' dir='ltr'>διπτύχοις</span> <span class='ocrx_word' id='word_1_400' title='bbox 2549 2745 2638 2800; x_wconf 84' lang='grc' dir='ltr'><strong>διά</strong></span> <span class='ocrx_word' id='word_1_401' title='bbox 2659 2747 2759 2816; x_wconf 75' lang='grc' dir='ltr'>τὴν</span> <span class='ocrx_word' id='word_1_402' title='bbox 2788 2745 2897 2799; x_wconf 92' lang='grc' dir='ltr'><strong>τῶν</strong></span> <span class='ocrx_word' id='word_1_403' title='bbox 2921 2744 3070 2799; x_wconf 90' lang='grc' dir='ltr'>λαῶν</span> <span class='ocrx_word' id='word_1_404' title='bbox 3097 2745 3324 2814; x_wconf 82' lang='grc' dir='ltr'>εἰρήνην</span> <span class='ocrx_word' id='word_1_405' title='bbox 3359 2760 3418 2796; x_wconf 84' lang='grc' dir='ltr'><strong>τε</strong></span> <span class='ocrx_word' id='word_1_406' title='bbox 3443 2741 3539 2796; x_wconf 73' lang='grc' dir='ltr'>καὶ</span> <span class='ocrx_word' id='word_1_407' title='bbox 3562 2740 3828 2811; x_wconf 81' lang='grc' dir='ltr'>ὁμόνοιαν</span> 
     </span>
    </p>
   </div>
   <div class='ocr_carea' id='block_1_57' title="bbox 2241 2827 3829 2909">
    <p class='ocr_par' dir='ltr' id='par_1_57' title="bbox 2241 2827 3829 2909">
     <span class='ocr_line' id='line_1_57' title="bbox 2241 2827 3829 2909; baseline -0.003 -18"><span class='ocrx_word' id='word_1_408' title='bbox 2241 2837 2641 2909; x_wconf 73' lang='grc' dir='ltr'>ἐνεγράφησαν.</span> <span class='ocrx_word' id='word_1_409' title='bbox 2678 2837 2877 2907; x_wconf 88' lang='grc' dir='ltr'>Διόπερ</span> <span class='ocrx_word' id='word_1_410' title='bbox 2906 2837 3002 2890; x_wconf 76' lang='grc' dir='ltr'><strong>καὶ</strong></span> <span class='ocrx_word' id='word_1_411' title='bbox 3043 2835 3207 2898; x_wconf 81' lang='grc' dir='ltr'>αὐτὸς</span> <span class='ocrx_word' id='word_1_412' title='bbox 3252 2827 3508 2888; x_wconf 81' lang='grc' dir='ltr'>κέλευσον</span> <span class='ocrx_word' id='word_1_413' title='bbox 3537 2829 3829 2902; x_wconf 71' lang='grc' dir='ltr'>ἐγγραφῆ-</span> 
     </span>
    </p>
   </div>
   <div class='ocr_carea' id='block_1_58' title="bbox 558 2915 2141 3000">
    <p class='ocr_par' dir='ltr' id='par_1_58' title="bbox 558 2915 2141 2988">
     <span class='ocr_line' id='line_1_58' title="bbox 558 2915 2141 2988; baseline -0.001 -16"><span class='ocrx_word' id='word_1_414' title='bbox 558 2916 803 2972; x_wconf 88' lang='lat' dir='ltr'><strong>cordiam</strong></span> <span class='ocrx_word' id='word_1_415' title='bbox 839 2917 1086 2988; x_wconf 87' lang='lat' dir='ltr'><strong>mysticis</strong></span> <span class='ocrx_word' id='word_1_416' title='bbox 1134 2916 1337 2972; x_wconf 90' lang='lat' dir='ltr'><strong>tabulis</strong></span> <span class='ocrx_word' id='word_1_417' title='bbox 1366 2926 1495 2971; x_wconf 89' lang='lat' dir='ltr'><strong>sunt</strong></span> <span class='ocrx_word' id='word_1_418' title='bbox 1541 2916 1815 2987; x_wconf 89' lang='lat' dir='ltr'><strong>inscripti.</strong></span> <span class='ocrx_word' id='word_1_419' title='bbox 1864 2915 2037 2984; x_wconf 85' lang='lat' dir='ltr'><strong>Quam</strong></span> <span class='ocrx_word' id='word_1_420' title='bbox 2070 2917 2141 2971; x_wconf 89' lang='lat' dir='ltr'><strong>ob</strong></span> 
     </span>
    </p>
   </div>
   <div class='ocr_carea' id='block_1_59' title="bbox 2241 2915 3826 3000">
    <p class='ocr_par' dir='ltr' id='par_1_59' title="bbox 2243 2924 3826 3000">
     <span class='ocr_line' id='line_1_59' title="bbox 2243 2924 3826 3000; baseline -0.005 -17"><span class='ocrx_word' id='word_1_421' title='bbox 2243 2947 2332 2983; x_wconf 82' lang='grc' dir='ltr'><strong>ναι</strong></span> <span class='ocrx_word' id='word_1_422' title='bbox 2361 2929 2462 3000; x_wconf 80' lang='grc' dir='ltr'>τὴν</span> <span class='ocrx_word' id='word_1_423' title='bbox 2508 2928 2882 3000; x_wconf 80' lang='grc' dir='ltr'>προσηγορίαν</span> <span class='ocrx_word' id='word_1_424' title='bbox 2914 2927 3008 2980; x_wconf 77' lang='grc' dir='ltr'>τοῦ</span> <span class='ocrx_word' id='word_1_425' title='bbox 3058 2925 3482 2998; x_wconf 81' lang='grc' dir='ltr'>ἀπεληλυθότος,</span> <span class='ocrx_word' id='word_1_426' title='bbox 3532 2926 3652 2986; x_wconf 79' lang='grc' dir='ltr'>ταῖς</span> <span class='ocrx_word' id='word_1_427' title='bbox 3697 2924 3826 2976; x_wconf 86' lang='grc' dir='ltr'>κατ’</span> 
     </span>
    </p>
   </div>
   <div class='ocr_carea' id='block_1_60' title="bbox 557 3007 3830 3093">
    <p class='ocr_par' dir='ltr' id='par_1_60' title="bbox 557 3007 3830 3093">
     <span class='ocr_line' id='line_1_60' title="bbox 557 3007 3830 3093; baseline -0.004 -13"><span class='ocrx_word' id='word_1_428' title='bbox 557 3024 779 3065; x_wconf 67' lang='lat' dir='ltr'><strong>causam</strong></span> <span class='ocrx_word' id='word_1_429' title='bbox 813 3009 929 3080; x_wconf 66' lang='lat' dir='ltr'><strong>ipse</strong></span> <span class='ocrx_word' id='word_1_430' title='bbox 948 3025 1170 3080; x_wconf 73' lang='grc' dir='ltr'>«ιιιοίιυθ</span> <span class='ocrx_word' id='word_1_431' title='bbox 1205 3007 1426 3080; x_wconf 67' lang='grc' dir='ltr'><strong>ᾸῖθΥΡίί</strong></span> <span class='ocrx_word' id='word_1_432' title='bbox 1457 3008 1740 3074; x_wconf 71' lang='grc' dir='ltr'><strong>Εεοιθδίίδν</strong></span> <span class='ocrx_word' id='word_1_433' title='bbox 1772 3009 2138 3065; x_wconf 68' lang='grc' dir='ltr'>Εοθιθδίπυω</span> <span class='ocrx_word' id='word_1_434' title='bbox 2243 3025 2519 3093; x_wconf 75' lang='grc' dir='ltr'>Αἴγυπτον</span> <span class='ocrx_word' id='word_1_435' title='bbox 2552 3021 2925 3092; x_wconf 82' lang='grc' dir='ltr'>Ἐκκλησίαις,</span> <span class='ocrx_word' id='word_1_436' title='bbox 2950 3020 3051 3090; x_wconf 82' lang='grc' dir='ltr'>τῆς</span> <span class='ocrx_word' id='word_1_437' title='bbox 3072 3017 3455 3089; x_wconf 80' lang='grc' dir='ltr'>οίκουμενικῆς</span> <span class='ocrx_word' id='word_1_438' title='bbox 3481 3017 3642 3087; x_wconf 82' lang='grc' dir='ltr'>χάριν</span> <span class='ocrx_word' id='word_1_439' title='bbox 3673 3017 3830 3086; x_wconf 73' lang='grc' dir='ltr'>εἰρή-</span> 
     </span>
    </p>
   </div>
   <div class='ocr_carea' id='block_1_61' title="bbox 560 3099 2141 3206">
    <p class='ocr_par' dir='ltr' id='par_1_61' title="bbox 560 3099 2141 3170">
     <span class='ocr_line' id='line_1_61' title="bbox 560 3099 2141 3170; baseline 0.001 -16"><span class='ocrx_word' id='word_1_440' title='bbox 560 3099 713 3154; x_wconf 87' lang='lat' dir='ltr'><strong>orbis</strong></span> <span class='ocrx_word' id='word_1_441' title='bbox 737 3101 905 3156; x_wconf 90' lang='lat' dir='ltr'><strong>totius</strong></span> <span class='ocrx_word' id='word_1_442' title='bbox 934 3099 1400 3170; x_wconf 83' lang='lat' dir='ltr'><strong>paeiﬁcandarum</strong></span> <span class='ocrx_word' id='word_1_443' title='bbox 1446 3099 1640 3170; x_wconf 87' lang='lat' dir='ltr'><strong>gratia,</strong></span> <span class='ocrx_word' id='word_1_444' title='bbox 1675 3109 1737 3153; x_wconf 92' lang='lat' dir='ltr'><strong>ut</strong></span> <span class='ocrx_word' id='word_1_445' title='bbox 1761 3099 1962 3154; x_wconf 92' lang='lat' dir='ltr'><strong>mortui</strong></span> <span class='ocrx_word' id='word_1_446' title='bbox 1995 3100 2141 3155; x_wconf 90' lang='lat' dir='ltr'><strong>illius</strong></span> 
     </span>
    </p>
   </div>
   <div class='ocr_carea' id='block_1_62' title="bbox 2241 3099 3828 3206">
    <p class='ocr_par' dir='ltr' id='par_1_62' title="bbox 2244 3107 3828 3186">
     <span class='ocr_line' id='line_1_62' title="bbox 2244 3107 3828 3186; baseline -0.008 -16"><span class='ocrx_word' id='word_1_447' title='bbox 2244 3133 2370 3186; x_wconf 76' lang='grc' dir='ltr'>νηςο</span> <span class='ocrx_word' id='word_1_448' title='bbox 2407 3116 2545 3186; x_wconf 79' lang='grc' dir='ltr'>μήτε</span> <span class='ocrx_word' id='word_1_449' title='bbox 2579 3113 2840 3183; x_wconf 79' lang='grc' dir='ltr'>Πατέρων</span> <span class='ocrx_word' id='word_1_450' title='bbox 2868 3111 3012 3166; x_wconf 90' lang='grc' dir='ltr'>λύων</span> <span class='ocrx_word' id='word_1_451' title='bbox 3042 3111 3294 3174; x_wconf 79' lang='grc' dir='ltr'>κανόνας,</span> <span class='ocrx_word' id='word_1_452' title='bbox 3319 3111 3412 3163; x_wconf 78' lang='grc' dir='ltr'>καὶ</span> <span class='ocrx_word' id='word_1_453' title='bbox 3440 3109 3540 3181; x_wconf 77' lang='grc' dir='ltr'>τὴν</span> <span class='ocrx_word' id='word_1_454' title='bbox 3568 3107 3828 3178; x_wconf 80' lang='grc' dir='ltr'>ὁμόνοιαν</span> 
     </span>
    </p>
   </div>
   <div class='ocr_carea' id='block_1_63' title="bbox 560 3190 2141 3277">
    <p class='ocr_par' dir='ltr' id='par_1_63' title="bbox 560 3190 2139 3261">
     <span class='ocr_line' id='line_1_63' title="bbox 560 3190 2139 3261; baseline -0.001 -14"><span class='ocrx_word' id='word_1_455' title='bbox 560 3206 761 3247; x_wconf 89' lang='lat' dir='ltr'><strong>nomen</strong></span> <span class='ocrx_word' id='word_1_456' title='bbox 793 3192 1116 3257; x_wconf 81' lang='lat' dir='ltr'><strong>inscribant,</strong></span> <span class='ocrx_word' id='word_1_457' title='bbox 1150 3192 1387 3261; x_wconf 64' lang='lat' dir='ltr'><strong>praecipe</strong></span> <span class='ocrx_word' id='word_1_458' title='bbox 1424 3209 1436 3245; x_wconf 92' lang='lat'><strong>:</strong></span> <span class='ocrx_word' id='word_1_459' title='bbox 1471 3191 1546 3246; x_wconf 90' lang='lat' dir='ltr'><strong>ita</strong></span> <span class='ocrx_word' id='word_1_460' title='bbox 1581 3192 1728 3246; x_wconf 89' lang='lat' dir='ltr'><strong>enim</strong></span> <span class='ocrx_word' id='word_1_461' title='bbox 1763 3206 1886 3246; x_wconf 90' lang='lat' dir='ltr'><strong>cum</strong></span> <span class='ocrx_word' id='word_1_462' title='bbox 1918 3190 2139 3246; x_wconf 90' lang='lat' dir='ltr'><strong>Patrum</strong></span> 
     </span>
    </p>
   </div>
   <div class='ocr_carea' id='block_1_64' title="bbox 2241 3190 3832 3277">
    <p class='ocr_par' dir='ltr' id='par_1_64' title="bbox 2247 3198 3832 3277">
     <span class='ocr_line' id='line_1_64' title="bbox 2247 3198 3832 3277; baseline -0.006 -15"><span class='ocrx_word' id='word_1_463' title='bbox 2247 3208 2438 3263; x_wconf 88' lang='grc' dir='ltr'>πασῶν</span> <span class='ocrx_word' id='word_1_464' title='bbox 2471 3205 2608 3277; x_wconf 82' lang='grc' dir='ltr'>όμοῦ</span> <span class='ocrx_word' id='word_1_465' title='bbox 2648 3205 2758 3259; x_wconf 91' lang='grc' dir='ltr'><strong>τῶν</strong></span> <span class='ocrx_word' id='word_1_466' title='bbox 2817 3203 3153 3275; x_wconf 82' lang='grc' dir='ltr'>Ἐκκλησιῶν</span> <span class='ocrx_word' id='word_1_467' title='bbox 3187 3204 3318 3275; x_wconf 81' lang='grc' dir='ltr'>περὶ</span> <span class='ocrx_word' id='word_1_468' title='bbox 3350 3203 3604 3256; x_wconf 88' lang='grc' dir='ltr'>πλείστου</span> <span class='ocrx_word' id='word_1_469' title='bbox 3641 3198 3832 3254; x_wconf 86' lang='grc' dir='ltr'>ποιού-</span> 
     </span>
    </p>
   </div>
   <div class='ocr_carea' id='block_1_65' title="bbox 563 3281 2141 3371">
    <p class='ocr_par' dir='ltr' id='par_1_65' title="bbox 563 3281 2140 3353">
     <span class='ocr_line' id='line_1_65' title="bbox 563 3281 2140 3353; baseline 0.001 -17"><span class='ocrx_word' id='word_1_470' title='bbox 563 3296 807 3337; x_wconf 88' lang='lat' dir='ltr'><strong>canones</strong></span> <span class='ocrx_word' id='word_1_471' title='bbox 839 3297 948 3336; x_wconf 92' lang='lat' dir='ltr'><strong>non</strong></span> <span class='ocrx_word' id='word_1_472' title='bbox 983 3281 1409 3353; x_wconf 90' lang='lat' dir='ltr'><strong>transgrediere,</strong></span> <span class='ocrx_word' id='word_1_473' title='bbox 1441 3291 1554 3337; x_wconf 92' lang='lat' dir='ltr'><strong>tum</strong></span> <span class='ocrx_word' id='word_1_474' title='bbox 1580 3282 1945 3337; x_wconf 84' lang='lat' dir='ltr'><strong>Ecclesiarum</strong></span> <span class='ocrx_word' id='word_1_475' title='bbox 1976 3283 2140 3337; x_wconf 91' lang='lat' dir='ltr'><strong>simul</strong></span> 
     </span>
    </p>
   </div>
   <div class='ocr_carea' id='block_1_66' title="bbox 2241 3281 3830 3371">
    <p class='ocr_par' dir='ltr' id='par_1_66' title="bbox 2251 3293 3830 3371">
     <span class='ocr_line' id='line_1_66' title="bbox 2251 3293 3830 3371; baseline -0.004 -18"><span class='ocrx_word' id='word_1_476' title='bbox 2251 3317 2428 3371; x_wconf 87' lang='grc' dir='ltr'>μενος.</span> <span class='ocrx_word' id='word_1_477' title='bbox 2472 3299 2597 3352; x_wconf 84' lang='grc' dir='ltr'><strong>Ὀτι</strong></span> <span class='ocrx_word' id='word_1_478' title='bbox 2630 3297 2686 3350; x_wconf 82' lang='grc' dir='ltr'>δὲ</span> <span class='ocrx_word' id='word_1_479' title='bbox 2707 3297 2802 3350; x_wconf 74' lang='grc' dir='ltr'>καὶ</span> <span class='ocrx_word' id='word_1_480' title='bbox 2830 3297 2963 3368; x_wconf 83' lang='grc' dir='ltr'>ἡμῖν</span> <span class='ocrx_word' id='word_1_481' title='bbox 2993 3295 3227 3366; x_wconf 74' lang='grc' dir='ltr'>γράψεις</span> <span class='ocrx_word' id='word_1_482' title='bbox 3275 3293 3345 3349; x_wconf 73' lang='grc' dir='ltr'><strong>τὰ</strong></span> <span class='ocrx_word' id='word_1_483' title='bbox 3378 3293 3674 3367; x_wconf 73' lang='grc' dir='ltr'>πρέποντα,</span> <span class='ocrx_word' id='word_1_484' title='bbox 3722 3308 3830 3346; x_wconf 82' lang='grc' dir='ltr'>πε-</span> 
     </span>
    </p>
   </div>
   <div class='ocr_carea' id='block_1_67' title="bbox 559 3371 2141 3463">
    <p class='ocr_par' dir='ltr' id='par_1_67' title="bbox 559 3371 2138 3443">
     <span class='ocr_line' id='line_1_67' title="bbox 559 3371 2138 3443; baseline 0.004 -21"><span class='ocrx_word' id='word_1_485' title='bbox 559 3371 809 3426; x_wconf 87' lang='lat' dir='ltr'><strong>omnium</strong></span> <span class='ocrx_word' id='word_1_486' title='bbox 833 3371 1184 3426; x_wconf 84' lang='lat' dir='ltr'><strong>concordiam</strong></span> <span class='ocrx_word' id='word_1_487' title='bbox 1217 3371 1436 3441; x_wconf 87' lang='lat' dir='ltr'><strong>plurimi</strong></span> <span class='ocrx_word' id='word_1_488' title='bbox 1465 3371 1652 3427; x_wconf 88' lang='lat' dir='ltr'><strong>facies.</strong></span> <span class='ocrx_word' id='word_1_489' title='bbox 1689 3372 1764 3427; x_wconf 88' lang='lat' dir='ltr'><strong>Te</strong></span> <span class='ocrx_word' id='word_1_490' title='bbox 1791 3388 2010 3443; x_wconf 82' lang='lat' dir='ltr'><strong>vero_ea</strong></span> <span class='ocrx_word' id='word_1_491' title='bbox 2038 3389 2138 3428; x_wconf 89' lang='lat' dir='ltr'><strong>no-</strong></span> 
     </span>
    </p>
   </div>
   <div class='ocr_carea' id='block_1_68' title="bbox 2241 3371 3828 3463">
    <p class='ocr_par' dir='ltr' id='par_1_68' title="bbox 2247 3382 3828 3463">
     <span class='ocr_line' id='line_1_68' title="bbox 2247 3382 3828 3463; baseline -0.007 -18"><span class='ocrx_word' id='word_1_492' title='bbox 2247 3389 2695 3463; x_wconf 71' lang='grc' dir='ltr'>πληροφόρημαι,</span> <span class='ocrx_word' id='word_1_493' title='bbox 2725 3389 2860 3459; x_wconf 87' lang='grc' dir='ltr'>πρός</span> <span class='ocrx_word' id='word_1_494' title='bbox 2885 3404 2942 3442; x_wconf 91' lang='grc' dir='ltr'><strong>τε</strong></span> <span class='ocrx_word' id='word_1_495' title='bbox 2969 3389 3068 3456; x_wconf 82' lang='grc' dir='ltr'>τὴν</span> <span class='ocrx_word' id='word_1_496' title='bbox 3097 3386 3403 3457; x_wconf 73' lang='grc' dir='ltr'>όμοψυχίαν</span> <span class='ocrx_word' id='word_1_497' title='bbox 3433 3385 3529 3439; x_wconf 75' lang='grc' dir='ltr'>καὶ</span> <span class='ocrx_word' id='word_1_498' title='bbox 3556 3384 3617 3437; x_wconf 83' lang='grc' dir='ltr'>τὸ</span> <span class='ocrx_word' id='word_1_499' title='bbox 3645 3382 3828 3436; x_wconf 76' lang='grc' dir='ltr'>κοινὸν</span> 
     </span>
    </p>
   </div>
   <div class='ocr_carea' id='block_1_69' title="bbox 561 3460 2141 3552">
    <p class='ocr_par' dir='ltr' id='par_1_69' title="bbox 561 3460 2141 3533">
     <span class='ocr_line' id='line_1_69' title="bbox 561 3460 2141 3533; baseline 0.003 -17"><span class='ocrx_word' id='word_1_500' title='bbox 561 3460 668 3525; x_wconf 88' lang='lat' dir='ltr'><strong>bis,</strong></span> <span class='ocrx_word' id='word_1_501' title='bbox 683 3477 804 3532; x_wconf 72' lang='lat' dir='ltr'><strong>qua:</strong></span> <span class='ocrx_word' id='word_1_502' title='bbox 820 3463 1098 3530; x_wconf 86' lang='lat' dir='ltr'><strong>convenit,</strong></span> <span class='ocrx_word' id='word_1_503' title='bbox 1119 3463 1517 3533; x_wconf 88' lang='lat' dir='ltr'><strong>rescripturum</strong></span> <span class='ocrx_word' id='word_1_504' title='bbox 1533 3479 1675 3527; x_wconf 87' lang='lat' dir='ltr'><strong>esse,</strong></span> <span class='ocrx_word' id='word_1_505' title='bbox 1705 3464 1772 3519; x_wconf 91' lang='lat' dir='ltr'><strong>ad</strong></span> <span class='ocrx_word' id='word_1_506' title='bbox 1790 3479 2141 3521; x_wconf 88' lang='lat' dir='ltr'><strong>communem</strong></span> 
     </span>
    </p>
   </div>
   <div class='ocr_carea' id='block_1_70' title="bbox 2241 3460 3827 3552">
    <p class='ocr_par' dir='ltr' id='par_1_70' title="bbox 2245 3460 3827 3552">
     <span class='ocr_line' id='line_1_70' title="bbox 2245 3460 3827 3552; baseline -0.006 -17"><span class='ocrx_word' id='word_1_507' title='bbox 2245 3460 2751 3552; x_wconf 34' lang='lat' dir='ltr'><strong>sﬁgndos).godtnto;</strong></span> <span class='ocrx_word' id='word_1_508' title='bbox 2799 3478 3150 3533; x_wconf 77' lang='grc' dir='ltr'>ἀποϐλέπων.</span> <span class='ocrx_word' id='word_1_509' title='bbox 3205 3479 3394 3530; x_wconf 71' lang='grc' dir='ltr'>Πᾶσαν</span> <span class='ocrx_word' id='word_1_510' title='bbox 3441 3477 3540 3548; x_wconf 82' lang='grc' dir='ltr'>τὴν</span> <span class='ocrx_word' id='word_1_511' title='bbox 3590 3477 3686 3530; x_wconf 74' lang='grc' dir='ltr'>σὺν</span> <span class='ocrx_word' id='word_1_512' title='bbox 3738 3475 3827 3527; x_wconf 72' lang='grc' dir='ltr'>σοὶ</span> 
     </span>
    </p>
   </div>
   <div class='ocr_carea' id='block_1_71' title="bbox 559 3554 2141 3629">
    <p class='ocr_par' dir='ltr' id='par_1_71' title="bbox 559 3554 2141 3629">
     <span class='ocr_line' id='line_1_71' title="bbox 559 3554 2141 3629; baseline 0.003 -20"><span class='ocrx_word' id='word_1_513' title='bbox 559 3569 891 3610; x_wconf 86' lang='lat' dir='ltr'><strong>consensum</strong></span> <span class='ocrx_word' id='word_1_514' title='bbox 932 3563 990 3610; x_wconf 94' lang='lat' dir='ltr'><strong>et</strong></span> <span class='ocrx_word' id='word_1_515' title='bbox 1029 3554 1431 3612; x_wconf 86' lang='lat' dir='ltr'><strong>fraternitatem</strong></span> <span class='ocrx_word' id='word_1_516' title='bbox 1463 3556 1869 3627; x_wconf 89' lang='lat' dir='ltr'><strong>respicientem,</strong></span> <span class='ocrx_word' id='word_1_517' title='bbox 1909 3573 2141 3629; x_wconf 88' lang='lat' dir='ltr'><strong>persua-</strong></span> 
     </span>
    </p>
   </div>
   <div class='ocr_carea' id='block_1_72' title="bbox 562 3648 2140 3720">
    <p class='ocr_par' dir='ltr' id='par_1_72' title="bbox 562 3648 2140 3720">
     <span class='ocr_line' id='line_1_72' title="bbox 562 3648 2140 3720; baseline 0.001 -18"><span class='ocrx_word' id='word_1_518' title='bbox 562 3662 684 3702; x_wconf 87' lang='lat' dir='ltr'><strong>sum</strong></span> <span class='ocrx_word' id='word_1_519' title='bbox 709 3648 905 3704; x_wconf 87' lang='lat' dir='ltr'><strong>habeo.</strong></span> <span class='ocrx_word' id='word_1_520' title='bbox 940 3649 1389 3712; x_wconf 88' lang='lat' dir='ltr'><strong>Fraternitatem,</strong></span> <span class='ocrx_word' id='word_1_521' title='bbox 1418 3665 1540 3720; x_wconf 69' lang='lat' dir='ltr'><strong>quae</strong></span> <span class='ocrx_word' id='word_1_522' title='bbox 1567 3657 1747 3705; x_wconf 87' lang='lat' dir='ltr'><strong>tecum</strong></span> <span class='ocrx_word' id='word_1_523' title='bbox 1770 3658 1874 3716; x_wconf 90' lang='lat' dir='ltr'><strong>est,</strong></span> <span class='ocrx_word' id='word_1_524' title='bbox 1898 3666 2140 3716; x_wconf 91' lang='lat' dir='ltr'><strong>omnem,</strong></span> 
     </span>
    </p>
   </div>
   <div class='ocr_carea' id='block_1_73' title="bbox 561 3740 1859 3814">
    <p class='ocr_par' dir='ltr' id='par_1_73' title="bbox 561 3740 1859 3814">
     <span class='ocr_line' id='line_1_73' title="bbox 561 3740 1859 3814; baseline 0.001 -20"><span class='ocrx_word' id='word_1_525' title='bbox 561 3755 664 3811; x_wconf 91' lang='lat' dir='ltr'><strong>ego</strong></span> <span class='ocrx_word' id='word_1_526' title='bbox 687 3740 891 3811; x_wconf 89' lang='lat' dir='ltr'><strong>quique</strong></span> <span class='ocrx_word' id='word_1_527' title='bbox 915 3756 1132 3811; x_wconf 83' lang='lat' dir='ltr'><strong>mecum</strong></span> <span class='ocrx_word' id='word_1_528' title='bbox 1156 3749 1304 3806; x_wconf 88' lang='lat' dir='ltr'><strong>sunt,</strong></span> <span class='ocrx_word' id='word_1_529' title='bbox 1339 3741 1554 3798; x_wconf 87' lang='lat' dir='ltr'><strong>salvere</strong></span> <span class='ocrx_word' id='word_1_530' title='bbox 1575 3741 1859 3814; x_wconf 76' lang='lat' dir='ltr'><strong>iubemus.</strong></span> 
     </span>
    </p>
   </div>
   <div class='ocr_carea' id='block_1_74' title="bbox 2248 3565 3822 3643">
    <p class='ocr_par' dir='ltr' id='par_1_74' title="bbox 2248 3565 3822 3643">
     <span class='ocr_line' id='line_1_74' title="bbox 2248 3565 3822 3643; baseline -0.003 -16"><span class='ocrx_word' id='word_1_531' title='bbox 2248 3572 2587 3643; x_wconf 78' lang='grc' dir='ltr'>ἀδελφότητα</span> <span class='ocrx_word' id='word_1_532' title='bbox 2618 3570 2728 3642; x_wconf 75' lang='grc' dir='ltr'><strong>ἐγώ</strong></span> <span class='ocrx_word' id='word_1_533' title='bbox 2753 3589 2811 3626; x_wconf 88' lang='grc' dir='ltr'><strong>τε</strong></span> <span class='ocrx_word' id='word_1_534' title='bbox 2841 3571 2935 3626; x_wconf 70' lang='grc' dir='ltr'><strong>καὶ</strong></span> <span class='ocrx_word' id='word_1_535' title='bbox 2959 3572 3008 3624; x_wconf 79' lang='grc' dir='ltr'>οἱ</span> <span class='ocrx_word' id='word_1_536' title='bbox 3039 3571 3136 3624; x_wconf 81' lang='grc' dir='ltr'>σὺν</span> <span class='ocrx_word' id='word_1_537' title='bbox 3164 3570 3288 3642; x_wconf 70' lang='grc' dir='ltr'>ἐμοὶ</span> <span class='ocrx_word' id='word_1_538' title='bbox 3316 3565 3822 3641; x_wconf 77' lang='grc' dir='ltr'>προσαγορεύομεν.</span> 
     </span>
    </p>
   </div>
   <div class='ocr_carea' id='block_1_75' title="bbox 1632 4049 2770 4124">
    <p class='ocr_par' dir='ltr' id='par_1_75' title="bbox 1632 4049 2770 4124">
     <span class='ocr_line' id='line_1_75' title="bbox 1632 4049 2770 4124; baseline 0.001 -17"><span class='ocrx_word' id='word_1_539' title='bbox 1632 4049 1798 4124; x_wconf 66' lang='lat' dir='ltr'><strong>am.</strong></span> <span class='ocrx_word' id='word_1_540' title='bbox 1825 4050 2164 4108; x_wconf 81' lang='lat' dir='ltr'><strong>EPISTOLA</strong></span> <span class='ocrx_word' id='word_1_541' title='bbox 2199 4050 2412 4109; x_wconf 76' lang='lat' dir='ltr'><strong>LXXVI</strong></span> <span class='ocrx_word' id='word_1_542' title='bbox 2452 4050 2545 4124; x_wconf 89' lang='lat' dir='ltr'><strong>(ol.</strong></span> <span class='ocrx_word' id='word_1_543' title='bbox 2587 4051 2770 4124; x_wconf 84' lang='lat' dir='ltr'><strong>Lvn).</strong></span> 
     </span>
    </p>
   </div>
   <div class='ocr_carea' id='block_1_76' title="bbox 1889 4224 2479 4266">
    <p class='ocr_par' dir='ltr' id='par_1_76' title="bbox 1889 4224 2479 4266">
     <span class='ocr_line' id='line_1_76' title="bbox 1889 4224 2479 4266; baseline 0 -2"><span class='ocrx_word' id='word_1_544' title='bbox 1889 4224 2099 4264; x_wconf 71' lang='lat' dir='ltr'><strong>CYBILLI</strong></span> <span class='ocrx_word' id='word_1_545' title='bbox 2134 4225 2202 4264; x_wconf 74' lang='lat' dir='ltr'><strong>AD</strong></span> <span class='ocrx_word' id='word_1_546' title='bbox 2230 4225 2479 4266; x_wconf 76' lang='grc' dir='ltr'>Αττιοωι.</span> 
     </span>
    </p>
   </div>
   <div class='ocr_carea' id='block_1_77' title="bbox 998 4360 3374 4453">
    <p class='ocr_par' dir='ltr' id='par_1_77' title="bbox 998 4360 3374 4453">
     <span class='ocr_line' id='line_1_77' title="bbox 998 4360 3374 4453; baseline 0.001 -36"><span class='ocrx_word' id='word_1_547' title='bbox 998 4363 1228 4417; x_wconf 82' lang='lat' dir='ltr'><strong>Atticum</strong></span> <span class='ocrx_word' id='word_1_548' title='bbox 1280 4362 1341 4416; x_wconf 86' lang='lat' dir='ltr'><strong>ob</strong></span> <span class='ocrx_word' id='word_1_549' title='bbox 1391 4360 1614 4417; x_wconf 74' lang='lat' dir='ltr'><strong>Joannis</strong></span> <span class='ocrx_word' id='word_1_550' title='bbox 1666 4360 2023 4435; x_wconf 72' lang='lat' dir='ltr'><strong>Chrysostomi</strong></span> <span class='ocrx_word' id='word_1_551' title='bbox 2073 4381 2262 4419; x_wconf 82' lang='lat' dir='ltr'><strong>nomen</strong></span> <span class='ocrx_word' id='word_1_552' title='bbox 2319 4366 2570 4453; x_wconf 65' lang='lat' dir='ltr'><strong>diptycht’s</strong></span> <span class='ocrx_word' id='word_1_553' title='bbox 2609 4366 2868 4419; x_wconf 77' lang='lat' dir='ltr'><strong>insertum</strong></span> <span class='ocrx_word' id='word_1_554' title='bbox 2911 4366 3244 4437; x_wconf 79' lang='lat' dir='ltr'><strong>reprehendit</strong></span> <span class='ocrx_word' id='word_1_555' title='bbox 3275 4366 3374 4438; x_wconf 86' lang='lat' dir='ltr'><strong>(l).</strong></span> 
     </span>
    </p>
   </div>
   <div class='ocr_carea' id='block_1_78' title="bbox 637 4517 2141 4593">
    <p class='ocr_par' dir='ltr' id='par_1_78' title="bbox 637 4517 2141 4588">
     <span class='ocr_line' id='line_1_78' title="bbox 637 4517 2141 4588; baseline -0.001 -14"><span class='ocrx_word' id='word_1_556' title='bbox 637 4517 819 4574; x_wconf 87' lang='lat' dir='ltr'><strong>Lectis</strong></span> <span class='ocrx_word' id='word_1_557' title='bbox 846 4532 968 4587; x_wconf 71' lang='lat' dir='ltr'><strong>qua:</strong></span> <span class='ocrx_word' id='word_1_558' title='bbox 995 4531 1026 4572; x_wconf 87' lang='lat' dir='ltr'><strong>a</strong></span> <span class='ocrx_word' id='word_1_559' title='bbox 1055 4517 1258 4588; x_wconf 86' lang='lat' dir='ltr'><strong>pietate</strong></span> <span class='ocrx_word' id='word_1_560' title='bbox 1284 4527 1375 4572; x_wconf 90' lang='lat' dir='ltr'><strong>tua</strong></span> <span class='ocrx_word' id='word_1_561' title='bbox 1406 4517 1472 4572; x_wconf 83' lang='lat' dir='ltr'><strong>ad</strong></span> <span class='ocrx_word' id='word_1_562' title='bbox 1497 4533 1582 4573; x_wconf 92' lang='lat' dir='ltr'><strong>me</strong></span> <span class='ocrx_word' id='word_1_563' title='bbox 1608 4517 1789 4574; x_wconf 71' lang='lat' dir='ltr'><strong>missa:</strong></span> <span class='ocrx_word' id='word_1_564' title='bbox 1812 4527 1960 4583; x_wconf 87' lang='lat' dir='ltr'><strong>sunt,</strong></span> <span class='ocrx_word' id='word_1_565' title='bbox 1993 4520 2141 4574; x_wconf 89' lang='lat' dir='ltr'><strong>litte-</strong></span> 
     </span>
    </p>
   </div>
   <div class='ocr_carea' id='block_1_79' title="bbox 2241 4517 3799 4593">
    <p class='ocr_par' dir='ltr' id='par_1_79' title="bbox 2323 4519 3799 4593">
     <span class='ocr_line' id='line_1_79' title="bbox 2323 4519 3799 4593; baseline 0.001 -19"><span class='ocrx_word' id='word_1_566' title='bbox 2323 4519 2399 4593; x_wconf 73' lang='lat'><strong>(2)</strong></span> <span class='ocrx_word' id='word_1_567' title='bbox 2417 4519 2542 4584; x_wconf 87' lang='grc' dir='ltr'>Τοῖς</span> <span class='ocrx_word' id='word_1_568' title='bbox 2557 4523 2708 4593; x_wconf 88' lang='grc' dir='ltr'><strong>παρά</strong></span> <span class='ocrx_word' id='word_1_569' title='bbox 2733 4521 2834 4592; x_wconf 80' lang='grc' dir='ltr'>τῆς</span> <span class='ocrx_word' id='word_1_570' title='bbox 2848 4525 2946 4590; x_wconf 84' lang='grc' dir='ltr'>σῆς</span> <span class='ocrx_word' id='word_1_571' title='bbox 2971 4521 3272 4590; x_wconf 73' lang='grc' dir='ltr'>θεοφιλείας</span> <span class='ocrx_word' id='word_1_572' title='bbox 3291 4521 3716 4592; x_wconf 80' lang='grc' dir='ltr'>ἐπεσταλμένοις</span> <span class='ocrx_word' id='word_1_573' title='bbox 3739 4524 3799 4576; x_wconf 71' lang='grc' dir='ltr'>ιν</span> 
     </span>
    </p>
   </div>
   <div class='ocr_carea' id='block_1_80' title="bbox 570 4609 2141 4687">
    <p class='ocr_par' dir='ltr' id='par_1_80' title="bbox 570 4609 2141 4680">
     <span class='ocr_line' id='line_1_80' title="bbox 570 4609 2141 4680; baseline 0.001 -15"><span class='ocrx_word' id='word_1_574' title='bbox 570 4611 668 4672; x_wconf 84' lang='lat' dir='ltr'><strong>ris.</strong></span> <span class='ocrx_word' id='word_1_575' title='bbox 693 4609 918 4666; x_wconf 78' lang='lat' dir='ltr'><strong>Joannis</strong></span> <span class='ocrx_word' id='word_1_576' title='bbox 962 4624 1163 4664; x_wconf 90' lang='lat' dir='ltr'><strong>nomen</strong></span> <span class='ocrx_word' id='word_1_577' title='bbox 1197 4610 1366 4666; x_wconf 87' lang='lat' dir='ltr'><strong>sacris</strong></span> <span class='ocrx_word' id='word_1_578' title='bbox 1412 4610 1736 4680; x_wconf 90' lang='lat' dir='ltr'><strong>inscriptum</strong></span> <span class='ocrx_word' id='word_1_579' title='bbox 1783 4625 1905 4666; x_wconf 90' lang='lat' dir='ltr'><strong>esse</strong></span> <span class='ocrx_word' id='word_1_580' title='bbox 1941 4611 2141 4668; x_wconf 90' lang='lat' dir='ltr'><strong>tabulis</strong></span> 
     </span>
    </p>
   </div>
   <div class='ocr_carea' id='block_1_81' title="bbox 2241 4609 3831 4687">
    <p class='ocr_par' dir='ltr' id='par_1_81' title="bbox 2251 4613 3831 4687">
     <span class='ocr_line' id='line_1_81' title="bbox 2251 4613 3831 4687; baseline 0.001 -21"><span class='ocrx_word' id='word_1_581' title='bbox 2251 4613 2449 4683; x_wconf 85' lang='grc' dir='ltr'>τυχὼν,</span> <span class='ocrx_word' id='word_1_582' title='bbox 2481 4614 2855 4685; x_wconf 76' lang='grc' dir='ltr'>ἐγγεγράφθαι</span> <span class='ocrx_word' id='word_1_583' title='bbox 2885 4615 2984 4686; x_wconf 84' lang='grc' dir='ltr'>μὲν</span> <span class='ocrx_word' id='word_1_584' title='bbox 3013 4615 3110 4687; x_wconf 81' lang='grc' dir='ltr'>τὴν</span> <span class='ocrx_word' id='word_1_585' title='bbox 3149 4615 3394 4670; x_wconf 71' lang='grc' dir='ltr'>Ἰωάννου</span> <span class='ocrx_word' id='word_1_586' title='bbox 3430 4616 3831 4687; x_wconf 78' lang='grc' dir='ltr'>προσηγορίαν,</span> 
     </span>
    </p>
   </div>
   <div class='ocr_carea' id='block_1_82' title="bbox 571 4699 2143 4770">
    <p class='ocr_par' dir='ltr' id='par_1_82' title="bbox 571 4699 2143 4770">
     <span class='ocr_line' id='line_1_82' title="bbox 571 4699 2143 4770; baseline 0.001 -16"><span class='ocrx_word' id='word_1_587' title='bbox 571 4700 837 4754; x_wconf 81' lang='lat' dir='ltr'><strong>intellexi.</strong></span> <span class='ocrx_word' id='word_1_588' title='bbox 865 4699 969 4756; x_wconf 89' lang='lat' dir='ltr'><strong>Ubi</strong></span> <span class='ocrx_word' id='word_1_589' title='bbox 1001 4715 1132 4754; x_wconf 85' lang='lat' dir='ltr'><strong>vero</strong></span> <span class='ocrx_word' id='word_1_590' title='bbox 1157 4714 1253 4754; x_wconf 90' lang='lat' dir='ltr'><strong>eos</strong></span> <span class='ocrx_word' id='word_1_591' title='bbox 1285 4701 1376 4770; x_wconf 92' lang='lat' dir='ltr'><strong>qui</strong></span> <span class='ocrx_word' id='word_1_592' title='bbox 1410 4699 1536 4754; x_wconf 92' lang='lat' dir='ltr'><strong>inde</strong></span> <span class='ocrx_word' id='word_1_593' title='bbox 1570 4699 1637 4754; x_wconf 89' lang='lat' dir='ltr'><strong>ad</strong></span> <span class='ocrx_word' id='word_1_594' title='bbox 1666 4715 1767 4755; x_wconf 93' lang='lat' dir='ltr'><strong>nos</strong></span> <span class='ocrx_word' id='word_1_595' title='bbox 1799 4715 2024 4764; x_wconf 84' lang='lat' dir='ltr'><strong>venere,</strong></span> <span class='ocrx_word' id='word_1_596' title='bbox 2055 4700 2143 4755; x_wconf 85' lang='lat' dir='ltr'><strong>in-</strong></span> 
     </span>
    </p>
   </div>
   <div class='ocr_carea' id='block_1_83' title="bbox 572 4791 2145 4863">
    <p class='ocr_par' dir='ltr' id='par_1_83' title="bbox 572 4791 2145 4863">
     <span class='ocr_line' id='line_1_83' title="bbox 572 4791 2145 4863; baseline -0.001 -15"><span class='ocrx_word' id='word_1_597' title='bbox 572 4793 869 4863; x_wconf 87' lang='lat' dir='ltr'><strong>terrogavi,</strong></span> <span class='ocrx_word' id='word_1_598' title='bbox 899 4808 1008 4846; x_wconf 92' lang='lat' dir='ltr'><strong>non</strong></span> <span class='ocrx_word' id='word_1_599' title='bbox 1037 4792 1094 4846; x_wconf 84' lang='lat' dir='ltr'><strong>in</strong></span> <span class='ocrx_word' id='word_1_600' title='bbox 1124 4792 1411 4856; x_wconf 90' lang='lat' dir='ltr'><strong>laicorum,</strong></span> <span class='ocrx_word' id='word_1_601' title='bbox 1441 4792 1536 4847; x_wconf 83' lang='lat' dir='ltr'><strong>sed</strong></span> <span class='ocrx_word' id='word_1_602' title='bbox 1571 4791 1958 4861; x_wconf 83' lang='lat' dir='ltr'><strong>episcoporum</strong></span> <span class='ocrx_word' id='word_1_603' title='bbox 1996 4801 2145 4846; x_wconf 88' lang='lat' dir='ltr'><strong>cata-</strong></span> 
     </span>
    </p>
   </div>
   <div class='ocr_carea' id='block_1_84' title="bbox 572 4883 2146 4955">
    <p class='ocr_par' dir='ltr' id='par_1_84' title="bbox 572 4883 2146 4955">
     <span class='ocr_line' id='line_1_84' title="bbox 572 4883 2146 4955; baseline -0.001 -15"><span class='ocrx_word' id='word_1_604' title='bbox 572 4885 698 4955; x_wconf 90' lang='lat' dir='ltr'><strong>logo</strong></span> <span class='ocrx_word' id='word_1_605' title='bbox 726 4884 1023 4954; x_wconf 89' lang='lat' dir='ltr'><strong>ascriptum</strong></span> <span class='ocrx_word' id='word_1_606' title='bbox 1051 4899 1172 4939; x_wconf 87' lang='lat' dir='ltr'><strong>esse</strong></span> <span class='ocrx_word' id='word_1_607' title='bbox 1199 4883 1406 4938; x_wconf 88' lang='lat' dir='ltr'><strong>audivi.</strong></span> <span class='ocrx_word' id='word_1_608' title='bbox 1440 4884 1612 4939; x_wconf 89' lang='lat' dir='ltr'><strong>Porro</strong></span> <span class='ocrx_word' id='word_1_609' title='bbox 1653 4883 1965 4954; x_wconf 87' lang='lat' dir='ltr'><strong>dispicienti</strong></span> <span class='ocrx_word' id='word_1_610' title='bbox 2011 4884 2146 4939; x_wconf 89' lang='lat' dir='ltr'><strong>mihi</strong></span> 
     </span>
    </p>
   </div>
   <div class='ocr_carea' id='block_1_85' title="bbox 572 4973 2146 5046">
    <p class='ocr_par' dir='ltr' id='par_1_85' title="bbox 572 4973 2146 5046">
     <span class='ocr_line' id='line_1_85' title="bbox 572 4973 2146 5046; baseline 0 -17"><span class='ocrx_word' id='word_1_611' title='bbox 572 4985 739 5046; x_wconf 85' lang='lat' dir='ltr'><strong>atque</strong></span> <span class='ocrx_word' id='word_1_612' title='bbox 766 4976 822 5030; x_wconf 91' lang='lat' dir='ltr'><strong>in</strong></span> <span class='ocrx_word' id='word_1_613' title='bbox 843 4975 1027 5030; x_wconf 86' lang='lat' dir='ltr'><strong>animo</strong></span> <span class='ocrx_word' id='word_1_614' title='bbox 1051 4975 1324 5046; x_wconf 87' lang='lat' dir='ltr'><strong>reputanti</strong></span> <span class='ocrx_word' id='word_1_615' title='bbox 1348 4990 1416 5030; x_wconf 91' lang='lat' dir='ltr'><strong>an</strong></span> <span class='ocrx_word' id='word_1_616' title='bbox 1448 4975 1542 5044; x_wconf 90' lang='lat' dir='ltr'><strong>qui</strong></span> <span class='ocrx_word' id='word_1_617' title='bbox 1564 4974 1669 5029; x_wconf 93' lang='lat' dir='ltr'><strong>hoc</strong></span> <span class='ocrx_word' id='word_1_618' title='bbox 1683 4973 1862 5030; x_wconf 87' lang='lat' dir='ltr'><strong>fecere</strong></span> <span class='ocrx_word' id='word_1_619' title='bbox 1893 4973 2146 5030; x_wconf 69' lang='lat' dir='ltr'><strong>Nicaeum-</strong></span> 
     </span>
    </p>
   </div>
   <div class='ocr_carea' id='block_1_86' title="bbox 575 5068 2147 5138">
    <p class='ocr_par' dir='ltr' id='par_1_86' title="bbox 575 5068 2147 5138">
     <span class='ocr_line' id='line_1_86' title="bbox 575 5068 2147 5138; baseline 0 -16"><span class='ocrx_word' id='word_1_620' title='bbox 575 5085 698 5124; x_wconf 89' lang='lat' dir='ltr'><strong>rum</strong></span> <span class='ocrx_word' id='word_1_621' title='bbox 745 5069 966 5122; x_wconf 87' lang='lat' dir='ltr'><strong>Patrum</strong></span> <span class='ocrx_word' id='word_1_622' title='bbox 1009 5068 1230 5123; x_wconf 90' lang='lat' dir='ltr'><strong>decreta</strong></span> <span class='ocrx_word' id='word_1_623' title='bbox 1274 5077 1598 5138; x_wconf 88' lang='lat' dir='ltr'><strong>sequantur,</strong></span> <span class='ocrx_word' id='word_1_624' title='bbox 1644 5078 1700 5122; x_wconf 92' lang='lat' dir='ltr'><strong>et</strong></span> <span class='ocrx_word' id='word_1_625' title='bbox 1743 5068 2147 5138; x_wconf 87' lang='lat' dir='ltr'><strong>aliquantulum</strong></span> 
     </span>
    </p>
   </div>
   <div class='ocr_carea' id='block_1_87' title="bbox 575 5161 2150 5233">
    <p class='ocr_par' dir='ltr' id='par_1_87' title="bbox 575 5161 2150 5233">
     <span class='ocr_line' id='line_1_87' title="bbox 575 5161 2150 5233; baseline 0 -17"><span class='ocrx_word' id='word_1_626' title='bbox 575 5161 777 5217; x_wconf 80' lang='lat' dir='ltr'><strong>mentis</strong></span> <span class='ocrx_word' id='word_1_627' title='bbox 801 5161 1104 5215; x_wconf 89' lang='lat' dir='ltr'><strong>luminibus</strong></span> <span class='ocrx_word' id='word_1_628' title='bbox 1127 5161 1183 5215; x_wconf 91' lang='lat' dir='ltr'><strong>in</strong></span> <span class='ocrx_word' id='word_1_629' title='bbox 1208 5177 1457 5233; x_wconf 89' lang='lat' dir='ltr'><strong>magnam</strong></span> <span class='ocrx_word' id='word_1_630' title='bbox 1495 5162 1642 5216; x_wconf 88' lang='lat' dir='ltr'><strong>illam</strong></span> <span class='ocrx_word' id='word_1_631' title='bbox 1669 5161 1939 5231; x_wconf 92' lang='lat' dir='ltr'><strong>synodum</strong></span> <span class='ocrx_word' id='word_1_632' title='bbox 1965 5162 2150 5216; x_wconf 84' lang='lat' dir='ltr'><strong>inten-</strong></span> 
     </span>
    </p>
   </div>
   <div class='ocr_carea' id='block_1_88' title="bbox 577 5253 2152 5318">
    <p class='ocr_par' dir='ltr' id='par_1_88' title="bbox 577 5253 2152 5318">
     <span class='ocr_line' id='line_1_88' title="bbox 577 5253 2152 5318; baseline 0.001 -11"><span class='ocrx_word' id='word_1_633' title='bbox 577 5253 670 5318; x_wconf 87' lang='lat' dir='ltr'><strong>tis,</strong></span> <span class='ocrx_word' id='word_1_634' title='bbox 708 5253 1022 5308; x_wconf 85' lang='lat' dir='ltr'><strong>universum</strong></span> <span class='ocrx_word' id='word_1_635' title='bbox 1066 5261 1384 5309; x_wconf 89' lang='lat' dir='ltr'><strong>sanctorum</strong></span> <span class='ocrx_word' id='word_1_636' title='bbox 1439 5253 1657 5308; x_wconf 87' lang='lat' dir='ltr'><strong>illorum</strong></span> <span class='ocrx_word' id='word_1_637' title='bbox 1708 5253 1930 5308; x_wconf 88' lang='lat' dir='ltr'><strong>Patrum</strong></span> <span class='ocrx_word' id='word_1_638' title='bbox 1981 5254 2152 5309; x_wconf 93' lang='lat' dir='ltr'><strong>colle-</strong></span> 
     </span>
    </p>
   </div>
   <div class='ocr_carea' id='block_1_89' title="bbox 575 5342 2156 5414">
    <p class='ocr_par' dir='ltr' id='par_1_89' title="bbox 575 5342 2156 5414">
     <span class='ocr_line' id='line_1_89' title="bbox 575 5342 2156 5414; baseline 0 -15"><span class='ocrx_word' id='word_1_639' title='bbox 575 5343 749 5414; x_wconf 74' lang='lat' dir='ltr'><strong>gium,</strong></span> <span class='ocrx_word' id='word_1_640' title='bbox 787 5342 1113 5413; x_wconf 88' lang='lat' dir='ltr'><strong>quibusdam</strong></span> <span class='ocrx_word' id='word_1_641' title='bbox 1147 5344 1318 5399; x_wconf 90' lang='lat' dir='ltr'><strong>veluti</strong></span> <span class='ocrx_word' id='word_1_642' title='bbox 1358 5343 1532 5398; x_wconf 85' lang='lat' dir='ltr'><strong>oculis</strong></span> <span class='ocrx_word' id='word_1_643' title='bbox 1565 5359 1819 5409; x_wconf 89' lang='lat' dir='ltr'><strong>renuere,</strong></span> <span class='ocrx_word' id='word_1_644' title='bbox 1851 5353 1908 5400; x_wconf 90' lang='lat' dir='ltr'><strong>et</strong></span> <span class='ocrx_word' id='word_1_645' title='bbox 1937 5344 2156 5400; x_wconf 88' lang='lat' dir='ltr'><strong>viribus</strong></span> 
     </span>
    </p>
   </div>
   <div class='ocr_carea' id='block_1_90' title="bbox 652 5495 2148 5565">
    <p class='ocr_par' dir='ltr' id='par_1_90' title="bbox 652 5495 2148 5565">
     <span class='ocr_line' id='line_1_90' title="bbox 652 5495 2148 5565; baseline 0.002 -16"><span class='ocrx_word' id='word_1_646' title='bbox 652 5495 728 5565; x_wconf 86' lang='lat' dir='ltr'><strong>(l)</strong></span> <span class='ocrx_word' id='word_1_647' title='bbox 793 5496 986 5551; x_wconf 86' lang='lat' dir='ltr'><strong>Postea</strong></span> <span class='ocrx_word' id='word_1_648' title='bbox 1041 5505 1246 5558; x_wconf 87' lang='lat' dir='ltr'><strong>tamen,</strong></span> <span class='ocrx_word' id='word_1_649' title='bbox 1305 5513 1337 5551; x_wconf 91' lang='lat' dir='ltr'><strong>a</strong></span> <span class='ocrx_word' id='word_1_650' title='bbox 1387 5495 1443 5551; x_wconf 91' lang='lat' dir='ltr'><strong>S.</strong></span> <span class='ocrx_word' id='word_1_651' title='bbox 1495 5496 1705 5552; x_wconf 84' lang='lat' dir='ltr'><strong>Isidoro</strong></span> <span class='ocrx_word' id='word_1_652' title='bbox 1751 5497 2026 5552; x_wconf 86' lang='lat' dir='ltr'><strong>Pelusiota</strong></span> <span class='ocrx_word' id='word_1_653' title='bbox 2077 5497 2148 5552; x_wconf 89' lang='lat' dir='ltr'><strong>ad</strong></span> 
     </span>
    </p>
   </div>
   <div class='ocr_carea' id='block_1_91' title="bbox 582 5565 2147 5636">
    <p class='ocr_par' dir='ltr' id='par_1_91' title="bbox 582 5565 2147 5636">
     <span class='ocr_line' id='line_1_91' title="bbox 582 5565 2147 5636; baseline 0.003 -18"><span class='ocrx_word' id='word_1_654' title='bbox 582 5565 800 5636; x_wconf 77' lang='lat' dir='ltr'><strong>mitiora</strong></span> <span class='ocrx_word' id='word_1_655' title='bbox 834 5565 1058 5621; x_wconf 85' lang='lat' dir='ltr'><strong>consilia</strong></span> <span class='ocrx_word' id='word_1_656' title='bbox 1086 5566 1342 5621; x_wconf 86' lang='lat' dir='ltr'><strong>inductus</strong></span> <span class='ocrx_word' id='word_1_657' title='bbox 1382 5566 1490 5634; x_wconf 89' lang='lat' dir='ltr'><strong>(an.</strong></span> <span class='ocrx_word' id='word_1_658' title='bbox 1521 5567 1853 5622; x_wconf 57' lang='lat' dir='ltr'><strong>ili—Isid.</strong></span> <span class='ocrx_word' id='word_1_659' title='bbox 1896 5567 2057 5636; x_wconf 88' lang='lat' dir='ltr'><strong>epist.</strong></span> <span class='ocrx_word' id='word_1_660' title='bbox 2110 5585 2147 5629; x_wconf 84' lang='grc' dir='ltr'>ι.</span> 
     </span>
    </p>
   </div>
   <div class='ocr_carea' id='block_1_92' title="bbox 583 5634 2150 5718">
    <p class='ocr_par' dir='ltr' id='par_1_92' title="bbox 583 5634 2150 5718">
     <span class='ocr_line' id='line_1_92' title="bbox 583 5634 2150 5718; baseline 0.003 -30"><span class='ocrx_word' id='word_1_661' title='bbox 583 5634 732 5718; x_wconf 60' lang='grc' dir='ltr'>ᾗἹθ),</span> <span class='ocrx_word' id='word_1_662' title='bbox 774 5651 897 5716; x_wconf 78' lang='lat' dir='ltr'><strong>cum</strong></span> <span class='ocrx_word' id='word_1_663' title='bbox 934 5636 1207 5718; x_wconf 67' lang='lat' dir='ltr'><strong>episcopis</strong></span> <span class='ocrx_word' id='word_1_664' title='bbox 1247 5636 1461 5718; x_wconf 53' lang='lat' dir='ltr'><strong>@gypti</strong></span> <span class='ocrx_word' id='word_1_665' title='bbox 1499 5638 1779 5692; x_wconf 91' lang='lat' dir='ltr'><strong>consensit</strong></span> <span class='ocrx_word' id='word_1_666' title='bbox 1800 5647 1870 5718; x_wconf 78' lang='grc' dir='ltr'><strong>ιη⁸</strong></span> <span class='ocrx_word' id='word_1_667' title='bbox 1884 5634 2150 5718; x_wconf 76' lang='lat' dir='ltr'><strong>memoria</strong></span> 
     </span>
    </p>
   </div>
   <div class='ocr_carea' id='block_1_93' title="bbox 585 5703 2148 5778">
    <p class='ocr_par' dir='ltr' id='par_1_93' title="bbox 585 5703 2148 5778">
     <span class='ocr_line' id='line_1_93' title="bbox 585 5703 2148 5778; baseline 0.005 -22"><span class='ocrx_word' id='word_1_668' title='bbox 585 5703 642 5756; x_wconf 85' lang='lat' dir='ltr'><strong>S.</strong></span> <span class='ocrx_word' id='word_1_669' title='bbox 682 5703 1412 5778; x_wconf 10' lang='lat' dir='ltr'><strong>Joanniﬁthrysostomi&#39;ir—i</strong></span> <span class='ocrx_word' id='word_1_670' title='bbox 1447 5707 1716 5778; x_wconf 83' lang='lat' dir='ltr'><strong>integrum</strong></span> <span class='ocrx_word' id='word_1_671' title='bbox 1744 5709 2148 5764; x_wconf 79' lang='lat' dir='ltr'><strong>restitueretur.</strong></span> 
     </span>
    </p>
   </div>
   <div class='ocr_carea' id='block_1_94' title="bbox 582 5775 2146 5846">
    <p class='ocr_par' dir='ltr' id='par_1_94' title="bbox 582 5775 2146 5846">
     <span class='ocr_line' id='line_1_94' title="bbox 582 5775 2146 5846; baseline -0.001 -17"><span class='ocrx_word' id='word_1_672' title='bbox 582 5788 818 5845; x_wconf 81' lang='lat' dir='ltr'><strong>cumque</strong></span> <span class='ocrx_word' id='word_1_673' title='bbox 849 5775 1284 5832; x_wconf 49' lang='lat' dir='ltr'><strong>dehinc&#39;summa</strong></span> <span class='ocrx_word' id='word_1_674' title='bbox 1319 5775 1664 5832; x_wconf 65' lang='lat' dir='ltr'><strong>veneratione</strong></span> <span class='ocrx_word' id='word_1_675' title='bbox 1687 5789 2010 5846; x_wconf 63' lang='lat' dir='ltr'><strong>prOSCI&#39;IIUh</strong></span> <span class='ocrx_word' id='word_1_676' title='bbox 2047 5788 2146 5832; x_wconf 64' lang='lat' dir='ltr'><strong>est.</strong></span> 
     </span>
    </p>
   </div>
   <div class='ocr_carea' id='block_1_95' title="bbox 2254 4707 3827 4781">
    <p class='ocr_par' dir='ltr' id='par_1_95' title="bbox 2254 4707 3827 4781">
     <span class='ocr_line' id='line_1_95' title="bbox 2254 4707 3827 4781; baseline 0.002 -21"><span class='ocrx_word' id='word_1_677' title='bbox 2254 4710 2312 4760; x_wconf 80' lang='grc' dir='ltr'>ἐν</span> <span class='ocrx_word' id='word_1_678' title='bbox 2344 4711 2463 4772; x_wconf 83' lang='grc' dir='ltr'>ταῖς</span> <span class='ocrx_word' id='word_1_679' title='bbox 2493 4708 2662 4777; x_wconf 77' lang='grc' dir='ltr'>ἱεραῖς</span> <span class='ocrx_word' id='word_1_680' title='bbox 2685 4708 2988 4780; x_wconf 75' lang='grc' dir='ltr'>ἐμάνθανον</span> <span class='ocrx_word' id='word_1_681' title='bbox 3018 4709 3243 4773; x_wconf 83' lang='grc' dir='ltr'>δέλτοις.</span> <span class='ocrx_word' id='word_1_682' title='bbox 3283 4709 3597 4781; x_wconf 78' lang='grc' dir='ltr'>Ἐρωτήσας</span> <span class='ocrx_word' id='word_1_683' title='bbox 3626 4707 3683 4762; x_wconf 84' lang='grc' dir='ltr'>δὲ</span> <span class='ocrx_word' id='word_1_684' title='bbox 3702 4711 3827 4773; x_wconf 80' lang='grc' dir='ltr'>τοὺς</span> 
     </span>
    </p>
   </div>
   <div class='ocr_carea' id='block_1_96' title="bbox 2253 4797 3830 4870">
    <p class='ocr_par' dir='ltr' id='par_1_96' title="bbox 2253 4797 3830 4870">
     <span class='ocr_line' id='line_1_96' title="bbox 2253 4797 3830 4870; baseline -0.002 -19"><span class='ocrx_word' id='word_1_685' title='bbox 2253 4799 2463 4852; x_wconf 78' lang='grc' dir='ltr'>ἐκεῖθεν</span> <span class='ocrx_word' id='word_1_686' title='bbox 2481 4799 2734 4869; x_wconf 80' lang='grc' dir='ltr'>ἥκοντας,</span> <span class='ocrx_word' id='word_1_687' title='bbox 2771 4797 3050 4870; x_wconf 75' lang='grc' dir='ltr'>ἐπυθόμην</span> <span class='ocrx_word' id='word_1_688' title='bbox 3096 4799 3197 4852; x_wconf 70' lang='grc' dir='ltr'>οὐκ</span> <span class='ocrx_word' id='word_1_689' title='bbox 3245 4799 3304 4850; x_wconf 83' lang='grc' dir='ltr'>ὲν</span> <span class='ocrx_word' id='word_1_690' title='bbox 3337 4802 3450 4862; x_wconf 86' lang='grc' dir='ltr'>τοῖς</span> <span class='ocrx_word' id='word_1_691' title='bbox 3471 4798 3582 4851; x_wconf 88' lang='grc' dir='ltr'><strong>τῶν</strong></span> <span class='ocrx_word' id='word_1_692' title='bbox 3625 4799 3830 4852; x_wconf 86' lang='grc' dir='ltr'>λαῖκῶν</span> 
     </span>
    </p>
   </div>
   <div class='ocr_carea' id='block_1_97' title="bbox 2249 4881 3832 4957">
    <p class='ocr_par' dir='ltr' id='par_1_97' title="bbox 2249 4881 3832 4957">
     <span class='ocr_line' id='line_1_97' title="bbox 2249 4881 3832 4957; baseline 0.001 -17"><span class='ocrx_word' id='word_1_693' title='bbox 2249 4886 2663 4955; x_wconf 80' lang='grc' dir='ltr'>καταλόγοις,ὲν</span> <span class='ocrx_word' id='word_1_694' title='bbox 2691 4887 2747 4940; x_wconf 82' lang='grc' dir='ltr'>δὲ</span> <span class='ocrx_word' id='word_1_695' title='bbox 2775 4889 2888 4949; x_wconf 82' lang='grc' dir='ltr'>τοῖς</span> <span class='ocrx_word' id='word_1_696' title='bbox 2915 4886 3023 4939; x_wconf 83' lang='grc' dir='ltr'><strong>τῶν</strong></span> <span class='ocrx_word' id='word_1_697' title='bbox 3052 4889 3368 4942; x_wconf 76' lang='grc' dir='ltr'>ἐπισκόπων</span> <span class='ocrx_word' id='word_1_698' title='bbox 3393 4881 3709 4957; x_wconf 76' lang='grc' dir='ltr'>ἐντετάχθαι</span> <span class='ocrx_word' id='word_1_699' title='bbox 3731 4889 3832 4941; x_wconf 77' lang='grc' dir='ltr'><strong>αὑ-</strong></span> 
     </span>
    </p>
   </div>
   <div class='ocr_carea' id='block_1_98' title="bbox 2247 4972 3831 5047">
    <p class='ocr_par' dir='ltr' id='par_1_98' title="bbox 2247 4972 3831 5047">
     <span class='ocr_line' id='line_1_98' title="bbox 2247 4972 3831 5047; baseline -0.003 -16"><span class='ocrx_word' id='word_1_700' title='bbox 2247 4978 2366 5047; x_wconf 83' lang='grc' dir='ltr'>τήν.</span> <span class='ocrx_word' id='word_1_701' title='bbox 2400 4975 2873 5046; x_wconf 86' lang='grc' dir='ltr'>Διασκοπούμενος</span> <span class='ocrx_word' id='word_1_702' title='bbox 2899 4975 2955 5027; x_wconf 80' lang='grc' dir='ltr'>δὲ</span> <span class='ocrx_word' id='word_1_703' title='bbox 2985 4975 3077 5028; x_wconf 77' lang='grc' dir='ltr'>καὶ</span> <span class='ocrx_word' id='word_1_704' title='bbox 3109 4976 3227 5028; x_wconf 82' lang='grc' dir='ltr'>κατ’</span> <span class='ocrx_word' id='word_1_705' title='bbox 3259 4974 3497 5045; x_wconf 74' lang='grc' dir='ltr'>ἐμαυτὸν</span> <span class='ocrx_word' id='word_1_706' title='bbox 3527 4972 3745 5035; x_wconf 71' lang='grc' dir='ltr'>ἐννοῶν,</span> <span class='ocrx_word' id='word_1_707' title='bbox 3780 4975 3831 5026; x_wconf 80' lang='grc' dir='ltr'><strong>εί</strong></span> 
     </span>
    </p>
   </div>
   <div class='ocr_carea' id='block_1_99' title="bbox 2250 5062 3832 5136">
    <p class='ocr_par' dir='ltr' id='par_1_99' title="bbox 2250 5062 3832 5136">
     <span class='ocr_line' id='line_1_99' title="bbox 2250 5062 3832 5136; baseline -0.003 -16"><span class='ocrx_word' id='word_1_708' title='bbox 2250 5071 2373 5131; x_wconf 82' lang='grc' dir='ltr'>ταῖς</span> <span class='ocrx_word' id='word_1_709' title='bbox 2389 5067 2496 5120; x_wconf 90' lang='grc' dir='ltr'><strong>τῶν</strong></span> <span class='ocrx_word' id='word_1_710' title='bbox 2521 5067 2661 5121; x_wconf 87' lang='grc' dir='ltr'>Πατέ</span> <span class='ocrx_word' id='word_1_711' title='bbox 2669 5083 2777 5136; x_wconf 90' lang='grc' dir='ltr'><strong>ρων</strong></span> <span class='ocrx_word' id='word_1_712' title='bbox 2792 5063 2901 5118; x_wconf 88' lang='grc' dir='ltr'><strong>τῶν</strong></span> <span class='ocrx_word' id='word_1_713' title='bbox 2913 5065 2970 5117; x_wconf 82' lang='grc' dir='ltr'>ὲν</span> <span class='ocrx_word' id='word_1_714' title='bbox 2990 5065 3194 5136; x_wconf 67' lang='grc' dir='ltr'>Νικαίᾳ</span> <span class='ocrx_word' id='word_1_715' title='bbox 3215 5063 3566 5118; x_wconf 79' lang='grc' dir='ltr'>ἀκολουθοῦσι</span> <span class='ocrx_word' id='word_1_716' title='bbox 3584 5062 3759 5129; x_wconf 81' lang='grc' dir='ltr'>δόξαις</span> <span class='ocrx_word' id='word_1_717' title='bbox 3784 5065 3832 5116; x_wconf 75' lang='grc' dir='ltr'>οἱ</span> 
     </span>
    </p>
   </div>
   <div class='ocr_carea' id='block_1_100' title="bbox 2251 5154 3835 5229">
    <p class='ocr_par' dir='ltr' id='par_1_100' title="bbox 2251 5154 3835 5229">
     <span class='ocr_line' id='line_1_100' title="bbox 2251 5154 3835 5229; baseline -0.002 -19"><span class='ocrx_word' id='word_1_718' title='bbox 2251 5159 2411 5213; x_wconf 77' lang='grc' dir='ltr'>τοῦτο</span> <span class='ocrx_word' id='word_1_719' title='bbox 2443 5157 2820 5229; x_wconf 72' lang='grc' dir='ltr'>πεπραχότες.</span> <span class='ocrx_word' id='word_1_720' title='bbox 2873 5157 2968 5208; x_wconf 67' lang='grc' dir='ltr'>καὶ</span> <span class='ocrx_word' id='word_1_721' title='bbox 3019 5156 3191 5227; x_wconf 86' lang='grc' dir='ltr'>βραχύ</span> <span class='ocrx_word' id='word_1_722' title='bbox 3224 5173 3278 5208; x_wconf 90' lang='grc' dir='ltr'><strong>τι</strong></span> <span class='ocrx_word' id='word_1_723' title='bbox 3326 5154 3418 5210; x_wconf 77' lang='grc' dir='ltr'><strong>τὸν</strong></span> <span class='ocrx_word' id='word_1_724' title='bbox 3448 5156 3548 5227; x_wconf 80' lang='grc' dir='ltr'>τῆς</span> <span class='ocrx_word' id='word_1_725' title='bbox 3592 5155 3835 5219; x_wconf 80' lang='grc' dir='ltr'>διανοίας</span> 
     </span>
    </p>
   </div>
   <div class='ocr_carea' id='block_1_101' title="bbox 2253 5247 3832 5322">
    <p class='ocr_par' dir='ltr' id='par_1_101' title="bbox 2253 5247 3832 5322">
     <span class='ocr_line' id='line_1_101' title="bbox 2253 5247 3832 5322; baseline -0.002 -18"><span class='ocrx_word' id='word_1_726' title='bbox 2253 5251 2533 5322; x_wconf 77' lang='grc' dir='ltr'>ὀφθαλμὸν</span> <span class='ocrx_word' id='word_1_727' title='bbox 2559 5251 2696 5322; x_wconf 79' lang='grc' dir='ltr'>πρὸς</span> <span class='ocrx_word' id='word_1_728' title='bbox 2729 5252 2827 5321; x_wconf 81' lang='grc' dir='ltr'>τὴν</span> <span class='ocrx_word' id='word_1_729' title='bbox 2859 5249 3102 5320; x_wconf 77' lang='grc' dir='ltr'>μεγάλην</span> <span class='ocrx_word' id='word_1_730' title='bbox 3133 5249 3349 5317; x_wconf 75' lang='grc' dir='ltr'>εκείνην</span> <span class='ocrx_word' id='word_1_731' title='bbox 3391 5248 3676 5312; x_wconf 87' lang='grc' dir='ltr'>ἀνατείνας</span> <span class='ocrx_word' id='word_1_732' title='bbox 3705 5247 3832 5301; x_wconf 83' lang='grc' dir='ltr'>σύν-</span> 
     </span>
    </p>
   </div>
   <div class='ocr_carea' id='block_1_102' title="bbox 2255 5340 3835 5418">
    <p class='ocr_par' dir='ltr' id='par_1_102' title="bbox 2255 5340 3835 5418">
     <span class='ocr_line' id='line_1_102' title="bbox 2255 5340 3835 5418; baseline -0.003 -20"><span class='ocrx_word' id='word_1_733' title='bbox 2255 5345 2395 5412; x_wconf 89' lang='grc' dir='ltr'>οδον,</span> <span class='ocrx_word' id='word_1_734' title='bbox 2425 5345 2554 5418; x_wconf 83' lang='grc' dir='ltr'>ὅλην</span> <span class='ocrx_word' id='word_1_735' title='bbox 2585 5344 2697 5416; x_wconf 83' lang='grc' dir='ltr'>ὁρῶ</span> <span class='ocrx_word' id='word_1_736' title='bbox 2723 5343 2830 5398; x_wconf 87' lang='grc' dir='ltr'><strong>τῶν</strong></span> <span class='ocrx_word' id='word_1_737' title='bbox 2853 5344 3022 5412; x_wconf 78' lang='grc' dir='ltr'>ἁγίων</span> <span class='ocrx_word' id='word_1_738' title='bbox 3043 5343 3305 5414; x_wconf 83' lang='grc' dir='ltr'>Πατὲρων</span> <span class='ocrx_word' id='word_1_739' title='bbox 3324 5341 3550 5396; x_wconf 71' lang='grc' dir='ltr'>ἐκείνων</span> <span class='ocrx_word' id='word_1_740' title='bbox 3574 5340 3672 5412; x_wconf 79' lang='grc' dir='ltr'><strong>τὴν</strong></span> <span class='ocrx_word' id='word_1_741' title='bbox 3701 5342 3835 5412; x_wconf 80' lang='grc' dir='ltr'><strong>ὁμή-</strong></span> 
     </span>
    </p>
   </div>
   <div class='ocr_carea' id='block_1_103' title="bbox 2326 5495 3838 5568">
    <p class='ocr_par' dir='ltr' id='par_1_103' title="bbox 2326 5495 3838 5568">
     <span class='ocr_line' id='line_1_103' title="bbox 2326 5495 3838 5568; baseline -0.002 -14"><span class='ocrx_word' id='word_1_742' title='bbox 2326 5498 2403 5568; x_wconf 76' lang='lat'><strong>(2)</strong></span> <span class='ocrx_word' id='word_1_743' title='bbox 2459 5500 2586 5556; x_wconf 69' lang='lat' dir='ltr'><strong>Haec</strong></span> <span class='ocrx_word' id='word_1_744' title='bbox 2626 5497 2856 5568; x_wconf 89' lang='lat' dir='ltr'><strong>epistola</strong></span> <span class='ocrx_word' id='word_1_745' title='bbox 2905 5513 3031 5553; x_wconf 91' lang='lat' dir='ltr'><strong>cum</strong></span> <span class='ocrx_word' id='word_1_746' title='bbox 3068 5497 3340 5568; x_wconf 82' lang='lat' dir='ltr'><strong>superiori</strong></span> <span class='ocrx_word' id='word_1_747' title='bbox 3375 5496 3441 5550; x_wconf 91' lang='lat' dir='ltr'><strong>ad</strong></span> <span class='ocrx_word' id='word_1_748' title='bbox 3482 5511 3686 5568; x_wconf 73' lang='lat' dir='ltr'><strong>annum</strong></span> <span class='ocrx_word' id='word_1_749' title='bbox 3729 5495 3838 5568; x_wconf 72' lang='grc'><strong>415</strong></span> 
     </span>
    </p>
   </div>
   <div class='ocr_carea' id='block_1_104' title="bbox 2257 5566 3832 5639">
    <p class='ocr_par' dir='ltr' id='par_1_104' title="bbox 2257 5566 3832 5639">
     <span class='ocr_line' id='line_1_104' title="bbox 2257 5566 3832 5639; baseline -0.003 -15"><span class='ocrx_word' id='word_1_750' title='bbox 2257 5566 2488 5639; x_wconf 82' lang='lat' dir='ltr'><strong>spectat,</strong></span> <span class='ocrx_word' id='word_1_751' title='bbox 2539 5579 2595 5624; x_wconf 88' lang='lat' dir='ltr'><strong>et</strong></span> <span class='ocrx_word' id='word_1_752' title='bbox 2633 5566 2788 5639; x_wconf 79' lang='lat' dir='ltr'><strong>juxta</strong></span> <span class='ocrx_word' id='word_1_753' title='bbox 2833 5566 3661 5639; x_wconf 55' lang='lat' dir='ltr'><strong>temporum&#39;_rationenrCyrilli</strong></span> <span class='ocrx_word' id='word_1_754' title='bbox 3715 5567 3832 5639; x_wconf 75' lang='lat' dir='ltr'><strong>epi-</strong></span> 
     </span>
    </p>
   </div>
   <div class='ocr_carea' id='block_1_105' title="bbox 2257 5637 3838 5711">
    <p class='ocr_par' dir='ltr' id='par_1_105' title="bbox 2257 5637 3838 5711">
     <span class='ocr_line' id='line_1_105' title="bbox 2257 5637 3838 5711; baseline -0.001 -18"><span class='ocrx_word' id='word_1_755' title='bbox 2257 5637 2414 5711; x_wconf 62' lang='lat' dir='ltr'><strong>stolis</strong></span> <span class='ocrx_word' id='word_1_756' title='bbox 2439 5637 2820 5711; x_wconf 59' lang='lat' dir='ltr'><strong>praemittenda</strong></span> <span class='ocrx_word' id='word_1_757' title='bbox 2856 5637 3020 5711; x_wconf 80' lang='lat' dir='ltr'><strong>foret.</strong></span> <span class='ocrx_word' id='word_1_758' title='bbox 3062 5637 3168 5692; x_wconf 83' lang='lat' dir='ltr'><strong>Sed</strong></span> <span class='ocrx_word' id='word_1_759' title='bbox 3201 5637 3326 5711; x_wconf 69' lang='lat' dir='ltr'><strong>vide</strong></span> <span class='ocrx_word' id='word_1_760' title='bbox 3350 5637 3597 5711; x_wconf 48' lang='lat' dir='ltr'><strong>Bolland:</strong></span> <span class='ocrx_word' id='word_1_761' title='bbox 3633 5637 3687 5690; x_wconf 92' lang='lat' dir='ltr'><strong>in</strong></span> <span class='ocrx_word' id='word_1_762' title='bbox 3721 5637 3838 5691; x_wconf 78' lang='lat' dir='ltr'><strong>Vita</strong></span> 
     </span>
    </p>
   </div>
   <div class='ocr_carea' id='block_1_106' title="bbox 2259 5706 3698 5782">
    <p class='ocr_par' dir='ltr' id='par_1_106' title="bbox 2259 5706 3698 5782">
     <span class='ocr_line' id='line_1_106' title="bbox 2259 5706 3698 5782; baseline -0.004 -17"><span class='ocrx_word' id='word_1_763' title='bbox 2259 5706 2466 5780; x_wconf 58' lang='lat' dir='ltr'><strong>Cyrilli&#39;,</strong></span> <span class='ocrx_word' id='word_1_764' title='bbox 2500 5711 2726 5782; x_wconf 84' lang='lat' dir='ltr'><strong>hujusce</strong></span> <span class='ocrx_word' id='word_1_765' title='bbox 2759 5709 3019 5766; x_wconf 78' lang='lat' dir='ltr'><strong>editionis</strong></span> <span class='ocrx_word' id='word_1_766' title='bbox 3047 5718 3176 5764; x_wconf 91' lang='lat' dir='ltr'><strong>tom.</strong></span> <span class='ocrx_word' id='word_1_767' title='bbox 3207 5708 3247 5773; x_wconf 88' lang='lat' dir='ltr'><strong>l,</strong></span> <span class='ocrx_word' id='word_1_768' title='bbox 3281 5708 3384 5762; x_wconf 81' lang='lat' dir='ltr'><strong>col.</strong></span> <span class='ocrx_word' id='word_1_769' title='bbox 3427 5706 3514 5760; x_wconf 71' lang='lat'><strong>29..</strong></span> <span class='ocrx_word' id='word_1_770' title='bbox 3553 5707 3698 5761; x_wconf 71' lang='lat' dir='ltr'><strong>Enn.</strong></span> 
     </span>
    </p>
   </div>
  </div>
