4154 6322
270 351 374 410 355

1594 346 1930 405 EPISTOLA
1967 346 2202 406 LXXVI.

3464 349 3586 408 δα

280 481 442 536 γυριν
472 459 668 536 ὥσπερ
699 462 847 517 τισὶν
867 461 1165 534 ὀφθαλμοῖς
1187 461 1573 526 άνανεύουσαν,
1601 465 1696 516 καί⁵
1713 463 1864 516 παντί

1978 460 2260 527 omnibus,
2305 463 2604 532 quominus
2651 464 2720 520 ad
2767 479 2887 520 rem
2931 477 3053 518 eam
3101 463 3570 533 comprobandam

273 557 452 611 σθένει
474 554 895 611 διακωλύουσαν
925 556 1075 626 ἡμᾶς
1096 554 1313 626 τρέχειν
1348 556 1428 619 είς
1456 555 1555 626 τὴν
1577 555 1672 608 ἐπὶ
1693 553 1868 626 τούτῳ

273 645 605 702 συναίνεσιν.
626 647 756 712 Πῶς
787 647 896 718 7&9
922 650 1037 710 τοῖς
1060 645 1265 714 ἱερεῦσι
1289 645 1425 699 Θεοῦ
1458 643 1866 709 συντετάξεται,

270 739 372 795 καὶ
391 741 483 793 τὸν
503 740 733 794 ἐκείνων
764 740 983 812 φορέσει
1005 738 1225 810 κλῆρον,
1249 741 1277 792 6
1292 739 1392 809 τῆς
1419 738 1688 810 ίερατείας
1713 737 1868 790 ἐκϐε-

269 830 581 901 ϐλημένοςς
619 830 744 894 Πῶς
769 830 827 883 δὲ
865 833 922 884 έν
954 827 1277 896 καταλόγοις
1324 829 1478 881 ἔσται
1511 825 1864 898 λειτουργῶν,

282 922 314 974 6
351 922 466 975 τῶν
497 919 978 993 ικκλησιαστικῶν
1013 918 1316 990 περιϐόλων
1351 918 1456 983 ἔξω
1489 917 1699 983 τεθείς;
1740 917 1866 970 ’Λν-

275 1011 429 1078 άξιον
450 1012 561 1084 7&9
587 1014 732 1084 ἡμᾶς
763 1013 795 1083 ἧ
829 1010 996 1083 μηδὲν
1023 1006 1166 1065 εἶναι
1191 1011 1370 1080 λέγειν
1391 1012 1452 1065 τὸ
1473 1012 1570 1082 τῆς
1593 1010 1868 1082 ίερατείας

273 1105 469 1175 δνομα,
490 1105 586 1157 καὶ
616 1107 846 1176 πρᾶγμα
868 1102 1046 1156 κοινὸν
1071 1099 1210 1156 εἶναι
1238 1105 1394 1167 πᾶσι,
1425 1103 1485 1155 τὸ
1511 1103 1692 1172 μόνοις
1709 1119 1869 1172 τετη-

277 1195 520 1267 ρημένον
541 1197 654 1258 τοῖς
683 1195 763 1258 εἰς
788 1193 950 1248 τοῦτο
979 1195 1337 1266 καλουμένοις
1358 1213 1372 1226 ·
1400 1197 1434 1267 ἢ
1463 1197 1512 1248 εί
1541 1195 1675 1246 πολύ
1709 1212 1761 1248 τι
1808 1193 1868 1246 τὸ

277 1286 612 1356 διατειχίζον
631 1286 778 1340 εστὶν
804 1285 1106 1358 ἱερωσύνην
1132 1287 1226 1340 καὶ
1243 1286 1390 1349 λαὸν,
1419 1287 1493 1358 μὴ
1520 1286 1768 1357 μιγνύειν
1800 1285 1869 1339 τὰ

275 1379 488 1448 ἄμικτα
508 1420 524 1444 ,
559 1380 747 1449 τηρεῖν
767 1377 825 1430 δὲ
853 1380 912 1430 ὲν
934 1381 1001 1449 τῇ
1043 1378 1221 1450 οἰκείᾳ
1244 1379 1398 1444 τάξει
1425 1378 1531 1430 τῶν
1562 1376 1867 1449 είρημένων

273 1469 528 1531 ἕκαστον,
564 1469 660 1522 καὶ
684 1471 784 1539 τῆς
802 1468 955 1539 αὒτῷ
980 1468 1301 1538 πρεπούσης
1321 1469 1487 1539 τιμῆς
1514 1468 1718 1534 ἀξιοῦν.
1741 1468 1868 1532 Πῶς

272 1558 370 1616 οῦν
397 1563 456 1614 έν
485 1559 807 1624 ἐπισκόποις
835 1561 864 1613 6
892 1561 1101 1624 λαῖκὸς,
1127 1561 1160 1630 ἢ
1192 1561 1309 1623 πῶς
1337 1563 1396 1613 έν
1430 1562 1543 1621 τοῖς
1580 1560 1818 1629 γνησίοις
1840 1561 1869 1613 6

278 1656 354 1726 μὴ
386 1652 630 1717 τοιοῦτος
652 1652 946 1721 άναφανείς
967 1671 981 1721 ;
1002 1653 1066 1706 Τί
1075 1669 1271 1724 μησον,
1293 1652 1758 1724 παρακαλῶ,τοὺς
1773 1653 1867 1705 ἐπὶ

272 1746 553 1818 λαμπροῖς
585 1746 679 1799 καὶ
707 1746 965 1817 μεγάλοις
993 1750 1105 1810 τοῖς
1141 1745 1536 1818 κατορθώμασι
1585 1761 1866 1816 μαρτυρη-

1971 569 2296 620 accurram,
2353 555 2630 612 obsistere
2686 556 2929 612 videtur.
2982 553 3273 622 Quomodo
3331 572 3571 627 namque

1971 648 2116 702 inter
2173 647 2494 703 sacerdotes
2542 649 2640 704 Dei
2695 648 3037 713 censebitur,
3091 647 3383 703 illorumve
3431 649 3572 706 feret

1969 745 2176 792 sortem
2224 779 2239 803 ,
2291 737 2380 792 cui
2432 737 2795 794 sacerdotalis
2850 737 3091 810 dignitas
3137 737 3400 808 abrogata
3445 739 3572 794 est?

1968 828 2259 896 Quomodo
2302 845 2435 886 vero
2478 830 2536 885 in
2581 831 2832 901 catalogo
2866 845 3149 885 sacrorum
3181 831 3570 886 ministrorum

1969 921 2096 985 erit,
2147 921 2242 992 qui
2288 922 2683 978 ecclesiasticis
2727 923 3008 979 moenibus
3055 924 3266 994 eiectus
3296 925 3416 979 est?
3461 927 3572 980 Aut

1968 1012 2117 1067 enim
2149 1013 2496 1084 professione
2520 1022 2709 1070 nostra
2735 1014 3022 1086 indignum
3046 1024 3152 1080 est,
3177 1025 3238 1070 ut
3271 1016 3569 1072 sacerdotii

1969 1122 2174 1161 nomen
2208 1107 2347 1162 nihil
2371 1122 2515 1172 esse,
2544 1116 2600 1162 et
2629 1123 2747 1163 rem
2785 1107 2961 1177 ipsum
2989 1121 3343 1162 communem
3384 1106 3568 1161 omni-

1969 1199 2075 1255 bus
2098 1214 2243 1265 esse,
2275 1216 2398 1270 quae
2436 1212 2619 1255 tamen
2650 1200 2733 1254 eis
2775 1199 2910 1255 solis
2957 1199 3053 1269 qui
3103 1198 3174 1254 ad
3215 1214 3338 1252 eam
3384 1198 3569 1253 vocati

1969 1299 2120 1355 sunt,
2143 1298 2426 1346 asservata
2449 1299 2553 1354 est,
2579 1290 2831 1347 dicamus
2859 1309 2874 1345 :
2913 1299 3009 1346 aut
3041 1290 3086 1345 si
3119 1305 3379 1361 magnum
3401 1289 3568 1361 quid-

1969 1382 2095 1438 dam
2127 1390 2232 1446 est,
2285 1381 2433 1453 quod
2483 1382 2882 1437 sacerdotalem
2927 1381 3273 1437 functionem
3312 1397 3344 1436 a
3377 1381 3566 1452 populi

1969 1473 2326 1530 multitudine
2351 1472 2587 1538 dirimit,
2621 1489 2732 1528 non
2756 1474 3039 1528 miscenda
3063 1489 3187 1544 quae
3207 1472 3431 1527 misceri
3456 1489 3571 1528 non

1969 1573 2221 1635 possunt,
2257 1565 2353 1621 sed
2382 1581 2576 1621 eorum
2605 1582 2729 1637 quae
2755 1565 3000 1621 diximus
3022 1564 3261 1635 quodvis
3285 1563 3340 1618 in
3367 1564 3569 1618 ordine

1969 1669 2071 1710 suo
2100 1656 2566 1721 conservandum,
2612 1663 2670 1710 et
2709 1656 2923 1733 honore
2957 1655 3147 1711 debito
3194 1653 3570 1709 cohonestan-

1970 1747 2102 1802 dum
2127 1747 2290 1803 nobis
2315 1750 2441 1803 erit.
2463 1748 2752 1815 Quomodo
2783 1749 2952 1819 igitur
2981 1756 3078 1802 aut
3099 1748 3246 1802 inter
3279 1745 3573 1816 episcopos

275 1838 488 1903 θέντας,
522 1837 597 1910 μὴ
631 1838 861 1911 ὑϐρίσῃς
908 1839 1001 1892 τὴν
1034 1837 1189 1907 ἅγιον
1223 1838 1334 1892 τῶν
1369 1838 1630 1908 Πατέρων
1682 1838 1862 1909 χορόν.

1969 1841 2166 1904 laicus,
2225 1849 2322 1895 aut
2372 1841 2516 1894 inter
2562 1855 2855 1912 germanos
2897 1849 2954 1895 et
2989 1839 3286 1911 legitimos,
3317 1837 3409 1907 qui
3446 1836 3572 1890 talis

288 1929 492 1984 Ἐννόει
536 1931 809 2000 παρόντας
848 1929 928 1982 ἔτι
979 1930 1072 1983 καὶ
1107 1929 1612 1999 συνδιαιτωμένους,
1649 1929 1766 1991 πῶς
1797 1929 1865 1982 ἂν

275 2019 369 2072 ἰπὶ
412 2018 495 2089 τῷ
529 2019 777 2088 γεγονότι
805 2019 1147 2091 διετέθησαν.
1186 2015 1313 2091 Ἃρ*
1346 2021 1466 2090 οὐχὶ
1520 2019 1701 2088 πάσης
1727 2021 1861 2072 ἀνα-

276 2111 593 2182 πεπλῆσθαι
622 2112 799 2183 λύπης
821 2109 976 2166 εἷπον
1006 2112 1073 2166 ἂν
1104 2112 1352 2174 είκότως,
1377 2112 1458 2174 είς
1485 2111 1584 2182 τὴν
1616 2111 1737 2181 ίσην
1770 2110 1866 2164 αὐ-

273 2207 388 2268 τοις
435 2203 592 2270 τάξιν
635 2204 1027 2277 εἰσφερομένου
1079 2202 1174 2255 τοῦ
1219 2203 1652 2274 καθῃρημένοιη
1721 2201 1863 2255 Ἀλλ’

272 2291 427 2365 οἶμαι
459 2297 556 2350 καὶ
582 2295 754 2368 αὐτὴν
781 2295 938 2349 τοῦτο
968 2295 1261 2349 πεπεῖσθαι
1288 2295 1386 2366 τὴν
1406 2298 1506 2366 σὴν
1529 2293 1860 2349 θεοσέϐειαν.

271 2388 364 2442 Διὸ
396 2389 465 2459 δὴ
496 2388 689 2443 σϐέσον
717 2389 901 2452 αὐτοῖς
920 2405 980 2442 τε
1009 2389 1102 2442 καὶ
1121 2391 1255 2460 ἡμῖν
1270 2392 1369 2460 τῆς
1393 2389 1585 2460 ἀηδίας
1610 2389 1710 2458 τὴν
1730 2387 1865 2460 πρό-

273 2498 463 2550 φασιν.
497 2481 680 2535 Λῦσον
701 2481 802 2552 τῆς
837 2481 1094 2536 ἁπάντων
1116 2481 1417 2550 κατηφείας
1450 2481 1551 2552 τὴν
1581 2478 1859 2534 ὑπόθεσιν.

272 2573 346 2626 Τδ
370 2573 471 2644 μὲν
497 2572 609 2644 7&9
638 2573 1131 2646 εύμεταχειρίστως
1159 2575 1228 2628 τὰ
1248 2573 1709 2646 παρεμπίπτοντα
1728 2572 1862 2625 διοισ

273 2668 412 2731 κεῐν,
447 2665 614 2720 καλὸν
645 2667 712 2721 ἂν
752 2667 965 2740 εἴποιμι
991 2669 1086 2722 καὶ
1113 2667 1278 2737 σοφόν
1299 2682 1314 2698 ο
1348 2667 1469 2720 τότε
1506 2665 1553 2718 δ’
1588 2665 1741 2718 ἔσται
1771 2681 1862 2717 σο-

272 2759 394 2826 φδν,
435 2757 501 2811 ἂν
529 2759 605 2830 μή
640 2777 694 2813 τι
725 2757 920 2830 βλάϐος
945 2760 1195 2832 εἰσφέρῃ.
1227 2758 1363 2813 Οὐδὲ
1407 2757 1518 2830 γὰρ
1562 2756 1864 2826 ἐπειδήπερ

276 2845 504 2919 μείζονα
541 2850 642 2918 τὴν
667 2848 908 2919 Χριστοῦ
939 2849 1174 2920 ποίμνην
1202 2847 1609 2918 ἀποτελοῦμεν,
1645 2847 1771 2909 τοὺς
1805 2848 1865 2898 ὲν

270 2941 390 3003 ταῖς
409 2937 653 3010 αἱρέσεσι
678 2938 1077 3012 προσλαϐόντες
1102 2941 1330 3009 ἐσμοὺς,
1354 2939 1447 2992 καὶ
1466 2939 1516 2990 εἰ
1531 2936 1633 3007 τῆς
1656 2936 1864 3000 οἰκείας

277 3029 354 3102 μὴ
383 3029 670 3101 μεταθείεν
704 3031 936 3102 πλάνης,
969 3030 1057 3084 διά
1089 3029 1246 3086 τοῦτο
1291 3029 1398 3102 χρὴ
1441 3030 1680 3091 πάντως,
1714 3028 1862 3080 οἰκο-

234 3108 236 3111 ’
273 3124 507 3194 νομικήν
534 3139 658 3177 τινα
681 3123 776 3176 καὶ
795 3123 990 3195 άπεριέ
999 3138 1232 3194 ργαστον
1249 3123 1474 3192 εἰρήνην
1493 3118 1860 3183 ἀσπάζεσθαι,

275 3215 412 3285 πρὸς
460 3214 555 3280 οὓς
611 3217 727 3268 ἐστι
761 3194 1029 3288 κρείττων
1078 3216 1114 3285 ἡ
1146 3213 1314 3285 μάχη.
1351 3213 1552 3286 Ἔργον
1601 3212 1659 3266 δὲ
1691 3211 1861 3276 ὅντως
1889 3194 1932 3252 C

271 3308 590 3378 οἰκονομίας
624 3308 762 3372 ἐστὶ,
779 3307 848 3361 τὸ
875 3309 1054 3363 δοκεῖν
1079 3307 1192 3361 ἐσθ’
1219 3309 1307 3361 ὅτε
1330 3306 1506 3379 βραχύ
1531 3323 1583 3360 τι
1603 3305 1698 3359 τοῦ
1731 3307 1864 3377 πρέ-

274 3417 469 3464 ποντος
500 3400 817 3468 ἐξίστασθαι
838 3401 1021 3470 λόγου,
1065 3402 1204 3472 μετὰ
1230 3400 1325 3454 τοῦ
1354 3400 1455 3470 τὴν
1487 3401 1547 3453 ὲν
1583 3401 1698 3462 τοῖς
1727 3415 1864 3469 χρη-

276 3493 458 3563 σίμοις
486 3493 874 3564 παραιτεῖσθαι
928 3493 1155 3565 ζημίαν.
1209 3491 1366 3547 Οῦτω
1412 3491 1559 3546 καὶὸ
1590 3492 1864 3561 μακάριος

274 3583 489 3646 Παῦλος
520 3585 633 3646 τοῖς
666 3585 833 3638 πᾶσιν
865 3584 1076 3652 έγίνετο
1116 3584 1325 3639 πάνταο
1366 3582 1467 3654 οὐχ
1499 3583 1586 3635 ἵνα
1625 3581 1861 3652 κερδάνῃ

277 3677 380 3747 μέν
413 3694 465 3730 τι
495 3675 691 3747 βραχὺ,
728 3677 982 3748 ζημιωθῇ
1016 3676 1074 3730 δὲ
1119 3677 1285 3748 μέρος
1309 3718 1324 3743 ,
1374 3675 1490 3729 ἀλλ’
1521 3675 1610 3728 ἵνα
1651 3674 1864 3737 πάντας

272 3768 543 3840 κερδήσῃ.
580 3768 810 3839 Ἱδωμεν
836 3769 1019 3823 τοίνυν
1041 3769 1130 3822 διὰ
1161 3768 1367 3838 ταύτης
1392 3767 1493 3837 τῆς
1516 3765 1744 3839 ἐρεύνης
1763 3766 1862 3834 τῆς

273 3860 332 3912 ὲν
358 3861 476 3922 τοῖς
510 3858 800 3931 πράγμασι
851 3859 1184 3930 βαδίζοντες,
1219 3862 1268 3913 εί
1321 3858 1397 3931 μὴ
1429 3859 1612 3911 πλεῖον
1653 3857 1766 3928 ἔχει
1799 3855 1863 3909 τὸ

275 3951 476 4022 βλάϐος
529 3953 564 4022 ἡ
621 3951 881 4014 ὑπόθεσις
928 3951 1038 4004 τῶν
1068 3951 1335 4018 δοξάντων
1388 3946 1528 4003 εἶναι
1586 3948 1857 4019 χρηστῶν.

273 4041 545 4107 Τοσοῦτος
582 4041 683 4115 ήδη
724 4042 998 4097 διῖππεύει
1049 4044 1239 4115 χρόνος
1268 4044 1366 4114 τῆς
1423 4041 1520 4112 σῆς
1552 4040 1864 4104 θεοσεϐείας

272 4133 569 4204 διεπούσης
599 4135 690 4189 τὸν
721 4134 939 4207 θρόνον·
972 4135 1068 4190 καὶ
1097 4135 1271 4200 οὐδείς
1301 4137 1449 4188 ὲστιν
1470 4136 1499 4187 6
1533 4133 1862 4202 συνάγεσθαι

274 4225 734 4297 παραιτούμενος.
783 4226 924 4278 Ἀλλ’
949 4227 998 4280 εί
1025 4227 1119 4280 καί
1162 4227 1262 4281 πού
1297 4244 1440 4290 τινες
1476 4227 1605 4299 περὶ
1631 4224 1730 4298 τὴν
1759 4227 1862 4298 ἀρ-

274 4316 379 4386 χὴν
411 4316 847 4390 φιλονεικότερον
880 4318 1213 4391 πράττοντες
1249 4319 1476 4382 ἑαυτοὺς
1505 4316 1859 4388 ἀπεμέριζον,

275 4409 371 4462 καὶ
399 4401 546 4464 οὗτοι
573 4409 869 4482 κέκληνται
897 4411 985 4465 διὰ
1008 4409 1105 4482 τὴν
1131 4410 1224 4464 τοῦ
1249 4411 1504 4484 Σωτῆρος
1530 4412 1688 4482 ἡμῶν
1709 4410 1864 4482 ἰσχύν

274 4515 336 4551 τε
370 4499 467 4552 καὶ
498 4499 678 4571 χάριν.
711 4499 835 4553 Τῶν
859 4500 917 4554 δὲ
944 4502 1002 4553 ὲν
1029 4500 1196 4564 τέλει,
1230 4499 1315 4563 τίς
1345 4500 1375 4552 6
1407 4500 1482 4570 μὴ
1515 4498 1615 4570 τῆς
1643 4500 1742 4568 σῆς
1770 4500 1861 4550 εὑ-

274 4589 501 4655 λαϐείας
517 4591 868 4663 ἀκροώμενος
884 4611 899 4658 ;
923 4593 1019 4656 Τίς
1039 4591 1096 4646 δὲ
1112 4593 1146 4644 6
1158 4590 1363 4662 ταύτης
1383 4592 1548 4645 ἕνεκα
1569 4591 1668 4662 τῆς
1681 4589 1864 4655 αἰτίας

277 4682 385 4748 ἔξω
435 4683 766 4755 μεμενηκώς
792 4700 808 4750 ;
864 4685 980 4738 Οὐκ
1010 4683 1157 4736 ἔστιν
1185 4684 1380 4746 οὐδείς.
1431 4685 1524 4754 Μὴ
1553 4683 1664 4752 γὰρ
1689 4683 1806 4752 δοίη
1834 4683 1864 4734 6

277 4775 433 4839 Θεός.
466 4775 600 4828 Τίνα
629 4774 923 4847 τοιγαροῦν
949 4774 1321 4845 άνασὼζων,ἢ
1346 4776 1425 4838 εἰς
1444 4774 1507 4828 τὸ
1530 4765 1863 4842 συνάγεσθαι

279 4865 482 4928 καλῶν,
507 4866 637 4936 ὅλην
662 4865 766 4931 ἔξω
787 4867 900 4931 θεὶς
923 4866 1036 4921 τῶν
1052 4868 1151 4937 τῆς
1182 4866 1510 4937 Ἐκκλησίας
1535 4865 1859 4938 περιϐόλων,

275 4960 380 5030 τήν
402 4976 462 5011 τε
484 4958 783 5027 Δίγυπτον,
813 4958 1277 5030 Αύγουσταλικὴν,
1304 4961 1396 5012 καὶ
1434 4959 1742 5030 Ἀρκαδίαν,
1767 4958 1864 5013 καὶ

278 5050 542 5122 Θηϐαΐδα,
575 5051 670 5105 καί
697 5051 926 5123 Λιϐύην,
954 5054 1051 5105 καὶ
1071 5051 1431 5113 Πεντάπολιν,
1466 5051 1561 5104 καὶ
1591 5051 1860 5114 τοσαύτας

291 5144 619 5214 Ἑκκλησίας
645 5145 835 5208 λυπεῖς
865 5161 878 5209 ;
929 5145 1014 5196 ἵνα
1062 5145 1267 5215 μηδένα
1317 5144 1584 5215 κερδάνῃς
1605 5161 1617 5172 ·
1651 5144 1860 5206 πάντας

279 5236 386 5307 7&9
413 5235 778 5307 προεκέρδανε
803 5237 898 5289 τοῦ
947 5238 1204 5308 Σωτῆρος
1238 5239 1271 5307 ἡ
1314 5238 1492 5308 χάρις.
1524 5236 1635 5290 Καὶ
1672 5238 1858 5289 ἀνατί-

281 5328 413 5399 θημι
441 5329 533 5383 τὸν
573 5329 667 5382 ἐπὶ
722 5331 896 5400 τούτῳ
928 5330 1092 5383 πόνον
1123 5334 1235 5394 τοῖς
1272 5330 1373 5400 τῆς
1415 5330 1515 5400 σῆς
1551 5328 1859 5393 θεοσεϐείας

280 5420 591 5491 διδάγμασι.
661 5423 753 5493 Μὴ
784 5424 965 5476 τοίνυν
1001 5423 1300 5494 κατηγόρει
1341 5421 1542 5476 σαυτοῦ
1594 5424 1721 5486 τοὺς
1753 5424 1861 5476 ἀπὸ

282 5515 583 5582 φιλονεικου
618 5517 845 5587 γνώμης
885 5517 1352 5587 μεμερισμένους,
1387 5516 1482 5568 καὶ
1514 5515 1588 5587 μὴ
1632 5516 1862 5569 καταδε-

279 5607 540 5678 χομένους
572 5608 700 5661 ποτὲ
732 5610 792 5662 τὸ
815 5611 901 5661 ἐπ’
927 5611 1120 5663 ἐκείνω
1164 5607 1370 5664 δίκαιον
1399 5597 1593 5680 κρῖμα.
1639 5611 1704 5661 Ἥ
1751 5610 1860 5679 γὰρ

347 5787 389 5818 ¹¹
413 5787 437 5842 ι
459 5785 589 5841 Cor.
624 5801 696 5854 lx,
725 5787 816 5843 ΕΞ.

1970 1950 2084 1989 non
2113 1934 2208 1998 sit,
2243 1932 2546 1989 consistet?
2579 1933 2822 1998 Honora,
2864 1940 2918 1987 te
2961 1932 3176 1992 hortor,
3209 1945 3308 1985 eos
3329 1929 3424 1999 qui
3448 1943 3568 1982 ma-

1971 2043 2201 2098 gnarum
2248 2037 2305 2082 et
2339 2025 2754 2098 splendidarum
2788 2035 3050 2095 recteque
3092 2033 3340 2078 actarum
3379 2036 3569 2075 rerum

1972 2120 2148 2174 tulere
2170 2119 2574 2184 testimonium,
2605 2134 2677 2174 ne
2704 2116 3040 2172 contumelia
3069 2124 3319 2171 sanctum
3341 2115 3568 2169 Patrum

1971 2213 2203 2268 chorum
2271 2211 2498 2267 aﬁicias.
2560 2210 2865 2267 Considera
2923 2224 3021 2265 eos
3077 2207 3171 2278 qui
3241 2205 3570 2276 superstites

1970 2302 2154 2358 adhuc
2181 2303 2238 2358 in
2260 2303 2371 2357 vita
2395 2311 2642 2365 manent,
2668 2299 2948 2372 quomodo
2982 2315 3100 2354 rem
3141 2298 3285 2352 hanc
3325 2311 3571 2367 accepe-

1971 2395 2104 2449 rint.
2145 2396 2226 2450 An
2257 2393 2371 2449 non
2401 2393 2480 2448 illi
2519 2393 2711 2449 dolore
2738 2409 2797 2448 se
2822 2392 2974 2446 omni
3001 2391 3243 2461 repletos
3263 2404 3386 2444 esse
3417 2396 3570 2443 recte

1971 2484 2181 2549 dicant,
2209 2486 2254 2540 si
2282 2485 2336 2539 in
2365 2483 2625 2540 eumdem
2649 2499 2776 2540 cum
2802 2483 2885 2538 eis
2910 2481 3182 2544 ordinem,
3209 2480 3256 2534 is
3278 2480 3366 2535 cui
3390 2478 3572 2549 digni-

1972 2585 2057 2632 tas
2086 2577 2344 2647 adempta
2365 2585 2453 2632 est
2474 2575 2779 2630 referatur?
2811 2573 3013 2629 Verum
3044 2572 3099 2627 id
3123 2570 3317 2642 pietati
3343 2585 3570 2641 quoque

1971 2677 2080 2723 tum
2114 2683 2441 2739 persuasum
2475 2682 2598 2722 esse
2626 2674 2781 2737 puto.
2833 2664 3206 2732 Quamobrem
3252 2672 3309 2718 et
3354 2663 3466 2717 illis
3512 2674 3572 2718 et

1970 2759 2135 2814 nobis
2174 2759 2434 2815 maeroris
2457 2759 2616 2814 abole
2641 2774 2887 2814 causam.
2925 2757 3080 2813 Tolle
3107 2755 3358 2812 omnium
3391 2755 3570 2810 tristi-

1970 2853 2062 2908 tiae
2090 2851 2459 2906 occasionem.
2495 2852 2632 2906 Nam
2655 2851 2813 2907 facile
2838 2861 2896 2906 et
2916 2849 3173 2921 expedite
3196 2864 3260 2903 ea
3285 2862 3408 2918 quae
3431 2862 3573 2917 prae-

1971 2953 2060 2999 ter
2087 2943 2407 3014 Opinionem
2435 2942 2716 3006 accidunt,
2748 2941 3044 3011 disponere
3071 2948 3126 2996 et
3154 2939 3572 3005 administrare,

1973 3037 2108 3092 boni
2137 3045 2193 3090 et
2226 3035 2500 3106 sapientis
2539 3050 2662 3090 esse
2706 3034 2944 3089 dixerim
2979 3050 2993 3088 ε
3026 3033 3124 3088 sed
3160 3042 3274 3087 tum
3319 3031 3569 3099 demum.

1972 3142 2099 3182 cum
2131 3127 2268 3180 nihil
2318 3125 2636 3181 detrimenti
2684 3125 2895 3180 aﬂ'erat.
2940 3124 3061 3180 Non
3101 3124 3272 3186 enim,
3316 3122 3573 3193 quamvis

1965 3235 2185 3291 gregem
2206 3219 2412 3275 Christi
2431 3233 2752 3290 propagare,
2777 3217 3326 3287 frequentioremque
3349 3212 3572 3271 edicere

1966 3313 2309 3377 Studeamus,
2362 3311 2620 3367 examina
2668 3309 2988 3375 haeresium,
3030 3308 3192 3380 205
3233 3308 3280 3364 si
3313 3322 3569 3364 errorem

1965 3421 2130 3463 suum
2175 3421 2287 3461 non
2336 3404 2657 3476 repudient,
2691 3404 3012 3474 recipimus.
3063 3403 3131 3457 Et
3179 3402 3416 3473 proinde
3450 3417 3568 3455 non

1965 3497 2192 3552 omnino
2218 3503 2473 3568 prompta
2499 3494 2734 3565 quadam
2761 3493 3175 3565 dispensatione
3198 3492 3418 3548 facilem
3440 3506 3570 3546 cum

1963 3584 2048 3640 eis
2083 3584 2378 3653 complecti
2430 3598 2624 3654 pacem
2675 3582 2963 3645 debemus,
2997 3581 3264 3636 adversus
3291 3596 3434 3651 quos
3461 3595 3566 3650 pu-

1964 3691 2133 3748 gnare
2183 3684 2432 3747 praestat.
2493 3673 2936 3745 Dispensationis
2979 3687 3110 3728 sane
3155 3671 3394 3727 laudatae
3427 3687 3571 3742 opus

1963 3767 2153 3833 fuerit,
2187 3769 2234 3823 si
2258 3771 2591 3839 quandoque
2623 3766 2700 3821 ita
2733 3782 2764 3821 a
2798 3766 2986 3821 debita
3027 3766 3242 3821 ratione
3273 3765 3568 3821 deﬂectere

1964 3861 2276 3925 videamur,
2303 3869 2362 3915 ut
2386 3860 2442 3915 in
2476 3859 2645 3914 rebus
2678 3858 2914 3913 utilibus
2937 3869 2996 3913 et
3038 3857 3348 3913 commodis
3389 3856 3566 3912 detri-

1963 3962 2214 4008 ruentum
2251 3954 2544 4008 evitemus.
2592 3951 2685 4007 Sic
2723 3960 2780 4005 et
2813 3951 3012 4006 beatus
3056 3949 3261 4005 Paulus
3307 3948 3570 4004 omnibus

1965 4044 2148 4101 factus
2175 4055 2260 4100 est
2283 4045 2471 4099 omnia
2494 4046 2563 4109 ",
2593 4059 2704 4099 non
2736 4053 2798 4099 ut
2822 4044 3081 4114 exiguum
3097 4040 3367 4112 quiddam
3393 4040 3568 4095 lucri-

1965 4137 2196 4202 faceret,
2224 4146 2438 4207 partem
2483 4145 2667 4190 autem
2695 4135 3013 4206 quampiam
3055 4133 3257 4187 damno
3299 4129 3563 4194 alliceret,

1966 4228 2064 4284 sed
2091 4234 2152 4284 ut
2171 4242 2366 4282 omnes
2395 4227 2732 4281 lucraretur.
2763 4225 3061 4281 Videamus
3100 4238 3255 4294 ergo,
3289 4221 3564 4294 ejusmodi

1966 4336 2154 4376 rerum
2198 4318 2613 4389 investigationi
2649 4316 2990 4375 insistentes.
3022 4331 3093 4370 an
3125 4330 3236 4369 non
3276 4314 3402 4384 plus
3433 4313 3568 4369 huic

1967 4429 2147 4469 causae
2182 4411 2490 4476 insitmali,
2525 4426 2690 4482 quam
2729 4411 2822 4464 illa
2861 4409 3118 4464 videatur
3159 4407 3368 4462 habere
3408 4406 3563 4462 boni.

1967 4506 2073 4561 Τοι
2086 4507 2198 4577 jam
2221 4507 2535 4581 praeteriere
2558 4503 2711 4567 anni,
2734 4519 2803 4558 ex
2829 4517 2940 4574 quo
2964 4501 3140 4572 pietas
3167 4508 3260 4555 tua
3303 4499 3567 4554 thronum

1967 4615 2130 4654 suum
2174 4600 2391 4655 tenuit:
2423 4614 2607 4668 neque
2661 4598 2958 4668 quisquam
3000 4603 3086 4650 est
3123 4594 3218 4664 qui
3256 4599 3570 4649 conventus

1968 4692 2023 4746 in
2050 4692 2296 4748 Ecclesia
2327 4701 2452 4746 tuos
2477 4690 2634 4745 vitet.
2679 4689 2822 4757 Quin
2854 4688 3072 4743 etiamsi
3117 4686 3186 4741 ab
3228 4685 3390 4740 initio
3421 4700 3566 4740 non-

1966 4783 2105 4837 nulli
2135 4781 2444 4838 dissidendi
2478 4795 2667 4836 amore
2699 4779 2912 4850 seipsos
2945 4777 3015 4833 ab
3044 4777 3153 4832 illis
3181 4784 3563 4848 segregarunt,

1967 4881 2152 4928 tamen
2191 4879 2249 4927 et
2276 4870 2356 4926 illi
2388 4886 2489 4942 per
2527 4871 2641 4925 vim
2688 4877 2745 4924 et
2788 4868 3021 4940 gratiam
3063 4867 3273 4923 Christi
3321 4867 3565 4923 revocati

1967 4974 2113 5020 sunt.
2157 4964 2240 5018 Ex
2283 4962 2704 5034 magistratibus
2738 4977 2876 5016 vero
2908 4961 3035 5032 quis
3059 4977 3172 5015 non
3202 4960 3426 5030 pietatis
3456 4970 3566 5016 tua:

1964 5055 2132 5111 dictis
2173 5055 2406 5112 audiens
2438 5053 2559 5109 est?
2585 5051 2722 5120 Quis
2747 5053 2820 5107 ob
2853 5052 2997 5107 hanc
3023 5052 3198 5121 ipsam
3229 5065 3452 5105 causam
3477 5059 3566 5105 est

1965 5148 2059 5217 qui
2099 5155 2257 5202 extra
2302 5146 2608 5202 Ecclesiam
2654 5147 2908 5200 maneat?
2941 5145 3116 5200 Nemo
3163 5142 3411 5216 profecto
3454 5150 3564 5197 est.

1962 5241 2085 5296 Non
2103 5240 2251 5296 enim
2273 5240 2380 5295 hoc
2399 5239 2494 5294 det
2518 5239 2682 5293 Deus.
2704 5238 2890 5307 Itaque
2915 5250 3210 5306 quemnam
3231 5234 3298 5289 ad
3329 5233 3564 5288 salutem

1967 5347 2265 5398 revocans,
2309 5341 2406 5386 aut
2440 5331 2510 5386 ad
2540 5330 2816 5402 legitimos
2863 5329 2919 5383 in
2964 5327 3212 5383 Ecclesia
3258 5333 3569 5382 conventus

1969 5424 2266 5490 reducens,
2307 5424 2443 5494 quin
2485 5438 2705 5477 omnem
2750 5421 2937 5492 potius
2979 5419 3240 5474 Ecclesiae
3285 5416 3567 5474 moenibus

1970 5518 2198 5588 ejicicns
2241 5515 2561 5588 )Egyptum,
2581 5515 2861 5586 regionem
2889 5513 3056 5568 etiam
3089 5510 3469 5581 Augustalem.
3508 5518 3566 5562 et

1969 5613 2281 5676 Arcadiam,
2305 5620 2362 5666 et
2389 5607 2733 5669 Thebaiden,
2759 5618 2816 5662 ct
2843 5606 3092 5678 Libyam,
3116 5613 3171 5658 et
3194 5601 3565 5672 Pentapolim,
