4126 6314
628 365 733 419 555

1658 355 1711 406 S.
1754 351 2024 406 CYRILLI
2067 348 2532 404 ALEXANDRINI
2571 348 2886 404 ARClllEP.

3768 355 3893 410 356

627 482 682 525 et
714 481 792 525 tot
832 469 1105 525 Ecclesias
1136 469 1325 523 dolore
1372 464 1575 519 aflicis?
1611 480 1718 517 non
1764 472 1824 515 ut
1868 475 2196 530 quemquam

2300 464 2378 525 εἰς
2407 462 2658 515 τοσοῦτον
2684 462 2973 527 νυστάζειν
3012 463 3159 531 ἡμᾶς
3203 462 3499 532 ὑπείληφεν
3524 462 3559 533 ή
3595 461 3661 533 σὴ
3691 462 3890 517 θεοσέ-

626 561 934 617 lucrifaeias
963 580 974 614 :
1004 575 1197 616 omnes
1221 574 1455 627 namque
1489 554 1760 609 lucrifecit
1793 553 1967 623 gratia
1998 552 2198 606 Serva-

628 654 781 708 toris.
816 651 1057 707 Remitto
1095 661 1148 706 te
1190 652 1292 706 hac
1324 651 1380 703 in
1420 663 1479 702 re
1523 647 1589 701 ad
1635 649 1806 715 ipsam
1835 644 2057 713 pietatis
2096 653 2202 698 tua:

626 741 952 797 doctrinam.
984 742 1062 796 Ne
1099 741 1264 811 igitur
1286 747 1477 793 contra
1503 738 1736 805 teipsum
1763 735 2012 789 celebres
2038 744 2202 803 atque

2302 556 2445 619 δεια,
2476 556 2616 609 ὥστε
2642 554 2717 625 μὴ
2748 554 3042 626 πειρᾶσθαι
3079 553 3373 624 μανθάνειν
3400 554 3887 625 ἐσπουδασμένως.

2304 644 2401 705 τάς
2422 659 2479 695 τε
2517 642 2615 706 σάς
2644 643 3043 713 εὐδοκιμήσεις,
3069 644 3164 697 καὶ
3194 644 3343 707 ὅπως
3370 644 3439 696 τὰ
3488 642 3584 697 τοῦ
3626 644 3889 715 Σωτῆρος

2304 738 2720 805 χειραγωγεῖται
2750 736 3007 806 ποίμνια;
3039 735 3137 807 μία
3157 736 3267 806 γὰρ
3293 738 3327 805 ή
3359 735 3468 788 τῶν
3502 736 3692 806 ἱερέων
3714 752 3892 807 φρον-

628 835 869 888 tllustres
887 850 983 889 eos
1023 834 1119 903 qui
1144 831 1469 886 adversandi
1498 829 1681 884 studio
1708 828 1763 881 in
1788 836 1974 897 partes
2000 827 2196 880 disces-

2302 827 2407 888 τἰς,
2441 826 2535 879 καὶ
2566 827 2613 879 εἰ
2640 825 2880 888 τοπικῶς
2908 826 3234 898 διῃρήμεθα.
3274 826 3411 877 Ἀλλ’
3443 825 3532 879 ἵνα
3561 825 3635 895 μὴ
3661 824 3890 895 δοκοίην

627 941 770 989 sere,
815 940 992 994 neque
1030 939 1270 993 unquam
1314 924 1526 993 justum
1569 921 1637 975 de
1685 910 1884 990 seipsis
1930 919 2199 990 judicium

625 1016 919 1086 accipiunt.
959 1016 1043 1069 An
1073 1014 1147 1070 ita
1180 1014 1474 1069 connivere
1523 1022 1579 1068 et
1614 1029 1834 1069 cessare
1878 1028 1979 1067 nos
2025 1010 2201 1079 pietas

629 1117 721 1162 tua
748 1107 1079 1178 suspicatur,
1109 1115 1169 1161 ut
1196 1123 1306 1162 non
1343 1106 1638 1179 diligenter
1669 1107 1739 1163 de
1770 1108 2031 1179 praeclara
2056 1104 2199 1158 fama

629 1210 741 1264 tua,
774 1206 830 1254 et
861 1199 1139 1269 quomodo
1172 1198 1483 1253 Servatoris
1516 1214 1712 1269 greges
1746 1206 2005 1270 regantur
2037 1206 2199 1265 atque

628 1289 1089 1354 manuducantur,
1158 1291 1540 1360 inquiramus?
1591 1291 1709 1347 Una
1766 1305 2002 1360 namque
2061 1289 2195 1351 haec,

625 1377 840 1433 etiamsi
868 1380 1115 1433 locorum
1162 1378 1572 1448 intercapedine
1616 1378 1875 1450 disjuncti
1908 1378 2036 1440 sint,
2078 1376 2197 1445 epi-

626 1483 916 1539 SCOporum
948 1479 1033 1524 est
1064 1485 1215 1525 cura.
1251 1470 1355 1525 Sed
1397 1471 1543 1525 enim
1588 1485 1657 1524 ne
1706 1471 1762 1524 in
1791 1471 1897 1524 hoc
1932 1468 2199 1539 prolixior

623 1576 764 1625 esse,
788 1569 845 1615 et
874 1563 1064 1631 pietati
1107 1572 1212 1616 tua:
1253 1563 1526 1618 contraria
1569 1563 1772 1617 sentire
1809 1561 2000 1616 videar
2036 1578 2047 1613 :
2080 1570 2199 1615 esto

624 1663 685 1705 ut
713 1654 873 1722 pauci
900 1653 1195 1707 admodum
1220 1654 1331 1707 sint
1367 1652 1548 1706 adhuc
1585 1652 1855 1717 seditiosi,
1884 1653 1979 1723 qui
2004 1667 2063 1707 se
2096 1666 2199 1721 pro

624 1740 772 1796 illius
798 1743 1129 1813 malignitate
1163 1743 1410 1811 periculo
1435 1751 1718 1811 exponunt
1744 1760 1755 1795 :
1790 1741 1935 1813 apud
1964 1759 2066 1798 nos
2096 1760 2198 1797 au-

2304 915 2398 968 ὲπὶ
2421 915 2596 986 τούτῳ
2635 914 2995 969 διατείνεσθαι
3046 916 3186 982 λίαν,
3214 918 3308 969 καὶ
3352 918 3467 979 τοῖς
3489 916 3598 969 ἀπὸ
3633 916 3732 986 τῆς
3776 915 3890 984 σῆς

2303 1006 2584 1070 εὐλαϐείας
2620 1010 2835 1079 φρονεῖν
2870 1006 3085 1061 ὲναντία
3105 1023 3117 1036 ·
3151 1006 3543 1070 ἔπωσάντινες
3571 1005 3743 1073 ὀλίγοι
3780 1020 3887 1058 κο-

2306 1098 2432 1167 μιδῇ
2470 1099 2944 1164 διαστασιάζοντες
2974 1138 2989 1163 ,
3044 1097 3124 1150 ἔτι
3170 1097 3391 1167 καὶτῆς
3436 1096 3646 1150 ἐκείνου
3673 1095 3884 1159 κακίας

2302 1190 2817 1261 προκινδυνεύοντες
2840 1232 2855 1254 ,
2886 1189 3142 1244 τοσαῦται
3194 1189 3251 1241 δὲ
3305 1190 3437 1259 παρ’
3471 1190 3605 1259 ήμῖν
3642 1186 3887 1256 Ἐκκλη-

2304 1284 2436 1347 σίαι,
2465 1284 2666 1354 ὃτιχρὴ
2695 1283 2763 1337 τὰ
2791 1285 2876 1336 ἐπ’
2906 1281 3097 1353 ἐκείνῳ
3117 1281 3411 1351 δεδογμένα
3434 1278 3655 1350 κρατεῖν
3675 1279 3886 1349 διῖσχυ-

2308 1373 2591 1444 ριζόμεναι
2612 1415 2625 1428 .
2651 1376 2795 1428 τίσιν
2816 1370 2910 1427 οὖν
2935 1375 3034 1444 τὴν
3049 1375 3228 1443 ψῆφον
3249 1371 3619 1441 ἀπονέμεσθαι
3638 1372 3878 1436 δίκαιον;

2302 1465 2465 1528 Τίνας
2502 1464 2560 1518 δὲ
2592 1464 2983 1537 εὐφραίνεσθαι
3026 1466 3227 1536 μᾶλλον
3271 1466 3495 1536 ἀρέσκει
3528 1464 3683 1535 Θεῷ;
3736 1464 3882 1527 Τοὺς

2301 1558 2495 1629 ἐκείνῳ
2550 1558 2986 1629 συνηγοροῦντας
3024 1559 3247 1613 τοιαῦτα
3295 1555 3694 1628 πεπραχότι,.ῆ
3746 1555 3882 1619 τοὺς

2301 1649 2394 1701 ἐπὶ
2425 1649 2592 1719 τιμῆς
2636 1652 2966 1719 ἐγνωκότας,
2995 1645 3039 1719 ᾧ
3068 1651 3128 1704 τὸ
3170 1651 3360 1703 λυπεῖν
3394 1650 3699 1718 λελόγισται
3742 1648 3881 1717 παρ’

2300 1742 2483 1808 οὐδέν;
2516 1745 2579 1795 Εί
2608 1743 2788 1797 τοίνυν
2808 1744 2870 1796 τὸ
2891 1743 3158 1807 σώζεσθαι
3195 1743 3295 1814 τὴν
3322 1742 3577 1813 ὁμόνοιαν
3603 1740 3883 1810 τῶνζἙκ-

623 1840 736 1887 tem
764 1842 843 1888 tot
873 1844 1000 1887 sunt
1031 1833 1291 1887 Ecclesia:
1330 1848 1452 1903 qua:
1477 1833 1545 1887 de
1569 1834 1779 1889 Joanne
1806 1833 2027 1889 decreta
2055 1833 2196 1889 obti-

2301 1833 2538 1903 κλησιῶν
2564 1835 2665 1887 οὐκ
2698 1835 3170 1905 εὐκαταφρόνητον
3200 1828 3469 1903 φαίνεται,
3505 1831 3669 1886 λῦσον
3698 1830 3757 1884 τὸ
3788 1830 3885 1883 τέ-

621 1941 754 1980 ncre
799 1925 1000 1979 debere
1042 1928 1401 1979 contendunt.
1447 1926 1659 1992 Quibus
1700 1926 1869 1997 igitur
1909 1926 2194 1998 suffragari

620 2032 834 2085 tequum
857 2017 975 2070 est?
1002 2016 1235 2083 Quinam
1264 2026 1323 2070 ut
1357 2019 1631 2081 lmtentur,
1659 2018 1770 2071 Deo
1793 2018 2054 2087 placitum
2079 2018 2196 2072 est?

619 2107 773 2163 liline
802 2109 895 2178 qui
924 2109 1121 2164 Joanni
1144 2111 1579 2178 patrocinantur,
1606 2127 1731 2164 cum
1764 2120 1911 2165 tanta
1938 2112 2195 2183 designa-

616 2202 758 2255 verit
789 2219 802 2254 :
835 2218 904 2255 an
954 2203 1050 2272 qui
1098 2219 1314 2271 poenam
1365 2203 1574 2257 homini
1607 2206 1923 2275 irrogarunt
1972 2207 2022 2259 ei
2074 2207 2191 2275 qui,

617 2306 742 2345 cum
777 2290 917 2345 alios
938 2291 1129 2346 dolore
1149 2290 1409 2354 alliceret.
1442 2308 1543 2361 pro
1578 2292 1752 2347 nihilo
1794 2294 1957 2363 206
1997 2293 2195 2347 duxit?

616 2383 776 2450 Quod
809 2385 856 2438 si
878 2384 1225 2439 concordiam
1254 2384 1624 2439 Ecclesiarum
1664 2400 1991 2440 conservare
2027 2386 2192 2439 mini-

621 2491 709 2530 me
750 2466 1218 2530 contemnendum
1250 2474 1468 2528 videtur
1506 2494 1517 2528 :
1557 2476 1708 2530 solve
1744 2476 1819 2542 id,
1854 2492 2007 2547 rogo,
2044 2478 2192 2547 quod

617 2581 739 2622 eam
770 2566 988 2621 scindit.
1018 2566 1166 2619 Mitte
1207 2566 1449 2636 gladium
1484 2566 1538 2619 in
1566 2567 1819 2637 vaginam
1847 2583 2022 2622 suam.
2052 2568 2192 2623 Jube

617 2675 684 2714 ex
722 2661 1104 2729 episcoporum
1148 2660 1566 2713 nomenclatura
1601 2660 1828 2716 Joannis
1864 2677 2064 2716 nomen
2096 2677 2191 2716 ex-

617 2747 735 2801 imi.
759 2747 894 2802 Nam
917 2750 963 2803 si
985 2749 1139 2817 parvi
1163 2748 1217 2801 id
1241 2748 1492 2814 facimus,
1515 2760 1571 2805 et
1597 2751 1833 2806 dicimus
1859 2768 1970 2807 non
2001 2752 2193 2807 all'erat

616 2840 866 2894 dolorem
894 2840 1268 2909 apostolorum
1303 2842 1474 2896 choro
1501 2842 1670 2899 Judas
1698 2844 1969 2914 proditor,
2013 2846 2065 2898 in
2095 2860 2191 2899 eo-

618 2931 743 2987 dem
767 2947 893 2985 cum
920 2932 1028 2987 illis
1050 2931 1245 2986 ordine
1275 2946 1473 2988 census
1500 2952 1512 2987 :
1544 2934 1697 2989 Iudae
1740 2946 1923 2991 autem
1970 2937 2192 2991 nomine

619 3024 675 3077 in
717 3038 907 3077 eorum
944 3040 1234 3078 numerum
1269 3025 1464 3091 relato,
1510 3042 1620 3096 quo
1662 3022 1859 3082 deinde
1906 3028 2028 3083 loco
2057 3029 2193 3082 Mat-

620 3117 762 3172 thias
809 3116 968 3171 nobis
1014 3118 1289 3187 ponetur?
1342 3118 1481 3173 Cum
1534 3119 1702 3189 igitur
1761 3135 1922 3174 nemo
1969 3121 2193 3176 Matthia

2304 1944 2434 1996 μνον
2455 1926 2679 1997 ταύτην,
2710 1927 3032 1998 παρακαλῶ.
3052 1928 3221 1981 Βάλλε
3242 1927 3341 1998 τὴν
3365 1927 3643 1997 μάχαιραν
3676 1925 3757 1987 είς
3775 1924 3883 1994 τὴν

2303 2018 2475 2089 θήκην
2499 2019 2689 2088 αὐτῆς.
2732 2020 3005 2072 Κέλευσον
3033 2018 3126 2071 τοῦ
3156 2018 3459 2086 καταλόγου
3506 2016 3617 2069 τῶν
3654 2014 3883 2068 ἐπισκό-

2304 2126 2418 2161 πων
2441 2109 2787 2179 ἐξαιρεθῆναι
2814 2110 2909 2180 τὴν
2951 2109 3198 2163 Ἰωάννου
3243 2108 3639 2180 προσηγορίαν.
3670 2107 3734 2159 Εἰ
3767 2104 3882 2175 γὰρ

2301 2200 2453 2253 οὐδὲν
2486 2197 2624 2254 εἶναι
2672 2201 2831 2254 τοῦτο
2876 2202 3224 2271 λογιούμεθα,
3257 2202 3333 2272 μὴ
3362 2201 3599 2254 λυπείτω
3644 2200 3735 2253 τὸν
3767 2199 3882 2251 τῶν

2301 2293 2615 2346 ἀποστόλων
2648 2294 2805 2364 χορὸν
2839 2294 2868 2345 ό
2908 2293 3175 2364 προδότης
3214 2294 3398 2355 αὐτοῖς
3436 2290 3884 2360 συγκαταταττόο

2304 2402 2495 2455 μενος·
2557 2386 2953 2456 εἰσφερομένης
2999 2386 3057 2437 δὲ
3101 2386 3199 2455 τῆς
3245 2384 3416 2437 Ἰούδα
3459 2380 3834 2455 προσηγορίας
3862 2419 3880 2445 ,

2302 2477 2404 2531 ποῦ
2456 2478 2638 2532 λοιπὸν
2686 2480 2816 2549 ἡμῖν
2859 2479 2889 2530 ό
2920 2475 3169 2540 Ματθίας
3197 2493 3261 2546 γε
3290 2478 3573 2541 κείσεται;
3603 2476 3665 2528 El
3696 2474 3883 2527 τοίνυν

2298 2573 2473 2637 οὐδεὶς
2503 2573 2594 2627 τὸν
2629 2571 2881 2627 Ματθίαν
2928 2572 3177 2626 ἐκϐαλὼν
3226 2572 3494 2641 ὲγγράψοι
3534 2570 3627 2622 τὸν
3676 2567 3883 2621 Ἰούδαν

2298 2667 2378 2737 τῷ
2415 2665 2522 2719 τῶν
2553 2666 2869 2720 ἀποστόλων
2903 2664 3070 2736 χορῷ,
3103 2663 3313 2735 μενέτω
3352 2662 3447 2715 καὶ
3472 2658 3751 2724 σωζέσθω,
3773 2676 3884 2712 πα-

2301 2760 2544 2832 ρακαλῶ,
2574 2761 2712 2831 μετά
2742 2761 2833 2814 τὸν
2872 2761 2968 2829 τῆς
3005 2758 3248 2829 ἀοιδίμου
3305 2758 3526 2828 μνήμης
3553 2753 3879 2823 Νεκτάριον,

2298 2853 2549 2924 δεύτερος
2578 2856 2606 2907 ὁ
2634 2853 2741 2907 τοῦ.
2763 2856 3120 2923 πανευφήμου
3188 2849 3480 2921 Ἀρσακίου
3515 2846 3753 2918 βαθμός’
3788 2845 3883 2898 ἵνα

2304 2947 2377 3015 μή
2425 2963 2478 2999 τι
2532 2946 2624 3016 βίᾳ⁴
2678 2945 3047 3016 παρεισαχθὲν
3096 2941 3275 3015 ἐξώσῃ
3306 2941 3402 2994 τοῦ
3455 2940 3727 3012 μακαρίου
3773 2938 3883 3010 τὴν

2303 3038 2547 3109 μνήμην.
2582 3036 2722 3089 Ἀλλ’
2743 3037 2913 3105 ὀλίγοι
2933 3036 3094 3107 τυχὸν
3124 3036 3216 3089 ἐπὶ
3240 3034 3415 3101 τούτῳ
3443 3031 3878 3105 δυσχεραίνουσιο

2300 3126 2443 3179 δίδου
2477 3144 2568 3197 μοι
2606 3127 2745 3198 μετά
2778 3125 3093 3196 παρρησίας
3115 3125 3308 3177 εἰπεῖν.
3342 3124 3559 3187 Πάντας
3590 3122 3690 3192 μὲν
3720 3121 3885 3191 εύχόο

616 3210 794 3280 cjecto
814 3211 1187 3279 apostolorum
1212 3211 1380 3266 choro
1400 3211 1593 3266 Judam
1618 3213 1952 3283 ascripserit,
1979 3222 2196 3269 maneat

2304 3219 2444 3289 μεθα
2480 3218 2766 3282 σώζεσθαι.
2806 3218 2867 3271 Εί
2900 3217 2958 3269 δέ
2988 3234 3069 3280 τις
3096 3215 3155 3279 ἐξ
3187 3214 3394 3278 οἰκείας
3432 3214 3673 3284 ἀμαθίας
3708 3214 3885 3283 χωρί-

616 3313 675 3359 et
704 3314 976 3368 servetur,
1023 3305 1236 3365 hortor,
1271 3314 1395 3374 post
1432 3306 1669 3361 celebris
1694 3308 1970 3362 memoriae
1998 3308 2197 3363 Necta-

621 3396 784 3460 rium,
806 3394 1082 3450 secundus
1114 3396 1476 3451 laudatissimi
1501 3396 1711 3452 Arsacii
1733 3400 1950 3470 gradus,
1976 3402 2198 3477 nequid

617 3505 717 3559 per
764 3488 875 3543 vim
920 3504 1210 3559 perperam
1254 3497 1311 3543 et
1348 3490 1628 3561 illegitime
1677 3492 1957 3547 inductum
1993 3510 2198 3549 memo-

620 3580 757 3633 riam
798 3579 944 3633 beati
994 3579 1100 3633 viri
1145 3579 1421 3649 explodat.
1475 3580 1582 3635 Sed
1625 3584 1786 3651 pauci
1830 3584 2060 3640 fortasse
2092 3588 2197 3641 hoc

616 3687 758 3741 aegre
806 3670 1022 3735 ferunt;
1067 3673 1321 3740 permitte
1370 3681 1553 3728 autem
1587 3674 1724 3727 mihi
1772 3684 1831 3729 ut
1874 3676 2048 3732 libere
2075 3694 2196 3746 quae

617 3763 743 3817 volo
772 3762 971 3816 dicam.
1016 3761 1218 3818 Omnes
1242 3765 1499 3834 equidem
1529 3766 1709 3821 salvos
1746 3766 1867 3821 fieri
1904 3778 2105 3838 optem.
2140 3770 2197 3824 Si

618 3856 743 3925 quis
770 3870 903 3909 vero
925 3856 1199 3924 imperitia
1224 3872 1322 3911 sua
1346 3858 1414 3912 ab
1440 3858 1685 3914 Ecclesia
1717 3860 1946 3924 secedit,
1972 3871 2027 3915 et
2050 3862 2198 3916 illius

617 3946 1111 4000 constitutionibus
1150 3948 1476 4019 refragatur,
1514 3966 1635 4020 quae
1661 3952 1931 4022 ejusmodi
1959 3954 2198 4008 hominis

614 4046 700 4091 est
757 4037 1005 4106 jactura?
1048 4038 1131 4091 An
1183 4054 1293 4092 non
1334 4039 1449 4109 ipse
1501 4057 1718 4110 quoque
1771 4041 2059 4107 Servatur,
2098 4062 2198 4100 nos

615 4126 856 4197 idipsum
887 4128 1113 4192 docens,
1147 4140 1203 4183 ct
1238 4132 1469 4185 formam
1497 4132 1551 4185 in
1575 4134 1830 4190 omnibus
1858 4153 2192 4207 proponens,

615 4217 985 4272 conducibilia
1017 4220 1238 4289 quidem
1289 4222 1357 4276 ad
1396 4238 1492 4278 eos
1536 4225 1629 4293 qui
1677 4242 1803 4280 eum
1848 4239 2197 4284 accesserunt

615 4308 835 4361 locutus
868 4317 972 4372 est,
1007 4308 1389 4366 inobedientes
1415 4323 1597 4368 autem
1623 4324 1678 4369 et
1703 4328 1998 4373 renuentes
2020 4320 2198 4376 disce-

615 4400 749 4453 dere
794 4402 1079 4470 permisit?
1108 4405 1283 4473 Atque
1322 4414 1530 4460 tantum
1559 4408 1715 4463 abest
1749 4420 1809 4464 ut
1848 4412 2087 4481 aliquam
2118 4424 2193 4467 ta-

617 4493 749 4546 lium
776 4492 1060 4548 hominum
1087 4498 1355 4552 rationem
1382 4499 1654 4565 habuerit,
1681 4513 1743 4557 ut
1763 4504 1925 4557 etiam
1956 4506 2023 4559 ad
2049 4506 2196 4575 ipsos

616 4583 819 4638 dixerit
864 4585 1206 4656 discipulos:
1242 4608 1257 4639 ι
1289 4590 1373 4643 An
1426 4601 1481 4644 et
1513 4609 1609 4647 vos
1659 4595 1815 4649 abire
1866 4597 2035 4652 vultis
2060 4574 2142 4650 li7’?
2172 4619 2188 4648 ι
2230 4574 2272 4627 ί)

616 4679 1062 4750 Obsequcutibus
1093 4700 1222 4739 sane
1257 4687 1484 4741 multam
1517 4703 1617 4743 nos
1659 4690 1975 4760 impendere
2006 4710 2193 4748 curam

617 4789 837 4843 :equum
870 4784 973 4829 est.
1011 4777 1370 4833 Adversarius
1404 4792 1585 4836 autem
1624 4790 1679 4836 et
1722 4784 2045 4840 inobediens
2085 4803 2198 4840 ma—

618 4868 967 4921 levolentiam
1001 4870 1115 4939 ipse
1150 4887 1302 4926 suam
1330 4885 1569 4939 accuset,
1598 4875 1925 4931 medicinam
1952 4879 2079 4932 odio
2102 4879 2197 4932 ha-

618 4958 772 5013 bens.
813 4960 1015 5013 Audiet
1041 4962 1131 5015 ille
1165 4980 1298 5018 vero
1328 4967 1538 5035 justum
1579 4971 1842 5039 judicem,
1873 4971 2143 5026 dicentem
2180 4993 2190 5025 :

628 5068 646 5099 ι
675 5048 1129 5120 Quandoquidem
1171 5057 1388 5112 locutus
1426 5075 1567 5125 sum,
1598 5071 1655 5116 et
1682 5080 1789 5117 non
1830 5064 2189 5128 obedivistis;

621 5147 676 5193 ct
697 5142 912 5195 extendi
940 5160 1243 5210 sermones,
1264 5157 1319 5201 et
1342 5151 1582 5205 animum
1610 5170 1721 5207 non
1741 5156 2137 5215 advenistis“.
2169 5178 2183 5205 ι

618 5243 676 5289 et
700 5250 821 5303 qua:
846 5248 1173 5306 sequuntur.
1200 5241 1307 5294 Nos
1335 5243 1559 5311 quidem
1586 5286 1599 5309 ,
1640 5246 1731 5315 qui
1772 5246 2033 5302 docemus
2072 5250 2193 5318 qui-

619 5327 850 5381 busnam
874 5332 1043 5384 rebus
1074 5332 1277 5402 aliquis
1301 5334 1518 5389 laudem
1538 5338 1796 5407 sibiapud
1810 5340 1980 5394 Deum
2009 5353 2187 5409 parm,

619 5419 862 5473 studiose
886 5421 1176 5476 admodum
1215 5424 1270 5477 id
1303 5426 1482 5481 facere
1510 5424 1674 5496 atque
1697 5430 1984 5485 instituere
2011 5432 2187 5493 decet,

620 5520 781 5578 atque
822 5527 946 5566 cum
994 5513 1159 5568 Paulo
1190 5518 1575 5573 resistentibus
1607 5520 1789 5576 dicere
1822 5542 1833 5574 :
1876 5543 1892 5574 ι
1922 5524 2189 5579 Obsecra-

622 5617 743 5656 mus
775 5618 871 5671 per
898 5604 1201 5669 Christum,
1237 5612 1669 5666 reconcilianini
1698 5615 1893 5677 Deo“,
1930 5638 1948 5667 ι
1992 5617 2185 5670 inobo-

690 5786 735 5815 ⁸⁵
767 5787 919 5842 Joan.
960 5806 1030 5843 vt.
1072 5792 1157 5844 67.
1213 5794 1279 5823 ⁵⁵³

2301 3308 2472 3372 ζεται,
2501 3310 2591 3361 καὶ
2612 3312 2723 3371 τοῖς
2744 3308 2843 3375 τῆς
2870 3306 3197 3376 Ἐκκλησίας
3222 3305 3508 3359 ἀντιτείνει
3530 3303 3768 3374 θεσμοῖς,
3792 3304 3885 3366 τίς

2297 3404 2329 3470 ή
2364 3398 2559 3452 τούτου
2589 3399 2794 3469 ζημίας
2818 3394 2893 3451 Ἦ
2931 3399 3039 3469 γὰρ
3070 3397 3190 3467 οὐχὶ
3226 3398 3319 3449 καὶ
3344 3396 3553 3459 αύτὺςό
3581 3396 3769 3466 Σωτήρ
3796 3394 3886 3447 δι-

2296 3491 2514 3544 δάσκων
2544 3492 2690 3561 ἡμᾶς
2715 3491 2777 3542 τὸ
2808 3490 3050 3543 τοιοῦτον
3086 3490 3181 3542 καὶ
3220 3488 3387 3540 τύπον
3414 3489 3470 3540 ὲν
3517 3490 3651 3540 πᾶσι
3685 3486 3881 3552 τιθεὶς,

2296 3581 2479 3634 ἐλάλει
2509 3582 2609 3649 μὲν
2641 3583 2753 3642 τοῖς
2784 3578 3161 3650 προσιοῦσιτά
3189 3578 3560 3649 συμφέροντα,
3586 3575 3885 3631 ἀπειθοῦν-

2297 3690 2395 3735 τας
2414 3673 2470 3725 δὲ
2490 3673 2581 3725 καὶ
2604 3671 2962 3733 ἀνανεύοντας
2994 3670 3146 3741 ἠφίει
3167 3669 3496 3741 χωρίζεσθαι
3516 3686 3531 3735 ;
3561 3670 3671 3723 Καὶ
3691 3669 3885 3725 τοσοῦ-

2296 3784 2389 3819 τον
2426 3767 2751 3836 ἀφειστήκει
2774 3763 2868 3817 τοῦ
2892 3763 3162 3817 ποιεῖσθαί
3199 3780 3319 3815 τινα
3347 3762 3454 3815 τῶν
3486 3762 3743 3815 τοιούτων
3790 3762 3886 3816 λό-

2298 3876 2414 3927 γον,
2439 3858 2513 3920 ὼς
2539 3858 2632 3911 καὶ
2668 3858 2802 3928 πρὸς
2844 3858 3042 3919 αὐτοὺς
3070 3857 3244 3909 εἰπεῖν
3266 3854 3391 3918 τοὺς
3417 3855 3690 3925 μαθητάς·
3716 3874 3733 3905 ι
3781 3855 3881 3927 Μὴ

2299 3954 2393 4006 καὶ
2424 3954 2582 4021 ὑμεῖς
2608 3951 2789 4003 θέλετε
2822 3951 3053 4017 ὑπάγειν
3078 3967 3093 4015 ;
3126 3968 3145 4002 ι
3172 3950 3297 4011 Τοῖς
3327 3949 3423 4019 μὲν
3448 3947 3723 4001 εύπειθέσι
3746 3946 3885 4001 πολ-

2297 4044 2395 4113 λήν
2432 4062 2553 4097 τινα
2584 4044 2789 4096 δίκαιον
2820 4040 3190 4112 ἀπονέμεσθαι
3214 4040 3345 4111 παρ’
3378 4040 3534 4110 ήμῶν
3562 4040 3660 4111 τὴν
3707 4056 3882 4106 φρον-

2295 4136 2436 4189 τίδα.
2485 4136 2543 4188 ’0
2580 4135 2637 4187 δὲ
2660 4134 2946 4204 δυσμενής
2983 4134 3076 4186 καὶ
3113 4134 3343 4203 ἀνήκοος
3378 4133 3477 4202 τὴν
3511 4131 3678 4184 αὑτοῦ
3710 4131 3884 4183 κακός

2297 4244 2446 4279 νοιαν
2478 4226 2801 4290 αἰτιάσαιτο,
2847 4225 3081 4294 μισήσας
3123 4223 3184 4275 τὸ
3223 4221 3641 4293 θεραπεύεσθαι.
3685 4220 3880 4274 Ἀκού-

2300 4334 2450 4368 σεται
2479 4316 2536 4369 δὲ
2555 4315 2706 4385 παρά
2726 4314 2818 4367 τοῦ
2848 4314 3059 4366 δικαίου
3077 4311 3268 4382 κριτοῦ
3290 4329 3303 4341 ·
3334 4332 3352 4363 ι
3381 4313 3598 4383 Ἐπειδὴ
3627 4311 3877 4371 ἐλάλουν.

2298 4409 2513 4476 καὶούχ
2544 4405 2923 4476 ὑπηκούσατε’
2971 4406 3065 4458 καὶ
3113 4404 3355 4470 ἐξέτεινα
3402 4404 3756 4471 λόγους.ηκαὶ
3810 4403 3878 4454 οὐ

2299 4501 2638 4571 προσείχετε,
2685 4518 2703 4549 ι
2746 4500 2841 4551 καὶ
2881 4497 2951 4550 τὰ
2978 4497 3187 4560 τούτοις
3207 4498 3355 4566 ἑξῆς.
3406 4497 3568 4566 Ἡμῖν
3617 4496 3719 4566 μὲν
3764 4494 3879 4566 γὰρ

2302 4597 2412 4656 τοῖς
2468 4593 2778 4645 διδάσκουσι
2822 4591 2890 4643 τὰ
2945 4590 3031 4659 ἐφ’
3062 4585 3144 4653 οἷς
3167 4591 3232 4643 ἄν
3255 4606 3339 4651 τις
3363 4588 3672 4657 εὐδοκιμοίη
3724 4588 3878 4656 παρὰ

2301 4685 2441 4755 θεῷ,
2478 4687 2570 4737 καὶ
2611 4683 2729 4735 λίαν
2778 4682 3235 4753 ἐσπουδασμένως
3266 4678 3608 4749 εἰσηγεῖσθαι
3643 4678 3873 4749 πρέπει·

2300 4777 2393 4831 καὶ
2416 4779 2527 4839 τοῖς
2554 4775 2908 4829 ἁντιτείνουσι
2931 4775 3110 4843 λέγειν
3140 4771 3279 4843 μετὰ
3300 4771 3393 4824 τοῦ
3426 4770 3639 4824 Παύλου
3659 4786 3673 4801 ο
3710 4790 3727 4821 ι
3753 4769 3877 4822 Δεό-

2303 4870 2440 4941 μεθα
2475 4870 2610 4939 ὑπὲρ
2636 4868 2893 4938 Χριστοῦ,
2925 4866 3301 4936 καταλλάγητε
3326 4865 3402 4935 τῷ
3426 4864 3547 4934 Θεῷ
3568 4907 3582 4930 ,
3609 4883 3626 4914 ι
3658 4864 3786 4926 τοὺς
3817 4863 3879 4916 δὲ

2300 4963 2657 5025 ἀπειθοῦντας
2686 4963 2871 5014 λοιπὸν
2909 4958 3221 5013 ἀνατιθέναι
3263 4960 3327 5027 τῇ
3357 4958 3451 5009 τοῦ
3483 4955 3617 5009 Θεοῦ
3649 4955 3876 5024 δυνάμει

2303 5059 2583 5123 ).ἐγοντε;’
2623 5076 2640 5106 ‹
2677 5055 3067 5125 ’ἰατρεύσαμεν
3101 5052 3199 5122 τὴν
3258 5049 3554 5102 Βαϐυλῶνα
3582 5087 3596 5109 ,
3634 5049 3727 5101 καὶ
3777 5049 3877 5100 οὐκ

2306 5150 2427 5219 ἰάθη
2452 5165 2463 5176 ·
2499 5146 2929 5215 ἐγκατελίπομεν
2971 5144 3141 5211 αὐτὴν
3170 5143 3251 5194 ὃτι
3275 5143 3504 5211 ἤγγικεν
3534 5143 3612 5203 εἰς
3652 5140 3877 5209 οὐρανὸν

2299 5243 2361 5295 τὸ
2392 5244 2565 5311 κρῖμα
2596 5240 2781 5308 αὐτῆς.
2819 5259 2835 5288 ι
2872 5239 2984 5290 Οὐκ
3012 5234 3298 5287 ἀκόλουθον
3342 5230 3630 5299 τοιγαροῦν
3663 5228 3751 5280 διὰ
3780 5229 3877 5290 τὰς

2300 5353 2463 5389 τινων
2494 5332 2821 5398 ἀντιλογίας,
2851 5330 3008 5397 εἴπερ
3032 5328 3171 5381 τινὲς
3204 5325 3339 5385 ὅλως
3383 5325 3540 5384 εἰσὶν,
3567 5324 3630 5373 ἐκ
3660 5320 3877 5389 βάθρων

2300 5430 2489 5498 ὥσπερ
2521 5426 2901 5478 κατασείίσθαι
2940 5420 3065 5473 τοὺς
3106 5419 3202 5482 τῆς
3249 5416 3575 5485 Ἐκκλησίας
3608 5412 3875 5479 θεσμοὺς,

2299 5522 2488 5575 λα’ἰκοῦ
2522 5538 2580 5573 σι.
2601 5520 2950 5584 »ταττομένςν
3003 5518 3111 5577 τοῖς
3143 5515 3199 5565 ὲν
3241 5512 3486 5581 ἱερατεξᾳ.
3518 5508 3877 5576 διαπρέψασι,

2302 5618 2392 5667 καὶ
2446 5616 2502 5665 ἓν
2539 5613 2636 5683 ἴσῳ
2696 5616 2877 5681 μέτρῳ
2912 5607 3067 5677 τιμῆς
3114 5605 3495 5665 εἱσίέαίνοντος.
3533 5602 3624 5671 Μὴ
3669 5601 3776 5672 γὰρ

1730 5798 1808 5847 ‘.
1887 5796 1927 5823 ‘5
1960 5794 1997 5847 ll
2032 5794 2156 5843 Cm.
2189 5808 2235 5845 ι’.
2264 5790 2348 5843 Ξυ.
