4154 6322
321 365 421 421 557

1634 355 1970 414 EPISTOLA
2013 355 2246 413 LXXVI.

3499 360 3607 419 538

321 479 477 534 τοῦτο
503 479 846 534 καλείτωσαν
886 479 1267 551 οίκουμενικήν
1299 494 1439 538 τινες
1485 474 1738 547 εἰρήνην,
1772 472 1883 528 ἀλλ.

1983 524 1985 535 ,
2015 474 2234 531 dientes
2260 489 2394 530 vero
2423 474 2683 545 potestati
2715 473 2812 529 Dei
2838 475 3253 542 commendare,
3286 475 3422 531 illud
3445 493 3606 533 usur-

327 566 525 637 μάλλον
554 568 898 640 κατατομήν.
934 568 1075 638 Ἐγὼ
1098 569 1207 636 γὰρ
1241 566 1360 619 τότε
1383 565 1525 636 φημὶ
1546 562 1907 635 κρατύνεσθαι

320 660 385 713 τὸ
407 660 751 733 τῆςείρήνης
776 662 949 733 ὄνομα
974 662 1067 715 καὶ
1090 662 1345 732 πρᾶγμα,
1372 660 1501 715 ὅταν
1544 659 1620 731 μὴ
1654 658 1775 722 ταῖς
1799 657 1906 712 τῶν

322 752 493 821 άγίων
523 753 775 823 γνώμαις
826 754 1309 824 ἀντιταττώμεθα,
1334 754 1473 829 μήτε
1519 754 1633 815 τοῖς
1681 750 1906 804 ἐκείνων

317 845 776 918 ἀντιπράττωμεν
791 848 958 926 δροις.
983 846 1062 899 Ού
1086 846 1213 918 γάρ,
1236 846 1289 899 εἴ
1316 862 1467 908 τινας
1494 842 1605 897 τῶν
1633 841 1775 897 κατὰ
1804 842 1903 914 τὴν

318 934 464 1007 ἑῴαν
509 936 923 993 εύλαϐεστάτων
974 937 1222 1007 ἀδελφῶν
1274 938 1370 991 καὶ
1420 934 1834 990 συνεπισκόπων
1875 932 1905 987 ό

318 1029 592 1102 μακάριος
628 1030 998 1101 Ἀλέξανδρος,
1034 1028 1411 1101 θρασύστομος
1446 1026 1521 1081 ῶν
1552 1023 1905 1093 δντως,κατά

312 1120 417 1192 τῆς
441 1121 543 1191 σῆς
568 1122 879 1186 θεοσεϐείας
912 1121 1117 1195 φωνην,
1141 1121 1477 1192 πεφενάκικε
1495 1121 1591 1175 καὶ
1623 1120 1903 1193 συναρπά-

316 1228 417 1276 σας
450 1207 595 1267 εἷλεν
625 1216 706 1277 είς
746 1213 846 1285 τὴν
875 1216 967 1268 ἐπὶ
1015 1213 1191 1286 τούτῳ
1224 1215 1551 1279 συναίνεσιν,
1610 1213 1699 1267 διά
1742 1212 1902 1266 τοῦτο

314 1307 538 1369 πάντως
587 1306 683 1359 καὶ
711 1310 934 1379 κρατεῖν
966 1307 1172 1375 ὀφείλει
1225 1307 1286 1361 τὸ
1326 1307 1579 1378 νόσημα,
1637 1306 1732 1360 καὶ
1778 1308 1901 1369 ταῖς

314 1400 572 1452 ἁπάντων
630 1397 1068 1454 καταϐόσκεσθαι
1119 1399 1352 1469 ψυχαῖς·
1385 1395 1523 1454 ἀλλά
1574 1398 1777 1470 μᾶλλον
1810 1393 1902 1452 οἷά

310 1509 397 1556 τις
428 1491 580 1561 λήμη
602 1491 693 1545 τὸν
720 1492 821 1568 τῆς
861 1491 1191 1563 Ἐκκλησίας
1213 1492 1493 1563 ὀφθαλμὸν
1519 1492 1895 1565 παραλύουσα,

310 1584 444 1653 παρ’
478 1582 635 1653 ὑμῶν
656 1582 1119 1655 ἐκκαθαίρεσθαι·
1146 1586 1235 1640 ἵνα
1266 1586 1330 1657 δὴ
1362 1586 1525 1640 πάλιν
1554 1584 1733 1656 ὀρθῶς
1759 1584 1897 1656 πρὸς

307 1675 435 1738 τοὺς
459 1673 570 1727 τῶν
597 1674 859 1747 Πατέρων
874 1677 1033 1748 ὅρους
1054 1678 1457 1742 ἀποϐλέπουσα,
1476 1676 1700 1740 δικαίως
1720 1676 1896 1748 ἀκούῃ

307 1768 441 1838 περὶ
472 1767 744 1840 Χριστοῦ·
781 1787 801 1821 ι
842 1770 904 1823 Oi
941 1769 1209 1843 ὀφθαλμοί
1242 1787 1336 1824 σου
1374 1769 1716 1841 περιστεραί.
1748 1788 1767 1820 ι
1799 1771 1895 1824 Δέ-

305 1862 505 1933 δεγμαι
534 1858 628 1916 οὖν
650 1863 885 1934 γράμμα
915 1863 1073 1933 κάγὼ
1103 1863 1256 1935 παρά
1279 1863 1373 1918 τοῦ
1398 1863 1766 1933 εὐγηροτάτου
1800 1864 1895 1917 καὶ

306 1955 727 2025 θεοφιλεστάτου
767 1956 1023 2010 Ἀκακίου
1044 1972 1057 1986 ·
1082 1953 1212 2009 ἐνθα
1240 1954 1330 2009 τὸν
1378 1955 1772 2009 εὐλαϐέστατον
1795 1955 1894 2025 τῆς

321 2047 654 2119 Ἀντιοχείας
697 2048 997 2102 ἐπίσκοπον
1034 2046 1380 2119 ἠναγκάσθαι
1422 2048 1577 2118 παρά
1615 2064 1778 2101 τινων
1814 2048 1892 2101 δι-

300 2140 675 2211 ῐσχυρίζεται,
709 2140 810 2211 τὴν
852 2139 1099 2194 Ἰωάννου
1150 2141 1371 2211 μνήμην
1418 2139 1760 2193 ἐπιτελέσαι’
1798 2142 1893 2193 καὶ

302 2229 599 2286 δάκνεσθαι
630 2230 729 2302 μὲν
761 2231 854 2284 ἐπὶ
889 2230 1065 2302 τούτῳ
1094 2231 1322 2302 σφόδρα,
1352 2231 1507 2285 λύσιν
1536 2232 1594 2285 δέ
1634 2250 1756 2286 τινα
1781 2234 1890 2287 τῶν

302 2326 369 2377 ἐκ
405 2326 745 2397 προπετείας
793 2324 1057 2397 εὕρασθαι
1101 2324 1398 2396 ζητοῦντα,
1450 2326 1544 2380 καὶ
1586 2328 1889 2397 γράμματα

302 2418 432 2490 περὶ
465 2416 658 2471 τούτου
689 2416 1023 2488 κομίσασθαι
1064 2417 1388 2488 βουλόμενον
1432 2418 1585 2489 παρά
1624 2435 1685 2471 τε
1732 2418 1889 2489 ἡμῶν

302 2512 400 2566 καὶ
436 2512 538 2582 τῆς
567 2510 668 2578 σῆς
716 2509 1050 2576 θεοσεϐείας,
1106 2510 1295 2581 σαφῶς
1348 2510 1770 2582 διαγορεύοντα,
1811 2512 1887 2583 μὴ

301 2601 714 2672 συναπάγεσθαί
743 2619 874 2665 τισι,
904 2603 1043 2673 μηδὲ
1070 2604 1238 2657 εἴκειν
1259 2607 1367 2667 τοῖς
1392 2604 1617 2660 τοιαῦτα
1648 2607 1887 2677 συμϐου-

298 2695 570 2753 λεύουσιν.
620 2694 761 2749 Ἀλλ’
789 2697 837 2749 oi
870 2696 1006 2767 πρὸς
1039 2695 1336 2767 θεραπείαν
1367 2696 1697 2767 κεκλημένοι
1722 2697 1884 2769 (δίδου

298 2788 410 2859 γάρ
441 2804 531 2859 μοι
546 2786 727 2857 λέγειν
757 2786 896 2865 μετά
914 2788 1225 2859 παρρησίας
1244 2787 1533 2843 πονέσαντι
1562 2788 1662 2860 τὴν
1684 2789 1884 2863 ψυχὴν)

298 2879 633 2954 τραυμάτων
662 2878 948 2951 προσθήκη
982 2880 1059 2950 μὴ
1080 2878 1369 2951 γενώμεθα
1385 2896 1399 2911 ·
1427 2880 1514 2935 ἵνα
1538 2881 1633 2935 καὶ
1658 2882 1721 2936 τὸ
1746 2878 1886 2937 εἶναι

298 2971 768 3046 παρακολούθημα
787 2971 888 3042 τῆς
907 2972 1112 3044 ἐτέρων
1134 2972 1464 3044 προπετείας
1488 2974 1879 3047 ἀποφύγωμεν.

295 3066 578 3139 Θαυμάζω
601 3066 661 3120 δὲ
693 3067 940 3130 κάκεῖνο,
980 3070 1029 3120 εί
1063 3066 1314 3133 τοσοῦτος
1346 3067 1421 3122 ὢν
1450 3069 1532 3133 είς
1560 3069 1886 3139 πολυλογίαν

2012 574 2210 636 pantes
2240 584 2251 620 :
2295 585 2313 619 ι
2347 564 2678 623 Curavimus
2713 566 3048 639 Babylonem
3069 608 3084 633 ,
3132 567 3232 623 sed
3266 578 3459 625 sanata
3492 586 3605 625 non

2008 667 2097 714 est
2123 676 2136 712 :
2166 659 2545 731 relinquamus
2574 676 2719 725 eam,
2746 662 3009 739 quoniam
3042 662 3297 731 pervenit
3321 662 3376 718 in
3399 664 3604 720 coelum

2004 748 2279 820 judicium
2299 752 2421 823 ejus
2440 752 2507 807 “.
2542 772 2558 803 ι
2598 751 2957 823 Consequens
2984 754 3153 825 igitur
3179 770 3291 809 non
3327 762 3431 820 est,
3469 770 3601 825 pro-

2008 850 2133 910 pter
2192 840 2456 899 adversos
2509 844 2887 915 quorumdam
2950 860 3238 902 sermones
3267 887 3282 913 ,
3325 847 3603 917 siquidem

2006 948 2235 1003 prorsus
2264 935 2437 1006 aliqui
2460 945 2609 1003 sunt,
2636 937 2889 994 funditus
2924 938 3241 1015 sanctiones
3266 940 3603 996 ecclesiasti-

2005 1040 2099 1080 cas
2126 1026 2384 1091 convelli,
2424 1036 2486 1081 ut
2510 1026 2686 1083 laicus
2717 1027 3051 1084 sacerdotali
3084 1029 3353 1100 dignitate
3375 1029 3599 1085 eniten-

2005 1116 2154 1173 tibus
2180 1128 2559 1185 accenseatur,
2596 1127 2653 1175 et
2683 1121 2952 1177 honorem
2994 1120 3252 1177 eumdem
3287 1137 3599 1193 consequa-

2005 1215 2113 1262 tur.
2162 1208 2355 1282 Neque
2400 1212 2549 1268 enim
2598 1214 2704 1269 hoc
2749 1228 3103 1269 communem
3150 1214 3307 1270 orbis
3346 1214 3597 1271 universi

2002 1316 2216 1370 pacem,
2244 1302 2345 1358 sed
2371 1304 2750 1361 concisionem
2776 1306 2962 1377 potius
2984 1307 3209 1378 quidam
3235 1314 3453 1362 vocent.
3483 1300 3602 1379 Ego

2002 1394 2223 1464 quidem
2262 1404 2376 1450 tum
2407 1396 2632 1451 demum
2666 1396 2922 1454 obtinere
2962 1398 3124 1470 207
3151 1397 3359 1454 debere
3393 1406 3450 1454 et
3490 1414 3597 1453 no-

2003 1504 2126 1544 men
2152 1500 2209 1545 et
2232 1505 2349 1546 rem
2367 1490 2540 1562 ipsam
2559 1492 2712 1562 pacis
2732 1508 2955 1557 censeo,
2982 1508 3108 1547 cum
3130 1502 3448 1548 sanctorum
3470 1506 3597 1547 sen-

2000 1580 2189 1636 tentiis
2240 1598 2350 1637 non
2409 1583 2793 1649 adversemur,
2851 1599 3033 1655 neque
3080 1583 3303 1641 illorum
3354 1584 3599 1640 decretis

1999 1685 2391 1742 repugnemus.
2417 1672 2573 1740 Quod
2604 1675 2651 1729 si
2679 1674 2829 1729 enim
2862 1673 3058 1729 beatus
3079 1674 3415 1741 Alexander,
3454 1690 3593 1730 con-

2000 1762 2223 1819 ﬁdentis
2264 1780 2495 1835 prorsus
2535 1766 2652 1821 oris
2680 1766 2787 1833 vir,
2817 1768 2974 1837 juxta
3006 1766 3232 1837 pietatis
3266 1773 3374 1821 tuas
3398 1765 3593 1831 verba,

1928 1826 1969 1883 Β
1997 1856 2216 1927 aliquos
2238 1826 2307 1913 ex
2332 1858 2766 1931 neligiosissimis
2792 1826 3061 1915 fratribus
3106 1867 3165 1915 et
3209 1859 3438 1931 collegis
3487 1873 3591 1914 no-

1994 1949 2125 2003 stris
2149 1942 2526 2007 Orientalibus
2553 1952 2830 2023 episcopis
2855 1953 3007 2008 inani
3031 1952 3311 2009 dictorum
3344 1951 3471 2008 fuco
3494 1952 3593 2007 de-

1993 2040 2159 2112 cepit,
2190 2050 2247 2097 et
2278 2042 2348 2097 ad
2375 2043 2541 2113 huius
2578 2045 2658 2099 rei
2692 2045 3207 2116 comprobationem
3235 2052 3425 2116 raptos
3455 2060 3589 2116 per-
3666 2048 3667 2051 “

1994 2134 2179 2198 traxit,
2213 2149 2325 2189 non
2350 2146 2645 2207 propterea
2676 2138 2907 2193 morbus
2930 2137 3023 2193 hic
3052 2153 3281 2209 prorsus
3306 2136 3586 2203 obtinere,

1991 2234 2047 2280 et
2100 2227 2314 2283 animas
2365 2230 2615 2284 omnium
2666 2231 2991 2302 depascere,
3040 2230 3139 2286 sed
3187 2230 3373 2302 potius
3414 2230 3589 2286 veluti

1991 2318 2242 2389 quaedam
2294 2320 2589 2391 lippitudo,
2640 2322 2906 2379 Ecclesiae
2945 2324 3169 2379 oculum
3216 2323 3505 2389 infestans,
3554 2338 3590 2379 a

1990 2410 2150 2466 vobis
2185 2414 2473 2484 repurgari
2519 2414 2722 2482 debet;
2768 2424 2827 2471 ut
2866 2416 2957 2471 illa
2998 2431 3223 2471 rursum
3269 2416 3482 2472 directe
3515 2416 3588 2471 ad

1990 2501 2211 2557 Patrum
2238 2504 2461 2561 decreta
2484 2506 2808 2577 respiciens,
2831 2508 3030 2563 merito
3052 2526 3082 2564 a
3104 2507 3325 2564 Christo
3352 2508 3543 2564 audiat
3567 2526 3585 2563 :

1997 2614 2015 2645 ι
2044 2593 2202 2650 Oculi
2229 2595 2308 2651 tui
2335 2597 2605 2654 columba:
2627 2601 2695 2654 ³⁷.
2727 2619 2745 2651 ι
2786 2600 2990 2671 Accepi
3014 2610 3071 2656 et
3093 2616 3196 2672 ego
3221 2617 3253 2655 a
3275 2601 3369 2657 Dei
3398 2616 3590 2657 aman-

1991 2689 2223 2754 tissimo,
2250 2690 2346 2760 qui
2373 2690 2442 2745 ad
2463 2700 2769 2747 extremam
2795 2691 3034 2749 feliciter
3057 2694 3313 2765 pervenit
3336 2703 3588 2749 seneCtu-

1988 2790 2121 2845 tem,
2177 2782 2379 2837 Acacio
2433 2783 2670 2849 litteras,
2720 2784 2778 2839 in
2831 2785 3041 2855 quibus
3100 2786 3586 2858 religiosissimum

1986 2872 2293 2929 Antiochiae
2321 2874 2624 2930 antistitem
2663 2876 2718 2931 vi
2742 2885 2994 2932 coactum
3022 2893 3053 2932 a
3080 2879 3414 2949 quibusdam
3435 2895 3583 2948 esse,

1989 2975 2051 3022 ut
2075 2964 2304 3022 Joannis
2336 2968 2662 3024 memoriam
2694 2968 3019 3036 celebraret,
3055 2982 3337 3027 asseverat
3371 2991 3384 3027 :
3416 2982 3584 3044 atque

1988 3060 2127 3115 illud
2157 3068 2427 3132 praeterea
2449 3070 2639 3132 aperte
2670 3074 3090 3129 commemorat,
3138 3064 3296 3121 valde
3333 3082 3462 3121 eum
3495 3067 3583 3122 vi-

295 3161 325 3212 ὁ
357 3158 754 3231 μνημονευθεὶς
792 3157 1176 3231 ’Δλέξανδρος,
1210 3160 1305 3213 καὶ
1349 3161 1541 3231 χρόνον
1590 3163 1651 3215 ού
1689 3164 1883 3234 μικρὸν

1989 3169 2113 3207 rum
2138 3167 2202 3207 ea
2226 3152 2284 3207 in
2316 3168 2377 3207 re
2401 3152 2595 3208 dolore
2628 3152 2891 3209 affectum
2931 3154 3103 3211 fuisse
3124 3196 3139 3222 ,
3172 3157 3431 3228 viamque
3473 3175 3585 3230 qua

294 3247 585 3319 διατρίψας
609 3250 812 3312 ἐκεῖσε,
841 3249 940 3319 οὐχ
972 3250 1122 3312 ὅπως
1153 3249 1379 3319 ἰσχύσας
1409 3252 1698 3306 ἀναπεῖσαί
1731 3270 1885 3317 τινας

295 3340 433 3413 πρὸς
462 3338 620 3394 τοῦτο
650 3340 930 3410 φαίνεται·
954 3334 1036 3405 εἷς
1058 3340 1116 3394 δέ
1151 3344 1499 3412 γραμμάτων
1528 3344 1885 3417 διακομιστὴς

294 3434 549 3489 τοσοῦτον
574 3433 817 3504 ἴσχυσεν,
839 3432 915 3497 ὼς
932 3432 1314 3506 τεθρύλληται,
1336 3435 1477 3490 ὥστε
1494 3437 1666 3509 δῆμον
1679 3438 1882 3509 ἀνάψαι

291 3527 570 3592 τοσοῦτον,
591 3526 688 3581 καὶ
722 3527 1181 3597 κατηυνασμένην
1204 3528 1462 3582 ὑπόθεσιν
1479 3530 1660 3601 χρόνῳ
1683 3533 1884 3604 μακρῷ

292 3622 559 3692 διεγεῖραι
585 3620 775 3674 πάλιν·
810 3620 949 3690 ὅπερ
972 3619 1088 3672 ἐστὶ
1120 3620 1399 3684 παντελῶς
1432 3622 1718 3678 ἀπίθανον.
1739 3626 1881 3679 Ἀλλ’

291 3712 432 3765 ἔστω
469 3710 568 3764 καὶ
599 3708 757 3763 τοῦτο
788 3709 883 3762 καὶ
909 3709 1247 3763 πιστευέσθω
1270 3711 1560 3781 γενόμενον
1581 3728 1592 3739 ·
1627 3714 1743 3766 ἀλλ’
1764 3710 1882 3769 οἶδα

290 3805 391 3875 τὴν
414 3802 516 3873 σὴν
550 3800 864 3855 θεοσέϐειαν
894 3800 1294 3872 ἀριστεύουσαν
1322 3803 1380 3855 ἐν
1414 3804 1611 3873 λόγοις.
1637 3806 1881 3874 Διδάξεις

291 3896 511 3959 πάντως
543 3892 614 3948 τά
642 3892 833 3948 δέοντα
864 3894 994 3957 τοὺς
1025 3892 1516 3965 τεθορυϐημένους.
1555 3897 1744 3967 Ἔχεις
1777 3900 1878 3969 ἀρ-

248 4002 251 4005 ·
291 3986 495 4043 κοῦσαν
523 3987 632 4041 τῶν
688 3986 851 4057 ίερῶν
887 3987 1261 4059 κηρυγμάτων
1288 3987 1389 4058 τὴν
1426 3988 1609 4060 χάριν.
1637 3990 1875 4059 Πείσεις,

290 4072 428 4142 οἴδα,
467 4076 561 4130 καὶ
588 4075 717 4139 τοὺς
746 4074 1171 4141 εύσεϐεστάτους
1209 4075 1469 4147 βασιλεῖς,
1496 4080 1719 4153 ἀγαπᾷν
1754 4099 1879 4135 συν-

288 4170 437 4242 ήθως
465 4170 528 4223 τὸ
546 4170 658 4232 τοῖς
682 4168 873 4223 κανόσι
892 4167 1153 4242 δ[οκ]οῦν.
1190 4170 1451 4236 Εύσεϐεἰς
1472 4173 1581 4243 γὰρ
1604 4173 1755 4239 ὄντες
1782 4176 1878 4229 καὶ

289 4264 649 4335 φιλόχριστοι,
682 4261 904 4333 θεσμοῖς
957 4262 1110 4326 ἰδίοις
1152 4264 1507 4335 ἐπιτρέψουσι
1555 4266 1876 4323 διοικεῖσθαι

286 4353 385 4407 τὰς
412 4352 767 4423 Ἐκκλησίας,
786 4352 881 4405 καὶ
900 4352 1000 4425 τῆς
1022 4352 1283 4423 πατρῴας
1310 4355 1516 4427 ἀρετῆς
1539 4356 1877 4429 ὑπάρχοντες

288 4442 553 4513 ζηλωταὶ,
579 4443 649 4495 τά
672 4443 898 4496 ἐκείνων
932 4442 1287 4514 μιμήσονται.
1330 4444 1423 4513 Μὴ
1460 4444 1740 4499 ταττέσθω
1762 4463 1872 4499 τοι-

1990 3260 2021 3298 a
2045 3253 2155 3300 tam
2186 3244 2473 3315 praefracta
2514 3245 2746 3303 audacia
2787 3246 3122 3304 liberaretur
3162 3251 3449 3321 quaesiisse
3480 3272 3493 3307 :
3527 3262 3585 3309 et

1988 3337 2202 3394 litteras
2236 3339 2340 3393 hac
2363 3338 2623 3415 decausa
2650 3356 2681 3395 a
2713 3340 2878 3397 nobis
2905 3349 2962 3397 et
2991 3342 3197 3413 pietate
3226 3351 3342 3409 tua,
3388 3360 3458 3401 ne
3503 3347 3585 3401 si-

1985 3432 2101 3486 mul
2130 3446 2255 3487 cum
2282 3432 2616 3503 quibusdam
2664 3433 2721 3488 in
2761 3422 3021 3490 eumdem
3054 3452 3303 3493 errorem
3342 3424 3586 3496 ducere-

1986 3532 2096 3589 tur,
2126 3538 2265 3579 neve
2296 3523 2637 3595 ejuscemodi
2673 3526 2906 3581 consilia
2951 3528 3291 3598 agitantibus
3322 3530 3579 3597 cederet,

1984 3615 2280 3685 impetrare
2300 3616 2563 3671 voluisse.
2589 3618 2660 3670 At
2689 3631 2812 3683 nos,
2840 3619 2937 3688 qui
2959 3619 3029 3674 ad
3053 3636 3245 3675 curam
3271 3633 3327 3679 et
3351 3624 3585 3679 medici-

1981 3722 2109 3760 nam
2140 3706 2446 3762 faciendam
2482 3711 2664 3764 vocati
2705 3724 2899 3765 sumus
2934 3711 3041 3783 (da
3078 3712 3227 3768 enim
3273 3714 3379 3770 hoc
3414 3716 3578 3781 mihi,

1983 3808 2045 3854 ut
2069 3815 2172 3869 pro
2207 3800 2378 3855 animi
2410 3803 2517 3857 mei
2552 3802 2745 3859 dolore
2780 3804 2957 3861 libere
2998 3805 3186 3862 dicere
3218 3807 3473 3878 possim),
3506 3826 3581 3865 ne

1980 3887 2226 3943 accessio
2270 3889 2562 3945 vulnerum
2611 3890 2827 3959 fiamus,
2872 3893 2970 3949 sed
3015 3896 3204 3965 potius
3254 3899 3577 3969 opinionem

1977 3995 2122 4045 eam,
2156 3996 2265 4051 qua
2298 3984 2666 4039 temeritatem
2714 3985 2949 4041 aliorum
2997 3989 3176 4043 secuti
3226 4005 3347 4045 esse
3395 3992 3577 4048 videri

1976 4073 2275 4144 possimus,
2308 4075 2602 4155 fugiamus.
2636 4076 2891 4133 Demiror
2928 4095 3063 4135 vero
3092 4080 3199 4137 hoc
3243 4099 3485 4155 quoque,
3526 4087 3576 4141 si

1975 4166 2309 4232 Alexander,
2332 4154 2498 4239 quem
2527 4169 2790 4235 diximus,
2824 4179 2935 4225 tam
2965 4172 3033 4228 ad
3064 4154 3580 4247 dicendumprom-

1974 4269 2103 4329 plus
2131 4269 2186 4314 et
2207 4260 2483 4330 copiosus,
2515 4271 2571 4316 et
2596 4262 2691 4331 qui
2732 4277 2843 4317 non
2886 4279 3057 4333 parvo
3086 4274 3333 4336 tempore
3380 4270 3571 4325 vobis-

1976 4368 2101 4406 cum
2133 4352 2304 4408 isthic
2352 4364 2605 4409 versatus
2636 4339 2729 4420 sit,
2767 4354 2983 4426 aliquos
3013 4356 3082 4411 ad
3115 4356 3259 4413 hanc
3293 4375 3410 4415 rem
3439 4376 3571 4416 sua-

1975 4443 2129 4499 sione
2156 4460 2255 4499 sua
2289 4444 2566 4500 adducere
2602 4461 2714 4501 non
2746 4448 2994 4517 potuisse
3039 4449 3193 4505 visus
3232 4458 3352 4517 est,
3401 4469 3569 4524 quam

288 4532 494 4605 γαροῦν
517 4534 545 4587 ὁ
576 4532 980 4603 ἐκϐεϐλημένος
1031 4532 1284 4603 Ἰεχονίας
1318 4533 1458 4605 μετά
1489 4536 1656 4590 Δαϐίδ
1691 4554 1751 4590 τε
1781 4539 1875 4591 καὶ

1983 4537 2296 4593 tabellarius
2333 4555 2477 4595 unus
2520 4538 2737 4596 efﬁcere
2773 4550 3008 4608 tantum,
3039 4543 3203 4599 sicuti
3249 4546 3573 4603 rumoribus

288 4625 545 4698 Σαμουὴλ
571 4623 679 4678 τῶν
698 4624 995 4708 προφητῶν
1017 4641 1028 4653 ·
1061 4624 1196 4696 μηδὲ
1237 4625 1292 4678 εί
1332 4643 1475 4681 τισιν
1502 4630 1703 4694 ἀδίκως
1723 4629 1869 4695 ἔδοξε

284 4718 346 4774 τὸ
373 4715 626 4782 Εύδοξίου
654 4715 907 4785 λείψανον
929 4717 986 4769 ἐν
1024 4716 1209 4780 αὐτοῖς
1243 4717 1631 4774 ἀποτεθεῖσθαι
1659 4721 1867 4785 τόποις

281 4811 373 4867 διά
403 4809 566 4867 τοῦτο
584 4810 678 4864 καὶ
705 4811 866 4881 ἡμεῖς
886 4809 977 4862 τὸν
998 4809 1211 4881 ἀνίερον
1236 4810 1311 4875 ὡς
1343 4811 1488 4883 ἱερὸν
1515 4814 1864 4885 εἰσφέρομεν.

294 4900 500 4975 Ἐχρῆν
532 4901 644 4972 γάρ
673 4900 846 4972 δήπου
876 4900 1079 4970 μᾶλλον
1113 4903 1337 4956 κάκεῖνο
1362 4902 1645 4974 διόρθωσιν
1668 4907 1865 4977 ἐπιζη-

279 4994 647 5073 τεῖσθαιπαρ’
666 4993 842 5064 ἡμῶν,
870 4994 970 5046 οὐκ
998 4992 1159 5047 αὑτὸν
1180 4996 1515 5067 μορφοῦσθαι
1529 4999 1599 5053 τὰ
1612 5000 1859 5073 δεύτερα.

277 5086 393 5141 Καὶ
421 5070 599 5139 ταῦτά
624 5101 806 5155 φαμεν
832 5084 931 5157 ούχ
951 5084 1028 5147 ὡς
1049 5086 1472 5156 ἐπεμϐαίνοντες
1495 5088 1572 5159 τῷ
1600 5070 1857 5163 κειμένῳ·

279 5180 356 5251 μὴ
384 5176 496 5248 γὰρ
524 5176 642 5248 δοίη
672 5176 824 5239 Sed:
852 5174 974 5229 οὐδὲ
996 5177 1393 5248 ἐπιχαίροντες,
1423 5178 1499 5243 ὡς
1527 5182 1860 5253 γέγραπται,

275 5272 391 5334 τοῖς
445 5267 748 5340 ἀλλοτρίοις
779 5269 1003 5330 κακοῖς·
1056 5269 1117 5321 ού
1146 5269 1280 5341 ⁷⁶γάρ
1316 5264 1472 5335 οὗτος
1518 5273 1860 5344 Χριστιανῶν

278 5362 512 5426 σκοπός*
538 5360 674 5416 ἀλλά
702 5362 799 5431 τῆς
826 5360 962 5433 πρὸς
995 5360 1280 5435 ἄνθρωπον
1314 5364 1677 5435 συμπαθείας,
1707 5368 1768 5421 τὸ
1789 5372 1856 5440 τῇ

276 5456 579 5528 Ἐκκλησία
635 5455 914 5527 συμφέρον
958 5456 1309 5525 πράττοντες,
1359 5458 1455 5511 καλ⁵
1494 5458 1602 5512 τῶν
1652 5461 1857 5533 ταύτης

274 5549 519 5605 κανόνων
555 5548 708 5602 οὐδὲν
726 5548 1017 5619 ἡγούμενοι
1050 5550 1468 5621 προτιμότερον.
1502 5552 1563 5605 Ei
1605 5554 1703 5622 μὲν
1729 5554 1855 5625 ἐξῆν

275 5639 429 5695 οὐδὲν
464 5639 565 5710 μὲν
613 5638 825 5703 τούτοις
868 5639 1247 5711 λυμήνασθαι,
1289 5642 1648 5699 κατατάττειν
1691 5644 1747 5699 δὲ
1797 5651 1854 5700 ἐν

341 5821 387 5852 ⁵⁸
410 5819 613 5875 Jcrem.
649 5832 718 5884 LI,
741 5818 793 5871 9.
873 5817 917 5847 ⁵⁷
940 5814 1097 5870 Cant.
1134 5834 1168 5885 ι,
1200 5818 1265 5870 Μ

1970 4628 2167 4694 fertur,
2204 4632 2405 4701 potuit,
2434 4641 2495 4687 ut
2522 4634 2787 4703 p0pulum
2815 4637 3199 4703 commoverit,
3234 4654 3570 4711 causamque

1974 4732 2219 4792 tempore
2265 4723 2513 4795 longiore
2561 4726 2795 4796 sopitam
2843 4727 3026 4783 denuo
3072 4730 3326 4785 excitarit
3366 4749 3378 4784 :
3415 4733 3567 4802 quod

1969 4817 2197 4871 omnino
2228 4827 2313 4873 est
2338 4818 2685 4897 incredibile.
2727 4820 2932 4875 Verum
2967 4821 3038 4876 sit
3081 4821 3187 4876 hoc
3229 4838 3471 4893 quoque,
3508 4838 3568 4880 et

1970 4909 2045 4964 ita
2068 4909 2274 4965 factum
2298 4927 2421 4967 esse
2458 4912 2757 4967 credatur:
2794 4915 2891 4969 sed
2934 4915 3061 4969 novi
3109 4915 3372 4985 pietatem
3413 4925 3564 4972 tuam

1920 4988 1923 4991 I
1967 5004 2285 5074 praeclaram
2330 5005 2386 5059 in
2423 5006 2741 5077 eloquentia
2770 5022 2912 5062 esse.
2953 5008 3186 5063 Docebit
3224 5025 3288 5063 ea
3332 5025 3567 5080 prorsus

1966 5112 2087 5165 qua:
2138 5113 2278 5168 opus
2327 5108 2433 5163 est,
2486 5099 2739 5156 homines
2794 5101 2863 5156 ad
2915 5102 3213 5156 tumultum
3267 5102 3559 5157 excitatos.

1964 5185 2199 5241 Uberem
2228 5187 2400 5242 babes
2435 5204 2711 5244 sacrarum
2740 5190 3115 5247 doctrinarum
3145 5194 3398 5263 gratiam.
3429 5194 3535 5248 Per

1964 5280 2241 5344 suadebis,
2266 5281 2400 5347 scio,
2430 5282 2697 5352 piissimis
2718 5285 2883 5339 etiam
2914 5286 3279 5357 principibus,
3311 5296 3369 5340 ut
3404 5302 3551 5345 mort

1963 5386 2065 5427 suo
2107 5373 2163 5427 in
2194 5390 2466 5429 canonum
2513 5375 2755 5431 decretis
2776 5378 3153 5447 acquiescant.
3206 5378 3362 5446 Quod
3406 5381 3559 5436 enim

1962 5480 2104 5519 vera:
2134 5466 2356 5534 pietatis
2379 5466 2612 5521 studiosi
2648 5477 2702 5522 et
2725 5467 2932 5523 Christi
2961 5479 3209 5523 amantes
3233 5480 3381 5526 sunt.
3417 5487 3556 5526 con-

1958 5558 2343 5614 stitutionibus
2365 5562 2481 5615 suis
2504 5562 2780 5617 Ecclesias
2801 5562 3178 5616 administrari
3205 5563 3550 5631 permittens,

1956 5661 2309 5723 paternasque
2346 5654 2567 5709 virtutis
2601 5654 2952 5710 aemulatores
2990 5655 3259 5725 majorum
3301 5656 3555 5726 exempla
