4154 6322
605 339 712 395 359

1642 336 1699 391 S.
1738 332 2011 389 εϊιιιιιι
2052 330 2518 388 Λ1.ΙΞΧΑΝΙ)ΠΙΧ1
2558 332 2876 388 ARCIIIEP.

3762 331 3866 389 360

604 453 989 511 imitabantur.
1021 452 1099 508 Ne
1115 452 1282 523 igitur
1300 452 1466 525 308
1488 448 1781 508 .leelionias
1804 450 2043 519 rejectus
2063 462 2189 502 cum

2301 447 2611 509 ἐπισκόποις
2648 445 2741 499 τὸν
2779 445 3164 517 καθῃρημένον
3188 484 3204 509 ,
3234 438 3303 515 ἦν
3332 443 3397 498 ἂν
3425 444 3653 508 εἰκότως
3692 444 3867 499 εἰπεῖν

604 546 809 603 Davide
843 554 900 601 et
941 544 1195 601 Samuele
1223 544 1510 617 prophetis
1550 551 1877 598 censeatur:
1906 554 2107 609 neque,
2140 538 2185 592 si

605 638 939 711 quibusdam
980 638 1169 708 inique
1204 637 1463 707 placitum
1514 642 1619 700 est,
1672 642 1733 687 ut
1772 631 2009 687 Eudoxii
2055 630 2188 686 reli-

606 731 766 801 quias
789 745 855 784 eo
877 744 988 799 quo
1015 728 1317 798 scripsistis
1355 734 1691 799 reponerent
1718 726 1863 790 loco,
1900 733 2189 796 propterea

605 839 709 879 nos
736 837 955 893 quoque
988 820 1278 892 profanum
1310 828 1371 875 ut
1407 833 1625 875 sacrum
1675 818 1731 873 in
1753 817 1939 871 album
1983 815 2186 871 refera-

607 933 747 972 mus.
794 914 1052 985 Oportuit
1091 928 1330 984 namque
1374 929 1406 968 a
1439 911 1603 968 nobis
1641 925 1733 965 res
1776 909 1923 965 illius
1964 906 2185 977 corrigi,

606 1022 715 1061 non
744 1007 897 1062 illum
924 1006 1087 1061 nobis
1116 1005 1496 1081 praescribere,
1524 1011 1582 1058 et
1613 1018 1736 1073 quae
1762 1010 1888 1072 post
1912 1015 2039 1056 eum
2067 1008 2187 1054 acta

605 1105 737 1152 sunt
763 1098 1125 1153 constituere.
1157 1096 1337 1166 Atque
1370 1095 1487 1150 haec
1508 1092 1765 1156 dicimus,
1798 1106 1909 1147 non
1937 1088 2081 1159 quod
2100 1090 2187 1159 ja-

606 1191 751 1245 centi
782 1198 839 1246 et
872 1198 1092 1245 mortuo
1127 1188 1205 1244 illi
1233 1188 1560 1242 insultemus
1586 1202 1600 1238 :
1632 1200 1744 1240 non
1774 1184 1923 1239 enim
1953 1182 2059 1236 hoc
2096 1180 2192 1235 det

608 1279 786 1335 Deus!
831 1295 1011 1349 neque
1059 1279 1209 1351 quod
1252 1279 1471 1342 alienis,
1508 1278 1672 1333 sicuti
1716 1276 1981 1345 scriptum
2012 1279 2097 1328 est
2119 1268 2197 1334 ³⁸,

606 1370 855 1425 laetemur
897 1370 1096 1425 malis:
1123 1386 1236 1425 non
1275 1370 1425 1426 enim
1468 1369 1575 1424 hoc
1617 1366 2059 1424 Christianorum
2105 1362 2190 1416 est

608 1462 899 1516 consilium
942 1470 999 1516 et
1035 1462 1350 1517 institutum
1381 1478 1395 1514 :
1430 1459 1527 1515 sed
1553 1459 1610 1514 id
1641 1456 1787 1529 quod
1818 1454 2027 1511 homini
2057 1469 2192 1509 con-

2288 536 2517 608 ἀγρίους
2543 534 2696 598 τινὰς
2729 534 2826 588 καὶ
2877 536 3186 607 ἀνημέρους
3239 536 3367 599 τοὺς
3404 533 3564 589 τοῦτο
3611 536 3868 605 γενέσθαι

2288 627 2706 691 διακωλύοντας.
2770 627 2988 699 Ἐπειδὴ
3020 628 3078 681 δὲ
3122 628 3336 697 ἀνάγκη
3377 626 3709 697 κρατοῦντος
3750 627 3870 692 ἑνὸς
3958 683 3975 697 ο

2290 722 2389 792 τὴν
2414 719 2509 775 τοῦ
2543 721 2731 793 ἑτέρου
2759 720 3132 791 παραλύεσθαι
3168 720 3433 790 δύναμιν,
3479 720 3789 774 νικάτωσαν
3818 721 3871 774 oi

2290 812 2392 883 τῆς
2413 812 2741 885 Ἐκκλησίας
2772 813 2982 884 θεσμοὶ,
3012 814 3106 867 καὶ
3137 812 3494 885 ἀποχωρείτω
3514 811 3623 867 τῶν
3666 812 3874 883 ἱερατι-

2294 902 2408 956 κῶν
2425 902 2740 973 καταλόγων
2756 903 2787 955 δ
2815 902 2889 975 μὴ
2914 902 3247 974 λειτουργὸς.
3276 901 3450 955 Τοῦτο
3468 900 3579 973 γὰρ
3607 900 3873 955 συνάπτει

2294 992 2434 1063 πρὸς
2480 993 2705 1066 εἰρήνην
2746 992 2846 1058 τὰς
2906 993 3284 1065 Ἐκκλησίαςσι
3321 993 3479 1047 τοῦτο
3526 998 3709 1047 πᾶσαν
3738 995 3874 1065 ἡμῖν

2291 1088 2593 1160 όμοψυχίαν
2640 1090 3025 1163 άνεργάσαιτο.
3075 1090 3229 1144 Δίδου
3276 1087 3563 1161 τοιγαροῦν
3596 1089 3747 1159 ἡμῖν,
3808 1085 3875 1139 τὺ

2290 1180 2622 1249 συνάγεσθαι
2656 1180 2913 1252 καθαρῶς
2945 1180 3083 1251 μετὰ
3118 1179 3219 1251 τῆς
3245 1182 3345 1252 σῆς
3370 1178 3727 1243 εθεοσεὸείας,
3753 1175 3875 1239 ἑνὸς

2292 1273 2388 1325 ναὶ
2428 1270 2623 1325 τούτου
2666 1273 3089 1349 τελευτήσαντος
3136 1272 3349 1344 ἀμείνω
3400 1269 3727 1341 ποιούμενος
3772 1268 3875 1338 τὴν

2296 1362 2429 1432 πρὸς
2457 1363 2585 1427 τοὺς
2610 1363 2690 1417 [tt
2717 1363 2927 1430 ζῶντας
2962 1366 3261 1437 ἀγάπησιν,
3305 1364 3504 1436 μᾶλλον
3535 1363 3592 1416 δὲ
3619 1362 3744 1425 τοὺς
3772 1358 3877 1430 τῆς

2305 1452 2636 1526 Ἐκκλησίας
2672 1456 2931 1527 θεσμούς.

606 1551 880 1618 dolemus,
947 1552 1015 1609 ad
1061 1552 1353 1608 utilitatem
1423 1551 1682 1607 Ecclesia:
1742 1549 2099 1612 conferimus,
2164 1547 2471 1603 canonibus
2519 1549 2668 1605 illius
2708 1551 2849 1608 nihil
2900 1551 3263 1623 praestabilius
3304 1568 3426 1609 esse
3477 1553 3764 1609 ducentes.
3814 1547 3875 1605 Si

606 1660 845 1716 namque
875 1647 998 1702 illos
1024 1656 1205 1702 sartos
1236 1655 1411 1702 tectos
1445 1658 1794 1708 conservare,
1848 1652 2008 1712 atque
2043 1651 2460 1697 exauctoratum
2490 1644 2636 1699 inter
2653 1645 2945 1717 episcopos
2972 1662 3199 1704 censere
3260 1646 3475 1713 liceret,
3535 1652 3686 1701 recte
3744 1657 3877 1715 pro.

605 1736 775 1806 lecto,
798 1742 892 1810 qui
931 1741 986 1797 id
1014 1743 1313 1811 quominus
1339 1741 1499 1794 fleret
1522 1737 1875 1809 impedirent,
1937 1735 2041 1792 feri
2097 1745 2263 1806 atque
2302 1737 2541 1797 immites
2598 1737 2938 1796 dicerentur.
2999 1739 3453 1811 Quandoquidem
3505 1752 3641 1793 vero
3702 1736 3877 1791 altero

606 1829 912 1898 obtinente,
935 1833 1169 1889 alterum
1197 1832 1503 1889 consistere
1525 1846 1638 1886 non
1671 1844 1832 1902 posse
1888 1843 2112 1884 necesse
2170 1828 2263 1891 sit,
2303 1828 2615 1885 sanctiones
2646 1830 2902 1888 Ecclesia;
2939 1833 3163 1890 vincant
3190 1852 3203 1887 :
3234 1841 3293 1889 et
3322 1848 3389 1888 ex
3420 1845 3577 1887 sacro
3608 1828 3873 1899 catalogo,

606 1924 701 1995 qui
729 1941 1010 1981 sacrorum
1039 1920 1293 1982 minister
1322 1942 1433 1981 non
1456 1938 1562 1989 est,
1587 1932 1896 1979 moveatur.
1917 1922 2033 1977 Hoc
2051 1922 2199 1977 enim
2242 1922 2517 1979 Ecclesias
2542 1924 2613 1979 ad
2650 1940 2842 1996 pacem
2870 1927 3197 1983 servandam
3255 1925 3578 1998 coniungit:
3608 1924 3717 1979 hoc
3755 1921 3876 1977 ani-

607 2031 823 2072 morum
849 2032 1183 2075 consensum
1207 2032 1427 2073 omnem
1459 2015 1694 2088 perlicit.
1728 2016 1917 2085 Itaque
1940 2013 2077 2068 illud
2136 2013 2299 2069 nobis
2326 2013 2477 2081 dato,
2513 2024 2573 2069 ut
2608 2032 2745 2087 pure
2804 2034 2906 2075 nos
2936 2027 3245 2075 conventus
3315 2033 3497 2089 agere,
3536 2025 3594 2072 et
3629 2028 3877 2071 commu-

606 2108 795 2164 nicare
835 2124 959 2164 cum
997 2109 1202 2179 pietate
1267 2117 1361 2164 tua
1389 2107 1664 2179 possimus
1704 2124 1718 2160 :
1754 2113 1920 2177 atque
1965 2114 2023 2160 tu
2054 2106 2219 2162 unius
2255 2106 2485 2177 ejusque
2524 2107 2771 2164 defuncti
2819 2126 3099 2175 amorem,
3147 2122 3271 2181 post
3334 2126 3528 2166 eorum
3557 2108 3655 2181 qui
3697 2108 3880 2164 adhuc

607 2207 802 2261 vivunt
829 2206 1205 2271 dilectionem,
1237 2224 1305 2264 ac
1347 2209 1533 2279 potius
1579 2217 1703 2279 post
1747 2208 2007 2264 Ecclesia:
2061 2207 2398 2269 sanctiones,
2428 2207 2652 2263 habeas.

2214 2398 2284 2406 .——-.

1749 2522 2089 2579 EPISTOLA
2126 2520 2363 2577 LXXVII
2400 2519 2493 2591 (0!.
2538 2515 2743 2587 LVIII).

2078 2676 2144 2716 AD
2180 2674 2412 2716 οοιιιηιςιι.

613 2794 683 2854 Ut
732 2794 935 2851 clericis
984 2794 1265 2851 Athanasii
1299 2797 1527 2872 episcopi
1570 2796 1796 2869 dyscolis
1834 2814 1928 2853 ver
1956 2802 2206 2883 proprias
2243 2797 2455 2920 (interii;
2478 2793 2809 2919 atttdientiam
2840 2788 3061 2859 delegat,
3094 2797 3143 2843 et
3209 2790 3256 2843 si
3324 2789 3400 2842 rei
3432 2787 3635 2841 inventi
3660 2785 3879 2857 fuerint,

1992 2888 2025 2920 a
2059 2887 2232 2920 sacris
2259 2886 2314 2920 an
2343 2884 2400 2920 er
2435 2882 2518 2920 ica
2549 2904 2564 2917 .

1992 2888 2025 2924 a
2059 2872 2232 2929 sacris
2259 2871 2564 2923 interdicat.

682 3000 918 3057 Domino
960 3016 1086 3057 meo
1114 3002 1478 3060 dilectissimo
1512 3003 1673 3061 fratri
1716 3014 1774 3063 et
1820 3005 2198 3063 consaeerdoti

2358 3000 2568 3074 Κυρίῳ
2616 3016 2722 3071 μου
2769 2994 3041 3067 ἀγαπητῷ
3081 2993 3296 3064 ἀδελφῷ
3342 2994 3437 3049 καὶ
3483 2993 3883 3069 συλλειτουργῷ

611 3097 845 3160 Domno,
867 3093 1104 3166 Cyrillus
1130 3096 1185 3150 in
1208 3095 1443 3152 Domino
1469 3097 1722 3154 salutem.

680 3182 991 3239 Condolere
1022 3197 1127 3238 nos
1152 3183 1418 3241 fratribus
1447 3188 1828 3242 necessarium
1846 3194 1951 3251 est,
1977 3184 2199 3257 quando

612 3275 837 3346 quidam
865 3274 1321 3335 consacerdotum
1356 3276 1541 3348 aliqua
1579 3294 1639 3333 se
1678 3294 1869 3351 passos
1903 3277 2197 3344 aﬂirmant,

611 3375 672 3420 et
712 3366 817 3420 hoc
850 3380 881 3419 a
919 3365 1159 3436 propriis
1190 3365 1430 3433 clericis,
1473 3383 1615 3439 quos
1659 3376 1779 3425 erat
1823 3369 2199 3425 necessarium

613 3456 852 3514 subdere
890 3465 1150 3527 tanquam
1173 3456 1427 3528 patribus
1448 3460 1746 3525 cervicem,
1771 3468 1828 3515 et
1856 3475 1977 3516 esse
2011 3460 2199 3531 subje-

612 3554 735 3603 ctos
773 3545 1079 3603 secundum
1118 3548 1382 3617 placitum
1423 3548 1550 3613 Dei,
1593 3559 1649 3604 et
1684 3551 1943 3607 Ecclesia:
1983 3552 2201 3624 regulas

615 3639 744 3694 talia
775 3638 1160 3693 decernentes.
1193 3636 1308 3692 Hoc
1333 3653 1465 3709 ergo
1504 3641 1785 3708 prtesumi,
1811 3640 2008 3712 quovis
2037 3640 2202 3696 modo

616 3729 998 3800 turpissimum
1042 3739 1146 3785 est.
1182 3728 1358 3784 Tanta
1406 3745 1644 3801 namque
1689 3748 1908 3803 passum
1958 3748 2017 3789 se
2066 3733 2202 3789 dicit

615 3820 1115 3875 reverendissimus
1160 3821 1456 3892 episcopus
1506 3822 1875 3889 Athanasius,
1926 3837 1987 3880 ut
2035 3827 2201 3883 etiam

615 3922 945 3983 congregata
974 3913 1029 3966 in
1063 3913 1210 3985 regia
1242 3913 1464 3969 civitate
1508 3914 1754 3985 synodus
1793 3916 2063 3989 lacrymas
2101 3920 2201 3974 da-

615 4012 722 4059 :et.
752 4004 843 4057 Ait
873 4005 1045 4067 enim,
1078 4005 1345 4075 quosdam
1375 4007 1607 4062 clericos
1638 4009 1733 4077 qui
1758 4009 1861 4064 sub
1892 4026 1959 4066 eo
1991 4012 2200 4067 consti-

617 4093 721 4148 tuti
752 4102 903 4157 sunt,
940 4093 998 4148 in
1028 4102 1231 4149 tantam
1273 4095 1561 4151 audaciam
1601 4099 1930 4168 prosiliisse,
1969 4110 2028 4157 ut
2053 4102 2201 4173 quod

614 4186 819 4240 attinet
849 4185 916 4239 ad
946 4186 1393 4256 praesumptionis
1420 4188 1554 4253 vim,
1583 4198 1639 4245 et
1661 4192 2001 4261 expellerent
2022 4209 2147 4249 eum
2171 4212 2202 4249 a

617 4274 949 4338 sacerdotio,
984 4285 1040 4331 et
1062 4292 1230 4347 super
1250 4292 1376 4333 eum
1399 4279 1563 4351 209
1590 4281 1959 4341 damnationis
1978 4295 2203 4344 senten-

2299 3094 2513 3166 Δόμνῳ,
2547 3089 2817 3163 Κύριλλος
2848 3091 2906 3143 ιν
2933 3087 3129 3160 Κυρίῳ
3149 3086 3380 3158 χαίρειν.

2369 3185 2667 3255 Συναλγεϊν
2717 3184 2867 3255 ἡμᾶς
2906 3178 3161 3249 ἀδελφοῖς
3211 3176 3510 3248 ἀναγκαῖον
3555 3179 3651 3233 atati.
3680 3179 3881 3245 οἵτινες

2297 3278 2408 3335 τῶν
2434 3274 2866 3348 συλλειτουργῶν
2890 3271 3223 3327 πεπονθέναι
3240 3288 3294 3325 τι
3322 3270 3766 3344 διῖσχυρίζονται,
3789 3273 3885 3328 ναὶ

2298 3371 2459 3428 τοῦτο
2494 3368 2649 3443 παρὰ
2685 3366 2967 3439 κληρικῶν
3008 3365 3189 3430 ἰδίων,
3220 3362 3315 3428 οὓς
3347 3358 3418 3435 ἦν
3445 3364 3744 3433 ἀναγκαῖον
3774 3364 3879 3419 ύπ-

2301 3465 2469 3536 ἐχειν,
2502 3462 2598 3517 ἆτε
2626 3461 2817 3530 πατρὶ,
2837 3459 2931 3513 τὸν
2952 3457 3177 3529 αὐχένα,
3203 3455 3298 3511 καὶ
3320 3455 3719 3512 ὑποτάττεσθαι
3742 3457 3886 3512 κατὰ

2300 3556 2362 3611 τὺ
2390 3554 2581 3609 δοκοῦν
2610 3552 2689 3625 τῷ
2717 3551 2839 3623 Θοῷ
2856 3590 2872 3616 ,
2924 3552 3021 3606 καὶ
3047 3550 3160 3614 τοῖς
3186 3550 3287 3622 τῆς
3322 3548 3649 3620 Ἑκκλησίας
3694 3549 3887 3604 κανόσι

2301 3646 2747 3718 διηγορευμένον.
2786 3643 2960 3698 Τοῦτο
3011 3641 3132 3707 πῶς
3173 3641 3235 3697 ού
3266 3640 3377 3696 τῶν
3422 3640 3719 3712 αἰσχίστων
3769 3643 3887 3695 ἐστὶ

2301 3740 2682 3811 τολμώμενον;
2712 3734 2953 3791 Τοιαῦτά
2977 3750 3111 3805 φησι
3127 3732 3454 3788 πεπονθέναι
3470 3732 3662 3787 ἑαυτὸν
3682 3734 3712 3788 ό
3727 3732 3888 3787 εὐλαο

2302 3830 2560 3895 ὃέστατος
2580 3828 2877 3893 ἐπίσκοπος
2905 3824 3224 3889 Ἀθανάσιος
3244 3840 3260 3854 ·
3297 3823 3464 3879 ἔδωκε
3488 3823 3585 3878 καὶ
3621 3823 3684 3878 τὸ
3728 3824 3831 3895 τῆς
3859 3834 3885 3861 ο

2305 3920 2665 3991 συναχθείσης
2716 3917 2861 3972 κατὰ
2887 3916 2989 3987 τὴν
3032 3912 3421 3986 βασιλεύουσαν
3449 3911 3886 3969 Κωνσταντινού-

2302 4014 2459 4067 πολιν
2491 4011 2712 4066 συνόδου
2741 4006 3138 4079 κατενεχθῆναι
3163 4005 3418 4078 δάκρυον.
3439 4005 3579 4075 Φησὶ
3599 4005 3708 4077 γάρ
3736 4022 3887 4069 τινας

2304 4107 2412 4161 τῶν
2435 4107 2533 4160 ἀπ’
2555 4104 2736 4158 αὐτῶν
2762 4114 2789 4154 P
2811 4101 2981 4156 ὄντων
3009 4100 3111 4172 κλη
3121 4098 3287 4173 ρικῶν
3315 4098 3748 4169 καταυθεντῆσαι
3772 4115 3888 4153 τοσ-

2304 4198 2482 4262 οῦτον,
2511 4195 2607 4259 ὡς,
2635 4196 2696 4249 τό
2713 4211 2776 4263 γε
2801 4189 2938 4268 ἧκον
2970 4193 3051 4257 είς
3072 4190 3495 4264 ἐγχειρημάτων
3519 4188 3768 4262 δύναμιν,
3795 4189 3887 4245 καὶ

2310 4288 2511 4353 ἐξῶσαι
2572 4286 2673 4355 τῆς
2709 4284 3009 4358 ἱερωσύνης
3044 4284 3228 4346 αὑτὸν,
3256 4283 3351 4337 καὶ
3380 4282 3752 4354 καθαιρέσεως
3785 4280 3888 4351 ψῆ-

622 4367 753 4422 tiam
786 4367 1013 4423 ferrent.
1051 4369 1253 4424 Volunt
1276 4373 1425 4427 enim
1457 4389 1772 4431 mconomos
1802 4377 2082 4445 Ecclesia,
2106 4389 2198 4436 aut

2309 4398 2409 4453 φον
2435 4380 2524 4434 ἐπ’
2570 4379 2735 4432 αὐτὸν
2786 4377 3113 4447 ἐξενεγκεῖν.
3148 4375 3581 4448 Βούλονταιγὰρ
3630 4378 3758 4440 τοὺς
3791 4375 3888 4445 μὲν

538 4539 543 4543 η
618 4466 768 4513 certe
801 4460 1299 4518 ecclesiasticarum
1330 4482 1512 4521 rerum
1543 4468 1952 4539 dispensatores
1973 4473 2197 4544 ejicere,

618 4559 678 4606 et
707 4552 974 4621 quosdam
1020 4553 1160 4610 alios
1204 4556 1310 4612 sibi
1359 4558 1580 4629 propria
1631 4563 1958 4619 auctoritate
1991 4566 2201 4621 consti-

620 4649 779 4697 tuere
804 4660 816 4696 :
841 4658 1007 4714 super
1035 4644 1153 4701 Ilch
1184 4656 1369 4703 autem
1410 4652 1577 4706 etiam
1607 4651 1676 4707 de
1715 4655 1887 4710 sacris
1927 4657 2205 4728 diptychis

618 4748 823 4789 nomen
875 4736 997 4807 ejus
1028 4736 1268 4804 auferre,
1300 4749 1359 4796 et
1401 4743 1508 4798 alia
1562 4744 1812 4815 quasdam
1859 4748 2120 4814 absurda,
2148 4758 2205 4806 et

621 4823 930 4881 sceleribus
983 4828 1147 4897 plena
1206 4841 1566 4901 perpetrare,
1641 4851 1764 4906 quae
1827 4838 2201 4911 subjectorum

623 4915 935 4973 libellorum
963 4920 1141 4976 virtus
1173 4925 1423 4979 noscitur
1454 4928 1757 4986 continere.
1783 4930 1921 4998 Quia
1955 4948 2085 5001 vero
2116 4934 2201 4989 ni-

622 5006 728 5060 mis
754 5007 1116 5080 incongruum
1145 5023 1251 5079 est,
1282 5020 1536 5085 praesumi
1571 5016 1697 5077 talia
1723 5040 1753 5078 a
1778 5026 1995 5081 clericis
2017 5028 2212 5084 adver-

622 5113 720 5153 sus
742 5100 1030 5173 episcopos
1054 5108 1328 5176 proprios,
1353 5119 1409 5163 et
1436 5111 1548 5166 IIIBC
1573 5114 1853 5184 despicere
1878 5134 1979 5171 nos
2009 5118 2211 5189 impos-

624 5188 785 5244 sibile
826 5202 912 5247 est
938 5213 950 5247 :
979 5196 1238 5266 dignetur
1264 5209 1356 5255 tua
1383 5205 1647 5260 sanctitas
1680 5206 1766 5277 (si
1805 5208 1876 5262 ab
1917 5188 2207 5266 Antioohia

624 5280 786 5351 longe
823 5293 909 5339 est
938 5286 1153 5354 civitas,
1184 5294 1343 5363 cujus
1373 5294 1827 5363 gubernationem
1861 5300 2092 5355 sortitus
2123 5312 2211 5356 est

626 5383 963 5432 memoratus
1009 5381 1455 5451 religiosissimus
1500 5389 1793 5460 cpiscopus
1836 5393 2208 5463 Athanasius)

698 5526 746 5558 ”
771 5528 813 5583 ll
844 5532 971 5585 Cor.
1000 5551 1052 5598 x,
1086 5534 1168 5587 lii.

2305 4475 2624 4544 οἰκονόμους
2656 4473 2757 4542 τῆς
2799 4470 3148 4541 Ἑκκλησίας,
3169 4470 3288 4541 ἦτοι
3311 4471 3439 4534 τοὺς
3460 4473 3568 4523 τῶν
3596 4468 3889 4541 ἐκκλησια-

2311 4563 2513 4618 στικῶν
2549 4561 2894 4633 πραγμάτων
2946 4560 3227 4633 χειριστάς
3276 4560 3567 4623 ἐκϐαλεῖν,
3606 4560 3802 4631 στῆσαι
3832 4560 3889 4613 δὲ

2308 4656 2467 4710 αὐτοὶ
2498 4656 2625 4720 τοὺς
2648 4654 2791 4709 κατὰ
2812 4651 3042 4725 γνώμην
3067 4653 3236 4708 ἰδίαν·
3269 4653 3365 4707 καὶ
3394 4653 3531 4725 πρὸς
3566 4651 3777 4717 τούτοις
3811 4652 3889 4706 ἔτι

2312 4750 2406 4803 καὶ
2437 4750 2501 4802 ἐκ
2527 4747 2633 4801 τῶν
2657 4746 2817 4819 ἱερῶν
2839 4745 3115 4817 διπτύχων
3140 4745 3413 4817 περιελεῖν
3428 4744 3592 4800 αὐτοῦ
3608 4745 3669 4799 τὸ
3696 4747 3887 4817 ὄνομα.

2310 4841 2477 4913 ἕτερά
2509 4841 2568 4894 τέ
2606 4857 2729 4894 τινα
2763 4839 2951 4909 ἁπηχῆ
2997 4839 3089 4892 καὶ
3119 4837 3462 4909 ἀνοσιότητος
3488 4837 3727 4912 γέμοντα
3762 4840 3892 4910 δρᾶ-

2314 4949 2435 4984 σαι·
2474 4932 2509 4985 ἃ.
2535 4934 2686 5003 καὶὴ
2726 4931 2834 4985 τῶν
2866 4930 3310 5001 συνεζευγμένων
3356 4931 3614 4984 λιεέλλων
3648 4937 3890 5003 περιέχει

2311 5025 2560 5095 δύναμις.
2604 5025 2819 5095 Ἐπειδὴ
2854 5024 2910 5077 δέ
2952 5025 3067 5078 ἐστι
3093 5026 3201 5078 τῶν
3243 5025 3480 5085 ἀτόπων,
3516 5024 3744 5079 τοιαῦτα
3778 5027 3891 5079 το).-

2317 5117 2524 5187 μᾶσθαι
2560 5117 2713 5187 παρὰ
2746 5117 3023 5187 κληρικῶν
3055 5120 3197 5171 κατὰ
3229 5116 3336 5170 τῶν
3377 5117 3521 5171 ἰδίων
3553 5119 3887 5171 ἐπισκόπων.

2313 5212 2408 5263 καὶ
2459 5210 2723 5280 περιϊδεῖν
2779 5209 3058 5287 ὰμὴχαξον
3092 5209 3264 5275 αὐτὰ,
3324 5210 3723 5277 καταξιωσάτω
3766 5213 3799 5281 ἡ
3827 5212 3890 5279 σὴ

2313 5304 2533 5372 ὁσιότης
2572 5304 2643 5370 (εί
2673 5302 2774 5373 τῆς
2811 5302 3133 5373 ’Δντιοχέων
3160 5304 3277 5358 ἐστὶ
3308 5305 3529 5377 μακρὰν
3559 5307 3593 5376 ἡ
3625 5305 3799 5370 πόλις,
3826 5307 3893 5373 ἦν

2313 5397 2533 5449 διοικεῖν
2565 5396 2760 5466 ἔλαχεν
2786 5397 2814 5449 ὁ
2854 5398 3248 5469 μνημονευθεὶς
3303 5397 3725 5465 θεοσεϐέστατος
3776 5400 3892 5453 ἐπί-

1716 5653 1889 5709 Variac
1922 5655 2185 5711 lectiones
2212 5657 2419 5712 codicis
2453 5658 2820 5729 Seguieriani.

699 5761 729 5788 θ’
762 5754 867 5809 ἀπὸ
891 5758 1007 5819 τῆς.
1087 5771 1112 5809 Ρ
1147 5762 1236 5813 ὑπ’
1268 5763 1455 5816 αὐτόν.
