4126 6314
275 339 377 394 361

1571 327 1908 387 EPlSTOLA
1961 323 2244 384 LXXVIII.

3457 316 3568 371 303

279 472 482 518 σκοπος
518 451 858 516 Ἀθανάσιοςὶ
883 452 991 506 τισὶ
1020 451 1085 504 δι’
1116 451 1332 506 οίκείων
1365 452 1714 524 γραμμάτων
1746 451 1866 503 ἑπι-

1991 438 2302 513 juibusdam
2335 453 2434 509 per
2468 436 2721 508 proprias
2759 434 2976 491 litteras
3021 432 3361 490 audientiam
3409 433 3566 491 dele-

275 549 480 620 τρεψαι
508 548 606 618 τὴν
630 545 915 616 ἀκρόασιν,
941 543 1081 598 ὥστε
1103 544 1404 613 κληθέντας
1430 544 1556 609 τοὺς
1579 542 1678 614 τὴν
1701 540 1871 597 αἰτία-

279 658 367 694 σιν
393 651 424 690 «ι
448 639 843 710 ὑπομένοντας,
875 636 1345 707 ἀπολογήσασθαι,
1377 637 1471 691 καὶ
1505 638 1554 690 εί
1597 633 1871 706 εὑρεθεῖεν

279 734 458 805 ενοχοι
485 735 597 796 τοῖς
627 733 968 803 αἰτιάμασιν,
1014 729 1381 800 άπολισθῆσαι
1432 728 1533 799 τῆς
1567 729 1720 799 ἱερᾶς
1756 725 1869 779 λει-

274 826 562 898 τουργίας.
604 827 671 879 '0
690 825 802 895 γὰρ
824 824 980 876 αὐτοὶ
1022 822 1394 892 τετολμήκασι
1433 820 1575 874 κατὰ
1607 819 1704 874 τοῦ
1740 819 1871 873 ίδίου

275 917 515 987 πατρδς,
542 915 701 970 τοῦτο
729 915 953 970 πάθοιεν
981 913 1048 967 ἂν
1076 913 1322 977 δικαίως,
1357 913 1539 982 nam;
1566 911 1870 983 ἀλογήσανο

275 1027 371 1073 τες
402 1008 749 1071 ἀκολουθίας,
783 1006 880 1060 καί⁸
911 1005 1090 1059 πάντα
1126 1003 1329 1074 θεσμὸν
1373 1003 1737 1077 ὑπερϐάντες,
1779 1002 1874 1057 καὶ

276 1098 418 1171 παρ’
444 1098 598 1151 οὐδὲν
621 1094 986 1166 ποιησάμενοι
1008 1093 1072 1148 τὸ
1105 1094 1376 1164 ἀτιμάσαι
1405 1092 1640 1163 πατέρα.
1673 1091 1876 1158 Λέγον-

274 1205 372 1243 ται
402 1188 462 1242 δι
495 1190 590 1241 καὶ
614 1186 676 1239 οὐ
707 1184 804 1240 νῦν
847 1183 1114 1257 πρότερον
1157 1192 1178 1220 ι’
1211 1180 1483 1253 ἄρξασθαι
1517 1175 1659 1233 εἶναι
1696 1177 1873 1232 τοιοῦ-

274 1299 385 1347 τοι,
431 1281 547 1336 ἀλλ’
591 1280 692 1350 ἠδη
730 1275 1110 1346 κατεγνῶσθαι
1156 1277 1251 1329 καί
1293 1275 1387 1327 ἐπὶ
1414 1273 1631 1338 πολλοῖς
1661 1272 1742 1326 ἔτι
1767 1271 1877 1342 χείο

281 1389 402 1443 ροσι
456 1374 550 1428 καὶ
601 1371 856 1441 θρασέσιν
887 1368 1275 1440 ἐγχειρήμασι.
1310 1367 1516 1420 Φάσκει
1545 1363 1603 1418 δε
1632 1362 1875 1417 ὕποπτον

276 1463 428 1536 ιχειν
451 1474 472 1502 ³
497 1463 591 1517 τὸν
619 1461 854 1532 λαχόντα
877 1460 973 1514 νῦν
999 1459 1077 1521 είς
1098 1458 1160 1511 τὸ
1183 1455 1644 1528 μητροπολιτικὸν
1665 1455 1876 1508 δίκαιον

275 1556 378 1626 τῆς
404 1554 646 1626 ινορίαςς
673 1553 733 1617 ἒξ
757 1548 824 1624 ἧς
849 1554 988 1605 ἐστι’
1018 1551 1134 1614 καὶ,
1154 1550 1232 1612 ὡς
1267 1549 1404 1620 ἔφην
1427 1548 1552 1620 ἤδη,
1579 1547 1642 1601 τὺ
1669 1547 1876 1602 λυποῦν

276 1649 459 1714 οὐδὲν,
493 1646 697 1712 ἐξεῖναι
751 1643 881 1709 τοὺς
919 1645 977 1696 ὲν
1015 1641 1224 1713 ὑποψίᾳ
1280 1641 1355 1713 μὴ
1409 1640 1655 1706 δικάζειν
1701 1639 1872 1711 αὐτῷ.

278 1743 552 1815 Πρόσειπε
585 1740 686 1811 τὴν
717 1738 873 1811 παρὰ
902 1738 988 1791 σοὶ
1012 1736 1382 1808 ἀδελφότηταο
1416 1735 1475 1788 σε
1523 1735 1558 1806 ἠ
1600 1735 1699 1788 σὺν
1750 1733 1877 1803 luat

277 1838 338 1888 tv
357 1834 548 1908 Κυρίῳ
583 1830 1013 1907 προσαγορεύει.

1971 549 2128 605 gare;
2163 542 2439 603 quatenus
2463 527 2680 586 evocati
2706 528 2763 584 bi
2784 528 2879 598 qui
2901 528 3148 583 accusati
3169 534 3318 590 Sunt,
3339 542 3570 598 respou-

1973 623 2168 688 deant;
2202 620 2334 677 etsi
2381 617 2592 674 inventi
2644 616 2858 672 fuerint
2906 615 3359 671 accusationibus
3399 617 3502 681 rei,
3539 633 3569 673 a

1973 729 2131 771 sacro
2156 713 2471 769 ministerio
2499 707 2968 776 decidant."Quod
2997 709 3147 765 enim
3174 709 3279 780 ipsi
3301 708 3574 766 adversus

1973 819 2187 880 patrem
2217 807 2508 878 proprium
2530 811 3033 876 prmsumpserunt,
3074 803 3184 858 hoc
3212 805 3361 874 juste
3401 802 3572 858 susti-

1974 907 2164 966 neant,
2204 899 2428 971 quando
2456 911 2677 954 omnem
2709 895 3169 966 consequentiam
3196 895 3572 965 praetermise-

1975 1003 2128 1057 runt,
2145 1000 2202 1048 et
2219 1006 2438 1047 omnem
2461 990 2639 1062 legem
2657 987 3051 1044 transcendere
3077 1001 3573 1059 praesumpserant,

1976 1094 2036 1141 et
2067 1099 2170 1156 pro
2202 1082 2380 1138 nihilo
2413 1096 2537 1137 esse
2563 1080 2960 1153 judicavenunt
3005 1088 3352 1135 senectutem
3400 1081 3576 1135 exho-

1977 1191 2176 1233 norare
2208 1175 2403 1248 patris.
2449 1173 2721 1230 Dicuntur
2759 1183 2946 1229 autem
2977 1188 3090 1228 non
3135 1173 3303 1228 modo
3333 1173 3576 1244 primum

1977 1270 2115 1324 tales
2144 1283 2268 1324 esse
2300 1267 2558 1338 cmpisse,
2581 1265 2679 1322 sed
2710 1266 2823 1337 jam
2871 1264 2928 1320 in
2969 1264 3162 1321 multis
3205 1265 3414 1336 culpati
3450 1275 3581 1321 sunt

1976 1365 2161 1421 adhuc
2190 1363 2351 1419 valde
2371 1362 2660 1434 pejoribus
2693 1360 3208 1432 asperioribusquc.
3241 1361 3454 1418 Asserit
3483 1376 3585 1416 au-

1979 1463 2091 1511 tem
2124 1470 2253 1511 eum
2284 1468 2344 1510 se
2385 1461 2707 1524 suspectum
2743 1451 2972 1519 habere,
3017 1451 3115 1524 qui
3154 1466 3308 1507 nunc
3335 1453 3425 1524 jus
3461 1469 3581 1509 me.

1980 1547 2356 1619 tropolitieum
2375 1544 2680 1618 provincia!
2707 1531 2945 1609 obtinet,
2973 1559 3043 1601 ex
3063 1559 3174 1615 qua
3192 1553 3313 1610 est;
3334 1551 3412 1607 et,
3434 1543 3585 1600 sicut

1975 1641 2088 1712 jam
2110 1639 2247 1703 dixi,
2269 1639 2410 1695 nihil
2431 1637 2654 1694 molesti
2674 1645 2782 1701 est,
2801 1637 2847 1692 si
2872 1636 2942 1693 iis
2960 1636 3059 1708 qui
3081 1636 3135 1692 ei
3163 1637 3409 1708 suspecti
3427 1645 3578 1697 sunt.

1976 1732 2227 1803 judicare
2244 1745 2358 1786 non
2379 1730 2565 1785 liceat.
2587 1728 2687 1784 Dic
2706 1727 3069 1794 fraternitati,
3085 1741 3212 1800 quae
3233 1727 3382 1799 apud
3402 1732 3458 1783 te
3473 1737 3582 1792 est,

1903 1821 1952 1885 Β
1981 1823 2244 1889 salutem;
2279 1821 2485 1879 salutet
2503 1827 2558 1875 te
2577 1818 2635 1874 in
2656 1818 2916 1886 Domino,
2939 1831 3062 1890 qua
3082 1820 3375 1876 nobiseum
3402 1825 3510 1876 est.

1445 2186 1781 2245 EPISTULA
1821 2185 2082 2243 anui
2122 2186 2214 2261 (οι.
2259 2183 2423 2259 LIX).

373 2492 482 2548 τοῦ
521 2488 716 2546 αὑτοῦ
754 2489 1063 2557 Κυρίλλου
1103 2487 1434 2555 Ἐπιστολή
1475 2486 1790 2552 κανονική.

359 2604 612 2659 ’Βκαστα
651 2601 763 2655 τῶν
819 2600 940 2655 καθ’
988 2601 1136 2672 ἡμᾶς
1187 2599 1535 2671 πραγμάτων
1575 2597 1707 2651 ὅταν
1750 2595 1882 2650 εὐθὺ

283 2696 522 2766 φέρηται
544 2690 847 2761 κανονικῆς
876 2690 1159 2755 εὐταξίας,
1219 2688 1415 2741 οὐδένα
1453 2686 1554 2757 μὲν
1582 2686 1715 2758 ἡμῖν
1747 2685 1889 2738 ὲντίυ

284 2803 406 2841 asset
433 2784 681 2857 θόρυϐον,
719 2783 1051 2837 ἀπαλλάττει
1084 2782 1141 2835 δὲ
1163 2780 1374 2849 καὶτῆς
1399 2779 1549 2851 παρά
1575 2796 1738 2832 τινων
1755 2776 1888 2832 ’δυσ-

287 2878 523 2948 φημίας,
559 2876 761 2947 μᾶλλον
781 2874 836 2928 δὲ
865 2877 960 2929 καὶ
988 2878 1086 2937 τὰς
1119 2873 1270 2943 παρὰ
1300 2873 1410 2926 τῶν
1448 2867 1508 2926 εὖ
1543 2871 1890 2941 φρονούντων

288 2973 573 3044 εὐφημίας
597 2973 731 3042 ἡμῖν
768 2968 1037 3039 προξενεῖ.
1070 2967 1168 3030 Τίς
1194 2965 1305 3037 γὰρ
1335 2964 1436 3018 οὒκ
1469 2964 1537 3018 ἂν
1564 2964 1888 3030 ἀποδέξαιτο

285 3067 474 3136 ψῆφον
499 3061 864 3135 άπροσκλινῆ,
890 3062 1044 3130 εἰπερ
1076 3059 1143 3114 ἂν
1173 3060 1376 3128 γίνοιτο
1407 3055 1560 3128 παρά
1585 3073 1786 3121 τινωνς
1818 3057 1889 3111 Ἥ

292 3159 417 3222 πῶς
444 3158 505 3210 τὸ
527 3157 734 3227 κρίνειν
756 3153 931 3225 ὀρθῶς
960 3153 1053 3205 καὶ
1084 3152 1326 3222 ἐννόμως
1357 3150 1456 3203 οὐκ
1482 3149 1889 3220 ἀνεπίπληκτον

291 3252 471 3316 ισται,
506 3249 708 3320 μᾶλλον
736 3247 793 3300 δὲ
819 3247 1018 3308 παντὸς
1042 3245 1263 3312 ἐπαίνου
1298 3242 1528 3314 μεστὸνς

368 3428 484 3483 Καὶ
511 3426 686 3480 ταῦτα
722 3423 918 3496 γράφω
962 3423 1082 3475 νυνὶ
1123 3425 1187 3494 τῇ
1224 3423 1289 3492 σῇ
1326 3420 1639 3493 θεοσεϐείᾳ.
1685 3423 1742 3474 ἐν
1776 3423 1889 3484 τοῖς

295 3521 500 3590 ἑαυτῆς
526 3520 818 3590 γράμμασι
847 3519 957 3579 τοῖς
996 3514 1237 3568 σταλεῖσι
1270 3513 1406 3583 πρὸς
1437 3514 1537 3582 ἐμὲ
1575 3529 1634 3565 τε
1677 3514 1770 3565 καὶ
1801 3513 1890 3565 τὸν

293 3612 601 3668 ὁσιώτατον
626 3611 719 3665 καὶ
745 3609 1163 3663 θεοσεϐέστατον
1189 3606 1419 3675 ἀδελφὺν
1448 3609 1480 3676 ἡ
1490 3605 1609 3676 μῶν
1638 3606 1734 3659 καὶ
1763 3623 1891 3658 συνο

296 3707 604 3760 επίσκοπον
659 3703 937 3774 Πρόκλον,
999 3701 1300 3754 ἐπίσκοπον
1350 3699 1452 3770 μὲν
1515 3698 1892 3769 ὀνομαζούσης

296 3798 392 3850 τὸν
421 3795 816 3849 εὐλαϐέστατον
842 3793 934 3844 καὶ
957 3789 1371 3860 θεοφιλέστατον
1395 3789 1601 3861 Πέτρον
1620 3806 1631 3818 ·
1653 3789 1818 3844 αὑτοῦ
1838 3789 1893 3842 δὲ

297 3888 606 3951 κλαίοντος,
651 3884 747 3940 καὶ
786 3884 888 3952 τῆς
931 3882 1330 3953 ὲκνεμηθείσης
1377 3881 1525 3953 αὑτῷ
1565 3882 1896 3953 Ἐκκλησίας

300 3980 637 4054 παραλόγως
666 3976 987 4047 κεκινῆσθαι
1010 3975 1280 4044 λέγοντος.
1313 3970 1422 4028 Ἦν
1450 3974 1494 4029 δ’
1531 3975 1824 4029 ἀκόλουθον
1862 3973 1894 4045 ἢ

297 4075 367 4126 τδ
401 4073 502 4142 τῆς
532 4069 836 4142 ἱερωσύνης
878 4069 1054 4139 ἥνομα
1096 4067 1236 4139 μετὰ
1264 4067 1360 4121 τοῦ
1392 4067 1722 4139 πράγματος
1752 4067 1897 4137 ἔχειν

301 4165 493 4226 αὑτὸν,
512 4165 681 4234 ἡγουν
711 4162 868 4232 εἴπερ
890 4159 966 4232 μὴ
993 4156 1060 4232 ἦν
1091 4161 1240 4228 άξιος
1265 4159 1360 4215 τοῦ
1385 4161 1719 4228 προεστάναι
1748 4159 1895 4214 θείου

302 4254 735 4326 θυσιαστηρίου,
775 4251 902 4324 μηδ’
948 4252 1084 4322 αὐτῇ
1119 4247 1382 4322 τιμᾶσθαι
1428 4256 1494 4323 τῇ
1544 4253 1737 4320 κλήσει
1797 4250 1898 4321 τῆς

304 4343 640 4414 επισκοπῆς.
691 4342 834 4396 Ἀλλ’
886 4342 1017 4406 ἴσως
1053 4341 1256 4407 δόξειεν
1303 4341 1370 4396 ἂν
1407 4344 1473 4414 τῇ
1512 4346 1577 4414 σῇ
1623 4341 1900 4412 θεοφιλεὶα

305 4435 546 4506 σκληρὸς
591 4428 733 4486 εἷναί
761 4449 844 4496 τις
873 4433 970 4485 καὶ
1012 4431 1378 4504 άφιλάλληλος
1415 4434 1444 4486 ὁ
1471 4433 1601 4503 παρ’
1639 4432 1774 4500 ἐμοῦ
1809 4430 1899 4484 λό-

305 4545 427 4599 γος.
466 4528 623 4597 Ἔχει
654 4525 712 4579 δὶ
751 4525 850 4596 οὐχ
883 4523 1055 4588 οὕτως
1096 4524 1239 4580 κατὰ
1284 4527 1348 4577 τὸ
1377 4525 1598 4596 ἀληθές.
1649 4525 1900 4594 Ἐλεῆσαι

303 4619 419 4690 γὰρ
447 4620 589 4690 τάχα
620 4633 722 4669 που
750 4615 1050 4686 νομίζομεν
1082 4616 1174 4669 τὸν
1205 4614 1524 4687 πρεσϐύτην
1553 4616 1724 4688 μόνην
1753 4616 1902 4687 αὑτῷ

2258 2483 2518 2556 Ejusdem
2550 2482 2742 2556 Cyr-illi
2774 2485 2998 2556 epistola
3021 2487 3301 2543 canonice.

2065 2598 2418 2669 Unaquaeque
2463 2605 2555 2654 res
2586 2607 2799 2662 nostra,
2831 2596 3055 2673 quando
3086 2600 3284 2656 ordine
3322 2601 3594 2658 canonico

1989 2701 2141 2748 recta
2166 2689 2452 2762 procedit,
2489 2689 2704 2745 nullum
2734 2689 2962 2760 quidem
3006 2691 3062 2747 in
3096 2691 3260 2749 nobis
3292 2693 3593 2750 tumultum

1993 2781 2302 2852 ingenerat,
2349 2789 2407 2836 et
2437 2796 2467 2836 a
2505 2781 2904 2837 nonnullorum
2937 2782 3326 2839 maledicentia
3352 2783 3553 2841 liberat
3575 2827 3596 2850 ,

1993 2875 2078 2930 vel
2111 2874 2298 2946 potius
2323 2889 2521 2928 eorum
2567 2875 2662 2944 qui
2691 2873 2913 2945 sapiunt
2955 2875 3176 2931 laudem
3213 2878 3375 2933 nobis
3407 2880 3599 2934 conci-

1991 2963 2110 3018 liat.
2134 2963 2270 3031 Quis
2299 2962 2450 3018 enim
2478 2977 2589 3017 non
2612 2962 2795 3018 obviis
2818 3003 2835 3026 ,
2863 2971 2924 3018 ut
2955 2964 3132 3029 aiunt,
3173 2965 3322 3022 ulnis
3354 2969 3598 3040 excipiat

1992 3056 2060 3111 de
2094 3055 2372 3125 aliquibus
2425 3056 2696 3125 prolatam
2764 3057 3130 3122 sententiam,
3179 3073 3303 3130 quae
3338 3076 3442 3115 nec
3487 3060 3600 3116 huc

1994 3161 2098 3201 nec
2137 3146 2269 3200 illuc
2305 3144 2645 3200 inclinetur?
2676 3145 2772 3201 Vel
2802 3147 3082 3217 quomodo
3109 3163 3220 3203 non
3251 3149 3326 3204 sit
3348 3150 3419 3205 ab
3445 3153 3599 3207 omni

1993 3237 2427 3309 reprehensione
2462 3238 2728 3300 alienum,
2765 3241 2855 3296 vel
2893 3240 3081 3311 potius
3108 3256 3445 3314 magnopere
3481 3245 3602 3301 lau-

1917 3343 1961 3399 ο
1996 3332 2262 3395 dandum,
2289 3331 2335 3386 si
2368 3340 2516 3386 recte
2551 3341 2608 3388 et
2629 3332 2779 3402 juste
2807 3332 3127 3403 iudicetur?

2064 3424 2133 3479 Et
2154 3425 2269 3479 haec
2283 3423 2510 3494 quidem
2534 3439 2684 3480 nunc
2707 3423 2890 3479 scribo
2911 3424 2979 3480 ad
2999 3425 3261 3496 pietatem
3285 3435 3456 3492 tuam,
3476 3444 3603 3500 qu:e

1993 3513 2158 3584 210
2188 3514 2246 3569 in
2276 3514 2479 3569 litteris
2523 3513 2592 3568 ad
2633 3529 2722 3569 me
2755 3523 2811 3569 et
2843 3515 3323 3587 religiosissimum
3370 3519 3597 3575 fratrerr

1993 3615 2242 3661 nostrum
2266 3614 2322 3661 et
2343 3605 2730 3676 coepiscopum
2765 3605 3017 3662 Proclum
3041 3607 3247 3674 missis,
3278 3609 3603 3682 episcopum

1995 3697 2220 3769 quidem
2267 3697 2560 3759 nominet,
2609 3697 2883 3768 imprimis
2942 3697 3099 3769 pium
3157 3715 3222 3756 ac
3279 3701 3602 3774 religiosum

1995 3787 2220 3843 Petrum
2255 3805 2269 3840 :
2312 3803 2439 3842 eum
2481 3787 2598 3858 ipse
2630 3788 2988 3855 lamentetur,
3038 3805 3207 3861 seque
3250 3792 3320 3847 ab
3353 3792 3604 3850 Ecclesia

1998 3879 2105 3934 sibi
2136 3879 2403 3934 attributa
2435 3886 2633 3949 praeter
2679 3879 2955 3934 rationem
2995 3880 3234 3951 ejectum
3267 3897 3390 3939 esse
3432 3884 3600 3940 dicat.

1998 3971 2132 4028 Erat
2156 3980 2340 4026 autem
2382 3979 2818 4026 consentaneum
2847 3980 2911 4027 ut
2938 3974 3024 4027 vel
3053 3974 3352 4030 sacerdotii
3399 3992 3606 4033 nomen

2000 4077 2126 4117 cum
2145 4077 2206 4118 re
2223 4062 2473 4125 haberet,
2499 4062 2610 4126 vel,
2635 4061 2681 4116 si
2703 4077 2815 4116 non
2841 4072 2961 4118 erat
2977 4063 3179 4135 dignus
3200 4075 3265 4121 ut-
3280 4067 3440 4123 altari
3467 4082 3608 4138 prae-

2000 4167 2169 4221 esset,
2190 4165 2293 4211 nec
2319 4155 2436 4226 ipsa
2457 4155 2684 4226 quidem
2707 4155 3061 4228 episcopatus
3079 4159 3371 4214 vocatione
3403 4159 3606 4231 dignus

2004 4248 2326 4304 haberetur.
2362 4247 2469 4304 Sed
2497 4248 2560 4303 id
2583 4249 2818 4304 fortasse
2846 4248 2994 4321 quod
3018 4249 3163 4313 dico.
3188 4250 3390 4306 durum
3409 4263 3607 4309 esseet

2002 4341 2294 4396 charitatis
2317 4356 2520 4412 expers
2557 4341 2859 4396 videbitur.
2893 4341 3004 4397 Res
3033 4349 3219 4397 autem
3253 4360 3445 4401 revera
3490 4362 3607 4403 non

2005 4434 2080 4488 ita
2105 4449 2164 4488 se
2201 4433 2388 4489 habet.
2422 4433 2534 4489 Nos
2558 4434 2706 4489 enim
2744 4434 2894 4488 senis
2927 4433 3120 4505 utique
3157 4435 3409 4492 misereri
3442 4427 3605 4509 puta-

2005 4542 2152 4591 mus,
2177 4526 2223 4581 si
2261 4527 2441 4581 solum
2475 4525 2527 4579 ei
2561 4539 2763 4579 nomen
2804 4524 3197 4596 reliquerimus
3229 4543 3244 4591 ;
3290 4527 3386 4582 sed
3427 4530 3606 4584 multo

2007 4619 2207 4674 melius
2228 4629 2350 4674 erat
2382 4617 2529 4672 aliud
2559 4631 2779 4689 quoque
2798 4616 3171 4672 considerare.
3202 4618 3345 4674 Dicit
3370 4621 3520 4675 enim
3546 4639 3606 4676 se

304 4712 411 4778 τὴν
437 4709 631 4776 κλῆσιν
657 4706 892 4776 άφὲντες
912 4721 927 4735 ⁸
967 4705 1165 4777 μακρῷ
1193 4706 1252 4759 δὲ
1279 4700 1348 4778 ἦν
1389 4706 1615 4776 ἄμεινον
1649 4708 1889 4777 ὲννοῆσω

2008 4725 2162 4766 suam
2185 4709 2408 4781 quidem
2444 4724 2606 4780 posse
2631 4723 2852 4764 causam
2882 4708 3139 4780 probare,
3173 4719 3230 4764 at
3271 4709 3612 4772 defensionis

305 4800 405 4852 καὶ
432 4798 496 4852 τὸ
515 4799 725 4869 ἓτερον.
773 4795 977 4853 Φάσκει
1003 4796 1111 4867 γὰρ
1138 4796 1199 4849 οὐ
1220 4794 1485 4849 δύνασθαι
1517 4797 1615 4866 μὲν
1636 4799 1900 4866 συστῆναι

306 4893 379 4959 τῇ
414 4890 596 4960 οἰκείᾳ
620 4886 889 4958 ὑπολήψει
913 4902 927 4917 ⁸
957 4887 1020 4942 οὐ
1047 4886 1234 4940 λαϐεῖν
1265 4888 1322 4941 δὲ
1346 4887 1538 4960 καιρὸν
1577 4890 1900 4958 ἀπολογίας,

305 4983 437 5037 οὔτε
478 4982 586 5053 μὴν
626 4979 893 5052 ἀκρόασιν
942 4979 1091 5050 αὐτῷ
1129 4981 1465 5051 προτεθῆναι
1495 4983 1812 5055 κανονικήν.
1842 4984 1904 5037 Εί

306 5075 358 5129 δ’
391 5074 638 5142 ἐγεγόνει
687 5089 740 5125 τι
780 5069 1045 5131 τοιοῦτον,
1087 5071 1226 5142 αὑτὴ
1279 5073 1386 5126 τῶν
1418 5073 1830 5144 ὑπομνημάτων
1871 5077 1904 5148 ἡ

313 5167 578 5228 σύστασις
599 5163 882 5236 διήλεγξεν
906 5162 973 5215 ἂν
988 5163 1151 5218 αὑτὸν
1171 5164 1418 5235 ἦὰλόντα
1438 5166 1549 5228 τοῖς
1561 5165 1904 5236 αἰτιάμασιν,

309 5260 350 5329 ἢ
376 5259 562 5330 ῐνοχον
585 5253 1050 5325 ἀτοοπεφασμινον
1081 5256 1178 5309 καὶ
1202 5256 1354 5310 οὐδὲν
1391 5257 1586 5328 ἔχοντα
1612 5256 1799 5310 λοιπὸν
1831 5259 1908 5310 εί-

311 5354 443 5407 ιεῐν
474 5353 551 5417 ὡς
595 5349 952 5420 ἠδικημένον,
996 5349 1167 5422 ἧγουν
1210 5348 1498 5421 ἓλεὺθερον
1536 5349 1862 5421 ἀποφήνασα
1891 5391 1905 5412 ,

310 5443 483 5501 πάλιν
513 5440 686 5498 ἐδίδου
730 5441 793 5495 τὸ
824 5441 1157 5512 προεστάναι
1188 5434 1288 5511 τῆς
1328 5440 1692 5513 ἐκκλησίας,
1733 5441 1769 5512 ἢ
1812 5443 1909 5496 καὶ

311 5537 426 5594 ὖπὺ
446 5537 603 5607 χεῖρα
637 5534 830 5603 γέγονε
870 5534 970 5603 τὴν
1013 5532 1197 5587 αὑτοῦ.
1232 5532 1463 5597 0'56sz-
1487 5532 1546 5588 δι
1589 5535 1911 5607 πεπραγμί-

2011 4810 2232 4873 tempus
2253 4801 2360 4857 sibi
2385 4816 2498 4857 non
2533 4815 2657 4856 esse
2679 4800 2869 4856 datum
2896 4841 2912 4866 ,
2937 4815 3042 4856 nec
3072 4800 3413 4856 auditionem
3439 4818 3610 4859 cano-

2011 4893 2198 4948 nicam
2238 4891 2346 4946 sibi
2393 4891 2563 4947 fuisse
2602 4905 2941 4947 concessam.
2976 4890 3076 4947 Sin
3117 4902 3303 4948 autem
3339 4892 3448 4948 tale
3473 4894 3608 4965 quid

2013 4983 2220 5040 factum
2269 4991 2438 5048 esset,
2472 4984 2591 5056 ipsa
2629 4992 2877 5040 actorum
2919 4984 3215 5054 productio
3260 5002 3390 5042 eum
3417 4989 3612 5044 convi-

2013 5078 2184 5133 cisset
2213 5093 2370 5133 reum
2412 5076 2795 5148 impositorum
2827 5076 2930 5147 ipsi
2968 5077 3264 5132 criminum
3288 5120 3302 5142 ,
3331 5094 3436 5135 nec
3467 5091 3616 5136 esset

2017 5170 2166 5240 quod
2216 5184 2275 5225 se
2326 5169 2528 5240 injuria
2579 5167 2842 5225 allectum
2902 5179 3273 5239 quereretur;
3325 5171 3409 5227 vel
3461 5181 3615 5226 certe

2017 5259 2330 5315 absolutum
2356 5275 2484 5316 eum
2510 5259 2820 5324 declarans,
2835 5275 3030 5316 rursus
3048 5260 3380 5317 concederet
3404 5269 3620 5333 utprae-

2016 5358 2164 5408 esset
2209 5351 2471 5409 Ecclesia!
2507 5366 2631 5425 qua
2663 5353 2744 5409 illi
2786 5353 3034 5426 subjecta
3075 5353 3199 5410 fuit.
3249 5355 3400 5426 Cum,
3431 5367 3617 5414 autem

2016 5443 2157 5500 nihil
2190 5443 2398 5502 factum
2428 5447 2502 5502 sit
2535 5444 2809 5518 ejusmodi
2835 5485 2850 5510 ,
2881 5443 2951 5500 de
2980 5461 3042 5502 re
3077 5445 3305 5519 quidem
3344 5448 3452 5505 alta
3483 5462 3619 5504 voco

2017 5535 2294 5606 queritur,
2310 5541 2368 5592 et
2383 5534 2792 5592 intolerabilem
2805 5534 3067 5608 iniuriam
3085 5548 3146 5592 se
3159 5535 3295 5593 dicit
3312 5537 3618 5609 accepisse,

1375 5689 1551 5745 Variae
1587 5690 1855 5746 lectiones
1889 5690 2100 5747 codicis
2136 5690 2500 5763 Seguleriani.

389 5797 421 5840 1
454 5787 655 5840 αίτίαν.
736 5795 758 5824 τ
787 5784 1024 5856 πρῶτον.
1104 5793 1126 5822 ⁸
1154 5782 1314 5840 εἶναι.

568 5879 842 5941 Ριτιιοι.
887 5879 1000 5938 Gn.
1045 5879 1329 5940 LXXVII.

3225 5877 3298 5945 Ii
