4126 6314
597 334 718 390 ωε

1301 320 1324 342 ²
1645 335 1701 390 S.
1733 335 2007 392 CYRILLI
2048 338 2512 399 ALEXANDRINI
2552 343 2866 400 AllCllliiP.

3764 349 3870 407 564

611 459 670 504 et
690 449 1134 519 imque-ejectum
1159 462 1302 512 esse,
1333 446 1600 519 adjiciens
1634 465 1748 506 rem
1783 465 2003 508 omnem
2038 453 2194 509 fami—

2297 474 2387 512 vou
2416 459 2680 524 τοιοὺτου,
2715 459 2963 530 καταϐοᾷ
2993 476 3086 513 του
3133 477 3454 532 πραγματος
3477 504 3491 524 ,
3521 481 3614 518 και
3653 468 3872 521 ἀδικίαν

611 541 805 596 liarem
826 556 981 596 suam
1003 529 1312 611 ademptam
1334 541 1439 596 sibi
1471 541 1658 598 fuisse.

681 827 798 881 Tua
821 829 1002 898 itaque
1031 829 1315 891 sanctitas,
1347 829 1704 885 considerans
1725 841 1784 886 et
1810 833 1958 902 quod
1984 832 2187 888 divinis

608 922 912 974 canonibus
939 921 1208 974 sancitum
1234 931 1338 985 est,
1365 931 1421 976 et
1457 922 1601 997 quod
1627 923 1885 980 Ecclesize
1909 927 2184 989 convenit,

611 1013 787 1082 iisque
815 1011 907 1082 qui
948 1020 1077 1065 sunt
1125 1011 1180 1066 in
1221 1027 1378 1067 sacro
1418 1013 1734 1069 ministerio
1759 1015 1981 1079 initiati,
2005 1028 2180 1074 etno-

607 1113 842 1156 strarum
866 1111 1124 1171 pnetcrea
1157 1103 1461 1157 litterarum
1485 1105 1756 1160 rationem
1773 1107 2002 1171 ducens,
2029 1110 2184 1164 sistat

607 1193 757 1247 senis
789 1192 1095 1262 lacrymas;
1127 1203 1184 1246 et
1223 1193 1269 1246 si
1313 1195 1443 1247 velit
1467 1195 1692 1263 quidem
1725 1213 1850 1250 eum
1883 1199 1950 1252 iis
1977 1199 2184 1268 judicio

604 1281 933 1336 contendere
953 1282 1047 1350 qui
1069 1283 1301 1336 erimina
1325 1284 1380 1336 in
1403 1299 1530 1338 eum
1563 1285 1871 1350 intendunt,
1897 1287 2042 1356 apud
2065 1304 2189 1342 san-

605 1375 847 1428 ctitatem
883 1382 1032 1426 tuam
1083 1390 1184 1443 pro
1220 1389 1372 1430 more
1411 1376 1622 1446 litiget,
1659 1394 1764 1431 una
1795 1379 2004 1466 scilicet
2045 1381 2184 1434 assi-

603 1465 877 1519 stentibus
905 1465 1000 1534 qui
1033 1465 1131 1518 tibi
1165 1465 1400 1519 subsunt
1431 1468 1735 1538 episcopis,
1766 1465 1872 1523 nisi
1909 1472 2049 1524 forte
2081 1473 2180 1524 ali-

601 1569 742 1624 quos
770 1563 1067 1608 recusatut
1105 1565 1405 1622 suspectos.
1443 1556 1665 1608 Nullum
1702 1559 1852 1611 enim
1885 1557 2185 1628 religiosis-

2296 550 2568 622 ἀφόρητον
2591 550 2890 622 ὑποστῆναί
2917 569 3074 623 φησι.
3094 555 3186 604 καὶ
3207 553 3462 625 ἀθέσμως
3487 557 3868 628 ἐκῦεσλῆσθαι,

2296 644 2662 712 προσεπάγων
2708 645 2794 696 δτι
2846 645 2944 698 καὶ
2970 645 3195 715 ἡρπάγη
3243 646 3427 698 πάντα
3471 647 3540 700 τὰ
3595 649 3872 720 προσόντα

2294 734 2443 804 αὐτῷ
2469 737 2747 804 χρήματα.

2378 827 2442 880 'll
2465 829 2532 898 σὴ
2551 827 2838 899 τοιγαροῦν
2850 828 3086 898 ὁσιότης,
3105 827 3356 882 ἐννοοῦσα
3367 829 3464 883 καὶ
3482 830 3544 884 τὸ
3562 833 3675 895 τοῖς
3702 834 3869 896 θείοις

2294 919 2486 971 κανόσι
2512 919 2722 984 δοκοῦν,
2751 921 2845 972 καὶ
2870 919 2932 972 τὸ
2961 919 3171 989 πρέπον
3199 923 3266 992 τῇ
3313 920 3606 993 Ἐκκλησία
3639 925 3732 977 καὶ
3757 927 3872 987 τοῖς

2291 1014 2649 1080 τεταγμένοις
2677 1015 2758 1077 είς
2795 1012 2946 1084 ίερέιν
2968 1013 3310 1084 λειτουργίαν
3337 1029 3351 1044 ο
3383 1014 3462 1067 ἔτι
3490 1032 3548 1067 τε
3579 1017 3716 1087 πρὸς
3745 1016 3871 1070 τού-

2288 1117 2424 1163 τοις,
2461 1103 2556 1155 καὶ
2594 1104 2665 1155 τά
2714 1106 2845 1173 παρ’
2899 1103 3056 1172 ἡμῶν
3101 1103 3486 1174 δυσωπηθεὴα
3530 1107 3867 1176 γράμματα,

2293 1195 2547 1261 στησάτω
2594 1192 2686 1244 τοῦ
2735 1193 3048 1264 πρεσϐύτου
3105 1194 3167 1245 τὸ
3218 1193 3472 1266 δάκρυον.
3520 1197 3628 1248 Καὶ
3667 1199 3715 1249 εί
3770 1198 3871 1268 μὲν

2291 1283 2466 1336 ἕλοιτο
2507 1285 2836 1338 δικάσασθαι
2895 1287 3031 1356 προς
3065 1289 3187 1351 τοὺς
3228 1289 3536 1354 ἐπάγοντας
3567 1288 3716 1359 αὑτῷ
3769 1291 3875 1354 τὰς

2290 1376 2492 1439 αἰτίας,
2517 1377 2822 1439 δικαζέσθω
2848 1379 2989 1430 κατὰ
3011 1379 3069 1430 τὸ
3085 1379 3273 1441 εἰωθὸς
3293 1381 3386 1431 ἐπὶ
3408 1380 3506 1450 τῆς
3533 1379 3871 1442 θεοσεϐείας·

2291 1467 2690 1537 συμπαρόντων
2743 1468 2988 1538 δηλονότι
3032 1470 3140 1522 τῶν
3197 1470 3302 1522 ὑπὸ
3333 1470 3432 1539 τὴν
3488 1470 3658 1538 αὐτῆς
3708 1474 3874 1543 χεῖρὰ.

2290 1560 2724 1615 θεοσεόεστάτων
2760 1563 3080 1614 ἐπισκόπων
3105 1577 3118 1591 ·
3148 1563 3305 1625 ἐκτὸς
3336 1565 3385 1615 εἰ
3426 1563 3502 1634 μὴ
3547 1563 3874 1634 παραιτσίτό

602 1648 866 1700 simorum
889 1648 1268 1716 episcoporum
1289 1645 1342 1697 in
1363 1645 1584 1701 fratrem
1609 1648 1831 1704 inimico
1853 1656 2181 1705 esse-animo

2284 1670 2435 1714 τινας
2462 1655 2536 1716 ὡς
2567 1654 2862 1717 ὑπόπτους.
2897 1654 3102 1707 Οὐδένα
3131 1656 3229 1724 μὲν
3252 1654 3360 1726 γάρ
3385 1654 3871 1709 τῶν·θεοσε6εστά-

591 1737 900 1792 credimus.
946 1737 1024 1791 Ne
1063 1743 1247 1789 autem
1281 1735 1370 1790 hic
1399 1747 1699 1806 praetextus
1737 1741 1986 1795 futurum
2022 1742 2091 1798 de
2114 1759 2182 1797 eo

589 1828 864 1899 judicium
898 1829 1192 1895 dissolvat,
1220 1841 1279 1886 ut
1309 1848 1417 1886 non
1450 1834 1575 1902 jure
1606 1832 2180 1890 factum-cssevidea—

600 1931 710 1985 tur,
735 1936 842 1975 non
872 1937 1032 1990 grave
1061 1932 1147 1976 est
1171 1937 1202 1975 a
1232 1938 1493 1978 consessu
1516 1924 1708 1979 abesse
1729 1940 1921 1982 eorum
1973 1929 2066 1999 qui
2091 1945 2180 1982 su-

597 2013 769 2083 specti
798 2021 928 2067 sunt
949 2014 1182 2083 aliquos.

663 2205 960 2260 Pecuniam
982 2216 1164 2260 autem
1184 2222 1304 2276 qua:
1329 2223 1426 2276 per
1454 2208 1708 2278 iujuriam
1732 2209 1834 2280 ipsi
1858 2221 2048 2282 erepta
2071 2222 2174 2273 est,

593 2304 799 2374 duplici
824 2307 1045 2359 nomine
1074 2308 1124 2359 ei
1150 2305 1300 2358 reddi
1321 2321 1536 2375 aequum
1557 2314 1661 2359 est.
1689 2303 2173 2373 Primumquidem

591 2396 740 2465 quod
764 2411 863 2450 nec
887 2398 991 2450 tale
1011 2397 1140 2466 quid
1171 2398 1396 2450 omnino
1425 2397 1538 2451 fieri
1569 2395 1859 2466 oportebat
1888 2414 1899 2448 :
1929 2395 2086 2464 211
2119 2407 2176 2449 et

571 2487 737 2556 quod
789 2488 942 2541 valde
987 2488 1128 2541 male
1184 2487 1350 2541 habet
1397 2502 1704 2558 magnaque
1747 2487 1977 2541 tristitia
2010 2487 2176 2540 allicit

587 2578 966 2634 sanctissimos
1006 2580 1296 2648 episc0pos
1343 2579 1436 2647 qui
1465 2589 1595 2632 sunt
1623 2578 1827 2648 ubique
1864 2587 2170 2639 terrarum,

587 2669 736 2739 quod
791 2680 1110 2739 sumptuum
1155 2670 1248 2738 qui
1305 2668 1412 2722 illis
1444 2669 1706 2723 eveniunt
1748 2667 2173 2738 dispensationis

588 2762 732 2815 ratio
765 2761 835 2814 ab
867 2761 949 2815 eis
975 2761 1224 2832 exigatur
1243 2803 1256 2825 ,
1289 2761 1404 2815 sive
1433 2777 1499 2815 ex
1529 2760 1918 2816 ecclesiasticis
1945 2760 2174 2815 redditi-

587 2851 715 2912 bus,
758 2850 872 2904 sive
909 2867 975 2903 ex
1002 2849 1183 2904 fructu
1216 2851 1436 2905 aliunde
1462 2860 1741 2920 percepto.
1783 2849 2170 2920 Unusquisque

586 2944 731 2997 enim
778 2952 1027 2997 nostrum
1087 2943 1242 2998 dabit
1301 2959 1528 2997 suorum
1577 2943 1847 2996 malorum
1897 2943 2167 2998 rationem

2285 1763 2392 1798 των
2437 1747 2753 1799 ἐπισκόπων
2801 1746 2972 1816 ἐχθρά
3002 1749 3218 1816 φρονεῖν
3263 1748 3476 1818 ἀδελφῷ
3515 1747 3866 1818 πιστεύομεν.

2286 1838 2406 1891 ’Ἰνα
2447 1838 2503 1890 δὲ
2548 1839 2623 1909 μὴ
2664 1839 2935 1908 πρόφασις
2975 1839 3113 1908 αὕτη
3164 1838 3424 1908 γένηται,
3455 1841 3554 1910 τὴν
3593 1841 3870 1911 ἐσομένην

2284 1931 2370 1980 ἐπ’
2419 1929 2567 1999 αὐτῷ
2607 1930 2787 1999 κρίσιν
2829 1931 3208 2000 παραλύουσα,
3245 1932 3383 2001 πρὸς
3420 1933 3482 1984 τὸ
3525 1932 3600 2002 μὴ
3629 1933 3684 1983 ὲν
3735 1930 3869 2001 δίκῃ

2285 2021 2614 2089 πεποιῆσθαι
2646 2021 2844 2084 δοκεῖν,
2885 2024 3038 2076 οὐδέν
3064 2024 3182 2076 ἐστι
3207 2024 3269 2076 τὺ
3291 2022 3494 2076 λυποῦν
3523 2025 3742 2077 ἀπεῖναι
3768 2024 3869 2077 τοῦ

2283 2115 2562 2184 συνεδρίου
2593 2113 2702 2167 τῶν
2731 2115 2788 2166 ἐν
2816 2114 3022 2186 ὑποψία
3047 2115 3222 2178 τίνάς.

2352 2206 2434 2257 Τά
2459 2205 2515 2258 δὲ
2543 2206 2746 2269 ἀδίκως
2766 2205 3040 2276 ληφθέντα
3059 2209 3191 2279 παρ’
3221 2206 3387 2262 αὑτοῦ
3415 2208 3692 2278 χρήματα.
3727 2209 3870 2263 ἀνα-

2277 2297 2498 2365 δοθῆναι
2531 2298 2742 2352 δίκαιον
2772 2301 2914 2354 κατά
2955 2301 3050 2354 δύο
3091 2301 3346 2371 τρόπους.
3383 2301 3609 2373 Πρῶτον
3640 2301 3737 2367 μὶν
3772 2301 3868 2355 ὅτι

2277 2390 2397 2442 οὐδὲ
2428 2393 2595 2461 ἐχρῆν
2623 2393 2759 2454 ὅλως
2794 2394 3049 2461 γενέσθαι
3079 2412 3131 2447 τι
3163 2392 3400 2447 τοιοῦτον
3425 2410 3438 2424 '
3473 2395 3566 2446 καὶ
3597 2396 3678 2448 ὄτι
3698 2393 3872 2446 λυπεῖ

2279 2483 2482 2552 σφόδρα
2539 2485 2634 2538 καὶ
2684 2488 2764 2546 εἰς
2809 2486 3044 2555 ἐσχάτην
3091 2485 3323 2554 ἀκηδίαν
3379 2485 3679 2556 καταφέρει
3727 2486 3870 2550 τοὺς

2277 2576 2623 2645 ἁπανταχόσε
2645 2577 2746 2645 γῆς
2773 2576 2934 2640 ὄντας
2955 2577 3409 2640 θεοσεῦεστάτους
3431 2577 3492 2628 τὸ
3511 2575 3870 2630 ἀπαιτεῖσθαι

2277 2665 2467 2741 λόγους
2509 2667 2607 2736 τῆς
2645 2667 2960 2737 οἰκονομίας
3008 2666 3121 2719 τῶν
3167 2667 3630 2737 παραπιπτὸντων
3671 2666 3868 2730 αὐτοῖς

2274 2757 2672 2826 ἀναλωμάτων,
2695 2760 2814 2811 εἴτε
2841 2759 2905 2812 ἐκ
2935 2758 3215 2829 προσόδων
3240 2759 3726 2827 ἐκκλησιαστικῶν,
3753 2759 3866 2814 εἴτ’

2274 2842 2366 2900 οὖν
2394 2851 2486 2900 καὶ
2520 2848 2637 2922 ἀπὸ,
2673 2848 2773 2914 τῆς
2805 2863 2969 2899 τινων
3001 2848 3402 2919 καρποφορίας.
3443 2849 3713 2910 Ἕκαστος
3743 2848 3865 2919 γὰρ

2275 2939 2306 3004 ἡ
2315 2937 2432 3006 μῶν
2449 2936 2558 2988 τῶν
2577 2937 2723 2990 ἰδίων
2743 2937 2926 2990 κακῶν
2951 2938 3113 2990 δώσει
3143 2939 3299 3005 λόγον
3322 2939 3400 3008 τῷ
3432 2940 3648 2992 πάντων
3668 2941 3857 3011 κριτῇ.

584 3034 828 3086 onmium
856 3033 1047 3103 judici.
1084 3034 1233 3087 Vasti
1251 3033 1396 3087 enim
1434 3032 1673 3102 pretiosa
1699 3043 1757 3086 et
1791 3035 2168 3103 possessiones
2196 3020 2210 3069 ⁴

2277 3027 2552 3098 Κειμὴλια
2595 3030 2694 3098 μὲν
2726 3028 2832 3098 γάρ
2863 3030 2960 3080 καὶ
3001 3032 3221 3100 κτήσεις
3253 3031 3544 3101 ἀκινήτους
3571 3034 3690 3095 ταῖς
3737 3031 3867 3111 ᾞκ·

583 3127 894 3181 immobiles
928 3135 1147 3195 oportet
1188 3127 1393 3179 servari
1432 3125 1732 3189 Ecclesiis;
1764 3126 2040 3195 episcopis
2073 3143 2166 3178 au-

587 3230 695 3273 tem
727 3219 817 3287 qui
853 3225 982 3272 tune
1011 3218 1274 3286 temporis
1315 3218 1562 3270 divinum
1593 3217 1962 3272 sacerdotium
1992 3217 2167 3271 admi-

583 3313 843 3371 nistrant,
867 3310 1223 3365 incidentium
1251 3319 1571 3380 sumptuum
1594 3309 2058 3380 dispensationem
2081 3325 2165 3364 se-

581 3421 716 3459 cure
755 3403 926 3456 credi.

654 3494 1098 3549 Reuuuliationis
1119 3501 1301 3546 autem
1336 3493 1550 3548 libellos
1582 3510 1691 3548 non
1717 3509 1815 3547 sua
1857 3493 2160 3555 voluntate,

581 3586 675 3638 sed
705 3585 869 3637 veluti
906 3585 956 3637 vi
996 3599 1059 3636 ae
1095 3591 1266 3646 metu,
1292 3591 1348 3637 et
1379 3584 1687 3652 aliquorum
1717 3583 1882 3637 minis
1902 3598 1959 3638 sc
1990 3582 2162 3636 trudi-

576 3677 727 3731 disse
766 3675 917 3732 dicit.
948 3676 1072 3730 ‘Jam
1117 3690 1248 3728 vero
1280 3675 1386 3728 alia
1417 3690 1637 3744 quoque
1673 3691 1762 3728 res
1783 3684 1888 3739 est,
1921 3689 2042 3744 qua:
2073 3691 2164 3728 cc-

583 3767 898 3822 elesiastica:
926 3764 1310 3819 consuetudini
1354 3780 1463 3818 non
1503 3764 1709 3833 placet,
1749 3763 1947 3817 oll‘errc
1987 3778 2164 3818 sacer-

583 3858 737 3914 dotes
785 3858 998 3927 aliquos
1026 3857 1456 3912 renuntiationis
1501 3855 1740 3911 libellos.
1778 3856 1914 3909 Nam
1945 3856 1991 3909 si
2033 3865 2161 3911 sunt

575 3951 728 4021 digni
765 3950 859 4020 qui
895 3965 1051 4004 sacra
1095 3949 1353 4020 mysteria
1389 3948 1593 4003 obeant
1621 3987 1636 4010 ,
1670 3948 1725 4002 in
1757 3948 1824 4002 iis
1862 3955 2158 4014 maneant;

574 4040 667 4094 sin.
687 4049 876 4094 autem
905 4039 1136 4110 indigni,
1161 4055 1264 4094 nec
1300 4055 1397 4109 per
1430 4038 1901 4093 renuntiationan
1931 4037 2158 4109 quulem

573 4133 937 4196 exeant,.sed
973 4131 1160 4204 potius
1197 4144 1425 4202 propter
1479 4141 1631 4203 gesta
1667 4132 2057 4198 condemnati,
2089 4132 2159 4188 de

575 4223 778 4292 quibus
795 4211 1084 4295 quisquam
1107 4231 1442 4294 conquestus
1457 4222 1616 4279 fuerit
1639 4224 1718 4278 uti
1742 4239 1773 4278 a
1795 4233 1948 4279 recto
1963 4223 2158 4280 ordine

575 4313 980 4370 abcrrantibus.
1008 4314 1194 4370 Saluta
1218 4313 1622 4369 fraternitatem
1649 4330 1773 4385 qua:
1797 4313 1945 4386 apud
1976 4323 2029 4370 te
2047 4323 2153 4381 est;

571 4416 699 4470 qua:
721 4410 825 4458 est.
848 4400 992 4472 apud
1022 4418 1145 4468 nos,
1178 4410 1232 4457 te
1263 4402 1319 4457 in
1348 4403 1581 4459 Domino
1612 4405 1836 4460 salutat.

2276 3120 2527 3190 κλησίαις
2584 3120 2856 3184 σώζεσθαι
2885 3123 3038 3192 χρή·
3095 3122 3415 3193 θαρσεῖσθαι
3453 3123 3511 3176 δὲ
3556 3126 3669 3186 τοῖς
3708 3124 3864 3180 κατὰ

2274 3215 2464 3283 καιρὸν
2493 3213 2591 3284 τὴν
2637 3213 2788 3266 θείαν
2820 3215 3099 3268 διέπουσιν
3139 3215 3439 3287 ἱερωσύνην
3468 3217 3577 3272 τῶν
3605 3222 3865 3290 turparu-

2272 3307 2514 3362 πτόντων
2550 3306 2926 3377 ἀναλωμάτων
2947 3308 3048 3378 τὴν
3074 3307 3385 3378 οἰκονομίαν
3408 3347 3422 3362 .

2342 3483 2481 3547 Τοὺς
2506 3483 2562 3536 δὲ.
2596 3484 2696 3553 τῆς
2732 3474 3114 3555 παραιτήσεως
3155 3484 3430 3549 λιϐἐλλους
3455 3485 3518 3537 οὐ
3551 3485 3692 3538 κατά
3727 3501 3861 3555 προ-

2272 3574 2482 3645 αἰρεσιν
2519 3576 2744 3638 οἰκείαν,
2780 3575 2896 3628 ἀλλ’
2932 3578 3009 3639 ὼς
3039 3577 3097 3641 ἐξ
3139 3577 3384 3647 ἀνάγκης
3423 3578 3517 3629 καὶ
3549 3578 3714 3646 φόϐου
3754 3578 3862 3632 καὶ

2269 3668 2368 3736 τῆς
2414 3683 2578 3718 τινων
2627 3666 2859 3736 ἀπειλῆς
2906 3667 3185 3721 ἐπιδοῦναί
3224 3685 3376 3738 φησι.
3417 3669 3528 3722 Καὶ
3575 3670 3759 3741 ἕτερον
3789 3669 3858 3724 δὲ

2270 3758 2504 3829 πρᾶγμά
2557 3759 2704 3810 ἐστιν
2757 3757 2880 3812 οὔτε
2919 3760 3030 3824 τοῖς
3077 3760 3175 3830 τῆς
3238 3761 3564 3829 Ἑκκλησίας
3614 3763 3858 3834 ἀρέσκον

2270 3847 2488 3918 θεσμοῖς
2516 3887 2532 3912 ,
2559 3848 2619 3900 τὸ
2645 3847 2920 3911 λιϐέλλους
2947 3851 3335 3920 παραιτήσεων
3365 3852 3666 3921 προσάγειν
3697 3852 3858 3916 τινὰς

2266 3937 2376 3990 τῶν
2412 3938 2731 4008 ίερουργῶν.
2772 3939 2834 3992 Εἰ
2867 3941 2973 4008 γάρ
3007 3943 3145 3994 εἰσιν
3186 3941 3327 4006 ἄξιοι
3352 3941 3449 3995 τοῦ
3488 3944 3854 4016 λειτουργεῖν.

2267 4029 2509 4083 ἔστωσαν
2551 4032 2608 4083 ὲν
2651 4030 2861 4101 τούτῳο
2901 4033 2950 4084 εί
2981 4033 3027 4086 δ’
3057 4032 3286 4098 ἀνάξιοι,
3322 4035 3400 4106 μὴ
3437 4035 3547 4089 ἀπὸ
3573 4037 3853 4108 παραιτή-

2270 4138 2407 4184 σεως
2437 4121 2721 4186 ἑξὶτωσαν,
2776 4125 3224 4193 κατεγνωσμένοι
3265 4125 3322 4178 δὲ
3352 4125 3556 4196 μᾶλλον
3586 4125 3679 4179 ἐπὶ
3704 4129 3855 4194 πρά.-

2266 4229 2491 4282 γμασιν,
2516 4205 2592 4267 ὧν
2618 4214 2683 4267 ἄν
2721 4230 2805 4277 τις
2856 4214 3058 4285 πολλὴν
3098 4216 3383 4287 ποιήσαιτο
3411 4216 3511 4288 τὴν
3548 4217 3850 4289 καταϐοὴν,

2265 4305 2340 4368 ὼς
2370 4301 2475 4369 ἔξω
2501 4306 2803 4375 τρεχόντων
2839 4306 3020 4376 πάσης
3049 4307 3394 4371 ἀκολουθίας.
3426 4305 3698 4380 η’ρόσειπε
3745 4309 3853 4382 τὴν

2190 4373 2232 4424 υ
2263 4399 2415 4468 παρά
2441 4399 2524 4451 σοὶ
2541 4373 2917 4470 ἀδελφότηταο
2952 4373 3010 4456 ξε
3041 4403 3074 4472 ἡ
3105 4402 3205 4456 σὺν
3229 4402 3360 4474 ἡμῖν
3380 4404 3439 4457 ιν
3459 4373 3646 4476 ιξυρίῳ
3676 4373 3850 4477 προσ-

2264 4489 2542 4558 αγορεύει.
3325 4519 3335 4527 ·

1767 4822 2104 4880 EPISTULA
2143 4823 2360 4878 LXXIX
2401 4823 2496 4894 (οι.
2537 4821 2674 4892 LX).

1383 4998 1594 5038 ενκιιω
1632 5000 1696 5038 ΑΙ)
1736 4997 2019 5038 εινιδεοῐιοε
2051 5000 2138 5046 QUI
2169 5000 2302 5039 SI'NT
2336 4999 2386 5038 ΙΝ
2428 5000 2575 5039 ιηιςλ
2605 5001 2675 5040 ET
2713 4997 3023 5039 PENTM‘OIJ.

1668 5149 1743 5202 De
1773 5151 2042 5205 mcum-his
2075 5151 2129 5204 in
2161 5147 2418 5203 Thebaide
2438 5148 2762 5220 degentibus.

638 5304 946 5376 Cujuslibet
976 5305 1075 5371 rei,
1121 5322 1245 5378 quae
1273 5308 1340 5363 ad
1369 5312 1708 5381 populorum
1733 5313 2151 5371 aedificationem

569 5398 724 5456 utilis
751 5409 855 5463 est,
887 5407 943 5454 et
963 5401 1294 5468 necessaria,
1323 5413 1380 5457 et
1403 5404 1472 5459 ad
1510 5415 1822 5476 sanctarum
1847 5408 2014 5464 etiam
2043 5409 2148 5464 Ec-

567 5489 867 5557 clesiarum
921 5490 1381 5550 existimationem
1427 5497 1677 5563 confert,
1726 5515 1858 5555 cura
1911 5501 2147 5571 gerenda

566 5586 670 5632 est.
703 5576 980 5649 Scriptum
1017 5589 1103 5636 est
1132 5584 1279 5638 enim
1311 5603 1323 5638 :
1364 5604 1382 5637 ι
1420 5586 1652 5643 Sanetos
1693 5588 1857 5645 facite
1903 5591 2044 5647 filios
2071 5593 2149 5648 ls-

566 5666 677 5720 rael
709 5667 746 5719 ¹.
781 5685 798 5718 ι
841 5669 1030 5724 Patres
1068 5670 1249 5742 itaque
1281 5679 1736 5733 monasteriorum
1774 5697 1898 5750 queo
1932 5694 2062 5738 sunt
2091 5685 2144 5738 in

638 5783 653 5812 ¹
698 5782 860 5837 Iosue
887 5800 980 5844 vn,
1015 5783 1098 5839 15.

2336 5313 2548 5382 Παντὸς
2574 5312 2673 5368 τοῦ
2701 5313 2977 5386 χρησίμου
3005 5317 3102 5370 καὶ
3131 5315 3434 5386 ἀναγκαίου
3467 5323 3831 5393 πρὸς-οἰκοδο-

2260 5407 2368 5477 μὴν
2401 5407 2513 5461 τῶν
2563 5407 2734 5474 λαῶν,
2768 5406 3055 5473 τελοῦντος
3099 5408 3158 5463 δὲ
3187 5412 3283 5467 καὶ
3325 5414 3405 5477 είς
3431 5414 3700 5487 ὑπόληψιν
3731 5420 3849 5474 τῶν

2255 5503 2432 5572 ἁγίων
2479 5502 2846 5573 Ἐκκλησιῶν,
2875 5504 3136 5574 φροντίδα
3166 5508 3436 5562 ποιεῖσθαι
3470 5513 3599 5582 χρή.
3636 5511 3846 5585 Γέγραο

2255 5613 2386 5649 πται
2407 5595 2540 5668 γὰρ,
2560 5596 2644 5650 ὅτι
2673 5613 2691 5648 ι
2720 5594 2984 5661 Εὑλαϐεῖς
3002 5601 3204 5652 ποιεῖτε
3223 5601 3349 5667 τοὺς
3369 5602 3519 5666 υἱοὺς
3551 5604 3790 5676 Ἰσραήλ.
3819 5628 3836 5660 ι

2251 5688 2647 5759 Μοναστηρίων
2672 5687 2852 5743 τοίνυν
2882 5689 3125 5763 Πατέρες
3155 5692 3264 5746 τῶν
3299 5697 3440 5749 κατά
3465 5695 3564 5769 τὴν
3588 5697 3845 5770 Θηϐαίων
