4126 6314
278 390 394 446 365

1641 384 1979 444 EPISTOLA
2018 382 2229 440 LXXX.

3457 367 3562 427 366

289 506 582 576 ἐπαρχίαν,
602 506 794 579 ἄνδρες
814 506 1061 569 εὐλαϐεῖς
1094 509 1187 559 καὶ
1215 507 1317 559 οὐκ
1342 505 1697 575 ἀθαύμαστον
1726 505 1865 575 ἑκον-

1979 502 2370 557 Thebanorum
2410 496 2693 569 provincia
2717 537 2731 560 ,
2764 494 2868 551 viri
2894 493 2970 565 pii
3001 507 3064 549 ac
3094 491 3291 555 sancti,
3324 504 3389 545 ac
3428 489 3565 543 satis

283 617 377 662 τες
398 600 702 663 πολιτείαν,
732 598 977 663 ἐλθόντες
1005 601 1063 652 ὲν
1094 598 1497 669 Ἀλεξανδρείᾳ,
1528 596 1876 667 ἐρωτώμενοι

281 690 421 758 παρ’
450 689 585 759 ἐμοῦ
616 692 718 760 τὴν
738 691 1077 744 κατάστασιν
1099 690 1209 743 τῶν
1234 690 1433 744 αὐτόσε
1472 688 1873 759 μοναστηρίων,

279 777 593 849 ἑδῖδασκον,
627 781 713 835 δτι
746 780 1190 845 σκανδαλίζονται
1216 780 1405 835 πολλοὶ
1438 780 1529 834 διὰ
1552 783 1653 849 τὴν
1690 772 1877 832 τοιαύ-

277 890 384 943 την
413 871 620 928 αἰτίαν,
1824 924 1827 927 .

355 962 576 1017 Νεωστὶ
599 964 987 1037 γεγαμηκότες
1018 964 1166 1029 τινὶς
1198 965 1292 1018 καὶ
1315 959 1431 1018 οἷον
1457 963 1518 1029 ἐξ
1546 962 1732 1018 αὐτῶν
1773 981 1876 1018 κα-

275 1057 557 1121 ταϐάντες
598 1057 712 1111 τῶν
743 1058 1074 1129 νυμφὼνων,
1127 1057 1542 1128 συναρπάζουσὶ
1574 1074 1729 1121 τινας
1759 1056 1873 1111 τῶν

272 1148 717 1217 θεοφιλεστάτων
750 1149 1089 1211 ἐπισκόπων,
1125 1151 1220 1203 καὶ
1246 1148 1463 1211 οὐδενὸς
1493 1148 1636 1218 τάχα
1665 1164 1768 1201 που
1805 1148 1876 1199 τὰ

274 1239 403 1292 κατ’
438 1240 639 1300 αὐτοὺς
686 1237 1185 1307 καταγγέλλοντος,
1219 1234 1655 1309 χειροτόνούνται
1684 1236 1876 1307 κληρι-

274 1332 390 1394 ml,
428 1332 599 1400 ἧγουν
631 1328 1017 1401 πρεσϐύτεροι.
1056 1330 1278 1399 Ἕτεροι
1322 1328 1383 1383 δέ
1412 1347 1559 1392 τινες
1598 1330 1657 1396 ἑξ
1691 1328 1874 1383 αὐτῶν

273 1420 387 1473 τῶν
430 1420 819 1491 μοναστηρίων
870 1421 947 1484 ὡς
982 1420 1211 1473 ἄτακτοι
1243 1419 1665 1489 ἐκϐαλλόμενοι,
1706 1418 1873 1472 πάλιν

271 1510 647 1581 ὑποτρέχουσι
670 1512 769 1574 τάς
790 1511 1139 1581 χειροτονίας,
1172 1511 1266 1563 καὶ
1286 1512 1569 1581 γενόμενοι
1594 1511 1869 1581 κληρικοὶ,

269 1603 625 1671 εἰσέρχονται
670 1601 767 1655 καὶ
808 1604 867 1654 ὲν
917 1601 1101 1664 αὐτοῖς
1154 1602 1268 1664 τοῖς
1322 1602 1708 1671 μοναστηρξοις
1747 1600 1871 1654 ὅθεν

270 1692 661 1762 ἐκϐέϐληνται,
688 1693 785 1745 καὶ
812 1691 1093 1761 βούλονται
1119 1694 1474 1763 προσφέρειν,
1503 1693 1599 1745 καὶ
1614 1693 1718 1746 ὅσα
1739 1693 1872 1763 κλη-

267 1786 453 1852 ρικοῖς
485 1784 610 1846 ἔθος
637 1782 913 1854 πληροῦν,
958 1784 1049 1836 καὶ
1075 1782 1250 1838 ταῦτα
1274 1784 1407 1855 δρᾷν
1429 1824 1444 1847 ,
1484 1783 1562 1848 ὡς
1590 1784 1686 1838 καί
1715 1800 1869 1849 τινας

1977 593 2361 651 admirabilem
2388 591 2527 660 vita:
2556 589 2792 647 formam
2828 596 2887 644 et
2916 584 3321 642 institutionem
3354 580 3564 636 haben-

1977 698 2096 753 tes,
2128 703 2255 742 cum
2285 682 2673 742 Alexandriam
2700 680 3005 744 venissent,
3046 693 3078 733 a
3102 692 3191 732 me
3238 671 3562 744 interrogati

1975 778 2046 833 de
2068 777 2533 834 monasteriorum
2562 789 2685 844 qua:
2715 771 2829 827 illic
2854 779 2986 825 sunt
3011 764 3431 829 constitutione,
3460 761 3563 817 do-

1975 878 2212 925 cuerunt
2237 868 2439 922 multos
2469 864 2675 921 oil‘endi
2705 870 2930 934 propter
2957 861 3100 916 hanc
3140 873 3382 914 causam.

2047 961 2284 1029 Quidam
2321 960 2417 1031 qui
2453 972 2655 1013 uxores
2691 964 2945 1014 recenter
2973 952 3275 1015 duxerunt,
3301 957 3446 1005 ctex
3476 962 3564 1020 ip-

1974 1055 2053 1111 sis
2087 1054 2262 1109 veluti
2294 1052 2548 1108 thalamis
2577 1049 2809 1123 egressi,
2856 1048 3073 1119 aliquos
3097 1063 3165 1103 ex
3195 1042 3569 1101 sanctissimis

1973 1142 2249 1214 episcopis
2264 1141 2619 1212 arripiunt,et
2632 1140 2786 1195 nullo
2804 1138 2873 1194 de
2888 1138 2971 1193 eis
2986 1138 3175 1208 utique
3191 1134 3565 1199 renuntiante,

1976 1234 2312 1289 ordinantur
2342 1232 2528 1287 clerici
2559 1247 2659 1287 seu
2685 1230 3014 1303 presbyteri.
3051 1222 3239 1300 Aliqui
3265 1233 3451 1281 autem
3471 1224 3564 1279 alii

1973 1342 2043 1382 ex
2076 1326 2215 1397 ipsis
2266 1325 2654 1389 monasteriis,
2698 1332 2761 1378 ut
2794 1320 3110 1377 immodesti
3151 1316 3566 1386 insolentesque

1972 1418 2161 1489 ejecti,
2191 1432 2388 1471 rursus
2419 1415 2795 1471 ordinationes
2820 1424 3075 1487 captant;
3109 1420 3166 1467 et
3194 1411 3324 1468 facti
3354 1407 3564 1470 clerici,

1975 1509 2031 1563 in
2064 1523 2130 1562 ea
2162 1509 2277 1577 ipsa
2302 1505 2635 1559 monasteria
2663 1503 3051 1575 ingrediuntur
3078 1518 3147 1556 ex
3172 1500 3381 1572 quibus
3404 1498 3565 1569 eiecti

1974 1606 2127 1664 sunt,
2162 1609 2221 1653 et
2245 1600 2440 1653 volunt
2457 1597 2795 1652 oblationem
2836 1611 2997 1667 agere
3018 1603 3075 1650 et
3106 1608 3171 1649 ea
3192 1594 3356 1665 212
3379 1590 3567 1646 omnia

1978 1691 2157 1745 facere
2194 1706 2318 1760 qua:
2346 1706 2466 1745 mos
2492 1698 2580 1745 est
2606 1689 2847 1754 clericis,
2877 1694 2938 1741 ut
2962 1686 3131 1741 etiam
3164 1684 3336 1755 aliqui
3364 1700 3559 1739 eorum

1974 1782 2069 1851 qui
2102 1783 2252 1851 ipsos
2279 1791 2504 1846 norunt,
2534 1797 2763 1854 synaxes
2790 1774 3060 1843 devitent,
3081 1789 3137 1833 et
3156 1776 3567 1832 communicare

266 1873 380 1925 τῶν
413 1874 635 1927 εἰδότων
665 1875 863 1957 αὐτοὺς
890 1876 1277 1946 παραιτεῖσθαι
1312 1879 1408 1928 καὶ
1443 1877 1544 1939 τὰς
1579 1877 1831 1942 συνάξεις
1851 1918 1865 1942 ,

1976 1879 2032 1931 in
2071 1877 2320 1931 animum
2346 1892 2458 1931 non
2486 1877 2752 1932 inducant
2774 1876 2886 1931 illis
2915 1871 3385 1929 ministrantibus.

270 1967 370 2017 καὶ
403 1966 480 2034 μὴ
513 1966 803 2034 ἀνέχεσθαι
827 1968 1105 2019 κοινωνεῖν
1132 1966 1594 2034 λειτουργούντων
1615 1968 1865 2021 ἐκείνων.

357 2057 580 2128 Ἐπειδὴ
602 2058 784 2111 τοίνυν
806 2060 942 2129 πρὸς
960 2059 1277 2131 οἰκοδομὴν,
1303 2059 1379 2123 ὡς
1399 2059 1557 2131 ἔφην,
1579 2059 1691 2111 τῶν
1720 2059 1867 2113 λαῶν

268 2151 454 2201 πάντα
483 2150 597 2220 χρὴ
617 2150 955 2221 πράττεσθαι
978 2150 1108 2220 παρ’
1128 2151 1309 2221 ἡμῶν,
1337 2150 1671 2222 ὲπιτηρείτω
1691 2150 1869 2205 ταῦτα
1887 2172 1895 2179 ο

266 2243 304 2311 ἡ
334 2242 623 2295 θεοσέϐεια
654 2242 810 2312 ὐμῶν
830 2259 845 2270 ⁸
895 2243 990 2296 καὶ
1023 2244 1071 2295 εἰ
1112 2242 1295 2312 μέλλει
1324 2260 1410 2306 τις
1440 2240 1867 2312 χειροτονεῖσθαι

266 2330 557 2401 κληρικὸς,
599 2332 1055 2402 περιεργαζέσΘω
1084 2332 1175 2385 τὸν
1210 2332 1325 2403 βίον
1353 2332 1543 2394 αὐτοῦ.
1577 2333 1672 2386 καὶ
1702 2334 1861 2386 πότε-

262 2423 367 2491 ρόν
395 2438 529 2474 ποτε
566 2425 815 2495 γαμετὴν
842 2424 955 2493 ἔχει
983 2425 1014 2495 ἢ
1040 2424 1124 2487 οὐ,
1167 2426 1259 2479 καὶ
1284 2426 1403 2489 πῶς
1439 2425 1536 2479 καὶ
1570 2426 1700 2478 πότε
1722 2426 1866 2495 ἠγά-

265 2530 424 2578 γετο.
461 2516 560 2567 καὶ
581 2519 631 2568 εἰ
662 2517 737 2585 μή
766 2516 850 2579 τίς
878 2520 993 2570 ἐστι
1022 2518 1133 2570 τῶν
1165 2517 1610 2587 ἐκϐαλλομένων,
1656 2518 1688 2589 ἢ
1730 2517 1865 2589 παρ’

264 2609 460 2679 ἑτέρου
493 2607 918 2661 θεοσεϐεστάτου
945 2611 1271 2673 ἐπισκόπου,
1300 2610 1333 2681 ἢ
1367 2611 1431 2663 ἐκ
1470 2610 1862 2681 μοναστηρίου,

265 2699 364 2751 καὶ
414 2698 538 2751 τότε
585 2699 1000 2769 χειροτονείτω,
1040 2700 1363 2771 ἀδιάϐλητον
1394 2699 1709 2771 εὑρεθέντα.
1755 2701 1864 2770 Τη-

206 2800 213 2805 ’
268 2793 520 2861 ρήσομεν
546 2791 659 2861 γάρ
688 2790 831 2845 οὕτω
859 2792 951 2845 καὶ
976 2792 1037 2844 τὸ
1071 2793 1282 2846 ἑαυτῶν
1322 2793 1560 2856 συνειδὸς
1594 2792 1861 2863 καθαρὸν.

268 2885 368 2934 καλ⁵
410 2881 740 2952 ἀδιάϐλητον
784 2882 886 2953 τὴν
918 2884 1070 2953 ἱεράν
1111 2884 1209 2937 καὶ
1242 2885 1445 2955 σεπτὴν
1496 2884 1860 2952 λειτουργίαν.

278 2972 412 3026 ἐὰν
457 2971 516 3026 δὲ
550 2973 832 3044 χωρισμὸν
868 2974 1207 3044 ὐπομείνωσί
1249 2992 1396 3039 τινες
1444 2975 1863 3046 ὲπιτιμηθὲντες

265 3066 634 3136 πταισμάτων
660 3068 843 3131 ἕνεκα.
872 3065 991 3121 εἷτα
1024 3067 1262 3138 μέλλωσι
1295 3068 1556 3139 τελευτᾷν
1590 3068 1865 3139 κατηχού-

267 3175 429 3229 μενοι
452 3160 626 3224 ὄντες,
660 3158 1132 3229 βαπιζέσθωσαν,
1162 3162 1258 3216 καὶ
1289 3162 1364 3232 μὴ
1405 3161 1863 3233 άποδημείτωσαν

2046 2058 2321 2126 Quoniam
2345 2071 2479 2129 ergo
2509 2054 2580 2112 ad
2607 2051 3053 2117 aedificationem,
3078 2062 3141 2107 ut
3164 2051 3299 2118 dixi,
3328 2050 3564 2132 pOpulo-

1974 2167 2121 2215 rum,
2153 2149 2339 2205 omnia
2366 2165 2399 2204 a
2423 2147 2588 2203 nobis
2624 2146 2874 2201 facienda
2907 2154 3073 2211 sunt,
3102 2145 3221 2201 haec
3247 2153 3431 2200 vestra
3466 2143 3568 2199 ohe

1975 2250 2160 2297 servet
2187 2241 2394 2313 pietas;
2425 2249 2485 2295 et
2507 2239 2553 2294 si
2580 2246 2665 2294 est
2690 2237 2915 2308 quidem
2942 2236 3043 2292 0rd
3058 2237 3112 2291 in
3124 2235 3565 2300 andusclericus,

1974 2334 2043 2390 de
2069 2334 2184 2389 vita
2210 2335 2333 2404 ejus
2360 2332 2627 2403 inquirat,
2650 2340 2708 2387 et
2736 2347 2805 2385 an
2830 2346 3057 2386 uxorem
3079 2330 3301 2393 habeat,
3331 2345 3403 2383 an
3431 2344 3565 2392 non,

1972 2439 2030 2484 et
2053 2442 2297 2499 quonam
2335 2426 2501 2481 modo
2528 2425 2704 2490 duxit,
2746 2434 2803 2479 et
2833 2424 3139 2489 abstinuit,
3174 2433 3231 2478 et
3264 2424 3311 2477 si
3339 2439 3451 2477 non
3481 2432 3570 2479 est

1972 2521 2174 2592 aliquis
2202 2536 2273 2575 ex
2304 2519 2372 2573 iis
2405 2519 2501 2588 qui
2527 2517 2687 2589 ejecti
2716 2527 2845 2571 sunt
2874 2533 2905 2572 a
2933 2517 3283 2574 sanctissimo
3305 2517 3569 2587 episcopo

1972 2612 2060 2667 vel
2083 2627 2151 2666 ex
2180 2609 2516 2665 monasterio
2543 2626 2557 2662 :
2583 2617 2716 2662 tunc
2740 2607 2787 2662 si
2816 2608 3128 2677 inculpatus
3156 2607 3415 2663 inventus
3441 2607 3564 2661 fue-

1974 2704 2067 2763 rit.
2093 2703 2331 2757 ordinet.
2374 2702 2453 2759 lta
2486 2701 2636 2756 enim
2671 2710 2729 2757 et
2760 2711 3006 2759 nostram
3040 2701 3436 2759 conscientiam
3458 2717 3565 2771 pu-

1972 2810 2089 2849 ram
2124 2794 2601 2854 conservahimus,
2641 2804 2700 2848 et
2737 2793 3078 2867 inculpatum
3122 2809 3342 2849 sacrum
3370 2808 3435 2847 ac
3472 2808 3568 2847 ve-

1972 2888 2218 2943 nerabile
2239 2886 2585 2957 mysterium.
2606 2884 2701 2940 Sin
2719 2895 2905 2944 autem
2934 2886 3370 2957 segregationem
3393 2884 3567 2955 aliqui

1971 2979 2341 3036 sustinuerint
2369 2987 2598 3050 pr0pter
2623 2980 2812 3053 lapsus
2837 2980 3039 3054 puniti,
3068 2980 3271 3036 deinde
3308 2981 3419 3036 sint
3442 2996 3565 3035 mo-

1972 3072 2136 3128 rituri
2164 3070 2493 3128 cxsistentes
2515 3070 2920 3137 catechumcni,
2937 3071 3306 3147 haptizentur,
3325 3082 3382 3128 et
3408 3088 3477 3127 ne
3493 3072 3568 3128 ah

1974 3163 2235 3219 humanis
2268 3162 2546 3218 excedant
2593 3163 2789 3233 gratia:
2833 3179 2943 3221 non
2984 3164 3281 3235 participes
3306 3204 3321 3231 ,
3349 3163 3569 3221 scilicet

262 3250 381 3303 τῶν
409 3251 770 3322 ἀνθρωπίνων
810 3255 1068 3325 άμέτοχοι
1096 3257 1194 3326 τῆς
1240 3231 1486 3325 χάριτος,
1517 3231 1685 3326 ἤγουν
1706 3256 1859 3309 ἀκοι-

1970 3257 2359 3312 communione
2403 3231 2677 3311 carentes.
2721 3254 2957 3311 Videtur
2986 3231 3148 3310 enim
3184 3231 3293 3311 hoc
3340 3271 3567 3327 quoque

264 3345 523 3415 νὼνητοι.
554 3347 717 3398 Δοκεῖ
743 3348 852 3417 γάρ
878 3348 1169 3420 προσέχειν
1195 3347 1292 3401 καὶ
1316 3346 1478 3401 τοῦτο
1491 3350 1606 3411 τοῖς
1628 3347 1869 3419 τῆςἚκ-

264 3439 506 3507 κλησίας
542 3437 789 3507 θεσμοῖς.
828 3439 1173 3509 Προσείπατε
1220 3440 1319 3510 τὴν
1358 3440 1493 3511 παρ’
1532 3440 1663 3509 ὐμῐν
1708 3439 1865 3494 ἁδελ-

262 3534 483 3603 φότητα
507 3549 520 3559 ·
560 3532 706 3601 ὑμᾶς
734 3533 768 3603 ἡ
816 3532 913 3587 συν
943 3533 1075 3603 ἡμῖν
1127 3533 1185 3585 ὲν
1216 3531 1409 3603 Κυρίῳ
1441 3532 1868 3605 προσαγορεύει.

1966 3349 2226 3405 Ecclesia:
2254 3348 2644 3405 consuetudini
2683 3348 2986 3405 adhaerere.
3008 3348 3256 3404 Salutate
3286 3364 3409 3403 eam
3441 3364 3567 3420 quin

1966 3450 2052 3498 est
2080 3442 2227 3512 apud
2270 3457 2370 3496 vos
2400 3440 2802 3499 fraternitatem
2839 3456 3005 3515 ;qua:
3026 3441 3318 3502 nobiscum
3341 3450 3427 3497 est
3465 3457 3567 3497 vos

1970 3532 2025 3587 in
2062 3533 2296 3587 Domino
2329 3532 2555 3591 salutat.

1632 3850 1969 3909 EPISTOLA
2011 3853 2199 3908 LXXX
2213 3895 2225 3907 .

1595 3999 1659 4038 AD
1696 4000 1932 4041 οντιιιωι
1961 4000 2251 4041 EPISCOPUI
2261 4025 2275 4037 .

882 4087 887 4091 ’
912 4112 975 4173 In
1009 4111 1108 4167 illa
1137 4115 1295 4169 verba
1320 4131 1338 4170 :
1366 4136 1384 4168 ι
1417 4115 1598 4172 Omnis
1620 4120 1712 4189 qui
1737 4121 1984 4177 occiderit
2019 4120 2175 4186 Cain,
2205 4118 2506 4191 septuplum
2530 4118 2781 4189 punietur
2804 4113 2903 4188 (l).
2940 4133 2957 4166 ι

340 4250 453 4304 Καὶ
485 4250 665 4314 ἄλλως
692 4249 871 4321 ,ἡδέως
894 4251 1037 4322 ὁρῶν
1066 4252 1194 4315 τοὺς
1222 4253 1465 4321 ἀγαθοὺς
1505 4256 1703 4320 παῖδας
1723 4298 1740 4322 ,
1771 4256 1862 4311 διά

264 4360 333 4396 τε
361 4343 423 4396 τὸ
446 4343 588 4413 ὑπὲρ
618 4342 718 4414 τὴν
745 4342 963 4413 ἠλικίαν
984 4342 1095 4396 τῶν
1122 4343 1271 4413 ἡθῶν
1309 4346 1570 4411 εὐπαθὲς
1594 4388 1611 4415 ,
1640 4349 1737 4403 καὶ
1771 4349 1862 4404 διὰ

267 4436 335 4488 τὸ
354 4436 492 4507 πρὸς
511 4435 613 4506 τὴν
640 4435 739 4506 σὴν
756 4434 1048 4489 εὐλάϐειαν
1061 4436 1284 4503 οἰκεῖον,
1305 4437 1401 4507 ἀφ’
1429 4432 1491 4493 οὐ
1515 4456 1568 4492 τι
1596 4440 1691 4493 καὶ
1715 4440 1860 4512 μέγα
1894 4481 1897 4485 -

271 4528 583 4599 προσῶκᾷν
628 4528 778 4581 ἐστιν
802 4528 890 4580 ἐπ’
920 4528 1127 4592 αὐτοῖς.
1172 4529 1391 4602 Ἐπειδὴ
1425 4531 1565 4601 μετὰ
1591 4532 1861 4603 γραμμά-

266 4637 382 4672 των
414 4619 522 4672 σῶν
550 4615 692 4673 εἶδον
723 4619 922 4683 αὐτοὺς
970 4618 1299 4692 προσιόντας
1340 4639 1432 4692 μοι
1457 4664 1472 4689 ,
1499 4622 1860 4677 ὲδιπλασίασα

268 4713 334 4766 τῆ
365 4714 453 4766 ἐπ’
485 4713 669 4776 αὐτοῖς
696 4713 947 4793 φίλτρονέθ
969 4714 1102 4767 Ὅτε
1138 4713 1197 4767 δὲ
1240 4715 1483 4784 ἀνέγνων
1514 4717 1614 4787 τὴν
1640 4718 1861 4771 ὲπιστο·

268 4804 395 4874 λὴν,
429 4808 522 4858 καὶ
545 4804 653 4858 ἴδον
687 4806 744 4858 ὲν
770 4794 909 4877 αὐτῇ
937 4805 1073 4876 ὁμοῦ
1108 4806 1209 4876 μὲν
1243 4806 1306 4860 τὸ
1337 4809 1468 4879 περὶ
1497 4809 1596 4872 τὰς
1631 4810 1860 4879 Ἐκκλη-

271 4893 398 4958 cia;
428 4896 789 4967 προνοητικὴν
828 4896 931 4968 τῆς
955 4897 1271 4963 διαθέσεως,
1323 4900 1460 4969 ὁμοῦ
1500 4899 1558 4953 δὲ
1593 4903 1726 4973 περὶ
1758 4904 1859 4974 τὴν

270 4987 585 5054 ἀνάγνωσιν
604 4987 713 5041 τῶν
734 4985 895 5043 θείων
916 4989 1151 5061 Γραφῶν
1170 4989 1451 5061 ἐπιμελὲς,
1477 4993 1862 5064 ηὐχαρίστησα

267 5077 350 5146 τῷ
378 5080 592 5151 Κυρίῳ.
635 5080 732 5134 καὶ
756 5079 1081 5155 ἐπηυξάμην
1109 5082 1178 5137 τὰ
1206 5080 1387 5150 ἀγαθά
1414 5086 1523 5148 τοῖς
1545 5086 1613 5138 τά
1636 5085 1863 5140 τοιαῦτα

269 5169 406 5238 ἡμῖν
447 5169 803 5242 διακομίσασι
836 5173 1144 5245 γράμματα
1163 5213 1179 5239 ,
1214 5173 1311 5227 καὶ
1339 5174 1447 5245 πρό
1476 5193 1541 5244 γε
1571 5178 1756 5232 αὐτῶν
1784 5179 1862 5251 τῷ

268 5261 548 5331 γράψαντι
564 5264 717 5334 ἡμῖν.
738 5264 1114 5336 Ἐπεζητησας
1127 5264 1189 5318 τὸ
1206 5265 1645 5339 πολυθρύλλητον
1660 5272 1859 5337 ἐκεῖνο,

266 5352 367 5404 καὶ
391 5352 547 5423 παρὰ
568 5355 737 5410 πᾶσιν
765 5355 879 5411 ἄνω
907 5356 1001 5409 καὶ
1030 5356 1179 5411 κάτω
1206 5357 1639 5430 περιφερόμενον
1672 5362 1857 5433 ῥητὸν,

263 5444 392 5496 τίνα
423 5443 524 5516 τὴν
551 5443 710 5500 λύσιν
752 5445 865 5517 ἔχει
897 5448 977 5512 τὸ.
1024 5468 1043 5501 ι
1091 5451 1150 5504 '0
1188 5454 1299 5516 πᾶς
1325 5452 1652 5515 ἀποκτείνας
1690 5454 1850 5519 Καῖν,

264 5534 413 5587 ἑπτά
449 5536 813 5607 ὲκδ.κούμενα
843 5539 1183 5611 παραλύσεις
1233 5563 1252 5595 ι
1278 5544 1379 5597 Διά
1409 5542 1468 5600 δὲ
1495 5543 1689 5601 τούτου
1716 5545 1855 5611 τέως

341 5674 361 5702 ‘
389 5671 528 5725 Gen.
561 5690 633 5735 tv,
670 5676 755 5732 15.

2041 4258 2109 4312 Et
2149 4256 2460 4327 pmsertim
2502 4264 2690 4326 gratus
2723 4250 3009 4307 mihi’l‘uit
3046 4261 3302 4322 aspectus
3356 4252 3562 4311 libero-

1972 4367 2094 4407 rum
2143 4351 2439 4414 bonorum,
2470 4363 2598 4403 cum
2629 4356 2856 4418 propter
2884 4361 3102 4401 morum
3147 4361 3315 4415 supra
3339 4355 3559 4405 aetatem

1968 4443 2321 4513 elegantiam,
2364 4451 2479 4495 tum
2502 4449 2729 4511 propter
2751 4438 3219 4493 necessitudinem
3244 4454 3409 4509 quam
3455 4441 3558 4495 ha-

1968 4533 2103 4589 bent
2135 4550 2263 4589 cum
2291 4543 2381 4588 tua
2409 4532 2633 4602 pietate,
2674 4546 2743 4585 ex
2762 4545 2871 4600 qua
2897 4529 3117 4584 nonnisi
3141 4529 3402 4585 eximium
3422 4532 3556 4602 quid

1969 4627 2041 4681 ab
2066 4627 2177 4681 illis
2209 4624 2546 4696 Sperandum
2578 4631 2683 4678 est.
2721 4621 3016 4691 Postquam
3042 4636 3167 4675 cum
3206 4621 3407 4677 litteris
3447 4622 3555 4678 tuis

1967 4717 2092 4773 illos
2112 4717 2181 4772 ad
2208 4733 2296 4771 me
2318 4716 2585 4771 adeuntes
2605 4713 2742 4778 vidi,
2766 4711 3040 4784 geminavi
3057 4728 3185 4783 erga
3205 4713 3329 4767 illos
3350 4715 3557 4769 amoris

1968 4811 2246 4867 allectum.
2272 4811 2463 4874 Porro,
2497 4823 2623 4863 cum
2653 4808 2865 4862 litteras
2886 4815 3007 4860 tuas
3037 4806 3412 4876 perlegissem,
3454 4807 3554 4862 de-

1968 4904 2501 4975 prehendissemque
2551 4901 2606 4955 in
2648 4900 2757 4954 illis
2788 4908 2845 4954 et
2886 4907 3036 4952 tuam
3071 4914 3201 4968 erga
3250 4898 3552 4952 Ecclesiam

1968 4994 2373 5067 providentiam
2406 5008 2471 5048 ac
2498 5007 2687 5047 curam
2708 5032 2722 5055 ,
2748 4998 2805 5045 et
2832 4990 3077 5045 studium
3114 5004 3394 5043 sacrarum
3434 4988 3553 5042 Lit-

1962 5097 2207 5143 terarum
2231 5104 2246 5153 ;
2266 5084 2491 5141 meritas
2512 5085 2625 5139 Deo
2645 5083 2887 5154 persolvi
2905 5082 3132 5153 gratias,
3153 5080 3390 5149 vovique
3410 5080 3552 5135 bona

1960 5178 2298 5249 sempiterna
2341 5178 2408 5231 iis
2433 5175 2528 5246 qui
2554 5174 2691 5228 mihi
2728 5173 2866 5227 tales
2894 5174 3109 5227 litteras
3146 5180 3548 5241 porrexerunt,

1960 5280 2127 5341 atque
2167 5269 2439 5340 imprimis
2489 5266 2592 5341 ipsi
2641 5267 2957 5321 litterarum
3002 5264 3250 5327 auctori.
3296 5262 3549 5329 Qumsisti

1959 5361 2089 5434 quid
2126 5361 2194 5417 ad
2235 5361 2369 5419 illud
2399 5359 2646 5415 omnium
2698 5374 2793 5412 ore
2832 5358 3099 5428 iactatum
3146 5357 3356 5413 dictum
3405 5365 3553 5427 esset

1963 5453 2433 5525 respondendum,
2462 5450 2808 5521 quomodove
2836 5450 3275 5521 intelligendum,
3313 5469 3331 5500 ι
3360 5448 3555 5504 Omnis

1962 5547 2058 5620 qui
2094 5542 2363 5603 occiderit
2394 5542 2554 5606 Cain,
2582 5541 2898 5616 septuplum
2938 5541 3201 5613 punietur
3226 5542 3285 5593 ’ἲ
3321 5560 3338 5589 ι
3372 5541 3553 5612 Atque

338 5817 419 5889 (Ι)
466 5819 543 5876 Fx
579 5818 858 5874 Chronico
904 5818 1148 5874 Pascliali
1185 5834 1283 5874 seu
1324 5820 1713 5888 Alexandrino,
1760 5820 1851 5878 ed.
1895 5821 2037 5879 Lud.
2075 5820 2363 5886 Dindorlli,
2393 5820 2596 5877 Bonna:
2630 5820 2787 5887 {852,
2814 5820 2960 5876 iii-8.
3004 5820 3161 5876 Tom.
3190 5820 3229 5883 1,
3264 5837 3316 5890 p.
3364 5819 3484 5876 ίίὲθ.
