4098 6344
280 388 418 447 “8i

1667 395 2194 456 COLLECTANEA.

3440 407 3576 466 H89

272 508 361 570 είς
392 504 668 576 Δίγυτι-τον
698 503 834 561 λαοῦ
872 507 1067 580 πρώτη
1096 507 1276 580 φορὰ,
1322 508 1693 565 άπεδυσπέτει
1740 512 1855 584 πρὸ

1984 518 2203 588 primus
2246 525 2431 574 motus
2469 531 2613 590 agre
2647 517 2862 574 ferebat
2897 518 3246 574 servitutem.
3273 518 3453 591 Capra
3475 538 3546 577 au

272 598 663 670 τὴνδουλιίαν.
709 599 774 653 Ἠ
815 600 862 654 δ’
895 598 988 668 αἲξ
1033 602 1265 674 δευτέρα
1311 603 1580 675 ληφθεῖσα
1621 606 1722 674 τὴν
1752 606 1874 658 δευ-

266 689 442 761 τέραν
481 691 676 759 γενεὰν
724 691 988 763 ᾐνίττετο.
1048 695 1264 767 Ὠσπερ
1316 694 1427 766 γὰρ
1474 697 1507 766 ή
1557 695 1648 760 αἲξ
1681 696 1872 767 ὀλίγην

269 780 506 854 παρέχει
529 785 643 848 τοῖς
663 784 951 849 δεσπόταις
987 786 1271 858 πρόσοδον,
1300 785 1444 840 οὕτω
1467 788 1561 841 καὶ
1582 790 1616 859 ἡ
1637 789 1872 860 δευτέρα

268 872 437 941 γενεὰ
462 873 652 945 ὀλίγην
684 875 949 946 ἀπένειμε
979 875 1226 930 δουλείαν
1265 880 1380 942 τοῖς
1423 879 1766 947 Αἰγυπτίοις.
1809 880 1870 932 '0

266 961 331 1016 δὲ
385 963 543 1036 κριὸς
593 964 781 1034 τρίτος
859 965 1094 1036 ληφθεὶς
1151 967 1252 1038 τὴν
1301 967 1497 1039 τρίτην
1555 971 1868 1040 προεμήνυε

266 1058 485 1126 γενεάν.
520 1058 735 1130 Ὠσπερ
762 1057 873 1132 γὰρ
904 1056 1059 1124 οὗτος
1105 1061 1331 1114 πλείονα
1357 1061 1543 1115 δίδωσι
1579 1062 1864 1132 πρόσοδον,

264 1149 415 1204 οὕτω
440 1151 534 1203 καὶ
565 1150 703 1223 αὕτη
731 1151 952 1207 πλείονα
975 1151 1164 1206 δοῦλον
1191 1154 1492 1224 παρέσχεν.
1540 1154 1602 1207 Ἢ
1646 1155 1748 1224 μὲν
1772 1149 1867 1208 οὖν

261 1243 534 1316 διαίρεσις
560 1245 670 1299 τῶν
691 1244 858 1318 τριῶν
885 1244 1110 1315 γενεῶνο
1134 1247 1169 1317 ἡ
1195 1247 1240 1299 δ’
1268 1246 1688 1316 ἀντιπρόσωπος
1717 1245 1868 1309 θέσις

261 1336 378 1390 τῶν
422 1337 898 1410 διχοτομημάτων,
936 1337 1038 1409 τὴν
1067 1339 1354 1392 κοινωνίαν
1393 1341 1494 1410 τῆς
1540 1339 1864 1409 κακουχίας.

262 1427 383 1482 Καὶ
402 1429 437 1500 ἡ
463 1429 654 1502 πρώτη
681 1430 792 1499 γὰρ
816 1429 982 1498 γενεὰ
1032 1430 1324 1500 ἐδυσφόρει
1365 1428 1708 1498 παροικοῦσα
1742 1432 1858 1494 τοῖς

257 1517 607 1586 Αἰγυπτίοις.
641 1519 998 1593 Συνεχώρησε
1025 1520 1084 1574 δέ
1108 1522 1211 1592 τὴν
1239 1523 1299 1574 ἐν
1327 1522 1592 1592 Δίγύπτῳ
1617 1523 1865 1576 κάκωσιν

257 1613 295 1666 6
331 1611 485 1678 Θεὸς,
517 1612 606 1666 ἵνα
642 1611 922 1685 δυσχερῶν
952 1613 1226 1666 τοσούτων
1255 1612 1484 1683 ὕστερον
1517 1614 1865 1684 ἀπαλλαγέν-

257 1721 358 1768 τες
379 1745 395 1768 ,
431 1706 603 1776 γνῶσι
638 1706 902 1778 μειζόνως
946 1707 1035 1762 τὸν
1084 1705 1471 1773 ἀπαλλάξαντα
1500 1721 1517 1736 ⁶
1548 1707 1768 1780 γνωσθῇ
1805 1708 1864 1763 δὲ

260 1796 362 1850 καὶ
389 1796 553 1862 αὐτὸς
585 1798 644 1851 ἐν
676 1798 829 1873 πάσῃ
866 1799 932 1870 τῇ
959 1800 1030 1871 γῇ
1063 1797 1133 1852 δι’
1156 1791 1233 1852 ὧν
1259 1799 1438 1853 ἐποίει
1467 1801 1732 1870 σημείων.

349 2076 704 2150 ’Δσύμφωνος
728 2080 807 2152 τῷ
828 2079 936 2153 νέῳ
958 2080 1092 2152 λαῷ,
1125 2083 1155 2136 6
1182 2084 1326 2138 κατά
1357 2085 1550 2155 χρόνον
1577 2087 1858 2159 πρωτότο-

258 2187 380 2234 κος.
411 2171 584 2228 Τοῦτο
607 2176 717 2244 γὰρ
737 2175 984 2245 ᾐνίττετο
1001 2176 1071 2230 τὰ
1093 2177 1152 2230 ἐν
1173 2178 1241 2248 τῇ
1268 2177 1423 2250 νηδύϊ
1455 2179 1558 2249 τῆς
1599 2179 1858 2243 Ῥεϐέκας

255 2262 682 2334 διασκιρτῶντα,
710 2267 1210 2339 καιταρασσόμενα
1237 2267 1438 2341 βρέφη,
1469 2270 1571 2344 τὴν
1591 2270 1858 2343 ἐσομένην

256 2354 466 2426 ἔχθραν
505 2356 974 2428 ὑποσημαίνοντα.

334 2447 445 2518 Τῆς
466 2448 702 2520 πτέρνης
728 2451 822 2504 τοῦ
861 2451 1034 2507 Ἡσαῦ
1053 2454 1083 2507 ὁ
1121 2454 1321 2510 Ἰακὼϐ
1346 2457 1650 2528 ἐπείληπτο
1675 2458 1857 2513 τικτό-

257 2556 445 2608 μενος.
494 2541 717 2612 Ἐδήλου
749 2543 807 2597 δέ
833 2545 896 2598 τὸ
918 2546 1234 2617 γενόμενον,
1263 2548 1341 2613 ὡς
1360 2550 1390 2601 6
1420 2549 1551 2614 νοῦς
1577 2551 1608 2602 ό
1639 2550 1855 2620 βλέπων

252 2631 395 2684 Θεὸν
467 2632 556 2687 διὰ
617 2634 970 2709 καθαρότητα
1045 2637 1246 2710 (τοῦτο
1316 2640 1426 2713 γὰρ
1488 2642 1855 2713 ἑρμηνεύεται

269 2721 528 2795 Ἰσραὴλ)
556 2725 838 2796 πτερνίζει
862 2727 933 2782 τὰ
957 2729 1106 2800 πάθη
1130 2731 1231 2800 τῆς
1254 2733 1728 2804 γαστριμαργίας,
1759 2735 1853 2805 ἀφ’

255 2805 338 2868 ὧν
369 2817 464 2868 καὶ
494 2816 666 2871 τᾶλλα
694 2817 905 2889 ψυχικά
936 2822 1222 2892 νοσήματα
1253 2822 1553 2880 τίκτονται.

345 3001 581 3074 Ἐρίφων
627 3003 873 3075 δέρματα
926 3004 1097 3076 νεκρὰ
1141 3005 1500 3076 περιθέμενος
1542 3004 1572 3056 6
1626 2988 1850 3068 Ἰακὼϐ,

251 3093 462 3148 ἐτύπου
492 3096 731 3168 Χριστὸν
759 3098 941 3168 σάρκα
977 3097 1340 3167 περιθέμενον
1365 3097 1573 3168 νεκρὰν
1602 3097 1685 3151 ὃτι
1717 3096 1854 3168 πρὸς

251 3187 556 3261 ἁμαρτίαν,
609 3189 677 3241 δι’
721 3182 790 3259 ἦς
840 3190 943 3260 τὴν
995 3188 1272 3260 ἡμετέραν
1318 3189 1599 3260 σωτηρῗαν
1646 3189 1851 3260 βρῶσιν
1878 3234 1922 3294 c

251 3279 482 3350 ἡδίστην
505 3279 585 3352 τῷ
615 3281 796 3351 Πατρὶ
823 3282 1216 3352 προσεκόμισε,
1237 3282 1334 3336 καὶ
1355 3282 1456 3352 τὴν
1482 3283 1851 3355 ἀναφαίρετον

250 3373 529 3443 εὐλογίαν,
578 3374 657 3438 ὡς
696 3374 997 3439 ἀπόδεκτος
1042 3377 1369 3448 γενόμενος,
1403 3376 1702 3448 ἐκομίσατο
1757 3377 1853 3431 καὶ

247 3469 366 3530 τοῖς
395 3468 744 3538 Χριπιανοῖς
771 3468 1095 3538 ἐχαρίσατο.

609 3583 896 3653 Ἀλείφων
926 3586 1033 3639 τὸν
1057 3587 1235 3643 λίθον
1277 3588 1505 3644 Ἰακώϐ.

321 3697 607 3750 Δείκνυσιν
654 3699 732 3762 ὡς
782 3701 815 3770 ὴ
871 3701 1302 3772 σκληροκάρδιος
1338 3703 1488 3776 ψυχὴ
1534 3704 1645 3759 τῶν
1678 3705 1851 3761 ἐθνῶν

247 3789 608 3861 χρισθήσεται
651 3791 752 3861 μέν
779 3792 858 3864 τῷ
889 3792 1031 3864 ἁγίῳ
1060 3795 1340 3864 Πνεύματι
1361 3835 1376 3858 ,
1419 3797 1849 3870 ἀφορισθήσεται

244 3877 306 3934 δέ
343 3879 422 3951 τῷ
633 3882 883 3954 ᾘνίξατο
908 3883 967 3936 δὲ
997 3885 1089 3938 καὶ
1118 3887 1199 3939 ὅτι
1234 3887 1591 3958 χρισθήσεται
1616 3891 1682 3959 τῇ
1727 3888 1848 3942 θεό-

245 3991 373 4044 τητι
433 3977 468 4046 ὴ
511 3975 924 4048 προσληφθεῖσα
964 3976 1139 4046 σάρξο
1185 3979 1333 4044 λίθος
1381 3980 1494 4053 γὰρ
1534 3981 1562 4033 ό
1615 3981 1849 4052 Χριστὸς

245 4069 643 4138 ἀκρογωνιαῖος
667 4069 960 4124 συνάπτων
987 4070 1054 4124 δι’
1083 4072 1280 4126 ἐαυτοῦ
1309 4073 1438 4138 τοὺς
1468 4072 1564 4127 δύο
1591 4073 1771 4137 λαούς.

245 4183 361 4238 Καὶ
393 4179 523 4255 εἷπε
549 4183 760 4252 Φαραὼ
792 4185 939 4252 πρὸς
992 4185 1243 4255 Ἰωσήφο
1278 4183 1470 4242 Εἶπον
1507 4187 1633 4254 τοῖς
1666 4189 1845 4243 ἀδελ-

320 4254 460 4323 φοῖς
483 4270 625 4317 σου,
657 4258 1118 4324 Παραλαϐὼν-τες
1145 4254 1251 4311 τὸν
1281 4259 1513 4325 Πατέρα
1547 4257 1716 4327 ὑμῶν
1748 4260 1846 4312 καί

317 4324 391 4378 τὰ
425 4324 778 4393 ὑπάρχοντα
803 4327 991 4392 ὑμῶν.
1025 4328 1204 4394 ἣκετε
1233 4330 1382 4394 πρός
1407 4349 1504 4394 με,
1537 4329 1634 4384 καὶ
1671 4329 1846 4386 δώσω

317 4347 391 4378 τα
425 4347 778 4393 υπαρχοντα
803 4347 991 4392 υμων.
1025 4347 1204 4394 ntere
1233 4347 1382 4397 προς
1407 4349 1504 4398 με,

316 4394 461 4465 ὑμῖν
497 4395 744 4450 πάντων
774 4397 893 4451 τῶν
916 4397 1158 4469 ἀγαθῶν
1171 4401 1496 4469 Αίγύπτου.

329 4510 392 4565 '0
430 4510 680 4574 διάδολος
707 4512 758 4564 εί
788 4511 950 4582 μόνον
975 4510 1132 4566 λάσοι
1153 4513 1307 4576 τινάς
1337 4513 1633 4582 ὑπηκόους,
1660 4513 1846 4585 πάσης

243 4604 556 4674 φιληδονίας
593 4605 791 4668 αὐτοὺς
823 4605 1183 4677 ἐμπίπλησιν.
1223 4605 1504 4675 Αἴγυπτος
1534 4607 1633 4678 μὲν
1661 4607 1772 4678 γάρ
1804 4609 1836 4679 ὴ

241 4695 531 4765 ἁμαρτία,
571 4694 755 4763 ἀγαθά
801 4695 860 4748 δέ
904 4695 1079 4765 αὐτῆς
1128 4697 1186 4750 αί
1238 4696 1362 4750 κατ’
1401 4696 1574 4767 αὐτὴν
1629 4697 1836 4768 ἡδοναί.

237 4785 423 4842 -Ἆλλὰ
443 4788 536 4841 καὶ
557 4786 774 4858 ἀμάξας
790 4787 1008 4842 δίδωσιν
1026 4791 1105 4852 είς
1132 4788 1503 4860 μετακομιδὴν
1527 4789 1638 4842 τῶν
1665 4789 1842 4862 ι’)παρ⁴

245 4879 454 4950 χόντων
484 4880 690 4945 αὐτοῖς,
714 4877 895 4934 εὔοδον
923 4880 1092 4945 τιθεὶς
1114 4881 1215 4953 τὴν
1237 4881 1376 4952 πρὸς
1401 4882 1565 4936 αὑτὸν
1587 4882 1837 4955 πορείαν,

243 4972 343 5026 καὶ
370 4970 588 5026 ἄπονον.
621 4970 815 5043 Πατὴρ
844 4972 944 5042 μέν
961 4967 1058 5027 οῦν
1079 4971 1190 5026 τῶν
1217 4973 1615 5044 ἁλισκομένων,
1640 4977 1670 5028 ό
1689 4974 1836 5040 νοῦς.

253 5061 605 5134 ’Υπάρχοντα
635 5061 696 5117 δέ
726 5064 779 5116 oi
805 5063 1058 5136 λογισμοὶ
1091 5064 1186 5118 καὶ
1209 5066 1266 5119 at
1310 5065 1561 5137 πράξεις,
1605 5065 1842 5136 Ὁμοίως

244 5155 305 5211 δέ
344 5154 509 5211 πάλιν
535 5157 567 5210 6
599 5153 854 5231 βασιλεῦς
896 5140 1200 5228 ’Δσσυρίων
1233 5161 1349 5222 τοῖς
1377 5160 1438 5213 ἐν
1484 5157 1843 5231 Ἰερουσαλὴμ

246 5223 624 5320 ἐπηγγέλλετο
666 5223 877 5319 λέγιῦψ
922 5268 944 5304 ι
982 5223 1380 5322 Ἐκπορεύεσθε
1438 5223 1576 5322 πρός
1627 5269 1696 5323 με
1743 5223 1843 5306 κᾶι

245 5337 491 5408 φάγεσθε
535 5339 766 5404 ικαστος
784 5339 886 5412 τὴν
907 5339 1152 5411 ἄμπελον
1192 5341 1378 5404 αὐτοῦ,
1405 5342 1504 5396 καὶ
1533 5342 1636 5414 τὴν
1667 5342 1843 5412 συκῆν

245 5430 438 5498 αὑτοῦ,
453 5431 549 5488 καὶ
571 5430 760 5487 πίεσθε
781 5431 929 5504 ὕδωρ
950 5432 1046 5488 τοῦ
1067 5433 1275 5490 λάκκου
1296 5433 1474 5506 ὑμῶν.
1490 5433 1712 5506 Ἐπειδὴ
1732 5434 1843 5504 γὰρ

243 5523 424 5588 διττὸς
452 5525 482 5578 6
506 5523 713 5598 τρόπος
745 5527 848 5597 τῆς
877 5525 1157 5600 ἁμαρτίας
1176 5567 1196 5595 ,
1222 5528 1321 5582 καὶ
1363 5527 1397 5599 ἢ
1436 5527 1548 5583 τῶν
1577 5527 1842 5599 ἐμφύτων

243 5616 472 5688 ἡδονῶν,
505 5617 541 5688 ἢ
583 5615 697 5673 τῶν
737 5617 976 5691 θύραθεν
1024 5619 1330 5692 ἡττώμενοι
1381 5619 1836 5692 πλημμελοῦμεν,

320 5794 363 5825 ⁸³
382 5794 519 5847 Gen.
565 5810 648 5852 κγ,
674 5796 723 5846 ‘l.
809 5798 1010 5856 “Ibid.

249 5864 384 5932 Reg.
419 5881 568 5928 nm,
599 5865 690 5920 51.

1127 5800 1186 5833 ¹³⁶
1213 5801 1350 5856 Gen.
1381 5816 1504 5864 xxv,
1527 5799 1616 5855 ‘22.
1701 5801 1741 5832 ”
1778 5798 1916 5855 Ibid.
1943 5799 2034 5855 25.

1982 618 2092 665 tem
2114 625 2237 681 quae
2258 619 2478 680 sumpta
2517 620 2605 665 est
2624 611 2871 666 secunda
2900 612 3068 666 tacite
3092 611 3449 682 signiﬁcabat
3489 629 3579 666 sc-

1976 703 2215 760 cundam
2255 703 2671 774 generationem
2713 705 2777 757 “.
2848 701 3140 770 Quomodo
3197 703 3347 757 enim
3409 717 3580 772 capra

1977 798 2189 869 praebet
2221 797 2464 852 dominis
2492 798 2753 867 exiguum
2776 803 3128 864 proventum,
3164 795 3242 850 ita
3275 796 3444 850 etiam
3486 809 3571 849 se-

1975 890 2157 946 cunda
2190 891 2473 960 generatio
2501 889 2774 960 Egyptiis
2807 889 3063 959 exiguam
3079 888 3316 959 praebuit
3332 887 3578 942 servitu—

1976 992 2109 1038 tem.
2135 984 2295 1038 Aries
2320 992 2503 1038 autem
2529 991 2805 1052 sumptus,
2823 982 3022 1036 tertius
3053 981 3095 1013 ¹³
3114 979 3579 1050 praesigniﬁcabat

1975 1075 2199 1129 tertiam
2236 1072 2976 1146 generationem.Quomodo
3007 1071 3156 1126 enim
3177 1072 3294 1140 ipse
3317 1068 3466 1125 aries
3481 1069 3577 1124 dat

1973 1167 2242 1234 majorem
2271 1174 2624 1236 proventum,
2647 1167 2722 1220 ita
2749 1164 2917 1220 etiam
2943 1180 3008 1218 ea
3039 1164 3278 1234 prmbuit
3305 1164 3574 1233 majorem

1973 1259 2510 1328 servitutem.Atque
2529 1259 2647 1312 haec
2660 1256 2886 1327 quidem
2901 1265 2986 1311 est
3005 1255 3207 1310 divisio
3222 1254 3388 1310 trium
3404 1270 3574 1326 gene-

1972 1351 2270 1406 rationum.
2291 1351 2600 1405 Divisarum
2621 1359 2805 1404 autem
2830 1349 3071 1419 partium
3096 1362 3221 1417 qua
3241 1347 3576 1402 altrinsecus

1971 1443 2114 1497 facta
2153 1451 2238 1497 est
2271 1442 2519 1511 positura
2565 1439 2841 1511 signiﬁcat
2881 1440 3207 1494 societatem
3238 1437 3572 1492 aﬂlictionis.

1971 1537 2109 1592 Nam
2133 1545 2190 1590 et
2214 1535 2389 1604 prima
2416 1533 2704 1604 generatio
2750 1549 2895 1604 aegre
2915 1533 3127 1588 ferebat
3148 1548 3207 1588 se
3232 1548 3355 1588 esse
3385 1531 3572 1602 inqui.

1969 1630 2139 1686 linam
2198 1627 2343 1698 apud
2395 1627 2698 1698 Egyptios.
2745 1627 3006 1682 Permisit
3053 1633 3238 1680 autem
3277 1625 3426 1679 Deus
3449 1639 3572 1678 eam

1971 1721 2323 1777 aﬁlictionem
2351 1721 2405 1775 in
2435 1720 2689 1793 Egypto,
2721 1728 2803 1784 ut,
2836 1736 2868 1774 a
2896 1728 2977 1773 tot
2998 1726 3055 1773 et
3083 1717 3252 1772 tantis
3275 1715 3572 1771 difﬁculta-

1973 1815 2126 1870 tibus
2174 1824 2367 1885 postea
2404 1815 2648 1881 liberati,
2691 1814 2866 1884 magis
2909 1819 3275 1882 agnoscerent
3307 1825 3436 1865 eum
3473 1809 3570 1879 qui

1887 1879 1932 1937 Β
1965 1879 2259 1975 liberavit;
2283 1916 2714 1979 cognosceretur
2744 1879 2932 1962 autem
2947 1879 3027 1960 iet
3063 1905 3181 1975 ipse
3217 1903 3274 1957 in
3307 1903 3571 1959 universa

1967 2008 2116 2055 terra
2143 2016 2243 2070 per
2266 2016 2329 2055 ea
2357 2016 2481 2070 quae
2507 1999 2638 2054 fecit
2669 2000 2846 2069 signa.

2035 2091 2189 2145 Novo
2211 2090 2416 2160 populo
2440 2105 2548 2145 non
2571 2089 2830 2145 convenit
2851 2088 2943 2157 qui
2971 2096 3057 2142 est
3087 2086 3393 2142 Secundum
3424 2091 3568 2139 tem-

1962 2200 2067 2254 pus
2094 2183 2518 2254 primogenitus.
2545 2183 2662 2237 Hoc
2685 2182 2835 2237 enim
2863 2182 3028 2236 tacite
3055 2178 3444 2250 signiﬁcabant
3469 2177 3569 2248 qui

1963 2277 2020 2332 in
2051 2287 2213 2332 utero
2251 2277 2517 2332 Rebeccae
2561 2275 2834 2331 saliebant
2877 2282 2934 2330 et
2963 2273 3338 2328 turbabantur
3380 2271 3566 2326 infan-

1961 2380 2047 2426 tes
2083 2373 2168 2437 ¹³’,
2208 2371 2424 2426 futuras
2456 2371 2780 2425 inimicitias
2805 2368 3207 2439 signiﬁcantes.

2034 2465 2365 2521 Calcaneum
2385 2466 2530 2520 Esau
2557 2463 2930 2535 apprehendit
2951 2462 3125 2518 Jacob
3153 2476 3278 2516 cum
3311 2475 3570 2515 nascere-

1959 2561 2133 2615 tur“.
2175 2557 2334 2626 Quod
2390 2558 2594 2613 factum
2642 2565 2728 2611 est
2767 2553 2981 2618 autem,
3010 2552 3379 2624 signiﬁcabat,
3415 2549 3566 2622 quod

1958 2668 2118 2707 mens
2164 2667 2288 2721 qua!
2333 2650 2532 2720 aspicit
2579 2649 2755 2703 Deum
2806 2655 3036 2718 propter
3084 2645 3382 2716 puritatem
3437 2643 3568 2717 (hoc

1956 2741 2107 2798 enim
2134 2741 2535 2810 interpretatur
2557 2736 2751 2808 Israel)
2779 2738 3104 2807 supplantat
3141 2735 3282 2806 gulae
3311 2734 3564 2790 aﬁ‘ectio—

1957 2850 2060 2891 nes
2097 2850 2162 2890 ac
2195 2834 2329 2889 vitia
2350 2874 2364 2898 ,
2398 2850 2428 2888 a
2455 2831 2664 2901 quibus
2695 2840 3005 2886 nascuntur
3035 2829 3204 2884 etiam
3245 2829 3342 2884 alii
3380 2825 3564 2882 morbi

1955 2928 2173 2983 animae.

2030 3017 2328 3072 Haedorum
2357 3025 2540 3070 autem
2576 3015 2812 3070 mortuis
2845 3001 3090 3085 pellibus
3132 3014 3361 3070 indutus
3391 3012 3563 3068 Jacob

1960 3110 2310 3182 signiﬁcabat
2347 3110 2632 3166 Christum
2659 3125 2828 3164 carne
2860 3109 3119 3165 indutum
3142 3117 3358 3163 mortua
3377 3148 3391 3171 ,
3414 3105 3562 3177 quod

1957 3205 2157 3258 attinet
2185 3203 2253 3257 ad
2299 3211 2609 3273 peccatum,
2648 3218 2750 3272 per
2788 3218 2956 3272 quam
3007 3210 3260 3257 nostram
3291 3200 3562 3263 salutem,

1957 3295 2147 3351 cibum
2186 3295 2337 3350 Patri
2381 3295 2544 3365 longe
2590 3295 2984 3350 suavissimum
3029 3296 3234 3350 obtulit
3286 3313 3298 3347 :
3336 3304 3393 3349 et
3440 3308 3566 3364 qua!

1954 3387 2164 3444 auferri
2211 3402 2322 3442 non
2352 3393 2538 3456 potest
2581 3386 3052 3453 benedictionem,
3081 3396 3144 3442 ut
3181 3388 3276 3458 qui
3303 3394 3567 3458 acceptus

1953 3486 2124 3544 esset,
2149 3477 2297 3544 tulit,
2324 3485 2380 3533 et
2404 3475 2740 3532 Christianis
2761 3476 3012 3532 donavit.

2381 3590 2550 3645 Jacob
2583 3607 2786 3660 angens
2825 3591 3061 3662 lapidem
3080 3592 3144 3645 ".

2024 3707 2279 3764 Ostendit
2327 3707 2474 3776 quod
2511 3723 2636 3776 quae
2675 3714 2761 3762 est
2802 3707 2944 3761 duro
2987 3706 3155 3761 corde
3194 3706 3376 3761 anima
3421 3722 3558 3777 gen-

1953 3799 2117 3863 tium,
2153 3807 2393 3868 ungetur
2418 3797 2646 3867 quidem
2693 3804 2888 3852 sancto
2922 3797 3133 3867 Spiritu
3156 3839 3171 3862 ,
3213 3798 3328 3852 Deo
3370 3807 3558 3853 autem

1953 3889 2353 3962 segregabitur.
2390 3891 2581 3945 Tacite
2603 3899 2790 3945 autem
2816 3890 3147 3960 signiﬁcavit
3169 3891 3319 3961 quod
3351 3891 3560 3946 divini-

1955 3991 2064 4038 tate
2118 3991 2362 4051 ungetur
2413 3988 2700 4050 assumpta
2749 3995 2903 4034 caro.
2957 3979 3220 4036 Christus
3271 3980 3423 4035 enim
3472 3987 3560 4037 est

1951 4075 2092 4146 lapis
2116 4073 2419 4145 angularis,
2457 4072 2553 4142 qui
2578 4072 2686 4127 sibi
2711 4072 3003 4143 conjungit
3028 4072 3169 4127 duos
3194 4072 3449 4142 populos.
3508 4121 3514 4132 ,

1952 4193 2024 4244 Et
2050 4189 2186 4242 dixit
2222 4187 2436 4241 Pharao
2453 4185 2650 4256 Ioseph
2673 4202 2692 4240 :
2722 4185 2815 4239 Dic
2846 4186 3099 4252 fratribus
3123 4187 3248 4249 tuis,
3271 4185 3560 4240 Assumen-

2021 4270 2095 4314 tes
2132 4269 2338 4329 patrem
2363 4267 2594 4312 vestrum
2620 4264 2670 4309 et
2698 4257 2981 4329 facultates
3017 4266 3242 4329 vestras,
3275 4258 3447 4329 venite
3488 4258 3559 4309 ad

2023 4327 2202 4396 me,_et
2225 4330 2360 4384 dabo
2383 4329 2524 4383 vobis
2555 4345 2619 4382 ea:
2647 4327 2889 4382 omnibus
2915 4329 3062 4382 bonis
3088 4327 3384 4399 Αἲθιιριίίθ.

2019 4506 2288 4577 Diabolus
2331 4506 2377 4560 si
2417 4507 2596 4561 solum
2622 4507 2906 4577 acceperit
2948 4507 3165 4576 aliquos
3208 4506 3555 4574 obedientes,

1875 4589 1919 4644 Β
1946 4615 2045 4654 eos
2081 4600 2256 4670 replet
2309 4600 2570 4654 omnibus
2609 4600 2830 4655 deliciis
2874 4608 2933 4654 et
2987 4600 3390 4670 voluptatibus.
3417 4601 3556 4655 Nam

1943 4692 2213 4765 [Egyptus
2257 4692 2482 4764 quidem‘
2523 4702 2610 4747 est
2643 4702 2970 4763 peccatum,
3013 4694 3158 4748 bona
3208 4702 3393 4748 autem
3435 4695 3559 4762 ejus

1944 4794 2076 4842 sunt
2098 4802 2221 4856 quae
2257 4793 2388 4840 sunt
2427 4786 2484 4840 in
2518 4786 2636 4856 ipsa
2663 4786 2999 4856 voluptates.
3043 4785 3150 4841 Sed
3180 4795 3238 4841 et
3264 4786 3359 4841 dat
3397 4785 3556 4840 vehi-

1942 4878 2069 4933 cula
2093 4877 2159 4931 ad
2188 4877 2646 4949 transportandas
2679 4877 3003 4944 facultates,
3029 4878 3270 4934 reddens
3299 4878 3445 4933 viam
3485 4879 3553 4934 ad

1941 4987 2002 5027 se
2027 4970 2247 5026 facilem
2278 4978 2335 5027 et
2369 4986 2480 5026 non
2504 4971 2862 5026 laboriosam.
2893 4971 3073 5042 Atque
3102 4986 3296 5026 eorum
3329 4972 3554 5041 quidem

1939 5062 2036 5134 qui
2084 5062 2384 5133 capiuntur
2434 5071 2591 5133 pater
2636 5070 2726 5119 est
2788 5079 2968 5119 mens.
3016 5063 3333 5119 Facultates
3369 5074 3554 5119 autem

1939 5164 2072 5212 sunt
2096 5155 2464 5227 cogitationes
2507 5165 2566 5211 et
2597 5157 2870 5212 actiones.
2919 5157 3192 5212 Similiter
3219 5164 3406 5211 autem
3431 5172 3557 5212 rur-

1938 5262 2036 5304 sus
2055 5263 2280 5318 quoque
2303 5262 2399 5302 rex
2416 5246 2782 5317 Assyriorum.
2795 5246 3168 5317 promittebat
3188 5246 3258 5302 iis
3280 5247 3377 5317 qui
3395 5258 3554 5303 erant

1941 5338 2363 5412 Hierosolymis,
2391 5337 2626 5394 dicens:
2665 5358 2684 5390 ι
2727 5337 2886 5394 Exite
2911 5337 2980 5393 ad
3009 5353 3134 5404 me,
3173 5346 3233 5394 et
3278 5339 3555 5396 comedite

1947 5434 2335 5506 unusquisque
2365 5433 2538 5488 vitem
2571 5448 2752 5496 suam,
2774 5441 2833 5488 et
2865 5430 3033 5488 ﬁcum
3068 5426 3248 5497 suam,
3279 5441 3337 5488 et
3378 5433 3555 5490 bibito

1946 5542 2148 5600 aquam
2190 5526 2446 5582 cisterna:
2487 5525 2774 5581 vestrae”.
2808 5543 2826 5576 ι
2875 5524 3016 5579 Nam
3050 5524 3316 5595 quoniam
3347 5524 3554 5595 duplex

1945 5631 2034 5678 est
2062 5620 2262 5676 modus
2309 5619 2547 5690 peccati,
2602 5627 2662 5673 et
2693 5633 3012 5690 peccamus,
3066 5618 3154 5673 vel
3199 5618 3447 5689 superati
3483 5617 3556 5673 ab

2151 5801 2192 5832 ¹⁵
2217 5798 2354 5856 Gen.
2383 5814 2570 5864 xxvm,
2614 5798 2694 5853 18.
2812 5800 2852 5831 ¹⁶
2883 5799 3024 5856 Gen.
3051 5815 3180 5863 an,
3213 5798 3297 5853 l8.
3414 5799 3456 5829 "
3481 5795 3554 5857 ιν
