4098 6344
620 334 757 389 MSS

1849 338 1905 393 S.
1942 337 2215 395 CYRILLI
2256 339 2343 395 ΕΤ
2385 340 2693 397 ΜΛΟΠΒΜ

3752 332 3879 387 HN

614 453 824 507 innatis
876 454 1277 523 voluptatibus,
1320 453 1406 511 vel
1452 456 1523 511 ah
1569 456 1638 512 iis
1678 471 1802 527 qua:
1842 459 2171 514 extrinsecus

2294 453 2403 510 εἷεν
2437 458 2501 512 ἂν
2536 457 2779 527 ἄμπελος
2825 458 2924 528 μὲν
2972 457 3068 511 καὶ
3110 454 3248 526 συκῆ
3293 454 3351 508 αἱ
3392 450 3634 526 θύραθεν
3657 449 3873 520 ἡδοναὶ.

613 544 938 607 adveniunt.
974 545 1143 627 fuerit
1168 547 1392 618 quidem
1416 548 1546 604 vitis
1572 558 1629 605 et
1649 548 1805 614 ficus,
1838 565 1963 619 qua:
1980 550 2188 605 extrin-

613 650 779 689 secus
822 636 1127 690 adveniunt
1165 638 1481 709 voluptates
1510 658 1522 693 :
1554 655 1694 710 aqua
1724 650 1908 696 autem
1936 642 2190 697 cisterna:

614 738 835 791 nostrae,
868 742 947 783 eat
974 744 1097 798 quae
1143 741 1275 785 sunt
1322 731 1541 796 innatae,
1592 740 1867 788 scatentes
1914 749 1947 788 e
1999 744 2189 788 nostro

612 832 861 887 corpore.
898 818 967 874 Et
1016 836 1140 890 qua:
1185 823 1533 878 extrinsecus
1584 824 1806 893 quidem
1866 824 2184 887 adveniunt,

611 920 741 965 sunt
761 915 1179 983 extemporales,
1210 915 1429 971 caducas
1452 924 1509 971 et
1532 926 1947 982 momentaneaa,
1970 923 2182 971 scaten-

611 1002 694 1052 tes
721 1013 788 1053 ex
811 1015 1042 1070 corpore
1076 1019 1089 1055 :
1118 1018 1238 1073 qua:
1264 1013 1445 1058 autem
1474 1014 1604 1059 sunt
1638 1005 1859 1069 innatae,
1888 1014 2015 1061 sunt
2052 1004 2179 1059 diu-

610 1091 907 1147 turniores.
928 1094 1075 1159 Quas
1096 1111 1287 1152 omnes
1318 1096 1580 1153 fruendas
1607 1100 1902 1169 pollicetur
1929 1098 2182 1153 diabolus

2291 554 2435 625 ὓδωρ
2464 552 2521 605 δὲ
2550 550 2644 606 τοῦ
2676 550 2879 604 λάκκου
2914 548 3070 619 ἡμῶν
3101 550 3157 602 ai
3189 546 3421 617 ἔμφυτοι
3443 587 3458 609 ,
3488 544 3587 599 τοῦ
3620 545 3875 613 σώματος

2286 645 2444 715 ἡμῶν
2470 644 2890 707 ἀναϐλύζυυσαι.
2920 641 3029 695 Καὶ
3054 640 3111 695 αἱ
3139 639 3239 709 μὲν
3268 637 3525 707 θύραθεν,
3558 637 3669 689 είσὶ
3702 635 3873 703 πρίσ-

2286 752 2490 805 καιροι,
2532 736 2587 787 αἱ
2618 734 2675 787 δὲ
2706 733 2935 802 ἔμφυτοι
2974 727 3535 801 μακροχρονιώτεραι.
3560 720 3666 779 Ἦν
3699 724 3875 777 ἀπάν-

2283 843 2393 880 των
2431 828 2531 896 τὴν
2560 825 2856 879 ἀπόλαυσιν
2884 824 2912 876 ὁ
2940 820 3183 883 διάϐολος
3222 821 3570 888 ὑπισχνεῖται
3614 817 3736 877 τοῖς
3769 813 3874 867 ἀπὸ

2286 919 2385 987 τῆς
2415 916 2784 988 ἀγιοπρεποῦς
2818 914 3087 977 πολιτείας
3110 911 3218 976 ,ὡς
3249 911 3307 976 ἐξ
3352 909 3739 982 Ἰερουσαλὴμ,
3776 908 3869 956 αὐ-

2286 1008 2574 1079 τομολοῦσι
2604 1008 2741 1080 πρὸς
2769 1006 2948 1072 αὐτὸν,
2974 1005 3068 1059 καὶ
3092 1002 3366 1057 δουλεύειν
3394 999 3545 1070 αὐτῷ
3575 999 3872 1066 καταδεχο-

2290 1099 2490 1169 μένοις.

606 1181 674 1235 iis
699 1184 794 1252 qui
821 1199 852 1238 ιι
876 1192 1065 1240 sancto
1096 1188 1220 1241 vita:
1251 1187 1534 1255 instituto,
1569 1199 1826 1261 tanquam
1853 1207 1920 1246 ex
1948 1190 2275 1257 Jerusalem,
2306 1191 2372 1245 ad
2413 1192 2590 1261 ipsum
2633 1192 3022 1263 transfugiunt,
3053 1196 3111 1245 et
3145 1189 3197 1245 ei
3227 1188 3437 1243 servire
3502 1184 3559 1239 in
3617 1182 3865 1237 animum

606 1272 896 1329 inducunt.

1046 1388 1131 1443 Ea:
1156 1392 1322 1445 ατοάο
1347 1391 1410 1446 de
1434 1391 1733 1448 Pharaone.

674 1500 888 1555 Pharao
918 1504 1156 1571 primum
1203 1507 1425 1575 quidem
1460 1507 1618 1561 saevis
1665 1507 1950 1563 laboribus
1986 1506 2179 1563 afﬂixit

604 1594 870 1662 populum
903 1595 1286 1659 lsraeliticum,
1330 1600 1650 1654 existimans
1675 1616 1733 1655 se
1769 1599 2180 1669 prohibiturum

604 1697 675 1737 ne
702 1682 783 1739 eis
806 1696 1104 1757 augeretur
1126 1689 1438 1744 multitudo.
1462 1691 1574 1746 Deo
1601 1700 1783 1745 autem
1818 1690 2175 1747 adversante:

602 1773 723 1840 Quo
744 1778 917 1848 magis
936 1779 1115 1843 enim,
1155 1781 1353 1851 inquit,
1392 1797 1487 1837 eos
1529 1783 1894 1838 humiliabant
1936 1782 2174 1855 Egypti,

600 1882 668 1921 co
711 1870 883 1940 magis
915 1872 1236 1926 crescebant
1284 1882 1340 1927 et
1365 1873 1810 1929 invalescebant:
1843 1875 1911 1930 ad
1945 1874 2174 1931 alteram

2611 1390 2725 1460 Τῆς
2761 1390 2978 1456 ἐξόδου
3002 1388 3134 1458 περὶ
3164 1387 3268 1443 τοῦ
3290 1386 3520 1456 Φαραώ.

2363 1505 2423 1559 Ὀ
2450 1504 2650 1577 Φαραὼ
2683 1504 2901 1575 πρῶτον
2935 1502 3034 1574 μὲν
3065 1502 3277 1575 ἀγρίοις
3314 1502 3496 1565 πόνοις
3530 1499 3741 1553 ἐκάκου
3775 1500 3865 1552 τὶν

2295 1596 2685 1669 Ἰσραηλιτικδν
2718 1596 2866 1658 λαὸν,
2908 1593 3007 1666 τὴν
3051 1596 3131 1657 είς
3184 1592 3387 1662 πλῆθος
3428 1590 3667 1659 αὔξησιν
3699 1588 3861 1643 αὐτοῦ

2285 1690 2512 1743 κωλύειν
2538 1688 2800 1759 οἰόμενος.
2842 1688 3319 1755 ’Δντιπράττοντος
3340 1684 3397 1737 δὲ
3422 1682 3513 1736 τοῦ
3540 1682 3702 1735 Θεοῦ·
3724 1680 3861 1736 Καθ’

2284 1784 2313 1837 ὅ
2335 1800 2388 1835 τι
2412 1783 2539 1854 γάρ,
2578 1782 2763 1851 φησιν,
2790 1778 3109 1833 ὲταπείνουν
3129 1778 3326 1839 αὐτοὺς
3351 1777 3401 1828 oi.
3431 1774 3752 1841 Αἰγύπτιοι,
3778 1790 3859 1823 το-

2284 1876 2459 1945 σούτῳ
2496 1873 2715 1936 πλείους
2746 1872 3017 1941 ἐγίνοντο,
3046 1870 3142 1923 καὶ
3169 1868 3371 1937 ἴσχυον
3412 1866 3501 1935 ἐφ’
3538 1865 3741 1936 ἑτέραν
3778 1864 3864 1917 λα-

600 1960 814 2016 accedit
835 1962 1167 2028 machinam,
1201 1973 1257 2020 et
1283 1965 1443 2036 jubet
1471 1967 1868 2022 obstetricibus
1912 1968 2171 2024 Hebraeo-

2278 1966 2482 2037 θραίως
2503 1966 2722 2036 ἔρχεται
2748 1963 3021 2035 μηχανὴν,
3049 1962 3144 2015 καὶ
3166 1960 3492 2032 προστάττει
3520 1960 3649 2018 ταῖς
3675 1956 3864 2027 μαίαις

600 2067 723 2106 rum
756 2061 815 2105 ut
842 2068 909 2108 ex
944 2055 1087 2110 natis
1130 2056 1355 2126 quidem
1384 2058 1588 2114 fetibus
1617 2061 1893 2115 masculos
1950 2061 2174 2117 occide-

598 2153 740 2207 rent,
768 2142 999 2201 feminas
1020 2156 1200 2203 autem
1222 2160 1630 2206 conservarent.
1672 2152 1964 2222 Postquam
1992 2162 2176 2208 autem

596 2234 704 2290 hoc
732 2251 951 2307 quoque
985 2238 1129 2293 Deus
1160 2241 1475 2309 prohibuit:
1504 2261 1522 2293 ι
1542 2241 1867 2299 Timucrunt
1898 2245 2069 2307 enim,
2089 2246 2176 2301 in-

594 2328 736 2397 quit,
768 2328 1097 2386 obstetrices
1126 2332 1318 2397 Deum,
1365 2342 1421 2390 et
1454 2350 1565 2389 non
1591 2335 1840 2391 fecerunt
1878 2338 2019 2394 sicut
2046 2354 2179 2395 con-

594 2419 852 2475 stituerat
896 2420 977 2476 eis
1014 2423 1229 2478 Pharao
1267 2423 1309 2455 ¹⁸
1346 2442 1411 2491 9;
1480 2426 1549 2481 ad
1604 2430 1795 2483 tertias
1855 2432 2175 2503 aggreditur

594 2512 858 2567 insidias:
891 2522 948 2569 et
980 2517 1095 2569 suis
1116 2525 1305 2585 aperte
1326 2517 1483 2586 jubet
1514 2528 1573 2573 ut
1599 2520 1868 2589 quidquid
1907 2523 2173 2578 nasceba-

593 2612 685 2656 tur
704 2604 926 2673 quidem
958 2608 1261 2662 masculum
1286 2610 1618 2679 projicerent
1645 2612 1699 2666 in
1725 2612 1975 2679 fluvium,
2008 2616 2173 2686 quid-

592 2695 724 2764 quid
750 2706 935 2751 autem
963 2697 1311 2764 femininum,
1349 2701 1535 2757 vivum
1566 2720 1686 2761 esse
1727 2706 1977 2762 sinerent
2002 2709 2065 2762 ".
2090 2708 2171 2764 Ita

591 2786 752 2841 etiam
770 2788 1021 2845 diabolus
1041 2793 1135 2861 qui
1159 2802 1243 2849 est
1265 2794 1477 2850 Pharao
1498 2797 1701 2852 cadens
1721 2799 1825 2854 sub
1864 2801 2173 2873 intelligen—

592 2878 744 2943 tiam,
765 2879 1030 2937 adversus
1049 2884 1303 2941 lsraelem
1321 2887 1415 2956 qui
1438 2896 1690 2943 versatur
1710 2889 1764 2944 in
1785 2890 2167 2961 intelligentia,

592 2970 858 3027 trifariam
904 2976 1127 3031 molitur
1163 2977 1411 3044 insidias,
1459 2996 1559 3051 per
1610 2984 1888 3039 maleficas
1928 2987 2171 3042 rationes

592 3071 812 3121 tentans
832 3068 1129 3137 prohibere
1153 3087 1222 3126 ne
1248 3082 1552 3143 augeantur
1570 3076 1825 3131 virtutes.
1848 3077 1913 3131 Et
1929 3078 2167 3147 primum

590 3154 813 3225 quidem
838 3158 919 3213 eis
949 3158 1113 3215 infert
1137 3161 1354 3216 labores
1382 3164 1728 3219 etmalorum
1760 3167 2164 3237 perpessiones.

589 3244 725 3301 Cum
765 3258 948 3302 autem
992 3251 1303 3308 aberrasset
1332 3269 1362 3308 a
1386 3269 1574 3324 scopo,
1607 3271 1723 3319 eos,
1758 3257 1874 3327 qui,
1908 3257 2055 3333 quod
2098 3258 2165 3313 ad

590 3336 753 3393 fidem
793 3339 1242 3406 attinet,‘eorum
1292 3351 1421 3399 sunt
1457 3318 1655 3402 fratres
1682 3318 1738 3403 et
1776 3318 2167 3410 amici,armat
2194 3318 2240 3379 (ἶ

590 3426 643 3481 in
676 3442 772 3484 eos
796 3429 891 3500 qui
934 3439 1061 3486 sunt
1087 3432 1255 3489 fortes
1285 3432 1341 3489 in
1371 3434 1573 3506 pietate
1615 3454 1679 3493 ac
1708 3453 1838 3493 vera
1866 3439 2161 3510 religione;

587 3518 921 3579 effeminatis
950 3523 1119 3590 enim,
1157 3535 1220 3580 ut
1243 3526 1339 3597 qui
1381 3537 1511 3584 sunt
1557 3522 1838 3595 imbecilli,
1889 3547 1997 3586 non
2034 3532 2165 3587 iasi-

589 3608 793 3677 diatur,
817 3628 915 3669 eos
946 3616 1127 3672 sciens
1164 3632 1285 3675 esse
1336 3620 1441 3675 sibi
1481 3621 1647 3677 utiles
1680 3621 1748 3676 ad
1792 3623 2159 3693 peccandum.

589 3701 822 3761 Sorores
844 3717 1026 3763 autem
1050 3718 1105 3765 et
1132 3710 1321 3768 amica:
1359 3712 1717 3769 Hebraeorum
1745 3728 1873 3772 sunt
1898 3717 2164 3773 obstetri-

589 3809 702 3858 ces,
720 3806 948 3867 propter
989 3802 1454 3859 necessitudinem
1486 3816 1543 3861 et
1577 3808 2023 3877 coniunctionem
2042 3825 2164 3879 qua:

588 3895 674 3941 est
710 3902 777 3942 ex
807 3905 1029 3959 genere.
1052 3892 1190 3949 Cum
1227 3904 1409 3951 autem
1441 3913 1544 3953 nec
1581 3900 1836 3955 secundm
1861 3900 1912 3956 ei
1946 3917 2165 3958 succes-

590 3978 790 4035 sissent
819 3981 1050 4047 insidiae,
1101 4000 1199 4041 eos
1243 3987 1336 4058 qui
1384 3999 1543 4045 erant
1587 3993 1782 4047 armati
1828 3993 2163 4063 reprimente

591 4067 687 4123 Dei
717 4078 888 4134 metu,
918 4084 1104 4143 aperte
1128 4077 1287 4147 jubet
1323 4079 1439 4134 suis
1463 4082 1824 4147 satellitibus,
1843 4080 1916 4140 ἰιι
1946 4086 2001 4140 in
2034 4102 2162 4142 sau-

588 4166 708 4215 ctos
738 4174 993 4220 exserant
1022 4182 1175 4222 suam
1208 4169 1591 4226 crudelitatem
1621 4182 1678 4228 et
1702 4174 1927 4230 caedem.
1947 4176 2163 4232 Pharao

588 4254 761 4307 nostri
785 4255 911 4310 vitae
938 4256 1194 4324 instituti,
1217 4260 1271 4315 id
1297 4262 1518 4331 quidem
1553 4265 1701 4335 quod
1725 4276 1809 4321 est
1836 4266 2163 4324 femininum

589 4356 645 4401 et
670 4347 1024 4415 imbecillum,
1049 4360 1105 4408 et
1136 4353 1333 4420 docile,
1359 4355 1535 4429 diligit
1555 4369 1611 4414 et
1630 4359 1816 4414 vivum
1840 4372 2161 4418 conservat:

589 4437 643 4492 id
661 4453 793 4494 vero
821 4440 969 4510 quod
998 4452 1083 4499 est
1105 4446 1466 4502 masculinum
1494 4458 1549 4504 et
1578 4450 1735 4506 virile
1751 4463 1808 4506 et
1844 4462 2163 4523 suspectum

589 4529 657 4585 de
689 4532 1094 4592 insurrectione
1117 4577 1131 4601 ,
1169 4540 1455 4597 contendit
1512 4542 1843 4599 interﬁcere.
1875 4544 2165 4601 Moderata:

590 4634 771 4679 autem
812 4635 869 4682 et
906 4628 1262 4698 providentes
1292 4634 1562 4700 rationes,
1603 4651 1725 4690 cum
1774 4636 2038 4693 virtutem
2067 4654 2162 4709 ge-

589 4713 832 4780 nuerint,
858 4724 920 4771 ut
942 4718 1197 4787 parentes
1213 4720 1437 4785 Mosem,
1459 4732 1515 4779 et
1544 4726 1844 4781 munierint
1880 4736 2163 4799 tutamque

591 4804 931 4863 reddiderint
950 4825 1075 4866 arca
1091 4812 1421 4869 eruditionis
1442 4831 1550 4870 non
1562 4818 1873 4875 concedunt
1888 4822 2045 4876 utvir
2066 4822 2165 4877 bo-

588 4911 698 4951 nus
734 4897 1083 4971 demergatur
1103 4902 1156 4957 in
1184 4902 1450 4961 ﬂuentum
1474 4908 1616 4963 vitae.
1651 4908 1787 4964 Eum
1824 4919 2006 4967 autem
2032 4912 2165 4967 alla-

591 4995 708 5043 tum
737 4980 805 5044 ad
826 4990 999 5061 ripam
1027 4995 1362 5061 stabilitatis,
1383 5008 1607 5055 externa
1628 5002 1903 5071 accipiens
1918 5004 2161 5069 philoso-

589 5079 740 5151 phia,
772 5088 833 5136 ut
856 5098 978 5152 qua:
1020 5095 1165 5141 esset
1186 5087 1408 5155 quidem
1454 5088 1564 5145 ﬁlia
1600 5092 1904 5148 Pharaonis
1937 5102 2164 5164 propter

592 5171 788 5237 fastum
808 5183 864 5229 et
887 5174 1245 5246 impietatem,
1271 5181 1474 5237 sterilis
1497 5190 1678 5238 autem
1706 5195 1996 5256 propterea
2018 5188 2166 5256 quod

594 5265 804 5320 nullum
838 5266 1006 5322 fetum
1051 5269 1253 5326 divinae
1294 5273 1621 5344 cognitionis
1650 5277 1979 5346 produceret
2004 5277 2058 5331 in
2077 5278 2166 5332 lu-

597 5374 734 5425 cem,
767 5376 894 5415 eum
918 5362 1144 5434 adoptat
1176 5380 1475 5437 suggerens
1502 5376 1563 5422 ut
1594 5369 1837 5425 aleretur
1873 5370 2017 5427 lacte
2046 5386 2165 5425 ma-

594 5459 772 5507 terno.
825 5453 947 5508 Non
982 5456 1130 5510 enim
1180 5457 1417 5513 discedit
1474 5474 1504 5513 a
1537 5460 1711 5515 sacris
1776 5459 2163 5531 dogmatibus,

591 5544 809 5601 etiamsi
846 5544 1091 5604 Graecam
1145 5557 1344 5607 tractet
1379 5550 1768 5609 eruditionem.
1805 5551 1942 5608 Cum
1980 5564 2164 5609 autem

668 5684 709 5715 "
744 5687 910 5741 Exod.
953 5706 990 5752 t,
1034 5690 1117 5744 l7.
1197 5692 1236 5723 "
1263 5691 1509 5746 lbid.2‘2.

668 5802 744 5875 (1)
798 5806 1073 5863 Αιὼρτιυδ
1144 5811 1384 5879 ἀπειθές,
1447 5830 1546 5867 non
1604 5830 1813 5879 parvus,
1864 5816 1999 5868 male

2100 5812 2242 5869 Γιιιτ.

2279 2057 2389 2110 τῶν
2431 2057 2698 2128 Ἐϐραίων
2725 2056 3068 2109 ἀποκτείνειν
3099 2054 3199 2123 μὲν
3219 2051 3288 2105 τὰ
3321 2051 3527 2121 ἄρσενα
3554 2048 3671 2101 τῶν
3692 2066 3866 2101 τικτο-

2282 2149 2479 2219 μένων,
2506 2149 2575 2202 τά
2603 2148 2767 2217 θήλεα
2792 2148 2849 2200 δὲ
2871 2145 3290 2218 περιποιεῖσθαι.
3328 2142 3478 2197 Ἐπεὶ
3497 2142 3557 2194 δὲ
3581 2141 3682 2193 καὶ
3705 2139 3861 2193 τοῦτο

2278 2239 2601 2296 κεκώλυκεν
2630 2242 2659 2294 ὀ
2704 2240 2857 2302 Θεός·
2899 2258 2917 2290 ι
2978 2235 3355 2306 Ἐφοϐήθησαν
3386 2233 3518 2304 γάρ,
3570 2233 3761 2301 φησὶν,
3806 2231 3859 2285 αί

2280 2336 2438 2405 μαῖαι
2467 2332 2558 2385 τὸν
2588 2330 2743 2391 Θεὸν,
2772 2331 2868 2383 καὶ
2898 2330 2999 2384 οὐκ
3027 2328 3289 2396 ἐποίησαν
3320 2326 3397 2390 ὡς
3433 2325 3731 2387 συνέταξεν
3760 2325 3856 2377 αὐ-

2276 2431 2398 2492 ταῖς
2424 2426 2623 2497 Φαραώ
2640 2443 2653 2458 ·
2687 2445 2706 2477 ι
2741 2428 2932 2497 τρίτης
2956 2423 3248 2494 ἐπιϐουλῆς
3273 2423 3529 2481 ἀπτεται.
3569 2424 3670 2474 καὶ¹
3698 2437 3859 2488 φανε-

2278 2520 2386 2591 ρῶς
2416 2519 2717 2573 ἐντέλλεται
2744 2521 2855 2581 τοῖς
2901 2518 2995 2572 ὐπ’
3024 2517 3208 2579 αὐτὸν,
3254 2517 3363 2569 πᾶν
3402 2517 3499 2584 μιν
3539 2514 3857 2582 τικτόμενον

2275 2614 2443 2682 ἄρσεν
2478 2611 2687 2682 ῥίπτειν
2722 2610 2800 2672 είς
2829 2609 2919 2663 τὸν
2951 2608 3212 2678 ποταμὸν,
3249 2608 3357 2665 πᾶν
3388 2606 3447 2660 δὲ
3478 2604 3620 2673 θῆλυ
3660 2604 3856 2671 ζωογο-

2274 2704 2405 2757 νείν.
2451 2702 2559 2756 Καὶ
2583 2704 2613 2755 ὁ
2648 2700 2891 2765 διάϐολος
2930 2701 3039 2772 γάρ
3070 2701 3099 2754 ὁ
3126 2698 3314 2769 νοητὸς
3342 2694 3545 2768 Φαραὼ
3580 2696 3725 2749 κατά
3761 2694 3851 2747 τοῦ

2273 2792 2466 2864 νοητοῦ
2524 2793 2761 2863 Ἰσραὴλ,
2814 2793 2904 2845 τὸν
2947 2791 3146 2860 εὐσεϐῆ
3196 2790 3340 2859 λέγω
3388 2789 3537 2853 λαὸν,
3591 2787 3853 2860 τριπλοῦν

2271 2887 2472 2957 τρόπον
2496 2884 2789 2954 ἐπιϐουλῆς
2814 2883 3025 2953 ἐνόησε,
3052 2882 3139 2934 διά
3162 2881 3487 2954 κακούργων
3516 2882 3855 2950 σκεμμάτων

2271 2977 2371 3049 τὴν
2398 2978 2476 3041 είς
2509 2976 2711 3047 ἀρετὴν
2750 2974 2987 3028 έπίδοσιν
3018 2971 3187 3027 αὐτοῦ
3216 2972 3446 3027 κωλύειν
3485 2972 3851 3045 πειρώμενος.

2270 3070 2381 3123 Καὶ
2408 3069 2599 3139 πρῶτα
2641 3070 2737 3139 μὲν
2768 3068 2949 3133 πόνον,
2980 3068 3075 3123 καὶ
3105 3068 3475 3123 κακοπάθειαν
3514 3069 3705 3130 αὐτοῖς
3730 3069 3858 3121 ἑπι-

2271 3167 2444 3231 φέρει·
2476 3158 2791 3230 διαμαρτὼν
2816 3159 2874 3213 δὲ
2907 3158 3002 3213 τοῦ
3042 3158 3283 3221 σκοποῦ,
3322 3158 3449 3222 τούς
3486 3159 3633 3213 κατά
3671 3158 3858 3212 πίστιν

2271 3251 2534 3319 ἀδελφοὺς
2565 3252 2743 3305 αὐτῶν
2773 3253 2867 3305 καὶ
2896 3250 3086 3319 φίλους
3125 3251 3408 3321 tomum
3441 3253 3556 3313 τοῖς
3586 3250 3859 3321 ἀνδρείας

2272 3345 2351 3407 είς
2383 3345 2483 3414 τὴν
2506 3343 2809 3398 εὐσέϐειαν.
2843 3343 2971 3407 Τοῖς
3002 3343 3113 3414 γὰρ
3144 3341 3554 3413 θηλυπρεπέσιν
3584 3343 3662 3405 ὠς
3691 3342 3858 3395 ἀσθε-

2271 3437 2417 3491 νέσιν
2441 3438 2541 3491 οὐκ
2573 3435 2933 3503 έπιϐουλεύει,
2964 3435 3269 3506 χρησίμους
3293 3432 3472 3504 ἑαυτῷ
3500 3434 3641 3505 πρὸς
3671 3434 3860 3504 ἀμαρο

2270 3530 2393 3584 τίαν
2447 3528 2669 3592 τούτους
2722 3526 2897 3591 είδώς.
2966 3526 3217 3597 ’Δδελφαὶ
3275 3526 3334 3580 δὲ
3388 3525 3483 3579 καὶ
3539 3525 3693 3594 φίλαι
3744 3524 3859 3579 τῶν

2284 3620 2551 3694 Ἐϐραίων
2585 3622 2642 3675 al
2676 3622 2853 3692 μαῖαι,
2887 3621 2976 3676 διά
3001 3622 3102 3692 τὴν
3125 3620 3190 3674 έκ
3213 3618 3309 3674 τοῦ
3341 3618 3532 3688 γένους
3556 3615 3853 3671 οίκείωσιν.

2286 3714 2701 3783 Ἀποτυγχάνων
2736 3712 2794 3767 δὲ
2824 3715 2918 3767 καὶ
2958 3713 3061 3783 τῆς
3086 3711 3345 3783 δευτέρας
3390 3709 3685 3780 ιπιϐουλῆς
3708 3750 3724 3773 ,
3756 3708 3859 3763 τοῦ

2273 3808 2420 3863 θείου
2452 3808 2621 3875 φόϐου
2648 3808 2774 3870 τούς
2798 3806 3219 3876 ὲφοπλισθέντας
3243 3805 3527 3875 ἐπέχοντος
3552 3844 3568 3865 ,
3606 3805 3857 3869 ἀναςαν·

2270 3900 2358 3954 δὸν
2379 3900 2663 3969 ἐπιτρέπει
2695 3902 2806 3962 τοῖς
2825 3898 3044 3961 οἰκείοις
3063 3898 3433 3961 ὑπασπισταῖς
3457 3896 3555 3965 τὴν
3576 3896 3722 3956 κατά
3740 3894 3858 3947 τῶν

2271 3990 2443 4058 ἁγίων
2462 3991 2762 4061 ἀγριότητα
2787 3989 2883 4042 καὶ
2902 3987 3236 4058 μιαιφονίαν.
3272 3987 3333 4041 '0
3352 3985 3549 4057 Φαραὼ
3570 3986 3675 4055 τῆς
3716 3988 3859 4054 ἠμε-

2271 4082 2433 4150 τέρας
2458 4081 2754 4145 πολιτείας.
2784 4076 2847 4132 τδ
2877 4078 2978 4149 μὲν
3006 4078 3138 4149 θῆλυ
3160 4078 3255 4132 καὶ
3290 4076 3513 4140 ἀσθενὲς
3541 4078 3634 4130 καὶ
3661 4077 3856 4130 εὐπει-

2271 4172 2361 4235 θὲς
2381 4180 2392 4229 t
2404 4171 2619 4242 1)αὐτῷ
2636 4171 2783 4239 φιλεῖ
2797 4170 2892 4225 καὶ
2922 4170 3196 4238 ζωογονεΡ
3224 4168 3288 4222 τὸ
3320 4168 3377 4222 δὲ
3420 4168 3587 4240 ἄρρεν
3619 4169 3715 4221 καὶ
3750 4168 3855 4220 ἀν-

2269 4263 2448 4335 δρεῖον
2481 4265 2575 4317 καὶ
2595 4263 2732 4333 πρὸς
2753 4263 3125 4317 ὲπανάστασιν
3144 4261 3385 4314 ὕποπτον
3415 4259 3663 4329 φονεύειν
3694 4259 3853 4312 ἐπεί-

2270 4376 2449 4429 γεται.
2465 4358 2529 4414 Οἱ
2546 4358 2602 4412 δὲ
2623 4357 2901 4427 σώφρονες
2915 4355 3008 4411 καὶ
3025 4355 3374 4427 προνοητικοὶ
3393 4354 3643 4423 λογισμοὶ
3658 4355 3851 4425 γεννήο

2272 4467 2466 4513 σαντες
2501 4449 2599 4519 τὴν
2633 4448 2856 4520 ἀρετὴν,
2884 4446 2961 4512 ὡς
2995 4448 3044 4501 οἱ
3069 4448 3246 4514 γονεῖς
3273 4445 3363 4499 τδν
3404 4444 3632 4505 Μωσέα,
3658 4444 3759 4497 καὶ
3781 4446 3852 4514 τῇ

2272 4541 2489 4613 κιϐωτῷ
2503 4540 2600 4611 τῆς
2617 4540 2954 4603 παιδεύσεως
2970 4536 3578 4606 ὲνασφαλισάμενοι,τδν
3594 4536 3851 4605 ἐνάρετον

2269 4634 2330 4687 οὐ
2367 4632 2710 4703 συγχωροῦσι
2732 4629 3325 4699 καταποντισθῆναιτῷ
3356 4627 3557 4701 ῥείθρῳ
3575 4628 3671 4681 τοῦ
3707 4627 3848 4698 βίου.

2271 4723 2618 4795 Κομισθέντα
2644 4722 2701 4776 δὲ
2732 4721 2920 4776 τοῦτον
2944 4720 3038 4774 ἐπὶ
3061 4720 3158 4791 τὴν
3181 4718 3350 4788 δγθην
3385 4719 3485 4789 τῆς
3517 4717 3679 4771 σταθε
3686 4718 3846 4789 9611;-

2269 4832 2380 4878 τος,
2406 4816 2439 4886 ἡ
2472 4813 2574 4881 ἔξω
2605 4811 2891 4882 φιλοσοφία
2919 4809 3185 4874 λαϐοῦσα,
3216 4809 3464 4879 θυγάτηρ
3484 4808 3583 4879 μὲν
3612 4803 3751 4861 οὐσα
3772 4806 3851 4876 τῷ

2268 4905 2489 4977 Φαραὼ,
2525 4906 2612 4961 διὰ
2643 4905 2736 4960 τὸν
2774 4903 2945 4968 τῦφον
2985 4902 3079 4957 καὶ
3117 4902 3218 4971 τὴν
3246 4899 3523 4961 ἀσέϐειαν,
3558 4899 3751 4967 άγονος
3792 4898 3849 4953 δὲ

2268 4999 2357 5053 διὰ
2378 4999 2439 5053 τδ
2466 4999 2670 5069 μηδένα
2696 4997 2858 5052 τόκον
2880 4996 3049 5066 αὐτῆς
3078 4998 3157 5058 είς
3186 4994 3301 5063 φῶς
3324 4994 3589 5063 προάγειν
3614 4992 3849 5058 θεογνω-

2272 5090 2433 5152 σίας,
2478 5087 2893 5158 ὑποϐαλλομένη
2944 5086 3174 5140 υἱοθετιῖ
3208 5083 3287 5153 τῷ
3330 5081 3572 5155 μητρῴῳ
3618 5080 3849 5149 γάλακτι

2266 5182 2673 5254 τιθηνούμενον.
2725 5181 2801 5234 Οὐ
2836 5180 2946 5252 γάρ
2980 5179 3279 5249 ἀφίσταται
3306 5174 3417 5229 τῶν
3461 5174 3625 5246 ἱερῶν
3652 5172 3838 5243 δογμά-

2264 5291 2393 5335 των,
2446 5274 2495 5327 εί
2537 5274 2633 5327 καὶ
2662 5271 2759 5343 τὴν
2813 5272 3131 5344 Ἑλληνικὴν
3178 5268 3501 5341 μετέρχεται
3543 5266 3847 5320 παίδευσιν.

2268 5368 2409 5439 Πρὸς
2432 5366 2564 5437 ῦψος
2579 5367 2636 5420 δὲ
2662 5366 3042 5436 πνευματικῆς
3060 5363 3278 5435 ἡλικίας
3298 5357 3655 5432 ἀναδραμὼν,
3689 5358 3847 5429 μέσος

2265 5462 2475 5529 γίνεται
2515 5459 2610 5513 δύο
2644 5460 2986 5529 μαχομένων,
3040 5454 3337 5526 ὁμογενοῦς
3371 5453 3466 5507 καὶ
3511 5450 3844 5517 ἀλλοφύλου.

2264 5551 2409 5607 τοῦτ’
2443 5552 2611 5619 ἔστιν,
2656 5549 2913 5614 εὐσεϐοῦς
2965 5548 3126 5617 λόγου
3160 5546 3256 5600 καὶ
3279 5540 3511 5608 ἀσεϐοῦς
3538 5582 3552 5609 ,
3585 5540 3621 5615 ῆ
3652 5539 3845 5613 ἀρετῆς
