4098 6344
285 421 423 479 [£35
1670 417 2195 476 COLlJZC'l‘ANEA.
3454 426 3475 477 l
3498 423 3593 478 186

276 540 379 592 καὶ
410 535 609 600 κακίας
631 575 647 600 ,
675 535 772 591 καὶ
813 535 892 608 τῷ
923 535 1110 607 οίκείῳ
1141 537 1345 602 συστὰς
1373 538 1589 611 ἀναιρεῖ
1620 538 1680 592 τὸ
1720 537 1849 591 ἀλλό

1982 540 2299 611 pervenerit
2326 539 2394 594 a‘l
2425 538 2775 595 altitudinem
2808 540 2986 594 aetatis
3020 538 3347 610 spiritualis,
3372 543 3592 596 exsistit

274 646 452 701 τριον.
508 628 771 697 Φοϐηθεὶς
808 628 865 682 δὲ
910 628 1003 682 τὸν
1050 629 1163 683 ἀπὸ
1208 630 1303 685 τοῦ
1347 630 1550 703 Φαραὼ
1609 631 1855 686 κίνδυνον

1989 634 2207 689 medius
2232 633 2377 688 inter
2403 633 2544 687 duos
2572 640 2902 704 pugnantes,
2927 646 3126 699 nempe
3153 630 3300 685 inter
3320 646 3450 687 eum
3492 634 3590 702 qui

278 720 476 793 φεύγει
504 722 845 794 πορρωτάτω
872 722 969 793 τῆς
1002 719 1253 789 ἔξουσίας
1280 723 1471 788 αὑτοῦ,
1501 724 1641 795 πρὸς
1675 726 1859 795 ὑψηλο

1987 736 2074 781 est
2103 726 2352 796 ejusdem
2388 724 2608 797 generis
2658 733 2714 779 et
2740 739 2869 779 eum
2894 723 2990 793 qui
3017 724 3207 788 alieni,
3240 722 3347 778 hoc
3369 730 3476 788 est,
3502 724 3590 778 in-

273 814 459 887 capas.
477 813 753 867 πολιτείαν
790 814 1211 885 ἀνατεινόμενος
1234 854 1251 881 ,
1302 816 1400 869 καὶ
1440 816 1569 879 τοὺς
1605 816 1859 885 πονηροὺς

1990 827 2073 872 ter
2101 818 2249 888 piam
2290 816 2564 871 rationem
2607 821 2664 868 et
2715 813 2964 884 impiam,
3005 815 3089 869 vel
3121 818 3385 872 virtutem
3431 826 3489 872 et
3510 816 3593 870 vi-
3636 826 3663 853 κ

277 906 546 977 ποιμένας
574 904 774 967 ἀδίκως
799 906 1121 977 χρωμένους
1150 905 1230 977 τῷ
1264 908 1465 978 νάματι
1503 906 1873 971 διδασκαλίας,

273 995 576 1073 ἀπελαύνει
599 997 667 1067 τῇ
696 994 878 1067 ῥάϐδῳ
898 997 1006 1049 τῶν
1031 995 1150 1061 ὲλέγ
1161 1014 1294 1065 χων,
1325 995 1427 1049 κᾶν
1452 994 1742 1068 ἀλλοφύλῳ
1772 997 1875 1050 πά-

273 1086 360 1140 λιν
395 1087 712 1157 συνοικῆσαι
738 1087 853 1159 δὲῃ,
883 1086 1026 1141 τοῦτ’
1056 1086 1172 1140 ἔστι
1208 1088 1575 1156 συγγενέσθαι
1605 1092 1669 1159 τῇ
1703 1088 1873 1160 θύρα-

272 1178 368 1232 θεν
402 1177 709 1249 φιλοσοφίᾳ,
743 1180 1100 1250 καταδέχεται
1129 1179 1288 1233 τοῦτο
1320 1181 1409 1234 διά
1437 1182 1538 1247 τὴν
1569 1182 1782 1253 χρείαν,
1814 1186 1874 1237 ἐν

268 1267 486 1341 γαλήνῃ
514 1267 718 1337 διάγων
748 1270 845 1323 καὶ
879 1266 1187 1340 ποιμαίνων
1221 1271 1289 1324 τά
1319 1272 1601 1342 κινήματα
1638 1272 1737 1342 τῆς
1770 1272 1870 1341 ψυ-

267 1365 396 1433 χῆς.
432 1361 590 1417 Οὕτω
617 1344 674 1415 δὲ
702 1362 910 1432 βιοῦντι
961 1366 1264 1435 φανήσεται
1316 1364 1379 1416 τὸ
1414 1365 1556 1418 κατὰ
1582 1364 1682 1436 τὴν
1711 1365 1871 1435 βάτον

270 1457 575 1528 μυστήριον
600 1455 879 1525 ὲλλάμπον
908 1455 1061 1525 αὐτῷ
1081 1496 1095 1515 .
1127 1456 1222 1508 καὶ
1257 1456 1509 1510 διδάσκον
1542 1457 1624 1510 ὅτι
1667 1456 1729 1510 τὸ
1758 1457 1872 1529 πῦρ

262 1548 369 1617 τῆς
403 1548 656 1619 θεότητος
685 1547 981 1618 περιλαϐὸν
1013 1547 1112 1619 τὴν
1134 1548 1489 1620 ἀνθρωπίνην
1516 1548 1701 1619 φύσιν,
1725 1549 1873 1604 κατά

263 1640 368 1712 τὴν
415 1640 851 1713 ὲνανθρὼπησιν,
907 1640 1113 1712 ταύτην
1166 1640 1269 1711 μὲν
1344 1641 1703 1714 ὲπυράκτωσε
1777 1644 1871 1698 καὶ

261 1738 492 1800 ἑθέωσε,
533 1738 681 1792 σῶαν
710 1737 1105 1808 κσυντηρῆσαν.
1154 1738 1265 1801 Τάς
1312 1736 1370 1791 δὲ
1417 1736 1869 1809 προϐαλλομένοις

260 1832 513 1895 ἀκάνθας
550 1830 651 1899 τῆς
701 1831 979 1902 ἁμαρτίας
1021 1830 1354 1885 κατέκαυσε.
1389 1831 1499 1884 Καὶ
1527 1831 1610 1883 ὅτι
1661 1830 1868 1904 προτύ-

1988 913 2125 969 tium
2158 930 2171 966 :
2204 921 2260 968 et
2300 925 2426 965 cum
2478 908 2854 977 conspirasset
2894 923 3020 963 cum
3056 924 3123 964 eo
3177 910 3324 979 quod
3366 918 3452 966 est
3479 910 3587 965 sibi

1986 1005 2347 1075 conjunctum
2370 1016 2437 1056 ac
2462 998 2758 1063 familiare,
2784 998 3056 1053 interimit
3081 1000 3346 1055 alienum.
3371 999 3588 1057 Formi-

1931 1159 1938 1164 ,
1985 1098 2125 1151 dans
2160 1105 2344 1151 autem
2369 1093 2681 1164 periculum
2708 1091 2857 1163 quod
2892 1091 2999 1147 sibi
3041 1094 3368 1150 imminebat
3392 1111 3420 1150 a
3446 1094 3591 1151 Pha-
3645 1161 3649 1166 .

1984 1201 2175 1251 raone,
2200 1185 2337 1258 fugit
2370 1185 2691 1257 longissime
2718 1185 2786 1239 ab
2806 1184 2928 1255 ejus
2944 1183 3230 1240 dominatu
3260 1201 3324 1242 ac
3349 1187 3582 1253 ditione,

1981 1280 2325 1337 contendens
2346 1279 2414 1333 ad
2444 1278 2697 1333 altiorem
2739 1276 2865 1331 vita:
2894 1276 3337 1333 institutionem:
3379 1287 3437 1333 et
3464 1294 3552 1333 ma
3571 1309 3583 1319 ~

1981 1372 2065 1427 los
2095 1379 2346 1441 pastores
2374 1370 2563 1439 inique
2592 1376 2815 1425 utentes
2842 1368 3051 1424 ﬂuento
3073 1369 3341 1426 doctrina:
3355 1371 3583 1441 expellit

1979 1465 2033 1520 vi
2066 1474 2519 1537 argumentorum
2568 1477 2633 1517 ac
2668 1462 3164 1533 reprehensionum
3187 1503 3203 1528 ,
3245 1473 3303 1517 et
3335 1464 3381 1518 si
3419 1479 3585 1533 opor-

1980 1563 2095 1611 teat
2122 1570 2317 1609 rursus
2355 1552 2609 1608 habitare
2641 1566 2767 1607 cum
2804 1550 3135 1621 alienigena,
3164 1552 3273 1607 hoc
3308 1560 3414 1617 est,
3451 1568 3583 1609 ver-

1979 1646 2090 1702 sari
2114 1662 2240 1702 cum
2271 1654 2500 1701 externa
2529 1644 2901 1716 philosophia,
2935 1645 3043 1700 hoc
3075 1644 3322 1700 admittit
3353 1656 3584 1717 propter

1978 1755 2162 1803 usum,
2210 1738 2416 1810 degens
2444 1738 2500 1792 in
2548 1739 2983 1809 tranquillitate,
3015 1747 3073 1794 et
3119 1753 3354 1809 pascens
3395 1748 3583 1797 motus

1977 1830 2195 1886 animat.
2234 1828 2327 1886 Sic
2365 1837 2550 1883 autem
2588 1828 2795 1883 viventi
2838 1826 3128 1898 apparebit
3163 1826 3489 1899 mysterium
3522 1826 3579 1883 in

259 1923 443 1987 πωσίς
478 1925 597 1976 ἐστι
646 1923 747 1993 τῆς
784 1924 845 1991 ἐξ
883 1921 1056 1976 ἐθνῶν
1105 1922 1460 1993 Ἑκκλησίας.
1502 1924 1716 1994 Ὠσπερ
1756 1923 1859 1995 γὰρ

1976 1921 2137 1987 rubo,
2167 1936 2296 1976 eum
2331 1920 2653 1975 illuminans
2678 1928 2735 1974 et
2761 1919 3000 1991 docens,
3027 1919 3176 1991 quod
3208 1919 3353 1991 ignis
3378 1919 3581 1978 divini-

262 2018 303 2087 ἡ
334 2015 495 2086 βάτος
522 2017 874 2087 χαμαιπετὴς
906 2016 1046 2077 ἔστι,
1078 2016 1176 2069 καὶ
1210 2013 1569 2086 διηπλωμένη
1600 2017 1743 2069 κατὰ
1769 2016 1869 2087 τῆς

257 2110 389 2179 γῆς,
421 2107 515 2161 καὶ
545 2109 848 2178 πεφρικυῖα
866 2109 988 2169 ταῖς
1015 2105 1304 2169 ἀκάνθαις
1330 2105 1476 2159 οὓτω
1507 2106 1605 2159 καὶ
1634 2106 1704 2159 τά
1736 2105 1865 2175 ἔθνη

260 2201 396 2272 περὶ
432 2202 503 2254 τά
533 2199 711 2271 γεηρὰ
742 2200 1007 2273 πρότερον
1042 2197 1303 2269 ἐσύροντο
1348 2199 1600 2269 νοήματα
1620 2239 1635 2264 ,
1668 2201 1764 2251 καὶ
1796 2198 1866 2251 τὰ

258 2293 414 2365 πάθη
452 2293 549 2364 τῆς
578 2293 873 2363 ἁμαρτίας,
912 2292 1082 2363 μηδὲν
1116 2292 1321 2364 ὑψηλὸν
1349 2292 1626 2363 δυνάμενα
1663 2309 1867 2361 φαντα·

258 2385 481 2458 σθῆναιο
508 2387 602 2440 καὶ
629 2386 774 2439 κατά
797 2386 897 2458 τῆς
921 2386 1023 2457 γῆς
1042 2381 1185 2457 ἦσαν
1210 2385 1609 2455 ὲσκεδασμένα,
1639 2387 1734 2439 καὶ
1759 2385 1861 2451 τὰς

254 2477 505 2542 ἀκάνθας
530 2478 631 2547 τῆς
652 2477 930 2549 ἁμαρτίας
968 2478 1418 2549 περιεϐέϐληντο.
1454 2478 1528 2530 T6
1554 2478 1613 2529 δὲ
1643 2476 1735 2530 διὰ
1763 2477 1859 2530 τοῦ

255 2571 407 2624 θείου
440 2571 820 2641 βαπτίσματος
846 2571 1011 2636 ἀῡλον
1038 2570 1151 2641 πῦρ
1179 2568 1437 2639 φλογίζον
1466 2567 1694 2632 ἀπαθῶς
1720 2570 1861 2623 αὐτά

255 2661 518 2732 καθαίρει
542 2703 557 2725 ,
590 2664 760 2732 μόνας
794 2662 1092 2735 ἑμπιπρῶν
1117 2664 1218 2728 τάς
1248 2662 1493 2727 ἀκάνθας
1533 2664 1634 2733 τῆς
1673 2664 1861 2734 ἀμαρ-

250 2753 417 2817 τίας’
466 2771 485 2806 ι
517 2755 691 2818 Αὐτὸς
728 2754 869 2826 γάρ,
900 2757 1087 2826 φησὶν,
1132 2756 1278 2826 ὑμᾶς
1314 2755 1568 2825 βαπτίσει
1602 2756 1661 2807 ὲν
1690 2753 1858 2808 Πνεῦ-

258 2862 396 2916 ματι
421 2844 565 2917 ἁγίῳ
599 2848 694 2900 καὶ
723 2846 877 2915 πυρί.
917 2866 936 2897 ι
983 2848 1093 2900 Καὶ
1127 2848 1210 2900 ὅτι
1246 2850 1589 2919 σκιαγραφεϊ
1625 2848 1724 2918 τὴν
1760 2863 1860 2916 νη-

252 2935 354 2990 δὺν
381 2937 479 3007 τῆς
509 2938 864 3009 θεομήτορος·
890 2938 949 2989 ὲν
1035 2938 1095 2990 τὸ
1121 2936 1234 3006 πῦρ
1254 2937 1353 3008 τῆς
1379 2937 1635 3009 θεότητος
1655 2936 1864 3007 ἀστρά-

252 3028 368 3097 ψαν
401 3028 816 3096 ἀκατάφλεκτον
843 3028 1016 3097 αὐτὴν
1046 3028 1393 3097 διεφύλαξεν.

1975 2016 2104 2071 tatis
2136 2014 2621 2084 comprehendens
2669 2014 2969 2070 humanam
3013 2024 3289 2079 naturam,
3318 2014 3466 2085 quod
3508 2015 3579 2071 ad

1972 2107 2337 2162 humanitatis
2361 2106 2562 2162 attinet
2602 2107 3041 2176 susceptionem.
3070 2122 3192 2163 eam
3216 2105 3445 2177 quidem
3487 2106 3579 2160 in-

1972 2199 2273 2255 ﬂammavit
2318 2208 2374 2256 et
2415 2199 2659 2255 divinam
2700 2199 2907 2263 eﬂ‘ecit,
2955 2199 3160 2254 salvam
3216 2214 3575 2255 conservans.

1972 2292 2190 2348 Peccati
2208 2302 2539 2362 autemquae
2554 2291 3010 2362 producebantur
3025 2291 3213 2361 spinas
3234 2291 3575 2357 combussit;

1971 2392 2029 2439 et
2066 2383 2216 2454 quod
2246 2399 2311 2439 ea
2335 2391 2423 2439 est
2460 2382 2836 2456 praeﬁguratio
2884 2383 3147 2439 Ecclesiae
3186 2384 3473 2439 sumenda:
3508 2400 3576 2439 ex

1969 2477 2247 2548 gentibus.
2285 2475 2575 2543 Quomodo
2604 2476 2755 2532 enim
2791 2477 2967 2531 rubus
2998 2484 3085 2531 est
3123 2475 3355 2531 humilis
3386 2486 3444 2531 et
3475 2492 3575 2532 ex-

1971 2576 2163 2623 tensus
2191 2567 2245 2622 in
2280 2577 2447 2633 terra,
2469 2577 2526 2623 et
2561 2567 2796 2622 horrens
2820 2566 2997 2637 spinis
3027 2583 3040 2620 :
3078 2566 3153 2621 ita
3182 2565 3351 2621 etiam
3382 2575 3578 2638 gentes

1967 2660 2124 2731 prius
2150 2660 2517 2715 trahebantur
2539 2660 2691 2715 circa
2710 2668 2961 2715 terrenas
2987 2658 3355 2731 cogitationes
3376 2668 3431 2715 et
3446 2674 3579 2730 pec-

1968 2750 2077 2806 cati
2128 2749 2453 2806 aﬂ‘ectiones
2500 2764 2565 2805 ac
2611 2748 3102 2820 perturbationes,
3144 2748 3287 2803 nihil
3325 2750 3576 2805 valentes

1966 2844 2249 2900 excelsum
2289 2842 2712 2914 apprehendere
2750 2843 2989 2907 visione,
3030 2854 3085 2899 et
3130 2843 3189 2898 in
3229 2850 3380 2899 terra
3415 2852 3576 2899 erant

1968 2938 2253 3008 dispersae,
2280 2946 2337 2992 et
2360 2936 2537 3006 spinis
2565 2937 2777 3006 peccati
2807 2936 3035 2992 indutae.
3060 2936 3166 3005 Qui
3190 2954 3291 3008 per
3318 2937 3573 2993 divinum

1968 3036 2157 3083 autem
2189 3026 2528 3097 baptismum
2570 3026 2790 3081 exsistit
2834 3020 2980 3096 ignis
3038 3042 3240 3097 expers
3299 3030 3570 3091 materiae,

255 3117 648 3188 impatibiliter
690 3135 755 3174 ea
798 3120 1149 3176 inﬂammans
1189 3131 1480 3194 expurgat,
1525 3122 1864 3177 comburens
1904 3121 2048 3176 solas
2077 3120 2265 3191 spinas
2298 3120 2532 3190 peccati.
2576 3138 2593 3171 ι
2640 3120 2763 3190 Ipse
2798 3120 2969 3185 enim,
3016 3120 3218 3192 inquit,
3265 3136 3364 3177 vos
3396 3120 3576 3193 bapti-

253 3209 409 3264 zabit
446 3211 504 3265 in
544 3211 756 3282 Spiritu
799 3222 991 3269 sancto
1031 3226 1087 3270 et
1123 3214 1334 3286 igne".
1384 3235 1403 3266 ι
1438 3215 1507 3271 Et
1547 3216 1696 3286 quod
1738 3215 2007 3271 describit
2056 3226 2115 3271 et
2151 3214 2449 3270 adumbrat
2493 3221 2717 3270 uterum
2751 3214 2948 3270 matris
2982 3214 3103 3279 Dei,
3160 3217 3216 3270 in
3243 3231 3356 3287 quo
3395 3216 3578 3288 fulgu-

253 3317 389 3357 rans
412 3303 555 3374 ignis
583 3304 919 3368 divinitatis,
962 3305 1145 3378 ipsum
1184 3308 1540 3363 conservavit
1576 3309 2016 3364 incombustum.

331 3399 544 3471 Ὠσπερ
575 3403 604 3454 6
647 3402 857 3471 Μωσῆς
904 3401 1322 3473 βραδύγλωσσος
1366 3400 1455 3475 ῆν,
1504 3404 1651 3459 οὕτω
1698 3408 1793 3459 καὶ
1825 3404 1854 3458 6

2032 3404 2190 3461 Sicut
2217 3403 2395 3460 Moses
2418 3412 2538 3459 erat
2580 3403 2845 3460 tardioris
2872 3403 3133 3475 linguas“
3151 3446 3166 3470 ,

252 3494 551 3557 Μωσαῖκὸς
580 3493 746 3564 νόμος
782 3494 1200 3565 βραδύγλωσσός
1253 3499 1369 3551 ἐστι
1417 3498 1555 3569 πρὸς
1598 3499 1661 3551 τὸ
1708 3498 1859 3570 διοιρ⁶

254 3584 425 3656 θροῦν
463 3584 553 3639 τὸν
583 3588 715 3658 περὶ
760 3586 858 3641 τοῦ
908 3588 1064 3651 δντος
1102 3589 1282 3657 λόγον,
1335 3590 1430 3645 καὶ
1475 3592 1707 3664 τρανοῦν
1762 3591 1860 3663 τὴν

254 3678 513 3748 περὶτῆς
554 3678 719 3747 ἁγίας
746 3678 979 3749 Τριάδος
1022 3680 1329 3749 θεολογίαν.
1367 3682 1480 3735 Καὶ
1530 3682 1859 3751 ἰσχνόφωνος

252 3769 347 3833 δὲ,
383 3769 460 3833 ὡς
508 3769 725 3838 ὀλίγους
773 3772 1099 3840 προσλαλεῖν
1138 3773 1460 3844 δυνάμενος.
1508 3773 1710 3842 Ὀλίγοι
1749 3775 1858 3844 γὰρ

251 3864 306 3916 οί
364 3863 700 3935 Ἰσραηλῖται
747 3867 855 3933 πρὸ
900 3866 997 3920 ὅλα
1044 3866 1115 3921 τά
1157 3866 1310 3937 ἔθνη.
1366 3866 1455 3920 Διὸ
1510 3861 1857 3939 προστίθεται

250 3954 432 4027 τούτῳ
472 3957 569 4009 καὶ
614 3956 828 4028 Ἀαρὼν
876 3960 904 4012 ὀ
945 3959 1174 4028 ἀδελφὸς
1207 3959 1375 4014 αὑτοῦ
1398 4002 1413 4027 ,
1447 3959 1594 4014 τοῦτ’
1629 3960 1803 4026 ἐστιν,
1830 3962 1859 4013 6

252 4047 615 4116 εὐαγγελικὸς
649 4052 834 4119 νόμος.
870 4051 1087 4123 Ὥσπερ
1129 4052 1241 4123 γάρ
1274 4055 1303 4106 6
1349 4054 1588 4123 Χριστὸς
1623 4054 1857 4123 ἀδελφός

253 4145 376 4196 ἐστι
403 4144 648 4207 Μωσέως
678 4147 821 4199 κατά
848 4145 908 4200 τὺ
938 4146 1307 4215 ἀνθρώπινον*
1343 4146 1488 4201 οὕτω
1514 4149 1607 4203 καὶ
1631 4150 1660 4201 6
1692 4149 1858 4216 εὐαγ-

250 4232 349 4303 γτὶ
362 4233 473 4296 tuo;
493 4234 656 4304 νόμος
674 4234 902 4304 ἀδελφός
923 4237 1148 4289 ἐστικαὶ
1167 4238 1229 4289 σύ
1240 4255 1459 4307 μφωνος
1476 4238 1553 4308 τῷ
1573 4240 1857 4309 Μωσαῖκῷ

251 4327 398 4381 κατά
424 4327 486 4380 τὸ
514 4328 886 4398 πνευματικὸν
927 4328 1095 4383 αὑτοῦ
1133 4329 1227 4383 καὶ
1258 4330 1571 4399 νοούμενον.
1612 4332 1710 4393 Ὃς
1759 4333 1855 4384 καὶ

251 4418 562 4487 διαλέγεται
593 4421 730 4473 πᾶσι
761 4422 873 4483 τοῖς
906 4420 1138 4488 ἔθνεσιν,
1166 4421 1245 4485 ὡς
1292 4423 1387 4475 καὶ
1435 4421 1649 4493 Ἀαρὼν
1689 4426 1853 4477 παντὶ

248 4510 334 4581 τῷ
362 4510 498 4581 λαῷ.
530 4511 641 4565 Καὶ
684 4512 712 4564 6
759 4512 858 4582 μὲν
889 4513 1247 4582 εὐαγγελικὺς
1280 4514 1360 4585 τῷ
1392 4514 1674 4586 Μωσαῐκῷ
1704 4516 1855 4584 γίνε-

248 4619 345 4656 ται
374 4604 575 4675 στόμα,
609 4606 732 4681 ἐπεὶ
760 4603 857 4658 καὶ⁵
899 4604 1113 4677 ’Δαρὼν
1142 4606 1221 4678 τῷ
1251 4607 1447 4661 Μωσεῖ
1500 4610 1591 4661 καὶ
1612 4609 1855 4680 ’διερμη-

249 4695 402 4749 νεύει
428 4694 467 4750 ἃ.
499 4697 893 4766 πνευματικῶς
935 4698 1031 4751 καὶ
1064 4699 1404 4769 ἀσυμφανῶς
1432 4702 1642 4764 ἐκεῖνος
1677 4701 1848 4766 λαλεῖ,

248 4788 348 4841 καὶ
374 4787 436 4840 τὸ
461 4788 789 4858 ίσχνόφωνον
816 4788 983 4842 αὐτοῦ
1023 4790 1161 4861 πρὸς
1192 4794 1255 4845 τὸ
1288 4793 1649 4863 εὐηχὲστερον
1685 4811 1851 4863 μετα-

248 4878 487 4949 τίθησιν.
517 4897 535 4929 ι
564 4880 678 4931 Οὐκ
706 4875 870 4951 ἦλθον
892 4881 1021 4954 ﬁt),
1048 4882 1205 4949 φησὶ,
1229 4884 1534 4937 καταλῦσαι
1551 4884 1642 4937 τὸν
1662 4888 1849 4954 νόμον,

250 4939 392 5023 ἁλλά
415 4970 706 5041 πληρῶσαι
727 4939 817 5024 διὰ
842 4939 939 5042 r732;
1091 4939 1434 5041 ἐλλείποντος
1454 4939 1796 5049 προσθήκῆς.

260 5064 325 5117 '0
352 5062 408 5117 δὲ
440 5064 734 5126 Μωσαῖκὸς
768 5063 847 5135 τῷ
886 5066 1229 5139 εὐαγγελικῷ
1256 5067 1463 5137 γίνεται
1492 5071 1560 5125 τὰ
1592 5070 1730 5141 πρὸς
1759 5071 1851 5123 τὸν

249 5156 409 5210 Θεόν·
438 5156 517 5227 τῷ
542 5160 652 5230 γάρ
678 5158 1022 5232 εὐαγγελικῷ
1045 5162 1103 5214 at
1132 5163 1383 5233 ἀφορμαὶ
1407 5162 1506 5233 τῆς
1536 5162 1851 5229 θεοσεϐείας

252 5255 316 5303 ὲκ
360 5249 456 5304 τοῦ
493 5252 795 5306 Μωσαῖκοῦ
843 5254 1123 5322 γεγόνασι.
1154 5275 1173 5307 ι
1212 5257 1418 5327 Μωσῆς
1448 5256 1527 5319 δὲ,
1555 5259 1746 5328 φησὶν,
1779 5255 1846 5330 ἦν

249 5344 391 5397 ἑτῶν
427 5350 501 5407 π’,
533 5345 622 5398 ὅτε
648 5346 877 5415 ὲλάλησε
909 5348 1046 5419 πρὸς
1070 5348 1290 5420 Φαραώ.
1334 5349 1546 5421 Ἀαρὼν
1572 5350 1630 5404 δὲ
1662 5358 1752 5421 πγ¹
1778 5347 1846 5421 ἦν

250 5437 413 5489 ἑτῶν·
452 5455 470 5487 ι
507 5437 651 5490 κατὰ
686 5439 880 5508 χρόνον
918 5439 1019 5510 μὲν
1060 5441 1171 5511 γὰρ
1203 5441 1233 5493 6
1266 5442 1487 5512 πρῶτος
1534 5443 1563 5495 6
1611 5443 1845 5515 Ἀαρών.

264 5529 420 5582 Ἐπεὶ
451 5530 542 5582 καὶ
569 5534 601 5601 ὴ
636 5531 971 5602 εὐαγγελικὴ
1002 5534 1248 5587 πολιτεία
1272 5536 1379 5606 πρὸ
1400 5536 1499 5607 τῆς
1533 5538 1765 5608 νομικῆς
1791 5539 1850 5591 ὲν

262 5618 543 5691 Ἀϐραὰμ,
574 5624 671 5675 καὶ
698 5626 812 5685 τοῖς
841 5626 959 5677 κατ’
987 5626 1215 5691 ἐκεῖνον,
1252 5627 1447 5699 ἐφάνη.
1480 5629 1637 5683 Κατά
1666 5629 1723 5683 δὲ
1750 5630 1849 5702 τὴν

252 5711 561 5782 ἀποστολὴν
583 5714 679 5767 καὶ
706 5716 1006 5783 διακονίαν,
1038 5717 1310 5788 δεύτερος,
1342 5720 1465 5773 ἐπεὶ
1489 5721 1585 5775 καὶ
1604 5722 1667 5776 τὸ
1689 5722 1849 5793 εὐαγ-

328 5895 372 5926 ¹⁶’
396 5895 582 5949 Matth.
622 5912 697 5960 Ill,
738 5897 819 5949 ll.
897 5899 939 5929 ²¹
976 5897 1145 5951 F.me
1186 5916 1256 5965 tv,
1307 5901 1385 5954 l0.

1466 5902 1509 5933 Ἠ
1539 5890 1728 5954 Matth.
1762 5920 1811 5963 v,
1847 5905 1897 5957 7.

3210 3404 3286 3461 ita
3326 3405 3413 3461 lex
3459 3407 3576 3463 Mo-

1964 3498 2113 3553 saica
2139 3506 2225 3553 est
2254 3496 2517 3553 tardioris
2541 3497 2745 3569 linguae
2767 3497 2834 3551 ad
2857 3496 3245 3567 explicandum
3269 3499 3393 3569 ejus
3420 3500 3572 3570 quod

1961 3602 2047 3649 est
2086 3593 2381 3657 rationem,
2425 3600 2482 3646 et
2502 3592 2859 3662 aperiendam
2878 3602 3083 3649 sanctae
3105 3594 3397 3651 Trinitatis
3418 3597 3575 3653 theo-

1963 3685 2187 3757 logiam.
2224 3685 2358 3740 Erat
2386 3685 2554 3740 etiam
2584 3700 2719 3740 voce
2750 3686 2903 3750 exili,
2934 3696 2995 3740 ut
3020 3688 3115 3755 qui
3146 3697 3335 3757 posset
3365 3705 3575 3760 paucos

1961 3779 2194 3849 alloqui.
2229 3778 2398 3833 Pauci
2441 3778 2592 3832 enim
2628 3786 2760 3832 sunt
2798 3777 3083 3842 lsraelitae,
3112 3779 3158 3833 si
3205 3780 3574 3841 conferantur

1961 3889 2090 3928 cum
2132 3873 2258 3929 aliis
2300 3871 2581 3943 gentibus.
2629 3871 3000 3937 Quamobrem
3030 3872 3080 3927 ei
3130 3872 3357 3929 additur
3395 3876 3571 3933 frater

1961 3970 2082 4038 ejus
2124 3967 2323 4029 Aaron,
2353 3967 2459 4020 hoc
2485 3976 2589 4029 est,
2616 3965 2706 4019 lex
2736 3965 3069 4036 evangeliea.
3097 3965 3388 4032 Quomodo
3415 3970 3568 4026 enim

1959 4060 2161 4117 Christi
2191 4076 2216 4115 s
2242 4071 2325 4114 est
2344 4058 2514 4115 frater
2536 4058 2723 4123 Mosis,
2753 4058 2900 4129 quod
2934 4058 3131 4114 attinet
3151 4060 3220 4115 ad
3252 4062 3568 4121 humanita-

1964 4162 2075 4209 tem
2109 4171 2122 4208 :
2161 4154 2235 4207 ita
2258 4151 2426 4207 etiam
2458 4151 2547 4206 lex
2577 4150 2896 4222 evangelica
2932 4151 3179 4207 fraterne
3208 4154 3473 4209 convenit
3508 4164 3568 4210 et

1960 4246 2241 4301 consentit
2263 4260 2389 4300 cum
2421 4242 2681 4307 Mosaica,
2715 4243 2862 4313 quod
2898 4244 3098 4299 attinet
3124 4244 3191 4299 ad
3217 4246 3479 4315 spiritum
3508 4256 3566 4302 et

1960 4339 2013 4393 id
2046 4338 2195 4409 quod
2223 4337 2571 4408 intelligitur.
2604 4336 2736 4403 Qua:
2757 4337 2925 4391 etiam
2961 4336 3207 4407 loquitur
3237 4354 3362 4391 cum
3385 4340 3566 4393 omni-

1960 4432 2065 4487 bus
2088 4431 2367 4502 gentibus,
2402 4431 2547 4485 sicut
2586 4440 2641 4485 et
2668 4430 2851 4485 Aaron
2886 4445 3011 4485 cum
3040 4430 3304 4485 universo
3331 4432 3559 4501 populo.

1958 4524 2029 4579 Et
2055 4524 2143 4578 lex
2180 4523 2406 4593 quidem
2456 4523 2773 4592 evangelica
2824 4520 2883 4577 fit
2921 4538 2984 4577 os
3018 4522 3288 4586 Mosaicae,
3326 4525 3471 4578 sicut
3505 4535 3563 4580 et

1957 4619 2139 4674 Aaron
2160 4617 2317 4672 Mosi.
2348 4616 2485 4671 Nam
2524 4617 2778 4671 etAaron
2813 4615 3212 4685 interpretatur
3236 4615 3393 4679 Mosi,
3438 4632 3559 4687 quae

1960 4710 2053 4764 ille
2108 4709 2354 4778 loquitur
2398 4706 2768 4777 spiritualiter
2808 4714 2866 4759 et
2920 4704 3107 4761 minus
3150 4705 3475 4775 perspicue,
3505 4719 3562 4761 et

1908 4770 2111 4858 )voeis
2164 4802 2471 4856 exilitatem
2514 4799 2759 4854 traducit
2809 4798 2878 4853 ad
2932 4814 3131 4854 sonum
3184 4801 3571 4870 grandiorem!

1962 4914 1980 4946 ι
2013 4895 2131 4950 Non
2153 4894 2301 4957 veni,
2333 4892 2531 4959 inquit,
2564 4890 2631 4946 ad
2671 4890 2992 4946 solvendam
3016 4891 3214 4959 legem,
3237 4891 3333 4945 sed
3361 4892 3429 4946 ad
3459 4894 3564 4946 im—

1954 4987 2215 5057 plendam
2244 4987 2311 5051 ",
2349 5005 2366 5035 ι
2408 5000 2508 5054 per
2528 4985 2650 5055 ejus
2671 4984 2818 5054 quod
2851 4984 3011 5039 deest
3038 4982 3403 5039 auditionem.
3446 4983 3560 5039 Lex

1955 5086 2142 5133 autem
2166 5077 2403 5131 Mosaica
2433 5075 2495 5129 {it
2513 5091 2575 5129 os
2599 5076 2930 5148 evangeliea:
2952 5076 3009 5131 in
3042 5076 3112 5133 iis
3148 5093 3271 5148 qum
3294 5078 3361 5133 ad
3386 5078 3560 5133 Deum

1955 5170 2238 5241 pertinent
2263 5187 2278 5237 ;
2303 5169 2410 5240 legi
2453 5169 2603 5224 enim
2626 5169 3084 5241 evangelicaeDei
3113 5171 3297 5225 cultus
3320 5180 3377 5225 et
3426 5172 3559 5226 reli-

1957 5263 2139 5333 gionis
2159 5263 2381 5317 occasio
2412 5271 2469 5317 et
2502 5260 2907 5317 adminiculum
2948 5264 3164 5317 exstitit
3198 5279 3265 5318 ex
3304 5263 3425 5335 lege
3448 5263 3561 5318 Mo-

1954 5355 2122 5410 saica.
2138 5374 2155 5404 ‹
2181 5355 2359 5409 Moses
2383 5362 2592 5419 autem,
2621 5352 2821 5423 inquit,
2840 5363 2963 5408 erat
2983 5353 3262 5424 octoginta
3283 5367 3557 5408 annorum

1953 5446 2177 5516 quando
2212 5446 2436 5500 locutus
2472 5454 2557 5500 est
2587 5462 2715 5501 cum
2766 5446 3090 5511 Pharaone;
3129 5444 3315 5499 Aaron
3370 5454 3558 5500 autem

1952 5546 2071 5591 erat
2112 5536 2392 5605 octoginta
2439 5536 2607 5590 trium
2664 5551 2937 5590 annorum
2963 5538 3029 5590 ”.
3080 5557 3097 5587 ι
3146 5536 3280 5590 Nam
3306 5548 3557 5606 tempore

1952 5628 2177 5698 quidem
2212 5629 2366 5698 prior
2396 5637 2482 5685 est
2520 5631 2725 5691 Aaron,
2755 5628 3209 5700 quandoquidem
3240 5640 3298 5683 et
3319 5644 3558 5699 evange-

1951 5723 2068 5777 lica:
2085 5723 2210 5777 vita:
2232 5722 2529 5793 institutio,
2554 5736 2679 5781 ante
2698 5723 2997 5796 legitimam
3024 5725 3283 5795 apparuit
3310 5723 3363 5778 in
3385 5723 3559 5778 Abra-

1977 5903 2021 5933 ²³
2046 5902 2220 5958 Exod.
2248 5874 2349 5970 vn,
2378 5905 2437 5978 τε
