4098 6344
561 402 692 456 H87

1784 393 1839 448 S.
1878 389 2151 448 CYRlLlJ
2194 388 2284 444 ΕΤ
2323 388 2631 445 ALIORUM

3701 388 3758 442 Π
3773 385 3840 440 88

559 521 721 572 hamo
753 522 809 570 et
848 513 917 569 iis
944 513 1217 583 quierant
1244 509 1337 566 illo
1360 519 1604 580 tempore
1632 526 1645 562 :
1676 509 1940 564 missione
1961 517 2145 562 autem

2257 504 2433 573 γέλιον
2475 502 2704 575 ὕστερον
2750 499 2846 554 τοῦ
2908 501 3076 572 νόμου
3133 499 3358 555 δέδοται.
3435 501 3729 571 ’λ’περέχει
3783 504 3840 556 δὲ

557 616 616 662 ct
653 607 964 662 ministerio
981 614 1068 659 est
1091 603 1385 674 posterior,
1423 600 1870 671 quandoquidem
1904 601 2147 671 Evange-

558 701 696 755 lium
724 700 913 754 datum
940 697 1044 752 fuit
1089 705 1213 765 post
1235 696 1430 766 legem.
1460 694 1725 748 Ternario
1753 705 1938 749 autem
1972 711 2144 748 anno-

560 808 686 846 rum
721 798 947 860 superat
983 788 1182 842 Aaron.
1217 787 1353 840 Nam
1395 785 1649 840 Christus
1673 800 1893 856 quoque
1924 794 2148 854 superat

561 885 853 939 divinitate
890 881 1149 936 ternaria.
1182 880 1250 934 Et
1288 880 1492 948 alioqui
1524 878 1784 933 Christus
1804 879 2027 948 quidem
2061 885 2147 933 est

562 976 852 1039 vetustior,
879 974 923 1028 si
946 980 1226 1042 spectetur
1248 972 1527 1026 divinitas.
1562 971 1844 1026 Posterior
1871 980 2075 1036 autem,
2098 970 2146 1024 si

565 1067 876 1122 humanitas
904 1074 962 1121 et
975 1064 1328 1134 dispensatio.

635 1153 795 1222 Virga
830 1167 952 1222 qua
983 1152 1184 1206 cecidit
1213 1168 1280 1206 ex
1310 1167 1472 1205 manu
1506 1150 1689 1215 Hosis,
1716 1161 1773 1206 et
1810 1160 2017 1207 mutata
2042 1151 2147 1206 fuit

567 1247 622 1300 in
644 1256 977 1314 serpentem,
1006 1255 1062 1298 et
1093 1260 1284 1298 rursus
1314 1245 1368 1298 in
1391 1261 1610 1297 manum
1641 1247 1762 1315 ejus
1796 1261 1892 1316 per
1916 1245 2142 1298 caudam

563 1347 810 1408 accepta,
851 1347 908 1392 et
946 1338 1001 1391 in
1034 1337 1244 1406 virgam
1270 1337 1602 1403 restituta“,
1629 1338 1973 1408 signiﬁcabat
1997 1337 2146 1407 quod

563 1432 956 1501 protoplastus,
975 1443 1098 1482 cum
1116 1429 1171 1482 in
1190 1443 1355 1482 manu
1387 1429 1480 1483 Dei
1498 1430 1714 1484 essetin
1735 1430 2023 1499 principio,
2052 1430 2149 1484 de-

563 1522 702 1577 cidit
725 1521 794 1576 ad
828 1536 916 1575 res
941 1530 1189 1575 terrenas
1211 1521 1528 1575 mandatum
1545 1531 1939 1591 transgressus,
1972 1533 2028 1575 et
2050 1537 2148 1592 per

564 1615 758 1667 vitium
787 1612 1010 1682 irrepsit
1031 1611 1099 1664 ad
1138 1613 1475 1667 mortiferam
1520 1615 1792 1684 serpentis
1822 1615 2146 1684 improbita-

567 1716 696 1760 tem.
722 1705 917 1774 Opil'ex
945 1713 1129 1758 autem
1152 1719 1280 1757 eum
1306 1720 1497 1758 rursus
1523 1706 1890 1775 apprehendit
1915 1721 2012 1776 per
2038 1707 2147 1760 hu-

567 1797 889 1851 manitatem
941 1805 1109 1864 atque
1154 1797 1209 1850 in
1255 1798 1487 1866 primam
1532 1798 1780 1852 restituit
1828 1798 2143 1868 imaginem,

2250 600 2444 669 Τριάδι
2464 597 2602 652 ἐτῶν
2631 599 2662 650 6
2700 595 2935 667 Ἀαρὼν,
2967 596 3092 648 ἐπεὶ
3125 597 3221 648 καὶ
3248 598 3277 649 6
3306 595 3542 666 Χριστὸς
3569 597 3714 648 κατὰ
3739 595 3841 664 τὴν

2249 691 2500 762 θεότητα.
2531 691 2642 744 Καὶ
2667 689 2868 759 tum
2894 687 2954 740 δὲ
2987 686 3361 758 πρεσϐύτερος
3390 687 3493 758 μὲν
3521 690 3550 740 6
3577 688 3839 755 Χριστος,

2250 785 2394 838 κατὰ
2428 785 2528 855 τὴν
2567 783 2820 853 θεότηταο
2871 781 3392 852 ὑπερογενέστερος
3439 780 3498 833 δέ
3548 781 3693 834 κατὰ
3735 780 3840 850 τὴν

2248 876 2348 930 ἀνθ
2355 878 2647 947 ρωπότητα
2681 874 2776 928 καὶ
2803 872 3141 927 οἰκονομίαν.

2331 1151 2713 1208 ’Λποπεσοῦσα
2739 1151 2840 1224 τῆς
2867 1150 3050 1223 χειρὸς
3097 1149 3194 1205 τοῦ
3233 1150 3478 1215 Μωσέως
3510 1153 3545 1222 η
3597 1152 3799 1222 ράωος
3821 1193 3838 1218 ,

2248 1248 2343 1298 καί
2370 1249 2450 1310 εἰς
2482 1247 2609 1315 δφιν
2651 1243 3261 1316 μετασχηματισθεϊσα,
3292 1244 3388 1298 καὶ
3418 1244 3583 1299 πάλιν
3608 1249 3673 1300 ὲν
3692 1248 3843 1318 χειρὶ

2247 1338 2413 1394 αὑτοῦ
2442 1340 2712 1409 ληφθεῖσα
2734 1341 2832 1410 τῆς
2854 1340 3080 1409 κέρκου,
3108 1337 3203 1392 καὶ
3228 1341 3307 1400 εἰς
3333 1337 3534 1408 ῥάϐδον
3556 1338 3845 1393 dmuta-

2249 1433 2445 1495 στᾶσα,
2480 1432 2778 1502 ἐσήμανεν,
2811 1430 2888 1492 ὡς
2920 1433 2950 1484 6
2978 1429 3401 1502 πρωτόπλαστος
3428 1431 3486 1484 ἐν
3522 1431 3674 1501 χειρὶ
3699 1431 3842 1485 Θεοῦ

2250 1543 2355 1580 κατ
2372 1527 2386 1545 ’
2405 1526 2579 1596 ἀρχὰς
2607 1524 2683 1577 ῶν
2707 1525 2986 1578 ἀπέπεσεν
3014 1526 3095 1586 εἰς
3125 1523 3197 1576 τὰ
3223 1525 3407 1595 γήϊνα,
3436 1523 3696 1594 παραϐὰς
3737 1527 3844 1593 τὴν

2248 1617 2492 1687 ἐντολὴν,
2529 1615 2625 1670 καὶ
2644 1615 2734 1668 διὰ
2759 1615 2864 1685 τῆς
2887 1615 3108 1678 κακίας,
3144 1617 3226 1678 εἰς
3263 1616 3644 1686 θανατηφόρον
3671 1633 3842 1687 παν-η-

2251 1707 2376 1778 ρίαν
2415 1706 2595 1775 δφεως
2643 1706 2894 1777 εῐρπυσε.
2931 1705 3103 1758 Πάλιν
3151 1704 3210 1757 δέ
3253 1705 3284 1757 6
3327 1703 3661 1777 δημιουργὺς
3705 1703 3841 1758 Θεὸς

2250 1796 2646 1868 ἐπιλαϐόμενος
2677 1794 2846 1850 αὐτοῦ
2873 1795 2964 1850 διὰ
2993 1797 3092 1864 τῆς
3117 1795 3586 1866 ἐνανθρωπήσεως
3614 1797 3698 1858 εἰς
3738 1795 3842 1864 τὴν

566 1888 910 1959 pristinoque
945 1887 1146 1941 decore
1184 1887 1365 1941 induit
1396 1903 1494 1956 per
1513 1888 1959 1944 observationem
1986 1905 2144 1944 man-

2257 1889 2476 1960 πρώτην
2497 1889 2941 1958 ἁπεκατέστησεν
2967 1888 3175 1953 εἰκόνα,
3195 1889 3292 1942 καὶ
3310 1888 3372 1940 τὸ
3388 1889 3612 1958 ἀρχαῖον
3641 1887 3844 1948 κάλλος

567 1980 842 2035 datorum.
875 1977 1060 2033 Cauda
1081 1989 1265 2033 autem
1296 1995 1423 2033 cum
1452 1979 1522 2034 sit
1543 1995 1670 2049 pars
1687 1990 1952 2044 extrema,
1980 1982 2150 2051 signi-

566 2072 764 2130 ﬁcabat
795 2071 1194 2126 humanitatem
1240 2081 1553 2144 susceptam
1591 2074 1648 2127 in
1679 2073 1889 2128 ultimis
1929 2075 2145 2130 diebus.

634 2247 696 2302 In
729 2248 912 2302 sinum
938 2247 1104 2303 Hosis
1132 2247 1378 2303 immissa
1395 2265 1592 2304 manus
1615 2251 1756 2321 ejus,
1783 2260 1840 2305 et
1860 2250 1991 2305 dum
2016 2251 2154 2306 edu-

566 2348 791 2394 ceretur
805 2339 1002 2394 eﬁ‘ecta
1045 2341 1283 2411 leprosa,
1306 2351 1362 2395 et
1389 2358 1587 2396 rursus
1611 2343 1853 2397 immissa
1874 2353 1930 2396 et
1951 2343 2152 2398 educta

566 2431 804 2495 munda,
842 2429 1189 2500 signiﬁcabat
1239 2433 1388 2501 quod
1437 2433 1532 2502 qui
1586 2433 1654 2486 ad
1701 2433 1796 2487 Dei
1858 2434 2152 2502 imaginem

565 2519 743 2576 factus
771 2529 856 2576 est
878 2521 1064 2587 homo,
1089 2522 1338 2592 quandiu
1381 2523 1606 2592 quidem
1637 2523 1740 2577 fuit
1772 2524 1828 2576 in
1858 2524 1955 2577 Dei
1991 2533 2149 2593 tegu—

565 2620 775 2678 mento,
802 2623 1063 2684 tanquam
1099 2614 1154 2668 in
1187 2615 1332 2677 sinu,
1367 2622 1488 2668 erat
1535 2615 1776 2669 mundus
1807 2624 1864 2669 et
1894 2615 2152 2684 pulcher-

569 2704 765 2759 rimus.
801 2704 941 2759 Dum
981 2713 1166 2760 autem
1201 2722 1302 2775 per
1325 2705 1612 2759 libidinem
1634 2715 1692 2759 et
1719 2705 2152 2760 inobedientiam

567 2811 634 2850 ex
649 2812 718 2851 eo
740 2796 1091 2863 educeretur,
1121 2797 1302 2852 factus
1323 2808 1410 2853 est
1447 2799 1699 2867 leprosus
1725 2797 2074 2852 deformitate
2096 2805 2153 2851 et

567 2886 976 2943 abominatione
1014 2889 1247 2959 peccati.
1294 2890 1508 2944 Rursus
1541 2897 1724 2943 autem
1765 2904 2022 2944 reversus
2048 2889 2152 2942 sub

567 2978 665 3032 Dei
700 2987 1076 3049 tegumentum
1124 2997 1222 3050 per
1251 2980 1648 3034 continentiam
1684 2989 1741 3034 et
1780 2978 2152 3034 obedientiam

567 3077 628 3125 et
660 3070 717 3124 in
753 3070 929 3125 ﬁlium
981 3071 1328 3142 adoptionem
1351 3112 1366 3136 ,
1406 3072 1698 3125 restitutus
1745 3069 1849 3123 fuit
1907 3068 2156 3138 pristinae

569 3163 995 3233 pulchritudini,
1022 3172 1080 3220 et
1105 3164 1363 3235 apparuit
1390 3163 1631 3218 mundus
1665 3180 1721 3219 et
1752 3162 1980 3218 nitidus.

641 3255 930 3311 Desertum
953 3263 1138 3310 autem
1181 3270 1252 3309 ex
1287 3270 1400 3324 quo
1437 3255 1676 3309 mittitur
1704 3255 1880 3309 Moses
1905 3255 1960 3308 in
1989 3253 2155 3326 .Egy-
2181 3270 2226 3330 (ς

569 3356 748 3421 ptum,
780 3355 867 3402 est
888 3348 979 3402 hic
1005 3347 1268 3412 mundus,
1301 3355 1397 3402 aut
1422 3349 1661 3402 humana
1687 3359 1905 3412 natura,
1935 3358 2031 3403 aut
2058 3349 2154 3402 ha-

571 3440 724 3495 bitus
751 3449 809 3494 et
847 3448 1025 3494 status
1061 3440 1307 3509 privatus
1350 3439 1521 3503 vitiis,
1556 3439 1651 3494 ubi
1684 3455 1782 3508 per
1812 3439 2154 3509 contempla-

574 3532 784 3588 tionem
831 3547 988 3586 mens
1018 3531 1180 3586 docta
1221 3547 1416 3586 eorum
1453 3547 1575 3601 qua:
1609 3541 1738 3586 sunt
1764 3531 2153 3601 cognitionem,

569 3624 798 3696 jubetur
817 3639 850 3677 a
875 3623 988 3678 Deo
1014 3637 1114 3694 per
1157 3623 1344 3678 cordis
1370 3623 1787 3687 obscuritatem,
1826 3623 2064 3679 educere
2091 3640 2155 3680 ex

573 3729 740 3769 carne
766 3724 824 3769 et
855 3728 1044 3779 sensu,
1082 3722 1344 3784 tanquam
1368 3730 1438 3768 ex
1459 3713 1715 3785 Egypto,
1756 3715 1913 3784 quasi
1946 3715 2160 3769 Israeli-

575 3816 680 3871 tas,
705 3807 922 3861 divinas
957 3822 1143 3861 rerum
1183 3807 1577 3877 intelligendas
1606 3822 1729 3877 qua
1753 3805 2070 3877 afﬂiguntur
2102 3807 2159 3862 in

574 3897 695 3953 luto
723 3897 1007 3952 vitiorum.
1035 3897 1120 3952 Ad
1153 3897 1260 3952 hoc
1288 3907 1474 3953 autem
1497 3901 1857 3970 progrediens
1882 3915 2008 3954 cum
2035 3900 2161 3954 vita

575 4005 691 4046 sua:
717 3999 976 4046 consorte
1001 3990 1295 4060 sapientia,
1325 4000 1382 4045 et
1405 4007 1527 4061 qua:
1568 4006 1636 4046 ex
1663 4008 1730 4048 ea
1765 4002 1851 4048 est
1873 4002 2162 4062 procreata

577 4082 722 4138 bona
747 4090 804 4138 et
828 4098 951 4153 qua
982 4091 1067 4139 est
1097 4099 1167 4139 ex
1197 4083 1402 4138 virtute
1433 4085 1785 4155 cogitatione,
1828 4095 1885 4140 et
1917 4086 2163 4141 honestis

577 4175 848 4241 moribus,
879 4175 1101 4245 quando
1137 4176 1431 4232 diverterit
1460 4187 1518 4232 et
1546 4194 1579 4232 a
1609 4193 1774 4232 cursu
1810 4179 2023 4232 steterit
2056 4180 2164 4232 vir-

579 4268 734 4333 tutis,
763 4270 923 4340 cujus
955 4277 1134 4324 status
1162 4279 1250 4324 est
1278 4279 1461 4325 motus
1485 4270 1626 4335 vitii,
1666 4281 1928 4340 occupata
1966 4272 2020 4326 in
2059 4273 2162 4326 ali-

577 4381 687 4436 qua
713 4380 783 4419 ex
822 4365 992 4422 rebus
1013 4365 1394 4420 materialibus
1413 4381 1538 4436 quae
1567 4367 1829 4437 utrinque
1863 4367 1918 4421 in
1953 4366 2057 4420 hac
2077 4367 2164 4421 via

580 4461 835 4533 adjacent
866 4477 880 4512 :
908 4467 1043 4513 tunc
1083 4473 1210 4513 cum
1246 4457 1559 4514 declaratus
1587 4459 1693 4514 fuit
1735 4459 1856 4531 ejus
1899 4458 2045 4513 ﬁlius
2070 4459 2166 4513 ba-

2253 1977 2469 2031 ἐνέδυσε
2501 1978 2591 2031 διὰ
2616 1979 2716 2048 τῆς
2738 1977 2985 2047 φυλακῆς
3008 1976 3120 2031 τῶν
3145 1977 3402 2031 ἐντολῶν.
3457 1978 3520 2032 Ἠ
3550 1977 3607 2031 δὲ
3640 1978 3843 2048 κέρκος

2253 2067 2481 2140 ἔσχατον
2507 2071 2675 2140 μέρος
2707 2067 2874 2135 οὖσα,
2899 2071 2997 2142 τὴν
3026 2071 3115 2123 ἐπ’
3136 2071 3385 2141 ἐσχάτων
3415 2070 3640 2141 ἡμερῶν
3685 2072 3841 2124 ἐναν-

2254 2160 2538 2230 θρὼπησιν
2569 2161 2896 2233 παρεδήλου.

2327 2252 2710 2323 Εἰσενεχθεϊσα
2749 2255 2832 2317 εἰς
2861 2253 2955 2307 τὸν
3002 2253 3206 2307 κόλπον
3236 2253 3488 2316 Μωσέως
3523 2254 3557 2324 ἠ
3587 2253 3714 2324 χεὶρ
3745 2253 3844 2306 αύ-

2253 2343 2372 2408 τοῦ,
2425 2346 2518 2397 καὶ
2555 2347 2614 2398 ἐν
2654 2345 2733 2416 τῷ
2784 2345 3076 2414 ἐξάγεσθαι
3120 2344 3508 2416 λεπρωθείσα,
3551 2346 3646 2398 καὶ
3683 2341 3842 2408 αὖθις

2254 2435 2632 2506 εἰσενεχθεῖσα
2655 2476 2670 2500 ,
2700 2437 2797 2490 καὶ
2817 2437 3164 2507 ἐξενεχθεῖσα
3196 2437 3442 2508 καθαρὰ,
3462 2438 3741 2508 ἐσήμανεν
3762 2438 3841 2499 ὡς

2253 2530 2282 2580 6
2311 2529 2430 2581 κατ’
2470 2529 2656 2582 εἰκόνα
2687 2529 2826 2582 Θεοῦ
2863 2530 3233 2600 πεποιημένος
3255 2529 3577 2601 ἄνθρωπος,
3597 2530 3708 2593 ἕως
3745 2531 3845 2600 μιν

2251 2615 2324 2690 ἦν
2354 2622 2426 2690 τῇ
2458 2619 2636 2690 σκέπῃ
2663 2618 2759 2673 τοῦ
2792 2619 2952 2684 Θεοῦ,
2985 2620 3242 2691 καθάπερ
3277 2621 3336 2673 ἐν
3359 2620 3567 2690 κόλπῳ,
3604 2619 3846 2690 καθαρὸς

2255 2713 2352 2764 καὶ
2389 2711 2675 2776 κάλλιστος
2706 2708 2795 2783 ἦν.
2841 2713 2930 2764 Ἐν
2960 2713 3017 2766 δὲ
3048 2711 3128 2783 τῷ
3171 2711 3468 2780 ἐξάγεσθαι
3509 2711 3720 2783 ταύτης
3754 2713 3847 2765 διὰ

2255 2806 2567 2877 φιληδονίας
2609 2811 2704 2862 καὶ
2753 2807 3080 2879 παρακοῆς,
3120 2804 3408 2877 ἐλεπρώθη
3459 2807 3527 2876 τῇ
3574 2804 3844 2875 εἰδεχθεία

2255 2899 2350 2951 καὶ
2379 2898 2636 2970 βδελυρίᾳ
2682 2898 2786 2969 τῆς
2822 2899 3124 2971 ἁμαρτίας.
3154 2895 3321 2964 Αὖθις
3357 2899 3415 2953 δέ
3456 2899 3515 2951 ἐν
3554 2899 3623 2967 τῇ
3664 2898 3844 2968 σκέπῃ

2254 2989 2352 3042 τοῦ
2381 2990 2542 3057 Θεοῦ,
2569 2991 2636 3044 δι’
2660 2993 2989 3064 ἐγκρατείας
3017 2993 3112 3046 καὶ
3142 2992 3415 3062 ὑπακοῆς,
3448 2990 3546 3044 καὶ
3566 2989 3844 3052 υἱοθεσίας

2257 3084 2552 3152 γενόμενος
2578 3122 2594 3146 ,
2635 3084 2994 3155 ἀποκατέστη
3025 3085 3164 3156 πρὸς
3193 3083 3296 3155 τὴν
3329 3083 3392 3148 ἐξ
3417 3081 3598 3154 ἀρχῆς
3645 3081 3847 3152 ὡραιόο

2257 3189 2419 3242 τητα,
2448 3175 2545 3226 καὶ
2570 3175 2745 3246 ἐφάνη
2771 3176 3012 3246 καθαρὸς
3039 3175 3137 3230 καὶ
3163 3175 3437 3246 λαμπρός.

2342 3264 2406 3317 Ἦ
2432 3265 2638 3336 ἔρημος
2671 3269 2764 3336 ἀφ’
2785 3263 2855 3339 ἧς
2885 3269 3162 3340 τέμπεται
3194 3267 3403 3336 Μωσῆς
3427 3267 3511 3330 εἰς
3543 3265 3842 3334 Αἴγυπτον,

2256 3354 2408 3410 ἐστιν
2429 3356 2458 3408 6
2487 3356 2696 3426 κόσμος
2723 3352 2904 3422 οὗτος,
2939 3360 2973 3428 ὴ
3005 3357 3324 3428 ἀνθρωπίνη
3373 3356 3559 3426 φύσις,
3593 3356 3627 3427 ἢ
3672 3357 3708 3424 ἡ
3735 3355 3845 3409 τῶν

2257 3447 2449 3502 παθῶν
2481 3449 2824 3521 ἐστερημένη
2870 3451 2987 3518 ἐξις
3035 3452 3131 3504 καὶ
3172 3452 3545 3512 κατάστασις,
3587 3448 3727 3502 ὅπου
3757 3447 3845 3499 διὰ

2258 3540 2494 3613 θεωρίας
2529 3541 2631 3612 τὴν
2669 3543 2779 3596 τῶν
2823 3542 2996 3597 ὄντων
3030 3543 3236 3612 γνῶσιν
3272 3540 3589 3604 παιδευθεὶς
3617 3541 3649 3593 6
3682 3538 3807 3604 νοῦς
3827 3579 3842 3603 ,

2267 3634 2555 3688 κελεύεται
2585 3635 2739 3706 παρὰ
2756 3635 2852 3689 τοῦ
2881 3635 3020 3689 Θεοῦ
3047 3636 3190 3689 κατὰ
3206 3635 3268 3688 τὸ
3303 3635 3406 3697 τῆς
3439 3632 3671 3704 καρδίας
3702 3633 3846 3702 ἀφα-

2260 3728 2372 3792 νές.
2401 3729 2694 3798 ἐξαγαγεῖν
2720 3729 2822 3800 τῆς
2843 3730 3048 3800 σαρκὸς
3073 3730 3172 3782 καὶ
3203 3729 3304 3798 τῆς
3324 3727 3661 3798 αἰσθήσεως.
3685 3725 3760 3787 ὡς
3788 3723 3850 3789 ἔξ

2261 3819 2564 3888 Αἰγύπτου,
2605 3820 2860 3891 καθάπερ
2913 3819 3258 3892 Ἰσραηλίτας
3288 3819 3358 3873 τὰ
3383 3819 3504 3872 θεῖα
3534 3817 3645 3872 τῶν
3678 3818 3847 3871 όντων

2260 3914 2532 3982 νοήματα,
2580 3910 2714 3982 περὶ
2761 3912 2855 3966 τὸν
2897 3912 3069 3982 πηλὸν
3121 3911 3231 3965 τῶν
3277 3909 3466 3964 παθῶν
3515 3907 3845 3978 πονούμενα.

2263 4004 2409 4074 Πρὸς
2427 4003 2586 4057 τοῦτο
2602 4003 2661 4057 δὲ
2692 4003 2927 4074 βαδίζων
2952 4003 3095 4074 μετὰ
3118 4003 3217 4056 καὶ
3237 4003 3341 4072 τῆς
3369 4001 3604 4072 συμδίου
3633 3999 3848 4069 σοφίας,

2263 4097 2359 4150 καὶ
2390 4095 2488 4150 τοῦ
2532 4096 2594 4160 ἐξ
2631 4097 2803 4166 αὐτῆς
2829 4094 2981 4166 αὐτῷ
3013 4094 3371 4167 γεννηθέντος
3412 4092 3673 4164 ἐναρέτου
3705 4093 3851 4160 λογι-

2266 4186 2431 4258 σμοῦ,
2465 4188 2561 4241 καὶ
2587 4187 2796 4259 τρόπου
2830 4185 3054 4258 σεμνοῦ,
3084 4187 3173 4240 ὅτε
3201 4183 3483 4257 καταλύσῃ
3512 4182 3610 4236 καὶ
3630 4183 3731 4252 στῇ
3753 4180 3850 4235 τοῦ

2261 4280 2466 4351 δρόμου
2519 4279 2906 4352 τῆςᾱδφετῆςν
2943 4274 3016 4352 ἧς
3057 4280 3093 4351 ἠ
3145 4278 3338 4341 στάσις
3385 4276 3605 4346 κίνησις
3650 4274 3853 4335 κακίας

2265 4373 2435 4436 ἐστὶν,
2471 4371 2798 4445 ἀσχοληθεὶς
2829 4371 2957 4441 περί
3001 4389 3056 4426 τι
3104 4369 3216 4425 τῶν
3247 4366 3593 4441 ἑκατέρωθεν
3628 4369 3698 4438 τῇ
3746 4365 3854 4437 6δῷ

2265 4463 2438 4537 ταύτῃ
2467 4464 2896 4536 παρακειμένων
2925 4462 3164 4518 ὑλικῶνο
3208 4460 3515 4534 τηνικαῦτα
3551 4459 3646 4514 τοῦ
3677 4459 3852 4530 δηλω-

582 4554 721 4609 bens
759 4551 1090 4624 praeputium
1127 4559 1185 4605 et
1211 4550 1496 4621 profanus,
1531 4551 1682 4606 videt
1718 4559 1976 4622 tanquam
2003 4566 2156 4622 ange-

2268 4552 2453 4618 θίντος
2495 4555 2612 4609 υἰοῦ
2648 4553 2819 4610 αὐτοῦ
2850 4553 3141 4627 γινομένου
3179 4553 3527 4624 ἁιροεύοτου
3556 4552 3656 4605 καὶ
3684 4549 3852 4622 βε⁶ή⁶

580 4647 697 4702 lum
733 4613 974 4715 rigidum
999 4649 1058 4697 et
1080 4613 1359 4706 severum,
1396 4613 1717 4712 arguentem
1740 4613 2010 4696 rationem
2034 4613 2156 4696 con-

2271 4647 2388 4713 λου,
2427 4613 2531 4720 όρᾲ
2577 4648 2835 4720 καθάπερ
3439 4645 3534 4698 τὸν
3561 4613 3858 4714 ἐλέγξοντα

583 4736 851 4800 scientia,
878 4740 1114 4789 mortem
1171 4732 1542 4788 minitantem.
1577 4733 1752 4800 Quem
1784 4734 2020 4804 placavit
2046 4749 2172 4804 qua

583 4844 712 4885 cum
735 4843 804 4884 eo
834 4826 1050 4882 habitat
1094 4825 1388 4894 sapientia,
1436 4827 1776 4882 materialem
1823 4828 2167 4898 phantasiam

586 4922 830 4976 innatam
857 4919 992 4984 ﬁlio,
1019 4932 1219 4987 nempe
1251 4917 1475 4981 rationi,
1509 4917 1936 4985 circumcidens,
1965 4928 2024 4974 et
2044 4927 2171 4974 tan-

585 5028 750 5084 quam
801 5013 1009 5067 ﬂuxum
1037 5009 1323 5081 sanguinis
1355 5011 1643 5067 exsiccans
1674 5022 1885 5068 motum
1913 5012 2040 5068 vitae
2075 5028 2173 5084 pa-

587 5105 781 5161 tibilis.

659 5200 837 5256 Moses
891 5199 1113 5270 quidem
1159 5200 1228 5256 ad
1281 5199 1647 5271 apostolatum
1693 5214 1792 5254 seu
1846 5199 2166 5255 missionem

589 5303 884 5366 provectus
920 5293 1280 5358 subveretur,
1314 5304 1374 5348 et
1411 5307 1522 5347 non
1564 5302 1713 5348 recta
1758 5293 1938 5363 pergit
1964 5295 2031 5356 ³⁸,
2071 5292 2168 5348 sed

2271 4740 2434 4810 λόγον
2479 4742 2582 4813 τῆς
2629 4742 2989 4813 συνειδήσεως
3018 4739 3351 4796 ἀπειλοῦντα
3387 4739 3638 4794 θάνατον.
3676 4738 3775 4791 Ὃν
3821 4737 3855 4805 ἠ

2274 4833 2525 4898 σύνοικος
2575 4832 2745 4888 αὐτοῦ
2793 4834 3040 4888 δυσωπεῖ
3077 4831 3280 4903 σοφία,
3329 4829 3432 4898 τὴν
3489 4827 3858 4898 ἐγγενομένην

2275 4926 2472 4998 ὑλικὴν
2501 4927 2808 4994 φαντασίαν
2847 4925 2929 4996 τῷ
2959 4925 3112 4979 παιδὶ
3159 4923 3411 4994 λογισμῷ
3443 4918 3821 4992 περιτεμοῦσα
3841 4958 3857 4981 ,

2275 5020 2372 5074 καὶ
2419 5019 2675 5089 καθάπερ
2729 5019 2964 5088 αίματος
2992 5017 3150 5090 ῥύσιν
3194 5017 3294 5086 τὴν
3323 5014 3540 5078 κίνησιν
3578 5008 3860 5081 ὲμπαθοῦς

2276 5110 2422 5180 ζωῆς
2449 5108 2866 5182 ἁποξηράνασα.

2347 5201 2557 5271 Μωσῆς
2588 5203 2687 5272 μὲν
2731 5201 3138 5274 προχειρισθεὶς
3181 5200 3261 5262 εἰς
3291 5197 3603 5266 ἀποστολὴν
3645 5195 3856 5249 ὑποδει-

2277 5292 2368 5362 λιᾷ
2403 5293 2500 5347 καὶ
2534 5295 2637 5348 οὑκ
2687 5293 3032 5366 εὑθυδρομεί,
3064 5293 3204 5346 ἀλλὰ
3233 5291 3327 5344 καὶ
3374 5292 3490 5352 τοῖς
3530 5289 3676 5341 κατὰ
3708 5288 3861 5356 γένος

589 5397 647 5444 et
665 5386 734 5441 de
757 5385 1198 5457 peregrinatione
1217 5384 1591 5440 communicat
1615 5401 1740 5440 cum
1764 5385 1833 5440 iis
1848 5386 1944 5455 qui
1965 5401 2156 5456 genere

2282 5383 2622 5455 προσήκουσι
2653 5387 3048 5453 κοινολογεϊται
3081 5384 3212 5455 περὶ
3247 5383 3350 5453 τῆς
3377 5380 3694 5450 ἀποδημίας
3718 5421 3733 5444 ,
3769 5380 3861 5432 καὶ

591 5480 659 5535 ad
698 5492 827 5533 eum
869 5479 1215 5544 attinebant,
1261 5491 1319 5534 et
1362 5479 1526 5534 simul
1573 5480 1805 5533 assumit
1849 5493 2075 5533 uxorem
2116 5489 2156 5531 (η

2286 5477 2831 5548 συμπαραλαμϐάνει
2891 5479 2994 5550 την
3059 5481 3294 5542 γυναῖκα
3358 5475 3458 5529 καὶ
3522 5475 3596 5527 τὰ
3658 5472 3859 5526 παιδία.

593 5571 756 5628 ﬁlios.
806 5568 990 5626 Aaron
1030 5579 1214 5626 autem
1261 5573 1401 5630 nihil
1442 5586 1510 5626 ex
1551 5570 1620 5626 iis
1655 5569 1866 5626 faciens
1917 5570 2156 5640 protinu:

2295 5569 2509 5642 ’Δαρὼν
2553 5571 2612 5625 δὲ
2666 5572 2834 5644 μηδὲν
2864 5589 2919 5625 τι
2951 5569 3196 5625 τοιοῦτον
3237 5567 3448 5638 δράσεις
3486 5565 3650 5630 εὗθῦς
3699 5565 3862 5636 ὁρμᾷ·

593 5660 982 5734 proﬁciscitur.
1006 5661 1143 5718 Nam
1176 5662 1273 5734 qui
1308 5673 1438 5718 sunt
1464 5661 1690 5733 quidem
1725 5663 1862 5733 legis
1900 5662 2149 5718 Mosaica:

2283 5665 2347 5718 Οἱ
2377 5665 2479 5735 μὲν
2522 5664 2632 5737 γὰρ
2655 5665 2751 5720 τοῦ
2781 5665 3076 5720 Μωσαῖκοῦ
3103 5663 3272 5735 νόμου
3297 5658 3464 5716 δειλοί
3495 5657 3558 5712 τέ
3590 5665 3698 5712 εισι
3735 5656 3865 5726 πρδς

673 5849 721 5882 ⁸⁸
742 5848 911 5904 Exod.
944 5866 1032 5913 vn,
1075 5849 1108 5902 9
1139 5865 1290 5920 seqq.
1369 5849 1414 5881 "
1441 5848 1610 5904 Exod.
1637 5866 1718 5914 tv,
1749 5846 1838 5901 20.
