4098 6344
252 421 393 474 1189

1641 412 1750 468 C(ll
1762 413 1794 466 .l
1806 412 2169 469 .ECTAN‘EA.

3412 409 3556 468 1190

252 538 603 608 πειρασμοὺς
627 537 722 591 καὶ
746 536 1096 599 ὁκλάζοντες,
1128 535 1223 587 καὶ
1247 531 1596 605 μεριζόμενοι
1627 532 1766 600 πρός
1789 548 1848 582 τε

1955 543 2086 587 sunt
2126 533 2303 588 timidi
2347 533 2414 587 ad
2460 531 2829 594 tentationcs,
2869 539 2927 584 et
2967 529 3280 596 labascunt,
3315 537 3372 586 et
3413 531 3559 586 divi-

247 629 352 690 τὰς
387 629 536 690 Θείας
567 628 810 690 ἐντολὰς,
851 627 947 680 καὶ
975 628 1112 697 πρὶς
1138 626 1235 688 τὰς
1275 623 1595 695 σωματικὰς
1638 622 1734 674 καὶ
1765 639 1850 673 κο-

252 722 464 792 σμικὰς
491 722 730 790 σχέσεις.
765 722 829 773 Οἱ
853 719 912 771 δὲ
939 718 1032 771 τοῦ
1063 718 1425 786 Εὑαγγελίου.
1460 716 1555 768 καὶ
1580 707 1655 768 ὧν
1679 713 1850 776 τύπος

245 809 278 858 ὁ
325 809 556 880 Ἀαρὼν,
583 808 848 879 τολμηροί
875 825 935 860 τε
962 807 1098 877 πρὸς
1123 807 1402 868 κινδύνους
1419 805 1513 858 καὶ⁵
1549 802 1847 875 πρόθυμοι,

249 901 348 954 καὶ
386 901 738 972 μεριζόμενοι
777 900 915 972 πρὸς
957 899 1092 953 Θεὸν
1139 900 1236 954 καὶ
1271 900 1514 970 κόσμον,
1566 897 1746 968 μόνων
1794 897 1850 948 δὲ

248 993 363 1046 τῶν
389 993 551 1047 θείων
582 992 812 1046 ἐντολῶν
842 992 1178 1062 ἐξεχόμενοι.
1206 991 1486 1061 Σεπφὼρα
1522 991 1555 1061 ἡ
1582 990 1852 1043 Μαδιανῖ-

247 1104 338 1150 τις
363 1087 533 1150 τύπος
579 1081 648 1158 ἦν
685 1086 788 1156 τῆς
827 1085 888 1149 ἐξ
944 1086 1118 1138 ἐθνῶν
1162 1083 1492 1154 Ἐκκλησίας
1516 1123 1532 1146 ,
1568 1082 1694 1152 ῆτις
1750 1084 1852 1134 ὑπ-

251 1176 490 1249 αχθεῖσα
527 1181 643 1241 τοῖς
681 1178 1131 1248 σπερματισμοῖς
1155 1175 1424 1238 Μωσέως,
1451 1175 1571 1243 ῆτοι
1602 1177 1724 1235 ταῖς
1755 1172 1849 1226 τοῦ

250 1270 554 1324 Μωσαῖκοῦ
589 1271 756 1339 νόμου
798 1272 930 1340 περὶ¹
969 1271 1066 1340 τῆς
1102 1268 1265 1336 ἁγίας
1300 1267 1534 1339 Τριὰδος
1578 1267 1850 1338 ἀμυδραῖς

251 1360 557 1430 θεολογίαις
593 1362 689 1414 τοῦ
725 1360 1208 1429 παιδαγωγοῦντος
1231 1362 1325 1414 ἐπὶ
1346 1361 1408 1413 τὸ
1443 1359 1585 1414 κατὰ
1613 1359 1852 1431 Χριστὸν

251 1454 612 1521 Εὑαγγέλιον,
647 1455 764 1507 υἱὸν
798 1454 923 1524 ἔσχε
962 1455 1024 1506 τὸ
1066 1453 1273 1523 πλῆθος
1299 1453 1409 1505 τῶν
1437 1453 1526 1506 διὰ
1549 1451 1646 1504 τοῦ
1689 1452 1850 1519 ἁγίου

252 1545 577 1615 Πνεύματος
619 1545 1087 1616 ἀναγεννωμένων
1113 1547 1252 1615 αὐτῇ
1277 1563 1292 1574 ⁸
1323 1544 1384 1597 ὃν
1431 1546 1526 1598 καὶ
1551 1544 1770 1616 περιέτε
1780 1561 1849 1614 με

253 1637 488 1707 πετρίνῃ
521 1636 792 1706 μαχαίρᾳ,
834 1636 1164 1708 περιελοῦσα
1190 1638 1377 1688 πᾶσαν
1402 1635 1718 1704 φιληδονίαν
1754 1634 1851 1687 καὶ

253 1729 534 1799 ἁμαρτίαν
565 1727 731 1780 αὑτοῦ
764 1727 843 1798 τῷ
883 1729 1023 1781 κατὰ
1054 1729 1290 1798 Χριστὸν
1323 1726 1489 1797 λόγῳ,
1519 1726 1581 1788 ὃς
1622 1726 1848 1794 λέγεται

249 1822 432 1893 πέτρα
461 1823 559 1891 μὲν
593 1823 682 1875 διὰ
709 1822 770 1875 τὸ
794 1822 1046 1893 στερρὸν,
1091 1821 1338 1891 μάχαιρα
1371 1820 1430 1873 δὲ
1453 1860 1468 1884 ,
1502 1819 1594 1873 διὰ
1625 1819 1687 1872 τὸ
1709 1819 1848 1872 διαι-

251 1917 371 1984 ρεῖν
397 1914 458 1966 τὸ
489 1917 738 1985 κρεῖττον
769 1914 878 1967 ἀπὸ
904 1913 999 1966 τοῦ
1037 1913 1304 1984 χείρονος.
1340 1913 1512 1982 Ἕστη
1549 1911 1606 1963 δὲ
1633 1953 1647 1976 ,
1689 1913 1846 1981 φησὶ,

247 2005 317 2057 τὸ
345 2000 481 2076 αἷμα
512 2007 613 2076 τῆς
647 2006 974 2076 περιτομῆς,
1013 2006 1136 2057 ἀντὶ
1157 2005 1276 2068 τοῦ,
1313 2004 1680 2074 πεπλήρωται
1707 2005 1854 2054 tvvs-

247 2098 362 2162 λῶς
396 2102 428 2169 ἡ
456 2099 759 2169 δηλωθεῖσα
787 2099 1135 2168 πνευματικὴ
1162 2098 1458 2167 περιτομή.
1492 2097 1586 2149 Διὸ
1612 2097 1708 2148 καὶ
1758 2098 1854 2148 ἁν-

247 2191 535 2261 εχώρησεν
581 2193 609 2242 ὁ
646 2191 739 2243 τὸν
761 2191 993 2243 θάνατον
1028 2190 1519 2257 ἐπανατεινόμενος
1551 2187 1629 2258 τῷ
1662 2189 1853 2241 Μωσεί

247 2282 504 2348 ἄγγελος.
572 2281 663 2344 Ὠς
701 2277 844 2332 εἶναι
889 2280 1090 2349 δῆλον,
1146 2281 1230 2333 ὅτι
1282 2279 1533 2333 κινδύνου
1587 2278 1848 2342 πολλάκις

249 2374 579 2435 διδάσκαλος
601 2373 1009 2443 ἐλευθεροῦται,
1039 2373 1318 2443 καθαίρων
1344 2372 1436 2426 τὸν
1459 2371 1731 2443 μαθητὴν,
1757 2372 1852 2424 καὶ

252 2470 356 2537 τῆς
397 2466 666 2536 ὠφελείας
703 2466 900 2518 τούτου
938 2466 1218 2537 σωτηρίαν
1253 2465 1391 2519 ίδίαν
1427 2465 1740 2536 κομίζεται.

329 2667 544 2737 Ὠσπερ
583 2668 613 2719 ὁ
661 2665 860 2737 Φαραὼ
903 2666 1104 2737 ἀπῄτει
1153 2667 1253 2738 μὲν
1299 2667 1695 2738 ἀπαραιτήτως
1722 2658 1850 2732 τοὺς

262 2756 557 2826 Ἐϐραίους
584 2756 683 2827 τὴν
713 2758 1016 2819 πλινθείαν,
1047 2757 1148 2810 οὐκ
1175 2758 1345 2811 ἐδίδου
1375 2759 1434 2810 δὲ
1466 2757 1646 2828 ἄχυρα
1673 2759 1744 2812 δι’
1773 2753 1852 2814 ὧν

249 2847 397 2919 αὑτὴ
441 2847 685 2915 γίνεταιο
738 2849 882 2901 οὕτω
940 2850 1037 2902 καὶ
1082 2851 1111 2902 ὁ
1159 2849 1409 2910 διάϐολος
1464 2852 1692 2904 ἀπαιτεί
1747 2852 1850 2922 μὲν

249 2938 675 3006 ἀναγκαστικῶς
705 2939 833 3002 τοὺς
853 2939 1002 3009 αύτῴ
1023 2939 1374 2999 δουλεύοντας
1406 2941 1729 3012 ἀνθρώπους
1757 2945 1850 2997 τὸν

256 3031 558 3101 μολυσμὸν,
619 3035 714 3085 καὶ
763 3033 865 3104 τὴν
919 3033 1291 3104 ἀκαθαρσίαν,
1354 3034 1595 3087 ἐκκαίων
1646 3037 1849 3099 αὐτοὺς

252 3123 464 3192 ἀγρίως
487 3127 566 3187 είς
599 3123 893 3188 λυσσώδεις
922 3125 1254 3194 ἐπιθυμίας·
1300 3125 1661 3196 δυσπόριστον
1693 3126 1751 3179 δὲ
1790 3127 1852 3180 τὸ

1955 629 2166 682 duntur
2200 629 2267 682 ad
2305 628 2495 681 divina
2530 627 2809 690 mandata,
2844 635 2901 679 et
2931 625 3000 679 ad
3035 625 3354 696 corporales
3395 640 3559 679 mun-

1954 721 2237 791 danasque
2276 720 2652 776 habitudines.
2683 719 2787 786 Qui
2844 727 2976 773 sunt
3024 725 3210 773 autem
3246 716 3557 788 Evangelii,

1953 822 2010 866 ct
2030 829 2265 882 quorum
2308 821 2471 883 typus
2509 819 2595 865 est
2624 812 2830 875 Aaron,
2862 819 2993 865 sunt
3018 809 3084 863 ad
3117 809 3372 865 adeunda
3405 807 3557 880 peri-

1954 906 2079 959 cula
2113 905 2353 959 audaces
2389 914 2446 960 et
2485 904 2722 967 alacres,
2750 913 2806 957 et
2842 901 3168 958 dividuntur
3195 902 3262 957 ad
3291 901 3466 956 Deum
3499 910 3559 956 et

1955 999 2248 1064 mundum,
2283 997 2491 1052 divinis
2533 1005 2718 1052 autem
2753 996 2889 1050 solis
2918 995 3206 1050 adhaerent
3255 993 3551 1050 mandatis.

1955 1088 2204 1160 Scpltora
2238 1098 2424 1144 autem
2470 1087 2788 1144 Madianitis
2821 1096 2944 1141 erat
2979 1097 3140 1159 typus
3182 1086 3447 1144 Ecclesia:
3486 1101 3557 1140 ex

1954 1183 2232 1252 gentibus,
2258 1197 2386 1252 quae
2426 1182 2590 1236 Mosis
2631 1181 2794 1251 iactis
2829 1181 3157 1246 seminibus,
3193 1196 3292 1235 seu
3315 1179 3560 1235 exilibus

1953 1276 2091 1345 legis
2120 1275 2369 1330 Mosaicae
2411 1274 2482 1329 de
2511 1283 2704 1328 sancta
2744 1274 3019 1329 Trinitate
3053 1273 3380 1344 tbeologicis
3419 1288 3557 1328 con-

1956 1368 2430 1438 templationibus,
2463 1368 2640 1421 instar
2665 1366 2943 1438 padagogi
2973 1366 3229 1421 ducentis
3251 1366 3320 1420 ad
3343 1364 3555 1421 Christi

1953 1461 2334 1532 Evangelium,
2368 1461 2542 1514 ﬁlium
2573 1460 2771 1514 habuit
2794 1458 3211 1514 multitudinem
3243 1474 3439 1513 eorum
3457 1460 3556 1529 qui

1953 1553 2056 1623 ipsi
2076 1563 2474 1624 regenerantur
2492 1569 2591 1623 per
2606 1562 2858 1607 sanctum
2882 1552 3176 1622 Spiritum.
3192 1549 3367 1618 Quem
3385 1551 3557 1607 etiam

1953 1647 2305 1701 circumcidit
2348 1646 2534 1716 gladio
2568 1646 2823 1717 petrino,
2867 1661 3092 1702 omnem
3141 1646 3264 1716 ejus
3297 1645 3558 1700 auferens

1954 1739 2244 1793 libidinem
2288 1747 2345 1793 et
2375 1747 2666 1808 peccatum
2703 1738 2876 1792 verbo
2904 1736 3135 1802 Christi,
3175 1738 3323 1807 quod
3351 1737 3559 1792 dicitur

1953 1833 2176 1903 quidem
2221 1841 2376 1902 petra
2426 1841 2656 1901 propter
2698 1830 2965 1885 duritiem
3008 1848 3022 1884 :
3066 1829 3284 1902 gladius
3342 1837 3553 1893 autem,

1957 1936 2249 1995 propterea
2285 1925 2434 1994 quod
2469 1924 2683 1978 dividat
2732 1923 2935 1977 melius
2983 1939 3015 1977 a
3053 1922 3346 1978 deteriori.
3391 1921 3559 1977 Stetit

1955 2027 2163 2081 autem,
2203 2019 2404 2087 inquit,
2441 2019 2668 2089 sanguis
2701 2017 3164 2081 eircumcisionis,
3192 2032 3296 2087 pro
3319 2032 3387 2071 eo
3407 2016 3555 2086 quod

1953 2123 2038 2168 est
2073 2132 2086 2167 :
2124 2113 2366 2184 perfecte
2396 2121 2483 2167 cst
2521 2111 2799 2180 completa
2839 2126 2965 2180 qua:
3003 2119 3227 2165 ostensa
3256 2108 3362 2164 fuit
3387 2109 3556 2178 spiri-
3651 2179 3660 2183 _

1954 2206 2121 2262 tualis
2142 2205 2512 2261 circumcisio.
2546 2203 2920 2271 Quamobrem
2950 2203 3184 2258 recessit
3213 2203 3260 2257 is
3279 2201 3377 2272 qui
3403 2217 3556 2256 mor-

1955 2310 2065 2354 tem
2092 2297 2402 2352 intentabat
2429 2296 2565 2351 Mosi
2589 2295 2837 2364 angelus.
2859 2293 2980 2360 Quo
3007 2293 3067 2346 ﬁt
3089 2304 3152 2347 ut
3180 2294 3311 2348 hinc
3330 2293 3402 2348 sit
3432 2308 3559 2362 per-

1954 2391 2229 2461 spicuum,
2272 2389 2421 2461 quod
2459 2404 2489 2442 a
2522 2387 2775 2458 periculo
2810 2401 2954 2455 saepe
2995 2385 3267 2439 liberatur
3292 2386 3557 2455 magister

1953 2482 2045 2551 qui
2076 2491 2273 2551 purgat
2306 2481 2670 2550 discipulum,
2705 2489 2762 2534 et
2789 2494 2890 2549 pro
2924 2478 2977 2532 ei
3007 2477 3136 2531 data
3167 2477 3407 2531 utilitate
3429 2493 3560 2547 pro-

1952 2576 2129 2645 priam
2160 2574 2360 2644 recipit
2392 2574 2647 2628 salutem.
3029 2559 3048 2568 ‘

2023 2667 2312 2735 Quomodo
2353 2667 2570 2720 Pharao
2613 2663 2683 2718 ab
2729 2663 2981 2718 Hebraeis
3033 2662 3259 2733 quidem
3303 2661 3560 2733 exigebat

1953 2760 2373 2816 inexorabiliter
2397 2761 2640 2814 laterum
2666 2758 3095 2822 confectionem,
3127 2774 3240 2811 non
3260 2757 3429 2812 dabat
3453 2772 3556 2811 au-

1955 2863 2065 2907 tem
2092 2852 2278 2921 paleas
2302 2866 2400 2920 per
2426 2866 2564 2919 quas
2599 2850 2740 2903 ﬁunt
2763 2849 2809 2880 ²⁶
2838 2867 2850 2902 :
2883 2850 2959 2903 ita
2987 2849 3157 2903 etiam
3185 2847 3445 2902 diabolus
3484 2846 3558 2902 ab

1953 2944 2021 2999 iis
2052 2944 2146 3014 qui
2183 2943 2285 3013 ipsi
2316 2941 2568 2996 serviunt
2595 2941 2912 2995 necessario
2951 2940 3122 3009 exigit
3165 2938 3557 3008 inquinamen-

1953 3044 2071 3089 tum
2106 3043 2163 3090 et
2205 3033 2636 3095 immunditiam,
2679 3048 2778 3086 eos
2827 3031 3088 3086 ferociter
3140 3030 3445 3086 incendens
3489 3029 3558 3084 ad

1955 3128 2147 3182 rabida
2173 3126 2470 3182 desideria.
2517 3125 2722 3179 Reddit
2747 3134 2934 3179 autem
2975 3140 3094 3178 rem
3121 3131 3317 3194 paratu
3349 3121 3554 3177 difﬁci-

260 3216 492 3286 ιτρᾶγμα
518 3217 754 3286 τίθησιν,
791 3218 878 3269 ἵνα
900 3217 978 3288 μὴ
1006 3215 1086 3286 τῷ
1115 3216 1287 3288 ῥαδίῳ
1314 3217 1528 3288 ταχέως
1566 3219 1648 3282 είς
1687 3219 1849 3290 κόρον

1955 3221 2084 3283 lem,
2117 3235 2186 3274 ne
2228 3218 2491 3272 facilitate
2523 3217 2634 3271 cito
2663 3217 2855 3270 veniat
2885 3216 2942 3269 in
2983 3218 3295 3269 satietatem
3324 3221 3383 3268 et
3418 3227 3557 3268 eon-

255 3310 329 3362 ῐοι
362 3312 458 3363 καὶ
481 3312 916 3382 καταφρόνησιν.

328 3396 464 3454 Eine
513 3403 722 3474 Μωσῆς
771 3405 910 3474 πρὸς
947 3402 1169 3475 Φαραώο
1218 3423 1239 3457 ι
1290 3405 1684 3478 Πορευσὸμεθα
1727 3406 1848 3460 ὁδὸν

250 3496 425 3566 τριῶν
455 3496 702 3567 ἡμερῶν,
738 3499 818 3561 είς
857 3496 956 3568 τὴν
993 3497 1228 3569 ἔρημον,
1255 3499 1404 3564 ὅπως
1440 3499 1696 3571 θύσωμεν
1729 3502 1847 3554 Κυ-

255 3587 358 3659 ρίῳ
387 3587 466 3658 τῷ
486 3588 606 3659 Θεῷ
638 3589 826 3659 ὴμῶνο
863 3591 1076 3660 μήποτε
1105 3592 1412 3661 συναντήσῃ
1448 3592 1581 3661 ἡμῖν
1613 3592 1845 3653 θάνατος

249 3679 288 3752 ἢ
551 3699 571 3732 ι
617 3679 840 3750 Ἐπειδὴ
873 3681 982 3750 γὰρ
1004 3678 1301 3746 Αίγύπτιοι
1333 3682 1395 3732 ἐν
1441 3680 1524 3750 τῷ
1561 3679 1714 3733 θύειν
1740 3681 1849 3733 ἀπ·

250 3773 645 3844 ετροπιάζοντο
672 3774 798 3835 τοὺς
823 3772 1073 3843 νεκρούς·
1106 3772 1382 3844 πρόφασιν
1408 3773 1439 3825 ὁ
1465 3773 1674 3844 Μωσῆς
1689 3772 1850 3827 τοῦτο

250 3866 492 3917 ⁸εποιείται
533 3864 637 3934 τῆς
685 3867 766 3928 είς
821 3865 1045 3935 μακρὰν
1093 3865 1529 3935 ἀποχωρήσεως.
1576 3865 1846 3936 Μήποτε,

250 3957 414 4028 φησι,
454 3958 550 4010 καὶ
587 3956 698 4010 τῶν
727 3957 1047 4025 ἀλλοφύλων
1074 3957 1295 4022 θύοντες
1340 3957 1732 4029 περιτύχωμεν
1761 3977 1850 4012 νεο

251 4048 408 4119 κρῷ,
445 4048 542 4102 καὶ
575 4049 976 4118 καταλύσωμεν
1014 4048 1115 4119 τὴν
1171 4048 1384 4102 θυσίαν.
1433 4049 1682 4106 Θάνατον
1744 4051 1848 4121 μὲν

250 4140 454 4207 λέγων,
497 4140 592 4193 τὸν
640 4141 891 4213 φυσικῶς
929 4139 1312 4193 ἀποθανόντα*
1363 4140 1525 4209 φόνον
1555 4140 1615 4194 δὲ
1647 4143 1742 4194 τὸν
1788 4142 1849 4207 ἐξ

251 4232 551 4302 ἐπιϐουλῆς
579 4232 934 4302 φονευθέντα.
959 4233 1082 4304 Χρὴ
1115 4233 1172 4286 δὲ
1197 4233 1296 4287 καὶ
1327 4234 1477 4305 ἡμᾶς
1505 4235 1849 4304 πορρωτάτω

249 4328 354 4396 τῆς
385 4325 664 4396 ἁμαρτίας
692 4324 1045 4395 γινομένους,
1075 4324 1227 4378 θύειν
1245 4325 1388 4397 Θεῷ,
1415 4327 1511 4378 καὶ
1537 4328 1849 4398 ἀποτρεπο-

255 4418 454 4488 μένους
490 4418 560 4471 τὰ
588 4417 902 4488 νεκρωτικὰ
935 4418 1032 4471 καὶ
1060 4418 1357 4488 φονευτικὰ
1384 4418 1536 4490 πάθη
1561 4419 1673 4473 τῶν
1709 4423 1850 4492 ἠμε-

247 4510 312 4562 τέ
319 4527 430 4580 ρων
457 4508 669 4579 ψυχῶν.

1959 3321 2229 3383 temptum
2241 3356 2253 3365 .

2026 3405 2173 3458 Dixit
2203 3404 2418 3474 Moyses
2439 3400 2717 3457 Pharaoni
2747 3417 2760 3452 :
2795 3419 2815 3451 ι
2842 3398 3056 3455 Ibimus
3085 3397 3192 3453 iter
3218 3397 3391 3452 trium
3434 3395 3560 3451 die-

1958 3514 2080 3552 rum
2132 3498 2187 3552 in
2236 3495 2615 3560 solitudinem,
2658 3503 2721 3549 ut
2762 3491 3143 3548 sacriﬁcemus
3176 3490 3412 3545 Domino
3445 3489 3562 3544 Deo

1958 3602 2180 3646 nostro:
2214 3605 2284 3644 ne
2313 3590 2457 3644 forte
2477 3595 2738 3643 occurrat
2756 3585 2921 3642 nobis
2949 3600 3100 3639 mors
3118 3591 3215 3637 aut
3241 3582 3423 3637 caedes
3437 3582 3506 3635 ".
3533 3600 3553 3633 ο

1955 3685 2093 3740 Nam
2125 3682 2386 3753 quoniam
2410 3680 2651 3752 Egyptii
2678 3680 2733 3733 in
2767 3675 3133 3733 sacriﬁcando
3155 3675 3561 3731 aversabantur

1958 3787 2230 3841 mortuos,
2268 3775 2448 3829 Moses
2485 3775 2636 3827 hunc
2674 3772 2837 3827 aﬁ‘ert
2865 3778 3194 3840 praetextum
3239 3785 3341 3824 cur
3366 3766 3559 3839 procul

1958 3868 2201 3922 recedat.
2231 3865 2311 3920 Ne
2339 3865 2503 3931 forte,
2528 3863 2731 3932 inquit,
2760 3859 3141 3916 sacriﬁcantes
3164 3858 3480 3913 incidamus
3501 3857 3559 3910 in

1956 3960 2184 4031 aliquod
2221 3974 2425 4029 corpus
2456 3965 2740 4013 mortuum
2769 3954 3229 4025 alienigenarum,
3258 3959 3315 4006 et
3353 3949 3558 4005 dissol-

1956 4069 2151 4108 vamus
2175 4051 2532 4107 sacriﬁcium.
2557 4048 2790 4104 Mortem
2824 4048 3020 4103 dicens
3046 4047 3170 4117 ejus
3199 4045 3295 4114 qui
3317 4042 3560 4097 moritur

1957 4146 2320 4211 naturaliter;
2353 4143 2560 4199 eadem
2581 4151 2770 4198 autem
2809 4142 2932 4212 ejus
2959 4141 3056 4209 qui
3080 4137 3340 4194 consulto
3372 4143 3472 4191 aut
3489 4150 3559 4190 ex

1957 4239 2178 4295 insidiis
2205 4248 2293 4294 est
2314 4238 2552 4293 occisus.
2586 4237 2820 4308 Oportet
2849 4244 3036 4290 autem
3062 4248 3166 4287 nos
3186 4245 3412 4302 quoque
3445 4229 3560 4285 Deo

1957 4332 2272 4387 sacriﬁcare
2311 4331 2632 4402 longissime
2673 4337 2920 4384 remotos
2957 4343 2989 4381 a
3026 4333 3279 4396 peccato,
3309 4339 3376 4380 ac
3402 4338 3558 4376 aver-

1957 4433 2146 4479 santes
2189 4425 2414 4478 morbos
2454 4424 3134 4478 animarum’nostrarum
3181 4415 3280 4488 qui
3321 4424 3560 4471 mortem

1958 4527 2016 4573 et
2037 4516 2244 4572 aedem
2273 4516 2536 4572 aﬂ‘crunt.

323 4603 436 4657 Καὶ
486 4598 609 4656 εἷπε
653 4603 861 4674 Μωσῆς
913 4603 1051 4676 πρὸς
1093 4603 1334 4675 Φαραὼο
1392 4623 1412 4657 ι
1458 4605 1849 4678 Πορευσόμεθα

2031 4610 2101 4664 Et
2137 4609 2278 4664 dixit
2323 4608 2538 4680 Moyses
2583 4607 2652 4662 ad
2702 4607 3048 4662 Pharaonem
3081 4621 3096 4657 :
3129 4623 3148 4655 ι
3174 4602 3392 4657 ibimus
3431 4615 3560 4655 cum

251 4697 355 4750 σὺν
385 4697 500 4759 τοῖς
538 4695 848 4758 νεανίσκοις
890 4695 1086 4766 ἡμῶν,
1124 4696 1226 4749 καὶ
1253 4698 1366 4762 τοῖς
1407 4698 1810 4771 πρεσϐυτέροις
1829 4742 1845 4766 ,

251 4787 356 4841 σὺν
387 4788 503 4850 τοῖς
540 4788 678 4849 υἱοῖς
701 4785 866 4858 ἡμῶν
900 4787 996 4840 καὶ
1041 4786 1382 4859 θυγατράσι,
1419 4791 1518 4845 καὶ
1551 4791 1851 4862 προϐάτοις

247 4881 347 4932 καὶ
397 4876 586 4947 βουσὶν
631 4877 829 4949 ἡμῶνο
875 4877 993 4930 ἐστι
1047 4879 1160 4950 γὰρ
1184 4879 1348 4952 ἑορτὴ
1386 4881 1581 4953 Κυρίῳ
1612 4881 1693 4953 τῷ
1727 4883 1850 4955 Θεῷ

244 4966 432 5038 ἡμῶν.
496 4986 516 5019 ι
552 4966 676 5039 Χρὴ
713 4969 843 5031 τοὺς
888 4968 990 5038 τῆς
1023 4967 1137 5022 τῶν
1175 4969 1453 5041 δαιμόνων
1501 4974 1599 5028 καὶ
1655 4973 1850 5028 παθῶν

245 5054 567 5133 ἐλευθερίας
587 5056 1014 5127 ἐπιθυμοῦντας,
1044 5057 1249 5128 φεύγεν
1269 5062 1570 5133 πειρᾶσθαι
1597 5064 1844 5130 τελείως,

256 5148 430 5220 μηδὲν
454 5165 508 5201 τι
537 5147 792 5220 λείψανον
826 5150 931 5220 τῆς
975 5151 1187 5205 ἑαυτῶν
1236 5153 1415 5225 ψυχῆς
1460 5156 1558 5209 καὶ
1609 5157 1852 5223 διανοίας

253 5240 497 5308 ἀφέντας
533 5239 743 5306 ὀπίσω,
771 5242 840 5295 δι’
875 5237 937 5295 οὗ
972 5244 1216 5314 μέλλοιεν
1254 5246 1620 5318 ὑπενεχθῆναι
1661 5252 1848 5318 πάλιν,

249 5332 352 5386 καὶ
385 5331 591 5387 ἁλῶναι
622 5336 738 5397 τοῖς
765 5346 1056 5409 προτέροις
1080 5339 1294 5401 κακοῖς.
1333 5335 1460 5392 Εἶεν
1489 5340 1533 5392 δ’
1556 5339 1624 5393 ἂν
1647 5343 1699 5394 oi
1724 5359 1851 5396 νεα-

249 5423 430 5485 νίσκοι
457 5422 557 5493 μὲν
600 5426 684 5488 είς
711 5425 884 5479 τύπον
907 5426 1182 5496 ἀνδρείας,
1211 5430 1264 5482 οἱ
1291 5429 1735 5502 πρεσϐύτεροιδὲ
1768 5436 1850 5500 είς

248 5511 524 5582 σύμϐολον
555 5515 894 5586 φρονήσεως,
947 5518 998 5569 oi
1049 5517 1107 5570 δὲ
1147 5520 1254 5572 uici.
1293 5521 1389 5573 καὶ
1425 5520 1730 5594 θυγατέρες
1764 5527 1843 5590 είς

246 5605 442 5659 εἰκόνα
491 5606 590 5676 τῆς
635 5607 694 5661 ἐν
729 5607 954 5680 Χριστῷ
995 5611 1328 5683 νηπιότητος
1374 5615 1471 5668 καὶ
1508 5616 1843 5688 ἁπλότητος.

246 5698 357 5751 Σὺν
388 5697 615 5769 ἀνδρεία
647 5699 760 5772 γὰρ
787 5702 885 5756 καὶ
913 5704 1175 5774 φρονήσει
1206 5706 1303 5758 καὶ
1339 5706 1482 5760 κατὰ
1509 5708 1646 5763 Θεὸν
1673 5710 1846 5766 ἁπλό-

321 5874 366 5907 ²⁶
391 5874 564 5930 Exod.
598 5893 651 5943 v,
679 5877 730 5931 7.
817 5881 860 5911 ’⁷
884 5880 1022 5937 Ibid.
1046 5880 1100 5938 3.
1179 5883 1224 5914 "‘
1248 5883 1421 5940 Exod.
1451 5902 1501 5951 κ,
1528 5887 1582 5940 9.

1952 4703 2407 4759 adolescentibus
2429 4701 2639 4757 nostris
2661 4711 2721 4756 et
2757 4699 3008 4763 senibus,
3036 4713 3164 4753 cum
3197 4695 3329 4750 ﬁliis
3351 4695 3562 4751 nostris

1949 4806 2008 4853 et
2051 4796 2294 4861 ﬁliabus,
2340 4806 2398 4851 et
2426 4795 2650 4858 ovibus,
2687 4803 2746 4848 et
2780 4793 2961 4847 bobus
2990 4788 3244 4845 nostris:
3277 4795 3365 4842 est
3406 4786 3560 4842 enim

1952 4890 2159 4946 festum
2187 4890 2421 4945 Domino
2450 4889 2565 4944 Deo
2595 4898 2789 4943 nostro
2810 4887 2877 4940 ".
2925 4904 2943 4937 ι
2970 4882 3204 4954 Oportet
3224 4897 3322 4936 eos
3343 4880 3440 4951 qui
3464 4880 3560 4935 dc-

1952 4983 2200 5038 siderant
2251 4980 2481 5036 liberari
2527 4996 2560 5034 a
2611 4978 2961 5034 damonibus
3003 4975 3264 5044 vitiisque
3295 4982 3354 5028 et
3385 4972 3558 5027 animi

1954 5074 2507 5146 perturbationibus,
2566 5080 2784 5128 tentare
2827 5069 3076 5141 perfecte
3117 5065 3342 5136 fugere,
3391 5064 3562 5121 nullis

1953 5167 2129 5223 animi
2161 5176 2259 5221 aut
2291 5167 2646 5239 cogitationis
2684 5180 2798 5220 sua:
2837 5172 2990 5218 retro
3029 5159 3240 5215 relictis
3283 5157 3556 5228 reliquiis,

1953 5275 2055 5332 per
2077 5275 2218 5330 quas
2252 5260 2461 5315 reversi
2493 5274 2525 5314 a
2560 5257 2842 5330 prioribus
2872 5251 3032 5309 malis
3054 5260 3242 5306 essent
3275 5251 3555 5320 capiendi.

1953 5353 2096 5408 Sunt
2128 5364 2314 5408 autem
2341 5353 2726 5408 adolescentes
2763 5348 2993 5420 quidem
3021 5346 3080 5402 in
3113 5354 3304 5419 typum
3330 5344 3556 5399 fortitu-

1953 5440 2103 5498 dinis
2124 5458 2222 5497 seu
2243 5443 2424 5513 magni
2445 5442 2614 5498 animi
2633 5443 2891 5508 virtutis;
2918 5457 3082 5497 senes
3098 5455 3232 5496 vero
3255 5438 3311 5493 in
3337 5438 3558 5508 signum

1951 5534 2288 5605 prudentiae,
2319 5535 2423 5590 ﬁlii
2482 5545 2667 5591 autem
2695 5545 2753 5590 et
2793 5534 2917 5590 ﬁlia:
2944 5534 3015 5589 ad
3053 5532 3353 5605 imaginem
3381 5529 3562 5584 infan-

1957 5625 2048 5680 tia:
2080 5634 2140 5680 et
2165 5627 2540 5696 simplicitatis
2563 5628 2619 5681 in
2640 5626 2884 5682 Christo.
2908 5627 3048 5681 Nam
3071 5642 3200 5680 cum
3229 5623 3562 5679 fortitudine

1954 5728 2012 5775 et
2039 5717 2339 5792 prudentia
2380 5729 2436 5778 et
2469 5719 2780 5777 secundum
2813 5719 2989 5776 Deum
3024 5717 3382 5789 simplicitate
3411 5729 3562 5773 reco-
