4098 6344
285 393 423 450 i295

1661 401 1967 448 UULLLU!
1982 400 2189 453 ΛΝΕΑ.

3422 410 3558 468 1194

287 509 436 561 ἔστιν
467 509 548 570 εἰς
573 505 672 576 τὴν
711 505 820 558 ἄνω
845 522 904 559 τε
938 506 1033 559 καὶ
1054 504 1219 575 ἁγίαν
1250 502 1547 574 ἀφικέσθαι
1580 503 1757 567 πόλιν.
1791 504 1867 574 μὴ

1969 505 2118 559 enim
2142 507 2332 564 venire
2361 509 2417 565 in
2439 525 2739 582 supernam
2763 522 2821 568 et
2847 523 3097 570 sanctam
3123 517 3426 587 civitatem,
3450 522 3558 581 nisi

278 597 756 671 καθοδηγουμένου
783 597 1046 670 Χριστοῦ,
1071 599 1168 652 καὶ
1188 597 1289 668 τὴν
1314 595 1434 650 ὁδὸν
1461 595 1563 667 τῆς
1588 597 1866 668 σωτηρίας

278 697 740 762 ὑποδεικνύοντος.

288 811 499 886 Ἑξῆρε
536 810 606 865 δὲ
627 811 737 886 καὶ
772 813 806 865 ὁ
831 811 1060 886 στύλρς
1087 806 1198 886 τῆς
1223 806 1648 886 νεεςέληςλὰπὸ
1677 810 1868 886 προσ-

345 877 511 937 ὠτίου
570 881 804 944 abab-,1
842 881 944 934 καὶ
983 881 1132 946 ἔστη
1161 881 1228 932 ἐκ
1261 877 1380 932 τῶν
1409 878 1605 931 ὀπίσω
1639 877 1864 943 αὐτῶν,

349 955 448 1007 καὶ
489 953 782 1021 εἰσῆλθεν
820 951 934 1005 ἀνὰ
959 949 1154 1021 μέσοῒ⁸
1194 948 1306 1016 τῆς
1326 948 1715 1021 πρρεμϐολῆς
1744 949 1867 1021 τῷν

351 1018 716 1092 Αἰγυπτίων.
762 1023 862 1092 καί
910 1018 1026 1076 ἀνὰ
1061 1018 1262 1092 μέσον
1314 1018 1452 1092 τλῆςι
1473 1019 1866 1092 παρεμϐολῆς

344 1088 465 1148 τῶν
492 1093 638 1149 υἱῶν
673 1091 945 1160 Ἰσραὴλ,
976 1088 1075 1144 καί
1103 1093 1178 1146 οὐ
1195 1088 1538 1159 συνέμιξαν
1566 1089 1868 1159 ἀλλήλοις

343 1165 503 1234 ὅλην
533 1166 649 1234 τὴν
683 1165 896 1219 νύκτα.

347 1281 562 1343 Νυκτὸς
589 1279 698 1351 γὰρ
724 1275 916 1347 οὔσης,
948 1277 1069 1348 ῆτοι
1103 1273 1298 1348 καιροῦ
1330 1273 1538 1328 δειλίαν
1570 1275 1686 1338 τοῖς
1713 1271 1868 1326 εὐσε-

264 1371 426 1423 6ἐσιν
460 1370 761 1436 ἐπάγοντος
784 1408 798 1432 ,
833 1365 1048 1419 ἵσταται
1098 1365 1264 1436 μέσον
1292 1364 1479 1418 αὐτῶν
1524 1380 1586 1417 τε
1619 1363 1715 1417 καὶ
1757 1361 1868 1416 τῶν

269 1461 726 1518 καταδιωκόντων
759 1458 989 1522 αὐτοὺς,
1021 1456 1235 1529 ὁρατῶν
1266 1457 1298 1529 ἢ
1330 1455 1584 1525 ἀοράτων
1629 1454 1865 1527 ἐχθρῶν,

270 1559 307 1628 ἡ
336 1555 430 1609 τοῦ
474 1552 678 1622 Κυρίου
707 1550 972 1620 δύναμιςο
1008 1550 1110 1604 οὐκ
1145 1549 1295 1603 ἐῶσα
1318 1547 1737 1621 συῤῥήγνυσθαι
1767 1545 1868 1619 μέο

271 1665 396 1720 χρις
418 1647 483 1700 ἂν
499 1648 528 1698 6
556 1644 724 1713 φόϐος
744 1642 1018 1714 παρέλθῃ.
1049 1643 1122 1695 ’Ἦ
1146 1641 1242 1696 καὶ⁵
1265 1644 1396 1714 περὶ
1418 1640 1528 1695 τῶν
1580 1641 1708 1713 άρτι
1729 1657 1866 1693 κατ-

269 1739 590 1813 ηχουμένων
631 1737 725 1790 τὸν
771 1739 870 1808 τῆς
927 1734 1212 1800 εὐσεϐείας
1260 1735 1420 1804 λόγον
1468 1734 1498 1786 ὁ
1543 1733 1736 1802 λόγος,
1785 1725 1866 1794 οἷς

1971 595 2212 654 deducat
2239 597 2494 658 Christus
2520 611 2578 657 et
2614 602 2871 660 ostendat
2893 605 3037 661 viam
3062 608 3274 665 salutis.

1971 796 2137 852 Elata
2161 807 2238 854 est
2259 810 2437 856 autem
2456 801 2706 878 columna
2731 805 2880 878 nubis
2898 824 2930 861 a
2957 808 3092 878 {acie
3111 827 3315 878 eorum,
3343 822 3391 868 et
3417 817 3560 868 διιτῐι

2041 886 2176 955 pone
2200 886 2320 955 eos:
2343 883 2392 926 et
2421 876 2565 955 stetit
2589 877 2644 928 in
2669 876 2838 955 medio
2861 876 3159 955 castrorum
3190 876 3562 955 Egyptionzrzt

2040 949 2416 1064 fttcastrqrtgr‘n
2447 944 2688 1014 ﬁliorum
2708 945 2906 1016 Israel,
2931 958 2980 1003 et
3011 967 3116 1005 non
3146 944 3282 1008 sunt
3296 944 3563 1011 commisti

2066 1028 2094 1064 ο
2122 1027 2153 1064 a
2178 1027 2274 1064 nec
2300 1030 2327 1064 ε
2402 1055 2415 1064 .

2066 1027 2153 1064 οτα
2178 1027 2327 1066 noete
2349 1027 2415 1066 ⁸⁹.

2044 1271 2184 1326 Dum
2221 1282 2310 1328 est
2350 1274 2577 1345 quidem
2619 1291 2750 1342 nox,
2798 1293 2897 1334 seu
2942 1287 3160 1352 tempus
3182 1283 3291 1352 piis
3323 1283 3563 1341 aﬂ‘ereus

1969 1365 2246 1430 timorem,
2267 1374 2376 1421 stat
2407 1367 2555 1423 inter
2584 1384 2682 1425 eos
2715 1377 2772 1424 et
2802 1385 2899 1426 eos
2918 1373 3013 1443 qui
3039 1373 3188 1444 ipsus
3211 1385 3562 1447 persequun-

1970 1465 2082 1522 tur,
2120 1474 2322 1530 nempe
2360 1460 2552 1517 hostes
2585 1462 2952 1533 aspectabiles
2992 1471 3050 1520 et
3093 1465 3284 1523 hostes
3327 1469 3422 1538 qui
3460 1470 3564 1524 sub

1966 1558 2251 1621 aspectum
2278 1568 2392 1608 non
2415 1553 2642 1622 cadunt,
2659 1555 2868 1613 Christi
2885 1559 3082 1625 virtus,
3110 1575 3220 1614 non
3256 1560 3447 1616 sinens
3468 1577 3564 1616 eos

1966 1644 2262 1718 conﬂigere
2283 1648 2461 1706 donec
2505 1651 2673 1707 timor
2713 1655 3067 1724 praeterierit.
3115 1655 3228 1712 Aut
3274 1658 3456 1730 agitur
3496 1658 3566 1715 dc

1967 1754 2147 1810 nuper
2171 1743 2607 1810 catechumenis,
2640 1745 2747 1801 hoc
2773 1755 2861 1802 est
2890 1748 3125 1805 initiatis
3147 1750 3202 1805 in
3245 1751 3418 1806 verbo
3445 1752 3564 1823 pie;

269 1833 558 1887 ἀσθενέσιν
589 1826 864 1901 οὗσιννὲτι
906 1828 1319 1899 συμπλέκεσθαι
1371 1826 1572 1882 κωλύει
1607 1828 1736 1890 τοὺς
1766 1842 1865 1878 πο-

1972 1829 2122 1895 tatis,
2150 1847 2278 1887 cum
2302 1835 2524 1903 quibus,
2553 1842 2614 1889 ut
2636 1837 2732 1906 qui
2766 1838 2880 1893 sint
2905 1838 3091 1896 adhuc
3121 1841 3407 1909 imbecilli,
3437 1860 3562 1916 pro-

266 1925 516 1995 λεμίους.
559 1923 694 1978 Μεθ’
729 1922 758 1976 ὃ
792 1922 848 1975 δὲ
890 1920 1148 1991 καθάπερ
1177 1919 1265 1972 διὰ
1292 1919 1599 1990 Θαλάσσης,
1650 1917 1741 1972 διὰ
1766 1916 1864 1972 τοῦ

263 2019 421 2072 θείου
460 2016 842 2088 βαπτίσματος
893 2013 1137 2078 ἔλθοιεν,
1175 2011 1373 2084 ἀφίησι
1427 2011 1737 2084 μάχεσθαι,
1768 2009 1868 2079 τὴν

262 2107 477 2162 δειλίαν
517 2105 918 2171 ἀποθεμένους.
974 2103 1089 2174 Τὴν
1132 2103 1244 2174 γὰρ
1279 2102 1551 2174 Ἐρυθρὰν
1588 2102 1870 2155 θάλασσαν

263 2200 562 2262 διαϐάντες
586 2201 637 2252 oi
679 2197 1034 2268 Ἰσραηλῖται,
1077 2195 1456 2268 μαχιμώτατοι
1501 2196 1598 2248 καὶ
1635 2195 1871 2249 δυσκατ·

267 2293 568 2364 αγώνιστοι
598 2292 908 2361 γεγόνασιν.

358 2387 423 2440 Ἦ
480 2383 892 2456 προσγενομένη
948 2381 1078 2452 δίψα
1123 2383 1236 2445 τοῖς
1296 2381 1667 2452 Ἰσραηλίταις
1719 2379 1864 2433 κατὰ

265 2479 376 2550 τὴν
418 2481 626 2550 ἔρημον
668 2479 839 2540 τύπος
890 2472 958 2546 ἦν
1009 2475 1120 2528 τῶν
1154 2476 1212 2527 ὲν
1242 2477 1473 2544 ἀσκήσει
1517 2474 1718 2539 πόνων,
1774 2475 1871 2527 καὶ

265 2570 588 2640 γυμνασίας
643 2568 953 2640 προοίμιον.
988 2567 1131 2638 Ὅρα
1172 2565 1304 2636 γὰρ,
1353 2567 1434 2618 ὅτι
1492 2565 1592 2618 οὐκ
1636 2567 1694 2617 ἐν
1722 2565 1866 2636 ἀρχῇ

266 2661 615 2734 προσὲὅαλεν
648 2662 834 2722 αὐτοῖς
868 2659 1103 2729 πόλεμος
1146 2657 1377 2729 ἐχθρῶν·
1417 2656 1570 2710 οὔπω
1603 2658 1713 2727 γὰρ
1742 2658 1869 2726 ἐγυ-

272 2754 598 2827 μνάσθησαν
647 2755 728 2817 εἰς
767 2753 830 2805 τὸ
877 2751 1209 2824 ἁριστὲυειν.
1267 2751 1369 2803 Διὰ
1401 2749 1560 2805 τοῦτο
1609 2753 1722 2813 τοῖς
1766 2749 1869 2820 τῆς

271 2848 478 2918 σαρκὸς
511 2848 778 2920 πρότερον
823 2845 1211 2916 δοκιμάζονται
1245 2845 1447 2907 πόνοις.
1494 2845 1588 2907 Et;
1634 2843 1869 2897 τοῦτοδὲ

273 2942 465 3013 βλέπει
508 2942 605 2994 καὶ
635 2939 720 2994 so"
759 2957 777 2990 ι
819 2937 1134 3009 Πειρασμὸς
1158 2937 1307 3008 ὑμᾶς
1334 2935 1489 2990 οὔπω
1539 2935 1865 2998 κατέλαῦεν,

270 3039 326 3090 εί
357 3036 432 3106 μὴ
461 3032 824 3104 ἀνθρώπινος.
864 3050 883 3083 ι

346 3127 500 3197 Ξύλῳ
533 3123 950 3196 κατεγλυκάνθη
985 3123 1047 3177 τὸ
1088 3125 1187 3196 τῆς
1229 3124 1422 3196 Μερᾶς
1467 3123 1664 3194 πικρὸν
1695 3121 1864 3194 ὕδωρ.

1973 1919 2129 1975 hibet
2163 1921 2353 1979 hostes
2381 1924 2698 1998 conﬂigere.
2736 1927 3034 1999 Postquam
3077 1941 3263 1986 autem
3304 1942 3565 2006 tanquam

1969 2027 2072 2083 per
2100 2029 2251 2070 mare
2284 2031 2385 2086 per
2410 2034 2631 2074 sacrum
2655 2021 2914 2076 venerint
2935 2022 3296 2094 baptismum,
3317 2026 3450 2081 sinit
3471 2043 3567 2084 eos

1971 2122 2240 2177 pugnare,
2276 2124 2509 2166 excusso
2551 2112 2770 2169 timore.
2806 2112 2942 2168 Nam
2974 2131 3100 2170 cum
3137 2116 3390 2173 Rubrum
3419 2135 3568 2177 mare

1973 2199 2324 2255 transiissent
2341 2201 2627 2269 Israelita,
2654 2216 2952 2272 evaserunt
2980 2208 3378 2279 pugnacissimi
3400 2221 3570 2270 etes-

1972 2304 2216 2364 pugnatu
2251 2291 2584 2351 difﬁcillimi.

2043 2386 2178 2443 Sitis
2201 2404 2325 2459 qua:
2345 2386 2612 2444 Israelitis
2634 2389 2821 2445 evenit
2846 2391 2899 2445 in
2947 2393 3173 2449 deserto
3209 2394 3274 2460 ³⁸,
3313 2406 3438 2453 erat
3485 2407 3569 2471 ty-

1970 2495 2076 2552 pus
2105 2480 2359 2537 laborum
2383 2482 2478 2553 qui
2513 2482 2834 2538 subeuntur
2857 2485 2910 2538 in
2935 2487 3357 2554 exercitatione,
3381 2500 3437 2546 et
3462 2492 3572 2546 ini-

1973 2571 2112 2627 tium
2140 2573 2574 2629 exercitationis.
2623 2575 2762 2631 Vide
2801 2576 2950 2631 enim
2996 2577 3144 2647 quod
3187 2578 3244 2633 in
3295 2582 3574 2654 principio

1972 2681 2083 2721 non
2127 2666 2328 2721 invasit
2351 2681 2448 2722 eos
2479 2666 2689 2722 bellum
2733 2669 3108 2725 inimicorum.
3139 2671 3400 2728 Nondum
3424 2675 3574 2730 enim

1971 2765 2130 2812 erant
2157 2757 2442 2812 exercitati
2478 2758 2547 2813 ad
2571 2773 2631 2814 se
2650 2757 2876 2814 fortiter
2905 2758 3238 2830 gerendum.
3269 2761 3576 2832 Propterea

1971 2858 2303 2906 exercentur
2339 2851 2585 2922 primum
2652 2851 2836 2908 carnis
2881 2852 3189 2908 laboribus.
3245 2854 3325 2908 Eo
3385 2864 3575 2910 autem

1972 2952 2184 3013 spectat
2206 2952 2261 2998 et
2286 2943 2452 3013 illud;
2481 2944 2767 3000 «Tentatio
2795 2960 2892 3001 vos
2913 2945 3160 3002 nondum
3179 2946 3572 3018 apprehendit,

1971 3034 2078 3088 nisi
2110 3034 2351 3091 humana
2372 3037 2437 3090 “.
2465 3053 2483 3089 ι

2043 3127 2218 3200 Ligno
2243 3129 2427 3186 dulcis
2472 3130 2617 3187 facta
2663 3138 2750 3187 est
2784 3147 2972 3186 amara
3024 3147 3168 3202 aqua
3220 3131 3456 3190 Marath.
3506 3134 3572 3194 In

285 3220 379 3275 Ἐν
425 3217 648 3292 Χριστῷ
696 3218 806 3290 γὰρ
845 3217 922 3288 τῷ
965 3217 1066 3287 τῆς
1095 3217 1240 3287 ζωῆς
1292 3217 1433 3288 ξύλῳ
1493 3216 1867 3286 καταγλυκαί-

1974 3215 2197 3274 Christo
2221 3219 2394 3286 enim,
2415 3221 2508 3291 qui
2533 3221 2843 3292 estlignum
2868 3220 3017 3288 vitae,
3061 3221 3393 3278 dulcescunt
3446 3225 3573 3296 qui-

271 3329 458 3367 νονται
487 3314 583 3384 μὲν
613 3313 684 3365 τὰ
711 3311 905 3381 πικράο
939 3311 1156 3381 φορητὰ
1186 3311 1244 3363 δὲ
1278 3310 1342 3362 τὰ
1375 3308 1637 3362 δύσοιστα
1685 3308 1865 3378 γίνονο

270 3423 389 3461 ται.

351 3499 565 3571 Ὥσπερ
611 3500 661 3552 οἱ
714 3497 1046 3568 Ἰσραηλῖται
1079 3498 1185 3550 τῶν
1219 3494 1396 3567 κρεῶν
1426 3493 1867 3566 ὑπομνησθέντες

274 3591 634 3665 ἐπεθύμησαν
681 3592 742 3644 ἐν
797 3589 1060 3660 Αἰγύπτῳ
1106 3587 1395 3658 γενέσθαι,
1458 3589 1552 3640 καὶ
1598 3586 1876 3640 δουλεύειν

273 3685 440 3741 πάλιν
486 3684 629 3739 ὥστε
689 3681 1070 3755 ἐμπλησθῆναι
1130 3680 1312 3736 αὐτῶν
1339 3721 1355 3746 ,
1404 3679 1548 3734 οὕτω
1600 3680 1694 3734 καὶ
1743 3679 1869 3741 τοὺς

274 3778 662 3850 ἀνοητοτέρους
709 3780 766 3830 ὲν
794 3778 924 3848 ἡμῖν
967 3777 1208 3849 δριμεῖαι
1240 3773 1500 3838 πολλάκις
1541 3773 1870 3828 ἀναπείθου-

277 3890 365 3926 σιν
403 3871 588 3944 ήδοναὶ
615 3869 826 3934 παθῶν,
873 3870 1116 3940 φορητὴν
1156 3866 1408 3938 ἡγεῖσθαι
1439 3867 1539 3938 τὴν
1573 3865 1665 3920 τοῦ
1691 3866 1870 3921 διαϐὁο

273 3968 370 4022 λου
401 3964 668 4025 δουλείαν.
719 3965 906 4018 ἕνεκεν
936 3962 1030 4016 τοῦ
1065 3960 1364 4016 ἀπολαύειν
1408 3960 1609 4016 αὐτῶν.
1648 3959 1866 4032 Ἐιρίησι

269 4058 334 4112 δὲ
357 4056 567 4119 τούτοις
610 4058 639 4109 ὁ
678 4054 833 4119 Θεὸς,
864 4051 1188 4115 ἁκαθέκτως
1221 4051 1424 4122 ἔχουσι.
1473 4051 1647 4106 Τοῦτο
1691 4053 1801 4123 γὰρ
1834 4055 1868 4122 ὴ

273 4151 377 4222 τῆς
410 4148 834 4220 ὀρτυγομήτρας
867 4146 1122 4209 είκονίζει
1151 4143 1475 4216 μετάληψις.
1515 4133 1656 4197 ’Δλλ⁴
1678 4143 1870 4215 ὥσπερ

274 4239 508 4303 ἐκείνοις
540 4238 920 4308 προτιμήσασι
952 4234 1046 4288 τοῦ
1097 4236 1275 4306 μάννα
1309 4236 1371 4289 τὸ
1410 4236 1579 4306 κρέας
1606 4236 1687 4298 είς
1716 4234 1859 4306 χολέο

275 4352 380 4406 ραν
412 4331 709 4403 κατέληξεν
752 4334 786 4404 ἠ
821 4330 1042 4402 βρῶσις·
1089 4329 1232 4383 οὕτω
1271 4331 1366 4383 καὶ
1417 4329 1628 4394 τούτοις
1677 4346 1870 4401 προτι-

278 4426 424 4498 μῶσι
481 4425 579 4497 τῆς
629 4424 881 4495 οὐρανίου
929 4421 1145 4493 τρυφῆς
1192 4421 1290 4493 τὴν
1341 4422 1571 4492 γεηρὰν.
1627 4421 1724 4475 καὶ
1767 4421 1870 4492 τῆς

272 4517 658 4590 πνευματικῆς
685 4514 882 4588 ἡδονῆς
923 4516 1022 4587 τὴν
1059 4515 1349 4586 σαρκικῆν,
1389 4518 1467 4578 είς
1495 4513 1726 4585 ψυχικὸν
1751 4513 1870 4568 δλε-

273 4615 406 4686 θρον
436 4614 470 4684 ὴ
511 4610 810 4683 μετάληψις
836 4610 1153 4682 καταλήξει.

790 4724 928 4795 Περὶ
965 4726 1070 4779 τοῦ
1111 4725 1332 4794 μὰνναι

344 4843 421 4898 Τὸ
469 4843 567 4915 μὲν
609 4844 783 4916 μάννα
844 4840 991 4915 πρωῒ
1048 4841 1370 4912 κατήρχετο,
1407 4850 1721 4908 προτυπουν
1773 4857 1864 4893 τον

267 4936 535 5010 Χριστὸν,
568 4938 626 5000 ὃς
659 4937 808 4989 ἔστιν
850 4933 1099 5006 οὐράνιος
1129 4931 1292 5001 ἄρτος
1317 4930 1534 5002 τρέφων
1559 4931 1658 4994 τὰς
1686 4932 1866 5003 ψυχὰς

265 5029 384 5085 τῶν
439 5028 610 5083 πινῶν
640 5046 654 5060 ο
691 5028 750 5096 ὃς
793 5028 886 5081 καὶ
945 5025 1182 5096 ἀνατολὴ
1219 5024 1372 5094 ἡλίου
1409 5026 1524 5088 τοῖς
1577 5027 1634 5078 ἐν
1680 5025 1865 5077 σκότει

1893 4580 1948 4640 D

1971 3309 2097 3365 dem
2132 3327 2255 3381 quae
2281 3321 2409 3367 sunt
2452 3313 2829 3388 amara,_tiunt
2875 3322 3063 3369 autem
3105 3314 3417 3372 tolerabilia
3446 3333 3573 3390 quae

1971 3412 2102 3458 sunt
2143 3404 2380 3458 toleratu
2410 3404 2670 3461 diﬂicilia.

2042 3495 2519 3563 Quemadmodum
2536 3498 2802 3554 lsraelitae
2838 3501 3115 3556 recordati
3147 3503 3399 3558 carnium
3423 3504 3574 3560 desi-

1972 3588 2242 3644 derarunt
2269 3605 2395 3646 esse
2420 3591 2477 3645 in
2506 3589 2744 3663 {Egypto
2770 3592 2836 3654 ³⁷,
2864 3603 2921 3647 et
2947 3608 3140 3649 rursus
3159 3595 3373 3652 servire
3401 3605 3464 3652 ut
3486 3597 3572 3653 eis

1971 3683 2337 3753 implerentur
2370 3701 2383 3735 :
2423 3683 2497 3739 ita
2512 3684 2680 3739 etiam
2711 3699 2810 3740 eos
2835 3685 2933 3755 qui
2973 3685 3121 3741 inter
3149 3703 3252 3743 nos
3273 3697 3405 3754 sunt
3434 3689 3573 3746 insi-

1971 3774 2297 3845 pientiores,
2338 3790 2496 3830 acres
2527 3775 2698 3830 animi
2750 3785 3007 3832 motuum
3047 3777 3365 3848 voluptates
3422 3796 3568 3852 sape

1972 3857 2312 3937 persuadent
2343 3867 2663 3922 existimare
2685 3867 3040 3925 tolerabilem
3073 3867 3284 3924 diaboli
3324 3871 3569 3926 servitu-

1972 3966 2105 4022 tem,
2134 3965 2196 4010 ut
2219 3956 2304 4012 eis
2327 3955 2605 4011 fruantur.
2638 3956 2749 4011 Eos
2774 3965 2962 4012 autem
2998 3957 3234 4014 dimittit
3265 3960 3413 4017 Deus
3439 3977 3568 4017 cum

1973 4063 2084 4103 non
2117 4049 2332 4120 possint
2365 4049 2638 4104 cohiberi.
2669 4046 2846 4120 Hujus
2870 4050 3023 4104 enim
3055 4051 3137 4106 rei
3160 4051 3331 4108 habet
3377 4054 3571 4126 imagi-

1973 4156 2101 4196 nem
2127 4149 2516 4214 ortygometra:
2545 4141 2921 4213 participatio.
2961 4143 3067 4200 Sed
3129 4147 3411 4216 quomodo
3457 4148 3570 4204 illis

1914 4261 1924 4277 κ
1973 4231 2068 4302 qui
2096 4247 2320 4288 carnem
2352 4249 2565 4288 manum
2591 4234 2968 4305 praetulerant,
3000 4234 3160 4290 cibus
3190 4237 3247 4291 in
3286 4236 3456 4293 bilem
3484 4250 3571 4296 est

1974 4336 2278 4379 conversus
2306 4341 2319 4378 :
2357 4323 2430 4377 ita
2457 4323 2524 4377 iis
2554 4323 2648 4393 qui
2681 4324 3004 4380 coelestibus
3021 4319 3239 4381 deliciis
3265 4328 3570 4397 praeferunt

1975 4425 2247 4481 terrenas,
2270 4409 2330 4471 et
2346 4416 2620 4486 spirituali
2645 4416 2916 4486 voluptati
2937 4419 3210 4486 carnales,
3243 4420 3312 4475 ad
3337 4422 3568 4478 exitium

1974 4507 2169 4562 animi?
2201 4507 2346 4562 redit
2373 4523 2564 4562 earum
2589 4507 2961 4579 participatio.

2593 4719 2673 4773 De
2698 4737 2919 4774 manna.

2047 4836 2244 4890 Manna
2268 4835 2492 4904 quidem
2515 4851 2677 4890 mane
2695 4835 2866 4906 coepit
2893 4837 2960 4902 ³⁸,
2991 4836 3274 4894 Christum
3313 4842 3570 4915 prazligu-

1977 4944 2130 4994 rans,
2155 4928 2250 5000 qui
2301 4936 2387 4984 est
2429 4928 2673 4984 ccelestis
2707 4930 2867 5000 panis
2900 4931 3158 4988 nutriens
3182 4934 3399 4990 animas
3437 4952 3571 4992 esu-

1977 5019 2267 5075 rientium:
2302 5017 2398 5088 qui
2419 5017 2588 5073 etiam
2608 5019 2831 5075 advenit
2858 5019 3056 5076 Oriens
3084 5021 3154 5078 iis
3175 5024 3268 5094 qui
3300 5026 3571 5083 sedebant

267 5121 605 5193 καθημένοις
647 5119 1079 5190 ἐπιδεδήμηκεν·
1107 5118 1152 5185 ,ἠ
1194 5115 1252 5169 δὲ
1292 5115 1681 5188 ὀρτυγομήτρα
1732 5116 1867 5188 πρὸς

1970 5114 2026 5168 in
2063 5112 2328 5168 tenebris.
2385 5109 2770 5184 Ortygometra
2810 5122 2996 5169 autem
3037 5113 3107 5169 ad
3142 5129 3453 5186 vesperam,
3487 5121 3568 5175 εἰς

269 5215 536 5285 ἑσπέραν,
567 5211 806 5284 δηλοῦσα
833 5215 934 5284 τῆς
983 5210 1213 5281 νομικῆς
1243 5209 1503 5280 λατρείας
1529 5210 1632 5280 τὴν
1664 5209 1869 5274 ζωοθυα

1967 5207 2235 5279 gniﬁcans
2285 5205 2470 5261 cultus
2514 5206 2705 5278 legalis
2744 5207 3068 5262 animalium
3110 5209 3405 5275 sacriﬁcia,
3444 5228 3568 5282 quae

270 5305 437 5365 σίαν.
483 5305 606 5375 ῆτις
656 5307 714 5359 ὲν
768 5307 950 5366 σκιαῖς
1001 5320 1060 5356 τε
1118 5303 1214 5354 καὶ
1261 5301 1528 5373 ἀμυδροῖς
1563 5303 1867 5373 ῐχνεσιτῆς

1969 5299 2380 5370 peragebantur
2426 5299 2482 5354 in
2524 5299 2738 5355 umbris
2768 5307 2826 5354 et
2864 5299 3103 5355 exilibus
3133 5300 3386 5372 vestigiis
3416 5303 3567 5359 veri-

268 5397 532 5468 ἀληθείας
559 5396 887 5459 ἔπετελείτο,
916 5396 1009 5450 καὶ
1035 5394 1209 5464 πέρας
1228 5394 1420 5463 ἔμελλε
1450 5393 1726 5461 δέξασθαι.
1759 5395 1867 5450 Πέ-

270 5509 377 5566 ρας
415 5491 526 5564 γὰρ
554 5491 650 5563 τῆς
680 5492 892 5563 ἡμέρας
919 5491 952 5559 ἡ
985 5489 1217 5560 ἑσπέραο

357 5581 768 5653 Ἐντειλάμενος
810 5583 839 5635 ὁ
887 5581 1093 5651 Μωσῆς
1125 5580 1302 5651 Ἰησοῦ
1345 5579 1440 5634 τοῦ
1479 5580 1637 5652 Ναυῆ
1686 5582 1870 5636 ἐπιλέ-

268 5674 468 5741 ξασθαι
513 5673 712 5746 ἄνδρας
746 5674 1005 5737 δυνατοὺς
1060 5675 1156 5728 καὶ
1201 5671 1437 5739 ἐξελθεῖν
1479 5675 1576 5729 καὶ
1612 5677 1864 5747 «reparci-

346 5815 393 5849 ³⁸
418 5818 590 5877 Exod.
626 5837 750 5886 xlv,
795 5820 883 5888 19,
925 5820 1012 5875 20.

269 5901 432 5961 seqq.

604 5980 879 6040 Pn‘uon.
927 5978 1045 6041 GR.
1093 5977 1401 6044 LXXVII.

1116 5820 1160 5852 ιε
1188 5820 1360 5875 Exod.
1391 5809 1578 5888 mm
1627 5838 1782 5883 sena.
1870 5826 1961 5881 ui
1996 5821 2104 5878 C0-
2132 5835 2217 5880 -x,
2260 5818 2343 5873 is.

1967 5392 2118 5455 tatis,
2142 5398 2199 5444 et
2232 5389 2395 5445 finem
2441 5397 2602 5445 erant
2630 5399 2946 5460 acceptura.
2974 5389 3127 5445 Finis
3150 5390 3300 5446 enim
3342 5391 3452 5448 diei
3483 5404 3570 5450 est

1979 5499 2231 5554 vespera.

2048 5577 2188 5634 Cum
2229 5576 2485 5649 iussisset
2515 5576 2693 5632 Moses
2747 5576 2877 5632 Jesu
2924 5576 3039 5634 lilio
3066 5577 3218 5634 Nave
3260 5578 3573 5651 uteligeret

1977 5672 2129 5727 viros
2170 5678 2446 5742 potentes,
2479 5679 2537 5726 et
2583 5671 2764 5727 exiret
2810 5680 2866 5726 et
2923 5673 3044 5730 acie
3103 5674 3398 5731 dimicaret
3420 5691 3566 5772 ~cum

2445 5819 2487 5851 ³τ
2520 5817 2694 5873 Exod.
2739 5834 2857 5892 gm,
2891 5819 2926 5872 2
2967 5835 3122 5892 seqq.
3237 5817 3282 5851 ³³
3326 5818 3467 5877 Ibid.
3501 5817 3571 5876 15

3170 5985 3243 6044 38
