4098 6344
585 304 724 362 M95

1765 291 1822 349 S.
1859 290 2133 348 ονιιιω
2173 289 2259 345 ΕΤ
2299 283 2603 344 Αιιοιιωι

3722 260 3853 326 ηε

579 421 807 482 Amalec
823 420 892 474 ".
908 416 1334 489 subsignificavit
1382 416 1528 488 quod
1567 415 1726 472 Iesus
1741 407 1995 470 Christus
2014 411 2147 466 sub-

2253 408 2449 475 ξασθαι
2481 405 2748 476 ’Δμαλὴη
2785 400 3152 470 ύπεσήμαινεν
3180 397 3261 450 δτι
3301 389 3513 465 Ἰησοῦς
3547 387 3852 489 ὸ.Χριστο,

579 515 804 589 jicietur
834 511 1105 566 mandatis
1120 510 1256 581 legis
1281 509 1546 564 llosaicae.
1574 528 1593 558 ι
1626 507 1746 562 Non
1764 506 1916 569 veni,
1944 502 2145 574 inquit,

580 606 654 662 ad
683 604 999 660 solvendam
1023 603 1220 673 legem,
1259 601 1356 657 sed
1377 599 1710 671 implendam
1738 598 1802 651 “.
1863 617 1882 647 ι
1921 596 1990 650 Et
2021 609 2145 649 cum

579 697 841 768 elegisset
859 711 927 749 ex
967 695 1224 749 universo
1254 693 1454 748 lsraele
1484 702 1540 746 et
1569 707 1638 745 ex
1680 691 1937 744 universa
1985 695 2148 757 gente

581 788 734 841 viros
761 794 1033 856 potentes,
1053 799 1259 846 sacros,
1289 784 1534 852 inquam,
1555 781 1832 851 apostolos
1876 788 1932 832 et
1955 791 2147 831 eorum

583 892 949 939 successores,
974 877 1041 930 ad
1071 875 1473 944 conﬂigendum
1492 874 1608 928 acie
1637 888 1763 926 cum
1780 871 1999 926 diabolo
2022 884 2147 937 rege

578 971 703 1026 vitii
729 981 785 1025 et
811 970 1042 1038 peccati,
1079 983 1207 1021 eum
1240 967 1596 1036 expugnabit.
1642 964 1912 1020 Postridie
1959 969 2144 1015 autem

575 1061 740 1134 jussit
777 1061 914 1114 strui
951 1061 1146 1122 aciem,
1173 1058 1488 1128 significans
1503 1056 1648 1126 quod
1674 1065 1864 1126 postea
1896 1061 2146 1108 secutum

581 1160 892 1220 esttempus
903 1159 1170 1219 susceptae
1185 1149 1563 1212 humanitatis,
1578 1147 1720 1218 quod
1740 1156 1826 1201 est
1841 1154 1962 1216 post
1976 1143 2147 1197 adim-

581 1241 875 1312 pletionem
913 1239 1174 1308 temporis
1217 1237 1427 1307 legalis.
1470 1237 1732 1290 Ascendit
1758 1245 1936 1288 autem
1973 1230 2148 1284 Moses

581 1347 748 1402 super
759 1332 1022 1386 verticem
1042 1330 1217 1393 collis,
1234 1341 1294 1384 ut
1310 1338 1495 1399 posset
1512 1328 1712 1383 intueri
1732 1326 1997 1397 praelium.
2012 1321 2163 1412 Nam!

578 1434 701 1491 qua:
711 1431 796 1474 est
807 1435 874 1474 ex
889 1423 1003 1490 lege
1019 1422 1370 1490 mystagogia,
1385 1418 1707 1473 conscendit
1725 1416 1790 1469 ad
1804 1415 1894 1468 alti
1904 1412 2146 1468 tudinem

578 1510 908 1581 cognitionis
963 1526 1260 1582 congruam
1281 1520 1337 1564 et
1382 1511 1676 1564 habentem
1731 1506 2143 1578 symmetriam,

581 1605 727 1659 unde
746 1605 960 1674 possint
981 1604 1152 1658 Judaei
1176 1605 1375 1657 intueri
1423 1601 1862 1656 Christianorqu
1892 1606 2149 1668 stratage—

581 1706 727 1751 mala
748 1714 761 1748 :
785 1705 840 1751 ct
857 1696 1036 1766 Moyse
1049 1697 1271 1764 quidem
1285 1693 1614 1748 extendente
1638 1708 1830 1746 manus
1848 1690 2146 1744 invalesce-

580 1787 675 1841 hat
709 1787 894 1849 Israel,
924 1786 1234 1839 remittente
1275 1794 1457 1838 autem
1497 1783 1868 1837 invalescebat
1905 1780 2142 1835 Amalec.

580 1879 715 1934 Nam
743 1894 934 1933 manus
953 1878 1174 1947 quidem
1207 1878 1259 1930 in
1295 1892 1477 1930 aerem
1504 1871 1778 1946 cxpansm',
1823 1873 2148 1928 describunt

581 1969 807 2040 figuram
830 1971 1015 2024 crucis
1032 1988 1044 2021 :
1061 1970 1232 2022 vincit
1247 1976 1428 2022 autem
1443 1970 1761 2038 quicunque
1777 1967 1885 2022 fert
1902 1980 2144 2020 crucem:

578 2061 853 2130 quomodo
875 2076 1065 2114 rursus
1111 2061 1424 2130 quicunque
1474 2077 1583 2114 non
1604 2061 1710 2114 fert
1750 2075 1992 2123 crucem,
2051 2056 2147 2112 sed

578 2149 783 2206 Christi
816 2150 979 2204 Iidem
1001 2151 1206 2213 amisit,
1239 2149 1382 2204 beilo
1401 2151 1691 2220 premitur.
1728 2151 1934 2205 Graves
1964 2158 2148 2204 autem

579 2258 776 2298 manus
798 2241 982 2306 Mosis,
1010 2254 1066 2297 et
1092 2258 1214 2312 qua:
1232 2243 1323 2296 vix
1346 2245 1676 2296 attolluntur
1703 2244 1759 2297 in
1783 2242 1984 2296 dictam
2011 2241 2147 2313 ligu-

580 2349 698 2389 ram
730 2351 743 2385 :
785 2334 1042 2402 quoniam
1065 2343 1122 2386 et
1139 2334 1234 2404 qui
1254 2334 1362 2387 sint
1377 2335 1512 2403 legis
1545 2349 1670 2387 raro
1693 2333 1761 2386 ad
1788 2333 1892 2387 hoc
1923 2334 2148 2387 veniunt

580 2433 641 2480 ut
667 2424 850 2479 ferant
894 2439 1114 2478 crucem
1160 2424 1384 2478 Christi.
1439 2425 1508 2478 Et
1545 2425 1900 2494 accipientes,
1947 2423 2145 2494 inquit,

578 2513 814 2585 lapidem
836 2514 886 2568 ei
928 2521 1350 2583 supposuerunt.
1384 2514 1453 2567 Et
1477 2514 1655 2567 Aaron
1672 2523 1729 2568 et
1758 2512 1832 2568 Or
1872 2513 2150 2569 sull'ulcie-

581 2607 734 2672 bant,
758 2606 954 2676 inquit,
977 2606 1029 2660 ei
1059 2621 1254 2659 manus
1275 2606 1403 2660 hinc
1433 2623 1574 2662 unus
1591 2617 1648 2662 ct
1675 2607 1802 2662 inde
1847 2623 2008 2661 unus.
2044 2607 2148 2661 La-

579 2701 665 2772 pis
687 2699 835 2754 enim
873 2699 1148 2768 pretiosus
1189 2705 1246 2751 et
1283 2699 1498 2752 electus
1542 2707 1628 2753 est
1669 2697 1922 2753 Christus
1954 2699 2022 2762 “,
2057 2699 2147 2752 cui

581 2789 878 2845 innitentes
903 2790 1197 2858 quiescunt
1222 2789 1315 2858 qui
1351 2788 1587 2844 credunt
1623 2805 1691 2844 ex
1722 2790 1940 2845 lsraele.
2000 2791 2147 2846 Idem

579 2891 764 2936 autem
795 2880 1051 2936 Christus
1069 2879 1395 2949 intelligitur
1420 2890 1477 2935 et
1501 2881 1679 2935 Aaron
1706 2890 1761 2936 et
1783 2879 1881 2947 Or,
1915 2891 1978 2936 ut
2009 2897 2150 2953 pon-

580 2973 713 3029 tifex
734 2983 790 3028 et
817 2974 1004 3042 iudex.
1031 2971 1166 3026 Nam
1188 2971 1369 3026 Aaron
1393 2972 1617 3042 quidem
1646 2983 1731 3028 est
1754 2975 2018 3044 pontifex,
2073 2975 2150 3030 Or

2251 501 2653 570 ὑποταγήσεται
2701 496 2822 556 ταῖς
2864 490 3101 553 ὲντολαῐς
3146 486 3240 541 τοῦ
3295 480 3618 540 Μωσαῖκοῦ

2258 614 2276 644 ι
2319 568 2621 662 Ούκνῆλθον
2651 587 2780 656 γὰρ,
2821 585 2977 655 φησὶ,
3012 579 3312 635 καταλῦσαι
3342 577 3434 629 τὸν
3467 575 3682 645 νόμον,
3714 568 3851 662 ἀλλά

2248 660 2556 755 πληρῶσαι.
2628 701 2647 733 ι
2711 681 2821 734 Καὶ
2879 672 3265 742 ἐπιλεξάμενος
3325 671 3390 721 ὲκ
3464 666 3698 728 παντὸς

2262 753 2499 846 Ἰσραὴλ,
2534 775 2630 827 καὶ
2671 773 2736 824 ἐκ
2792 768 2990 830 παντὸς
3043 764 3255 826 ἔθνους,
3307 761 3511 830 ἀνδρας
3543 753 3847 816 δυνατούς

2248 870 2393 938 φημὶ
2428 867 2493 936 δὴ
2517 867 2642 927 τοὺς
2695 861 2870 932 ἱεροὺς
2902 855 3227 917 ἀποστόλους
3259 852 3353 905 καὶ
3387 851 3520 912 τοὺς
3549 847 3852 938 διαδόχους

2247 937 2822 1025 αύίτῶνοπαρατὰξεται
2844 951 2919 1023 τῷ
2939 949 3169 1017 διαῦόλῳ
3182 945 3259 1016 τῷ
3278 942 3490 1014 βασιλεῖ
3506 941 3614 1009 τῆς
3637 937 3850 998 κακίας

2250 1052 2346 1105 καὶ
2378 1047 2672 1118 ἁμαρτίας,
2702 1045 2795 1098 καὶ
2839 1039 3276 1107 καταπολεμήσει
3311 1033 3492 1086 αὐτόν.
3533 1027 3851 1118 Είσαύριον

2246 1143 2303 1196 δὲ
2324 1117 2426 1212 τὴν
2469 1139 2774 1209 παράταξιν
2809 1133 3101 1202 διωρίσατο
3131 1125 3478 1197 ποιήσασθαι·
3514 1121 3727 1212 δηλῶν

2251 1209 2544 1305 μετέπειτα
2573 1227 2764 1300 καιρὸν
2797 1230 2896 1296 τῆς
2954 1222 3413 1293 ὲνανθρωπήσεως
3443 1216 3540 1267 τὸν
3587 1211 3745 1284 μετὰ

2249 1299 2520 1393 πλήρωμα
2551 1317 2646 1373 τοῦ
2674 1299 2899 1388 νομικοῦ
2956 1315 3167 1384 χρόνου.
3214 1311 3421 1361 ’Δνεισι
3476 1305 3536 1357 δὲ
3579 1305 3687 1356 ἐπὶ
3741 1299 3846 1370 τὴν

2249 1415 2490 1486 κορυφὴν
2533 1410 2627 1466 τοῦ
2679 1407 2865 1479 βουνοῦ
2901 1408 3125 1475 Μωσῆς.
3171 1404 3236 1455 ἵν’
3275 1402 3375 1473 ἔχῃ
3424 1399 3682 1469 καθορᾷν
3738 1393 3844 1466 τὴν

2251 1509 2446 1579 μάχην.
2478 1502 2818 1566 ’Δναϐισὲιζει
2847 1502 2956 1570 γάρ
2985 1499 3082 1551 καὶ
3109 1499 3143 1565 ἠ
3174 1493 3316 1548 κατά
3334 1495 3499 1562 νόμον
3526 1503 3842 1561 μυσταγω-

2248 1603 2341 1670 γία
2389 1600 2520 1670 πρὸς
2571 1596 2700 1666 ὕψος
2755 1594 3066 1661 σύμμετρον
3094 1590 3377 1658 γνιὶισεωςο
3425 1583 3552 1636 ὅθεν
3583 1583 3650 1634 ἀν
3701 1579 3842 1633 ἰου-

2247 1694 2385 1746 δαίοι
2408 1691 2650 1743 δύναιντο
2687 1687 2923 1757 καθορᾷν
2952 1686 3022 1736 τὰ
3053 1683 3161 1733 τῶν
3195 1680 3321 1750 περὶ
3358 1676 3596 1747 Χριστὸν
3627 1689 3839 1746 στρατ-

2250 1787 2541 1856 ηγήματα·
2588 1782 2678 1833 καὶ
2711 1778 3082 1839 ἀνατείναντος
3112 1774 3210 1842 μὲν
3243 1772 3486 1832 Μωσέως
3508 1771 3608 1832 τὰς
3633 1769 3838 1839 χεῖρας

2248 1879 2536 1946 κατίσχυεν
2567 1874 2779 1945 Ἰσραήλ
2797 1890 2810 1903 ·
2833 1871 3112 1930 καθιέντος
3144 1868 3199 1921 δὲ
3216 1865 3506 1934 κατίσχυεν
3549 1861 3832 1932 ’Δμαλήι

2248 1971 2440 2040 Χεῖρες
2469 1968 2568 2039 μὲν
2591 1968 2697 2037 γὰρ
2711 1965 2981 2033 ἀποτάδην
3001 1964 3079 2023 είς
3095 1961 3230 2032 ἀέρα
3247 1959 3618 2026 δεικνύμεναι,
3636 1955 3700 2006 τὸ
3733 1949 3833 2005 τοῦ

2251 2059 2483 2130 σταυροῦ
2513 2058 2700 2128 σχῆμα
2741 2056 3034 2126 γράφουσι,
3065 2053 3173 2114 πᾶς
3199 2051 3254 2103 δὲ
3279 2047 3649 2119 πυροφόρος
3669 2044 3828 2114 νικᾷ·

2248 2151 2496 2221 καθάπερ
2543 2145 2608 2202 αὖ
2663 2149 2769 2210 πᾶς
2805 2149 2880 2218 μὴ
2926 2146 3016 2197 τὸν
3057 2143 3287 2212 σταυρὸν
3313 2139 3513 2210 φέρων,
3545 2139 3681 2193 ἀλλά

2249 2244 2390 2297 κατά
2413 2242 2645 2313 Χριστὸν
2676 2242 2857 2292 πίστιν
2890 2239 3211 2310 προέμενος,
3239 2235 3581 2303 πολεμεῖται.

2246 2336 2304 2388 δὲ
2338 2338 2394 2388 αἱ
2425 2338 2603 2404 χεῖρες
2645 2332 2906 2396 Μωσέως,
2942 2332 3036 2384 καὶ
3081 2329 3234 2400 μόλις
3277 2327 3640 2397 ἐπαιρόμεναι
3683 2321 3830 2393 πρὸς

2249 2427 2338 2481 τὸν
2364 2427 2654 2497 εἰρημένον
2687 2425 2875 2476 τύπον.
2912 2423 3034 2476 Ὀτι
3085 2423 3178 2475 καὶ
3221 2422 3270 2473 οἱ
3324 2420 3419 2473 τοῦ
3450 2419 3623 2488 νόμου
3670 2416 3830 2487 μόλις

2251 2517 2478 2586 ἥκουσιν
2527 2516 2605 2577 εἰς
2636 2514 2697 2566 τὸ
2729 2513 2956 2583 φορέσαι
3009 2511 3100 2563 τδν
3158 2508 3386 2579 σταυρὸν
3417 2505 3512 2559 τοῦ
3558 2502 3823 2575 Χριστοῦ.

2250 2609 2364 2661 Καὶ
2397 2607 2674 2669 λαδόντες,
2703 2604 2857 2674 φησι,
2884 2602 3030 2654 λίθον
3078 2600 3357 2668 ὑπέθηκαν
3387 2597 3480 2649 ὑπ’
3511 2596 3695 2657 αὑτὸν,
3726 2595 3826 2647 καὶ

2248 2699 2481 2770 ἐκάθητο
2520 2699 2607 2750 ἐπ’
2638 2696 2826 2748 αὑτοῦ·
2857 2695 2950 2747 καὶ
3001 2691 3211 2761 Ἀαρὼν
3244 2692 3339 2743 καὶ
3374 2691 3496 2760 Ὢρ,
3531 2685 3825 2758 ἐστήριξαν

2246 2794 2345 2857 τὰς
2368 2796 2555 2863 χεῖρας
2574 2787 3028 2853 αὑτοῦ,’ὲντεῦθεν
3048 2779 3150 2848 εἷς,
3173 2787 3267 2837 καὶ
3284 2782 3530 2836 ἐντεῦθεν
3548 2777 3648 2844 εἷς.
3667 2781 3828 2841 Δίθος

2251 2887 2351 2956 μὲν
2389 2885 2496 2956 γὰρ
2528 2885 2704 2954 τίμιος
2724 2881 2819 2933 καὶ
2846 2878 3097 2940 ἐκλεκτὸς
3119 2878 3147 2929 ὁ
3170 2874 3422 2946 Χριστος,
3446 2874 3609 2942 ἐφ’δν
3623 2872 3828 2944 ἐρειδό-

2252 2997 2402 3050 μενοι
2445 2977 2847 3041 ἀναπαύονται,
2883 2976 2932 3027 οἱ
2969 2974 3025 3039 ἐξ
3079 2971 3286 3044 Ἰσραὴλ
3341 2971 3710 3034 πιστεύοντες.
3765 2969 3828 3021 ’0

580 3081 714 3122 vero
733 3065 900 3136 judex
931 3082 944 3115 :
975 3062 1069 3132 qui
1093 3063 1346 3116 Christus
1361 3080 1458 3134 per
1482 3077 1774 3136 utrumque
1799 3067 2142 3137 intelligitur,

2252 3073 2410 3135 αὐτὸς
2441 3071 2498 3124 δὲ
2534 3069 2764 3141 Χριστὸς
2821 3069 3022 3122 νοεῖται
3069 3066 3163 3118 καὶ
3213 3061 3421 3134 ’Δαρὼν
3474 3065 3569 3116 καὶ
3599 3064 3716 3133 Ὢρ,
3751 3063 3829 3125 ὡς

577 3156 825 3214 suﬂ'ulcit
861 3155 1050 3210 ﬁdeles
1087 3169 1155 3208 ex
1199 3153 1400 3209 lsraele
1462 3155 1518 3209 in
1579 3156 1740 3211 ﬁdem
1768 3165 1825 3211 et
1854 3158 2143 3213 victoriam

577 3266 700 3324 φη,
724 3260 810 3306 εει
833 3265 932 3320 per
960 3260 1201 3311 crucem,
1235 3259 1540 3318 neque-cos
1567 3248 1700 3303 sinit
1725 3253 1938 3321 gravari
1973 3252 2144 3309 etde-

576 3343 757 3416 primi.

649 3609 826 3665 Ioses
873 3617 1057 3665 autem
1091 3622 1122 3662 a
1172 3606 1282 3661 Deo
1342 3607 1607 3661 nstitutus
1647 3610 1805 3677 Jussit
1852 3610 2056 3679 populo
2090 3617 2150 3662 ut

578 3702 789 3758 lavaret
810 3703 1134 3758 vestimenta
1162 3715 1282 3762 sua,
1308 3708 1365 3754 et
1404 3699 1703 3755 abstineret
1733 3717 1762 3755 a
1789 3703 2053 3765 muliere,
2092 3710 2149 3757 et

581 3797 654 3849 ita
685 3795 786 3850 sub
807 3804 991 3850 monte
1015 3793 1164 3849 Sinai
1190 3810 1250 3849 se
1277 3794 1390 3848 Deo
1408 3795 1627 3848 sisteret
1653 3795 1715 3847 “.
1741 3793 1969 3864 Oportet
1999 3797 2148 3850 enim

579 3902 783 3943 exuere
837 3887 1230 3958 turpitudinem
1256 3886 1375 3940 vitii
1403 3927 1420 3951 ,
1463 3895 1519 3940 et
1546 3885 1778 3942 induere
1801 3894 1822 3956 1
1843 3889 2151 3958 pulchritu-

579 3979 768 4034 dinem
827 3979 1092 4039 virtutis,
1143 3986 1199 4032 et
1248 3993 1447 4047 purum
1505 3993 1626 4033 esse
1681 3994 1711 4031 α
1769 3981 2048 4050 voluptate.
2094 3990 2152 4036 et

580 4070 999 4139 inquinamento
1070 4071 1335 4139 corporis.
1399 4068 1513 4132 Hoc
1569 4079 1753 4123 autem
1802 4070 1889 4124 lex
1954 4072 2145 4141 jubet‘,

579 4165 737 4236 cujus
798 4162 967 4233 figura
1014 4162 1224 4233 Moyses
1277 4161 1501 4218 Christo
1556 4161 1669 4217 Deo
1719 4163 1864 4217 sistit
1913 4178 2010 4218 eos
2054 4165 2148 4235 qui

579 4255 833 4318 credunt,
875 4255 1050 4308 instar
1087 4255 1366 4325 paedagogi
1393 4255 1675 4318 erudiens,
1705 4265 1762 4310 et
1791 4271 2145 4325 componens,

578 4356 636 4405 et
662 4348 942 4403 adducens
961 4347 1029 4401 ad
1057 4347 1469 4416 perfectionem.
1497 4347 1986 4403 Descenditautem
2007 4349 2150 4404 Deus

2253 3165 2542 3236 ἀρχιερεὺς
2596 3161 2691 3216 καὶ
2729 3161 2940 3232 κριτής·
2985 3156 3194 3226 Ἀαρὼν
3229 3157 3327 3226 μὲν
3357 3156 3464 3227 γὰρ
3511 3157 3828 3228 ἀρχιερεὺς.

2254 3260 2446 3330 κριτὴς
2491 3259 2548 3310 δὲ
2589 3259 2709 3329 Ὠρ.
2753 3259 2849 3319 Ὃς
2882 3255 3114 3326 Χριστὸς
3154 3253 3220 3306 δι’
3246 3254 3573 3323 ἀμφοτέρων
3605 3253 3834 3323 νοούμε-

2254 3365 2366 3413 νος,
2401 3346 2671 3417 ύπερείδει
2702 3347 2826 3408 τοὺς
2873 3344 2932 3407 ἐξ
2972 3341 3190 3414 Ἰσραὴλ
3223 3343 3463 3403 πιστοὺς,
3498 3343 3580 3404 είς
3613 3343 3715 3412 τὴν
3743 3342 3837 3395 διὰ

2254 3439 2348 3492 τοῦ
2383 3437 2616 3509 σταυροῦ
2665 3438 2755 3490 καὶ
2797 3435 3002 3496 πίστιν,
3032 3434 3126 3486 καὶ
3157 3433 3336 3504 νίκην,
3375 3432 3471 3484 καὶ
3512 3432 3613 3484 οὐκ
3644 3434 3712 3503 ἑᾷ
3742 3431 3839 3503 βαρ

2258 3532 2466 3601 ρεῖσθαι
2495 3529 2589 3582 καὶ
2610 3526 3007 3582 κατασπᾶσθαι.

2340 3621 2654 3690 Ἐνηχηθεὶς
2709 3618 2892 3672 θεόθεν
2943 3621 2971 3671 ὁ
3017 3617 3223 3688 Μωσῆς
3257 3615 3556 3689 προσέταξε
3596 3616 3675 3687 τῷ
3717 3616 3839 3688 λαῷ

2262 3713 2458 3766 πλῦναι
2487 3714 2554 3766 τὰ
2591 3711 2781 3781 ἱμάτια
2812 3709 3040 3773 ἑαυτῶν,
3068 3711 3162 3763 καὶ
3195 3708 3531 3778 ἀποσχέσθαι
3548 3709 3834 3776 γυναικὸς,

2258 3807 2348 3859 καὶ
2373 3804 2545 3868 οὕτως
2591 3804 2694 3858 ὑπὸ
2718 3803 2778 3855 τὸ
2814 3803 2937 3874 ὅρος
2994 3802 3125 3856 Σινᾶ
3177 3799 3525 3879 παραστῆναι
3575 3802 3657 3872 τῷ
3683 3802 3836 3875 Θεῷ.

2259 3899 2381 3968 Χρὴ
2419 3899 2526 3966 γὰρ
2580 3893 2988 3949 ἀποπλύνασθαι
3045 3894 3106 3947 τὺ
3145 3889 3333 3964 αἶσχος
3375 3895 3472 3963 τῆς
3505 3897 3702 3960 κακίας
3737 3899 3838 3950 καὶ

2257 3989 2576 4042 ἐνδύσασθαι
2606 3987 2666 4040 τὸ
2694 3985 2887 4050 κάλλος
2928 3987 3029 4054 τῆς
3073 3985 3304 4056 ἀρετῆς,
3360 3986 3455 4039 καὶ
3500 3986 3838 4057 καθαρεύειν

2259 4076 2574 4146 σωματικῆς
2601 4074 2793 4146 ἡδονῆς
2824 4076 2918 4126 καὶ
2951 4073 3250 4143 μολυσμοῦ.
3279 4074 3450 4128 Τοῦτο
3473 4074 3529 4128 δὲ
3557 4080 3839 4148 προστάτ.

2255 4185 2361 4220 των
2389 4169 2415 4218 ό
2445 4166 2625 4236 νόμος,
2663 4160 2722 4219 οῦ
2753 4165 2924 4227 τύπος
2957 4167 2985 4217 ὁ
3016 4166 3239 4236 Μωσῆς,
3275 4168 3573 4239 παρίστησι
3605 4169 3840 4242 Χριστῷ

2255 4261 2334 4331 τῷ
2352 4261 2470 4331 Θεῴ
2493 4262 2617 4322 τοὺς
2644 4259 2998 4328 πειθομένους
3022 4259 3382 4329 παιδαγωγῶν
3413 4262 3504 4315 καὶ
3525 4261 3834 4333 ῥυθμίζων,

2257 4354 2350 4406 καὶ
2385 4353 2677 4423 προσάγων
2714 4355 2779 4422 τῇ
2815 4353 3129 4426 τελειότητι.
3177 4354 3400 4426 Κατέδη
3428 4355 3484 4408 δὲ
3517 4358 3547 4408 ὁ
3586 4357 3719 4420 Θεὸς
3767 4359 3835 4412 οὐ

578 4455 688 4495 non
714 4440 779 4492 ad
806 4439 1090 4509 populum,
1116 4438 1209 4492 sed
1243 4439 1298 4492 in
1346 4449 1606 4494 montem.
1639 4441 1773 4494 Nam
1801 4442 1887 4494 lex
1927 4441 2147 4510 quidem

2261 4446 2394 4514 πρὸς
2431 4445 2521 4498 τὸν
2570 4444 2715 4507 λαὸν,
2741 4444 2874 4496 ἀλλά
2907 4446 3042 4516 πρὸς
3074 4444 3136 4498 τὸ
3167 4444 3314 4515 δρος.
3352 4447 3409 4498 ’0
3435 4444 3537 4515 μὲν
3573 4446 3683 4518 γὰρ
3714 4447 3831 4501 τῶν

581 4531 936 4586 Hebraeorum
966 4538 1055 4585 est
1077 4531 1325 4592 humilis,
1351 4531 1562 4600 abjecta
1609 4541 1665 4586 et
1714 4533 2009 4587 terrestris.
2040 4533 2152 4588 Lex

579 4629 763 4674 autem
782 4620 1220 4675 Christianorum
1243 4630 1328 4674 est
1356 4629 1540 4676 mente
1564 4625 1797 4687 excelsa,
1829 4632 1881 4679 et
1900 4625 2152 4679 sublimis

582 4714 1072 4782 contemplatione,
1099 4723 1157 4768 et
1187 4730 1353 4784 super
1381 4716 1666 4769 terrestria
1691 4716 1745 4769 in
1777 4717 1948 4771 altum
1985 4718 2148 4781 elata,

579 4802 648 4856 ad
673 4818 794 4871 qua:
830 4804 972 4858 Deus
999 4819 1219 4874 quoque
1251 4805 1474 4860 advenit
1511 4809 1891 4876 corporaliter,
1941 4817 1996 4864 et
2024 4826 2148 4865 cum

579 4892 784 4964 quibus
809 4901 893 4946 est
930 4904 1285 4949 conversatus
1327 4895 1492 4950 homo
1544 4895 1739 4952 factus.
1774 4897 1929 4952 Mons
1965 4909 2148 4955 autem

578 4992 695 5038 erat
728 4983 869 5053 ignis
896 4984 963 5036 ad
1004 4992 1266 5038 terrorem
1311 4986 1534 5056 quidem
1584 4988 1754 5042 crassi
1803 4969 2016 5059 populi:
2060 4991 2149 5044 cui

579 5090 691 5131 non
722 5084 840 5130 erat
873 5075 1100 5144 spiritus
1124 5075 1358 5132 ﬁliorum
1400 5079 1729 5145 adoptionis,
1772 5082 1868 5136 sed
1914 5085 2154 5138 servitu-

579 5166 672 5229 tis,
711 5165 779 5218 ad
805 5174 1069 5220 terrorem
1091 5167 1210 5236 ejus
1232 5169 1325 5236 qui
1353 5169 1621 5224 violenter
1641 5180 1698 5225 et
1717 5187 1827 5226 non
1849 5174 2155 5229 voluntarie

579 5259 755 5314 Deum
791 5257 952 5310 colit:
984 5257 1051 5312 ad
1101 5259 1552 5330 expurgationem
1593 5272 1776 5317 autem
1802 5265 2152 5334 iuventutis;

577 5359 665 5407 cst
686 5349 835 5405 enim
869 5349 1092 5420 quidam
1134 5351 1278 5424 ignis
1321 5355 1692 5425 purgatorius,
1741 5358 1922 5413 fumus
1965 5370 2147 5415 autem

579 5440 744 5497 tacite
799 5443 1068 5498 innuebat
1097 5456 1360 5501 arcanum
1393 5445 1594 5502 divina
1630 5458 1860 5506 natura.
1915 5471 1934 5503 ι
1958 5452 2148 5509 Posuit

576 5531 749 5598 enim,
805 5531 1005 5604 inquit,
1065 5535 1318 5592 tenebras
1381 5535 1672 5594 latibulum
1713 5555 1874 5596 suum
1929 5542 2038 5597 ⁸³.»
2077 5545 2145 5600 Et

2267 4538 2532 4607 Ἐϐραίων
2582 4537 2708 4601 λαδς
2768 4539 3102 4608 χαμαίζηλος
3156 4539 3248 4592 καὶ
3296 4538 3524 4611 γεώδης,
3559 4542 3588 4594 ὁ
3631 4539 3687 4594 δὲ
3716 4540 3828 4596 τῶν

2255 4630 2616 4698 Χριστιανῶν,
2657 4630 2896 4701 ὑψίνους,
2921 4634 3015 4684 καὶ
3048 4635 3115 4703 τῇ
3149 4631 3351 4704 θεωρίᾳ
3395 4633 3686 4704 μετέωρος.
3731 4637 3827 4689 καὶ

2252 4721 2362 4774 τῶν
2414 4723 2616 4792 γηίνων
2672 4722 3075 4793 ύπερῃρμένος.
3113 4716 3212 4786 Οἷς
3264 4725 3359 4776 καὶ
3421 4725 3752 4794 σωματικῶς
3795 4727 3828 4781 ὀ

2253 4814 2386 4876 θεὸς
2421 4815 2731 4884 ἐπεδήμησε
2775 4819 2866 4867 καὶ
2906 4815 3315 4886 συνανεστράφη
3375 4815 3824 4888 ὲνανθρωπήσας.

2255 4905 2374 4974 Πῦρ
2406 4906 2461 4958 δὲ
2490 4907 2615 4978 περὶ
2642 4908 2700 4959 τὸ
2730 4907 2873 4977 ὄρος,
2903 4909 2983 4969 είς
3012 4905 3177 4976 φόϐον
3199 4907 3300 4977 μὲν
3319 4906 3414 4960 τοῦ
3450 4909 3654 4978 παχέος
3674 4909 3829 4977 λαοῦ,

2251 4992 2298 5065 ᾧ
2332 4998 2433 5051 οὐκ
2471 4993 2539 5068 ἦν
2586 4996 2803 5067 πνεῦμα
2833 4997 3128 5066 υἱοθεσίας,
3159 4998 3294 5053 ἀλλά
3322 4999 3568 5063 δουλείας
3620 5001 3702 5065 είς
3734 5004 3830 5071 φό-

2252 5087 2368 5148 ϐον.
2405 5088 2592 5156 βιαίως
2621 5087 2844 5158 ἠγμὲνῳ
2881 5087 2976 5140 καὶ
3006 5089 3107 5141 οὐκ
3139 5087 3458 5151 ἐθελουσίως
3491 5089 3822 5146 εύσεδοῦντιο

2254 5183 2332 5244 είς
2364 5179 2627 5250 κάθαρσιν
2657 5181 2714 5233 δὲ
2738 5179 2829 5232 τοῦ
2874 5180 2992 5233 νέου
3012 5198 3027 5212 °
3064 5179 3177 5234 ἔστι
3208 5181 3318 5251 γὰρ
3344 5182 3436 5235 καὶ
3469 5181 3585 5254 πῦρ
3621 5183 3827 5257 καθαρ-

2252 5273 2463 5342 τήριον.
2497 5273 2558 5322 ’0
2578 5271 2634 5324 δὲ
2666 5271 2867 5333 καπνὸς
2881 5272 2944 5325 τὸ
2961 5272 3277 5344 ἀπόκρυφον
3294 5272 3538 5343 ᾐνίττετο
3557 5276 3657 5347 τῆς
3683 5276 3829 5343 θείας

2257 5361 2493 5431 φύσεως.
2533 5380 2552 5414 ι
2590 5360 2781 5414 Ἐθετο
2800 5362 2930 5431 γὰρ,
2967 5363 3122 5433 φησι,
3155 5363 3348 5428 σκότος
3389 5365 3828 5439 ἀτωκρυφὴναύ-

2256 5452 2368 5508 τοῦ.
2412 5473 2430 5505 ι
2467 5454 2538 5507 Ἦ
2567 5453 2662 5508 καὶ
2689 5453 2884 5521 ἄλλως,
2911 5458 2941 5510 ό
2973 5455 3074 5527 μὲν
3101 5457 3309 5522 καπνὸς
3334 5459 3416 5521 είς
3437 5458 3709 5530 σύμσολον
3727 5460 3826 5532 τῆς

2255 5545 2472 5618 ἀχλύος,
2499 5547 2536 5617 ἢ
2567 5547 2938 5619 κατακέχυται
2986 5549 3086 5618 τῆς
3112 5549 3357 5613 διανοίας
3382 5547 3491 5604 τῶν
3517 5551 3820 5619 Ἰουδαίων,

650 5717 894 5776 "Exod.
920 5723 1118 5789 “11,9.
1196 5726 1240 5758 ⁸⁸
1270 5725 1460 5782 latth.
1486 5745 1538 5795 ν,
1577 5729 1663 5785 Π.
1742 5732 1785 5765 ⁸⁸
1810 5732 1832 5787 1
1854 5732 1978 5787 Cor.
2011 5753 2063 5799 ι,
2095 5735 2144 5789 4.

2252 5737 2267 5766 ⁵
2301 5736 2469 5792 Exod.
2502 5755 2609 5805 xxx,
2638 5739 2722 5807 Η,
2763 5739 2842 5794 l5.
2918 5741 2965 5772 "
2987 5741 3126 5798 Psal.
3153 5757 3280 5809 xm,
3319 5743 3403 5797 Η.
