4098 6344
263 469 287 516 1
300 469 394 516 ιιιι

1639 451 2168 511 CULLECTANEA.

3399 442 3539 502 U98

262 577 341 647 μὴ
394 572 757 644 συγχωροῦσα
797 569 1134 641 ἱντρανίξειν
1166 573 1288 636 ταῖς
1328 572 1427 640 τῆς
1457 568 1717 641 ἀληθείας
1748 571 1847 624 αὺ-

1958 569 2157 640 alioqui
2206 565 2391 622 fumus
2422 565 2646 633 quidem
2694 573 2780 620 est
2833 564 2888 619 in
2932 561 3250 636 symbolum.
3285 561 3541 635 caliginis

261 667 405 734 γαῖς.
440 663 514 717 Τὸ
531 663 587 716 δὲ
613 661 723 734 πῦρ
757 663 838 726 εἰς
871 661 1058 714 εἰκόνα
1091 662 1186 715 τοῦ
1228 663 1406 732 φωτὸς
1440 661 1468 714 δ
1497 661 1845 730 καταλάμπει

259 755 351 809 τὸν
382 753 506 806 νοῦν
539 751 648 804 τῶν
694 753 776 815 εἰς
801 751 1038 822 Χριστὸν
1072 751 1459 807 πιστευόντων.
1513 749 1848 823 Προὸαίνου-

258 863 353 901 σαι
381 846 438 901 δὲ
474 849 530 899 αῖ
551 846 730 916 φωναὶ
751 848 850 916 τῆς
876 846 1178 915 σάλπιγγος
1209 845 1450 912 ἐγίνοντο
1477 845 1844 917 ἰσχυρότεραιο

261 939 700 1009 ἐπιδημήσαντος
718 939 829 1009 γάρ
845 938 942 991 τοῦ
970 937 1208 1009 Χριστοῦ
1231 939 1390 1008 ἡμῖν,
1425 938 1730 1009 τρανότερα
1753 938 1848 990 καὶ

259 1031 658 1102 γνωριμώτερα
686 1031 948 1098 γεγόνασι
988 1031 1058 1083 τά
1087 1030 1221 1100 περὶ
1255 1028 1423 1082 αὐτοῦ
1451 1030 1528 1101 τῷ
1562 1031 1712 1101 νόμῳ
1764 1031 1846 1083 δι-

258 1124 651 1196 αγορευόμενα.
682 1143 714 1176 1
766 1124 1057 1177 Ἀκούσατε
1102 1124 1211 1192 γάρ
1248 1123 1440 1186 ταῦτα,
1484 1125 1638 1195 φησὶ,
1671 1125 1850 1178 πάντα

259 1217 327 1270 τὰ
355 1215 504 1288 ἔθνη.
542 1236 561 1268 ι
613 1216 751 1269 Ἀλλ’
795 1235 816 1267 ι
877 1215 934 1268 '0
983 1214 1082 1285 μὲν
1121 1216 1328 1285 Μωσῆς
1370 1215 1569 1277 ἐλάλει,
1603 1216 1788 1285 φησὶν,
1821 1217 1850 1267 6

257 1305 315 1360 δὲ
342 1305 476 1370 Θεὸς
524 1307 852 1376 ἀπεκρίνετο
882 1303 1033 1374 αὐτῷ
1081 1308 1256 1374 φωνῇ.
1315 1323 1334 1355 ι
1375 1306 1434 1358 ’0
1467 1305 1565 1375 μὲν
1595 1304 1704 1374 γὰρ
1739 1299 1851 1356 οἷον

261 1398 610 1466 παιδαγωγὸς
665 1397 847 1468 ἐζήτει
881 1395 972 1448 τὸν
1001 1396 1166 1466 νόμον
1213 1389 1258 1464 ᾧ
1311 1394 1672 1466 βελτιωθῆναι
1725 1395 1853 1464 μέλ-

261 1489 423 1546 λοιεψ
451 1492 479 1542 6
527 1491 585 1544 δὲ
626 1488 758 1551 Θεὸς
808 1487 1140 1558 ἐνομοθέτει.
1168 1489 1327 1557 Φωνὴ
1370 1487 1427 1540 δὲ
1459 1486 1552 1538 τοῦ
1583 1487 1796 1556 Πατρὸς
1824 1488 1852 1538 ό

264 1581 415 1643 Υἱὸς,
455 1579 532 1642 ὼς
575 1579 770 1646 Λόγος.
810 1578 898 1644 Ἐξ
932 1577 1098 1631 αὐτοῦ
1150 1577 1260 1648 γὰρ
1302 1579 1331 1630 6
1372 1579 1558 1646 νόμος,
1589 1580 1637 1629 εἰ
1666 1577 1850 1629 καίει)

259 1671 509 1739 ἀγγέλων
549 1669 629 1740 τῷ
658 1671 850 1723 Μωσεῖ
876 1668 1184 1740 λελάληται.
1236 1670 1614 1731 Κελεύσαντος
1668 1669 1725 1720 δὲ
1756 1670 1850 1720 τοῦ

258 1761 418 1827 Θεοῦ,
452 1761 630 1815 ἄνεισι
669 1763 873 1831 Μωσῆς
895 1765 974 1826 είς
1010 1761 1109 1832 τὴν
1139 1762 1386 1833 κορυφὴν
1413 1762 1508 1815 τοῦ
1523 1763 1710 1832 ιὸρους·
1751 1780 1850 1814 κα-

258 1851 512 1913 λέσαντος
537 1852 646 1920 γὰρ
685 1851 777 1904 τοῦ
795 1849 1028 1922 Χριστοῦ
1055 1851 1146 1903 τὸν
1165 1853 1352 1905 πιστὸν
1386 1852 1534 1916 λαὸν,
1566 1854 1656 1904 τὸν
1680 1854 1851 1922 ὑπερ-

1947 678 2070 732 qua:
2091 671 2178 716 est
2200 659 2382 714 infusa
2416 659 2695 715 mentibus
2723 657 3062 736 Iudaeorum,
3091 671 3201 712 non
3225 657 3541 712 concedens

1952 764 2165 809 utvere
2197 752 2470 824 aspiciant
2503 752 2860 822 splendorem
2883 750 3159 806 veritatis.
3187 749 3335 822 Ignis
3351 757 3539 804 autem

1948 857 2033 902 est
2062 847 2242 916 imago
2270 845 2432 911 lucis,
2455 860 2578 915 quae
2608 845 2881 899 illuminat
2930 852 3173 898 mentem
3222 857 3418 897 eorum
3444 841 3542 912 qui

1949 939 2255 994 creduntin
2276 937 2581 992 Christum.
2604 936 2977 992 Procedentes
3000 943 3183 990 autem
3209 933 3358 989 tubae
3378 949 3545 989 voces

1953 1028 2162 1083 ﬁebant
2194 1028 2656 1083 vehementiores.
2684 1027 2822 1082 Nam
2851 1041 2977 1082 cum
3001 1025 3070 1081 ad
3100 1040 3201 1083 nos
3227 1025 3546 1081 advenisset

1951 1120 2229 1184 Christus,
2258 1119 2487 1175 fuerunt
2507 1120 2671 1174 nobis
2700 1118 2937 1174 certiora
2965 1127 3022 1173 et
3043 1118 3261 1176 notiora
3310 1133 3435 1190 quae
3477 1119 3546 1173 de

1954 1213 2075 1283 ipso
2089 1212 2420 1268 dicebantur
2434 1228 2532 1283 per
2546 1213 2744 1283 legem.
2758 1211 2986 1266 «Audite
2999 1212 3168 1275 enim,
3185 1213 3387 1282 inquit.
3405 1212 3545 1277 haec.

1954 1320 2148 1359 omnes
2169 1303 2628 1377 gentes“.iSed¢
2655 1303 2834 1359 Moses
2858 1302 3108 1373 quidem,
3131 1303 3334 1372 inquit,
3353 1303 3549 1374 loque—

1955 1393 2120 1449 batur
2156 1413 2170 1448 :
2203 1396 2350 1449 Deus
2369 1401 2557 1449 autem
2584 1395 2635 1448 ei
2665 1394 3036 1465 respondebat
3091 1409 3227 1450 voce
3251 1396 3317 1448 ".
3347 1414 3365 1446 ι
3408 1395 3547 1450 Nam

1955 1488 2132 1543 Moses
2165 1488 2391 1557 quidem
2415 1495 2680 1557 tanquam
2708 1487 3037 1558 paedagogus
3069 1487 3548 1560 quaerebatlegem

1955 1595 2062 1648 qua
2089 1578 2263 1634 futuri
2282 1579 2886 1633 erantmeliores.Deus
2909 1587 3092 1633 autem
3119 1579 3546 1652 ferebatlegem.

1957 1669 2072 1724 Vox
2109 1679 2293 1724 autem
2316 1671 2494 1724 Patris
2519 1670 2712 1733 Filius,
2747 1677 3008 1739 tanquam
3043 1669 3308 1727 Verbum.
3335 1671 3448 1726 Lex
3464 1680 3551 1727 est

1955 1765 2105 1818 enim
2138 1780 2205 1818 ex
2232 1764 2372 1833 ipso,
2405 1763 2628 1818 etiamsi
2667 1778 2766 1833 per
2801 1763 3028 1833 angelos
3062 1764 3282 1817 locutus
3305 1774 3392 1818 est
3422 1778 3551 1818 cum

1958 1857 2164 1928 Moyse.
2193 1856 2332 1911 Cum
2369 1856 2741 1925 autemjnssit
2772 1855 2938 1921 Deus,
2977 1855 3228 1911 ascendit
3254 1857 3468 1928 Moyses
3493 1858 3550 1912 in

260 1943 512 2012 κείμενον
538 1942 631 1995 τοῦ
666 1942 797 1995 λαοῦ
829 1943 939 1995 τῶν
987 1943 1279 2005 Ἰουδαίων,
1302 1946 1395 1996 καὶ
1423 1944 1734 2014 θεράποντα
1753 1943 1846 1996 τοῦ

1958 1951 2214 2004 verticem
2237 1951 2441 2004 montis
2465 1951 2529 2002 ⁸⁸.
2553 1950 2690 2003 Nam
2728 1965 2854 2004 cum
2882 1960 3136 2004 vocasset
3154 1945 3412 2006 Christus
3445 1967 3548 2023 po-

257 2034 417 2098 Θεοῦ,
452 2033 658 2087 ἄνεισιν
683 2029 862 2098 οὖτος⁹
883 2034 976 2086 ἐπὶ
1004 2037 1102 2104 τὴν
1130 2034 1474 2106 ὑψηλοτάτην
1497 2035 1845 2102 θεογνωσίαν·

258 2129 288 2177 6
323 2126 380 2179 δὲ
410 2126 538 2190 λαὸς
582 2127 833 2197 εἴργεται
865 2127 1130 2194 ἐγγίζειν,
1166 2127 1256 2179 ἵνα
1305 2127 1379 2198 μὴ
1405 2125 1678 2198 ἀποθάνῃ.
1727 2126 1851 2187 Τοῖς

258 2217 370 2288 γάρ
393 2222 678 2287 κωμικοῖς
705 2217 802 2270 καὶ
839 2217 1195 2289 φιλοσάρκοις
1221 2217 1561 2279 ἐπικίνδυνος
1588 2219 1621 2286 ἡ
1653 2216 1853 2285 ὑψηλο-

261 2309 396 2381 τέρα
423 2309 649 2380 θεωρία,
677 2309 813 2361 ἀλλὰ
836 2309 1066 2371 καὶτοῖς
1088 2309 1343 2376 ἀνάγνοις
1369 2307 1608 2378 ἱερεῦσιν
1626 2327 1638 2339 ·
1667 2307 1851 2376 Ἀγια-

261 2403 549 2476 σθήτωσαν
575 2405 704 2474 γὰρ,
741 2404 898 2474 φησὶ,
953 2404 1165 2473 μήποτε
1208 2400 1496 2475 ἀπαλλάξῃ
1534 2402 1632 2456 ἀπ’
1671 2402 1852 2455 αὐτῶν

257 2499 288 2548 6
328 2497 554 2568 Κύριος⁹
604 2496 751 2550 τοῦτ’
802 2496 970 2560 ἔστιν,
1027 2495 1212 2567 ἀνέλῃ,
1240 2497 1272 2566 ἦ
1303 2496 1399 2549 καὶ
1437 2495 1850 2566 άπαναχωρήσῃ

257 2589 348 2643 διὰ
366 2589 466 2661 τὴν
511 2588 857 2659 ἀκαθαρσίαν
900 2587 1103 2640 αὐτῶν.
1132 2588 1486 2651 Καταϐάντος
1524 2587 1579 2641 δὲ
1608 2588 1854 2650 Μωσέως

260 2683 359 2734 καὶ
381 2681 900 2754 διαμαρτυραμένου
935 2679 1014 2752 τῷ
1047 2679 1183 2752 λαῷ·
1224 2681 1714 2750 συγκαταϐατικῶς
1743 2681 1854 2749 γὰρ

261 2774 358 2830 καὶ
387 2775 554 2827 οῑονε)⁸
599 2774 817 2842 γεωδῶς
841 2774 936 2827 καὶ
973 2773 1304 2843 σωματικῶς
1329 2775 1357 2825 6
1382 2775 1546 2844 νόμος
1579 2773 1853 2835 Ἰουδαίοις

257 2866 590 2935 διαλέγεται·
635 2869 940 2920 συνάνεισιν
970 2864 1120 2936 αὑτῷ
1163 2868 1258 2919 καὶ
1299 2865 1538 2937 Ἀαρὼν,
1582 2864 1676 2918 τοῦ
1717 2865 1853 2918 Θεοῦ

263 2958 642 3022 κελεύσαντος.
677 2958 921 3026 Ἐγγίζει
954 2957 1064 3029 γάρ
1094 2959 1174 3028 τῷ
1203 2959 1324 3028 Θεῷ
1359 2959 1624 3029 πρότερος
1657 2959 1686 3010 6
1728 2961 1857 3012 Μω-

270 3051 461 3115 σαῖκὸς
504 3052 670 3120 νόμος
697 3049 772 3113 ὼς
817 3051 1001 3118 ἅγιος,
1038 3050 1264 3121 ὓστερον
1290 3049 1346 3102 δὲ
1381 3051 1475 3103 καὶ
1514 3054 1542 3103 ὁ
1573 3051 1857 3118 εὐαγγελι-

261 3141 378 3209 λὸς,
398 3142 474 3208 ὡς
514 3139 826 3212 ἱερώτατος,
861 3141 957 3195 καὶ
980 3139 1367 3207 συζεύγνυνται
1399 3141 1541 3196 κατά
1564 3142 1715 3212 Θεὸν,
1739 3142 1856 3212 ἦτοι

264 3234 407 3290 κατά
433 3233 534 3304 τὴν
560 3231 938 3302 πνευματικὴν
959 3230 1194 3303 Θεωρίαν
1213 3247 1226 3259 ·
1262 3231 1548 3303 συνᾴδουσι
1577 3235 1683 3302 γὰρ
1714 3233 1859 3286 κατά

263 3345 326 3397 γε
371 3327 435 3380 τὸ
480 3323 871 3395 πνευματικῶς
926 3321 1320 3395 θεωρούμενον.
1372 3323 1657 3376 κωλύεται
1694 3325 1750 3377 δὲ
1796 3325 1858 3378 τὸ
1886 3310 1928 3367 C-

263 3419 452 3473 λοιπὸν
485 3417 764 3490 ἱερατικὸν
796 3415 953 3483 γένος
993 3415 1238 3469 ἀνελθεῖν
1255 3418 1334 3478 είς
1358 3416 1456 3486 τὴν
1485 3417 1734 3486 κορυφὴν
1765 3415 1860 3469 τοῦ

266 3514 448 3579 δρους.
476 3511 603 3574 Τοῖς
629 3509 739 3578 γάρ
781 3509 862 3562 ἔτι
899 3507 998 3578 τὴν
1049 3510 1106 3560 ὲν
1147 3512 1327 3573 σκιαῖς
1358 3508 1571 3562 τελοῦσι
1604 3503 1862 3580 λατρείαν

266 3605 329 3658 οὐ
363 3603 568 3657 δίδοται
596 3600 750 3671 παρά
774 3599 935 3660 Θεοῦ,
971 3600 1030 3652 τὸ
1066 3601 1201 3669 πρὸς
1241 3599 1374 3666 ὕψος
1411 3599 1712 3668 ἀνάγεσθαι
1739 3600 1862 3668 δογ-

271 3697 491 3767 μάτων,
532 3695 829 3764 τετήρηται
861 3691 918 3744 δὲ
948 3695 1060 3754 τοῖς
1094 3693 1151 3742 ἐν
1198 3690 1472 3760 πνεύματι
1507 3691 1600 3744 καὶ
1631 3689 1862 3761 ἀληθείᾳ⁸

266 3789 593 3860 λατρευταίς
643 3782 737 3837 τοῦ
788 3781 943 3835 Θεοῦ.
1003 3802 1020 3834 ι
1061 3781 1221 3852 Ὑμῖν
1261 3781 1390 3852 γὰρ,
1444 3783 1600 3852 φησι,
1649 3782 1859 3835 δέδοται.

265 3880 470 3950 γνῶναι
526 3878 595 3930 τά
649 3875 923 3946 μυστήρια
969 3873 1070 3943 τῆς
1120 3871 1396 3943 βασιλείας
1435 3872 1545 3928 τῶν
1588 3874 1855 3944 οὐρανῶν,

264 3972 498 4035 ἐκείνοις
522 3969 580 4022 δὲ
618 3969 680 4020 οὺ
709 3966 939 4020 δέδοται.
984 3983 1003 4016 ι

277 4282 342 4336 '0
375 4277 602 4347 Μωσῆς
631 4277 805 4347 ἀφεὶς
829 4273 944 4340 τὴν
964 4273 1237 4339 πεδιάδα,
1269 4275 1366 4330 καὶ
1382 4276 1515 4347 περὶ
1547 4275 1690 4343 τοὺς
1724 4279 1859 4346 πρό-

338 4351 531 4416 ποδας
554 4346 684 4403 τοῦθ
704 4349 880 4416 ὄρους
911 4347 1253 4414 γενόμενος,
1289 4346 1563 4416 ἀνῆλθεν
1580 4351 1668 4415 είς
1684 4348 1854 4410 αὐτὸ,

336 4423 435 4475 καὶ
482 4415 755 4488 διασχὼν
786 4415 898 4481 τὴν
936 4417 1222 4483 νεφέλην,
1280 4419 1670 4488 λαμπρότητα
1707 4417 1857 4473 Θεοῦ

335 4489 459 4546 εἶδε
481 4493 582 4546 καὶ
613 4491 819 4544 ἔπαθε.

337 4604 536 4668 Πεδιάς
583 4604 944 4674 άναγωγικῶς
989 4607 1017 4660 6
1051 4606 1305 4676 ἐνάρετος
1357 4603 1488 4674 βιος·
1541 4605 1707 4658 παντὶ
1749 4605 1856 4675 γάρ

1953 2040 2398 2110 pulumﬁdelem,
2417 2041 2511 2110 qui
2542 2049 2625 2096 est
2651 2056 2818 2110 supra
2840 2041 3106 2112 populum
3126 2041 3464 2109 Judaaorum,
3495 2052 3552 2100 et

1955 2141 2039 2186 est
2068 2148 2264 2186 servus
2284 2133 2402 2198 Dei,
2436 2134 2553 2202 ipse
2573 2134 2827 2188 ascendit
2850 2134 2908 2188 in
2931 2150 3206 2192 summam
3235 2137 3334 2194 Dei
3364 2138 3554 2209 βοειιὶ-

1957 2226 2183 2279 tionem.
2214 2226 2549 2280 Prohibetur
2583 2236 2768 2281 autem
2796 2229 3037 2298 p0pulus
3079 2231 3549 2302 appropinquare.

1955 2334 2025 2372 ne
2057 2319 2346 2372 moriatur.
2390 2317 2684 2374 Mundanis
2721 2320 2870 2373 enim
2907 2329 2965 2374 et
2997 2323 3184 2376 carnis
3236 2325 3554 2382 amantibus

1955 2424 2041 2466 est
2071 2411 2382 2481 periculosa
2407 2411 2703 2467 sublimior
2729 2413 3150 2484 contemplatio.
3195 2413 3305 2470 Sed
3334 2425 3391 2471 et
3440 2434 3553 2474 non

1956 2505 2124 2558 castis
2156 2503 2560 2569 sacerdotibus,
2621 2503 3083 2569 Sanctiﬁcentur,
3132 2504 3334 2576 inquit,
3372 2523 3444 2564 ne
3484 2510 3554 2564 ab

1957 2595 2039 2649 eis
2065 2594 2290 2649 recedat
2315 2595 2606 2659 Dominus,
2643 2593 2750 2649 hoc
2770 2603 2884 2659 est,
2910 2611 2979 2650 ne
3001 2610 3098 2650 eos
3133 2595 3202 2652 de
3247 2598 3433 2653 medio
3457 2603 3559 2654 tol-

1959 2685 2055 2750 lat,
2083 2694 2178 2740 aut
2210 2687 2378 2740 etiam
2401 2686 2471 2740 ab
2505 2686 2589 2741 eis
2630 2687 2793 2741 abeat
2823 2698 3052 2758 propter
3077 2705 3271 2745 eorum
3319 2691 3560 2747 immun—

1961 2775 2336 2832 ditiam.Cum
2367 2787 2553 2833 autem
2574 2779 2955 2834 descendisset
2980 2781 3194 2852 Moyses
3249 2791 3306 2838 et
3365 2785 3560 2839 testiﬁ-

1961 2879 2118 2924 catus
2138 2878 2286 2924 esset
2311 2870 2578 2941 p0pulum
2631 2870 2780 2942 (nam
2800 2866 2868 2926 'se
2899 2872 3248 2928 demittendo
3299 2883 3356 2929 et
3385 2876 3559 2930 veluti

1961 2971 2180 3016 terrene
2197 2969 2252 3015 et
2269 2963 2633 3032 corporaliter
2654 2979 2780 3018 cum
2795 2965 3001 3020 Iudaeis
3022 2967 3109 3020 lex
3128 2967 3559 3038 loquitur),cum

1961 3068 2027 3106 eo
2051 3053 2300 3107 ascendit
2337 3054 2504 3108 etiam
2530 3055 2714 3109 Aaron
2746 3056 2861 3110 Deo
2890 3057 3122 3128 jubente
3155 3059 3220 3114 ".
3260 3061 3377 3115 Deo
3408 3062 3562 3117 enim

1961 3147 2116 3216 prior
2155 3148 2563 3217 appmpinquat
2604 3148 2693 3202 lex
2729 3149 2987 3214 Mosaica,
3034 3161 3296 3222 tanquam
3347 3162 3559 3220 sancta,

1962 3249 2153 3308 postea
2193 3252 2379 3294 autem
2424 3241 2592 3296 etiam
2635 3242 2951 3313 evangelica
2990 3255 3252 3314 tanquam
3305 3248 3562 3302 sacratis-

1965 3329 2122 3394 sima,
2177 3339 2234 3385 et
2293 3333 2706 3402 conjunguntur
2736 3333 3041 3389 secundum
3093 3336 3266 3391 Deum
3324 3355 3422 3394 seu
3475 3356 3561 3395 se-

1965 3423 2208 3477 cundum
2244 3424 2589 3494 spiritualem
2638 3428 3193 3498 contemplationem:
3252 3443 3561 3488 consonant

1964 3510 2113 3567 enim
2137 3513 2192 3567 in
2222 3529 2289 3568 eo
2325 3515 2548 3585 quidem
2577 3525 2728 3572 certe
2782 3518 2930 3589 quod
2972 3520 3360 3577 consideratur
3392 3525 3561 3595 spiri-

1964 3607 2212 3660 tualiter.
2251 3607 2328 3662 De
2359 3617 2563 3663 caetero
2587 3618 2772 3664 autem
2805 3611 3138 3682 prohibetur
3169 3630 3343 3684 genus
3377 3631 3562 3672 sacer-

1964 3696 2146 3752 dotale
2169 3699 2469 3755 ascendere
2502 3700 2558 3754 in
2585 3701 2853 3756 verticem
2893 3705 3119 3759 montis.
3156 3705 3228 3760 lis
3278 3706 3428 3762 enim
3463 3706 3561 3778 qui

1964 3792 2018 3846 in
2048 3793 2265 3846 umbris
2294 3792 2392 3848 Dei
2410 3793 2620 3848 cultum
2653 3794 2837 3850 adhuc
2872 3805 3166 3867 peragunt,
3193 3814 3304 3853 non
3330 3798 3494 3855 datur
3529 3816 3562 3857 ι

1962 3884 2077 3938 Deo
2103 3883 2319 3938 sustolli
2348 3883 2416 3939 ad
2442 3871 2792 3940 altitudinem
2825 3885 3177 3957 dogmatum:
3211 3888 3307 3943 sed
3338 3889 3393 3945 id
3437 3905 3560 3945 ser-

1963 3985 2151 4030 vatum
2185 3986 2271 4032 est
2306 3976 2374 4031 iis
2401 3977 2496 4048 qui
2527 3977 2702 4032 Deum
2723 3977 2959 4033 adorant
2989 3979 3046 4034 in
3095 3980 3298 4050 spiritu
3325 3991 3383 4039 et
3406 3982 3561 4040 veri-

1963 4076 2073 4122 tate
2107 4065 2207 4120 “.i
2231 4067 2402 4123 Vobis
2423 4067 2591 4132 enim,
2619 4068 2818 4139 inquit,
2856 4069 3044 4124 datum
3057 4081 3142 4126 est
3172 4087 3335 4128 nosse
3356 4086 3561 4145 myste-

1961 4158 2042 4212 ria
2072 4160 2226 4229 regni
2255 4159 2544 4224 caelorum,
2580 4159 2691 4215 illis
2711 4167 2897 4214 autem
2940 4177 3052 4216 non
3082 4171 3168 4218 est
3215 4164 3407 4222 datum
3435 4166 3499 4222 δ’.
3528 4187 3548 4220 ι

1959 4270 2190 4342 Moyses,
2222 4274 2411 4329 relicta
2438 4276 2613 4346 campi
2647 4274 2893 4344 planitie,
2929 4292 3049 4328 cum
3072 4276 3297 4331 venisset
3312 4278 3384 4331 ad
3412 4279 3560 4334 radi-

2039 4363 2122 4402 ces
2154 4347 2621 4408 montis,uscendit
2646 4349 2701 4400 in
2730 4363 2869 4408 eum,
2906 4356 2953 4399 et
2986 4347 3203 4403 discissa
3243 4347 3398 4412 nube,
3427 4351 3558 4408 vidit

2031 4420 2129 4474 Dei
2163 4416 2497 4487 splendorem
2516 4425 2564 4470 et
2595 4433 2781 4489 passus
2817 4428 2911 4471 est.

2033 4603 2298 4658 Planities
2320 4602 2620 4673 anagogice
2667 4609 2754 4656 est
2807 4602 2914 4656 vita
2961 4617 3082 4671 qua:
3117 4603 3297 4671 agitur
3327 4618 3395 4656 ex
3434 4602 3554 4656 vir-

264 4698 469 4772 ῥᾴδιος.
525 4696 803 4767 Πρόποδες
833 4697 888 4749 δὲ
928 4697 1022 4750 τοῦ
1060 4698 1220 4768 ὅρους
1275 4698 1308 4767 ἡ
1342 4696 1621 4767 πρακτικὴ
1662 4697 1854 4768 ἀρετὴ,

1962 4707 2100 4762 tute,
2132 4708 2218 4750 est
2251 4696 2399 4750 enim
2425 4693 2603 4749 cuivis
2641 4693 2840 4748 facilis.
2904 4693 3080 4749 Radix
3127 4703 3311 4747 autem
3349 4694 3557 4748 montis

262 4790 493 4850 καὶτοῖς
545 4787 944 4860 ἀνδρειοτέροις
981 4789 1418 4860 εὐεπιχείρητος,
1458 4789 1526 4842 δι’
1567 4783 1634 4860 ἦς
1661 4789 1754 4841 ἐπὶ
1796 4788 1857 4841 τὸ

257 4883 362 4952 ’τῆς
393 4880 630 4952 θεωρίας
663 4879 795 4950 ὕψος
825 4881 1332 4952 χειραγωγούμεθα.
1369 4883 1532 4954 Ὄρος
1574 4882 1630 4935 δὲ
1657 4881 1718 4935 τὸ
1763 4899 1859 4934 πε-

263 4977 492 5049 ρίοπτον
522 4973 618 5026 καὶ
638 4975 937 5042 κορυφαῖον
958 4973 1054 5042 τῆς
1077 4972 1422 5042 θεωρητικῆς
1453 4974 1674 5046 ἀρετῆς,
1693 4974 1721 5026 ὃ
1743 4978 1856 5037 τοῖς

260 5066 496 5130 τελείοις
523 5065 619 5118 καὶ
651 5065 835 5135 μόνοις
870 5063 1121 5134 βάσιμον.
1160 5065 1301 5117 Ἀλλ’
1334 5065 1460 5118 οὐδὲ
1497 5067 1730 5119 ἐνταῦθα
1767 5084 1856 5134 γε-

270 5159 513 5229 νόμενος,
553 5157 742 5227 ἴσχυσε
793 5156 884 5209 τοῦ
942 5157 1281 5228 ποθουμένου
1325 5161 1534 5228 τυχεῖν
1583 5159 1859 5223 ὲνεπόδιζε

261 5251 378 5323 γὰρ
399 5253 434 5322 ή
467 5250 693 5320 νεφέλη,
725 5248 870 5302 τοῦτ’
895 5248 1034 5315 ἔστι,
1068 5250 1128 5303 τὸ
1162 5251 1336 5320 πάχος
1367 5251 1469 5321 τῆς
1505 5252 1728 5322 σαρκός.
1753 5253 1860 5308 Καὶ

259 5340 502 5413 διασχὼν
526 5340 623 5395 καὶ
659 5333 772 5394 οἷον
809 5338 1057 5412 ὑπερϐάς
1094 5342 1217 5404 ταῖς
1254 5341 1392 5412 πρὸς
1419 5341 1554 5394 Θεὸν
1589 5343 1856 5406 νεύσεσιν,

260 5429 376 5489 εἶδέ
407 5451 467 5488 τι
499 5433 658 5499 δόξαν
685 5432 845 5497 Θεοῦ,
882 5433 1073 5500 λόγους
1103 5434 1454 5506 ἀπορρήτους
1491 5434 1703 5505 μαθὼν,
1765 5436 1858 5488 καὶ

263 5525 505 5582 adimet
557 5524 932 5599 λαμπρυνθιὶς
974 5525 1036 5580 τὸ
1078 5527 1395 5598 πρόσωπον,
1429 5527 1505 5591 ὼς
1548 5526 1855 5599 ἐπικαλύμ-

267 5636 440 5691 pato;
471 5618 700 5684 δεῖσθαι,
741 5620 877 5690 πρὸς
921 5619 1014 5673 τὸν
1037 5619 1187 5674 λαόν.
1218 5621 1332 5675 Καὶ
1369 5621 1478 5690 γάρ
1515 5623 1564 5675 οἱ
1611 5639 1854 5694 συγγρατ

266 5714 462 5788 φὲντες
501 5713 650 5785 αὐτῷ
681 5713 830 5783 λόγοι
871 5713 1144 5785 κάλυμμα
1176 5715 1274 5786 μὲν
1312 5715 1494 5786 ἔχουσι
1536 5715 1636 5786 τὴν
1671 5732 1858 5787 σωμα-

335 5917 381 5951 δδ
410 5917 550 5972 Psal.
586 5932 766 5982 ιιι-ιιι,
804 5915 856 5968 2.
937 5917 980 5948 "
1007 5915 1180 5971 Exod.
1216 5933 1327 5984 xu,
1365 5916 1450 5973 i9.
1533 5917 1578 5950 “
1607 5916 1745 5973 Ibid.
1789 5915 1878 5973 20.

1961 4799 2046 4846 est
2071 4791 2249 4846 virtus
2273 4789 2474 4852 activa,
2501 4797 2558 4843 et
2597 4802 2763 4858 quam
2816 4785 3037 4858 aggredi
3083 4795 3314 4857 possunt
3364 4786 3403 4840 ii
3455 4787 3553 4857 qui

1961 4893 2092 4940 sunt
2120 4884 2283 4955 paulo
2314 4883 2594 4945 fortiores,
2625 4895 2726 4950 per
2748 4895 2914 4950 quam
2963 4878 3294 4933 deducimur
3314 4877 3383 4932 ad
3426 4877 3556 4933 alti-

1961 4976 2213 5030 tudinem
2237 4974 2740 5044 contemplationis.
2773 4973 2933 5027 Mons
2962 4983 3145 5028 autem
3187 4981 3272 5027 est
3301 4971 3356 5027 id
3405 4971 3556 5042 quod

1958 5077 2043 5123 est
2066 5067 2430 5139 conspicuum
2465 5077 2523 5123 et
2545 5081 2822 5121 summum
2858 5065 3080 5121 virtutis
3092 5066 3552 5137 contemplativa,

1964 5163 2114 5234 quod
2141 5162 2296 5220 adire
2327 5167 2563 5231 possunt
2595 5158 2696 5214 soli
2753 5157 3006 5230 perfecti.
3057 5156 3165 5211 Sed
3211 5172 3394 5227 neque
3427 5173 3554 5213 cum

1963 5256 2054 5309 hic
2075 5254 2292 5317 fuisset,
2321 5251 2503 5323 potuit
2519 5250 2686 5321 potiri
2707 5249 3015 5306 desiderio:
3056 5249 3558 5317 impediebatenim

1960 5345 2161 5409 nubes,
2197 5344 2303 5399 hoc
2325 5353 2410 5398 est
2430 5342 2746 5398 crassitudo
2779 5341 2984 5396 carnis.
3011 5341 3220 5396 Etcum
3251 5341 3554 5406 divisisset,

1960 5437 2439 5509 etquodammodo
2462 5436 2801 5508 pervasisset
2823 5435 3056 5490 nutibus
3080 5435 3149 5490 ad
3173 5434 3435 5500 Deum,et
3457 5435 3556 5492 Dei

1961 5529 2101 5584 vidit
2119 5528 2371 5600 gloriam,
2396 5535 2458 5582 ut
2492 5527 2589 5598 qui
2616 5527 2785 5582 verba
2809 5525 3070 5582 didicerit
3099 5535 3391 5592 arcana,et
3426 5543 3557 5598 pas-

1964 5635 2060 5674 sus
2082 5629 2167 5674 est
2191 5634 2319 5674 cum
2339 5618 2646 5674 remisisset
2668 5618 2788 5688 ejus
2815 5616 3004 5682 facies,
3033 5616 3171 5672 adeo
3194 5626 3255 5672 ut
3286 5633 3427 5688 opus
3460 5618 3558 5673 ha-

1967 5715 2122 5771 beret
2150 5715 2413 5785 operculo
2447 5729 2543 5770 seu
2574 5713 2698 5768 velo
2730 5712 2797 5768 ad
2820 5711 3107 5784 populum.
3137 5713 3273 5769 Nam
3300 5714 3395 5784 qui
3420 5714 3558 5768 scri—

1953 5915 1994 5948 "
2027 5914 2170 5971 Ibid.
2203 5916 2292 5972 τι.
2371 5916 2417 5949 ⁸⁸
2457 5916 2618 5972 Joan.
2673 5931 2745 5984 ιν,
2805 5915 2895 5972 25.
2963 5917 3019 5962 .⁴⁹
3058 5913 3248 5972 Matth.
3304 5929 3419 5981 xm,
3464 5911 3552 5970 11.
