4170 6330
602 386 737 439 Μῦν

1799 380 1850 431 ς.
1895 374 2167 430 CTlllLLl
2209 373 2295 426 ΕΤ
2347 368 2650 426 ΛίιιΟίῖίέΜ

3717 355 3852 412 {100

603 514 680 571 pii
707 512 834 553 sunt
863 499 929 552 ab
950 514 1014 551 eo
1037 497 1185 556 libri,
1209 496 1527 566 operculum
1547 494 1767 563 quidem
1802 494 2024 554 habent,
2047 507 2171 546 cor-

2289 490 2442 557 τικὴν
2475 486 2713 555 γνῶσιν·
2754 480 3113 550 λαμπρότητα
3148 476 3234 538 δὲ,
3269 475 3337 528 τὰ
3371 475 3449 536 εἰς
3487 473 3721 544 Χριστὸν
3763 479 3855 528 ἁν-

604 593 841 663 poralem
877 591 1275 658 cognitionem:
1323 587 1670 657 splendorem
1704 593 1911 645 autem,
1946 600 2008 639 ea
2051 599 2174 652 qua:

602 683 668 737 ad
699 683 977 737 Christum
1032 681 1363 734 referuntur.
1416 677 1729 731 Transitum
1779 678 1835 730 in
1886 677 2023 729 mari
2077 690 2175 744 per

600 776 828 838 aridam,
870 788 1134 842 aquarum
1164 789 1260 842 per
1281 772 1486 840 virgam
1509 769 1942 840 percussionem,
1968 769 2175 823 colum-

604 882 726 921 nam
749 867 912 920 nubis
937 875 992 920 et
1029 865 1186 935 ignis,
1214 873 1269 918 et
1317 879 1658 932 quiscunque
1682 872 1809 916 sunt
1837 862 2173 931 hujusmodi,

603 962 961 1030 corporaliter
985 959 1205 1028 quidem
1255 957 1566 1026 intelligunt
1611 955 1808 1010 Judaei.
1849 953 2045 1007 Ablato
2073 970 2173 1007 au-

604 1065 714 1107 tem
737 1053 880 1114 velo,
910 1052 1159 1105 veritatis
1187 1049 1535 1118 splendorem
1567 1047 1768 1101 intueri
1787 1063 1897 1101 non
1925 1048 2171 1100 valentes

604 1141 939 1201 concidunt.'
966 1144 1067 1195 nisi
1100 1143 1268 1194 luerit
1289 1140 1557 1210 quispiam
1603 1140 1783 1192 Aaron
1817 1146 2170 1192 consecratus

603 1235 895 1288 chrismate
920 1231 1280 1301 baptismatis,
1311 1236 1366 1283 et
1398 1230 1465 1284 ad
1502 1229 1597 1283 Dei
1646 1231 1854 1283 cultum
1887 1235 1943 1281 et
1997 1225 2171 1280 servi-

604 1325 740 1380 tium
763 1325 1069 1378 dedicatus.

602 1460 709 1513 Lex
744 1460 883 1512 dedit
919 1457 1226 1520 Sabbamm,
1265 1468 1321 1510 ut
1358 1460 1611 1526 quiescat.
1650 1459 1840 1525 inquit,
1869 1455 2172 1525 jumenlum

1040 1540 1186 1581 tuum
1229 1539 1276 1581 et
1308 1546 1484 1581 servus
1510 1538 1627 1580 tuus
1659 1530 1723 1579 ".

677 1706 850 1760 Ambo
885 1706 1000 1761 h:cc
1021 1706 1184 1761 tacite
1217 1721 1415 1776 corpus
1434 1705 1760 1776 signiﬁcant.
1811 1705 2024 1774 Corpus
2047 1707 2174 1776 qni-

2275 584 2541 651 αγόμενα.
2576 579 2686 648 Τὴν
2718 576 2808 628 διὰ
2851 575 3021 644 ξηρᾶς
3052 573 3110 623 ὲν
3135 571 3379 640 Θαλάσσῃ
3421 568 3612 631 διόδον,
3640 566 3741 636 τὴν
3766 568 3855 619 διά

2279 675 2478 742 ῥάϐδου
2509 671 2616 724 τῶν
2643 670 2848 723 ὑδάτων
2887 665 3119 734 πληγὴν,
3152 663 3240 715 τὸν
3270 661 3458 713 στύλον
3491 659 3593 727 τῆς
3627 658 3854 730 νεφέλης

2277 768 2371 818 καὶ
2403 764 2498 818 τοῦ
2526 764 2715 835 πυρος,
2745 762 2838 814 καὶ
2864 760 2932 811 τά
2983 755 3210 811 τοιαῦτα
3251 755 3469 807 ᾶπαντα
3526 751 3856 821 σωματικῶς

2280 858 2380 926 μὲν
2409 856 2623 908 νοοῦσιν
2646 853 2906 907 Ἰουδαῖοι.
2947 847 3053 901 Τοῦ
3084 846 3140 899 δὲ
3176 842 3665 913 περικαλύμματος
3694 843 3856 910 ἀφαισ

2279 949 2571 1021 ρουμένου,
2613 949 2680 1016 τῇ
2709 942 3055 1014 λαμπρότητι
3097 939 3199 1008 τῆς
3229 936 3488 1006 ἀληθείας
3523 933 3856 1003 ὲντρανίζειν

2276 1043 2336 1095 οὐ
2384 1041 2664 1101 σθένοντες
2704 1024 3156 1091 καταπίπτουσιν
3190 1033 3238 1083 εί
3297 1032 3370 1100 μή
3415 1046 3497 1092 τις
3528 1025 3740 1098 ’Δαρὼν
3770 1025 3856 1094 εἴη

2277 1133 2353 1203 τῷ
2383 1136 2648 1203 χρίσματι
2687 1131 2781 1182 τοῦ
2812 1128 3185 1198 βαπτίσματος
3225 1123 3542 1192 ίερωμένος,
3579 1119 3676 1172 καὶ
3721 1116 3856 1188 πρὸς

2277 1225 2532 1294 λατρείαν
2561 1223 2638 1292 τῷ
2668 1221 2788 1290 Θεῷ
2812 1219 3188 1287 ἀνακείμενος.

2289 1441 2358 1517 'Q
2377 1441 2560 1510 νόμος
2619 1441 2684 1517 re
2719 1440 3026 1517 meeum
3045 1439 3335 1517 έέδῳκεν,
3370 1440 3469 1493 ἵνα
3499 1437 3848 1517 ἀγαῖσύση-

2311 1508 2482 1572 ’τως
2535 1512 2719 1580 φησι,
2785 1513 2850 1562 τὸ
2913 1509 3234 1578 ὑποζύγιόν
3287 1526 3404 1563 σου
3458 1511 3556 1562 καὶ
3619 1513 3652 1563 d
3716 1508 3857 1572 παῖς

2349 1599 2487 1634 σου.

2361 1697 2415 1748 Ἀ
2428 1695 2675 1766 μφότερα
2708 1694 2765 1748 δὲ
2808 1693 2981 1748 ταῦτα
3012 1693 3075 1746 τὸ
3106 1693 3265 1763 σῶμα
3308 1694 3655 1747 αἰνίττονται.
3690 1691 3861 1746 Τοῦτο

603 1801 728 1856 dem
784 1811 868 1855 est
909 1803 1216 1868 jumentum
1260 1800 1464 1854 mentis
1519 1799 1728 1862 activae,
1762 1799 1909 1868 quod
1960 1802 2175 1870 cogitur

2289 1787 2387 1857 γὰρ
2414 1786 2508 1840 τοῦ
2543 1787 2640 1856 μὲν
2678 1784 2982 1855 πρακτικοῦ
3008 1785 3124 1848 νοὸς
3157 1784 3447 1850 ὑποζύγιόν
3489 1786 3658 1848 ἐστιν,
3703 1783 3862 1854 ἀχθο-

609 1901 864 1962 tanquam
899 1906 1038 1944 onus
1061 1892 1110 1944 ei
1135 1891 1277 1944 ferre
1299 1890 1568 1954 actiones,
1600 1889 1804 1943 mentis
1834 1898 2018 1944 autem
2043 1905 2173 1943 con-

606 1984 934 2053 templatim:
957 1991 1041 2036 est
1065 1995 1276 2046 servus,
1312 1982 1432 2051 ejus
1475 1981 1645 2050 jussis
1677 1981 1927 2036 serviens
1965 1997 2033 2035 ex
2084 1997 2174 2035 ra-

605 2074 774 2128 tione.
805 2073 942 2128 Huic
968 2080 1149 2127 autem
1180 2074 1348 2126 menti
1373 2082 1428 2126 et
1472 2073 1548 2127 illi
1597 2088 1816 2143 quoque
1855 2082 1941 2127 est
1966 2072 2178 2127 Sabba-

606 2179 744 2230 tum,
767 2167 911 2236 quod
938 2165 1098 2221 linem
1128 2181 1321 2220 eorum
1347 2181 1468 2234 quae
1494 2166 1562 2219 ab
1581 2166 1714 2235 ipsis
1741 2166 1879 2219 ﬁunt
1904 2165 2175 2220 honorum

605 2258 660 2312 in
689 2257 906 2312 actione
929 2266 986 2310 et
1032 2258 1519 2326 contemplatione,
1572 2257 1993 2311 convenientem
2055 2258 2182 2311 uni-

605 2348 807 2417 cuique
855 2347 1064 2416 prabet
1111 2347 1379 2416 requiem.
1423 2346 1723 2401 Sabbatum
1774 2349 2063 2418 mysticum
2095 2358 2182 2404 est

605 2439 864 2492 vitiorum
912 2447 967 2491 et
996 2439 1161 2492 animi
1189 2448 1436 2492 motuum
1474 2438 1708 2493 cessatio
1729 2479 1742 2502 ,
1768 2455 1891 2507 qua:
1917 2455 2017 2509 per
2040 2441 2179 2494 acti-

605 2546 728 2585 vam
768 2541 916 2585 recte
961 2541 1250 2585 exercetur
1298 2530 1724 2602 philosophiam.
1764 2531 2065 2586 Sabbatum
2097 2541 2183 2587 est

605 2620 835 2675 libertas
853 2620 1048 2674 animus
1075 2620 1289 2673 ratione
1319 2619 1579 2689 praeditas,
1604 2636 1726 2690 qua:
1751 2635 1850 2690 per
1873 2622 2178 2675 naturalem

607 2712 665 2764 in
697 2712 894 2782 spiritu
919 2712 1460 2781 contemplationem,
1498 2713 1682 2766 amisit
1735 2713 1909 2782 ipsam
1949 2720 2178 2767 natura-

610 2802 715 2855 lem
747 2802 812 2855 ad
840 2801 1062 2856 sensilia
1092 2803 1490 2870 operationem.
1533 2800 1769 2856 Sabbata
1815 2801 2179 2857 Sabbatorum

609 2903 739 2947 eunt
771 2895 1074 2964 spiritualis
1107 2893 1266 2962 quies
1284 2894 1501 2957 animae,
1533 2907 1655 2962 quae
1694 2901 1933 2947 mentem
1964 2900 2185 2948 contra-

609 2987 688 3040 xit
714 2985 784 3040 ab
805 2986 1064 3039 omnibus
1088 2985 1293 3039 divinis
1330 2999 1451 3054 qum
1474 2992 1606 3038 sunt
1652 2985 1708 3037 in
1757 2986 1922 3038 rebus
1951 2985 2182 3060 rationi-

608 3079 734 3139 bus,
783 3085 840 3130 et
892 3079 993 3131 soli
1029 3077 1139 3131 Deo
1193 3091 1292 3147 per
1327 3077 1650 3130 amatoriam
1692 3077 1955 3130 exstasim
2005 3075 2178 3145 ipsam

608 3171 835 3225 cmnino
875 3170 1125 3240 illigavit,
1152 3177 1207 3224 et
1233 3185 1330 3239 per
1374 3168 1660 3239 mysticam
1694 3168 2026 3238 theologiam
2057 3183 2178 3220 eam
2210 3195 2252 3249 ο

607 3264 678 3318 ab
704 3263 797 3316 illo
825 3261 1066 3316 reddidit
1101 3261 1321 3330 penitus
1344 3259 1695 3314 immobilem.

681 3354 820 3409 Eum
851 3352 944 3422 qui
977 3352 1120 3422 ligna
1150 3351 1446 3420 collegerat
1485 3350 1539 3403 in
1566 3349 1824 3413 Sabbato,
1854 3349 1999 3404 Deus
2021 3349 2184 3418 jussit

607 3445 768 3500 obrui
792 3445 1069 3515 lapidibus
1090 3444 1155 3496 ".
1181 3443 1314 3496 Nam
1341 3442 1601 3512 quoniam
1623 3442 1830 3512 lignum
1853 3442 2074 3511 quidem
2101 3449 2186 3495 est

609 3537 930 3591 alimentum
961 3536 1102 3605 ignis
1133 3535 1372 3597 sensilis,
1429 3545 1713 3604 peccatum
1754 3546 1935 3588 autem
1968 3545 2049 3588 est
2081 3533 2184 3586 ali-

610 3639 856 3683 mentum
897 3627 1038 3697 ignis
1080 3627 1272 3680 :eterni
1303 3643 1314 3678 :
1357 3626 1426 3679 ab
1459 3641 1526 3680 eo
1564 3626 1656 3696 qui
1681 3641 1780 3696 per
1811 3626 2059 3679 divinum
2088 3625 2185 3678 ba-

609 3721 871 3792 ptismum
907 3728 1001 3773 aut
1043 3719 1421 3790 paenitentiam
1459 3719 1642 3773 fuerat
1671 3719 1726 3773 in
1749 3718 1935 3788 quiete
1960 3734 1989 3770 a
2029 3717 2189 3772 malis

611 3813 894 3884 operibus,
931 3821 987 3866 et
1011 3813 1066 3865 in
1101 3812 1204 3866 hoc
1243 3821 1386 3865 statu
1429 3820 1648 3880 peccata
1680 3810 2052 3880 persequitur,
2083 3809 2188 3864 hoc

609 3916 917 3962 extremum
952 3904 1130 3974 poscit
1167 3904 1519 3974 supplicium,
1553 3912 1614 3956 ut
1639 3903 1731 3973 qui
1771 3913 2056 3972 postquam
2083 3902 2188 3976 figit

611 3997 880 4053 liberatus
901 4011 929 4049 a
954 3995 1196 4066 pondere
1228 3995 1459 4063 peccati,
1490 4010 1548 4048 sc
1585 3994 1633 4048 ei
1662 4009 1853 4048 rursus
1876 4010 1973 4048 sua
1994 4002 2187 4064 sponte

613 4088 887 4158 subjiciat.
924 4087 1094 4141 Porro
1116 4094 1299 4140 autem
1321 4085 1485 4154 jussit
1511 4085 1675 4139 etiam
1697 4101 1795 4155 per
1817 4101 2005 4140 vocem
2029 4085 2186 4140 Jers-

614 4181 736 4234 miae
754 4179 1052 4250 prophcue,
1078 4193 1184 4232 non
1210 4179 1400 4233 tollere
1423 4192 1590 4231 onera
1612 4179 1664 4231 in
1690 4177 1778 4232 die
1799 4177 2183 4242 Sabbatorum,

614 4286 794 4342 neque
839 4285 976 4341 opus
1013 4272 1212 4332 facere.
1259 4284 1439 4338 neque
1469 4269 1740 4338 proficisci
1777 4279 1930 4325 extra
1962 4271 2189 4326 Jerusa-

615 4365 722 4418 lem
776 4365 842 4416 ”.
886 4362 1114 4432 Oportet
1151 4363 1296 4416 enim
1327 4377 1422 4416 eos
1441 4363 1533 4434 qui
1560 4363 1904 4418 sabbatizant
1933 4365 2192 4435 spiritua-

617 4456 763 4517 liter,
807 4469 916 4508 non
958 4454 1148 4507 tollere
1189 4469 1381 4508 rursus
1422 4454 1669 4524 pondera
1709 4458 1914 4526 peccati
1953 4475 1962 4508 :
2009 4473 2188 4528 neque

2284 1882 2471 1949 φορεῖν
2513 1877 2655 1948 αὐτᾷ
2714 1878 2812 1942 τάς
2873 1877 3098 1948 πράξεις
3150 1875 3615 1946 ἀναγκαζόμενον,
3669 1875 3760 1928 τοῦ
3805 1874 3860 1928 δὲ

2285 1969 2622 2041 θεωρητικοῦ
2651 1970 2767 2033 νοὸς
2796 1971 2926 2032 παῖς
2957 1971 3096 2031 ἐστι,
3148 1967 3382 2036 λογικῶς
3425 1967 3863 2038 ὑπηρετούμενον

2283 2066 2405 2128 ταῖς
2439 2065 2729 2131 ἐπιταγαῖς
2751 2059 2938 2114 αὑτοῦ.
2966 2061 3076 2114 Καὶ
3108 2059 3283 2129 τούτῳ
3311 2059 3368 2112 δὲ
3401 2058 3479 2129 τῷ
3507 2059 3589 2112 νοῒ
3629 2059 3864 2125 κάκείνῳ

2286 2157 2565 2210 Σάϐϐατόν
2606 2158 2723 2208 ἐστι
2775 2156 2838 2208 τὸ
2875 2155 3050 2224 πέρας
3089 2152 3197 2205 τῶν
3233 2153 3642 2224 ἐνεργουμένων
3683 2152 3865 2214 αὐτοῖς

2287 2246 2468 2300 καλῶν
2498 2245 2641 2299 κατά
2665 2262 2725 2298 τε
2767 2243 2965 2314 πρᾶξιν
2997 2244 3091 2296 καὶ
3127 2242 3381 2312 θεωρίαν,
3434 2245 3533 2311 τὴν
3559 2243 3869 2313 πρόσφορον

2287 2338 2594 2391 ἀνάπαυσιν
2617 2337 2834 2406 ἑκάστῳ
2867 2336 3128 2405 παρέχον.
3156 2335 3432 2388 Σάϐϐατόν
3461 2337 3577 2388 ἐστι
3607 2335 3866 2404 μυστικὴν

2287 2430 2529 2500 ἀπραξία
2582 2429 2770 2483 παθῶν
2808 2429 3009 2492 τελεία,
3049 2428 3134 2481 διὰ
3177 2428 3276 2496 τῆς
3306 2427 3620 2499 πρακτικῆς
3656 2427 3872 2496 φιλοσο-⁵

2288 2523 2417 2590 φίας
2448 2519 2874 2591 κατορθωθεῖσα.
2904 2519 3182 2572 Σάϐϐατόν
3205 2521 3352 2572 ἐστιν
3379 2517 3659 2592 ἐλευθερία
3689 2517 3869 2589 ψυχῆς

2288 2611 2512 2680 λογικῆς
2545 2612 2640 2664 καὶ
2664 2611 2836 2680 αὐτὴν
2851 2610 3231 2680 άποϐαλούσης
3257 2610 3354 2680 τὴν
3380 2610 3514 2681 πρὸς
3539 2609 3606 2663 τά
3630 2610 3868 2680 αἰσθητά

2289 2705 2523 2776 φυσικὴν
2577 2704 2878 2774 ἐνέργειαν,
2911 2703 3002 2756 διά
3054 2703 3154 2772 τῆς
3199 2707 3258 2756 ὲν
3308 2703 3578 2772 πνεύματι
3635 2703 3868 2774 φυσικῆς

2289 2797 2541 2869 θεωρίας.
2575 2795 2830 2850 Σάϐϐατα
2861 2795 3158 2848 Σαϐϐάτων
3207 2797 3354 2849 ἐστὶν
3387 2798 3592 2868 ἠρεμία
3628 2813 3843 2867 πνευμα

2287 2891 2414 2958 τικὴ
2446 2889 2642 2958 ψυχῆς,
2678 2890 2768 2940 τὸν
2811 2887 2935 2941 νοῦν
2992 2888 3375 2957 συστειλάσης,
3419 2892 3512 2944 καὶ
3550 2893 3645 2945 ἀπ’
3691 2891 3869 2945 αὐτῶν

2291 2981 2506 3032 πάντων
2536 2980 2640 3033 τῶν
2669 2983 2726 3032 ἐν
2774 2984 2888 3043 τοῖς
2930 2977 3049 3034 οὖσι
3092 2982 3380 3054 θειοτέρων
3412 2982 3608 3052 λόγων,
3649 2984 3745 3038 καὶ
3776 2983 3871 3054 μό-

2291 3092 2366 3143 νῳ
2400 3073 2478 3143 τῷ
2506 3073 2626 3142 Θεῷ
2677 3072 2797 3125 κατ’
2851 3074 3122 3144 ἐρωτικὴν
3171 3073 3427 3130 ἔκστασιν
3457 3075 3654 3140 όλικῶς
3708 3076 3874 3129 αὐτὸν

2289 3165 2609 3236 ἐνδησάσης,
2661 3166 2756 3218 καὶ
2807 3165 3088 3229 παντελῶς
3125 3165 3528 3237 ἀμετακίνητον
3560 3167 3746 3222 τοῦτον
3773 3169 3871 3223 ἀπ’

2287 3259 2496 3310 ἐκείνου
2525 3257 2610 3310 διὰ
2647 3258 2746 3327 τῆς
2772 3259 3040 3328 μυστικῆς
3070 3258 3346 3327 θεολογίας
3372 3261 3695 3331 ποιησάσης.

2359 3350 2464 3402 Τὸν
2512 3352 2570 3403 ὲν
2611 3351 2874 3421 Σαϐϐάτῳ
2922 3351 3250 3419 συλλέγοντα
3297 3352 3430 3417 ξύλα
3461 3353 3798 3408 λιθόλευστον
3842 3356 3872 3408 ὁ

2287 3442 2421 3505 Θεὸς
2472 3442 2731 3510 γενέσθαι
2781 3443 3132 3512 προσέταξεν.
3171 3444 3308 3496 Επεὶ
3345 3445 3445 3516 γορ
3476 3445 3537 3499 τό
3570 3445 3726 3512 ξύλον
3773 3447 3872 3515 μὶν

2288 3533 2462 3605 τροφὴ
2505 3534 2600 3586 τοῦ
2657 3533 2917 3604 αἰσθητοῦ
2963 3535 3170 3605 πυρὸς,
3220 3538 3251 3605 ἡ
3299 3536 3357 3588 δὲ
3404 3539 3646 3609 ἁμαρτία
3699 3536 3871 3610 τροφὴ

2288 3627 2383 3680 τοῦ
2413 3626 2632 3680 αίωνίου
2685 3627 2879 3698 πυρός⁶
2934 3627 3026 3680 τὸν
3078 3629 3135 3681 ἐν
3183 3630 3526 3683 καταπαύσει
3555 3629 3663 3682 τῶν
3703 3647 3872 3701 πονη-

2292 3719 2403 3790 ρῶν
2437 3719 2613 3788 ἔργων
2640 3719 2949 3788 γενόμενον,
2981 3719 3069 3772 διὰ
3107 3719 3200 3772 τοῦ
3254 3719 3398 3774 θείου
3433 3720 3807 3791 βαπτίσματος
3834 3723 3871 3792 ἢ

2290 3812 2390 3881 τῆς
2417 3810 2725 3881 μετανοίας,
2754 3810 2846 3863 καὶ
2867 3812 2923 3862 ὲν
2944 3813 3009 3881 τῇ
3034 3827 3172 3864 κατα
3185 3811 3369 3864 στάσει
3400 3811 3572 3883 ταύτῃ
3597 3813 3665 3864 τὰ
3691 3813 3872 3882 ἁμαρ-

2289 3906 2513 3974 τήματα
2546 3903 2965 3975 μετερχόμενον.
3003 3904 3103 3974 τὴν
3139 3903 3374 3974 ἐσχάτην
3422 3902 3623 3972 ταύτην
3655 3904 3875 3958 ἀπαιτεῖ

2289 3997 2465 4064 δίκην,
2499 3995 2576 4060 ὼς
2631 3996 2768 4067 μετὰ
2823 3996 2885 4048 τὺ
2944 3995 3321 4064 ἀπαλλαγῆναι
3378 3995 3470 4048 τοῦ
3535 3995 3732 4067 βάρους
3775 3998 3875 4068 τῆς

2291 4088 2604 4157 ἁμαρτίας,
2667 4082 2824 4146 αὖθις
2871 4086 3011 4156 αὐτῇ
3066 4084 3520 4155 καθυπαγὸμενον
3589 4087 3868 4152 ἑκουσίως.

2305 4178 2635 4231 Ἐνετείλατο
2686 4177 2743 4229 δὲ
2799 4179 2892 4230 καί
2925 4177 3012 4230 διά
3044 4180 3226 4246 φωνῆς
3271 4177 3552 4247 Ἱερεμίου.
3592 4179 3666 4248 μὴ
3695 4178 3875 4251 αἴρειν

2295 4269 2659 4339 βαστάγματα
2685 4270 2741 4321 ἐν
2763 4273 2829 4340 τῇ
2858 4269 3040 4342 ἡμέρα
3059 4270 3167 4322 τῶν
3193 4269 3508 4333 Σαϐϐάτων,
3537 4271 3670 4341 μηδὲ
3697 4275 3874 4325 ποιεῖν

2293 4359 2474 4429 ἔργον,
2511 4360 2646 4431 μηδὲ
2676 4360 3071 4431 ἐκπορεύεσθαι
3105 4360 3164 4424 ἐξ
3202 4361 3579 4432 Ἰερουσαλήμ.
3614 4362 3734 4435 Χρὴ
3761 4363 3872 4435 γάρ

2294 4452 2419 4515 τοὺς
2465 4451 2850 4522 πνευματικῶς
2901 4450 3326 4514 σαϐϐατίζοντας
3370 4451 3444 4523 μὴ
3487 4452 3654 4505 πάλιν
3683 4455 3873 4525 ζαῖρειν

618 4548 818 4601 malum
845 4562 983 4617 opus
1007 4546 1205 4610 facere,
1228 4562 1405 4617 neque
1433 4547 1562 4600 ferri
1586 4558 1738 4603 extra
1761 4551 2183 4606 sacratissimam

2295 4542 2432 4613 βάρη
2464 4542 2762 4616 ἁμαρτίας,
2800 4543 2876 4614 μὴ
2925 4542 2982 4594 δὲ
3022 4545 3196 4595 ποιεῖν
3244 4543 3406 4614 ἔργον
3457 4545 3712 4616 ’πονηρόν⁹
3746 4545 3871 4616 μηδ’

618 4638 872 4709 piamque
919 4653 984 4692 ac
1035 4637 1343 4708 religiosam
1393 4639 1518 4693 vitae
1566 4639 1988 4694 institutionem.
2031 4641 2186 4707 Quod

619 4740 801 4786 autem
833 4730 1038 4784 malum
1069 4745 1206 4800 opus
1231 4729 1598 4800 prohibuerit,
1624 4741 1709 4786 est
1737 4734 2086 4802 perspicuum
2122 4750 2188 4789 ex

621 4834 690 4872 eo
723 4818 868 4889 quod
898 4819 1213 4874 sacerdotes
1247 4819 1301 4873 in
1343 4818 1583 4874 Sabbato
1619 4829 1674 4875 et
1697 4832 1936 4877 mactent
1958 4824 2186 4888 hostias,

620 4917 678 4960 et
697 4923 892 4964 carnes
911 4910 1266 4977 distribuant,
1290 4921 1345 4965 et
1384 4912 1798 4978 circumcidant,
1821 4925 1877 4968 et
1900 4917 2082 4971 omnia
2107 4917 2188 4971 fa-

619 5000 767 5052 ciant
805 5014 926 5068 qua:
960 5001 1234 5067 pertinent
1258 5001 1324 5054 ad
1350 5001 1443 5055 Dei
1478 5003 1706 5056 cultum.
1739 5004 1856 5058 Jam
1882 5021 2014 5060 vero
2036 5008 2195 5062 Jesus

617 5106 838 5160 quoque
853 5091 998 5146 Nave
1009 5093 1101 5161 qui
1120 5093 1172 5146 in
1191 5092 1428 5148 Sabbato
1448 5095 1664 5149 obsedit
1684 5096 1903 5152 Jericho
1921 5099 1987 5163 ⁸³,
2015 5100 2194 5170 typicc

619 5180 920 5236 declaravit
955 5182 1104 5250 quod
1141 5193 1357 5251 oportet
1389 5199 1486 5238 eos
1520 5185 1613 5255 qui
1641 5185 1985 5242 sabbatizant
2025 5189 2190 5259 spiri-

621 5272 876 5336 tualitcr,
931 5271 1148 5327 fortiter
1197 5288 1257 5328 se
1304 5289 1494 5344 gerere
1539 5276 1801 5331 adversus
1846 5278 2186 5334 adversario-

621 5364 914 5419 damones.

691 5453 864 5509 Porro
901 5464 1082 5509 autem
1130 5457 1184 5512 in
1231 5457 1656 5514 Deutcronomio
1699 5476 1916 5532 quoque
1955 5462 2091 5518 dixit
2113 5465 2192 5518 lo-

621 5560 794 5612 qocns
831 5547 899 5602 de
932 5561 1096 5602 servo
1129 5549 1354 5605 Hebraeo
1403 5558 1456 5605 et
1498 5550 1721 5606 Hebrza
1767 5553 2021 5609 venditis.
2084 5574 2101 5604 ι
2132 5556 2189 5611 1η

618 5653 762 5692 anno
807 5651 987 5694 autem
1044 5641 1278 5710 septimo
1318 5642 1533 5697 emittes
1575 5658 1700 5697 eum
1751 5643 2019 5708 liberum,
2082 5663 2188 5701 non

2293 4633 2397 4698 ἔξω
2430 4635 2528 4703 τῆς
2562 4635 2862 4704 ἱερωτάτης
2912 4634 3005 4686 καὶ
3051 4633 3333 4698 θεοσεϐοῦς
3386 4635 3662 4699 πολιτείας
3707 4636 3872 4709 φέρε-

2293 4727 2438 4779 σθαι.
2473 4728 2594 4778 Ὅτι
2633 4727 2687 4779 ὁὶ
2735 4726 2794 4779 τὸ
2834 4725 3066 4796 πονηρὸν
3096 4725 3254 4796 ἔργον
3283 4723 3520 4780 ἐκώλυσε
3540 4767 3554 4792 ,
3584 4727 3743 4796 δῆλον
3765 4727 3875 4782 άπὸ

2292 4815 2386 4869 τοῦ
2409 4818 2534 4880 τοὺς
2567 4819 2730 4889 ίερεῖς
2768 4820 2825 4870 ὲν
2870 4816 3134 4888 Σαϐϐάτῳ
3180 4818 3271 4872 καὶ
3323 4819 3644 4887 σφαγιάζειν
3675 4821 3742 4872 τά
3775 4819 3873 4873 θύ-

2295 4927 2461 4980 ματα,
2510 4910 2604 4962 καὶ
2636 4913 2980 4981 κρεανομεῖν.
3011 4911 3103 4963 καὶ
3139 4911 3506 4981 περιτέμνειν,
3553 4911 3647 4966 καὶ
3696 4913 3874 4968 πάντα

2296 5002 2647 5072 ἐργάξεσθαι,
2694 5003 2793 5055 ὅσα
2827 5001 2961 5070 πρὸς
2995 5002 3292 5072 θεραπείαν
3325 5003 3480 5057 Θεοῦ.
3512 5005 3624 5058 Καὶ
3667 5003 3872 5072 Ἰησοῦς

2294 5095 2350 5146 δὲ
2374 5097 2401 5148 ὁ
2433 5094 2526 5146 τοῦ
2560 5095 2715 5164 Ναυῆ
2747 5096 2805 5147 ὲν
2837 5093 3100 5166 Σαϐϐάτῳ
3121 5096 3218 5164 τὴν
3253 5095 3463 5167 Ἱεριχὼ
3485 5096 3868 5169 πολιορκήσας,

2297 5184 2652 5240 ὑπετύπωσεν
2687 5187 2768 5239 ὅτι
2798 5187 3064 5258 προσήκει
3093 5190 3207 5250 τοῖς
3239 5189 3625 5258 πνευματικῶς
3660 5188 3873 5244 σαϐϐα-

2294 5279 2528 5343 τίζουσιν
2578 5279 2924 5349 ἀνδρίζεσθαι
2973 5280 3115 5334 κατὰ
3157 5281 3271 5335 τῶν
3315 5281 3708 5351 ἀντικειμένων
3754 5281 3874 5337 δαι-

2304 5370 2497 5438 μόνων.

2373 5463 2483 5516 Καὶ
2502 5463 2575 5517 ’ἐν
2601 5462 2680 5534 τῷ
2710 5466 3112 5535 Δευτερονομίῳ
3138 5464 3195 5518 δὲ
3227 5466 3354 5536 περὶ
3400 5465 3586 5528 παιδὸς
3622 5465 3877 5538 Ἐϐραίου

2303 5556 2395 5606 καὶ
2450 5555 2706 5625 Ἐϐραίας
2751 5557 3118 5628 πεπραμένων
3177 5556 3583 5628 διαλεγόμενος,
3632 5559 3873 5629 εἴρηκεν.

2309 5667 2325 5697 ι
2379 5647 2466 5700 Ἑν
2495 5647 2549 5700 δὲ
2581 5648 2658 5717 τῷ
2701 5649 2914 5719 ἑϐδόμῳ
2956 5651 3063 5703 ἔτει
3110 5650 3490 5717 ὲξαποστελεῖς
3536 5651 3731 5716 αὐτὸν,
3775 5651 3879 5708 οὐκ

689 5796 738 5830 ⁸⁸
764 5795 932 5851 Exod.
960 5813 1045 5854 xx.
1077 5797 1161 5850 l0.
1241 5800 1259 5831 ⁵
1314 5806 1471 5852 num.
1502 5816 1586 5861 xv,
1627 5801 1796 5856 52-55
1890 5804 1934 5834 ⁵²
1973 5803 2174 5859 Jerem.
2209 5820 2333 5868 xm,
2368 5804 2457 5863 21,
2487 5805 2574 5867 ἥ.
2655 5807 2701 5839 ³³
2729 5806 2893 5862 Iosue
2921 5823 2990 5872 vi,
3018 5806 3037 5856 Il
3071 5822 3222 5875 seqq.
