4098 6344
328 364 458 409 ςιιυι

1727 356 2252 415 LOLLEL‘TANEA.

3474 359 3619 419 im

326 464 707 531 ἐξαποστελείς
746 466 801 519 δὲ
830 468 993 522 αὑτὸν
1019 470 1193 523 κενόν·
1238 470 1354 523 ἀλλ’
1388 472 1694 540 ὲφοδιάσεις
1728 474 1912 536 αὑτὸν,

2025 472 2243 525 emittes
2281 477 2465 525 autem
2495 485 2751 526 vacuum.
2783 470 2877 524 sed
2916 470 3045 525 dato
3070 469 3122 525 ei
3154 469 3354 525 viatico
3388 487 3453 526 ex
3488 474 3609 526 ovi-

322 558 433 610 ὰπὸ
465 558 575 610 τῶν
604 558 892 627 προϐάτων
934 578 1049 626 σου,
1085 564 1179 616 καὶ
1212 565 1320 618 ἀπὸ
1358 564 1453 618 τοῦ
1486 566 1636 619 σίτου
1675 584 1791 631 σου,
1823 570 1917 621 καὶ

324 647 435 701 ἀπό
492 650 593 721 τῆς
643 650 804 719 ληνοῦ
854 671 969 707 σου.
1016 674 1035 706 ι
1091 657 1245 709 Ἐπεὶ
1298 658 1407 729 γὰρ
1452 658 1679 729 ἕϐδομον
1714 662 1815 729 μὲν
1857 663 1918 715 τὸ

326 740 625 809 Σάϐϐατόν,
675 749 769 798 καὶ
812 747 1038 817 ἔσχατον
1087 751 1184 817 τῆς
1243 751 1371 820 ὅλης
1425 752 1717 821 ἑϐδομάδος
1746 771 1759 785 ο
1827 754 1916 807 ἐπ’

326 834 572 904 ἐσχάτων
619 836 675 890 δὲ
730 838 838 890 τῶν
873 840 1097 910 ἡμερῶν
1145 844 1173 893 ὁ
1225 842 1521 913 Δυτρωτὴς
1572 845 1702 907 θεὸς
1754 847 1915 916 ἐνην-

326 924 619 997 (ερὼπησεο
656 930 774 982 τότε
819 930 883 1003 δὴ
932 932 1050 985 τότε
1100 933 1483 997 ἐξαπέστειλεν
1524 938 1670 1005 ἡμᾶς
1699 938 1786 990 δια
1818 940 1917 1007 τῆς

326 1016 407 1077 είς
436 1016 601 1069 αὑτὸν
633 1019 867 1081 πίστεως
897 1022 991 1073 καὶ
1045 1022 1339 1086 υἱοθεσίας,
1372 1023 1473 1093 τῆς
1498 1024 1585 1077 διὰ
1623 1025 1717 1078 τοῦ
1758 1026 1915 1093 ἁγίου

331 1107 730 1180 βαπτίσματος,
756 1112 1077 1183 ἐλευθέρους
1098 1115 1200 1183 τῆς
1230 1116 1473 1181 δουλείας
1496 1118 1595 1187 τῆς
1617 1119 1914 1188 ἁμαρτίας,

326 1205 718 1272 πεπραμένους
763 1207 900 1277 αὐτῇ
926 1221 937 1235 ’
1000 1209 1095 1261 καὶ
1147 1208 1448 1276 ὲφωδίασεν
1490 1213 1641 1280 ἡμᾶς
1674 1211 1783 1264 ἀπὸ
1808 1211 1917 1264 τῶν

327 1294 620 1370 ετροϐἀτων
670 1297 866 1363 αὑτοῦ,
905 1300 1051 1354 τοῦτ’
1079 1300 1245 1361 ἔστιν,
1289 1302 1419 1355 ἀπὸ.
1451 1303 1550 1370 τῆς
1596 1303 1718 1357 κατ’
1752 1304 1916 1357 αὑτὸν

362 1386 657 1451 υσίας,κα“ι
709 1389 820 1442 ἀπὸ
872 1389 967 1443 τοῦ
1020 1390 1274 1461 σώματος
1313 1394 1408 1445 καὶ
1451 1393 1684 1462 αἵματος
1726 1394 1913 1447 αὑτοῦ·

323 1478 360 1531 ἆ
397 1477 683 1547 δηλοῦνται
728 1479 815 1533 διὰ
852 1479 946 1533 τοῦ
1002 1482 1149 1535 σίτου
1183 1482 1277 1535 καὶ
1318 1483 1418 1551 τῆς
1460 1482 1643 1552 ληνοῦ.
1703 1485 1759 1537 Ὀ
1810 1490 1918 1556 γὰρ

325 1569 587 1635 μυστικὸς
613 1570 778 1641 ἄρτος
811 1572 903 1624 καὶ
946 1566 1088 1635 οἶνος
1141 1572 1300 1643 σῶμα
1331 1576 1423 1626 καὶ
1451 1570 1591 1642 αἷμα
1615 1574 1708 1627 τοῦ
1738 1575 1919 1643 Σωτῆ-

326 1679 418 1732 po;
465 1661 716 1731 λέγονται
772 1665 865 1717 καὶ
904 1666 1272 1721 πιστεύονται.
1323 1668 1411 1719 Ἐν
1459 1671 1525 1737 τῇ
1550 1669 1705 1742 [aena
1752 1668 1807 1722 δὲ
1840 1670 1919 1738 βί-

322 1752 434 1823 σλῳ
465 1754 560 1806 καὶ
598 1754 724 1807 τάδε
766 1757 1087 1826 προσέταξε·
1118 1777 1137 1809 ‹
1192 1760 1270 1811 Δι’
1310 1759 1450 1811 ἐπτά
1492 1759 1629 1811 ἑτῶν
1666 1763 1918 1827 ποιήσεις

318 1846 517 1913 ἄφεσιν
550 1848 748 1917 χρεῶν.
777 1849 886 1902 Καὶ
915 1850 1007 1902 τὸν
1037 1852 1135 1921 μὲν
1166 1850 1392 1920 ἀδελφόν
1427 1869 1520 1906 σου
1552 1854 1653 1905 οὑκ
1681 1854 1917 1924 ἀπαιτή-

321 1955 459 2001 σεις,
504 1940 596 1992 τὸν
625 1940 682 1994 δὲ
722 1941 1006 2013 ἀλλότριον
1056 1945 1403 2016 ἀπαιτήσεις.
1450 1965 1467 1997 ι
1514 1946 1632 1999 Ἐπ’
1674 1947 1918 2017 ἐσχάτων

318 2031 451 2104 γὰρ,
484 2031 559 2097 ὡς
605 2033 846 2105 εἴρηται,
880 2037 990 2089 τῶν
1034 2038 1279 2109 ἡμερῶν,
1312 2042 1341 2091 ὁ
1377 2039 1511 2101 Θεὸς
1562 2040 1919 2110 ἐνανορωπή-

321 2140 454 2187 σας,
509 2125 689 2196 ἀφῆκε
740 2130 875 2183 πᾶσι
924 2132 1038 2194 τοῖς
1092 2133 1171 2196 εἰς
1219 2134 1383 2187 αὑτὸν
1450 2135 1766 2188 πιστεύουσι
1818 2136 1917 2199 τὰς

316 2216 541 2285 όφειλὰς
596 2219 707 2271 τῶν
762 2222 981 2276 οἰκείων
1042 2224 1478 2295 ἁμαρτημάτων.
1526 2227 1638 2279 Καὶ
1686 2228 1777 2280 τὸν
1821 2230 1918 2298 μὲν

317 2311 547 2381 ἀδελφὸν
574 2314 740 2368 αὑτοῦ
788 2317 1078 2386 γενόμενον
1113 2318 1201 2371 διά
1235 2319 1331 2390 τῆς
1382 2319 1520 2389 πρὸς
1561 2321 1651 2373 τὸν
1694 2322 1920 2393 Πατέρα

316 2404 596 2469 υἱοθεσίας
624 2407 725 2478 τῆς
750 2408 839 2461 διὰ
875 2409 970 2463 τοῦ
999 2410 1155 2479 ἁγίου
1190 2392 1595 2482 βαπτίσματος,
1637 2414 1740 2466 οὑκ
1762 2415 1922 2467 ἀπαι-

318 2499 422 2564 τεῖ,
461 2503 828 2570 συγχωρήσας
872 2502 942 2556 τὰ
983 2505 1464 2576 προωφειλημένα.
1514 2507 1619 2561 Τὸν
1670 2508 1727 2560 δὲ
1759 2509 1917 2561 ἀλλό-

317 2605 473 2660 τριον
490 2591 587 2660 τῆς
613 2594 694 2656 εἰς
723 2594 885 2647 αὑτὸν
916 2596 1178 2662 πίστεως,
1213 2599 1437 2652 ἀπαιτεῖ
1464 2600 1684 2662 πάντως
1717 2601 1915 2671 πάντα,

330 2682 399 2735 Ἦ
428 2681 561 2753 ἕκτη
594 2684 735 2737 κατά
762 2686 861 2757 τὴν
895 2687 1325 2760 Γραφὴν’ἡμέρα
1344 2690 1443 2759 τὴν
1476 2689 1587 2741 τῶν
1625 2690 1730 2744 ὑπὸ
1756 2689 1919 2759 φύσιν

318 2772 492 2827 ὅντων
530 2777 834 2847 εἰσηγεῖται
886 2782 1309 2851 συμπλήρωσιν.
1366 2782 1430 2834 Ἢ
1481 2783 1685 2854 ἑϐδόμη
1733 2784 1789 2837 δὲ
1818 2785 1922 2853 τῆς

318 2869 583 2937 χρονικῆς
638 2868 899 2941 ἰδιότητος
983 2875 1320 2945 περιγράφει
1360 2875 1459 2946 τὴν
1509 2875 1754 2945 κίνησιν·
1788 2878 1821 2945 ἡ
1865 2878 1923 2929 δὲ

317 2962 483 3034 ὀγδόη
509 2964 609 3034 τῆς
640 2964 779 3035 ὑπὲρ
811 2966 974 3034 φύσιν
1004 2970 1100 3020 καὶ
1130 2970 1322 3039 χρόνον
1355 2968 1614 3037 ὑποδηλοῖ
1645 2968 1922 3022 καταστά-

322 3076 464 3123 σεως
517 3059 607 3111 τὸν
654 3060 875 3131 τρόπον.
941 3061 999 3114 'O
1030 3063 1132 3131 τὴν
1164 3062 1332 3126 ἕκτην
1381 3061 1580 3125 θεῖκῶς
1624 3061 1762 3131 μετά
1812 3060 1921 3114 τῶν

322 3154 653 3225 προσφόρων
693 3154 872 3225 ἔργων
908 3158 1003 3210 καὶ
1029 3156 1251 3209 ἐννοιῶν
1291 3155 1469 3225 ἐαυτῷ
1512 3153 1922 3225 συμπληρώσας
1949 3187 1992 3245 C

320 3248 558 3319 ἡμέραν.
603 3249 696 3303 καὶ
739 3248 903 3313 αὐτὸς
948 3250 1086 3317 μετά
1115 3248 1209 3301 τοῦ
1240 3248 1374 3302 Θεοῦ
1406 3249 1588 3311 καλῶς
1618 3247 1687 3300 τὰ
1723 3246 1917 3300 ἑαυτοῦ

324 3338 653 3404 συντελέσας
702 3339 861 3411 ἔργα,
914 3340 1068 3411 διέϐη
1122 3344 1189 3411 τῇ
1253 3342 1581 3410 κατανοήσει
1609 3342 1792 3393 πᾶσαν
1821 3340 1919 3410 τὴν

318 3430 432 3483 τῶν
465 3431 571 3484 ὑπὸ
616 3431 779 3501 φύσιν
813 3432 907 3486 καὶ
942 3432 1133 3503 χρόνον
1173 3433 1493 3492 ὑπόστασιν,
1540 3432 1635 3485 καὶ
1680 3434 1761 3493 εἰς
1818 3431 1917 3501 τὴν

318 3525 432 3580 τῶν
461 3525 674 3581 αἰώνων
722 3528 955 3582 καὶτῶν
999 3528 1233 3582 αἰωνίων
1273 3526 1610 3597 μετετάξατο
1644 3526 1918 3596 μυστικὴν

321 3619 582 3691 Θεωρίαν,
602 3620 951 3685 σαϐϐατίζων
991 3620 1308 3689 ἀγνώστως,
1343 3620 1482 3673 κατὰ
1511 3617 1657 3680 νοῦν,
1689 3618 1785 3689 τὴν
1809 3618 1921 3670 δῖ’.ι-‹

323 3714 429 3781 κὴν
471 3711 582 3766 τῶν
621 3714 790 3767 ὄντων
841 3712 1115 3782 ἀπόληψίν
1144 3730 1205 3766 τε
1251 3712 1349 3766 καὶ
1393 3711 1721 3784 ὑπέρϐασιν.
1770 3712 1831 3765 '0
1863 3710 1921 3765 δὲ

322 3805 423 3859 καὶ
472 3807 573 3875 τῆς
620 3805 815 3875 ὀγδόης
858 3804 1132 3873 ἀξιωθεὶς,
1171 3807 1236 3859 ὲκ
1287 3805 1399 3860 τῶν
1441 3807 1655 3877 νεκρῶν
1695 3808 1919 3878 ἀνέστη,

320 3896 436 3950 τῶν
468 3898 606 3968 μετά
635 3897 789 3961 Θεὸν,
815 3898 979 3967 λέγω,
1004 3898 1245 3961 πάντων,
1276 3897 1554 3969 αἰσθητῶν
1580 3917 1638 3953 τε
1669 3900 1763 3953 καὶ
1793 3918 1922 3969 νοη-

322 3988 453 4055 τῶν,
496 3989 593 4042 καὶ
634 3988 810 4058 λόγων
848 3992 943 4044 καὶ
994 3992 1305 4061 νοημάτων,
1359 3992 1456 4044 καὶ
1493 3992 1654 4061 ἔζησε
1688 3991 1787 4062 τὴν
1824 3990 1919 4045 τοῦ

323 4081 460 4137 Θεοῦ
490 4083 769 4154 μακαρίαν
789 4083 956 4155 ζωὴν,
980 4083 1074 4137 τοῦ
1108 4084 1269 4154 μόνου
1296 4085 1417 4137 κατ’
1441 4084 1698 4155 ἀλήθειαν
1716 4085 1923 4156 κυρίως

324 4175 443 4248 ζωὴ
492 4177 586 4230 καὶ
618 4176 771 4239 ὄντος
824 4179 918 4232 καὶ
967 4178 1286 4246 λεγομένου,
1314 4172 1403 4231 οἷα
1436 4177 1531 4231 καὶ
1569 4177 1731 4242 αὐτὸς
1780 4178 1926 4247 γενό-

330 4284 494 4338 μενος
542 4271 610 4340 τῇ
654 4268 847 4323 θεώσει
884 4269 1037 4333 Θεός.
1083 4272 1257 4341 ’Ἐκτη
1313 4271 1499 4342 ἡμέρα
1552 4271 1701 4323 ἐστὶν
1746 4272 1778 4341 ἡ
1817 4270 1924 4323 τῶν

327 4360 654 4432 πρακτικῶν
680 4362 803 4432 περί
843 4363 939 4430 τὴν
970 4360 1077 4414 τῶν
1109 4362 1253 4414 κατὰ
1276 4360 1439 4430 φύσιν
1462 4360 1755 4433 ἐνεργειῶν
1780 4379 1923 4415 παν-

326 4450 489 4521 τελὴς
518 4450 930 4523 ἀποπλήρωσις.
978 4452 1211 4523 Ἐὃδόμη
1245 4452 1303 4505 δέ
1335 4454 1543 4522 ἐστινὴ
1576 4452 1686 4505 τῶν
1716 4452 1925 4524 θεωρη-

326 4540 500 4596 τικῶν
529 4543 657 4613 περὶ
680 4544 778 4613 τὴν
807 4542 1047 4615 ἄρρητον
1077 4543 1297 4609 γνῶσιν,
1328 4542 1520 4597 πασῶν
1549 4543 1659 4596 τῶν
1674 4545 1923 4612 φυσικῶν
1958 4559 2002 4615 ο

330 4634 556 4688 ἐννοιῶν
585 4636 1008 4708 ἀππερὰτωσις
1040 4637 1135 4689 καὶ
1172 4637 1508 4701 ἀπόπαυσις.
1555 4636 1746 4708 Ὀγδόη
1783 4637 1860 4700 δὲ,
1889 4639 1923 4710 ή

330 4728 473 4799 πρὸς
507 4728 705 4783 θέωσιν
752 4729 860 4783 τῶν
888 4729 1054 4796 ἀξίων
1101 4730 1396 4801 μετάταξίς
1434 4747 1493 4783 τε
1535 4731 1630 4783 καὶ
1680 4729 1924 4801 μεταδα-

333 4834 440 4883 σις’
477 4820 570 4873 καὶ
605 4822 818 4891 μήποτε
844 4820 1050 4892 ταύτην
1082 4821 1183 4894 τὴν
1204 4822 1437 4893 ἑϐδόμην
1468 4822 1563 4876 καὶ
1598 4824 1698 4893 τὴν
1729 4822 1925 4895 ὀγδόην

329 4911 498 4981 τυχὸν
541 4912 952 4986 μυστικώτερον
978 4914 1293 4983 ὑποφαίνων
1320 4917 1349 4968 ό
1383 4914 1610 4986 Κυρίος,
1642 4915 1922 4986 προσηγό-

335 5018 530 5073 ρευσεν
560 5004 777 5075 ἡμέραν
824 5004 1157 5071 συντελείας,
1199 5005 1274 5069 ὡς
1303 5004 1521 5058 πάντων
1555 5006 1923 5077 περιγράφου-

336 5110 439 5146 σαν
463 5094 535 5148 τὰ
573 5096 850 5167 μυστήρια
894 5097 988 5151 καὶ
1015 5097 1142 5160 τοὺς
1181 5095 1394 5165 λόγους,
1422 5095 1459 5150 ἃ.
1490 5096 1645 5149 οὑδὲν
1674 5096 1929 5168 οὐδαμῶς

332 5184 397 5237 τὸ
424 5186 689 5258 παράπαν
711 5188 821 5243 τῶν
850 5191 1186 5261 ἐπουρανίων
1229 5191 1323 5242 καὶ
1342 5189 1620 5257 ·ὲπιγείων
1646 5188 1931 5260 δυνάμεων

333 5278 539 5345 γνῶναι
578 5281 686 5352 πρὸ
724 5281 918 5353 πείρας
948 5282 1042 5335 τοῦ
1078 5283 1274 5335 παθεῖν
1307 5282 1623 5352 δυνήσεται,
1661 5281 1805 5352 πλὴν
1837 5283 1932 5336 αὑ-

333 5370 439 5439 τῆς
481 5371 585 5441 τῆς
642 5372 816 5427 ταῦτα
866 5375 1173 5442 ποιησάσης
1212 5374 1495 5444 μακαρίας
1546 5373 1821 5443 θεότητος.
1867 5376 1932 5429 Ἠ

334 5463 472 5533 Ξκτη
505 5464 689 5535 ἡμέρα
712 5466 805 5519 τὸν
822 5466 916 5519 τοῦ
950 5462 1091 5519 εἶναι
1130 5466 1237 5519 τῶν
1262 5466 1431 5519 ὄντων
1460 5467 1617 5533 λόγον
1647 5466 1925 5535 ὑπώηλοί.

349 5554 417 5609 Ἡ
460 5556 520 5609 δὲ
555 5557 757 5631 ἑϐδόμη
796 5558 888 5613 τὸν
935 5559 1032 5612 τοῦ
1080 5555 1137 5612 εὖ
1173 5554 1311 5611 εἶναι
1355 5558 1464 5611 τῶν
1510 5559 1682 5611 ὄντων
1726 5559 1928 5631 τρόπον

338 5645 729 5718 ὑποσημαίνει.
776 5650 845 5704 Ἦ
886 5650 943 5704 δὲ
986 5650 1147 5721 ὀγδόη
1195 5650 1257 5703 τὸ
1288 5650 1383 5703 τοὺ
1426 5650 1515 5703 ἀεὶ
1544 5645 1603 5703 εὖ
1630 5646 1768 5703 εἶναι
1814 5648 1924 5701 τῶν

412 5819 463 5854 ³³
494 5822 653 5877 Deut.
693 5842 777 5890 xv,
812 5826 990 5879 ii—ll.
1074 5826 1280 5879 λδιιιίιι.
1326 5826 1436 5879 ι-λ.

1520 5823 1606 5854 ι
1645 5807 1771 5877 rm
1823 5840 1857 5886 ι,
1887 5823 1978 5876 eo.

2021 561 2126 616 bus
2156 563 2285 627 tuis,
2316 572 2373 617 et
2395 577 2463 616 ex
2483 561 2756 618 frumento
2782 572 2895 628 tuo,
2915 573 2973 617 et
2990 579 3058 618 ex
3082 564 3341 619 torculari
3366 574 3463 619 tuo
3485 568 3550 619 ³⁸.
3586 588 3603 617 ι

2017 650 2155 705 Nam
2192 652 2454 722 quoniam
2480 653 2777 723 septimum
2809 652 3032 721 quidem
3065 661 3150 708 est
3193 652 3518 719 Sabbatum,
3555 664 3612 709 et

2022 746 2278 801 ultimum
2314 748 2485 802 totius
2526 746 2888 801 hebdomadis
2915 766 2926 799 :
2966 747 3020 801 in
3047 747 3258 801 ultimis
3282 755 3466 802 autem
3490 748 3611 802 die-

2019 838 2125 891 bus
2157 839 2493 908 Redemptor
2528 840 2692 893 homo
2725 840 2901 892 lactus
2940 848 3024 892 est
3053 857 3069 913 :7
3104 848 3237 894 tunc
3286 855 3385 893 nos
3428 839 3614 894 entisit

2020 948 2119 1001 per
2162 932 2322 988 fidem
2361 933 2415 987 in
2457 933 2660 1003 ipsum,
2696 942 2753 986 et
2798 931 3037 985 ﬁliorum
3074 933 3452 1001 adoptionem,
3489 947 3605 1001 qua!

2020 1022 2081 1077 lit
2107 1040 2205 1093 per
2237 1035 2487 1080 sanctum
2519 1025 2875 1095 baptismum,
2902 1026 3107 1079 liberos
3138 1041 3167 1079 a
3195 1024 3462 1079 servitute
3487 1039 3615 1093 pec-

2020 1115 2151 1178 cati,
2200 1117 2294 1185 qui
2336 1133 2561 1172 eramus
2588 1117 2637 1170 ei
2672 1117 2997 1172 venundati.
3029 1116 3097 1170 Et
3132 1118 3292 1171 nobis
3318 1116 3473 1171 dedit
3494 1117 3612 1171 via-

2021 1210 2189 1264 ticum
2212 1226 2280 1264 ex
2307 1211 2506 1265 ovibus
2530 1212 2665 1272 suis,
2706 1212 2814 1265 hoc
2840 1218 2947 1275 est,
2988 1227 3055 1265 ex
3101 1226 3203 1266 suo
3246 1210 3517 1264 sacrificio
3558 1216 3615 1262 et

2020 1314 2251 1369 corpore
2284 1309 2340 1354 et
2376 1302 2643 1383 sanguine
2669 1318 2791 1366 suo,
2832 1318 2953 1372 qua:
2983 1302 3367 1372 signiﬁcantur
3392 1317 3490 1371 per
3515 1318 3616 1371 pa—

2020 1406 2147 1445 nem
2177 1400 2235 1445 et
2271 1396 2532 1447 torcular.
2578 1394 2838 1465 Mysticus
2865 1394 3013 1448 enim
3042 1395 3201 1463 panis
3237 1403 3293 1448 et
3320 1394 3615 1465 mysticum

2019 1483 2210 1537 vinum
2235 1500 2438 1554 corpus
2466 1495 2522 1540 et
2547 1487 2770 1556 sanguis
2800 1485 3112 1540 Servatoris
3136 1486 3400 1540 dicuntur
3419 1494 3477 1541 et
3498 1501 3615 1541 cre-

2022 1575 2251 1631 duntur.
2295 1578 2351 1631 ln
2381 1579 2575 1633 eodem
2606 1588 2789 1633 autem
2826 1578 2971 1633 libro
3008 1577 3124 1633 haec
3154 1594 3375 1648 quoque
3403 1579 3569 1649 jussit
3599 1596 3615 1632 :

2030 1688 2047 1718 ‹
2076 1669 2204 1724 Post
2244 1670 2540 1739 septimum
2582 1686 2858 1741 quemque
2890 1686 3094 1725 annum
3128 1670 3299 1724 facies
3338 1670 3617 1725 remissio-

2022 1775 2147 1814 nem
2172 1761 2511 1816 debitorum.
2546 1763 2615 1817 Et
2644 1780 2673 1817 a
2696 1763 2865 1817 fratre
2892 1762 3117 1832 quidem
3143 1772 3238 1817 tuo
3258 1778 3368 1816 non
3391 1764 3575 1832 exiges
3602 1779 3615 1815 :

2020 1851 2207 1922 exiges
2241 1863 2426 1907 autem
2457 1854 2526 1907 ab
2555 1853 2737 1909 alieno
2771 1854 2836 1905 ³⁸.
2872 1874 2888 1903 ι
2921 1852 2979 1907 1η
3010 1852 3219 1906 ultimis
3244 1851 3414 1914 enim,
3447 1851 3617 1904 utdi-

2022 1953 2171 1997 ctum
2206 1953 2291 1999 est
2324 1946 2390 2010 ⁸⁸,
2418 1945 2638 2009 diebus,
2666 1946 2813 1999 Deus
2847 1944 3013 1997 homo
3049 1943 3247 2006 factus,
3268 1942 3620 1997 remisitom-

2022 2036 2188 2090 nibus
2206 2037 2299 2105 qui
2330 2037 2385 2089 in
2421 2038 2600 2106 ipsum
2627 2037 2864 2091 credunt
2894 2035 3077 2089 debita
3103 2051 3331 2090 suorum
3358 2042 3618 2105 peccato-

2023 2145 2169 2182 rum.
2208 2130 2276 2183 Et
2310 2130 2380 2184 ab
2416 2145 2484 2185 eo
2517 2129 2741 2198 quidem
2785 2130 2879 2199 qui
2931 2129 3110 2183 factus
3149 2136 3234 2183 est
3272 2130 3393 2198 ejus
3424 2128 3617 2193 frater,

2022 2236 2122 2290 per
2150 2221 2504 2292 adoptionem
2533 2222 2630 2276 ﬁlii
2657 2221 2802 2291 apud
2830 2222 3070 2285 Patrem,
3100 2236 3200 2289 per
3240 2228 3491 2275 sanetum
3520 2219 3621 2274 ba-

2022 2313 2307 2381 ptismum,
2352 2328 2462 2367 non
2491 2312 2662 2384 exigit
2692 2321 2752 2366 ut
2779 2312 2875 2382 qui
2929 2312 2979 2366 ei
3018 2312 3349 2366 condonarit
3371 2327 3494 2381 quae
3519 2310 3619 2366 de—

2022 2402 2207 2457 bebat.
2234 2403 2317 2458 Ab
2345 2419 2412 2458 eo
2442 2412 2628 2458 autem
2664 2402 2759 2473 qui
2793 2410 2877 2457 est
2897 2401 3117 2457 alienus
3143 2417 3174 2455 a
3205 2400 3311 2455 ﬁde
3335 2400 3390 2454 in
3414 2400 3619 2470 ipsum,

2022 2494 2250 2549 omnino
2289 2494 2475 2549 omnia
2504 2494 2696 2565 exigit.
2737 2492 2939 2548 Sextus
2981 2492 3102 2548 dies
3122 2508 3192 2547 ex
3226 2492 3511 2562 Scriptura
3538 2492 3625 2545 in—

2023 2585 2178 2641 ducit
2201 2589 2671 2658 complementum
2716 2603 2911 2642 eorum
2944 2602 3067 2657 qua:
3096 2594 3227 2640 sunt
3262 2584 3366 2639 sub
3402 2593 3620 2639 natura.

2022 2679 2305 2749 Septimus
2328 2691 2512 2737 autem
2536 2680 2945 2736 circumscribit
2969 2688 3179 2734 motum
3204 2677 3470 2746 temporis
3490 2691 3622 2746 pro-

2023 2773 2296 2842 prietatis.
2347 2773 2589 2829 Octavus
2621 2784 2806 2829 autem
2840 2771 3156 2826 subindieat
3188 2769 3414 2825 modum
3448 2775 3624 2822 status

2023 2866 2118 2934 qui
2151 2875 2239 2922 est
2268 2884 2437 2937 supra
2458 2876 2717 2921 naturam
2760 2876 2796 2919 ,ἱ
2821 2875 3056 2935 tempus.
3098 2862 3202 2930 Qui
3225 2864 3371 2917 diem
3404 2871 3622 2916 sextum

2025 2958 2217 3013 divine
2249 2976 2374 3014 cum
2416 2959 2881 3014 convenientibus
2902 2957 3168 3027 operibus
3187 2965 3244 3009 et
3267 2953 3620 3025 cogitationi-

2025 3053 2131 3108 bus
2157 3053 2261 3107 sibi
2291 3053 2611 3123 complevit,
2653 3052 2772 3121 ipse
2797 3066 3019 3122 quoque
3046 3065 3171 3105 cum
3196 3049 3310 3103 Deo
3332 3055 3481 3101 recte
3508 3046 3626 3101 suis

2026 3142 2295 3198 confectis
2316 3144 2603 3214 operibus,
2627 3143 2961 3213 COgitalione
2986 3159 3048 3197 ac
3069 3139 3428 3210 intelligentia
3448 3147 3628 3193 trans-

2029 3235 2178 3289 misit
2211 3251 2431 3291 omnem
2470 3236 2837 3291 substantiam
2869 3249 3062 3287 eorum
3087 3248 3209 3303 qua:
3238 3239 3366 3286 sunt
3399 3230 3500 3285 sub
3524 3245 3623 3283 na-

2029 3338 2151 3383 tura
2198 3336 2252 3383 et
2291 3338 2562 3398 tempore,
2607 3337 2663 3384 et
2705 3328 2772 3383 ad
2813 3328 3141 3381 smeulorum
3191 3333 3247 3380 et
3287 3333 3623 3379 mternorum

2027 3419 2319 3492 mysticam
2390 3419 2635 3473 traduxit
2676 3418 3239 3488 contemplationem,
3285 3422 3468 3469 mente
3494 3412 3624 3467 sab—

2026 3506 2275 3566 batitans
2313 3512 2453 3567 citra
2494 3511 2893 3581 cognitionem,
2930 3518 3098 3563 totam
3131 3523 3324 3563 eorum
3346 3521 3467 3576 quae
3496 3514 3628 3559 sunt

2025 3604 2524 3673 apprehensionem
2585 3612 2642 3659 et
2700 3603 3207 3673 exsuperationem.
3274 3598 3377 3665 Qui
3439 3609 3624 3653 autem

2024 3705 2222 3750 octavo
2245 3712 2465 3767 quoque
2492 3696 2582 3751 die
2602 3695 2804 3767 dignus
2835 3702 2921 3750 est
2944 3694 3191 3757 habitus,
3224 3692 3271 3746 is
3293 3691 3534 3747 surrexit
3558 3705 3627 3744 ex

2025 3790 2281 3850 mortuis,
2308 3804 2376 3843 ex
2398 3789 2679 3854 omnibus,
2710 3789 2958 3858 inquam,
2982 3802 3105 3857 qua:
3134 3796 3265 3841 sunt
3285 3792 3408 3856 post
3429 3785 3622 3843 Deum.

2024 3896 2226 3951 nempe
2265 3881 2647 3944 sensibilibus,
2691 3890 2747 3936 et
2795 3880 2862 3934 iis
2904 3895 3027 3949 qua:
3054 3879 3260 3934 cadunt
3284 3877 3389 3931 sub
3417 3876 3625 3930 intelli-

2028 3970 2291 4040 gentiam,
2311 3970 2733 4039 rationibusque
2752 3979 2809 4024 et
2826 3969 3209 4039 intelligentiis
3233 3986 3246 4022 :
3271 3977 3327 4021 et
3346 3966 3481 4020 vixit
3497 3965 3628 4019 bea—

2031 4072 2139 4116 tam
2165 4062 2262 4118 Dei
2292 4063 2483 4123 vitam.
2506 4062 2601 4132 qui
2626 4063 2778 4116 solus
2816 4077 2947 4116 vere
2974 4061 3199 4131 proprie
3233 4061 3343 4113 vita
3368 4069 3426 4113 et
3464 4066 3547 4113 est
3571 4068 3628 4113 ct

2026 4156 2254 4219 dicitur,
2298 4166 2359 4212 ut
2391 4156 2486 4226 qui
2519 4163 2575 4211 et
2608 4156 2723 4226 ipse
2752 4156 2824 4210 sit
2848 4156 3027 4210 factus
3068 4154 3214 4209 Deus
3250 4152 3623 4207 deiﬁeationc.

2030 4248 2231 4304 Sextus
2266 4249 2387 4305 dies
2411 4257 2499 4303 est
2530 4250 2869 4320 agendarum
2905 4248 2959 4325 in
2992 4249 3199 4302 virtute
3226 4262 3348 4317 qua:
3383 4256 3512 4300 sunt
3536 4261 3624 4299 se-

2027 4338 2273 4399 cundum
2308 4346 2567 4398 naturam
2602 4344 2992 4414 operationum
3028 4341 3273 4412 perfecta
3296 4350 3353 4395 et
3375 4340 3625 4395 absoluta

2024 4435 2367 4506 adimpletio.
2388 4435 2669 4505 Septimus
2683 4434 3336 4504 estcontemplativarum
3365 4432 3418 4485 in
3442 4431 3630 4501 cogni-

2030 4528 2180 4583 tione
2230 4526 2500 4582 inet'fabili
2548 4527 2887 4582 naturalium
2929 4525 3179 4580 omnium
3221 4526 3510 4578 notionum
3557 4522 3624 4575 ad

2029 4617 2195 4672 ﬁnem
2222 4616 2484 4671 deductio
2502 4624 2558 4671 et
2579 4617 2759 4687 quies.
2782 4616 3021 4672 Octavus
3042 4625 3225 4670 autem
3249 4622 3334 4667 est
3351 4611 3627 4667 traductio

2027 4718 2085 4763 et
2119 4708 2386 4763 transitus
2408 4724 2602 4763 eorum
2635 4709 2732 4779 qui
2756 4718 2886 4764 sunt
2912 4707 3064 4779 digni
3094 4707 3161 4761 ad
3190 4705 3622 4761 deiﬁeationem.

2024 4800 2277 4855 Fortasse
2317 4810 2505 4855 autem
2546 4801 2698 4855 hunc
2731 4801 3028 4871 septimum
3075 4811 3131 4855 et
3178 4808 3436 4853 octavum
3471 4796 3622 4851 diem

2027 4893 2201 4963 magis
2220 4892 2447 4964 mystice
2467 4901 2524 4947 et
2543 4908 2742 4947 arcane
2765 4892 3015 4947 indicans
3026 4892 3313 4953 Dominus,
3332 4888 3625 4959 appellavit

2028 4985 2176 5040 diem
2199 4984 2694 5039 consummationis
2712 4993 2769 5039 et
2786 4984 3159 5056 perfectionis.
3182 4991 3245 5037 ut
3262 4981 3354 5053 qui
3382 4982 3626 5035 circum-

2029 5078 2239 5133 scribat
2260 5076 2511 5131 omnium
2536 5078 2797 5148 mysteria
2816 5085 2871 5132 et
2900 5077 3166 5138 rationes,
3192 5089 3315 5145 quae
3338 5073 3474 5127 nihil
3501 5087 3625 5126 om-

2030 5171 2167 5225 nino
2195 5186 2264 5225 ex
2297 5169 2621 5225 coelestibus
2646 5178 2703 5224 et
2736 5169 3098 5225 terrestribus
3134 5165 3492 5221 facultatibus
3523 5178 3626 5233 po-

2034 5260 2167 5314 terit
2202 5260 2315 5315 ullo
2354 5259 2519 5313 modo
2552 5274 2911 5330 cognoscere,
2950 5267 3247 5328 antequam
3276 5253 3537 5326 patiendo
3571 5253 3627 5308 id

2034 5350 2373 5420 experiatur,
2413 5360 2614 5421 praeter
2648 5351 2819 5420 ipsum
2855 5349 3073 5403 beatam
3098 5364 3221 5418 qua:
3243 5362 3306 5401 ea
3331 5346 3461 5402 fecit
3484 5343 3629 5398 divi-0

2036 5446 2290 5500 nitatem.
2328 5444 2530 5499 Sextus
2568 5444 2689 5498 dies
2726 5443 3043 5498 subindieat
3082 5442 3349 5497 rationem
3376 5436 3630 5494 essentiae

2035 5549 2231 5588 eorum
2261 5548 2384 5603 quas
2409 5542 2558 5590 sunt.
2584 5531 2867 5603 Septimus
2895 5540 3080 5587 autem
3103 5530 3224 5585 dies
3253 5527 3631 5598 subsigniltcat

2041 5648 2265 5702 nimium
2308 5664 2416 5717 quo
2446 5647 2585 5701 bene
2617 5654 2742 5703 sunt
2768 5661 2975 5715 eaqure
3003 5653 3153 5702 sunt.
3182 5642 3422 5699 Octavus
3444 5648 3629 5694 autem
