4098 6344
514 229 656 288 1205

1715 237 1774 294 s.
1815 211 2086 296 ενιιιιίι
2128 241 2215 295 ur
2255 236 2587 307 monuit

3633 218 3787 289 ηυι

512 343 648 400 dicit
675 343 1037 419 ineﬂ‘abiliter
1059 348 1377 418 mysterium
1409 365 1520 420 quo
1542 364 1760 424 semper
1791 353 1932 410 bene
1953 364 2082 410 sunt

2186 354 2371 417 δντων,
2403 354 2660 425 ἀρρήτως
2709 352 3008 422 μυστήριον
3049 343 3400 417 ύπαγορεύει.
3437 339 3774 409 ﬂuitans-ui;

508 454 576 494 ea
605 453 728 509 qua
760 445 908 493 sunt.
949 437 1146 495 Sextus
1177 439 1297 496 dies
1324 441 1530 498 dicitur
1563 444 1880 511 Parasoeve,
1910 446 1964 502 id
1998 456 2082 502 est

510 529 856 601 praeparatio,
883 530 1144 600 quoniam
1171 532 1225 586 in
1251 547 1318 587 eo
1346 535 1414 588 ad
1443 534 1740 590 Sabbatum
1773 553 2084 609 prapararr-

509 631 601 676 tur
626 621 821 676 Judai.
847 621 978 677 Erat
1005 632 1190 678 autem
1221 634 1380 696 typus
1410 627 1538 681 vitae
1562 629 1868 698 praesentis,
1895 632 1949 685 in
1975 646 2082 701 qua

507 727 881 782 pmparamur
919 713 988 768 ad
1039 713 1314 781 futuram,
1362 734 1487 788 qua:
1521 727 1607 774 est
1657 722 1816 790 quies
1854 739 2081 794 operum

507 818 628 873 qua
653 801 791 859 ﬁunt
815 804 871 858 in
895 809 1171 874 presenti.
1206 808 1318 862 Illic
1341 809 1488 865 enim
1520 811 1659 868 nihil
1687 813 1749 868 lit
1774 830 1842 870 ex
1866 815 1933 870 iis
1961 830 2083 886 qua

507 908 706 964 magno
756 895 941 951 studio
996 897 1088 954 hic
1135 909 1420 969 geruntur.
1461 902 1530 958 Et
1559 907 1836 974 quomodo
1869 907 2082 964 Hebraei

507 999 706 1040 manna
753 987 901 1057 quod
943 989 1301 1061 colligebatur
1338 993 1392 1047 in
1419 993 1716 1053 Parasceve
1744 999 1938 1068 partim
1963 999 2084 1070 qui-

507 1077 633 1133 dem
656 1094 725 1134 eo
750 1079 839 1136 die
861 1081 1245 1149 vescebantur,
1267 1085 1466 1156 partim
1489 1098 1676 1145 autem
1702 1092 1981 1162 septimoz:
2005 1093 2083 1148 ita

507 1186 610 1227 nos
646 1188 866 1243 quoque
904 1175 1282 1244 spiritualibus
1308 1195 1432 1250 qua
1464 1181 1556 1237 hic
1588 1183 1924 1257 colliguntur
1947 1203 2082 1258 ope-

507 1263 683 1330 ribus,
709 1266 912 1336 partim
929 1269 1154 1338 quidem
1182 1271 1294 1337 hic,
1317 1275 1515 1344 partim
1532 1291 1666 1332 vero
1682 1277 1795 1334 illic
1813 1279 2079 1335 fruemur.

505 1353 824 1412 Sabbatizat
857 1368 1040 1414 autem
1074 1362 1438 1431 spiritualiter
1455 1367 1552 1437 qui
1581 1367 1694 1423 Deo
1723 1369 1931 1426 servire
1960 1387 2083 1442 per-

503 1456 744 1513 severat,
779 1457 838 1505 et
868 1451 1043 1506 otium
1067 1453 1180 1525 agit
1231 1456 1301 1510 ab
1345 1458 1608 1528 operibus
1657 1477 1779 1532 qua:
1828 1464 1895 1519 ad
1941 1465 2082 1520 hanc

504 1537 672 1592 vitam
705 1541 1006 1610 pertinent,
1031 1554 1086 1600 et
1123 1556 1387 1604 versatur
1412 1549 1468 1605 in
1503 1552 1900 1621 spiritualibus.

593 1650 673 1706 De
708 1651 968 1710 Paschate
1006 1659 1209 1713 minuto
1247 1675 1342 1731 per
1377 1675 1556 1733 partes
1593 1667 1991 1740 contemplatio.

575 1761 638 1816 In
688 1763 961 1836 principio
1008 1769 1137 1822 anni
1188 1769 1621 1840 praeﬁniebatur,
1674 1785 1736 1831 et
1795 1778 1850 1833 in
1902 1781 2081 1849 primo

504 1867 713 1918 mense,
755 1864 970 1927 tempus
1016 1859 1271 1916 sacriﬁcii
1321 1862 1401 1929 ⁸⁷,
1442 1867 1702 1936 quoniam
1749 1869 2079 1942 principium

383 1979 394 1986 -
503 1944 772 2012 omnium,
821 1959 879 2004 et
916 1951 971 2005 in
1022 1953 1298 2025 principio
1344 1959 1611 2024 omnium,
1647 1970 1706 2016 et
1735 1971 1863 2018 ante
1897 1965 2082 2019 omnia

501 2035 757 2095 Christus
778 2041 924 2110 quod
947 2045 1145 2102 attinet
1179 2047 1249 2102 ad
1279 2047 1647 2108 divinitatem.
1671 2052 1730 2108 ld
1758 2063 1940 2112 autem
1964 2056 2082 2130 lege

502 2131 794 2187 constituit
810 2134 1073 2192 lsraelitis
1099 2153 1224 2194 cum
1250 2141 1430 2198 adhuc
1450 2155 1634 2200 essent
1663 2149 1831 2214 servi,
1867 2151 2080 2207 etiamsi

471 2212 624 2275 ’eam
661 2222 842 2294 legem
868 2240 1062 2283 rursus
1091 2239 1320 2298 repetat.
1355 2231 1544 2301 Neque
1579 2236 1728 2289 enim
1759 2212 1876 2292 ﬁeri
1902 2249 2084 2309 potest

504 2313 664 2369 aliter
703 2324 764 2368 ut
802 2319 944 2372 servi
979 2321 1185 2388 peccati
1215 2321 1479 2392 eﬂ‘ugiant
1515 2327 1859 2396 tyrannidem
1882 2329 2085 2386 daemo-

502 2420 658 2470 num,
701 2409 808 2463 nisi
848 2425 945 2478 per
987 2409 1194 2467 Christi
1232 2415 1708 2487 participationem
1743 2427 1800 2474 et
1838 2436 2083 2478 commu-

503 2495 727 2554 nionem
759 2501 876 2556 veri
922 2504 1046 2573 agni
1081 2505 1178 2574 qui
1215 2507 1360 2562 tollit
1396 2519 1681 2578 peccatum
1731 2513 1946 2569 mundi.
1973 2515 2080 2571 Ac—

504 2588 709 2660 cipitur
739 2600 923 2646 autem
951 2594 1089 2659 ovis,
1120 2611 1230 2652 non
1262 2597 1318 2652 in
1345 2599 1525 2668 primo
1547 2601 1636 2657 die
1660 2604 1887 2670 mensis,
1909 2606 2002 2661 sed
2026 2607 2080 2662 in

502 2682 740 2737 decimo.
779 2683 1028 2742 Fuerunt
1071 2689 1221 2742 enim
1265 2692 1436 2747 multa
1482 2696 1679 2750 saecula
1723 2707 1849 2752 ante
1891 2697 2080 2753 mundi

504 2771 980 2840 constitutionem,
1017 2775 1073 2831 in
1115 2777 1321 2848 quibus
1353 2780 1610 2838 Christus
1633 2795 1756 2840 erat
1790 2785 1846 2840 in
1877 2786 2082 2842 divini.

503 2870 639 2927 tate,
664 2864 940 2932 quomodo
967 2867 1134 2921 etiam
1159 2879 1289 2924 sunt
1309 2871 1468 2927 multi
1493 2872 1613 2928 dies
1634 2883 1762 2930 ante
1783 2875 2080 2934 decimum.

501 2950 874 3009 Conservatur
918 2966 1100 3012 autem
1150 2973 1322 3029 usque
1370 2961 1438 3016 ad
1477 2961 1752 3019 decimum
1800 2977 2080 3036 quartum,

2188 445 2404 512 λέγεται
2451 444 2484 514 η
2510 443 2644 513 ’ἕκτη
2667 441 2874 512 ἡμέρα,
2905 441 3041 494 διότι
3069 441 3126 490 ἑν
3153 431 3776 529 αὑτῇ-παρασκευάζονζ

2183 551 2274 588 ται
2318 535 2456 606 πρὸς
2492 533 2554 587 τὸ
2606 531 2883 589 Σάδδατον
2923 531 3181 586 Ἰουδαῖοι.
3231 523 3342 580 Ἦν
3379 523 3438 580 δὲ
3469 521 3644 585 τύπος
3679 521 3774 572 τοῦ

2184 626 2456 697 παρόντος
2481 625 2621 697 βίου,
2648 626 2708 679 έν
2727 618 2773 694 ᾧ
2800 620 3337 696 παρασκευαζόμεθα
3364 617 3502 688 πρὸς
3522 615 3619 668 τὸν
3647 613 3775 684 μέλ.-

2183 719 2368 780 λοντα.
2399 717 2740 772 κατάπαυσιν
2766 717 2895 771 δντα
2923 716 3030 770 τῶν
3065 717 3124 768 ὲν
3162 712 3244 784 τῷ
3281 711 3510 782 παρόντι
3551 705 3772 775 γινομιέο

2185 826 2292 863 νων
2325 809 2526 881 ἔργων.
2599 810 2747 864 Ἐκεῖ
2783 808 2892 880 γὰρ
2943 807 3099 861 οὐδ’ἐν
3122 805 3234 860 τῶν
3263 797 3365 858 ὧδε
3389 797 3773 868 σπουδαζομέο

2183 917 2290 954 νων
2343 900 2698 956 ἐπιτελεῖται.
2739 900 2851 956 Καὶ
2893 897 3147 969 καθάπερ
3201 893 3440 967 Ἑϐραῖοι
3481 888 3581 945 τοῦ
3627 887 3778 944 κατὰ

2181 993 2283 1065 τὴν
2321 992 2689 1066 Παρασκευὴν
2741 991 3114 1064 συναγομένου
3162 990 3337 1061 μάννα
3373 984 3438 1039 τὸ
3485 984 3589 1055 μὲν
3625 981 3773 1036 κατὰ

2179 1083 2279 1155 τὴν
2303 1083 2518 1155 ἡμέραν
2547 1083 2752 1154 ταύτην
2781 1082 2989 1154 ἤσθιον,
3023 1080 3086 1136 τὸ
3125 1078 3182 1133 δὲ
3210 1076 3349 1132 κατὰ
3377 1075 3477 1145 τὴν
3507 1071 3778 1142 ἑϐδόμην

2181 1175 2325 1229 οὕτω
2350 1177 2441 1228 καὶ
2468 1175 2630 1247 ἡμεῖς
2658 1175 2766 1229 τῶν
2795 1173 3027 1227 ἐνταῦθα

2184 1267 2296 1322 κῶν
2322 1267 2520 1339 ιργων,
2551 1266 2663 1321 τῶν
2707 1267 2806 1337 μὲν
2833 1265 3092 1329 ἐνταῦθα,
3125 1263 3236 1317 τῶν
3276 1261 3330 1314 δὲ
3367 1261 3488 1312 ἐκεῖ
3525 1253 3772 1357 ἀπολαύ-

2184 1377 2372 1431 σομεν.
2406 1359 2732 1424 Σαδδατίζει
2759 1358 2816 1412 δὲ
2855 1354 3244 1428 πνευματικῶς
3268 1356 3296 1408 ό
3335 1354 3777 1423 προσκαρτερῶν

2181 1450 2260 1520 τῷ
2294 1449 2435 1521 Θεῷ,
2459 1451 2554 1505 καὶ
2583 1448 2779 1520 σχολὴν
2807 1448 2959 1517 ἄγων
2987 1448 3095 1501 ἀπὸ
3124 1447 3234 1501 τῶν
3264 1442 3536 1516 βιωτικῶν
3567 1439 3768 1511 ἔργων,

2185 1543 2278 1596 καὶ
2304 1545 2418 1606 τοῖς
2445 1542 2838 1612 πνευματικοῖς
2867 1538 3348 1610 ὲνασχολούμενος.

2367 1655 2505 1723 Περί
2543 1652 2649 1708 τοῦ
2697 1652 2912 1722 Πάσχα
2941 1648 3313 1718 λεπτομερὴς
3357 1645 3593 1714 θεωρία.

2265 1765 2354 1820 Ἐν
2407 1767 2553 1838 ἀρχῇ
2583 1764 2676 1818 τοῦ
2717 1765 2873 1828 έτους
2915 1762 3168 1834 ὡρίζετο,
3215 1761 3310 1814 καὶ
3355 1769 3414 1812 εν
3450 1756 3531 1826 τῷ
3572 1754 3772 1826 πρώτῳ

2186 1861 2336 1931 μηνὶ,
2368 1859 2468 1931 τῆς
2501 1858 2812 1931 ἱερουργίας
2831 1860 2860 1911 ό
2891 1857 3115 1928 καιρὸς,
3133 1856 3218 1909 ὅτι
3247 1851 3391 1923 ἁρχὴ
3407 1848 3655 1913 πάντων,
3678 1847 3770 1901 καὶ

2183 1956 2242 2008 ὲν
2264 1955 2407 2024 ἀρχῇ
2441 1951 2661 2005 πάντων
2689 1952 2782 2006 καὶ
2808 1948 2914 2021 πρὸ
2939 1949 3160 2002 πάντων
3177 1947 3207 1998 ό
3230 1943 3466 2017 Χριστὸς
3499 1940 3646 1994 κατὰ
3668 1940 3768 2009 τὴν

2183 2045 2430 2115 θεότητα.
2485 2043 2706 2107 Δούλοις
2763 2041 2819 2096 δέ
2877 2035 3027 2094 οὖσιν
3089 2038 3171 2091 ἔτι
3227 2039 3339 2098 τοῖς
3404 2030 3772 2137 Ἰσραηλίταις

2182 2139 2290 2193 τῶν
2335 2139 2650 2207 Αἰγυπτίων
2681 2134 2841 2190 τοῦτο
2863 2133 3300 2204 νενομοθέτηται,
3324 2130 3374 2180 εί
3400 2124 3493 2180 καὶ
3507 2120 3768 2182 νῦναῦθις

2184 2228 2630 2299 ὲπαναλαμῦάνει
2645 2227 2742 2300 τὴν
2767 2245 2833 2280 πε
2841 2228 2896 2297 pl.
2919 2225 3110 2278 τούτου
3129 2220 3471 2291 νομοθεσίαν.
3490 2213 3644 2284 Μηδὲ
3665 2211 3772 2281 γὰρ

2181 2325 2248 2377 ἂν
2275 2324 2448 2386 ἄλλως
2476 2320 2734 2375 δύνασθαι
2757 2319 2882 2382 τοὺς
2911 2318 3132 2380 δούλους
3161 2314 3262 2385 τῆς
3278 2308 3553 2405 ἁμαρτίας
3576 2307 3770 2405 διαιροῖ

2182 2420 2298 2484 γείν
2341 2415 2441 2486 τὴν
2479 2413 2771 2485 τυραννίδα
2811 2410 2920 2465 τῶν
2940 2409 3235 2480 δαιμόνων,
3259 2403 3422 2499 είμη
3449 2401 3540 2499 δια
3557 2400 3660 2499 τῆς
3677 2400 3770 2499 τοῦ

2182 2507 2421 2581 Χριστοῦ
2460 2505 2751 2578 μετουσίας
2768 2505 2863 2557 καὶ
2879 2499 3268 2564 κοινωνίαςτοῦ
3287 2492 3542 2566 ἀληθινοῦ
3572 2492 3770 2562 ἀμνοῦ,

2183 2601 2275 2658 τοῦ
2311 2599 2561 2669 αἴροντος
2593 2595 2693 2666 τὴν
2717 2593 2996 2665 ἁμαρτίαν
3025 2588 3121 2644 τοῦ
3151 2589 3385 2684 κόσμου.
3419 2582 3772 2684 Λαμὸάνεται

2182 2694 2238 2745 δὲ
2265 2692 2324 2745 τὸ
2357 2689 2652 2762 πρόδατον,
2679 2687 2781 2740 οὐκ
2814 2687 2872 2738 ὲν
2902 2687 2968 2754 τῇ
3003 2681 3197 2755 πρώτη
3224 2678 3413 2751 ἡμέρᾳ⁵
3446 2674 3544 2728 τοῦ
3582 2672 3768 2744 μηνὸς.

2183 2783 2298 2838 ἀλλ’
2330 2783 2388 2834 ἐν
2409 2783 2474 2852 τῇ
2495 2779 2720 2849 δεκάτῃ.
2744 2775 2936 2830 Πολλοί
2961 2775 3072 2845 γάρ
3098 2789 3242 2835 τινες
3275 2769 3472 2831 αἰῶνες
3498 2762 3642 2837 ἦσαν
3668 2764 3775 2833 πρὸ

2183 2881 2283 2947 τῆς
2317 2874 2412 2929 τοῦ
2456 2874 2663 2944 κόσμου
2694 2870 3024 2939 κατασολῆς,
3053 2867 3175 2921 καθ’
3202 2865 3297 2966 ob;
3348 2861 3418 2935 ἦν
3541 2861 3774 2966 Χριστὸς

2185 2973 2254 3040 τῇ
2289 2968 2525 3037 θεότητι,
2565 2965 2754 3034 ὥσπερ
2795 2962 2895 3016 καὶ
2932 2961 3124 3015 πολλαὶ
3154 2958 3358 3030 ἡμέραι
3390 2954 3499 3024 πρὸ
3543 2953 3644 3024 τῆς
3689 2951 3776 3005 δε-

501 3052 728 3113 propter
773 3047 1019 3116 quinque
1073 3058 1321 3120 tempora
1364 3061 1678 3109 nostrorum
1734 3057 2081 3114 saeculorum.

2191 3063 2383 3130 κάτης.
2425 3059 2773 3127 Διατηρεῖται
2794 3055 2852 3109 δὲ
2882 3054 3046 3124 μέχρι
3080 3052 3178 3118 τῆς
3211 3050 3271 3103 ιδ’
3305 3048 3396 3101 διὰ
3430 3047 3558 3107 τοὺς
3591 3049 3630 3098 ε’
3658 3060 3778 3097 και-

501 3134 638 3189 Nam
671 3151 910 3206 primum
937 3140 1157 3210 quidem
1195 3142 1298 3198 fuit
1328 3143 1383 3197 in
1422 3159 1532 3214 quo
1566 3158 1684 3202 erat
1705 3148 1874 3206 Adam
1901 3151 1956 3205 in
1981 3168 2079 3222 pa.-

500 3227 718 3285 radiso-
736 3230 1049 3288 Secundum
1073 3245 1254 3291 autem
1279 3238 1357 3309 (in
1380 3255 1491 3309 quo
1513 3242 1652 3310 erat)
1680 3243 1810 3297 Noe.
1835 3242 2082 3301 Tertium

503 3329 692 3377 autem
735 3324 791 3378 in
832 3341 942 3395 quo
963 3336 1080 3382 erat
1109 3329 1406 3386 Abraham.
1435 3331 1702 3399 Quartum
1728 3351 1861 3392 vero
1891 3337 1947 3392 in
1974 3355 2082 3408 quo

504 3411 717 3484 Moyses
743 3425 803 3470 et
829 3419 1128 3488 prophetae.
1158 3420 1421 3487 Quintum
1455 3435 1659 3488 autem,
1693 3427 1748 3480 in
1787 3443 1898 3498 quo
1920 3427 2084 3483 Cbri-

506 3511 625 3557 stus
663 3503 839 3560 factus
870 3517 954 3562 est
982 3509 1170 3564 homo.
1211 3510 1325 3566 Hoc
1354 3521 1536 3569 autem
1563 3523 1778 3586 tempus
1805 3517 1968 3573 tacite
1999 3520 2084 3573 in.~

503 3594 628 3648 nuit
646 3596 811 3650 etiam
833 3597 966 3652 illud
992 3616 1005 3651 :
1035 3603 1226 3670 quinta
1249 3613 1431 3659 autem
1452 3608 1805 3677 generatione
1828 3610 2087 3666 ascende-

505 3695 639 3741 runt
677 3687 772 3742 lilii
809 3690 974 3746 lsrael
997 3708 1064 3747 ex
1098 3693 1349 3767 Algypto.
1388 3697 1446 3752 ln
1485 3713 1553 3754 eo
1579 3699 1727 3754 enim
1750 3701 1892 3756 facta
1913 3711 1997 3757 est
2016 3703 2084 3757 li-

506 3773 722 3836 beratio
767 3786 1085 3842 aservitute
1137 3789 1445 3846 dmmonum
1501 3802 1557 3847 et
1621 3795 1908 3850 vitiorum.
1961 3797 2087 3853 Haec

507 3871 752 3940 quinque
807 3882 1053 3943 tempora
1106 3878 1378 3943 nonnihil,
1424 3889 1484 3934 ut
1541 3882 1758 3950 opinor,
1815 3881 2086 3953 signiﬁcat

506 3962 673 4015 etiam
694 3965 953 4033 parabola
972 3967 1091 4034 ejus
1111 3967 1203 4036 qui
1221 3970 1478 4024 conducit
1494 3987 1682 4041 Opera.
1697 3974 1779 4027 ios
1797 3973 1850 4026 in
1869 3974 2084 4030 vineam

507 4068 684 4118 suam,
730 4071 965 4124 quorum
1009 4059 1151 4113 alius
1187 4060 1412 4130 quidem
1455 4064 1589 4117 exiit
1632 4063 1897 4130 diluculo,
1948 4067 2087 4121 alter

507 4159 638 4198 vero
671 4145 817 4199 circa
851 4147 1039 4202 horam
1061 4151 1302 4215 tertiam,
1333 4153 1474 4207 alius
1497 4154 1641 4209 circa
1665 4165 1893 4220 sextam,
1947 4158 2086 4212 alius

508 4236 653 4292 circa
685 4253 909 4304 nonam,
947 4240 1088 4296 alius
1109 4244 1254 4298 circa
1290 4246 1661 4311 undecimam,
1699 4264 1808 4318 qua
1834 4248 2086 4305 Christus

508 4327 773 4382 conduxit
813 4341 1003 4400 gentes
1030 4343 1249 4390 vocatas
1285 4336 1351 4389 ad
1377 4339 1754 4406 operationem
1783 4350 2086 4411 praecepto-

2185 3153 2313 3225 ρους
2333 3150 2442 3205 τῶν
2463 3149 2585 3202 καθ’
2607 3148 2758 3219 ἡμᾶς
2790 3146 3025 3200 αἰώνων.
3051 3141 3399 3241 Πρῶτοςᾳμὲν
3569 3137 3778 3241 itath

2181 3243 2250 3317 ἦν
2281 3245 2339 3296 ὲν
2367 3240 2687 3313 παραδείσῳ
2746 3238 2937 3306 Ἀδάμ.
2964 3235 3230 3306 Δεύτερος
3262 3233 3318 3287 δὲ
3343 3232 3466 3285 καθ’
3497 3231 3601 3284 δνό
3623 3229 3776 3283 Νῶε.

2183 3337 2378 3409 Τρίτος
2400 3334 2458 3388 δὲ
2499 3333 2619 3388 καθ’
2646 3330 2753 3384 ὃνό
2798 3329 3074 3399 Ἀϐραάμ.
3107 3329 3378 3398 Τέταρτος
3415 3324 3474 3378 δὲ
3505 3323 3631 3377 καθ’
3657 3321 3716 3375 δν
3749 3322 3781 3374 ό

2183 3429 2386 3498 Μωσῆς
2403 3426 2498 3480 καὶ
2515 3427 2564 3479 οἱ
2580 3423 2878 3495 προφῆται.
2901 3422 3162 3490 Πέμπτος
3187 3417 3380 3472 δὲκαθ’
3409 3416 3468 3469 δν
3501 3413 3782 3486 ἔνηνθρώ-

2186 3537 2360 3590 πηοεν
2402 3521 2431 3573 ό
2476 3518 2729 3588 Χριστός.
2782 3513 2985 3568 Τοῦτον
3035 3513 3092 3566 δὲ
3124 3513 3216 3565 τὸν
3254 3510 3444 3582 καιρὸν
3477 3508 3780 3562 αἰνίττεται

2187 3613 2282 3666 καὶ
2314 3611 2394 3671 τὸ,
2427 3611 2662 3680 Πέμπτῃ
2684 3609 2744 3662 δὲ
2771 3608 2938 3677 γενεᾷ
2961 3605 3232 3673 ἀνέϐησαν
3255 3605 3306 3656 οἰ
3335 3603 3443 3656 υίοὶ
3477 3598 3694 3672 Ἰσραὴλ
3714 3599 3781 3663 ἐξ

2186 3703 2482 3772 Αἰγύπτου.
2532 3701 2620 3754 Ἐν
2662 3698 2837 3770 τούτῳ
2877 3699 2986 3769 γὰρ
3019 3698 3052 3769 ἡ
3083 3695 3366 3767 ἐλευθερία
3412 3693 3515 3763 τῆς
3559 3691 3781 3754 δουλίας

2185 3797 2292 3851 τῶν
2318 3794 2590 3865 δαιμόνων
2613 3792 2704 3846 καὶ
2723 3793 2831 3845 τῶν
2866 3790 3054 3843 παθῶν
3083 3789 3294 3858 γέγονε.
3317 3785 3575 3850 Τούτους,
3593 3780 3776 3852 οἶμαι,

2185 3891 2310 3950 τοὺς
2354 3895 2394 3940 ε’
2441 3886 2664 3958 καιροὺς
2712 3884 3079 3953 ὑποσημαίνει
3124 3882 3220 3936 καὶ
3251 3883 3286 3951 ἡ
3342 3878 3628 3951 παραϐολὴ
3674 3877 3776 3976 τις]

2191 3976 2608 4050 μισθωσαμένου
2628 3975 2754 4037 τοὺς
2770 3973 3007 4043 ἐργάτας
3036 3971 3115 4032 εἰς
3131 3969 3222 4022 τὸν
3251 3968 3555 4040 ἀμπελῶνα
3580 3968 3776 4020 αὑτοῦ·

2186 4071 2244 4133 ὃς
2271 4068 2495 4138 ἐξῆλθεν
2525 4067 2642 4137 ἅμα
2660 4063 2926 4137 πρωῒ,καὶ
2963 4063 3091 4132 περὶ
3113 4063 3306 4133 τρίτην
3321 4061 3472 4133 ὥραν
3498 4061 3587 4114 καὶ
3606 4059 3780 4130 ἕκτην

2189 4162 2284 4216 καὶ
2311 4161 2537 4231 ὲννάτην
2579 4159 2667 4213 καὶ
2713 4156 3040 4225 ἑνδεκάτην,
3080 4154 3198 4207 καθ’
3222 4153 3289 4224 ἣν
3332 4151 3678 4224 ἐμισθώσατο
3704 4151 3778 4205 τὰ

2189 4254 2314 4325 ἔθνη
2349 4254 2583 4324 Χριστὸς
2620 4251 2932 4322 κεκλῃμένα
2985 4249 3118 4317 πρὸς
3162 4246 3428 4318 ἐργασίαν
3465 4244 3574 4298 τῶν
3611 4244 3781 4312 εὐαγε-

2190 4345 2426 4417 γελικῶν
2463 4343 2711 4396 ἐντολῶν.
2762 4340 3112 4411 Λαμϐάνεται
3158 4340 3256 4410 μὲν
3288 4334 3402 4400 οὖν,
3431 4338 3508 4400 ὡς
3533 4335 3774 4407 εἴρηται,

507 4433 633 4472 rum
670 4422 1134 4491 evangelicorum.
1175 4425 1456 4496 Accipitur
1481 4443 1634 4501 ergo,
1657 4438 1717 4485 ut
1743 4430 1876 4495 dixi,
1909 4433 2026 4486 ovis
2056 4449 2083 4486 a

2195 4437 2256 4489 τι
2287 4432 2556 4505 πρόϐατον
2587 4433 2695 4485 ἀπὸ
2737 4439 2767 4485 ι’
2802 4431 2892 4483 τοῦ
2937 4428 3123 4500 μηνὸς,
3171 4428 3266 4480 καὶ¹
3308 4426 3651 4496 διατηρεῖται
3680 4423 3780 4495 μέο

509 4511 722 4568 decimo
764 4516 986 4572 mensis.
1029 4527 1084 4572 et
1114 4530 1472 4575 conservatur
1513 4538 1684 4592 usque
1718 4522 1784 4578 ad
1808 4523 2082 4579 decimum

508 4614 786 4673 quartum,
823 4619 884 4662 ut
912 4611 1055 4664 scias
1085 4611 1231 4681 quod
1266 4613 1590 4668 servabatur
1621 4616 1844 4685 quidem
1877 4615 2083 4676 Christi

510 4701 827 4770 mysterium
868 4703 922 4756 in
951 4705 1293 4772 praescientia
1315 4715 1516 4762 sanctae
1547 4707 1852 4773 Trinitatis,
1884 4709 1951 4764 ab
1971 4710 2086 4780 ipsa

510 4791 702 4846 mundi
745 4795 1159 4859 constitutione,
1210 4797 1356 4865 quod
1401 4807 1520 4851 erat
1560 4799 1798 4867 primum
1828 4811 2082 4872 tempus:

507 4883 812 4954 perfectum
835 4894 1015 4939 autem
1062 4887 1167 4940 fuit
1206 4887 1262 4940 in
1289 4889 1502 4956 quinto,
1548 4905 1744 4960 nempe
1783 4892 2000 4955 ultimo,
2035 4902 2092 4947 et

507 4977 850 5034 sacriﬁcatus
888 4977 989 5033 fuit
1025 4979 1093 5034 ad
1134 4995 1444 5049 vesperam,
1489 4983 1728 5037 tenebris
1769 4985 2090 5052 ignorantia:

506 5081 561 5127 et
595 5073 802 5128 erroris
835 5073 890 5125 in
927 5079 1131 5126 terram
1169 5073 1378 5128 etlusis.
1420 5075 1552 5128 Erat
1580 5085 1763 5129 autem
1798 5085 1928 5129 tunc
1961 5076 2087 5130 luna

509 5163 723 5218 decima
755 5173 950 5233 quarta
989 5173 1043 5218 et
1070 5165 1248 5234 plena,
1285 5176 1345 5220 ut
1372 5167 1646 5238 intelligas
1665 5168 1809 5237 quod
1834 5170 2086 5222 tenebra-

511 5269 632 5307 rum
659 5255 912 5325 princeps
941 5255 1190 5310 diabolus
1208 5258 1423 5325 plenam
1449 5259 1638 5312 habuit
1660 5276 1812 5314 suam
1837 5261 2085 5330 gloriam.

509 5344 790 5415 Tanquam
850 5349 977 5403 luna
1019 5350 1166 5403 enim
1231 5353 1443 5419 positus
1485 5360 1570 5406 est
1615 5353 1671 5407 in
1716 5355 2084 5424 principatum

507 5440 702 5502 noctis,
747 5453 803 5494 et
852 5450 1107 5510 tanquam
1161 5443 1523 5499 adulterinum
1567 5447 1857 5515 quamdam
1907 5449 2084 5503 lucem

510 5530 696 5587 mundi
723 5532 1050 5602 sapientiam
1075 5535 1269 5591 indens
1293 5538 1647 5611 deceptorum
1676 5541 1955 5607 cordibus,
1985 5543 2085 5596 sibi

589 5686 623 5716 ⁶’
650 5687 816 5742 Exod.
852 5707 963 5755 xm,
1001 5691 1013 5742 l
1052 5708 1204 5762 ψῃ.

2190 4547 2282 4600 χρι
2321 4526 2401 4589 ιδ’,
2433 4527 2521 4580 ἵνα
2549 4525 2690 4595 γνῷς
2731 4527 2812 4578 ὅτι
2851 4522 3180 4591 ἐφυλάττετο
3220 4521 3320 4590 μὲν
3364 4519 3427 4571 τὸ
3469 4517 3610 4570 κατὰ
3639 4517 3778 4587 Χρι-

2193 4622 2318 4674 στὸν
2354 4619 2650 4690 μυστήριον
2682 4621 2738 4670 ὲν
2762 4614 3066 4686 προγνώσει
3105 4613 3200 4681 τῆς
3238 4612 3400 4679 ἁγίας
3433 4610 3680 4680 Τριάδος,
3717 4607 3780 4673 ἐξ

2193 4714 2363 4783 αὐτῆς
2395 4712 2503 4781 ἄρα
2530 4711 2629 4778 τῆς
2658 4708 2752 4762 τοῦ
2788 4709 2990 4776 κόσμου
3029 4705 3356 4774 καταϐολῆς,
3378 4703 3436 4766 ὃς
3460 4697 3527 4772 ἦν
3561 4705 3588 4755 ὁ
3622 4701 3778 4770 πρῶ-

2193 4823 2284 4868 τος
2329 4802 2534 4872 καιρός.
2581 4799 2868 4870 Ἐτελὲσθη
2916 4798 2972 4851 δὲ
3007 4799 3144 4850 κατὰ
3174 4797 3265 4849 τὸν
3313 4801 3376 4859 ε’,
3408 4795 3528 4865 ἦτοι
3567 4796 3658 4848 τὸν
3691 4811 3776 4846 τε-

2194 4899 2464 4959 λευταῖον,
2505 4895 2598 4947 καὶ
2620 4892 2784 4962 ἐτύθη
2827 4893 2959 4962 πρὸς
2995 4891 3268 4961 ἑσπέραν,
3301 4887 3382 4941 ἐτι
3411 4886 3506 4940 τοῦ
3551 4888 3777 4950 σκότους

2194 4991 2292 5058 τῆς
2336 4988 2557 5054 ἀγνοίας
2615 4986 2710 5039 καὶ
2766 4984 2973 5055 πλάνης
3023 4981 3473 5052 κατακεχυμένθυ
3502 4980 3604 5050 τῆς
3651 4982 3772 5050 γῆς·

2193 5081 2303 5136 Ἦν
2330 5083 2385 5134 δὲ
2437 5085 2470 5153 η
2511 5081 2712 5150 σελήνη
2745 5080 3013 5149 τέσσαρες
3064 5079 3157 5130 καὶ
3205 5075 3406 5145 δεκάτη
3448 5073 3775 5144 τηνικαῦτα,

2194 5178 2287 5229 καὶ
2315 5175 2650 5244 πληροφαής·
2685 5172 2771 5226 ἵνα
2812 5173 3012 5242 νοήσῃς
3052 5170 3124 5232 ὡς
3175 5168 3268 5222 τοῦ
3316 5168 3544 5230 σκότους
3595 5167 3777 5237 ἄρχων

2194 5267 2436 5328 διάϐολος
2471 5267 2649 5334 πλήρη
2683 5264 2779 5332 τὴν
2820 5261 3024 5315 οἰκείαν
3071 5257 3182 5330 εἷχε
3226 5255 3405 5323 δόξαν.
3435 5257 3637 5326 Σελήνη
3671 5257 3776 5324 γὰρ

2197 5363 2275 5418 εἰς
2304 5359 2476 5426 ἀρχὴν
2529 5355 2764 5408 τέθειται
2794 5352 2893 5422 τῆς
2921 5351 3136 5412 νυκτὸς.
3186 5349 3278 5403 καὶ
3319 5349 3512 5418 ὥσπερ
3545 5365 3597 5399 τι
3626 5347 3777 5399 νόθον

2197 5451 2310 5517 φῶς
2334 5451 2429 5519 τὴν
2464 5449 2556 5501 τοῦ
2609 5447 2817 5516 κόσμου
2847 5443 3037 5511 σοφίαν
3093 5446 3212 5504 ταῖς
3259 5440 3365 5493 τῶν
3411 5439 3776 5510 πλανωμένων

2201 5542 2446 5611 καςξῗασς
2506 5539 2756 5604 ἐντιθεὶς,
2824 5537 3204 5606 πληρεστάτην
3252 5534 3430 5603 ἑαυτῷ
3484 5534 3582 5600 τὴν
3623 5531 3776 5594 5457-;

3485 5737 3508 5778 κ

4041 3580 4043 3620 ι

4041 3639 4043 3704 i

4042 4215 4043 4264 ί

4042 4303 4043 4348 1
