4170 6330
587 309 722 368 120⁸1

1794 312 1854 367 S.
1893 309 2170 368 CYRILLI
2202 308 2293 365 ET
2334 308 2642 365 ALIORUM

3715 295 3851 359 1208

585 426 712 481 claui
741 421 1039 496 perfectam
1063 424 1184 496 ejus
1214 425 1605 497 cognitionem,
1631 426 1729 482 sed
1755 435 1924 483 totam
1946 436 2004 483 et
2027 426 2167 482 inte-

2280 424 2345 490 Et,
2385 444 2403 477 ι
2439 426 2549 496 Οὐχ
2582 421 2936 493 ύπολιίψεσθε
2967 423 3063 475 ἀπ’
3090 421 3271 476 αὐτῶν
3297 418 3375 490 τῷ
3411 418 3574 490 πρωΐ·
3597 437 3617 469 ι
3674 436 3852 489 παρα-

587 532 737 589 gram
774 533 896 574 esse
934 518 1278 574 sumendam.
1323 519 1397 576 Os
1441 530 1627 577 autem
1659 537 1770 575 non
1812 520 2169 590 confringetis

584 630 650 667 cx
684 629 774 676 eo,
820 623 1111 685 prepterca
1146 616 1291 685 quod
1338 617 1542 672 mentis
1582 615 1844 671 dentibus
1886 632 1999 671 non
2040 621 2170 670 sunt

583 704 886 760 esculenta:
928 705 1063 760 alba:
1084 712 1141 759 et
1169 707 1400 762 occulta:
1428 708 1547 778 ejus
1587 706 1891 762 divinitatis
1929 705 2170 761 rationes

586 806 814 867 propter
831 812 982 852 suam
1004 797 1286 852 duritiem.
1312 799 1679 870 Confringunt
1695 808 1879 855 autem
1902 808 2168 871 quantum

589 904 643 941 in
673 898 835 945 seest
867 890 1109 945 haeretici
1149 894 1244 960 qui
1278 900 1600 961 pervertunt
1645 901 1795 948 recta
1840 892 2168 948 documenta

588 982 684 1035 Dei
724 981 1074 1051 cognitionis.
1111 982 1243 1048 Qua:
1292 991 1477 1039 autem
1537 1000 1607 1039 ex
1662 1000 1729 1040 eo
1780 986 2169 1055 relinquuntur

587 1087 761 1140 usque
790 1070 857 1126 ad
880 1087 1061 1139 mane,
1084 1074 1243 1145 jubet
1267 1076 1388 1146 igne
1421 1076 1694 1139 comburi,
1722 1076 1851 1132 hinc
1873 1077 2170 1133 ostendens

588 1162 643 1216 in
673 1162 921 1217 futurum
944 1165 1202 1218 saeculum
1234 1164 1474 1219 futuram
1500 1165 1957 1220 illuminationem
1978 1179 2168 1220 earum

586 1270 709 1325 quae
733 1254 802 1310 de
827 1269 894 1310 eo
923 1264 1133 1310 restant
1158 1257 1433 1312 rationum
1465 1256 1532 1311 ad
1563 1256 2001 1329 dignosccndum
2025 1254 2167 1310 ditii-

587 1346 794 1403 cilium.
863 1348 933 1402 Et
991 1348 1304 1404 succinctos
1364 1350 1588 1420 quidem
1651 1365 1772 1405 esse
1832 1348 2053 1404 lumbos
2084 1356 2170 1403 est

586 1438 806 1509 signum
831 1437 1141 1495 ferocitatis
1162 1448 1218 1495 et
1244 1442 1503 1511 juvenilis
1532 1442 1775 1498 audacia:
1818 1449 1874 1497 et
1918 1441 2164 1511 spiritus.

595 1533 944 1605 «Accingere
1006 1534 1177 1595 enim,
1241 1535 1440 1605 inquit,
1496 1545 1755 1606 tanquam
1812 1535 1898 1590 vir
1952 1536 2170 1591 lumbos

589 1635 715 1680 tuos
734 1626 802 1682 ".
831 1645 848 1677 ι
891 1625 959 1681 Et
1008 1643 1204 1682 rursus
1251 1627 1318 1681 de
1364 1629 1621 1697 quopiam
1672 1644 1770 1698 per
1800 1628 2165 1697 prophetam:

596 1736 616 1767 ε
646 1716 717 1774 Et
739 1718 848 1773 erit
872 1719 1085 1789 justitia
1117 1720 1397 1775 accinctus
1424 1719 1642 1774 lumbos
1668 1720 1883 1783 suos“,
1915 1739 1932 1771 ι
1975 1736 2073 1790 pro
2101 1735 2169 1774 eo

2268 515 2420 587 δηλοί
2450 516 2511 570 τὸ
2556 516 2631 587 μὴ
2662 512 3134 586 παραπέμπεσθαι
3187 514 3266 575 εἰς
3314 509 3604 579 ἀναϐολὴν,
3636 509 3736 578 τὴν
3762 528 3852 562 τε-

2269 608 2420 662 λείαν
2471 609 2601 681 ’περῖ¹
2650 606 2813 662 αὐτοῦ
2846 608 3047 677 γνῶσιν
3068 650 3082 672 ,
3120 605 3259 661 ἀλλὰ
3284 603 3466 673 πάσης
3494 602 3849 673 μεταλαμϐά-

2269 717 2382 753 νειν
2418 702 2497 764 είς
2546 700 2857 770 ὁλόκληρον.
2908 698 3129 753 Ὀστοῦν
3162 697 3220 750 δὲ
3245 694 3523 749 ἀπἀὑτοῦ
3544 697 3604 749 ού
3638 696 3853 765 συντρί-

2267 793 2431 863 ψετε,
2461 794 2598 847 διότι
2641 793 2863 865 ἄϐρωτα
2900 795 3014 857 τοῖς
3064 791 3246 845 ὀδοῦσι
3275 788 3370 843 τοῦ
3416 787 3529 854 νοῦ,
3568 790 3621 841 οἱ
3668 789 3855 842 λευκοὶ

2270 890 2365 941 καὶ
2407 892 2783 961 κεκρυμμένοι
2819 889 2917 960 τῆς
2943 888 3195 959 θεότητος
3228 886 3392 940 αὑτοῦ
3431 886 3579 953 λόγοι
3624 883 3714 936 διὰ

2270 981 2481 1034 οἰκείαν
2517 982 2878 1053 στερρότητα.
2912 980 3263 1052 Συντρίϐουσι
3294 978 3349 1031 δὲ
3385 979 3507 1031 ὅσον
3538 977 3602 1029 τὸ
3632 977 3855 1043 ἐφ’ἑαυ-

2267 1075 2403 1137 τοῖς,
2450 1075 2500 1126 οί
2538 1074 2607 1126 τά
2650 1074 2789 1145 ὀρθὰ
2836 1074 3255 1142 διαστρέφοντες
3303 1070 3571 1143 αἱρετικοί
3615 1068 3718 1138 τῆς
3746 1067 3858 1119 θεοο
3916 1104 3919 1105 ν

2269 1166 2508 1235 γνωσίας
2565 1166 2894 1237 διδάγματα.
2957 1167 3040 1220 Τὰ
3085 1167 3142 1220 δὲ
3181 1164 3707 1234 καταλιμπανόμενα
3758 1162 3856 1213 ἀπ’

2269 1258 2435 1311 αὐτοῦ
2479 1259 2585 1323 ἕως
2624 1258 2768 1328 πρωῒ
2804 1261 2936 1330 πυρὶ
2976 1258 3369 1313 κατακαίεσθαι
3400 1255 3634 1315 κελεύει,
3683 1253 3858 1323 δηλῶν

2269 1350 2520 1403 ἐντεῦθεν
2548 1350 2641 1403 τὸν
2672 1351 2752 1413 είς
2783 1350 2876 1402 τὸν
2917 1350 3090 1404 αἰῶνα
3118 1350 3210 1403 τὸν
3257 1348 3517 1419 μέλλοντα
3562 1344 3860 1415 γενησόμε-

2269 1459 2358 1495 νον
2404 1442 2681 1511 φωτισμὸν
2717 1440 2827 1493 τῶν
2856 1440 3386 1512 ὑπολιμπανομὲνων
3414 1441 3543 1511 περὶ
3576 1436 3740 1490 αὐτοῦ
3769 1434 3857 1488 λό-

2270 1549 2383 1601 γων
2406 1533 2811 1601 άδιαγνὼστων.
2845 1534 2955 1586 Καὶ
2969 1532 3029 1585 τὸ
3050 1533 3149 1603 μὲν
3168 1532 3534 1604 περιεζῶσθαι
3554 1530 3649 1600 τὴν
3662 1527 3856 1597 ὀσφὺν,

2270 1625 2603 1695 γοργότητος
2646 1625 2709 1677 ἂν
2742 1625 2826 1695 είη
2862 1624 3134 1701 σύμϐολον
3171 1625 3264 1676 καὶ
3293 1622 3541 1677 νεανικοῦ
3573 1622 3857 1692 φρονήμαο

2270 1735 2379 1780 τος,
2419 1737 2436 1767 ι
2474 1718 2653 1770 Ζῶσαι
2681 1717 2812 1788 γὰρ,
2854 1719 3041 1787 φησιν,
3079 1718 3155 1779 ὡς
3188 1716 3330 1786 ἀνὴρ
3351 1716 3451 1786 τὴν
3480 1714 3652 1782 ὀσφύν
3678 1730 3793 1765 σου.
3832 1730 3851 1762 ι

590 1806 739 1877 quod
764 1817 869 1871 est,
900 1807 1166 1863 terribilis
1200 1817 1255 1862 et
1285 1808 1694 1879 fortisjustitia.
1730 1809 2051 1880 Signiﬁcant
2076 1824 2172 1864 au—

2280 1809 2384 1862 Ka‘t
2414 1808 2574 1861 πάλιν
2610 1809 2740 1879 περί
2780 1826 2924 1871 τινος
2952 1809 3039 1863 διά
3066 1807 3160 1860 τοῦ
3190 1807 3496 1878 προφήτου,
3528 1826 3545 1855 ι
3576 1805 3686 1857 Καὶ
3708 1803 3858 1856 ἔσται

591 1912 702 1955 tem
742 1901 911 1955 calcei
934 1898 1157 1969 quidem
1189 1910 1504 1970 proruptum
1534 1902 1777 1957 animum
1824 1902 1893 1957 ad
1925 1902 2169 1958 eundum

588 2008 699 2063 quo
743 1993 873 2047 velit.
918 1992 1080 2047 Deus.
1131 1993 1275 2049 Dicit
1303 1994 1451 2049 enim
1482 1993 1719 2048 Paulus:
1755 2013 1772 2045 ι
1800 1995 1867 2049 Ει
1896 1994 2172 2049 calceatus

586 2086 758 2156 pedes
804 2085 859 2139 in
905 2086 1308 2155 praeparatione
1357 2087 1641 2157 Evangelii
1682 2088 1832 2157 pacis
1852 2088 1917 2140 ⁸⁸.
1949 2107 1966 2139 ι
2008 2088 2173 2158 Virga

586 2183 772 2229 autem
806 2190 959 2244 spem
988 2191 1113 2245 quae
1137 2191 1238 2231 nos
1268 2176 1425 2230 fulcit
1453 2185 1509 2231 et
1537 2186 1811 2233 sustentat
1834 2178 1900 2233 ad
1934 2179 2174 2233 toleran-

588 2267 741 2320 tiam.
778 2266 1129 2322 Festinanter
1157 2277 1341 2323 autem
1373 2286 1572 2339 agnum
1612 2272 1923 2338 comedere,
1967 2273 2173 2344 signifi-

588 2365 676 2412 cat
696 2358 902 2413 nullam
927 2358 1131 2414 debere
1158 2376 1277 2415 esse
1303 2361 1698 2416 bcbetudincm
1728 2379 1907 2433 neque
1937 2364 2175 2418 dissolu-

589 2450 795 2503 tionem
824 2459 880 2505 et
910 2451 1320 2506 enervationem
1350 2454 1405 2507 in
1434 2453 1802 2510 discernenda
1828 2455 2029 2511 Christi
2054 2473 2171 2525 my-

587 2540 776 2595 sterio.
806 2539 1100 2612 Subjungit
1133 2552 1317 2599 autem
1345 2560 1565 2600 causam
1588 2562 1688 2601 cur
1719 2556 1973 2617 oporteat
1995 2549 2169 2603 videri

590 2632 775 2696 talem,
832 2633 1064 2688 dicens:
1106 2654 1124 2685 ι
1154 2635 1251 2690 Est
1302 2638 1506 2707 pascha
1556 2639 1809 2706 Domino,
1843 2659 1861 2691 ›
1904 2640 2009 2695 hoc
2064 2649 2169 2704 est,

587 2728 862 2780 transitus.
898 2727 1219 2785 Transimus
1236 2731 1385 2784 enim
1431 2746 1461 2785 a
1505 2741 1732 2802 peccato
1778 2733 1843 2788 ad
1889 2735 2169 2788 virtutem.

590 2816 812 2888 Septem
836 2828 1021 2875 autem
1048 2822 1177 2876 totis
1205 2822 1403 2879 diebus
1422 2824 1580 2893 jubet
1608 2824 1678 2879 ali
1710 2826 1948 2895 panibus
1971 2826 2175 2897 azymis

589 2924 685 2963 eos
705 2909 799 2979 qui
825 2926 1043 2966 sacrum
1077 2928 1278 2983 agnum
1304 2912 1618 2968 comedunt.
1654 2912 1885 2984 Oportet
1906 2916 2053 2970 enim
2077 2932 2177 2985 pu-

591 2999 671 3053 ris
716 2999 1029 3070 dogmatum
1092 3002 1470 3068 nutrimentis,
1532 3014 1589 3059 et
1645 3005 1788 3059 vitio
1832 3022 1943 3061 non
1977 3007 2172 3073 mistis,

591 3106 748 3145 suam
776 3092 987 3147 nutrire
1016 3091 1256 3147 animam
1282 3109 1378 3149 eos
1402 3094 1495 3164 qui
1523 3096 1639 3149 veri
1662 3096 1799 3167 Agni
1842 3104 1970 3152 sunt
2008 3098 2176 3167 parti-

591 3184 745 3254 cipes
766 3192 878 3239 toto
898 3187 1098 3241 swculo
1130 3187 1517 3243 hebdomatico
1539 3188 1684 3258 quod
1712 3190 1940 3245 metitur
1965 3190 2179 3245 hebdo-

593 3292 731 3331 mos.
768 3276 1026 3332 Sanctum
1068 3288 1253 3336 autem
1282 3290 1443 3335 vocat
1474 3282 1715 3351 primum
1744 3295 1802 3337 et
1848 3284 2179 3354 septimum;

600 3382 725 3422 nam
750 3376 805 3422 et
836 3378 1086 3423 sanctum
1112 3380 1196 3425 est
1226 3380 1442 3441 tempus
1473 3371 1620 3441 quod
1653 3380 1773 3427 erat
1794 3373 1849 3427 in
1881 3374 2179 3444 principio,

596 3462 652 3515 in
683 3478 793 3532 quo
815 3462 1047 3533 degebat
1076 3465 1247 3519 Adam
1276 3466 1329 3519 in
1358 3466 1635 3536 paradiso,
1688 3473 1745 3521 et
1773 3465 1922 3536 quod
1971 3466 2076 3521 fuit
2123 3466 2179 3520 in

595 3555 877 3618 extremis,
909 3554 1056 3625 quod
1088 3540 1386 3613 adveniens
1404 3558 1660 3613 Christus
1690 3557 2071 3613 sanctificavit.

2272 1898 2581 1969 δικαιοσύνῃ
2614 1898 2921 1970 ἑζωσμένος
2962 1899 3059 1970 τὴν
3090 1899 3261 1966 ὀσφὺν
3294 1897 3484 1961 αὐτοῦ,
3527 1916 3546 1945 ι
3582 1896 3703 1948 ἀντὶ
3742 1893 3856 1955 τοῦ,

2274 1992 2470 2063 γοργὸς
2519 1993 2616 2045 καὶ
2662 1993 2908 2062 ἀνδρεῖος
2950 1994 3008 2045 ἑν
3050 1989 3389 2062 δικαιοσύνῃ.
3434 1988 3767 2058 Σημαίνουσι
3803 1987 3860 2039 δὲ

2273 2085 2343 2139 τὰ
2381 2085 2479 2155 μὲν
2523 2085 2879 2156 ὑποδήματα,
2911 2084 3011 2154 τὴν
3044 2084 3368 2154 ἑτοιμότητα
3399 2083 3497 2153 τῆς
3523 2080 3751 2150 γνώμης
3784 2083 3862 2166 εἰς

2274 2178 2335 2230 τὸ
2374 2174 2612 2247 βαδεζειν
2645 2180 2780 2249 πρὸς
2838 2178 2975 2243 ὅπερ
3013 2176 3079 2230 ἂν
3112 2176 3357 2245 βούλοιτο
3394 2174 3549 2237 Θεός.
3580 2174 3722 2243 Φησὶ
3753 2172 3863 2241 γάρ

2277 2270 2369 2323 καὶ
2388 2268 2619 2331 Παῦλος,
2654 2288 2671 2319 ‹
2696 2269 2805 2321 Καὶ
2836 2268 3243 2339 ὑποδυσάμενος
3272 2268 3400 2331 τοὺς
3434 2267 3601 2328 πόδας
3634 2266 3693 2317 ἑν
3722 2266 3862 2317 ἑτοι-

2279 2362 2452 2430 μασίᾳ
2483 2360 2576 2413 τοῦ
2608 2360 2943 2432 Εὐαγςγελίου
2983 2362 3081 2431 τῆς
3106 2355 3351 2432 εἰρήνης.
3413 2380 3431 2411 ι
3475 2360 3539 2413 Ἦ
3574 2359 3629 2411 δὲ
3671 2355 3864 2427 ῥάϐδος

2276 2453 2372 2523 τὴν
2436 2426 2927 2524 ἁντιστηρίζδυσαν
2971 2456 3119 2527 ἡμᾶς
3162 2455 3395 2514 ἐλπίδα,
3436 2453 3528 2506 καὶ
3566 2451 3864 2520 ἀνέχουσαν

2276 2545 2413 2615 πρὸς
2434 2545 2835 2619 ύτ-.ομονήν.Ἰὸ
2857 2545 2913 2597 δὲ
2940 2545 3076 2616 μετὰ
3098 2545 3333 2614 σπουδῆς
3365 2542 3644 2599 ἐσθίεσθαι
3672 2542 3865 2612 ἀμνὸν,

2274 2634 2335 2687 τὸ
2372 2636 2445 2705 μὴ
2490 2636 2695 2706 νωθρὸν
2728 2636 2804 2707 μὴ
2831 2636 2888 2690 δὲ
2920 2639 3250 2708 παρειμένον
3276 2639 3334 2689 ὲν
3361 2640 3424 2708 τῇ
3454 2635 3746 2702 διαγνώσει
3773 2633 3865 2688 τοῦ

2276 2727 2415 2779 κατὰ
2449 2727 2686 2795 Χριστὸν
2717 2728 3040 2801 μυστηρίου.
3082 2729 3308 2797 Ἐπάγει
3337 2728 3395 2781 δὲ
3424 2729 3519 2781 καὶ
3550 2729 3650 2798 τὴν
3688 2727 3865 2781 αἰτίαν

2275 2819 2367 2872 τοῦ
2395 2820 2504 2872 δεῖν
2532 2820 2761 2890 ὁρᾶσθαι
2791 2820 3053 2885 τοιοῦτον,
3087 2840 3105 2872 ι
3136 2822 3351 2891 Πάσχα,
3385 2820 3584 2888 λέγων,
3616 2821 3733 2873 ἐστὶ
3758 2821 3866 2872 Κυ-

2282 2910 2401 2980 ρίῳ,
2451 2931 2470 2961 ι
2526 2910 2669 2963 τοῦτ’
2712 2910 3309 2982 ἔστιν,διασατήριον.
3354 2913 3718 2982 Διαϐαίνομεν
3771 2911 3867 2982 γάρ

2279 3002 2386 3054 ἀπὸ
2428 3003 2525 3071 τῆς
2578 3002 2849 3073 ἁμαρτίας
2903 3004 2981 3067 είς
3036 3005 3137 3074 τὴν
3196 3005 3421 3076 ἀρετήν.
3486 3005 3599 3074 Ἐφ’
3642 3003 3867 3057 ἑπτὰδὲ

2281 3095 2430 3158 ὅλαις
2481 3097 2719 3168 ἡμέραις
2766 3098 2951 3169 ἄρτοις
3006 3096 3234 3168 ἀζύμοις
3294 3096 3593 3171 τρέφεσθαι
3656 3096 3870 3151 κελεύει

2268 3189 2408 3251 τοὺς
2453 3188 2543 3242 τὸν
2591 3190 2735 3258 ἱερὸν
2767 3190 3039 3257 φαγόντας
3072 3190 3266 3259 ἀμνόν.
3308 3188 3429 3260 Χρὴ
3463 3192 3574 3259 γὰρ
3604 3188 3873 3259 καθαραῖς

2280 3284 2507 3350 τροφαῖς
2559 3282 2873 3350 δογμάτων,
2920 3283 3013 3335 καὶ
3064 3282 3290 3351 ἁμιγὲσι
3334 3281 3709 3351 φαυλότητος,
3740 3282 3874 3334 ιὲιπο⁴

2277 3374 2501 3444 τρέφειν
2539 3376 2640 3443 τὴν
2689 3374 2900 3426 ἑαυτῶν
2948 3374 3126 3444 ψυχὴν
3170 3375 3298 3437 τοὺς
3354 3373 3876 3445 μεταλαμϐάνοντας

2276 3466 2370 3519 τοῦ
2395 3466 2649 3536 ἀληθινοῦ
2691 3465 2907 3537 Ἀμνοῦ,
2933 3485 3007 3519 πα
3016 3465 3062 3537 ρ’
3094 3467 3213 3521 ὅλον
3241 3466 3596 3537 ἑϐδοματικὸν
3626 3466 3718 3520 τὸν
3746 3466 3876 3519 αἰῶ-

2280 3577 2365 3623 να,
2419 3560 2509 3613 τὸν
2552 3560 2639 3613 διὰ
2670 3560 2769 3627 τῆς
2822 3559 3117 3629 ἑϐδομάδος
3150 3560 3541 3631 μετρούμενον.
3589 3559 3780 3628 Ἀγίαν
3816 3557 3877 3611 δὲ

595 3648 697 3719 τὴν
734 3649 957 3720 πρώτην
1030 3653 1123 3705 καὶ
1155 3653 1251 3717 τὴν
1295 3653 1529 3725 ἑϐδόμην
1557 3655 1732 3707 καλεῖ’
1771 3655 1925 3721 ἅγιος
1976 3653 2085 3724 γὰρ
2147 3657 2176 3707 6
2215 3656 2271 3708 ἐν
2303 3658 2444 3727 ἀρχῇ
2508 3672 2568 3709 τε
2615 3656 2826 3726 χρόνος,
2863 3656 2983 3709 καθ’
3043 3656 3101 3709 ὃν
3165 3657 3224 3709 ἐν
3279 3655 3595 3727 παραδείσῳ
3655 3655 3879 3726 διῃτᾶτο

611 3738 799 3810 ’Λδαρη
834 3742 927 3795 καὶ⁸
950 3743 979 3795 6
1005 3743 1092 3796 ἐπ’
1128 3747 1391 3814 ἐσχάτων,
1426 3746 1485 3798 ὃν
1512 3749 1539 3799 6
1561 3746 1797 3817 Χριστὸς
1827 3746 2174 3833 ἐπιδημησας
2211 3748 2455 3818 ἡγίασεν.

721 3855 799 3909 De
829 3854 1112 3923 Paschatc,
1156 3867 1205 3912 et
1236 3859 1561 3923 Pentecoste,
1592 3868 1641 3913 et
1672 3860 1872 3915 ceteris
1912 3860 2076 3930 festis.

672 4069 882 4124 Pascha
913 4069 1137 4140 quidem
1188 4080 1307 4126 erat
1350 4072 1660 4143 symbolum
1714 4073 1907 4128 activae
1940 4072 2186 4143 philoseo

601 4162 764 4233 phire,
795 4172 849 4217 et
875 4179 995 4232 qua:
1023 4164 1357 4219 transmittat
1418 4180 1449 4218 a
1495 4175 1720 4234 peccato
1776 4166 1841 4219 ad
1905 4167 2187 4220 virtutem.

602 4255 927 4312 Pentecoste
980 4265 1167 4309 autem
1212 4265 1333 4310 erat
1364 4267 1523 4326 typus
1553 4258 1823 4312 naturalis
1872 4275 1929 4313 in
1989 4258 2187 4328 spiritu

603 4347 1106 4417 contemplationis,
1125 4350 1237 4404 Deo
1259 4351 1545 4405 offerentis
1565 4361 1821 4421 tanquam
1845 4351 2051 4406 aestatis
2074 4350 2187 4421 pri-

606 4440 789 4495 mitias
814 4441 881 4495 de
908 4441 975 4495 iis
1002 4458 1124 4511 quae
1155 4452 1285 4497 sunt
1308 4444 1427 4514 pias
1458 4445 1769 4515 opiniones.
1799 4446 1968 4499 Tuba:
2006 4453 2189 4500 autem

606 4540 736 4585 sunt
765 4532 1072 4602 symbolum
1106 4533 1357 4588 humanis
1383 4544 1589 4589 natum:
1610 4551 1639 4589 a
1665 4535 1776 4590 Deo
1803 4535 2189 4604 susceptionis,

2284 3865 2422 3932 Περὶ
2455 3865 2561 3919 τοῦ
2596 3863 2834 3932 Πάσχα,
2874 3865 2971 3944 καὶ
3021 3861 3131 3946 τῇς
3158 3863 3594 3943 Ῑζεντεκοστῆς,
3631 3862 3733 3917 καὶ
3754 3863 3879 3913 10t-

2876 3951 3007 3987 πων
3039 3951 3280 4001 coptam

2364 4072 2439 4124 Τὸ
2484 4071 2676 4141 Πάσχα
2720 4073 2818 4142 μὲν
2876 4069 3148 4139 σύμϐολον
3202 4064 3271 4139 ἦν
3320 4066 3633 4137 πρακτικῆς
3675 4065 3883 4134 φιλοσοο

2291 4163 2440 4232 φίας,
2473 4163 2895 4235 διαϐιϐαζούσης
2932 4164 3041 4217 ἀπὸ
3070 4164 3169 4233 τῆς
3198 4163 3475 4233 ἁμαρτίας
3503 4161 3582 4223 εἰς
3614 4158 3711 4231 τὴν
3751 4160 3881 4228 ἀρε-

2297 4258 2418 4327 τήν.
2452 4257 2517 4310 ἸΙ
2567 4257 2914 4328 Πεντηκοστὴ
2958 4258 3014 4309 δὲ
3054 4256 3223 4318 τύπος
3267 4251 3335 4325 ἦν
3366 4254 3468 4324 τῆς
3507 4254 3564 4306 ἑν
3610 4252 3882 4323 πνεύματι

2300 4352 2538 4418 φυσικῆς
2592 4348 2823 4420 θεωρίας
2878 4347 3297 4419 προσφερούσης
3333 4345 3411 4418 τῷ
3462 4344 3581 4415 Θεῷ
3636 4345 3883 4416 καθάπερ

2300 4427 2555 4513 ἀπῷχὶις
2589 4442 2781 4511 θέρους
2816 4440 2915 4503 τὰς
2953 4441 3082 4512 περὶ
3108 4441 3214 4493 τῶν
3239 4440 3407 4493 ὄντων
3427 4438 3674 4501 εὐσεϐεῖς
3704 4438 3879 4504 δόξας.

2298 4534 2365 4589 Δί
2396 4536 2453 4588 δὲ
2496 4536 2814 4604 σάλπιγγες,
2852 4535 3119 4605 σύμϐολον
3136 4534 3235 4604 τῆς
3257 4532 3667 4603 κηρυττομένης
3684 4530 3772 4583 διὰ
3792 4528 3883 4582 τοῦ

610 4639 729 4692 quae
752 4600 1085 4694 praedicatur
1113 4642 1208 4696 per
1243 4627 1417 4696 legem
1450 4634 1504 4681 et
1537 4628 1851 4697 prophetas.
1891 4600 2067 4681 Hilem
2093 4626 2177 4681 aii-

2302 4629 2465 4698 νόμού
2493 4628 2723 4682 καὶτῶν
2767 4627 3059 4698 προφητῶν
3095 4627 3565 4697 ἐνανθρωπήσεως
3600 4623 3695 4676 τοῦ
3729 4621 3884 4676 Θεοῦ.

611 4724 724 4769 tcm
748 4724 831 4771 est
860 4726 1021 4787 typus
1052 4719 1523 4774 reconciliationis
1564 4720 1663 4774 Dei
1693 4735 1819 4777 cum
1853 4720 2195 4785 hominibus,

611 4824 776 4877 quam
810 4809 991 4865 effecit
1015 4810 1111 4865 Dei
1136 4819 1191 4865 et
1222 4810 1530 4867 Servatoris
1569 4812 1771 4867 Christi
1805 4813 2059 4867 humanae
2102 4829 2201 4867 na-

615 4910 753 4955 turae
784 4904 1081 4970 susceptio.
1116 4902 1455 4976 Scenopegia
1489 4916 1672 4960 autem
1716 4912 1835 4961 erat
1880 4906 2199 4976 prarcedens

611 4995 917 5066 descriptio
979 5000 1402 5055 resurrectionis
1470 5000 1641 5055 totius
1706 5000 1899 5055 mundi
1954 5016 1984 5056 a
2050 5016 2199 5055 mor—

613 5087 744 5143 tuis.

1233 5204 1310 5257 Dc
1346 5202 1573 5258 Sabbato

686 5312 807 5367 Non
841 5312 959 5367 dies
992 5316 1183 5369 volens
1233 5316 1493 5370 honorari
1526 5297 1989 5379 -ah'hominibus,
2040 5316 2204 5385 jussit

620 5405 765 5460 Deus
792 5405 1053 5460 honorari
1078 5406 1398 5471 Sabhatum,
1430 5418 1486 5463 et
1513 5407 1633 5461 dies
1672 5422 1826 5461 novae
1857 5408 2001 5461 luna:
2041 5406 2204 5464 et.fe-

620 5506 828 5553 storum
873 5516 886 5550 ι
936 5498 1017 5553 sic
1063 5500 1208 5553 enim
1268 5499 1613 5571 permisisset
1659 5508 1966 5553 creaturam
2016 5500 2199 5553 colere

623 5590 908 5661 plusquam
930 5590 1250 5647 Creatorem
1285 5610 1296 5644 :
1333 5593 1424 5647 sed
1447 5592 1744 5664 symbolice
1767 5607 1864 5662 per
1886 5590 2199 5661 hujusmodi

696 5770 739 5803 δ’
766 5772 864 5825 Job
906 5789 1119 5831 sxum,
1153 5772 1202 5823 .'_i.
1287 5776 1327 5802 ει
1360 5774 1462 5825 isil-
1494 5789 1560 5827 τι,
1597 5773 1627 5821 3

1723 5773 1764 5803 ⁸⁸
1792 5771 1989 5841 Εῑιιιιῖω.

2027 5786 2095 5825 rt.
2137 5769 2218 5821 lii.

2310 4721 2367 4774 '0
2401 4721 2457 4774 δε
2501 4720 2663 4791 Ἱλὲμ,
2700 4718 2867 4785 τύπος
2914 4721 3011 4788 τῆς
3058 4717 3151 4773 τοῦ
3196 4717 3332 4772 Θεοῦ
3377 4716 3515 4787 πρὸς
3567 4712 3886 4785 ἀνθρώπους

2299 4812 2669 4882 καταλλαγῆς,
2700 4812 2833 4883 ἣνή
2874 4811 2969 4866 τοῦ
3015 4811 3151 4866 Θεοῦ
3208 4811 3301 4865 καὶ
3348 4810 3603 4878 Σωτῆρος
3648 4803 3887 4879 Χριστοῦ

2301 4904 2661 4975 κατώρθωσεν
2703 4904 3135 4976 ὲνανθρώπησις.
3172 4904 3236 4956 Ἠ
3271 4902 3327 4956 δὲ
3363 4899 3723 4971 Σκηνοπηγία
3756 4915 3889 4970 προ-

2302 4998 2569 5068 χάραγμα
2624 4992 2692 5067 ἦν
2722 5000 2837 5069 ,τῆς
2891 4995 3234 5066 παγκοσμίου
3284 4997 3349 5048 ἐκ
3405 4992 3617 5064 νεκρῶν
3654 4990 3889 5045 ἀναστά-

2306 5108 2463 5154 σεως.

2778 5201 2918 5269 Περὶ
2957 5200 3061 5253 τοῦ
3102 5196 3429 5252 Σαϐϐάτοιγ.

2378 5316 2454 5369 Οὐ
2505 5316 2603 5379 τὰς
2649 5312 2862 5385 ἡμέρας
2899 5311 3163 5381 τιμᾶσθαι
3202 5308 3528 5379 βουλόμενος
3558 5310 3585 5360 6
3627 5306 3763 5368 Θεὸς
3791 5302 3895 5356 ὑπὸ

2306 5405 2413 5459 τῶν
2452 5404 2755 5478 ἀνθρώπων
2778 5444 2790 5466 ,
2835 5401 3136 5475 προσέταξε
3176 5400 3440 5472 τιμᾶσθαι
3471 5400 3535 5453 τὸ
3580 5398 3895 5460 Σάϐϐατον,

2278 5533 2290 5547 .
2310 5496 2403 5549 καὶ
2430 5497 2526 5560 τὰς
2548 5497 2763 5567 ἡμέρας
2785 5495 2892 5547 τῶν
2909 5492 3208 5563 νεομηνιῶν
3236 5492 3328 5544 καὶ
3362 5492 3469 5544 τῶν
3503 5489 3729 5561 ἑορτῶν·
3756 5488 3897 5541 οὕτω

2311 5588 2419 5662 γάρ
2461 5588 2521 5642 ἂν
2552 5589 2818 5659 ἐπέτρεπε
2855 5584 3137 5657 λατρεύειν
3162 5587 3229 5655 τῇ
3260 5584 3434 5640 κτίσει
3466 5583 3616 5656 παρὰ
3644 5582 3739 5635 τὸν
3776 5581 3894 5635 κτί-
