4098 6344
295 388 433 448 ιεοθ

1692 374 2099 433 υυιιευτιιδ
2110 378 2215 434 ΕΑ.

3433 374 3579 432 ιιιιο

294 524 483 565 σαντα’
530 506 667 562 ἀλλά
699 504 1044 576 συμϐολικῶς
1089 504 1177 558 διὰ
1205 504 1311 557 τῶν
1340 502 1599 556 τοιούτων
1645 500 1865 571 ἡμερῶν

1980 500 2103 557 dies
2128 503 2323 558 statuit
2345 511 2407 557 ut
2433 502 2552 574 ipse
2583 502 2971 557 honoraretur.
3003 500 3122 569 Ipse
3143 497 3291 552 enim
3322 504 3408 551 est
3439 495 3582 551 Sab-

293 602 484 657 ἐαυτὸν
512 597 774 670 τιμᾶσθαι
806 597 1217 669 ἐνομοτέθησεν.
1257 595 1428 659 Αὐτὸς
1458 597 1569 669 γάρ
1602 596 1717 647 ἐστι
1739 594 1878 646 Σαϐ-

292 696 619 748 6ατον.......
666 691 775 744 τῶν
806 692 861 744 ὲν
908 690 1119 761 σώματι
1151 688 1365 762 μόχθων
1399 689 1497 759 τῆς
1527 687 1707 757 ψυχῆς
1747 686 1878 741 ἀνά-

292 801 511 846 παυσις,
538 783 633 836 καὶ
670 782 777 834 τῶν
816 782 955 836 κατά
990 781 1338 852 δικαιοσύνην
1377 782 1553 834 πόνων
1591 780 1874 833 κατάπαυ-

292 894 397 942 σις.
429 876 705 945 Νεομηνία
751 875 842 938 δὲ,
889 874 962 938 ὡς
1005 873 1147 945 ἀρχὴ
1188 875 1285 943 τῆς
1345 872 1567 942 πρώτης
1607 874 1877 940 κινήσεως

287 969 397 1023 τῶν
439 968 671 1040 ἀρετῶν.
704 968 842 1039 Παρ¹
883 966 1045 1019 αὑτοῦ
1084 965 1192 1036 γὰρ
1237 965 1433 1035 ἔχομεν
1468 963 1540 1016 τὰ
1583 964 1877 1033 σπέρματα

284 1064 513 1124 τούτων,
558 1066 623 1133 τῇ
664 1060 785 1115 καθ’
846 1062 994 1130 ἡμᾶς
1054 1058 1215 1128 φύσει
1284 1056 1870 1126 συγκαταὸεὸλημὲνα.

300 1150 452 1205 Ἐπεὶ
488 1150 545 1203 δὲ
586 1149 878 1221 διαφόρους
910 1146 1015 1201 οἶδε
1054 1147 1154 1211 τάς
1185 1148 1377 1216 ἑορτὰς
1410 1149 1438 1201 ὁ
1481 1147 1663 1215 νόμος,
1712 1146 1875 1209 αὐτὸς

284 1244 449 1298 πάλιν
483 1243 510 1296 ὁ
551 1242 682 1307 Θεός
711 1245 826 1295 ἐστι
867 1242 1058 1311 Πάσχα
1094 1241 1213 1311 μὲν,
1257 1240 1331 1303 ὼς
1357 1238 1727 1310 ἐλευθερωτής
1767 1237 1872 1290 τῶν

282 1336 347 1405 τῇ
387 1335 561 1405 πικρᾷ
594 1332 807 1403 δουλείᾳ
839 1334 936 1400 τῆς
967 1331 1244 1401 ἁμαρτίας
1282 1330 1734 1401 κεκρατημένων,
1778 1329 1875 1381 καὶ

281 1425 532 1488 διάϐασις
567 1425 675 1478 ἀπὸ
708 1423 982 1494 ἁμαρτίας
1015 1424 1098 1486 είς
1126 1422 1344 1492 ἀρετὴν,
1378 1423 1471 1473 καὶ
1500 1421 1610 1473 ἀπὸ
1646 1421 1873 1483 σκότους

282 1520 364 1579 είς
409 1519 545 1586 φῶς.
581 1516 953 1587 Πεντηκοστὴ,
986 1514 1061 1577 ὡς
1108 1514 1331 1584 ἀπαρχὴ
1378 1514 1572 1584 θέρους
1601 1512 1680 1583 τῷ
1726 1512 1870 1583 Θεῷ⁹

280 1609 704 1681 προσεφέροντο.
757 1607 927 1677 Θέρος
959 1608 1016 1660 δὲ
1051 1609 1315 1677 μυστικὸν
1360 1608 1410 1659 οἱ
1459 1606 1869 1677 γεωργούμενοι

278 1702 367 1757 διὰ
414 1702 515 1773 τῆς
559 1700 653 1754 τοῦ
698 1699 951 1770 Σωτῆρος
992 1699 1490 1770 ὲνανθρωπήσεως,
1538 1691 1614 1751 ὧν
1642 1696 1867 1768 ἀπαρχὴ

277 1793 442 1856 αὐτὸς
482 1793 623 1846 κατά
653 1792 714 1845 τὸ
743 1789 1083 1860 ἀνθρώπινον
1108 1790 1455 1861 προσηνέχθη
1482 1790 1572 1844 δια
1601 1788 1698 1843 τοῦ
1733 1790 1868 1854 ζωο-

278 1885 437 1939 ποιοῢ
480 1885 711 1939 θανάτου
742 1884 926 1938 αὐτοῦ.
997 1884 1153 1938 Ἐπεὶ
1201 1883 1258 1936 δὲ
1306 1884 1401 1936 καὶ
1452 1883 1770 1951 σαλπίγγων
1798 1878 1866 1952 ἦν

278 1978 462 2050 ἑορτὴ,
502 1978 596 2031 καὶ
649 1976 881 2048 ἱλασμοῦ
916 1977 1012 2031 καὶ
1047 1978 1446 2046 σκηνοπηγίας,
1502 1978 1665 2039 αὐτὸς
1712 1973 1866 2040 αὖθίς

277 2072 393 2123 ἐστι
423 2067 661 2137 σάλπιγξ
714 2070 834 2138 μὲν,
882 2068 957 2130 ὡς
1004 2068 1213 2138 ὲνηχῶν
1252 2071 1385 2137 ἡμῖν
1418 2068 1517 2129 τὰς
1549 2067 1697 2130 θείας
1728 2066 1869 2135 γνώ-

278 2177 392 2222 σεις
422 2161 517 2213 καὶ
563 2160 663 2221 τὰς
704 2159 813 2211 τῶν
861 2158 1176 2228 μυστηρίων
1206 2158 1599 2226 ἀποκαλύψεις·
1640 2159 1866 2229 ἱλασμὸς

273 2253 353 2317 δὲ,
397 2253 473 2315 ὡς
518 2253 810 2323 γενόμενος
842 2251 983 2322 ὑπὲρ
1019 2251 1178 2321 ἡμῶν
1222 2252 1543 2321 ἄνθρωπος,
1580 2252 1668 2305 ἵνα
1710 2254 1866 2323 ἡμᾶς

272 2346 340 2398 δι’
373 2344 568 2399 ἑαυτοῦ
604 2344 912 2416 κατοιλλάξη
945 2345 1022 2415 τῷ
1067 2343 1260 2415 Ιιατρί.
1297 2346 1651 2414 Σκηνοπηγία
1696 2346 1752 2398 δὲ
1791 2347 1866 2408 ὡς

273 2439 443 2509 πῆξις
479 2439 573 2493 τοῦ
608 2439 960 2508 διαλυομένου
1008 2440 1238 2509 σκήνους
1295 2438 1481 2509 ἡμῶνο
1538 2437 1701 2502 αὐτὸς
1758 2438 1865 2510 γὰρ

272 2531 444 2593 ὅντως
495 2533 528 2602 ἡ
572 2531 686 2603 ζωὴ
745 2534 837 2585 καὶ
874 2530 1149 2585 ἀθανασία
1183 2531 1289 2583 τῶν
1346 2530 1561 2600 θνητῶν
1593 2531 1863 2602 σωμάτων

271 2624 452 2694 ipim

344 2807 515 2876 θέρος
553 2809 671 2861 ἐστὶ
711 2808 972 2878 μυστικὸν
1012 2810 1044 2877 ἡ
1089 2806 1196 2860 τῶν
1233 2806 1376 2859 κατά
1416 2806 1514 2878 τὴν
1547 2806 1864 2878 πρακτικὴν

271 2900 599 2969 φιλοσοφίαν
640 2902 735 2954 καὶ
777 2903 876 2970 τὴν
914 2898 1152 2969 φυσικὴν
1198 2898 1434 2966 θεωρίαν
1469 2915 1861 2968 πνευματικῶ-

269 2994 451 3067 τέρων
481 2990 658 3061 λόγων
706 2992 941 3063 συλλογὴ
969 2992 1062 3046 καὶ
1093 2992 1416 3053 ἀπόλαυσις.
1455 2991 1625 3059 Θέρος
1668 2991 1861 3060 θέρους

270 3086 421 3155 ἔστὶν
448 3086 480 3154 ἡ
512 3085 655 3154 μετά
689 3084 785 3155 τὴν
818 3085 929 3137 τῶν
967 3084 1177 3155 νοητῶν
1213 3085 1448 3156 Θεωρίαν
1499 3082 1735 3155 συλλογὴ
1766 3084 1864 3135 καὶ

272 3173 569 3244 συναγωγὴ
604 3174 698 3227 τοῦ
743 3173 837 3227 νοῦ
878 3175 1015 3244 πρὸς
1043 3174 1133 3227 τὸν
1164 3172 1321 3238 Θεὸν,
1376 3174 1727 3245 θεριζομένου
1763 3172 1862 3244 μὲν

267 3268 338 3337 τῇ
367 3266 746 3336 ἀπώιαιρέσει
774 3268 883 3319 τῶν
912 3267 1086 3320 ἄλλων
1126 3267 1345 3320 πάντων
1385 3268 1486 3321 ὅσα
1522 3266 1662 3336 μετά
1693 3266 1825 3319 Θεόν
1846 3282 1859 3296 ’

268 3359 726 3431 προσφερομένου
758 3358 815 3411 δὲ
846 3360 993 3429 μόνῳ
1023 3359 1101 3431 τῷ
1118 3359 1255 3431 Θεῷ,
1285 3359 1365 3429 τῷ
1401 3360 1537 3431 πρὶς
1573 3360 1732 3431 μόνον
1761 3360 1860 3414 αὖ.

269 3451 363 3504 τὸν
398 3449 663 3521 διηνεκῶς
695 3449 1099 3503 ἀνατείνεσθαι.

806 3653 946 3721 Περὶ
981 3653 1266 3723 περιτίεμῆ
1276 3676 1325 3719 ς.

343 3767 580 3821 Φυσικὸν
639 3769 672 3838 ἡ
727 3768 1089 3839 ἀκροϐυστία.
1138 3768 1268 3821 Πᾶν
1307 3767 1364 3819 δὲ
1425 3768 1655 3835 φυσικὸν
1711 3768 1864 3831 θείας

269 3859 435 3928 ἔργον
466 3858 832 3929 δημιουργίας
880 3860 1023 3922 ἐστὶ,
1072 3861 1168 3914 καὶ
1198 3860 1288 3913 διὰ
1330 3858 1494 3913 τοῦτο
1526 3860 1646 3912 λίαν
1675 3860 1861 3914 καλόν.

276 3974 295 4004 ι
341 3954 450 4006 Καὶ
499 3947 605 4004 εἶδε
637 3952 765 4022 γὰρ,
815 3953 1002 4023 φησὶν,
1046 3955 1074 4007 ὁ
1100 3954 1234 4017 Θεὸς
1270 3954 1447 4007 πάντα
1477 3957 1577 4008 ὅσα
1614 3954 1863 4025 ἐποίησε,

269 4045 368 4098 καὶ
405 4043 512 4097 ἰδοὺ
546 4042 689 4096 καλὰ
715 4044 855 4097 λίαν.
901 4063 919 4095 ι
953 4045 1165 4098 Οὐκοῦν
1195 4045 1224 4096 ὁ
1252 4048 1363 4109 τοῖς
1402 4046 1696 4117 συμϐόλοις
1737 4048 1859 4100 ἐπι-

270 4137 489 4191 ϐάλλων
512 4135 606 4188 τοῦ
632 4136 818 4205 νόμου.
855 4136 1126 4205 γνώσεται
1158 4138 1377 4197 πάντως
1394 4138 1469 4202 ὡς
1494 4138 1556 4191 οὐ
1586 4139 1683 4209 τὴν
1704 4138 1865 4207 φύσιν

267 4236 299 4286 ὁ
332 4231 466 4294 Θεὸς
499 4229 637 4301 μετὰ
674 4228 944 4293 τοσαύτας
980 4230 1175 4299 γενεὰς
1219 4230 1629 4303 διορθούμενος,
1670 4233 1860 4300 ἐνομο-

270 4326 471 4395 θέτησε
499 4323 930 4395 περιτέμνεσθαι
958 4326 1057 4393 τὴν
1079 4325 1471 4397 ἀκροϐυστίαν,
1491 4326 1567 4389 ὼς
1591 4324 1864 4396 βλαϐερὰν

268 4418 305 4489 ἢ
339 4419 652 4489 ἀκάθαρτον
676 4435 687 4447 ·
722 4418 858 4470 ἀλλά
891 4418 979 4471 διὰ
1010 4420 1109 4489 τῆς
1140 4418 1403 4488 τοιαύτης
1446 4418 1756 4488 περιτομῆς
1788 4417 1864 4481 ὼς

271 4510 547 4581 συμϐόλου
589 4509 688 4580 τὴν
741 4509 966 4582 ἐμπαθῆ
1025 4512 1126 4581 τῆς
1165 4511 1345 4582 ψυχῆς
1392 4512 1646 4565 ἐκέλευσε
1704 4529 1860 4581 περι-

1985 594 2195 661 batum,
2231 597 2284 651 id
2318 607 2405 651 est
2439 596 2663 666 requies
2694 594 2947 649 laborum
2973 591 3169 647 animae
3191 590 3286 660 qui
3313 588 3495 652 erant,
3523 594 3585 645 et

1981 684 2142 754 quies
2171 700 2237 739 ac
2258 684 2478 741 feriatio
2510 700 2541 749 a
2566 678 2972 753 laboribuquui’
2997 681 3136 735 tiunt
3162 697 3259 750 per
3283 679 3576 749 justitiam.

1983 777 2134 832 Nova
2158 778 2290 833 luna
2320 787 2504 833 autem
2561 785 2645 832 est
2704 786 2965 846 tauquam
3018 773 3353 845 principium
3412 771 3576 841 primi

1982 877 2168 923 motus
2198 868 2489 922 virtutum.
2518 866 2601 922 Ah
2645 867 2765 936 ipso
2788 866 2937 920 enim
2969 864 3239 919 habemus
3272 877 3462 918 earum
3494 878 3581 917 sc-

1980 958 2128 1012 mina
2161 958 2215 1013 in
2246 967 2492 1014 nostram
2520 958 2733 1028 dejecta
2773 958 3049 1010 naturam.
3086 954 3355 1021 Quoniam
3392 960 3577 1019 autem

1978 1050 2067 1105 lex
2096 1052 2252 1105 novit
2285 1051 2505 1106 diversa
2535 1050 2695 1113 festa,
2723 1048 2840 1118 ipse
2868 1062 3061 1101 rursus
3085 1047 3231 1101 Deus
3258 1054 3344 1101 est
3368 1044 3573 1100 Pascha

1977 1142 2223 1210 quidem,
2261 1152 2322 1196 ut
2359 1142 2625 1197 liberator
2677 1154 2874 1195 eorum
2936 1152 3077 1207 quos
3126 1138 3337 1193 detinet
3384 1152 3575 1192 amara

1977 1233 2217 1288 servitus
2242 1233 2527 1299 vitiorum,
2563 1241 2621 1287 et
2646 1230 2911 1284 transitus
2932 1245 2961 1284 a
2990 1226 3127 1283 vitio
3173 1230 3239 1283 ad
3283 1228 3574 1291 virtutem,

1975 1334 2031 1379 et
2064 1340 2095 1378 a
2123 1324 2368 1379 tenebris
2391 1325 2461 1379 ad
2487 1325 2689 1381 lucem.
2721 1329 3045 1383 Pentecoste
3068 1334 3155 1381 est
3177 1334 3435 1392 tauquam
3462 1319 3562 1390 pri-

1976 1419 2146 1473 mitiae
2164 1420 2371 1474 :estatis
2394 1420 2505 1474 Deo
2529 1428 2585 1475 et
2616 1421 2764 1475 Patri
2794 1422 3011 1477 oblatze.
3047 1421 3183 1475 Nam
3245 1419 3302 1471 in
3362 1416 3571 1471 Pente-

1974 1519 2124 1566 coste
2153 1512 2264 1566 Deo
2297 1512 2677 1567 offerebantur
2709 1514 2969 1583 primitia:
3000 1514 3227 1569 aestatis.
3263 1509 3448 1565 Aistas
3470 1524 3569 1563 au-

1975 1614 2083 1660 tem
2106 1608 2335 1678 mystica
2365 1615 2494 1661 sunt
2517 1608 2553 1661 ii
2582 1609 2677 1677 qui
2708 1609 2967 1664 coluntur
2991 1624 3091 1679 per
3121 1607 3376 1661 humana:
3402 1610 3565 1657 natu-

1972 1714 2047 1753 ra:
2097 1715 2127 1753 a
2179 1700 2473 1754 Serratore
2536 1701 2969 1772 susceptionem.
3004 1701 3251 1767 Quorum
3310 1694 3569 1768 primitias

1972 1791 2109 1861 ipse,
2136 1792 2284 1862 quod
2308 1794 2508 1848 attinet
2534 1792 2600 1848 ad
2640 1794 3067 1857 humanitatem,
3108 1792 3328 1847 oblatus
3359 1798 3445 1844 est
3468 1803 3568 1858 per

1971 1885 2245 1940 viviﬁcam
2271 1901 2426 1940 suam
2458 1898 2715 1943 mortem.
2743 1886 3013 1953 Quoniam
3042 1894 3228 1940 autem
3253 1892 3375 1939 erat
3397 1881 3568 1942 etiam

1968 1974 2171 2029 festum
2200 1976 2478 2043 tubarum,
2527 1987 2584 2033 et
2614 1962 3049 2049 propitiationis,
3097 1987 3154 2032 et
3200 1974 3564 2045 scenopegiae,

1970 2065 2088 2135 ipse
2118 2083 2312 2121 rursus
2338 2079 2423 2123 cst
2449 2070 2674 2139 quidem
2706 2072 2858 2136 tuba,
2895 2080 2956 2125 ut
2992 2071 3089 2140 qui
3131 2070 3185 2123 iu
3212 2068 3372 2122 nobis
3402 2066 3569 2121 faciat

1970 2174 2232 2213 resonare
2266 2160 2482 2214 divinas
2516 2162 2764 2225 notitias,
2813 2172 2871 2217 et
2915 2164 3307 2233 mysteriorum
3354 2159 3536 2214 revela

1969 2251 2167 2305 tiones.
2201 2252 2530 2322 Propitiatio
2554 2264 2763 2319 autem,
2799 2265 2860 2309 ut
2892 2256 2987 2324 qui
3036 2270 3136 2324 pro
3183 2253 3345 2307 nobis
3392 2252 3571 2305 factus

1967 2343 2039 2397 sit
2070 2343 2255 2407 homo,
2285 2353 2344 2399 ut
2367 2360 2468 2399 nos
2497 2362 2599 2415 per
2634 2362 2692 2400 sc
2724 2347 3109 2401 reconciliaret
3138 2345 3307 2400 Patri.
3358 2342 3571 2399 Sceno-

1967 2439 2124 2504 pegia
2152 2444 2359 2500 autem,
2396 2436 2450 2491 id
2485 2446 2570 2492 est
2596 2438 3084 2493 tabernaculorum
3119 2437 3268 2499 ﬁxio,
3296 2444 3355 2490 ut
3377 2435 3472 2505 qui
3497 2433 3571 2490 sit

1968 2529 2097 2582 tixio
2127 2530 2467 2585 tabernaculi
2517 2530 2667 2601 quod
2717 2532 3059 2587 dissolvitur.
3095 2531 3215 2600 Ipse
3249 2530 3397 2584 enim
3434 2543 3569 2585 vere

1966 2632 2054 2675 est
2084 2621 2195 2675 vita
2221 2630 2277 2676 et
2304 2622 2695 2678 immortalitas
2731 2630 3055 2678 nostrorum
3091 2622 3408 2677 mortalium
3440 2635 3568 2675 cor-

1966 2726 2186 2781 porum.

2038 2801 2221 2858 Aistas
2270 2805 2502 2875 mystica
2554 2815 2640 2860 est
2687 2807 2945 2862 collectio
2974 2818 3032 2862 et
3060 2796 3254 2861 fruitio
3289 2805 3571 2860 rationum

1966 2894 2338 2964 spiritualium
2367 2913 2490 2967 quae
2510 2906 2641 2952 sunt
2664 2900 2721 2953 in
2747 2900 2924 2953 activa
2953 2900 3305 2970 philosophia
3325 2908 3382 2954 et
3404 2910 3537 2953 natu

1967 2988 2067 3041 rali
2096 2990 2587 3060 contemplatione.
2625 2992 2816 3047 Messis
2844 3001 2948 3071 est,
2991 3010 3115 3063 qua:
3161 3002 3283 3063 post
3317 3003 3571 3048 contem-

1966 3080 2268 3150 plationem
2311 3099 2509 3139 eorum
2560 3102 2685 3156 quae
2728 3087 2936 3140 cadunt
2984 3086 3088 3141 sub
3125 3086 3567 3157 intelligentiam,

1966 3174 2187 3229 exsistit
2223 3176 2425 3231 mentis
2474 3176 2543 3231 ad
2590 3178 2765 3233 Deum
2810 3177 3067 3234 collectio
3102 3186 3157 3234 et
3193 3177 3569 3249 congregatio,

1965 3281 2089 3335 quae
2128 3268 2357 3323 metitur
2379 3269 2605 3338 quidem
2638 3285 2739 3340 per
2767 3269 3101 3325 divisionem
3133 3270 3201 3325 ab
3238 3270 3363 3324 aliis
3386 3270 3571 3324 omni-

1964 3358 2090 3424 bus,
2144 3375 2490 3430 qumcunque
2538 3370 2669 3415 sunt
2715 3369 2840 3432 post
2869 3362 3075 3429 Deum;
3113 3362 3215 3416 soli
3243 3370 3426 3416 autem
3458 3362 3572 3417 Deo

1965 3451 2223 3519 oll‘ertur,
2265 3468 2333 3508 eo
2368 3454 2518 3524 quod
2560 3454 2631 3508 ad
2674 3470 2804 3510 eum
2846 3455 3029 3511 solum
3071 3463 3347 3524 perpetuo
3382 3453 3571 3509 inten-

1965 3545 2152 3601 datur.

2496 3661 2577 3715 De
2617 3662 3040 3716 circumcisione.

2038 3775 2375 3846 Praeputium
2408 3784 2494 3831 est
2521 3776 2793 3831 naturale.
2818 3775 3100 3845 Quidquid
3144 3782 3329 3829 autem
3360 3782 3443 3829 est
3467 3788 3571 3827 na-

1966 3868 2166 3931 turale,
2193 3875 2279 3923 est
2303 3884 2444 3938 opus
2482 3868 2685 3923 divina:
2709 3868 3009 3923 creationis
3033 3884 3098 3923 ac
3120 3866 3348 3937 opilicii.
3368 3874 3424 3920 et
3447 3864 3572 3921 ideo

1965 3969 2050 4015 est
2078 3962 2235 4017 valde
2263 3960 2494 4015 bonum.
2538 3981 2555 4011 ι
2589 3962 2742 4016 Vidit
2776 3961 2948 4025 enim,
2981 3960 3185 4031 inquit,
3213 3961 3360 4015 Deus
3384 3957 3572 4014 omnia

1966 4069 2089 4123 quae
2113 4054 2265 4119 fecit,
2302 4063 2357 4110 et
2385 4068 2515 4110 ecce
2540 4054 2685 4108 bona
2708 4055 2869 4109 valde
2891 4055 2956 4108 “.
2992 4074 3009 4106 ι
3050 4053 3155 4121 Qui
3186 4069 3318 4125 ergo
3349 4053 3571 4125 symbo-

1963 4145 2035 4201 lis
2073 4146 2211 4218 legis
2233 4147 2479 4201 animum
2510 4146 2759 4211 adhibet,
2799 4148 2905 4201 scit
2956 4147 3210 4211 omnino,
3259 4146 3408 4216 quod
3458 4162 3573 4202 non

1966 4244 2221 4290 naturam
2250 4237 2398 4291 Deus
2421 4238 2729 4307 corrigens,
2770 4248 2893 4306 post
2923 4245 3003 4292 tot
3045 4238 3431 4308 generationes
3457 4246 3571 4291 sta-

1967 4328 2417 4383 tuitcircumcidi
2468 4330 2827 4399 praeputium,
2887 4339 3148 4399 tanquam
3209 4330 3435 4385 noxium
3478 4339 3575 4385 aut

1966 4416 2346 4489 immundum‘;
2372 4422 2469 4476 sed
2495 4438 2594 4492 per
2616 4422 2759 4477 hanc
2780 4422 3266 4477 circumeisionem
3310 4431 3571 4491 tanquam

1966 4529 2066 4583 per
2109 4515 2441 4584 symbolum,
2477 4516 2647 4586 jussit
2686 4515 3011 4571 circumcidi
3045 4516 3331 4586 patibilem
3375 4515 3574 4570 animae

268 4602 570 4672 τέμνεσθαι
609 4602 871 4657 διάθεσιν.
902 4581 1013 4655 κει
1064 4604 1188 4657 ἐπεὶ
1214 4606 1247 4673 ἡ
1279 4605 1619 4675 ἀκροϐυστία
1649 4604 1862 4674 ﬂown-

1969 4581 2337 4663 affectionem.
2363 4608 2431 4664 Et
2452 4581 2713 4679 quoniam
2743 4581 3075 4679 pragputium
3105 4618 3192 4665 est
3216 4608 3574 4678 superﬂuitas

270 4690 373 4746 κού
408 4692 599 4761 μορίου
656 4692 775 4744 ἐστὶ
834 4691 1183 4762 περίττωμα,
1231 4692 1329 4763 τὴν
1375 4692 1636 4764 περιττὴν
1666 4693 1862 4761 ἡδονὴν

270 4784 635 4838 ἀποτίθεσθαι
705 4784 1046 4856 προσέταξεο
1099 4786 1333 4857 περιττὴ
1385 4786 1442 4839 δὲ
1497 4785 1661 4857 ἡδονὴ
1713 4788 1863 4839 πᾶσα

270 4875 543 4946 ἁμαρτία.
580 4874 785 4929 Λοιπὸν
826 4870 919 4928 οὖν
967 4875 995 4926 ὁ
1037 4875 1137 4946 μὲν
1171 4875 1271 4945 τὴν
1327 4875 1607 4947 ἁμαρτίαν
1654 4875 1859 4947 φέρων,

272 4967 616 5039 ἀκρόδυστός
649 4970 819 5030 ἐστιν,
856 4971 907 5022 εί
944 4970 1037 5022 καὶ
1070 4968 1458 5040 περιτέμνεται
1494 4972 1824 5041 σωματικῶς
1847 4987 1859 4999 ο

271 5061 303 5113 ὁ
338 5059 394 5113 δὲ
444 5061 653 5131 ταύτην
697 5059 1060 5131 ἀποθέμενος,
1095 5063 1572 5132 περιτετμημένος
1597 5064 1769 5127 ἐστὶν,
1813 5065 1860 5115 εἰ

273 5154 371 5207 καὶ
408 5154 469 5208 τὸ
503 5154 662 5225 σῶμα
696 5153 851 5226 φέρει
878 5155 1243 5226 ἀκρόδυστον.

270 5289 565 5359 Περιτομή
594 5290 730 5344 ἐστι
761 5290 1054 5361 μυστικὴ.
1080 5291 1363 5358 ἑκούσιος
1403 5292 1610 5347 παθῶν
1637 5293 1862 5362 περιαί-

955 5378 1152 5430 psam.

350 5491 633 5564 Περιτομὴ
667 5494 974 5565 περιτομῆς
1006 5496 1153 5548 ἐστιν
1185 5498 1217 5567 ἡ
1254 5497 1351 5550 καὶ
1379 5497 1562 5550 αὐτῶν
1594 5498 1701 5551 τῶν
1738 5516 1839 5552 κιτ

269 5583 525 5652 αἴσθησιν
558 5585 654 5638 καὶ
696 5585 845 5650 νοῦν,
896 5587 1026 5659 περὶ
1068 5588 1136 5642 τά
1168 5588 1405 5660 αἰσθητά
1436 5592 1530 5644 καὶ
1561 5592 1729 5661 νοητά
1763 5611 1863 5662 φυ-

275 5673 449 5726 σικῶν
477 5676 776 5746 ἐνεργειῶν
809 5678 1072 5745 ἀπόθεσις
1104 5682 1364 5753 γινομένη
1402 5682 1491 5736 διά
1519 5682 1617 5753 τῆς
1640 5688 1860 5755 ξπαρου-

340 5832 387 5865 ⁸⁸
420 5834 558 5890 (ἴση.
584 5851 623 5900 ι,
653 5835 740 5891 5i.

1960 4701 2245 4770 particula:
2289 4718 2413 4771 quae
2460 4702 2746 4773 voluptate
2781 4703 2968 4768 allicit,
3011 4704 3181 4774 jussit
3228 4700 3568 4771 superﬂuam

1961 4793 2164 4862 deponi
2198 4794 2565 4863 voluptatem.
2628 4793 2920 4865 Supcrllua
2969 4804 3155 4849 autem
3188 4794 3442 4862 voluptas
3488 4802 3574 4847 est

1962 4899 2126 4939 oume
2150 4892 2461 4952 peccatum.
2512 4884 2705 4938 Restat
2751 4901 2884 4956 ergo
2930 4893 2990 4939 ut
3037 4884 3131 4955 qui
3186 4882 3292 4937 fert
3343 4881 3570 4952 quidem

1962 4984 2273 5047 peccatum,
2307 4976 2887 5045 habeatprmputivm,
2935 4976 3153 5031 etiamsi
3201 4973 3571 5030 circumcida-

1970 5079 2062 5124 tur
2093 5070 2491 5138 corporaliter;
2525 5068 2621 5138 qui
2675 5079 2859 5124 autem
2916 5069 2969 5124 id
3022 5066 3303 5139 deposuit,
3346 5076 3431 5121 est
3459 5066 3572 5121 eir—

1969 5159 2269 5223 cumcisus,
2306 5146 2521 5214 etiamsi
2558 5175 2763 5229 corpus
2786 5160 2925 5213 {erat
2951 5158 3306 5229 praeputium.

1971 5293 2314 5351 Circumcisio
2364 5287 2583 5365 mystica
2634 5304 2711 5349 est
2752 5294 3061 5348 voluntaria
3111 5296 3280 5349 animi
3331 5302 3571 5348 motuum

2366 5384 2427 5420 sc
2462 5367 2926 5437 perturbationum
2961 5366 3179 5421 ablatio.

2037 5497 2402 5555 Circumcisio
2430 5497 2878 5553 circumcisionis
2906 5508 2991 5571 est
3019 5496 3296 5568 depositio
3323 5497 3570 5567 ipsarum

1971 5593 2308 5648 naturalium
2372 5593 2760 5647 ooeratiouum
2826 5608 3024 5648 sensus
3080 5602 3137 5647 et
3193 5592 3577 5663 intelligentiae

1973 5685 2121 5739 circa
2148 5701 2210 5740 ea
2239 5701 2361 5755 qua:
2406 5694 2533 5741 sunt
2577 5685 2820 5751 sensilia,
2853 5695 2908 5739 et
2948 5685 3095 5741 circa
3121 5702 3185 5741 ca
3218 5701 3342 5756 qua:
3364 5684 3573 5740 cadunt
