4098 6344
234 382 373 444 ηις
1614 382 2137 446 εοιιεετλδελ.
3369 376 3512 439 ίὲμ

235 506 400 579 ριως,
434 502 688 560 διδάσκον
713 504 794 559 ὅτι
823 506 931 578 χρὴ
951 506 1098 578 λόγῳ
1129 506 1593 560 καταστέλλεσθαι
1631 506 1692 559 τὸ
1719 506 1807 558 θυ-

1920 507 2133 587 ὐροοηε
2156 505 2304 577 quod
2340 511 2563 575 oportet
2585 501 2798 558 ratione
2833 499 3197 570 comprimere
3233 495 3508 554 irascendi

241 600 407 673 μικὸν
441 598 636 655 αὐτοῦ.
664 600 754 673 τῷ
790 600 848 654 δὲ
875 600 1075 673 λογείῳ
1103 601 1362 655 ἐπέκειτο
1390 603 1423 671 η
1457 599 1693 670 δήλωσις
1723 600 1807 652 καῖ

1918 601 2053 656 vim.
2083 600 2144 655 ln
2185 597 2441 654 rationali
2479 605 2668 652 autem
2693 593 2953 664 imposita
2975 600 3096 647 erat
3126 590 3431 647 declaratio
3449 600 3508 648 et

232 689 550 800 tandem.
705 693 942 798 phljap
975 690 1296 764 προφορικῷ
1338 691 1484 762 λόγῳ
1519 689 1717 762 πρέπει
1745 691 1807 745 τά

1917 695 2150 751 veritas.
2186 692 2325 748 Nam
2348 688 2731 763 pronuntianti
2753 685 2980 758 quidem
3018 684 3221 740 rationi
3246 682 3508 739 convenit

2094 786 2108 798 .
2190 786 2224 800 .-
2349 783 2371 800 .
2418 793 2431 800 -
2715 788 2894 800 Α-.-μ
2933 777 3137 800 _-_o.--
3188 775 3244 800 ._
3281 783 3508 800 ---μη

231 783 677 887 victitantes
699 802 714 816 ο
756 784 1156 887 «atquae-qi
1181 783 1240 838 δὲ
1261 783 1340 887 τά
1382 783 1485 854 τῆς
1528 783 1807 853 ἀληθείας.

1922 786 2316 860 perspicuitas.
2349 782 2673 838 lntrinsecat
2711 788 2899 834 autem
2933 777 3159 834 veritas.
3188 775 3248 831 In
3281 783 3510 847 pectore

240 874 369 930 Ἐπὶ
393 874 492 930 τοῦ
535 875 769 948 στήθους
809 877 868 931 δὲ
889 875 987 931 τοῦ
1023 876 1213 948 ἱερέως
1258 871 1402 948 ἦσαν
1451 875 1523 930 τὰ
1573 875 1807 947 ὀνόματα

1920 889 2108 936 autem
2130 876 2439 935 sacerdotis
2456 882 2617 930 erant
2635 871 2861 928 nomina
2881 869 3151 925 tribuum.
3168 866 3507 924 Debetenint

229 965 341 1022 τῶν
370 967 577 1037 φυλῶν.
623 967 861 1038 Ὀφείλει
884 968 994 1039 γάρ
1019 970 1050 1022 ό
1079 968 1262 1038 ἱερεὺς
1287 967 1348 1021 ιν
1376 967 1575 1040 καρδίᾳ
1605 967 1701 1021 καὶ⁵
1732 965 1814 1020 νοτ

227 1058 423 1130 φόρτιν
448 1058 537 1114 ἀεὶ
558 1060 689 1123 τοὺς
709 1060 801 1130 ὑφ’
827 1058 1044 1124 ἑαυτὸν,
1075 1060 1172 1113 καὶ
1192 1059 1405 1114 δεῖσθαι
1434 1059 1577 1130 ὑπὲρ
1607 1058 1812 1114 αὐτῶν.

302 1149 378 1204 Τὸ
407 1145 550 1223 αἷμα
582 1150 680 1204 τοῦ
726 1150 1169 1222 σφαγιαζομένου
1205 1150 1445 1224 χιμάρου
1479 1149 1673 1221 ὴγίαζε
1719 1151 1812 1203 καὶ

227 1242 329 1316 τὴν
357 1242 471 1298 Im
498 1244 730 1315 σκηνὴν,
777 1245 873 1298 καὶ
918 1243 1018 1315 τὴν
1060 1243 1187 1310 ἔξω,
1224 1243 1539 1314 προτυποῦν
1561 1242 1622 1297 τὸ
1671 1237 1813 1314 αἷμα

226 1335 329 1408 τῆς
357 1337 617 1406 τυθείσης
642 1337 843 1408 σαρκὸς
867 1337 962 1391 τοῦ
994 1335 1232 1410 Χριστοῦ
1255 1354 1270 1368 ’
1303 1338 1443 1407 ὅπερ
1467 1335 1689 1406 ἁγιάζει
1717 1337 1813 1391 καὶ

223 1426 330 1498 τὴν
353 1427 465 1481 ἔσω
509 1427 713 1498 ψυχὴν,
743 1432 841 1482 καὶ
867 1430 971 1499 τὴν
1011 1428 1120 1493 ἔξω
1152 1428 1338 1500 σάρκα
1379 1425 1492 1480 τῶν
1520 1427 1809 1480 πιστευόν-

225 1535 366 1573 των
417 1518 451 1590 ἢ
477 1521 605 1584 τούς
639 1537 697 1573 τε
729 1520 840 1575 ἔσω
866 1521 964 1576 τοῦ
994 1519 1294 1576 Μωσαῖκοῦ
1332 1520 1523 1591 νόμου.
1564 1519 1656 1573 καὶ
1682 1520 1810 1583 τοὺς

223 1609 351 1678 ιεω,
377 1611 620 1682 δηλονότι
645 1613 1024 1678 πιστεύοντας.

305 1703 363 1759 ὀ
405 1704 464 1770 ἐξ
492 1705 772 1774 Αἰγύπτου
818 1709 920 1778 τῆς
968 1708 1248 1779 ἁμαρτίας
1273 1708 1634 1782 ἐξερχόμενος
1657 1711 1807 1775 νοῦς,

1921 971 2184 1030 sacerdos
2216 985 2350 1026 suos
2390 984 2612 1040 semper
2639 968 2787 1024 ferre
2823 966 2880 1020 in
2915 962 3085 1019 corde
3115 971 3174 1017 et
3203 969 3414 1026 mente,
3449 967 3508 1015 et

1915 1080 2018 1136 pro
2049 1063 2135 1119 eis
2171 1078 2388 1134 rogare.

1987 1155 2229 1228 Sanguis
2257 1169 2438 1223 caprae
2465 1167 2591 1222 quae
2627 1148 2996 1207 mactabatur.
3035 1140 3418 1201 sanetillcabat
3449 1146 3509 1196 et

1915 1249 2202 1303 internum
2239 1254 2298 1301 et
2335 1254 2627 1299 externum
2663 1237 3106 1300 tabernaculum,
3147 1233 3509 1305 praflgurans

1913 1338 2242 1409 sanguinem
2271 1332 2592 1391 sacriﬁcam
2612 1330 2798 1387 carnis
2813 1326 3047 1391 Christi,
3076 1323 3173 1395 qui
3200 1321 3506 1378 sanctificat

1911 1437 1969 1485 et
1993 1428 2270 1483 internam
2304 1425 2576 1488 animam,
2609 1431 2669 1477 et
2697 1431 2986 1476 externam
3016 1429 3242 1470 carnem
3267 1410 3507 1468 creden-

1915 1523 2056 1577 tium
2085 1538 2098 1574 :
2128 1528 2226 1574 aut
2246 1526 2302 1572 et
2325 1532 2424 1572 eos
2455 1515 2551 1585 qui
2580 1521 2710 1569 sunt
2737 1513 2884 1566 intra
2909 1511 3086 1579 legem
3107 1505 3426 1568 losaicam,
3447 1514 3504 1557 et

1910 1627 2011 1668 eos
2031 1610 2129 1681 qui
2157 1617 2337 1672 extra,
2373 1603 2670 1660 credentes
2690 1599 2922 1657 scilicet.
3141 1594 3147 1600 '

1983 1704 2138 1760 Mens
2166 1716 2293 1773 qua:
2309 1698 2595 1771 egreditur
2613 1712 2681 1751 ex
2702 1692 2937 1764 ἐκγριο
2956 1685 3191 1760 peccati,
3213 1690 3500 1755 postquam

221 1793 365 1849 ὶπάν
397 1773 596 1868 μικρὸν
621 1773 928 1870 ἀπολειφθῇ
962 1773 1061 1869 vi};
1090 1773 1330 1872 λογικῆς
1355 1773 1706 1876 διακρίσεως,
1730 1773 1807 1866 dig

1915 1811 2112 1868 parum
2135 1793 2431 1850 recesserit
2467 1807 2498 1846 a
2526 1787 2862 1844 discretione
2902 1782 3156 1842 rationis,
3186 1778 3334 1833 sicut
3369 1773 3504 1830 olim

222 1885 394 1940 πάλαι
420 1887 518 1941 τοῦ
551 1889 798 1953 Μωσέως
829 1892 860 1942 ὁ
902 1891 1139 1961 Ἰσραὴλ,
1171 1893 1568 1966 εἰδωλολατρεῖ.
1613 1895 1809 1966 Ῥίψας

222 1975 334 2049 γάρ
364 1981 446 2043 είς
465 1979 530 2033 τὸ
554 1981 667 2051 πῦρ
697 1980 808 2033 τῶν
835 1981 1023 2037 παθῶν
1052 1983 1131 2048 ὡς
1162 1984 1264 2056 μὲν
1295 1984 1491 2040 ἐνώτια
1519 1989 1648 2052 τοὺς
1681 1988 1809 2059 περὶ

218 2067 506 2139 θεολογίας
527 2071 720 2139 λόγους
750 2089 764 2102 ο
792 2072 870 2135 ὡς
906 2072 966 2125 δὲ
993 2076 1422 2146 περιτραχήλιον
1457 2077 1688 2149 κόσμου,
1738 2080 1809 2132 τά

220 2161 361 2234 ὀρθά
411 2164 554 2218 κατά
597 2163 695 2235 τὴν
751 2159 1268 2238 φυσικὴνθεωρίαν
1308 2168 1582 2240 δόγματα,
1633 2171 1710 2233 ὡς
1749 2170 1808 2224 δὲ

220 2254 414 2327 ψέλλια
439 2256 661 2327 χειρῶν,
686 2256 785 2327 τὴν
813 2258 1097 2330 ἐνέργειαν
1117 2260 1219 2331 τῆς
1237 2262 1554 2332 πρακτικῆς
1582 2263 1804 2334 ἀρετῆς,

218 2349 479 2404 ἀποτελεῖ
508 2351 814 2419 φαντασίαν
835 2352 1054 2407 εἴδωλον
1087 2353 1388 2424 ἁμαρτίας,
1408 2351 1527 2408 εἶτα
1552 2354 1806 2427 λατρεύει

220 2445 398 2513 τούτῳ
417 2442 505 2496 διὰ
523 2442 626 2512 τῆς
653 2443 927 2516 πράξεως.
955 2445 1014 2498 '0
1039 2447 1248 2514 Μωσῆς
1273 2446 1381 2512 ἔξω
1402 2449 1502 2521 τῆς
1529 2449 1810 2521 παρεμϐο-

215 2533 322 2606 λῆς
358 2534 675 2607 πηξάμενος
700 2537 803 2608 τὴν
833 2537 1032 2591 ἑαυτοῦ
1067 2539 1295 2611 σκηνὴν,
1323 2542 1473 2594 τοῦτ’
1497 2542 1668 2607 ἔστιν,
1701 2543 1808 2611 ἔξω

215 2627 331 2682 τῶν
359 2629 657 2700 ὁρωμένων
705 2630 1070 2702 ἱδρυσάμενος
1093 2633 1194 2704 τὴν
1221 2634 1422 2689 ἑαυτοῦ
1454 2637 1683 2708 γνώμην
1711 2640 1808 2691 καὶ

214 2718 480 2782 διάνοιω,
519 2725 850 2793 προσκυνεῖν
895 2722 1128 2795 ἄρχεται
1159 2724 1255 2778 τὸν
1294 2725 1452 2790 Θεὸν,
1481 2726 1576 2780 καὶ
1604 2729 1689 2792 είς
1711 2729 1808 2783 τὸν

215 2811 420 2882 γνόφον
445 2812 638 2880 ἐλθὼν,
671 2815 764 2869 τὸν
794 2816 950 2886 ἀειδῆ
988 2816 1085 2871 καὶ
1117 2817 1281 2872 ἇῦλον
1303 2819 1402 2889 τῆς
1429 2818 1688 2886 γνώσεως
1719 2821 1808 2874 τόο

215 2921 342 2969 πον,
383 2907 505 2960 ἐκεῖ
529 2905 765 2960 τελεῖται
797 2907 895 2971 τὰς
924 2908 1227 2980 ίερωτάτας
1254 2914 1502 2980 μυήσεις.

534 3018 703 3083 Ἰδοὺ,
734 3021 912 3090 φησι,
943 3025 1131 3088 τόπος
1157 3021 1295 3093 παρ’
1326 3024 1482 3093 ἐμοί.

287 3112 466 3177 Τόπος
489 3112 554 3166 τὸ
583 3111 812 3183 Πνεῦμα
842 3115 906 3167 τὸ
942 3112 1122 3182 ἅγιον,
1169 3115 1230 3168 ὲν
1280 3108 1440 3183 qm;
1486 3118 1800 3189 γενόμενος,

215 3203 453 3277 θεωρίας
487 3203 738 3270 ἀξιοῦται
765 3205 938 3270 Θείας.
972 3207 1158 3278 Πέτρα
1186 3208 1243 3261 δὲ
1270 3210 1304 3277 ἡ
1346 3209 1554 3282 στερρὰ
1582 3211 1765 3276 πίστις
1783 3232 1798 3245 ο
1830 3192 1874 3252 C

214 3297 327 3370 ἐπὴ
358 3298 416 3353 δὲ
441 3299 615 3369 αὐτῆς
639 3300 673 3372 ή
701 3299 922 3371 ἀμυδρά
951 3300 1021 3353 δι’
1067 3299 1242 3370 αὐτῆς
1274 3299 1501 3373 θεωρία.
1553 3303 1805 3359 ὐπίσθια

213 3391 274 3447 δι
318 3391 482 3454 Θεοῦ,
513 3395 546 3460 ἠ
581 3391 939 3463 ἀρχαιογονία
980 3392 1075 3446 τοῦ
1123 3393 1357 3463 κόσμου,
1408 3393 1446 3449 ἃ
1487 3397 1648 3466 μόνος
1693 3393 1805 3452 εἶδε

214 3483 443 3554 Μωσῆς,
478 3484 641 3554 μόνος
665 3485 732 3538 τὰ
761 3483 1100 3555 παρελθόντα
1139 3488 1554 3557 προφητεύσας.
1579 3490 1722 3560 Τρία
1747 3491 1806 3545 δὲ

214 3572 333 3644 εἴδη
364 3575 704 3644 προφητείας
724 3593 740 3607 θ
769 3575 830 3629 τὸ
852 3575 923 3628 τά
965 3576 1307 3648 παρελθόντα
1357 3578 1585 3652 δηλοῦνξ,
1622 3581 1706 3646 τὸ,
1736 3583 1808 3636 τὰ

212 3664 512 3728 ἀνεστῶτα,
547 3665 631 3729 τὸ,
666 3666 740 3720 τά
769 3667 1056 3737 μέλλοντα,

289 3755 506 3826 Ὠσπερ
548 3757 760 3826 Μωσῆς
803 3759 833 3811 ὁ
876 3760 1176 3832 νομοθέτης
1226 3764 1319 3816 ἐπὶ
1364 3763 1460 3817 τοῦ
1507 3763 1804 3836 προσώπου

213 3847 484 3918 κάλυμμα
516 3847 713 3919 ἔφερεν
731 3865 746 3880 ’
775 3848 919 3902 οῦτω
949 3851 1045 3905 καὶ
1070 3852 1137 3906 τά
1159 3854 1290 3924 παρ’
1317 3854 1484 3908 αὐτοῦ
1511 3856 1808 3926 νομοθετη-

212 3939 379 3994 θέντα
421 3942 688 4012 κάλυμμα
732 3942 920 4014 ἔφερε,
957 3948 1054 4016 τὴν
1083 3946 1380 4015 ἀσάφειαν.
1411 3947 1595 4001 Αἴτιον
1620 3948 1679 4001 δὲ
1711 3950 1806 4000 καὶ

211 4032 410 4086 τούτου
453 4035 712 4088 κάκείνου
744 4035 840 4089 τοῦ
885 4037 1270 4109 καλύμματος,
1317 4041 1352 4110 ή
1395 4041 1504 4094 τῶν
1536 4039 1805 4110 Ἐϐραίων

211 4124 491 4188 ἀσθένεια,
534 4127 673 4196 μήτε
702 4128 803 4199 τὴν
841 4129 1040 4200 αίγλην
1080 4130 1175 4182 τοῦ
1209 4130 1506 4201 προσώπου
1536 4131 1802 4193 Μωσέως,

215 4218 355 4290 μήτε
386 4219 488 4288 τὴν
530 4219 725 4272 ἀῡλίαν
769 4220 879 4273 τῶν
921 4222 1349 4292 γεγραμμένων,
1378 4222 1509 4276 οἴων
1540 4239 1601 4274 τε
1634 4222 1804 4275 ὄντων

216 4309 370 4372 ἰδεῖν,
399 4305 489 4364 οἷα
515 4310 694 4380 γεώδη
728 4311 1074 4382 φρονούντων
1100 4334 1107 4341 ε
1145 4313 1538 4384 ἐθησαυρίζετο
1563 4313 1620 4365 δὲ
1646 4316 1802 4384 ἡμῖν,

210 4402 263 4456 οἳ
291 4403 388 4456 καὶ
411 4403 476 4456 τὸ
499 4404 739 4475 Χριστοῦ
769 4408 1086 4477 πρόσωπον,
1126 4400 1187 4459 οὗ
1217 4407 1390 4471 τύπος
1417 4403 1487 4478 ἦν
1515 4408 1543 4459 ὁ
1572 4409 1800 4476 Μωσῆς,

210 4493 387 4564 χωρὶς
429 4493 889 4565 ὲπικαλύμματος
931 4495 1168 4564 εἴδομεν,
1217 4496 1306 4548 διὰ
1344 4495 1452 4548 τῶν
1485 4497 1802 4550 ἀποστόλων

211 4585 309 4638 καὶ
338 4583 678 4640 διδασκάλων
709 4589 740 4656 ἡ
751 4586 888 4657 μῶν,
919 4587 1062 4640 κατά
1088 4588 1150 4641 τὸ
1192 4588 1558 4660 ἀνθρώπινον,
1587 4589 1685 4643 καὶ
1706 4589 1802 4660 τὴν

210 4675 322 4730 τῶν
349 4676 581 4746 ἀσαφῶν
605 4677 865 4746 ἀληθειαν
886 4678 1155 4747 ἔγνωμεν.

298 4764 830 4834 ’Δποκαλυφθὲντων
851 4767 1026 4837 Μωσῇ
1060 4767 1174 4820 τῶν
1204 4770 1343 4839 μετά
1369 4771 1503 4826 Θεὸν
1541 4773 1806 4846 δημιουρ-

210 4872 282 4926 γη
292 4855 506 4925 μάτων,
523 4857 619 4908 καὶ
634 4855 743 4908 τῶν
757 4857 887 4928 περὶ
899 4856 998 4927 τὴν
1021 4857 1184 4926 φύσιν
1203 4861 1297 4914 τοῦ
1326 4862 1463 4917 Θεοῦ
1486 4863 1808 4937 πλεονεκτη-

210 4949 406 5019 μάτων
425 4962 442 4978 ⁸
483 4947 661 5000 ταῦτα
686 4948 794 5021 γὰρ
841 4949 1067 5003 ὀπίσθια
1097 4950 1194 5005 τοῦ
1221 4952 1388 5006 Θεοῦ’
1439 4955 1538 5009 καὶ
1575 4957 1672 5011 τοῦ
1701 4958 1804 5027 τῆς

205 5037 392 5108 ψυχῆς
436 5037 603 5091 αὐτοῦ
639 5038 940 5108 προσώπου
991 5042 1363 5109 δοξασθέντος,
1409 5047 1528 5118 ἦτοι
1555 5048 1651 5102 τοῦ
1681 5053 1800 5115 νοὸς

205 5132 380 5186 αὑτοῦ
422 5131 789 5201 φωτισθέντος
837 5135 934 5188 καὶ
977 5136 1421 5208 λαμπρυνθέντος
1448 5159 1461 5171 ·
1489 5146 1518 5196 ὀ
1541 5143 1671 5206 λαὸς
1699 5147 1800 5199 οὐκ

205 5223 468 5278 ἐδύναντο
501 5225 686 5295 φέρειν
737 5227 837 5297 τὴν
881 5230 1138 5296 τοιαύτην
1175 5230 1354 5295 δόξαν,
1410 5234 1522 5285 οὐδ’
1578 5236 1800 5305 ἀμέσως

204 5317 424 5385 ὁμιλεῖν
447 5321 513 5388 τῇ
558 5317 784 5388 θεωρίᾳ.
819 5319 1020 5372 Λοιπὸν
1061 5317 1155 5374 οὖν
1185 5324 1545 5393 καλύμματος
1576 5328 1797 5398 ἐδεήθη,

209 5412 357 5480 λέγω
389 5411 455 5482 δὴ
485 5412 586 5482 τῆς
618 5413 931 5482 παχύτητος
953 5414 1048 5466 τοῦ
1075 5419 1422 5487 γράμματος,
1445 5420 1797 5487 ἐπισκιαζού-

210 5522 318 5576 σης
341 5506 443 5575 τὴν
474 5505 839 5577 λαμπρότητα
866 5509 966 5576 τῆς
1007 5507 1240 5578 θεωρίας
1265 5512 1372 5564 τῶν
1402 5515 1708 5584 νοημάτων.

464 5624 603 5677 ΤΟΥ
655 5625 1038 5681 ΛΕΥῘΤΙΚΟΥ
1081 5628 1240 5682 ΠΕΡΙ
1277 5628 1551 5683 ΘΥΣΙΩΧ.

285 5734 597 5804 Οὖχῆδεται
622 5737 1158 5801 ζωοθυσέαιςόθεὸς·
1193 5741 1472 5808 ἐμπαθῶς
1491 5744 1596 5812 γὰρ
1625 5747 1797 5800 τοζῖιι.

288 5871 327 5891 ﬂ
371 5871 536 5926 [ΧΝῘ.
577 5890 759 5940 sum,
792 5876 872 5929 ll.
1027 5876 1196 5930 imit.
1232 5894 1262 5940 ιἲ
1308 5876 1320 5926 l
1363 5892 1508 5940 gum.

1841 1849 1882 1908 Β
1914 1849 2084 1944 lsrael
2115 1903 2148 1943 a
2180 1885 2352 1950 lose,
2391 1882 2637 1939 admittit
2671 1876 3063 1936 idololatrian.
3091 1872 3231 1929 Nam
3274 1883 3402 1924 cum
3444 1866 3502 1921 in

1910 1980 2085 2036 animi
2107 1991 2360 2034 motuum
2392 1977 2577 2048 ignem
2603 1969 2923 2042 conjecerit,
2953 1977 3217 2036 tanquam
3257 1961 3504 2026 inaures,

1911 2076 1981 2132 de
2016 2073 2306 2129 divinitate
2347 2070 2612 2132 rationes,
2651 2075 2916 2134 tanquam
2946 2060 3073 2115 colli
3103 2067 3291 2113 autem
3331 2068 3502 2110 orna-

1910 2173 2030 2221 tum
2073 2173 2224 2218 recta
2271 2160 2528 2231 dogmata
2569 2155 2838 2211 naturalis
2872 2145 3397 2219 contemplationis,
3440 2152 3503 2198 ut

1909 2265 2098 2313 autem
2130 2252 2379 2309 armillas
2407 2262 2694 2312 manuum,
2735 2241 3116 2315 operationem
3164 2236 3359 2293 activa:
3387 2234 3504 2288 vir-

1912 2349 2068 2412 tutis,
2101 2343 2272 2402 elﬁcit
2299 2341 2646 2414 phantasiam
2693 2336 2906 2393 idolum
2950 2331 3184 2404 peccati,
3214 2327 3417 2384 deinde
3452 2328 3503 2380 ei

1908 2442 2082 2498 servit
2129 2446 2187 2496 et
2233 2439 2416 2508 ipsum
2461 2434 2594 2489 colit
2633 2446 2733 2502 per
2766 2428 3065 2484 actionem.
3117 2424 3331 2494 Moyses
3375 2435 3505 2475 cum

1907 2547 2066 2594 extra
2102 2540 2284 2590 castra
2309 2525 2478 2602 'suqm
2512 2526 2722 2581 ﬁxisset
2754 2519 3173 2577 tabernaculum
3195 2556 3210 2580 ,
3258 2515 3364 2568 hoc
3394 2521 3502 2575 est,

1908 2637 2068 2685 extra
2090 2641 2158 2683 ea
2188 2639 2313 2695 quae
2343 2621 2606 2676 videntur
2647 2615 2827 2672 solum
2862 2627 3020 2670 suam
3061 2609 3388 2664 collocasset
3413 2621 3508 2659 co-

1907 2719 2254 2794 gitationem,
2271 2715 2448 2770 Deum
2470 2711 2668 2781 incipit
2690 2707 2924 2764 adorare
2952 2723 2966 2758 :
2994 2715 3052 2759 et
3076 2697 3508 2769 inaspectabiles

1911 2791 2198 2885 ingressus
2220 2806 2501 2872 tenebras,
2526 2813 2584 2859 et
2607 2801 2856 2856 materia:
2878 2805 3163 2866 expertem
3194 2791 3380 2846 locum
3405 2802 3506 2845 co-

1908 2905 2202 2980 gnitionis,
2233 2903 2349 2958 illic
2378 2898 2756 2954 sacratissima
2785 2892 2998 2964 peragit
3020 2887 3302 2960 mysteria.

2248 3017 2405 3079 Ecce,
2439 3012 2634 3083 inquit,
2655 3006 2964 3078 locua'apatd
2984 3021 3064 3060 me
3089 3003 3156 3058 ".

1981 3115 2165 3170 Locus
2212 3117 2302 3166 est
2351 3106 2592 3179 Spiritus
2633 3109 2880 3163 sanctus,
2921 3099 2977 3153 in
3007 3111 3119 3166 quo
3154 3111 3282 3152 cum
3332 3089 3506 3145 fuerit

1907 3208 2206 3280 quispiam,
2252 3203 2455 3274 dignus
2507 3199 2747 3254 habetur
2781 3192 2967 3250 divina
3009 3183 3498 3256 contemplatione.

1908 3303 2073 3358 Petra
2121 3305 2308 3352 autem
2350 3301 2436 3349 est
2475 3291 2614 3345 ﬁdes
2649 3287 2826 3345 solida
2857 3306 2870 3341 :
2899 3286 3149 3340 foramen
3192 3290 3379 3334 autem
3419 3281 3507 3332 est

1910 3394 2072 3451 exilis
2105 3407 2206 3462 per
2251 3390 2426 3459 ipsam
2480 3381 2898 3451 contemplatio.
2949 3377 3045 3432 Dei
3093 3383 3280 3429 autem
3316 3376 3506 3440 poste-

1908 3488 2081 3550 riora,
2103 3459 2332 3551 antiqua
2355 3485 2441 3534 est
2481 3474 2673 3530 mundi
2708 3472 3016 3545 generatio,
3043 3483 3166 3538 qua:
3190 3465 3344 3518 solus
3369 3459 3511 3515 vidit

1909 3584 2110 3644 Moses,
2148 3578 2305 3633 solus
2337 3571 2629 3629 declarans
2660 3567 2966 3639 prarterita,
2992 3560 3283 3635 praaseutia
3318 3566 3374 3612 et
3419 3556 3511 3611 fn-

1909 3684 2056 3730 tura.

1980 3768 2140 3825 Sicut
2172 3765 2352 3821 Moses
2385 3763 2668 3835 legislator
2710 3773 2879 3827 super
2926 3753 3122 3809 facient
3162 3735 3377 3804 σπεεξη
3409 3764 3508 3801 ve-

1907 3862 2023 3917 lum
2063 3878 2076 3912 :
2110 3859 2187 3914 ita
2223 3857 2389 3913 etiam
2434 3871 2558 3926 qua:
2608 3858 2739 3907 sunt
2785 3849 2856 3903 ab
2901 3863 2970 3902 eo
3021 3846 3141 3912 lege
3177 3841 3504 3904 constituta,

1907 3956 2096 4010 velum
2120 3951 2371 4008 ferebant
2394 3946 2818 4003 obscuritatem.
2843 3941 3022 3999 Causa
3045 3947 3232 3992 autem
3259 3945 3316 3990 et
3341 3935 3509 4004 hujus

1905 4056 1962 4102 et
1989 4046 2141 4102 illius
2170 4043 2279 4098 veli
2304 4050 2389 4096 est
2420 4039 2780 4095 Hebraeorum
2806 4031 3178 4094 imbecillitas,
3197 4029 3293 4098 qui
3325 4043 3509 4097 neque

1909 4139 2260 4211 splendorem
2291 4135 2481 4189 vultus
2503 4131 2726 4203 Moysis,
2757 4142 2937 4197 neque
2961 4141 3025 4179 ea
3053 4140 3177 4194 qum
3201 4123 3258 4177 in
3283 4120 3508 4190 scriptis

1907 4209 2129 4285 inerant
2159 4226 2410 4297 expertia
2448 4223 2694 4278 materia:
2734 4224 2990 4289 poterant
3016 4215 3286 4284 aspicere,
3322 4221 3383 4266 ut
3412 4209 3506 4281 qui

1907 4329 2127 4375 terrena
2154 4325 2415 4388 saperent
2454 4333 2468 4368 :
2501 4313 2553 4367 id
2580 4321 2762 4367 autem
2792 4310 2956 4364 nobis
2988 4305 3381 4362 reservabatur
3411 4305 3507 4373 qui

1903 4421 1962 4466 et
2006 4409 2231 4465 Christi.
2251 4408 2448 4463 faciem
2497 4405 2578 4473 (is
2618 4412 2806 4457 autem
2845 4407 2968 4455 erat
3014 4394 3260 4468 Moyses)
3295 4394 3508 4462 absque

1904 4505 2031 4559 velo
2068 4502 2348 4565 vidimus,
2397 4515 2498 4570 per
2539 4505 2759 4553 nostros
2805 4491 3086 4563 apostolos
3124 4498 3183 4543 et
3224 4487 3508 4546 doctores,

1906 4592 2057 4663 quod
2091 4591 2291 4646 attinet
2331 4587 2400 4643 ad
2434 4586 2860 4646 humanitatem,
2901 4589 2961 4636 et
3000 4593 3195 4634 eorum
3223 4592 3347 4647 qua:
3378 4585 3510 4630 sunt

1905 4689 2146 4744 obscura
2181 4684 2544 4756 cognovimus
2580 4680 2894 4736 veritatem.

1976 4779 2118 4835 Cum
2167 4777 2338 4848 Moysi
2383 4775 2621 4828 fuissent
2681 4769 2928 4825 revelata
2965 4781 3088 4835 quae
3144 4769 3278 4818 sunt
3317 4776 3348 4814 a
3392 4759 3508 4813 Deo

1906 4882 2094 4929 creata
2119 4879 2178 4927 et
2199 4871 2418 4932 eﬂ'ccta,
2443 4876 2498 4923 et
2519 4881 2642 4936 quae
2666 4864 2734 4918 de
2765 4861 2864 4917 Dei
2893 4867 3095 4914 natura
3117 4861 3354 4926 possunt
3377 4868 3507 4921 per-

1907 4967 2018 5037 cipi
2054 4985 2070 5020 :
2103 4982 2168 5021 ea
2199 4964 2350 5019 enim
2391 4969 2522 5017 sunt
2553 4958 2647 5014 Dei
2672 4954 3022 5028 posteriora:
3055 4960 3111 5005 et
3151 4948 3274 5017 ejus
3300 4946 3501 4999 anima:

1907 5062 2083 5118 facies
2109 5067 2256 5114 esset
2285 5055 2610 5128 glorificata,
2637 5067 2735 5106 seu
2773 5063 2932 5102 mens
2959 5046 3082 5116 ejus
3107 5043 3415 5098 illuminata
3449 5050 3508 5095 et

1910 5155 2206 5216 illustrata,
2234 5166 2356 5205 eam
2387 5149 2616 5219 gloriam
2647 5162 2758 5200 non
2797 5149 3015 5213 poterat
3061 5138 3205 5192 ferre
3239 5135 3500 5206 populus,

1908 5263 2092 5317 neque
2123 5246 2260 5300 citra
2288 5243 2532 5298 medium
2558 5255 2685 5296 cum
2707 5235 2982 5308 ejusmodi
3012 5231 3221 5287 versari
3251 5238 3500 5285 contem-

1908 5340 2178 5408 platione.
2205 5336 2358 5406 Opus
2379 5336 2566 5404 itaque
2601 5331 2708 5386 fuit
2729 5331 2780 5385 ei
2813 5329 2958 5389 velo,
2988 5322 3380 5383 crassitudine,
3412 5320 3498 5373 in-

1907 5449 2095 5500 quam,
2121 5431 2320 5483 litteras
2353 5423 2735 5480 adumbrantis
2775 5419 3126 5490 splendorem
3159 5411 3502 5480 contempla-

1908 5525 2074 5577 tionis
2097 5519 2617 5590 intelligentiarnm.

2140 5634 2231 5687 EX
2274 5627 2594 5686 LEVlTlCO
2632 5626 2721 5679 DE
2764 5616 3168 5677 SACRIFICIIS
3192 5615 3254 5666 “‘.

1978 5753 2120 5804 Deus
2175 5765 2280 5802 tum
2320 5746 2625 5801 delectatur
2667 5737 2952 5797 sacrificiis
2993 5732 3312 5789 animalium
3345 5745 3356 5780 :
3389 5726 3495 5781 hoc
