4170 6330
642 340 780 422 rats

639 459 790 514 enim
815 465 901 514 est
926 459 1045 536 ejus
1078 459 1130 513 in
1163 473 1328 528 quem
1352 457 1561 512 cadunt
1597 455 1767 510 animi
1799 463 1983 510 motus
2005 463 2062 510 et
2103 471 2232 526 per-

641 546 1006 603 turbationes.
1046 547 1150 602 Per
1199 547 1303 601 hoc
1345 556 1529 600 autem
1585 545 1894 618 symbolice
1939 544 2236 601 constituit

642 638 952 708 spirituaiia
991 638 1278 703 sacriﬁcia,
1317 639 1611 704 vitiorum,
1659 639 1907 709 inquam,
1948 647 2004 693 et
2063 637 2233 692 animi

640 740 890 786 motuum
917 730 1416 796 mortiﬁcationem,
1451 733 1546 802 qui
1570 740 1884 788 mactantur
1903 729 2082 800 gladio
2109 729 2228 798 Spi-

639 825 804 887 ritus,
839 824 984 894 quod
1025 835 1110 879 est
1149 826 1380 880 verbum
1419 826 1535 890 Dei,
1570 834 1623 880 et
1663 826 2002 880 oblationem
2047 823 2222 878 facul-

641 922 814 968 tatum
843 912 1204 977 naturalium,
1237 929 1359 984 qua:
1390 915 1514 985 igne
1561 915 1789 984 spiritus
1814 923 2072 984 tanquam
2120 913 2221 966 hu-

638 1005 882 1060 locausta
917 1004 1337 1060 comburuntur.
1365 1005 1498 1060 Nam
1526 1006 1671 1060 aries
1696 1005 1921 1076 quidem
1949 1013 2035 1059 est
2072 1020 2222 1075 sym-

1856 340 1912 393 S.
1955 337 2229 393 CYitiLl
2270 334 2356 390 ΕΤ
2398 336 2703 393 Αιιοιιωι

3776 324 3914 382 1216

2343 455 2694 525 Συμϐολικῶς
2722 457 2777 506 όέ
2806 455 2898 507 διὰ
2940 469 3146 506 τουτων
3190 468 3289 514 τας
3318 457 3691 520 πνευματικας
3721 445 3914 510 θυσίας

2336 548 2714 619 ἐνομοθέτησε,
2757 548 3028 619 νέκρωσιν
3064 546 3211 612 λέγω
3251 542 3442 597 παθῶν
3469 538 3825 610 σφαζομένων
3845 539 3913 609 τῇ

2338 640 2585 713 μαχαίρᾳ
2622 642 2716 695 τοῦ
2761 640 3094 712 Πνεύματος,
3145 640 3174 692 ὃ
3233 639 3350 690 ἐστι
3409 635 3560 706 ῥῆμα
3612 630 3772 694 Θεοῦ.
3818 629 3915 684 καί»ἱ

2336 732 2705 804 προσαγωγὴν
2748 733 2857 786 τῶν
2903 731 3148 802 φυσικῶν
3183 728 3499 798 δυνάμεων,
3536 723 3614 796 τῷ
3649 724 3788 794 πυρὶ
3817 721 3912 775 τοῦ

2335 822 2647 894 πνεύματος
2680 824 3186 894 ὁλοκαυτουμένων.
3246 819 3522 890 Σύμϐολον
3569 818 3680 888 γὰρ
3729 819 3756 870 6
3815 813 3916 886 μὲν

2333 915 2487 985 κριὸς
2534 917 2627 969 τοῦ
2657 917 2994 984 λογιστικοῦ,
3024 915 3113 970 διὰ
3151 914 3212 968 τὸ
3255 912 3601 983 ἡγεμονικὸν.
3637 913 3665 964 6
3689 910 3748 963 δέ
3781 907 3916 962 ταῦ-

2332 1025 2423 1078 ρος·
2453 1007 2548 1061 τοῦ
2584 1009 2841 1078 θυμικού,
2871 1012 2903 1080 ἡ
2931 1008 3021 1076 αἲξ
3051 1009 3107 1061 δὲ
3135 1007 3229 1061 τοῦ
3259 1001 3683 1075 ἐπιθυμητικοῦ.

637 1097 822 1153 bolum
850 1099 1278 1156 ratiocinatricis
1305 1099 1606 1165 facultatis,
1641 1109 1937 1171 propterea
1972 1100 2119 1170 quod
2153 1101 2224 1155 sit
2264 1101 2380 1156 dux
2401 1107 2601 1176 gregis,
2642 1115 2833 1162 taurus
2873 1115 3054 1160 autem
3102 1102 3373 1159 irascendi
3415 1100 3715 1165 facultatis,
3751 1111 3915 1168 capra

635 1200 822 1247 autem
853 1195 1130 1250 facultatis
1160 1197 1610 1266 concupiscendi.

707 1287 924 1358 Moyses
967 1287 1170 1358 jubens
1206 1288 1408 1344 hostiis
1448 1305 1612 1345 renes
1643 1290 1888 1346 adimere
1910 1291 1978 1355 ",
2013 1299 2068 1346 ct
2105 1290 2225 1345 adi-

637 1394 786 1449 pem,
819 1388 874 1434 et
901 1382 1306 1450 pectusculum,
1338 1389 1394 1436 et
1427 1373 1616 1437 lobum
1663 1383 1900 1454 hepatis,
1925 1399 2025 1454 per
2059 1398 2122 1436 ea
2147 1391 2226 1435 ta-

634 1471 746 1526 cite
768 1471 1096 1542 signiﬁcavit
1125 1473 1340 1529 auferre
1369 1483 1674 1544 potestates
1699 1491 1821 1547 quae
1858 1484 1987 1530 sunt
2024 1485 2227 1546 prmter

639 1569 894 1616 naturam
927 1580 939 1615 ε
973 1571 1029 1617 et
1066 1562 1419 1634 operationes
1451 1567 1548 1619 ira:
1571 1581 1634 1620 ac
1662 1564 1984 1635 cupiditatis
2005 1607 2018 1626 ,
2047 1574 2104 1620 ct
2129 1579 2225 1619 eas

639 1654 972 1724 liquefacere
1006 1655 1196 1710 divino
1221 1657 1344 1727 igne
1374 1658 1663 1726 potestatis
1687 1673 1810 1726 qua:
1833 1665 1917 1712 est
1946 1658 2001 1711 in
2038 1657 2223 1728 cogni-

641 1747 790 1804 tione
821 1749 1125 1827 spirituali,
1174 1749 1472 1819 cupiditate
1515 1750 1736 1820 quidem
1783 1749 2085 1821 significata
2125 1763 2224 1820 per

637 1851 822 1900 renes,
880 1839 1000 1909 ejus
1035 1843 1230 1896 autem
1271 1839 1616 1908 operatione,
1661 1856 1784 1910 qua:
1823 1850 1907 1895 est
1948 1841 2220 1911 voluptas,

637 1941 738 1997 per
771 1928 984 1997 adipem
1011 1937 1067 1983 et
1098 1945 1290 1984 rursus
1322 1931 1402 1985 ira
1425 1931 1649 2001 quidem
1685 1947 1784 2002 per
1813 1932 2219 2003 pectusculum,

633 2019 757 2102 ejus
797 2029 982 2075 autem
1035 2022 1357 2091 operatione
1399 2039 1500 2092 per
1549 2023 1737 2078 lobum
1766 2025 2000 2094 bepatis,
2032 2025 2086 2078 in
2113 2041 2223 2094 quo

636 2113 919 2168 concrevit
947 2129 1132 2168 amara
1167 2121 1225 2168 et
1264 2116 1406 2169 acris
1452 2116 1598 2169 bilis.
1625 2115 1726 2182 Qui
1760 2132 1857 2186 per
1883 2117 2025 2186 piam
2053 2129 2223 2170 ratso-

636 2221 766 2261 nem
809 2207 922 2262 Deo
965 2207 1237 2262 sacrificat
1273 2207 1440 2260 corda
1471 2207 1760 2262 brutorum
1788 2249 1801 2272 ,
1851 2225 1974 2262 cum
2023 2208 2225 2278 quibus

635 2297 1053 2367 proportionem
1077 2307 1131 2352 et
1151 2295 1592 2352 convenientiam
1620 2295 1786 2350 habet
1817 2296 2221 2366 pectusculum,

637 2397 696 2444 et
732 2389 967 2444 activam
1006 2405 1200 2443 eorum
1247 2389 1587 2452 facultatem,
1615 2403 1738 2442 cum
1769 2404 1876 2457 qua
1909 2389 2222 2457 proportio-

636 2497 764 2536 nem
805 2491 858 2536 et
909 2479 1356 2536 convenientiam
1412 2480 1575 2534 habet
1623 2479 1952 2540 brachium,
2006 2485 2225 2548 separat

637 2574 948 2645 operationi
979 2574 1385 2637 mandatorum,
1430 2572 1606 2626 factus
1657 2582 1742 2626 est
1773 2569 2050 2631 sacerdos,
2077 2570 2221 2624 acci-

636 2665 796 2734 piens
821 2663 890 2716 ab
911 2663 978 2716 iis
995 2663 1088 2732 qui
1115 2663 1325 2732 seipsos
1350 2663 1462 2716 Deo
1490 2662 1732 2717 offerunt
1749 2661 2007 2723 hostiam,
2035 2671 2226 2730 pectu-

637 2757 856 2810 sculum
899 2755 1282 2809 etbraehium.
1313 2755 1394 2809 Ad
1428 2753 1849 2809 sacrificandum
1880 2762 1966 2809 est
2003 2753 2226 2824 ineptus

637 2849 733 2919 qui
776 2857 859 2904 est
898 2858 1081 2903 mente
1134 2864 1313 2902 caecus
1345 2856 1400 2903 et
1440 2848 1670 2903 claudus
1690 2848 1758 2912 7°,
1801 2862 1868 2902 eo
1910 2849 2056 2917 quod
2115 2863 2225 2901 non

637 2948 788 2995 recto
830 2941 968 3010 pede
1018 2941 1237 2995 incedat
1282 2941 1336 2994 in
1376 2939 1488 2993 vita
1528 2948 1583 2994 et
1619 2939 2003 3009 dogmatibus,
2043 2946 2100 2992 et
2130 2938 2224 3008 qui

2411 1289 2470 1341 '0
2516 1289 2722 1360 Μωσῆς
2773 1281 3037 1352 κελεύσας
3083 1288 3338 1358 ἀφαιρεῖν
3379 1285 3489 1339 τῶν
3531 1286 3747 1356 ἱερείων
3787 1285 3915 1350 τοὺς

2329 1383 2584 1452 νεφροὺς,
2625 1383 2719 1434 καὶ
2750 1381 2810 1434 τὸ
2856 1381 3043 1452 στέαρ,
3101 1381 3196 1434 καὶ
3244 1380 3305 1434 τὸ
3339 1379 3644 1450 στηθύνιον,
3691 1381 3785 1432 καὶ
3822 1378 3915 1432 τὸν

2326 1473 2484 1527 λοϐὸν
2511 1475 2606 1526 τοῦ
2655 1475 2888 1544 ἥπατος,
2920 1471 3143 1543 ᾐνίξατο
3167 1472 3257 1526 διὰ
3298 1472 3502 1525 τούτων
3534 1473 3789 1542 ἀφαιρεῖν
3815 1471 3914 1534 τάς

2330 1564 2484 1636 παρά
2515 1565 2678 1634 φύσιν
2722 1565 2986 1632 δυνάμεις
3016 1563 3112 1616 καὶ
3157 1563 3440 1633 ἐνεργείας
3484 1562 3579 1615 τοῦ
3629 1578 3690 1614 τε
3735 1559 3912 1630 ίΣτυμοῦ

2329 1659 2422 1710 καὶ
2471 1658 2570 1727 τῆς
2600 1645 2919 1727 ἐπιθυμίας,
2954 1657 3047 1709 καὶ
3087 1655 3164 1726 τῷ
3195 1653 3325 1723 θείῳ
3361 1655 3494 1724 πυρὶ
3519 1654 3619 1724 τῆς
3647 1652 3793 1706 κατά
3813 1653 3914 1723 τὴν

2325 1750 2707 1822 πνευματικὴν
2741 1749 2946 1816 γνῶσιν
2987 1747 3272 1816 δυνάμεως
3305 1747 3558 1815 ἐκτήκειν
3580 1747 3781 1809 αὐτάς·
3817 1745 3917 1815 τῆς

2329 1843 2427 1914 μὲν
2462 1843 2755 1912 ἐπιθυμίας
2797 1841 2886 1895 διὰ
2924 1841 3030 1894 τῶν
3077 1839 3290 1911 νεφρῶν
3321 1838 3681 1909 δηλουμένης,
3721 1840 3824 1908 τῆς
3855 1837 3914 1891 δὲ

2326 1936 2608 2007 ἐνεργείας
2639 1935 2832 2005 αύτῆς,
2864 1934 2986 2005 ἥτις
3018 1933 3164 1986 ἐστὶν
3194 1934 3228 2002 ἡ
3261 1931 3449 2002 ἡδονὴ,
3479 1931 3568 1984 διὰ
3607 1930 3702 1983 τοῦ
3751 1931 3913 1984 στεῖα⁹

2325 2045 2438 2090 τος.
2472 2029 2579 2080 Καὶ
2615 2023 2770 2090 αὖθις
2802 2026 2898 2079 τοῦ
2946 2026 3046 2096 μὲν
3082 2025 3276 2095 Θυμοῦ,
3318 2025 3408 2077 διὰ
3449 2023 3739 2093 στηθυνίου
3766 2041 3778 2052 ·
3816 2025 3915 2092 τῆς

2326 2120 2384 2171 δὲ
2420 2119 2700 2187 ἐνεργείας
2729 2117 2894 2170 αὑτοῦ
2924 2117 3012 2170 δια
3055 2116 3151 2170 τοῦ
3184 2115 3341 2167 λοϐοῦ
3375 2115 3471 2168 τοῦ
3517 2116 3748 2186 ἥπατος,
3786 2114 3846 2165 ἐν
3870 2105 3915 2180 ᾧ

2327 2211 2578 2278 πέπηγεν
2606 2211 2638 2279 ἠ
2665 2209 2839 2278 πικρά
2865 2208 2959 2261 καὶ
2983 2206 3290 2278 δριμυτάτη
3317 2206 3468 2276 χολή.
3513 2206 3571 2257 Ὀ
3612 2203 3914 2275 ἱερουργιῖΝ

2326 2300 2404 2370 τῷ
2437 2300 2556 2370 Θεῷ
2583 2301 2650 2353 δι’
2691 2299 2952 2362 εὐσεϐοῦς
2990 2300 3151 2367 λόγου
3180 2299 3277 2362 τάς
3312 2297 3421 2350 τῶν
3469 2296 3647 2349 ἀλλων
3686 2295 3914 2364 καρδίας

2329 2386 2418 2454 αἶς
2453 2391 2711 2459 ἀναλογεῖ
2743 2391 2802 2443 τὸ
2855 2390 3142 2461 στηθύνιον
3162 2407 3176 2420 ·
3211 2391 3306 2442 καὶ
3339 2388 3437 2459 τὴν
3470 2387 3783 2459 πρακτικὴν
3813 2387 3917 2440 αύοο

2324 2484 2434 2537 τῶν
2482 2484 2736 2553 δύναμιν,
2858 2483 3115 2551 ἀναλογεῖ
3145 2485 3173 2534 6
3204 2482 3478 2553 βραχίων,
3529 2479 3808 2551 ἀφορίζων
3846 2481 3913 2551 τῇ

2326 2575 2582 2647 ἐνεργείᾳ
2629 2575 2737 2629 τῶν
2783 2575 3040 2637 ἓντολῶν,
3087 2575 3311 2644 γέγονεν
3368 2577 3570 2646 ἱερεὺς,
3619 2575 3916 2644 λαμϐάνων

2327 2669 2479 2732 παρὰ
2518 2666 2628 2719 τῶν
2662 2667 2889 2727 ἑαυτοὺς
2928 2665 3142 2732 ουσίαν,
3174 2666 3250 2736 τῷ
3277 2665 3398 2734 Θεῷ
3436 2667 3823 2738 προσαγόυων
3853 2665 3916 2719 τὸ

2329 2760 2615 2831 στηθύνιον
2648 2760 2741 2812 καὶ
2783 2759 2874 2812 τὸν
2918 2758 3202 2829 βραχίονα.
3239 2759 3638 2829 Ἀνεπιτήδειος
3681 2761 3761 2821 εἰς
3803 2760 3916 2829 ίερ-

2323 2854 2553 2923 ουργίαν
2604 2854 2633 2905 6
2675 2852 2876 2919 τυφλὸς
2928 2852 3018 2904 τὸν
3053 2850 3200 2916 νοῦν,
3261 2851 3355 2904 καὶ
3397 2854 3427 2904 6
3481 2851 3655 2921 χωλὸς
3704 2849 3785 2920 τῷ
3837 2849 3916 2922 μὴ

2325 2945 2637 3016 ὀρθοποδεῖν
2665 2945 2722 2997 ἐν
2756 2945 2855 3014 βίῳ
2889 2946 2981 2997 καὶ
3010 2943 3246 3013 δόγμασι
3270 2960 3284 2973 ·
3311 2948 3408 2998 καὶ
3440 2946 3468 2998 6
3497 2943 3819 3014 κολοϐόρριν
3838 2941 3917 3012 τῷ

635 3040 722 3089 est
762 3050 898 3089 nare
939 3035 1170 3097 mutila,
1205 3048 1273 3087 eo
1315 3033 1462 3102 quod
1501 3032 1802 3102 perfectam
1855 3048 1965 3086 non
2029 3029 2226 3085 habeat

2334 3039 2409 3108 μὴ
2434 3037 2642 3091 τελείαν
2675 3038 2818 3107 ἔχειν
2843 3038 3140 3108 διάκρισιν.
3173 3037 3498 3109 Σύντριμμα
3528 3037 3585 3091 δέ
3608 3037 3790 3109 χειρδς
3821 3037 3918 3089 καὶ

637 3125 1050 3181 discretionem.
1093 3125 1368 3180 Contritio
1399 3133 1581 3180 autem
1621 3140 1818 3178 manus
1863 3133 1920 3178 et
1949 3122 2107 3191 pedis
2137 3130 2222 3176 est

637 3217 940 3272 confractio
977 3217 1253 3272 facultatis
1291 3218 1555 3287 Operandi
1596 3218 1757 3272 bona.
1807 3216 2071 3272 Incurvus
2120 3232 2221 3270 au-

636 3319 748 3363 tem
775 3310 820 3366 is
839 3318 925 3364 est
950 3310 1044 3380 qui
1071 3310 1139 3365 ad
1169 3325 1233 3365 ea
1262 3327 1384 3380 qua:
1407 3320 1535 3365 sunt
1568 3309 1824 3365 inferiora
1859 3326 1915 3364 se
1944 3311 2219 3374 incurvat,

637 3410 694 3457 et
729 3418 761 3456 a
807 3401 1044 3456 terrenis
1086 3417 1193 3456 non
1239 3413 1420 3472 potest
1458 3417 1679 3456 sursum
1726 3401 1993 3470 aspicere.
2045 3400 2225 3454 Macu-

636 3493 792 3547 losus
813 3501 994 3547 autem
1019 3500 1104 3546 est
1129 3493 1175 3546 is
1198 3493 1287 3546 cui
1320 3491 1482 3562 pellis
1513 3490 1838 3562 superﬁcies
1864 3499 1950 3544 est
1976 3507 2006 3544 a
2031 3491 2224 3545 morbo

639 3584 906 3639 oﬂ'useata
937 3601 949 3636 :
976 3583 1156 3652 qualis
1189 3592 1273 3638 est
1313 3583 1425 3648 ille,
1457 3584 1617 3653 cujus
1650 3581 1831 3635 anima
1873 3590 2098 3650 peccato
2125 3581 2224 3634 ob-

640 3685 860 3731 scurata
908 3685 1013 3730 est.
1056 3675 1265 3746 Lippus
1308 3683 1493 3730 autem
1542 3674 1717 3740 ocuiis
1749 3681 1836 3728 est
1880 3672 1926 3726 is
1960 3672 2052 3742 qui
2080 3671 2227 3725 videt

639 3767 894 3836 quidem,
942 3767 1038 3822 sed
1086 3783 1195 3821 non
1251 3777 1433 3830 recte,
1495 3774 1557 3820 ut
1609 3764 1853 3819 haeretici
1896 3765 1991 3834 qui
2052 3764 2225 3818 Deum

637 3858 864 3928 quidem
889 3873 1008 3913 esse
1034 3857 1289 3920 credunt,
1318 3872 1428 3911 non
1454 3863 1606 3910 recta
1631 3863 1816 3909 autem
1838 3854 1905 3908 de
1929 3869 1996 3908 eo
2024 3853 2228 3907 habent

640 3951 915 4021 dogmata.
948 3950 1171 4006 Scabies
1214 3957 1399 4002 autem
1428 3948 1662 4018 agrestis
1704 3963 1802 4018 per
1832 3962 2115 4017 anagogen
2139 3952 2225 4000 est

641 4043 786 4098 aeris
810 4042 988 4097 ﬂuxus
1007 4042 1128 4097 vitii
1157 4056 1221 4096 ac
1250 4049 1435 4095 motus
1461 4040 1631 4094 animi
1657 4055 1724 4094 ex
1749 4039 1932 4094 anima
1955 4039 2225 4103 deﬂuens,

639 4153 671 4192 ιι
690 4137 972 4207 voluptate
994 4135 1218 4205 quidem
1249 4134 1545 4203 incipiens,
1592 4134 1647 4188 in
1679 4133 1841 4188 ﬁnem
1869 4143 2054 4188 autem
2080 4147 2230 4186 amav

638 4245 765 4285 rum
797 4229 1076 4284 desinens.
1108 4228 1375 4298 lmpetigo
1411 4235 1595 4282 autem
1637 4235 1724 4282 est
1763 4226 2000 4297 quodvis
2028 4226 2226 4280 vitium

638 4337 734 4377 seu
770 4330 953 4376 motus
1004 4336 1069 4376 ac
1107 4320 1456 4391 perturbatio
1485 4335 1713 4390 serpens
1752 4336 1850 4390 per
1886 4322 2148 4382 animam,
2173 4327 2230 4373 et

638 4429 759 4483 qua:
803 4412 1069 4467 dilatatur
1111 4413 1168 4467 in
1217 4411 1486 4466 deterius.
1531 4412 1716 4468 Unum
1773 4421 1958 4466 autem
2016 4411 2228 4466 habens
2261 4400 2304 4456 Β

639 4507 957 4563 testiculum
994 4514 1081 4563 est
1122 4507 1167 4562 is
1192 4507 1288 4577 qui
1316 4523 1385 4562 ex
1419 4505 1656 4562 dimidio
1698 4506 1954 4577 producit
1988 4505 2221 4561 fructus.

641 4643 747 4700 Cur
786 4642 1048 4699 Israelita
1080 4645 1376 4699 hostiarum
1416 4641 1627 4712 quidem
1660 4641 2000 4712 vescebantur
2039 4656 2225 4712 corpo-

711 4715 873 4775 ribus,
917 4715 1234 4785 sanguinem
1279 4710 1458 4767 autem
1492 4712 1781 4780 fundebant
1816 4711 1886 4765 ad
1926 4711 2097 4764 basim
2141 4710 2226 4763 at-

710 4786 843 4839 taris
863 4787 928 4839 7‘.

706 4899 972 4955 Israelita
1006 4915 1133 4956 cum
1167 4899 1280 4955 sint
1307 4899 1553 4970 pueriles
1574 4898 1825 4962 scientia,
1854 4897 2105 4953 ferebant
2132 4909 2220 4970 ty.-

636 5014 768 5070 pum
790 5013 986 5054 eorum
1019 4998 1113 5067 qui
1136 4997 1192 5052 in
1222 4999 1428 5068 pietate
1459 4997 1845 5052 instituuntur.
1869 4993 1972 5060 Qui
2006 5010 2138 5066 ergo
2165 4995 2220 5048 in

636 5089 840 5161 pietate
864 5087 1197 5152 instituitur,
1222 5088 1606 5143 mandatorum
1634 5085 1857 5158 quidem
1900 5085 2224 5156 exsequitur

633 5183 934 5245 actionem,
966 5189 1228 5250 tanquam
1269 5184 1466 5236 carn'es
1490 5181 1789 5237 comedens
1809 5195 1872 5235 ea
1899 5194 2022 5249 qua:
2060 5194 2226 5248 appa-

638 5283 764 5329 rent
786 5289 855 5329 cx
880 5273 1183 5328 virtutibus
1211 5292 1222 5326 :
1251 5274 1540 5338 moralem,
1557 5273 1805 5344 inquam,
1827 5270 2222 5333 eruditionem,

637 5367 753 5422 Deo
794 5374 978 5421 autem
1010 5380 1204 5421 eorum
1239 5366 1482 5421 rationes
1513 5365 1662 5420 cedit
1699 5381 1798 5435 per
1823 5362 2006 5427 ﬁdem,
2047 5363 2224 5418 solum

637 5457 875 5517 credens
913 5458 1060 5529 quod
1100 5458 1318 5514 divinas
1354 5457 1560 5513 habent
1604 5459 1864 5513 rationes.
1889 5457 2024 5512 Nam
2052 5457 2224 5510 altare

639 5546 867 5614 quidem
909 5556 994 5602 est
1025 5549 1124 5603 Dei
1171 5549 1500 5620 symbolum.
1538 5549 1672 5619 Ejus
1719 5558 1902 5603 autem
1951 5547 2101 5601 basis
2140 5555 2228 5601 est

640 5648 803 5708 typus
834 5639 981 5694 fidei.
1005 5640 1126 5710 Ipsa
1164 5642 1314 5696 enim
1342 5651 1428 5697 cst
1454 5641 1874 5697 fundamentum
1909 5639 2006 5695 Dei
2031 5638 2224 5710 cogni-

717 5817 759 5850 ⁶⁹
792 5817 965 5874 chit.
999 5834 1110 5885 rm,
1135 5819 1223 5875 :26.

2327 3129 2508 3190 ποδὸς,
2545 3130 2578 3197 ἡ
2611 3127 2836 3197 Οραῦσις
2866 3127 2968 3197 τῆς
3008 3128 3293 3199 δυνάμεως
3340 3128 3434 3182 τοῦ
3476 3128 3807 3200 ἐργάζεσθαι
3847 3128 3922 3182 τὰ

2326 3221 2488 3282 καλά,
2527 3223 2618 3273 καὶ
2655 3219 2897 3288 βαδίζειν
2933 3221 3026 3273 ἐπὶ
3061 3221 3130 3274 τά
3163 3220 3364 3288 ἀγαθά.
3393 3220 3606 3289 Κυρτὸς
3633 3219 3692 3273 δὲ
3723 3221 3753 3273 6
3781 3219 3920 3291 πρὸς

2325 3313 2396 3367 τὰ
2426 3312 2577 3366 κάτω
2605 3311 2884 3379 κεκυφὼς,
2913 3314 3010 3366 καὶ
3037 3313 3112 3383 μὴ
3137 3313 3433 3382 δυνάμενος
3461 3312 3570 3365 ἀπὸ
3590 3312 3699 3365 τῶν
3715 3312 3922 3380 γηΐνων

2327 3407 2632 3462 ἀνανεύειν.
2681 3406 2923 3476 Ἐφηλος
2967 3405 3044 3470 δὲ,
3075 3407 3104 3458 6
3147 3407 3256 3458 ἀπὺ
3291 3406 3597 3476 νοσήματος
3630 3403 3924 3475 μελανθεὶς

2327 3501 2428 3570 τὴν
2453 3499 2576 3569 ὖψιν
2605 3499 2699 3552 τοῦ
2738 3499 3031 3568 δέρματος,
3059 3495 3246 3558 ὁποῖός
3289 3497 3439 3548 ἐστιν
3468 3498 3496 3550 ὁ
3531 3495 3639 3549 ἀπὺ
3669 3496 3924 3566 ἁμαρτή-

2332 3609 2501 3662 ματος
2519 3591 2790 3662 ζοερωῡεὶς
2815 3592 2914 3659 τὴν
2935 3588 3135 3658 ψυχήν.
3170 3587 3364 3651 Πιλλδς
3379 3588 3434 3640 δὲ
3453 3589 3578 3651 τοὺς
3603 3587 3924 3658 ὀφθαλμοὺς

2328 3687 2355 3738 6
2389 3683 2602 3751 βλέπων
2633 3682 2752 3752 μὲν,
2799 3682 2894 3749 οὐχ
2930 3679 3098 3748 ὑγιῶς
3136 3679 3213 3743 δέ,
3251 3680 3324 3743 ὡς
3353 3681 3404 3732 οἱ
3451 3681 3747 3749 αἱρετικοὶ,
3782 3679 3926 3732 Θεὸν

2333 3778 2432 3849 μὲν
2467 3772 2607 3829 εἶναι
2638 3774 3007 3838 πιστεύοντες,
3033 3774 3132 3844 οὐχ
3163 3772 3330 3841 ὑγιῶς
3361 3773 3420 3826 δὲ
3449 3773 3576 3844 περὶ
3603 3771 3771 3826 αὑτοῦ
3790 3772 3924 3840 δογ-

2333 3868 2668 3937 ματίζοντες.
2702 3865 2961 3940 Ψῶραγδὲ
2995 3865 3166 3934 ἀγρία
3217 3865 3334 3916 κατ’
3358 3862 3655 3934 ἀναγωγὴν
3707 3863 3926 3927 πάθους

2329 3962 2493 4033 δριμὺ
2514 3960 2694 4032 ῥεῦμα
2723 3958 3127 4027 καταχεόμενον
3151 3957 3253 4026 τῆς
3274 3955 3476 4026 ψυχῆς,
3502 3955 3560 4022 ἐξ
3595 3955 3790 4026 ἡδονῆς
3818 3956 3926 4026 μὲν

2329 4055 2651 4125 ἀρχόμενον.
2691 4054 2769 4116 εἰς
2803 4050 2998 4121 πικρὸν
3035 4049 3091 4102 δέ
3138 4049 3311 4121 πέρας
3356 4050 3665 4119 καταλῆγον
3688 4066 3701 4079 ·
3732 4047 3926 4120 λειχὴν

2331 4147 2408 4212 δὲ,
2439 4148 2547 4201 πᾶν
2581 4145 2761 4200 ὁτιοῦν
2811 4141 2983 4205 πάθος
3031 4142 3201 4212 ἕρπον
3254 4143 3400 4197 κατά
3435 4144 3536 4212 τῆς
3585 4146 3785 4214 ψυχῆς,
3823 4144 3926 4197 καὶ

2334 4240 2694 4310 εύρυνόμενον
2735 4239 2816 4300 εἰς
2850 4236 2910 4288 τὸ
2951 4237 3154 4304 χεῖρον.
3193 4235 3467 4307 Μόνορχις
3507 4235 3584 4300 δὲ,
3619 4237 3648 4289 6
3684 4235 3744 4300 ἐξ
3783 4237 3923 4305 ἡμι-

2336 4332 2484 4396 σείας
2516 4331 2895 4404 καρπογονῶν.

2325 4639 2491 4691 Arari
2515 4640 2569 4690 ci
2602 4631 2970 4705 Ἰσραηλῖται
2992 4636 3063 4691 τὰ
3087 4637 3204 4707 μὲν
3223 4637 3471 4708 σώματα
3498 4637 3620 4691 τῶν
3642 4637 3922 4708 θυμάτων

2401 4709 2642 4776 ἢσθιον,
2698 4707 2769 4762 τὰ
2799 4708 2867 4761 δὲ
2889 4706 3110 4777 αἵματα
3151 4707 3300 4777 πρὸς
3346 4706 3462 4776 τὴν
3497 4706 3923 4779 ,βάσιν’ἕχεον

2399 4779 2506 4833 τοῦ
2537 4780 2997 4856 θυσιαστηρίου.

2403 4895 2465 4946 Οἱ
2503 4892 2838 4964 Ἰσραηλῖται
2869 4890 3164 4962 νηπιὼδεις
3197 4891 3341 4945 κατά
3391 4894 3594 4959 γνῶσιν
3630 4890 3787 4955 ὄντες
3827 4891 3923 4944 τύ-

2332 5002 2432 5039 πον
2464 4985 2658 5055 ἔφερον
2688 4984 2799 5037 τῶν
2819 4984 3190 5053 εἰσαγομένων
3210 4983 3348 5056 πρὸς
3378 4983 3687 5038 εὐσέϐειαν.
3721 4984 3783 5038 '0
3805 4983 3919 5038 τοί-

2331 5096 2426 5132 νυν
2451 5077 2587 5148 πρὸς
2609 5077 2892 5130 εὐσέϐειαν
2915 5075 3292 5147 εἰσαγόμενος,
3321 5075 3421 5147 τὴν
3450 5077 3550 5146 μὲν
3576 5075 3778 5147 πρᾶξιν
3809 5075 3920 5129 τῶν

2332 5168 2566 5221 ἐντολῶν
2597 5167 2872 5233 ἀποτελεῖ,
2898 5166 3152 5231 καθάπερ
3194 5167 3406 5237 σάρκας
3426 5165 3623 5220 ἐσθίων
3652 5166 3762 5219 τῶν
3793 5167 3923 5239 ἀρεο

2333 5262 2443 5316 τῶν
2465 5262 2535 5315 τά
2557 5261 2862 5330 φαίνομενα
2882 5276 2894 5289 ’
2929 5259 3074 5326 λέγω
3089 5259 3154 5330 δὴ
3185 5258 3283 5329 τὴν
3298 5258 3496 5329 ἠθικὴν
3513 5259 3918 5327 παιδαγωγίαν,

2334 5358 2530 5422 τουςδὲ
2551 5358 2741 5425 λόγους
2756 5355 2936 5409 αὐτῶν
2958 5353 3036 5425 τῷ
3057 5353 3174 5422 Θεῷ
3201 5354 3528 5424 παραχωρεῖ
3546 5350 3635 5404 διὰ
3658 5350 3919 5416 πίστεως,

2336 5452 2610 5504 πιστεύων
2644 5449 2802 5520 μόνον
2845 5449 2928 5501 ὃτι
2966 5447 3161 5516 λόγους
3207 5445 3394 5514 ἔχουσι
3446 5443 3648 5506 θείους.
3701 5444 3775 5497 Τὸ
3825 5447 3920 5515 μὲν

2335 5543 2444 5614 γὰρ
2474 5542 2860 5612 θυσιαστήριον
2891 5538 3028 5594 Θεοῦ
3063 5538 3354 5608 σύμϐολον,
3381 5539 3415 5605 ἡ
3435 5535 3494 5588 δὲ
3520 5535 3711 5589 τούτου
3740 5535 3919 5607 βάσις,

2335 5635 2503 5699 τύπος
2537 5632 2899 5706 τῆςίπίστεως
2923 5650 2937 5664 ο
2965 5630 3215 5694 θεμέλιος
3243 5630 3353 5700 γὰρ
3377 5628 3521 5701 αῦτη
3560 5628 3919 5698 θεογνωσίας,

1299 5820 1341 5852 ⁷⁰
1368 5819 1540 5877 Levit.
1585 5836 1690 5886 ut,
1732 5819 1790 5875 l8
1820 5833 2000 5888 seqq.
2047 5819 2086 5849 τι
2127 5815 2303 5871 Lmit.
2345 5829 2444 5864 xm
2473 5854 2480 5876 ,
2513 5816 2544 5861 ts
