4170 6330
291 423 430 483 121⁸1

1674 410 2079 469 εοιιιειῖτιιῖς
2088 410 2196 465 ΕΑ.

3423 382 3565 449 1218

290 547 476 600 πᾶσαν
521 546 619 615 τὴν
666 541 959 611 οἰκοδομὴν
1011 540 1113 611 τῆς
1172 538 1455 601 εὐσεϐείας
1511 534 1875 606 βαστάζουσα.

2007 530 2150 585 iouis
2184 536 2410 598 portans
2437 523 2757 577 universum
2791 516 3017 590 pietatis
3044 513 3359 570 :cdiﬁeium.
3401 510 3559 568 Chri-

293 636 529 707 Χριστὸς
560 634 617 686 δὲ
647 631 1097 702 παραγενόμενος
1136 634 1164 685 6
1193 630 1402 700 ἀληθὴς
1440 627 1734 699 ἀρχιερεὺς
1780 624 1876 678 καὶ

294 726 464 791 θύσας
494 724 709 787 ἑαυτὸν,
737 723 938 777 δέδωκε
965 725 1079 786 τοῖς
1098 722 1375 793 άνδρικοῖς
1405 722 1484 781 είς
1511 717 1710 787 γνῶσιν
1742 715 1880 786 μετὰ

295 816 399 887 τ’ἠς
429 814 634 887 σαρκὸς
661 814 756 868 καὶ
786 815 847 868 τὸ
880 809 1041 885 αἷμα.
1083 815 1140 867 '0
1172 815 1281 883 γὰρ
1302 811 1508 878 τέλειος
1551 811 1630 872 είς
1657 808 1879 879 ἀρετὴν,

296 910 394 963 καὶ
420 909 550 970 τοὺς
593 905 786 974 λόγους
817 905 930 958 τῶν
964 904 1195 959 ἐντολῶν
1221 903 1296 966 ὡς
1326 896 1467 973 αἷμα
1495 902 1640 953 πίνει
1661 898 1751 953 διὰ
1783 899 1881 969 τῆς

296 997 575 1069 γνώσεως.

692 1112 835 1178 Περὶ
862 1107 1094 1175 λέπρας
1128 1102 1242 1173 τῆς
1277 1106 1492 1171 οἰκίας.

384 1218 475 1274 Ἐν
499 1220 578 1290 τῷ
605 1220 759 1291 νόμῳ
782 1219 859 1290 τῷ
901 1217 1030 1288 περὶ
1053 1218 1153 1287 τῆς
1183 1217 1361 1279 οἰκίας
1396 1217 1626 1288 ἐχούσης
1655 1215 1885 1289 λέπραν,

301 1310 422 1365 δλον
449 1312 554 1384 δρα
580 1312 645 1365 τὸ
677 1310 773 1365 τοῦ
818 1308 1079 1379 Σωτῆρος
1118 1308 1276 1378 ἡμῶν
1310 1309 1627 1380 μυστήριον,
1670 1310 1763 1360 καὶ
1795 1306 1889 1359 τὸν

298 1403 392 1458 διά
414 1405 511 1457 106
533 1403 908 1474 βαπτίσματος
945 1402 1347 1471 καθαρισμόν.⁹
1370 1400 1480 1463 Τάς
1510 1398 1600 1452 δύο
1627 1398 1719 1452 τοῦ
1755 1401 1889 1470 Χρι-

303 1494 432 1549 στοῦ
464 1494 679 1564 φύσεις,
706 1487 783 1547 ὧν
811 1495 844 1565 ἡ
876 1492 975 1563 μὲν
997 1490 1204 1547 ἄνωθεν
1231 1490 1527 1562 κατῆλθεν,
1566 1493 1597 1562 ἡ
1627 1491 1683 1545 δὲ
1711 1492 1891 1544 κάτω-

302 1590 397 1646 θεν
444 1590 711 1661 ἀνῆλθεν,
768 1590 907 1660 μετὰ
950 1588 1051 1659 τὴν
1084 1587 1402 1642 ἀνάστασιν.
1465 1587 1653 1640 Ζῶντα
1699 1586 1758 1640 δὲ
1795 1585 1891 1640 καὶ

303 1684 546 1756 καθαρά,
580 1682 716 1736 διότι
745 1682 891 1752 ζωῆς
917 1682 1011 1735 καὶ
1039 1680 1413 1753 καθαρότητος
1443 1673 1603 1733 αὗται
1626 1696 1890 1749 παρεκτι-

303 1773 420 1828 καί.
464 1774 575 1827 Καὶ
604 1771 693 1825 διὰ
726 1771 827 1841 μὲν
850 1770 952 1824 106
989 1770 1238 1839 κεδρίνου
1275 1769 1434 1835 ξύλου
1481 1769 1543 1820 16
1570 1766 1894 1835 ἀδιάφθορον

1979 631 2101 679 stus
2158 630 2344 676 autem
2403 631 2532 671 eum
2594 612 2914 668 advenisset
2971 622 3139 663 verus
3196 603 3464 676 pontifex,
3513 614 3572 657 et

1980 714 2226 785 seipsum
2266 711 2649 772 saeriticassct,
2693 705 2847 761 dedit
2887 702 2954 757 iis
2987 690 3081 773 qui
3117 707 3247 755 sunt
3282 698 3455 753 fortes
3501 696 3571 753 ad

1983 807 2356 878 cognitionem
2381 846 2395 867 .
2428 820 2555 859 cum
2588 816 2754 856 carne
2813 798 2983 853 etiam
3034 794 3380 866 sanguinem.
3434 791 3573 845 Nam

1984 900 2079 969 qui
2102 908 2187 951 est
2219 899 2275 951 in
2298 898 2504 950 virtute
2528 893 2827 966 perfectus,
2854 888 3242 944 mandatorum
3280 886 3447 939 etiam
3488 896 3576 939 ra-

1985 995 2187 1059 tiones,
2218 1001 2479 1063 tanquam
2511 989 2861 1060 sanguinem,
2901 984 3045 1038 bibit
3079 998 3180 1052 per
3205 978 3518 1035 scientiam.

2482 1104 2561 1158 De
2602 1102 2750 1174 lepra
2790 1100 2975 1154 domus
2996 1100 3066 1151 ".

2058 1224 2118 1279 In
2144 1225 2262 1294 lege
2283 1223 2352 1277 dc
2374 1221 2538 1278 domo
2556 1220 2797 1273 habente
2820 1217 3032 1286 lepram
3048 1211 3176 1266 vide
3202 1218 3379 1265 totum
3401 1205 3580 1264 nostri

1989 1316 2309 1373 Servatoris
2336 1313 2661 1387 mysterium
2686 1353 2699 1375 ,
2734 1318 2789 1367 et
2834 1306 3222 1379 purgationem
3259 1317 3360 1372 per
3396 1299 3583 1371 bapti-

1990 1425 2192 1466 smum.
2230 1408 2366 1463 Nam
2410 1406 2569 1478 jubet
2594 1402 2818 1473 quidem
2866 1398 3010 1455 sumi
3051 1396 3191 1450 duas
3220 1392 3490 1455 aviculas,
3522 1396 3588 1444 ut

1988 1515 2089 1571 per
2120 1498 2258 1553 duas
2302 1495 2548 1551 aviculas
2597 1491 2876 1561 intelligas
2918 1489 3057 1543 duas
3088 1485 3295 1543 Christi
3328 1491 3585 1545 naturas,

1987 1606 2229 1663 quarum
2271 1592 2443 1645 altera
2487 1582 2710 1658 quidem
2757 1582 3045 1639 descendit
3094 1580 3356 1648 desuper,
3411 1577 3587 1631 altera

1993 1692 2176 1739 autem
2213 1682 2284 1737 ab
2330 1681 2457 1735 imis
2500 1686 2626 1750 post
2680 1674 3147 1731 resurrectionem
3186 1670 3461 1725 ascendit.
3487 1665 3587 1721 Vi-

1992 1784 2186 1831 ventes
2221 1782 2407 1828 autem
2450 1781 2507 1827 et
2545 1768 2787 1833 mundat,
2834 1774 3129 1837 propterea
3152 1761 3298 1833 quod
3334 1776 3415 1815 ea:
3447 1772 3590 1829 pra:-

305 1863 604 1919 αίνίττεται
641 1861 738 1916 τοῦ
770 1861 1023 1933 σώματος
1056 1859 1151 1914 τοῦ
1184 1858 1443 1927 Χριστοῦ,
1468 1858 1557 1912 διά
1585 1858 1642 1910 δὲ
1676 1856 1770 1910 106
1800 1874 1893 1909 κε-

2005 1869 2163 1924 beant
2198 1867 2368 1921 vitam
2412 1874 2469 1921 et
2506 1862 2827 1934 puritatem.
2869 1859 2938 1915 Et
2973 1873 3072 1929 per
3102 1857 3314 1926 lignum
3362 1851 3591 1923 quidem

305 1955 623 2027 κλωσμένου
656 1954 912 2009 κοκκίνου
942 1955 1067 2016 τοὺς
1091 1952 1577 2023 ἀναμεμιγμένους
1608 1948 1701 2002 δύο
1725 1965 1891 2020 κρου-

304 2050 431 2115 νοὺς
454 2049 684 2120 αἵματος
712 2049 807 2102 καὶ
847 2045 1117 2116 ὓδατο;,ἢ
1160 2046 1250 2098 τὸν
1278 2042 1499 2098 διπλοῦν
1524 2043 1682 2112 λόγον
1708 2040 1897 2112 θεότη-

302 2158 397 2204 τος
448 2144 545 2195 καὶ
600 2140 1043 2211 ἀνθρωπότητος.
1085 2137 1187 2191 ara
1244 2136 1302 2191 δὲ
1354 2134 1447 2188 τοῦ
1497 2132 1896 2211 ὑσσώπου-τὴν

307 2230 461 2296 ζέσιν
488 2231 583 2285 106
628 2232 787 2299 άγίου
830 2228 1169 2299 Πνεύματοςο
1202 2226 1380 2299 θερμὴ
1420 2228 1530 2297 γὰρ
1580 2226 1673 2278 καὶ
1708 2227 1741 2297 ἡ
1788 2224 1899 2276 πόα

308 2326 615 2396 σμηκτική.
669 2324 780 2377 Καὶ
833 2323 922 2377 διὰ
972 2324 1070 2393 μὲν
1119 2322 1213 2374 τοῦ
1254 2321 1458 2386 ζῶντος
1507 2318 1771 2391 ὀρνιθίιυ,
1805 2318 1899 2371 τόν

307 2418 492 2485 ζῶντα
524 2418 717 2485 Λόγον·
767 2416 855 2470 διὰ
902 2415 959 2469 δὲ
990 2416 1083 2469 τοῦ
1121 2416 1353 2489 αἵματος
1387 2412 1480 2467 τοῦ
1525 2412 1897 2483 ἐσφαγμένου,

304 2513 372 2565 τὸ
397 2512 581 2582 τίμιον
600 2506 742 2581 αἷμα
758 2512 855 2579 τῆς
875 2509 1322 2580 προσληφθείσης
1350 2507 1571 2578 σαρκός.
1602 2509 1702 2560 Διὰ
1725 2507 1782 2559 δὲ
1804 2503 1899 2558 τοῦ

308 2601 515 2666 ζῶντος
553 2601 767 2664 τίδατος,
794 2602 893 2671 τὴν
945 2600 1210 2663 ζωοποιὸν
1247 2601 1409 2670 χάριν
1447 2596 1543 2650 τοῦ
1582 2597 1900 2668 βαπτίσμα-

312 2710 431 2757 τος,
481 2687 527 2762 ᾧ
572 2690 1015 2764 περιρραίνεσθαι
1048 2690 1154 2761 χρὴ
1190 2689 1288 2761 τὴν
1317 2689 1519 2756 οίκίαν,
1549 2690 1668 2759 ἢτοι
1695 2688 1795 2759 τὴν
1826 2689 1903 2740 οἱ·

308 2785 588 2856 κουμὲνην
614 2784 865 2846 ἑπτάκιςο
893 2784 1071 2837 εἴτουν
1100 2783 1381 2854 μυστικῶς
1415 2782 1472 2835 δέ
1494 2798 1508 2813 ’
1551 2780 1901 2851 μυστικώτα-

309 2892 403 2940 τος
432 2875 542 2945 γὰρ
587 2870 741 2938 οὗτος
791 2875 820 2927 6
872 2874 1126 2946 ἀριθμός.
1167 2874 1241 2928 T6
1274 2872 1383 2939 ζῶν
1420 2870 1680 2945 ὀρνίθιον,
1724 2870 1904 2935 161$-

311 2966 787 3034 αποστελλόμινον
832 2965 943 3031 ἔξω
974 2967 1073 3035 τῆς
1104 2966 1314 3031 πόλεως
1351 2968 1432 3029 εις
1468 2965 1531 3018 16
1560 2965 1763 3028 πεδίον,
1797 2963 1906 3016 ἐδί-

311 3063 536 3127 δασκεν,
569 3062 653 3115 ὅτι
686 3061 913 3131 ζήσεται
959 3062 989 3114 ό
1021 3058 1312 3113 ἀποθανὼν
1359 3057 1624 3130 Χριστὸς,
1659 3058 1753 3111 καὶ
1799 3055 1907 3121 ἔξω

313 3154 410 3210 τοῦ
469 3155 679 3225 κόσμου
732 3152 1023 3223 γενόμενος
1087 3153 1510 3223 μεταστήσεται,
1563 3150 1658 3203 καὶ
1709 3151 1790 3213 είς
1844 3149 1907 3203 16

314 3246 494 3302 πλατὺ
526 3248 583 3301 δὲ
628 3246 724 3300 καὶ
774 3246 1019 3317 καθαρδν
1061 3246 1265 3310 πεδίον,
1296 3245 1389 3298 τὸν
1417 3242 1645 3315 οὐρανὸν
1673 3244 1909 3315 ἁναδρα-
1936 3230 1980 3290 C

318 3342 525 3411 μιῖται.

319 3453 593 3523 Ειρηκεν,
620 3455 654 3508 ό
692 3453 899 3523 νόμος·
934 3448 1055 3517 Τὴν
1080 3448 1381 3523 θυγατέρα
1424 3463 1545 3504 σου
1578 3450 1651 3523 οὐ
1697 3448 1912 3523 δώσεις

392 3519 472 3588 τῷ
505 3522 614 3589 υιῷ
654 3519 1157 3590 τοῧὰλλογενοῦς
1184 3519 1503 3590 άρχοξοτος,
1535 3520 1633 3574 καὶ
1664 3519 1781 3589 τὴν
1810 3523 1914 3574 θυ-

392 3587 612 3665 ⁸γτιτιξρὰ
635 3591 823 3649 αὐτοῦ
851 3595 925 3646 οὐ
948 3587 1131 3659 λήψῃ
1155 3589 1238 3655 τῷ
1265 3587 1375 3655 υἱῷ
1403 3605 1543 3646 σου.

392 3706 657 3777 Θυγάτηρ
703 3705 803 3777 μὲν
853 3703 964 3775 γάρ
997 3703 1093 3758 τοῦ
1121 3702 1467 3766 πιστεύοντος
1515 3702 1656 3767 νοὸς,
1694 3704 1729 3774 ἡ
1776 3703 1914 3771 ἀγα-

322 3795 394 3871 θὴ
437 3798 668 3861 διάνοια,
701 3797 816 3859 υίὸς
849 3795 907 3849 δὲ
936 3793 1103 3849 αὑτοῦ
1146 3796 1174 3847 6
1202 3795 1405 3863 ἀγαθὸς
1430 3794 1709 3866 λογισμός.
1747 3788 1914 3857 Αὖθις

321 3890 382 3944 δὲ
432 3888 683 3959 θυγάτηρ
740 3888 838 3959 μὲν
886 3885 980 3940 τοῦ
1023 3886 1347 3955 ἁλλογενοῦς
1381 3887 1663 3959 ἄρχοντος,
1736 3886 1769 3958 ἢ
1818 3884 1913 3939 τοῦ

320 3981 572 4037 διαῦόλου
614 3979 709 4035 τοῦ
747 3980 1006 4051 ἄρχοντος
1049 3981 1157 4034 τῶν
1209 3980 1427 4045 παθῶν,
1475 3982 1509 4052 ἡ
1540 3979 1754 4051 πονηρά
1801 3979 1915 4033 διὰ-

324 4090 466 4138 νοια,
504 4073 615 4136 υίὸς
645 4073 702 4126 δὲ
743 4072 912 4126 αὑτοῦ
943 4076 971 4127 6
1001 4072 1233 4143 πονηρὸς
1276 4072 1559 4145 λογισμός.
1598 4072 1675 4125 Οὐ
1721 4075 1826 4145 χρὴ
1857 4071 1913 4125 δὲ

324 4168 441 4230 τοῖς
469 4162 703 4233 ἀγαθοῖς
734 4165 801 4219 τά
833 4182 969 4237 πονη
981 4165 1047 4236 ρὰ
1074 4166 1495 4236 ἀναμίγνυσθαι.

332 4273 406 4329 T6
466 4272 690 4341 κτῆνός
772 4291 926 4344 σουΔ
961 4275 1032 4328 οὐ
1108 4276 1497 4344 κατοχεύσεις
1567 4275 1914 4344 ἐτεροζύνῳ,

397 4345 498 4399 καὶ
528 4345 636 4398 τὸν
688 4342 1015 4414 ἀμπελῶνά
1067 4360 1184 4398 σου
1230 4342 1303 4399 οὐ
1349 4342 1749 4415 κατασπερεῖς
1790 4342 1916 4401 διὰ-

398 4430 608 4484 φορον.

400 4527 610 4598 Κτῆνος
641 4526 876 4582 ἐνταῦθα
916 4527 1065 4597 λέγει
1104 4528 1167 4582 τὸ
1204 4527 1495 4599 ὑποζύγον*
1539 4529 1630 4584 διὰ
1656 4530 1749 4584 106
1781 4532 1916 4585 ὐπο-

333 4619 524 4689 ζυγίου
576 4620 632 4673 δὲ
674 4621 736 4672 τὸ
775 4620 1091 4691 ὑποχείριον
1130 4620 1278 4675 ἆπαν
1321 4621 1640 4688 αἰνίττεται,
1674 4622 1913 4677 κελεύων

332 4712 445 4774 τοῖς
465 4710 814 4781 ἡγουμένοις,
845 4712 921 4782 μὴ
956 4714 1256 4782 συγχωρεῖν
1277 4712 1587 4781 ὑπάγεσθαι
1619 4717 1730 4777 τοῖς
1754 4731 1917 4787 σπερ-

336 4806 631 4875 ματισμοϊς
685 4802 795 4857 τῶν
834 4802 1156 4875 ἑτεροδόξων
1183 4804 1311 4868 τοὺς
1338 4806 1443 4858 ὑπὸ
1477 4808 1655 4877 χεῖρα,
1695 4808 1769 4877 μή
1797 4823 1914 4871 πως

332 4900 605 4970 ἂτιροφυὴ
641 4896 735 4951 καὶ
772 4895 902 4949 νόθα
938 4896 1142 4949 τέκωσι
1187 4895 1457 4967 δόγματα.
1514 4898 1682 4952 Πάλιν
1713 4900 1771 4951 δὲ
1805 4899 1916 4969 άμ-

338 4989 558 5046 πελῶνα
601 4987 762 5043 καλεῖ
790 4988 915 5052 τοὺς
954 4990 1545 5059 καταπεφυτευμένους
1576 4992 1635 5044 ὲν
1674 4994 1745 5062 τῇ
1791 4993 1917 5046 Ἐκ-

334 5084 557 5155 κλησίᾳ,
593 5082 688 5146 οὓς
716 5083 777 5134 οὐ
807 5084 916 5154 χρὴ
948 5084 1197 5155 παρορᾷν
1228 5084 1763 5157 κατασπειρομένους
1802 5086 1916 5140 δια-

334 5175 538 5246 φόρως,
568 5174 746 5227 εῐτουν
786 5172 1047 5237 ποικίλως
1086 5172 1301 5227 ἀσεϐῶν
1325 5174 1657 5245 σπέρμασιψ
1697 5177 1784 5229 ἵνα
1842 5176 1918 5248 μὴ

334 5266 510 5321 ταῦτα
538 5265 637 5336 τὴν
666 5265 869 5336 ἰκμάδα
904 5265 999 5319 καὶ
1042 5266 1274 5339 πιότητα
1294 5266 1402 5319 τῶν
1425 5266 1617 5338 ψυχῶν
1640 5268 1821 5322 αὐτῶν
1839 5273 1919 5335 είς

337 5354 509 5409 ιαυτά
554 5350 979 5426 δαπανήσαντα,’
993 5357 1292 5427 ποιήσωσιν
1317 5355 1487 5419 αὐτὰς
1526 5358 1810 5430 ἀκάρπους
1839 5363 1920 5425 είς

337 5448 437 5520 τὴν
469 5447 775 5503 εὐσέϐειαν.

418 5538 853 5613 Ἐξοστρακίζων
888 5542 987 5615 τὴν
1029 5542 1289 5613 βλακείαν
1339 5546 1368 5597 ὀ
1416 5545 1572 5610 Θεὸς,
1622 5548 1720 5600 καὶ
1751 5548 1923 5619 μόνης

339 5634 595 5703 γενέσθαι
630 5634 731 5706 τῆς
762 5635 952 5707 χρείας
996 5637 1125 5701 τοὺς
1152 5637 1428 5702 ὑπηκόους
1453 5637 1797 5711 βουλόμενος,
1834 5640 1922 5695 διά

344 5722 445 5797 μὲν
477 5725 570 5780 106
600 5728 677 5799 μὴ
728 5729 1074 5815 συνυφαίνειν
1101 5729 1245 5785 λίνον
1282 5731 1376 5785 καλ⁵
1411 5732 1579 5804 ἔριον,
1609 5732 1708 5804 τὴν
1745 5750 1924 5787 ποικι-

1999 1958 2287 2015 ccdrinum
2304 1956 2647 2028 aenigmatice
2674 1952 2947 2025 significat
2972 1946 3447 2017 incorruptionem
3470 1957 3594 1998 cor-

1997 2053 2150 2124 poris
2182 2052 2411 2108 Christi.
2437 2052 2544 2106 Per
2581 2056 2851 2105 retortum
2892 2054 3077 2101 autem
3105 2042 3416 2103 coccinum,
3449 2037 3595 2093 duos

1998 2145 2181 2201 fontes
2218 2146 2410 2200 mislos
2449 2144 2715 2216 sanguine
2756 2150 2812 2195 et
2843 2155 3007 2210 aqua,
3040 2145 3138 2194 aut
3176 2135 3457 2206 duplicem
3500 2146 3596 2186 ra-

1999 2236 2207 2291 tionem
2247 2233 2559 2289 divinitatis
2600 2240 2658 2288 et
2704 2227 3086 2285 humanitatis.
3141 2228 3246 2282 Per
3292 2225 3595 2296 hyssopum

2001 2335 2221 2391 autem,
2258 2326 2530 2381 fervorem
2570 2323 2813 2395 Spiritus
2850 2320 3031 2376 sancti
3062 2337 3073 2371 :
3106 2325 3192 2373 est
3226 2315 3376 2372 enim
3420 2312 3598 2369 herba

2002 2419 2179 2476 calida
2232 2427 2288 2473 et
2332 2418 2443 2471 vim
2480 2415 2694 2471 habens
2737 2411 3115 2484 abstergendi.
3160 2409 3231 2465 Et
3275 2423 3376 2479 per
3414 2406 3597 2461 vivam

2003 2512 2228 2584 quidem
2258 2511 2551 2575 aviculam,
2578 2509 2763 2563 vivum
2791 2506 3033 2563 Verbum
3057 2521 3070 2570 ;
3099 2506 3208 2575 per
3228 2508 3479 2556 mactatae
3502 2515 3601 2553 au-

2004 2617 2117 2663 tem
2155 2604 2514 2675 sanguinem,
2555 2602 2864 2673 pretiosum
2921 2598 3249 2670 sanguinem
3301 2600 3602 2663 assumpta:

2004 2699 2210 2754 carnis.
2236 2699 2342 2754 Per
2372 2712 2570 2767 aquam
2611 2704 2796 2750 autem
2820 2694 3025 2757 vivam,
3060 2688 3337 2745 viviﬁcam
3365 2686 3601 2759 gratiam

2005 2789 2375 2862 baptismatis,
2393 2803 2506 2859 quo
2527 2795 2748 2858 oportet
2770 2786 3019 2840 domum.
3034 2782 3087 2838 id
3112 2790 3199 2837 est
3224 2781 3415 2836 orbem
3436 2788 3604 2834 terra:

2006 2880 2224 2951 aspergi
2253 2880 2477 2950 septies.
2504 2894 2600 2933 seu
2631 2878 2883 2949 mystice.
2917 2876 3017 2931 Est
3040 2874 3191 2929 enim
3222 2873 3313 2928 hic
3338 2885 3607 2926 numerus

2008 2971 2246 3026 maxime
2262 2971 2545 3043 mysticus.
2564 2969 2793 3025 Avicula
2814 2977 2999 3023 autem
3016 2982 3140 3037 quae
3156 2966 3433 3021 emittitur
3446 2971 3604 3018 extra

2009 3050 2293 3121 civitatem
2322 3064 2378 3119 in
2400 3078 2681 3135 campum,
2711 3062 2949 3118 docebat
2976 3060 3123 3131 quod
3158 3067 3413 3114 mortuus
3442 3056 3609 3113 Chri—

2011 3162 2131 3210 stus
2157 3154 2325 3219 vivet,
2353 3162 2409 3209 et
2448 3169 2573 3208 cum
2616 3153 2785 3208 fuerit
2813 3160 2970 3209 extra
3000 3149 3292 3213 mundum,
3318 3146 3604 3220 migrabit,

2011 3258 2068 3303 et
2096 3248 2150 3302 in
2182 3248 2353 3303 latum
2387 3256 2445 3303 et
2470 3262 2671 3318 purum
2713 3261 2991 3316 campum,
3033 3258 3234 3315 nempe
3260 3242 3486 3306 ccelum,
3512 3256 3607 3295 re-

2010 3343 2279 3395 vertetur.

2010 3454 2120 3509 Lea:
2149 3455 2323 3509 dixit:
2350 3452 2543 3508 Filiam
2577 3461 2723 3507 tuam
2752 3471 2857 3508 non
2876 3453 3025 3507 dabis
3049 3451 3163 3521 ﬁlio
3195 3450 3447 3523 principis
3465 3449 3610 3523 alien

2083 3527 2308 3596 nigrante,
2342 3534 2391 3577 et
2426 3526 2541 3597 ejus
2575 3524 2750 3594 ﬁliam
2789 3542 2893 3579 non
2939 3519 3169 3595 accipias
3196 3519 3325 3589 'ﬁlio
3354 3529 3443 3574 tuo
3465 3519 3533 3574 ⁷⁸.

2082 3700 2218 3756 Nam
2244 3702 2449 3756 mentis
2487 3695 2712 3773 quidem
2750 3700 2932 3757 ﬁdelis
2960 3701 3070 3756 ﬁlia
3097 3708 3183 3757 est
3222 3701 3367 3757 bona
3402 3701 3613 3773 cogita-

2013 3794 2121 3859 tio;
2165 3794 2287 3864 ejus
2311 3801 2495 3848 autem
2525 3793 2670 3849 ﬁlius
2696 3804 2783 3849 est
2812 3794 2959 3849 bona
2990 3793 3363 3849 ratiocinatio.
3394 3794 3611 3850 Rursus

2015 3895 2198 3942 autem
2223 3885 2330 3941 ﬁlia
2354 3886 2580 3957 quidem
2611 3886 2881 3957 principis
2906 3886 3252 3956 alienigenas,
3277 3901 3374 3941 seu
3401 3886 3610 3942 diaboli

2014 3982 2283 4053 principis
2314 3982 2576 4037 vitiorum
2620 3989 2676 4036 et
2715 3992 2965 4037 motuum
2994 3981 3185 4045 animi,
3217 3990 3302 4036 est
3334 3981 3476 4036 mala
3512 3994 3611 4035 co-

2016 4075 2240 4137 gitatio:
2266 4074 2385 4137 eius
2411 4083 2595 4129 autem
2624 4072 2772 4128 ﬁlius
2802 4081 2888 4129 est
2926 4073 3069 4128 mala
3096 4072 3468 4129 ratiocinatio.
3488 4072 3611 4129 Non

2017 4177 2238 4229 oportet
2264 4176 2449 4222 autem
2478 4167 2619 4222 mala
2654 4166 2877 4222 misceri
2903 4178 3031 4222 cum
3056 4166 3240 4221 bonis.

2016 4281 2323 4337 Iumentum
2349 4291 2499 4334 tuum
2522 4297 2626 4334 non
2651 4279 2810 4349 facies
2833 4280 2974 4333 coire
2993 4296 3111 4334 cum
3140 4278 3368 4333 animali
3393 4278 3612 4334 alterius

2090 4354 2407 4437 generis”!
2462 4353 2698 4405 vinctum
2726 4360 2875 4405 tuum
2921 4367 3027 4403 non
3078 4366 3220 4404 seres
3263 4350 3469 4404 diverso
3527 4366 3615 4405 se-

2091 4440 2252 4478 mme.
3507 4442 3519 4451 '

2089 4538 2412 4594 Jumentum
2442 4537 2533 4592 hic
2562 4536 2697 4591 dicit
2737 4534 2940 4593 animal
2973 4533 3294 4605 subjugale;
3326 4531 3615 4605 subjugale

2020 4644 2207 4690 autem
2228 4635 2570 4705 aenigmatice
2589 4630 2863 4703 signiﬁcat
2881 4628 3148 4701 quidquid
3167 4638 3253 4683 est
3279 4627 3611 4699 subjectum,

2015 4724 2216 4795 jubens
2238 4721 2564 4777 ductoribus
2592 4737 2662 4777 ne
2689 4721 3014 4792 permittant
3051 4718 3331 4790 subjectos
3355 4717 3615 4789 subjungi

2020 4816 2481 4872 seminationibus
2504 4830 2699 4870 eorum
2743 4815 2837 4886 qui
2871 4823 3002 4868 sunt
3032 4813 3237 4868 diversi
3266 4813 3509 4884 generis,
3543 4827 3616 4868 ne

2019 4904 2331 4960 adulterina
2358 4906 2576 4975 pariant
2604 4904 2879 4976 dogmata.
2912 4905 3126 4959 Rursus
3154 4913 3341 4958 autem
3368 4905 3619 4961 vinetum

2020 5006 2183 5051 vocat
2204 5010 2302 5051 eos
2329 4995 2424 5066 qui
2463 5002 2594 5050 sunt
2628 4993 2858 5064 plantati
2902 4993 2957 5048 in
2999 4992 3277 5056 Ecclesia,
3326 5008 3467 5063 quos
3505 5005 3618 5047 non

2024 5096 2245 5159 oportet
2277 5087 2564 5157 despicere
2604 5086 2823 5141 diverse
2864 5101 2962 5141 seu
2988 5086 3141 5141 varie
3183 5085 3483 5141 seminatos
3512 5084 3623 5139 im-

2025 5172 2246 5254 piorum
2270 5179 2610 5246 seminibus;
2636 5194 2707 5233 ne
2731 5178 2775 5234 si
2806 5194 2871 5233 ea
2897 5193 3123 5233 succum
3146 5187 3203 5233 et
3226 5176 3621 5248 pinguedinem

2025 5291 2219 5333 eorum
2246 5276 2555 5330 animarum
2591 5274 2647 5327 in
2679 5288 2737 5329 se
2764 5270 3232 5342 consumpserint,
3264 5286 3359 5326 eas
3383 5269 3625 5325 efﬁciant

2028 5369 2246 5427 steriles
2267 5368 2336 5424 ad
2361 5368 2641 5439 pietatem.

2102 5550 2250 5607 Dens
2266 5551 2455 5605 volens
2474 5565 2606 5606 suos
2622 5547 2995 5605 exterminare
3015 5544 3304 5600 mollitiem
3326 5557 3391 5599 ac
3410 5542 3627 5605 luxum,

2034 5649 2091 5698 et
2111 5643 2250 5698 nihil
2273 5657 2522 5714 quaerere
2546 5649 2748 5713 praeter
2770 5654 2955 5705 usum,
2980 5653 3080 5711 per
3102 5637 3208 5692 hoc
3230 5634 3453 5707 quidem
3478 5633 3627 5705 quod

2030 5734 2189 5806 jubet
2217 5750 2328 5791 non
2360 5743 2657 5791 contexere
2690 5733 2866 5789 linum
2896 5741 2952 5788 et
2993 5732 3195 5794 lanam,
3239 5722 3627 5783 exterminavit

406 5878 455 5916 ⁷³
483 5881 660 5938 chit.
699 5900 783 5950 xv,
810 5885 881 5941 55
910 5901 1066 5957 seqq.
1143 5888 1187 5919 ⁷³
1215 5866 1385 5943 Exod.
1424 5904 1602 5956 xxxiv,
1634 5889 1728 5955 ιω
1764 5889 1921 5946 Deut.
1957 5906 2050 5955 vn,
2085 5891 2139 5947 5.
