4098 6344
555 321 697 382 1219

1795 311 1850 364 S.
1892 308 2172 366 CYRILLI
2209 310 2300 365 ΕΤ
2339 310 2648 367 Αιιοιιωι

551 436 910 493 varietatem:
931 449 1030 505 per
1053 434 1158 487 hoc
1175 438 1363 485 autem
1388 426 1535 498 quod
1556 440 1666 480 non
1688 439 1988 495 purpuram
2005 437 2138 477 cum

2253 424 2364 476 ιίαν
2386 423 2635 493 ἐξώρισε
2677 423 2766 477 διὰ
2795 424 2853 478 ὁὶ
2895 425 2991 478 τοῦ
3033 424 3110 496 μὴ
3156 421 3454 496 πυρφόραν
3498 421 3620 483 τοῖς
3666 417 3844 482 λίνοις.

551 529 699 592 lino,
726 525 1114 583 exterminavit
1157 521 1394 577 nimium
1435 527 1716 589 sumptum
1750 527 1814 572 'et
1845 526 2138 580 ornatum;

551 637 657 692 per
685 620 792 675 hoc
833 627 1016 674 autem
1046 614 1195 686 quod
1234 613 1394 685 jubet
1431 627 1553 667 esse
1583 609 1851 666 sollicitos
1877 609 1947 664 de
1990 609 2142 678 lepra

554 714 795 768 vestium
828 718 886 766 et
910 709 1175 780 lapidum.
1206 705 1492 778 prohibuit
1522 701 1804 773 possidere
1830 701 1954 771 plus
1975 716 2139 771 quam

552 817 693 858 usus
728 801 986 872 postulet.
1026 797 1306 868 Repositis
1332 797 1478 850 enim
1503 793 1754 848 vestibus
1789 802 1847 846 et
1887 791 2142 846 inanibus

555 893 811 948 domibus
836 891 942 944 hoc
966 890 1186 945 accidit.
1220 887 1340 942 Alia
1370 894 1555 940 autem
1584 884 1797 938 ratione
1829 899 1930 954 per
1967 882 2141 937 linum

553 995 613 1041 et
643 985 822 1040 lanam
854 983 1098 1037 ostendit
1124 995 1339 1035 morum
1367 977 1772 1048 duplicitatem,
1799 990 1922 1030 eam
1947 975 2140 1045 prohi-

555 1075 714 1133 beas.

837 1209 956 1265 Non
979 1210 1158 1264 ambis
1179 1207 1342 1263 simul
1363 1209 1420 1263 in
1441 1206 1605 1262 vitulo
1621 1215 1670 1262 et
1688 1208 1860 1262 asino.

627 1347 805 1404 Vitam
839 1357 989 1402 tuam
1016 1364 1128 1403 non
1167 1347 1247 1402 ita
1273 1362 1432 1419 geres
1466 1355 1529 1402 ut
1556 1345 1881 1402 industriam
1911 1344 2115 1413 conjun

550 1456 652 1513 gas
675 1455 801 1495 cum
830 1440 1084 1496 libidine.
1114 1439 1332 1495 Statera
1366 1440 1514 1510 iusta
1553 1447 1612 1494 et
1640 1453 1795 1508 aqua
1829 1443 1961 1491 sunt
2000 1450 2142 1505 pon-

554 1531 707 1596 dera,
745 1532 930 1602 justus
964 1532 1184 1586 modius
1218 1546 1531 1601 .zquusque
1564 1529 1855 1584 sextarius.
1901 1527 2145 1582 Diversis

553 1625 642 1681 his
688 1625 966 1679 mensuris
1002 1624 1344 1694 aenigmatice
1375 1621 1646 1691 signiﬁcat
1668 1621 1920 1676 diversos
1951 1619 2146 1673 modos

545 1716 807 1788 justitia;
847 1713 1120 1771 sextarius
1141 1715 1288 1768 enim
1326 1728 1597 1767 mensurae
1633 1712 1848 1782 species
1877 1719 1963 1767 est
1994 1708 2141 1780 apud

2244 516 2344 588 τὴν
2373 517 2722 571 πολυτέλειαν
2746 518 2843 569 καὶ
2869 517 2962 570 τὸν
2999 517 3418 587 καλλωπισμόν*
3438 515 3534 569 διὰ
3559 513 3624 566 δὲ
3650 511 3746 565 τοῦ
3762 513 3846 564 λέ-

2245 627 2394 680 πραν
2427 611 2666 680 ἱματίων
2695 610 2792 665 καὶ
2812 609 2976 664 λίθων
2998 608 3498 682 περιεργάζεσθαι,
3532 606 3599 660 τὸ
3618 603 3845 659 κτᾶσθαι

2244 703 2410 757 πλέον
2444 704 2541 774 τῆς
2585 704 2778 776 χρείας
2815 703 3188 776 ἀπηγόρευσε.
3243 699 3374 765 Τοῖς
3400 701 3518 770 γὰρ
3557 697 3845 759 ἀποίνοις

2252 797 2492 866 ίματίοις
2529 798 2624 849 καὶ
2662 799 2786 858 ταῖς
2840 799 3024 859 κεναίς
3068 794 3273 858 οίκιαις
3318 791 3482 846 τοῦτο
3516 789 3841 844 συνῶσαι.

2247 887 2384 939 Καθ’
2412 888 2600 958 ἓτερον
2647 887 2706 940 δὲ
2750 887 2930 956 λόγον,
2978 885 3067 939 διὰ
3095 886 3192 939 τοῦ
3237 885 3386 938 λίνου
3432 883 3538 936 καὶ
3571 882 3674 935 τοῦ
3704 881 3842 951 ἐρίου

2242 981 2342 1052 τὴν
2371 981 2468 1034 τοῦ
2504 982 2708 1053 τρόπου
2751 980 2976 1051 διπλόην
3012 978 3292 1047 ἐνέφηνεν,
3335 972 3722 1044 ἀπαγορεύων
3747 973 3842 1026 αό-

2242 1074 2364 1144 τήν.

2246 1212 2368 1266 οὐκ
2398 1209 2781 1279 ἁροτριάσεις
2809 1209 2880 1263 ἐν
2911 1208 3126 1279 μόσχῳ
3146 1205 3250 1262 καὶ
3275 1205 3396 1270 ὄνῳ
3436 1203 3544 1258 ἐπὶ
3569 1203 3638 1256 τὸ
3670 1202 3840 1256 αὐτό.

2315 1345 2392 1399 Οὐ
2423 1346 2716 1417 πολιτεύσῃ
2747 1343 3014 1411 συζεύξας
3032 1345 3091 1399 τὺ
3117 1344 3403 1415 φιλόπονον
3437 1359 3536 1396 σου
3572 1341 3656 1413 τῷ
3686 1343 3840 1411 φιλη-

2241 1437 2396 1507 δόνῳ.
2421 1437 2570 1506 Ζυγά
2609 1438 2816 1506 δίκαια,
2845 1441 2941 1490 καὶ
2969 1438 3211 1510 σταθμία
3238 1438 3446 1500 δίκαια,
3488 1438 3588 1490 καὶ
3619 1435 3749 1506 χοῦς
3765 1434 3840 1487 δί-

2246 1547 2401 1594 καιος
2427 1529 2582 1584 ἔσται
2609 1548 2713 1584 σοι.
2741 1532 2869 1592 Ἰόίς
2883 1530 3162 1602 διαφόροις
3194 1531 3414 1601 μέτροις
3443 1529 3672 1591 τούτοις
3722 1529 3845 1589 ruit;

2243 1623 2536 1693 διαφόρους
2566 1625 2804 1694 τρόπους
2849 1624 2952 1693 τῆς
2976 1623 3326 1692 δικαιοσύνης
3365 1623 3703 1676 αἰνίττεται.
3737 1618 3844 1672 Καὶ

2245 1718 2274 1768 ό
2296 1715 2424 1785 χοῦς
2457 1717 2587 1787 γὰρ,
2615 1712 2755 1778 εἶδος
2809 1716 3010 1787 μέτρου
3038 1715 3170 1785 παρ’
3204 1714 3506 1785 Ἑϐραίοις·
3552 1713 3685 1777 νοῦς
3738 1712 3840 1781 γὰρ

555 1807 838 1864 Hebraeos.
896 1807 1047 1861 Mens
1094 1813 1244 1860 recta
1290 1815 1346 1859 et
1397 1819 1587 1860 amans
1625 1804 1853 1874 iustitia:
1900 1802 2140 1873 quodam

2253 1807 2415 1878 εὐθής
2441 1826 2498 1861 τε
2529 1808 2622 1860 καὶ
2649 1809 3001 1878 φιλοδίκαιος,
3025 1806 3567 1878 ταλαντεύειτρόπον
3604 1806 3731 1858 τινα
3753 1804 3842 1857 καὶ

553 1900 721 1955 modo
744 1900 976 1954 trutinat
997 1906 1054 1953 et
1078 1898 1305 1952 metitur
1349 1912 1533 1951 rerum
1557 1906 1804 1962 naturas,
1837 1897 2142 1966 unicuique

554 1991 611 2047 id
645 1990 789 2062 quod
835 1989 996 2044 decet
1034 1990 1358 2044 examinans
1386 2005 1451 2044 ac
1483 1988 1812 2054 demetiens,
1847 2003 2029 2058 neque
2073 2003 2144 2042 eo

555 2083 702 2154 quod
761 2080 982 2151 deficit,
1035 2096 1214 2150 neque
1259 2081 1403 2151 quod
1425 2080 1695 2145 abundat,
1736 2080 2048 2137 dissolvens
2085 2079 2143 2135 id

552 2175 700 2244 quod
727 2191 851 2230 esse
879 2182 1098 2244 Oportet
1116 2182 1370 2228 exactum
1399 2183 1455 2228 et
1480 2183 1818 2228 accuratum.

935 2420 1029 2475 EX
1068 2418 1271 2474 LlBRO
1308 2418 1765 2475 NUMERORUM.

548 2534 696 2590 Iussi
730 2547 854 2589 sunt
893 2534 1096 2604 Moyses
1127 2541 1178 2587 et
1210 2536 1392 2588 Aaron
1424 2535 1494 2588 ad
1533 2535 1657 2588 belli
1700 2536 1867 2590 aciem
1902 2538 2139 2600 visitare,

625 2608 722 2660 hoc
744 2615 840 2666 est.
858 2606 1146 2659 describere
1167 2621 1321 2658 omne
1342 2605 1694 2659 masculinum
1714 2622 1778 2660 ex
1797 2607 1925 2676 filiis
1944 2607 2138 2670 Israel,

627 2694 661 2759 ει
693 2677 1069 2798 υἰρὶἔιιέεαζιέιοε
1098 2686 1224 2729 nato
1249 2684 1298 2727 et
1329 2692 1514 2746 supra,
1550 2677 1833 2745 quemlibet
1865 2688 2142 2732 exeuntem

627 2763 680 2798 in
713 2763 793 2798 mr
817 2763 851 2798 ιι
991 2787 1005 2798 .

625 2763 680 2800 tu
713 2763 905 2800 υιηιιιε
948 2763 956 2774 ⁸
967 2763 1005 2798 ⁷.

625 2945 817 3002 Omnis
842 2944 989 2999 enim
1025 2944 1119 3016 qui
1144 2946 1413 3016 puerilem
1445 2947 1681 3003 excessit
1709 2949 2142 3006 imbecillitatem

553 3048 614 3093 et
635 3038 946 3100 mollitiem.
972 3047 1030 3091 et
1049 3039 1161 3108 jam
1183 3037 1360 3092 evasit
1380 3039 1462 3092 vir
1481 3048 1539 3092 et
1563 3038 1721 3093 fortis
1741 3040 1810 3094 ad
1834 3042 2142 3111 suscipien-

2254 1903 2446 1970 μετρεί
2472 1902 2571 1964 τὰς
2615 1901 2722 1954 τῶν
2755 1901 3096 1972 πραγμάτων
3131 1899 3344 1969 φύσεις,
3368 1897 3700 1969 δοκιμάζων
3755 1898 3842 1951 καὶ

2250 1995 2794 2067 ὲπιμετρῶνὲκάοτῳ
2819 1994 2881 2048 τὺ
2919 1995 3148 2068 πρέπον,
3182 1992 3308 2047 οὕτε
3339 1992 3417 2064 τῷ
3447 1993 3697 2058 ἐλλιπεῖ,
3725 1989 3839 2045 οὔτε

2249 2086 2328 2157 τῷ
2344 2086 2584 2158 περιττῷ
2607 2087 2709 2159 τὴν
2729 2087 3016 2161 ἀκρίϐειαν
3049 2087 3367 2160 παραλύων.

2561 2403 2700 2456 THE
2732 2402 2982 2457 ΒΙΒΛΟΥ
3015 2402 3155 2455 ΤΩΝ
3190 2400 3528 2456 ΔΡΙΘΜΩΝ.

2263 2539 2754 2605 Ἐκελεύσθησαν
2778 2537 3005 2606 Μωσῆς
3030 2537 3132 2592 καί
3155 2537 3374 2606 Ἀαρὼν
3394 2539 3481 2602 εἰς
3506 2536 3842 2605 παράταξιν

2319 2609 2418 2662 καὶ
2455 2609 2723 2676 πόλεμον
2744 2607 3212 2677 ἐπισκέψασθαι,
3251 2606 3414 2662 τοῦτ’
3447 2607 3653 2677 ἐοτιν,
3699 2608 3840 2663 d10-

2319 2678 2666 2748 γράψασθαι
2716 2678 2914 2732 πάντα
2957 2676 3189 2747 ἄρσενα
3242 2678 3361 2732 τῶν
3397 2676 3552 2732 υίῶν
3598 2677 3842 2746 Ἰσραὴλ

2319 2751 2438 2804 ἀπὸ
2457 2750 2846 2814 είκοσαετοῦς
2859 2749 2957 2804 καί
2974 2748 3197 2816 ἐπάνω,
3227 2748 3427 2803 πάντα
3443 2751 3841 2818 ἐκπορευόμε-

2319 2837 2433 2874 νον
2457 2821 2530 2874 ἐν
2546 2819 2816 2889 δυνάμει.

2319 2958 2438 3020 Πᾶς
2456 2955 2567 3028 γὰρ
2589 2956 2836 3029 υπερὸἀς
2867 2956 2966 3029 τὴν
3007 2959 3266 3027 milith
3296 2955 3586 3010 ἀσθένειαν
3622 2956 3723 3012 καὶ
3745 2975 3849 3028 μα-

2253 3050 2466 3111 λακίαν,
2497 3049 2594 3101 καὶ
2617 3047 2721 3119 ήδη
2749 3048 3040 3118 γενόμενος
3069 3047 3324 3118 ἀνδρικὸς
3360 3048 3441 3109 είς
3468 3047 3670 3110 πόνους
3722 3048 3850 3110 τοὺς

559 3131 658 3185 dos
684 3130 903 3184 labores
929 3145 1032 3199 pro
1061 3130 1288 3194 virtute,
1320 3138 1378 3185 ct
1417 3131 1473 3185 in
1503 3132 1706 3186 virtute
1729 3141 1787 3186 et
1817 3133 2144 3190 fortitudine

2253 3141 2396 3212 ὑπὲρ
2446 3140 2669 3210 ἀρετῆς,
2704 3140 2799 3193 καὶ
2829 3139 3267 3212 ἐκπορευόμενος
3291 3141 3436 3192 κατά
3485 3139 3770 3210 δαιμόνων
3794 3141 3850 3192 ὲν

559 3225 671 3278 exit
699 3223 964 3277 adversus
999 3220 1298 3288 daemones,
1322 3223 1658 3280 describitur
1679 3235 1735 3280 et
1761 3226 1816 3280 in
1847 3215 2142 3282 numerum

560 3315 796 3371 refertur
821 3317 890 3370 ad
927 3316 1024 3371 Dei
1052 3318 1249 3383 aciem,
1276 3326 1334 3373 et
1367 3317 1428 3373 ﬁt
1460 3319 1557 3374 Dei
1587 3321 1768 3376 miles.
1796 3322 1932 3376 Nam
1967 3339 2147 3378 annus

559 3408 780 3478 quidem
813 3408 1138 3473 vicesimus,
1175 3409 1251 3463 lis’
1280 3409 1504 3479 quidem
1547 3412 1641 3481 qui
1681 3412 1737 3464 in
1772 3412 1978 3467 mundo
2004 3413 2150 3467 mili-

561 3508 698 3564 tant,
717 3499 919 3555 suﬂicit
938 3501 1006 3554 ad
1032 3501 1445 3575 intelligentiam
1467 3511 1526 3557 et
1557 3503 1960 3560 fortitudinem.
1987 3505 2150 3561 Tem-

561 3606 666 3662 pus
689 3599 875 3646 autem
901 3593 1048 3662 quod
1079 3601 1166 3647 est
1189 3593 1329 3647 infra
1353 3609 1474 3648 eam
1495 3602 1738 3660 aetatem,
1765 3595 2148 3665 imperfectum

559 3694 647 3739 est
672 3683 740 3738 ad
774 3691 1092 3753 utrumque.
1124 3685 1334 3755 Moyses
1371 3695 1555 3741 autem
1595 3696 1652 3742 et
1679 3689 1861 3744 Aaron
1883 3705 2150 3762 eoS‘quos

559 3777 800 3831 diximUs
838 3776 1253 3843 describentes,
1299 3778 1727 3850 prmﬁgurabant
1769 3782 1934 3839 ambo
1974 3801 2148 3839 unum

559 3868 840 3925 Christum
867 3869 1237 3940 legislatorem
1280 3872 1442 3926 simul
1476 3882 1533 3928 et
1578 3873 1897 3942 pontiﬁcem
1917 3917 1933 3942 ,
1967 3885 2024 3931 et
2054 3877 2151 3932 de-

561 3963 888 4032 scriptorem
910 3977 1106 4017 eorum
1127 3963 1223 4032 qui
1257 3964 1360 4034 ipsi
1393 3966 1649 4020 militant.

633 4075 1037 4130 Describuntur
1075 4086 1283 4142 autem,
1321 4078 1436 4132 Deo
1465 4079 1712 4149 iubente,
1755 4092 1814 4136 et
1847 4085 2149 4139 masculina

562 4165 748 4220 omnia
780 4167 958 4222 tribus
982 4166 1267 4231 Leviticaa,
1294 4175 1352 4222 et
1374 4170 1678 4225 masculina
1703 4180 1759 4226 et
1784 4173 2148 4246 primogenita

563 4258 678 4315 sola
690 4259 922 4313 aliarum
940 4259 1184 4314 tribuum
1202 4260 1270 4315 ab
1283 4275 1394 4314 uno
1414 4277 1602 4316 mense
1617 4272 1674 4318 et
1690 4280 1876 4334 supra.
1895 4266 2000 4322 Sed
2017 4276 2152 4323 tem-

563 4367 669 4423 pus
688 4352 854 4406 unius
879 4353 1084 4406 mensis
1103 4363 1187 4406 est
1222 4360 1279 4406 et
1299 4352 1387 4406 his
1417 4362 1475 4408 ct
1504 4354 1613 4408 illis
1638 4356 1946 4426 symbolum
1972 4358 2151 4414 infan-

566 4444 656 4500 tiae
674 4443 978 4498 secundum
995 4442 1276 4498 Christum
1298 4445 1352 4498 in
1374 4444 1724 4515 simplicitate
1741 4458 1796 4504 et
1813 4449 2148 4506 innocentia.

2247 3232 2478 3301 δυνάμει
2504 3232 2599 3286 καὶ
2621 3233 2988 3302 γενναιότητι,
3003 3232 3084 3296 είς
3099 3229 3236 3284 Θεοῦ
3267 3230 3574 3300 παράταξιν
3596 3232 3854 3304 amns.

2251 3341 2430 3393 φεται,
2464 3325 2560 3377 καὶ
2590 3323 2830 3394 Χριστοῦ
2859 3324 3072 3392 γίνεται
3104 3323 3463 3398 στρατιώτης.
3507 3324 3570 3376 '0
3613 3326 3718 3396 μὲν
3742 3328 3853 3397 γὰρ

2250 3421 2496 3483 είκοστὸς
2529 3421 2773 3483 ἐνιαυτὸς
2791 3424 2903 3483 τοίς
2922 3420 3206 3490 κωμικῶς
3229 3419 3690 3490 στρατευομένοις
3716 3420 3852 3473 αὺτ-

2252 3513 2439 3584 ἀρκως
2486 3515 2567 3577 εἰς
2617 3513 2869 3586 ἀνδρείαν
2910 3514 3006 3568 καὶ
3045 3512 3281 3566 σύνεσιν.
3321 3515 3382 3567 ’0
3417 3513 3477 3566 δὲ
3549 3514 3855 3587 κατωτέρω

2253 3607 2442 3678 χρόνος
2471 3607 2666 3678 ἀτελὴς
2694 3609 2830 3680 πρὸς
2866 3609 3176 3680 ἀμφότερα.
3199 3609 3406 3679 Μωσῆς
3433 3607 3494 3662 δὲ
3522 3609 3854 3682 καὶ

2253 3700 2706 3769 ἀπογραφόμενοι
2735 3700 2863 3763 τοὺς
2901 3699 3248 3771 εἰρημένους,
3287 3699 3635 3770 προετὼεουν
3681 3703 3853 3772 ἄμφω

2251 3793 2346 3845 τὸν
2384 3793 2483 3845 ἕνα
2512 3791 2774 3865 Χριστὸν,
2819 3791 2911 3845 τὸν
2945 3791 3246 3863 νομοθέτην
3276 3791 3395 3863 ἅμα
3441 3791 3536 3846 καὶ
3560 3793 3850 3866 ἀρχιερέα,

2255 3885 2350 3936 καὶ
2371 3883 2699 3955 ἀπογραφὰι
2736 3882 2846 3938 τῶν
2876 3884 3326 3957 στρατευομένων
3348 3885 3522 3956 αὐτῷ.

2339 4084 2779 4155 ’Δπογράφονται
2806 4085 2884 4149 δὲ,
2914 4085 3052 4140 Θεοῦ
3071 4087 3499 4158 προστάξαντος,
3525 4090 3657 4145 τάτε
3684 4091 3849 4163 ἀρσε-

2253 4194 2322 4229 να
2342 4177 2522 4230 πάντα
2553 4176 2653 4245 τῆς
2681 4178 2817 4230 Λευὶ
2837 4177 3034 4249 φυλῆς,
3066 4182 3162 4234 καὶ
3189 4181 3261 4234 τά
3284 4181 3490 4252 ἄρσενα
3511 4185 3609 4237 καὶ
3631 4190 3848 4256 πρωτό-

2253 4287 2392 4322 τοκα
2419 4269 2558 4337 μόνα
2577 4268 2684 4322 τῶν
2699 4270 2877 4325 ἀλλων
2892 4271 3098 4341 φυλῶν,
3122 4273 3231 4328 ἀπὸ
3248 4275 3506 4344 μηνιτίου
3522 4279 3619 4332 καὶ
3637 4279 3842 4334 ἐπάνω.

2269 4364 2465 4418 ’Δλλ’,ό
2501 4364 2600 4434 μὲν
2632 4367 2887 4435 μηνιαίος
2938 4367 3133 4438 χρόνος
3167 4368 3275 4421 καὶ-
3309 4370 3522 4434 τούτοις
3567 4373 3844 4436 κάκείνοις

2264 4459 2532 4530 σύμϐολον
2568 4459 2666 4528 τῆς
2699 4457 2844 4512 κατά
2874 4459 3109 4530 Χριστὸν
3136 4463 3196 4514 ἐν
3225 4461 3490 4534 ἀπλάτητι
3521 4467 3622 4520 καὶ
3641 4469 3846 4541 ἀκακία

564 4536 646 4608 Ex
679 4536 746 4590 iis
777 4536 1078 4591 infantibus
1116 4545 1320 4601 autem,
1367 4537 1543 4593 Leviti
1574 4541 1796 4610 quidem
1839 4543 2148 4615 significant

2262 4553 2605 4624 νηπιότητος.
2629 4551 2751 4606 Τῶν
2778 4552 2838 4606 δὲ
2867 4553 3078 4624 νηπίων
3121 4554 3328 4609 τούτων
3356 4532 3430 4610 τά
3456 4557 3560 4628 μὲν
3581 4532 3842 4615 Λευιτικά

565 4644 663 4684 eos
699 4630 795 4700 qui
829 4639 958 4685 sunt
993 4631 1319 4686 consecrati.
1365 4631 1622 4687 Mundani
1653 4645 1838 4690 autem
1872 4639 2151 4712 primoge-

568 4720 694 4785 niti,
722 4736 818 4776 eos
839 4722 934 4791 qui
967 4738 1035 4776 ex
1063 4723 1174 4776 vita
1200 4723 1475 4779 mundana
1495 4741 1625 4781 vere
1647 4727 1949 4795 imitantur,
1973 4747 2151 4800 quan-

571 4824 689 4869 tum
727 4813 1069 4879 conceditur,
1098 4813 1381 4869 Christum
1421 4817 1518 4886 qui
1547 4825 1635 4874 est
1669 4834 1801 4874 vere
1827 4821 2162 4893 primogeni-

570 4913 680 4959 tus.
709 4904 982 4959 Describit
1005 4916 1189 4962 autem
1218 4916 1276 4963 et
1303 4907 1406 4963 hos
1425 4918 1483 4964 et
1503 4909 1627 4966 illos
1649 4910 1902 4967 Christus
1929 4913 1985 4968 in
2016 4913 2161 4969 libro

570 5013 940 5068 supernorum
961 4999 1336 5055 ministrorum
1358 5009 1413 5054 et
1434 5002 1950 5072 primogenitorum.
1975 5005 2161 5061 Primo

569 5100 757 5146 autem
789 5090 913 5144 loco
956 5100 1043 5146 est
1093 5092 1420 5148 collocatum
1466 5110 1639 5165 genus
1682 5098 2055 5167 sacerdotale,
2099 5113 2161 5158 ut

570 5183 719 5252 quod
762 5183 835 5238 sit
886 5182 990 5237 soli
1029 5183 1143 5237 Deo
1171 5183 1508 5251 dedicatum,
1551 5197 1610 5241 et
1650 5204 1762 5243 non
1792 5189 2061 5247 dividitur
2089 5196 2158 5250 ad

571 5276 745 5332 Deum
790 5284 846 5331 et
885 5275 1176 5342 mundum,
1219 5278 1495 5346 quomodo
1523 5280 1851 5338 dividuntur
1888 5286 2163 5358 primoge-

573 5367 710 5422 nita.
735 5367 1034 5423 Hasculina
1059 5378 1245 5424 autem
1269 5379 1401 5425 sunt
1423 5371 1538 5427 haec
1561 5382 1619 5427 et
1645 5373 1757 5441 illa,
1784 5384 1842 5431 et
1869 5378 2162 5435 muliebri-

575 5466 688 5514 tate
719 5459 1025 5529 superiora.
1061 5461 1199 5516 Nam
1229 5463 1378 5533 quod
1413 5471 1499 5520 est
1531 5467 1868 5526 imbecillum
1904 5483 1962 5529 et
2001 5490 2163 5546 supc-

577 5559 699 5604 ratu
726 5550 908 5618 facile,
942 5561 1027 5609 est
1056 5556 1373 5625 reprobum.

651 5751 701 5784 “
723 5753 884 5808 Num.
915 5772 1057 5825 τινι,
1090 5759 1109 5811 l
1145 5776 1295 5829 seqq.

2259 4648 2389 4708 τοὺς
2422 4646 2756 4717 ίερωμὲνους
2778 4645 3231 4718 ὑποσημαίνουσν
3253 4647 3324 4703 τά
3348 4649 3406 4703 δὲ
3425 4653 3674 4721 κοσμικά
3701 4671 3842 4727 πρω-

2259 4741 2479 4803 τότοκα,
2533 4740 2663 4803 τοὺς
2724 4741 2790 4793 ὲκ
2838 4737 2936 4793 τοῦ
2993 4739 3262 4813 κωμικοῦ
3324 4742 3441 4814 βίου
3487 4745 3582 4800 τὸν
3629 4747 3840 4820 ἀληθῶς

2261 4832 2609 4902 πρωτότοκον
2661 4831 2901 4902 Χριστὸν
2955 4835 3354 4905 μιμουμένους,
3406 4837 3530 4891 ὅσον
3588 4841 3835 4912 ἐγχωρεῖ.

2274 4924 2681 4995 Ἀπογράφεται
2704 4923 2764 4975 δὲ
2788 4925 2884 4977 καὶ
2913 4928 3137 4989 τούτους
3165 4927 3455 4993 κάκείνους
3481 4930 3511 4982 ό
3528 4930 3767 5003 Χριστὸς
3787 4933 3839 4985 ἐν

2261 5016 2430 5086 βίϐλῳ
2448 5016 2553 5068 τῶν
2580 5015 2693 5069 ἀνω
2716 5015 3047 5088 λειτουργῶν
3069 5034 3131 5071 τε
3160 5019 3258 5072 καὶ
3288 5020 3675 5089 πρωτοτόκων.
3709 5024 3836 5094 [lpo-

2265 5111 2524 5164 τέτακται
2556 5111 2611 5164 δὲ
2642 5110 2707 5162 τὸ
2753 5111 3023 5181 ἱερατικὸν
3077 5113 3256 5180 γένος,
3309 5113 3388 5176 ὡς
3426 5113 3576 5187 μόνῳ
3622 5115 3706 5188 τῷ
3731 5114 3836 5186 Θεῷ

2265 5203 2645 5274 ἀνακείμενον,
2672 5203 2768 5256 καὶ
2801 5205 2880 5275 μὴ
2911 5205 3274 5276 μεριζόμενον
3299 5207 3440 5277 πρὸς
3472 5209 3609 5263 Θεὸν
3647 5211 3745 5266 καὶ
3765 5211 3838 5264 κός

2263 5312 2422 5364 σμον,
2450 5294 2705 5364 καθάπερ
2735 5288 3048 5365 μερίζονται
3069 5295 3138 5349 τὰ
3175 5296 3516 5367 πρωτότοκα·
3549 5298 3760 5372 ἄρσενα
3785 5301 3835 5354 δὲ

2264 5390 2358 5441 καὶ
2374 5385 2550 5440 ταῦτα
2578 5387 2827 5452 κάκεῖνα,
2854 5387 2950 5440 καὶ
2977 5385 3387 5458 θηλυπριπειας
3414 5389 3717 5465 ὑπέρτερα.
3773 5391 3837 5449 Τδ

2261 5477 2371 5548 γὰρ
2402 5477 2595 5533 ἄναλκι
2625 5475 2716 5531 καὶ
2741 5476 3204 5546 ἀκαταγὺνιστον,
3242 5479 3524 5552 ἀδόκιμον.
