4098 6344
556 337 694 389 1225
1753 320 1811 374 S.
1851 316 2128 370 CYRILLI
2165 315 2184 364 I

2295 306 2604 364 ALIORUM
3715 277 3864 350 isti

557 457 643 505 est
669 456 855 502 autem
883 442 1147 502 interdiu,
1172 437 1437 510 quoniam
1480 433 1550 488 iis
1610 431 1703 502 qui
1759 428 2049 484 ambulant
2085 426 2140 480 in
2173 445 2184 488 Α

2275 443 2424 479 εοιειν
2471 423 2642 477 οὐδέν.
2687 441 2704 473 ι
2754 421 2993 493 Ἡμέρας
3024 420 3082 475 δὲ
3127 432 3481 492 προσκειται,
3530 412 3672 466 διότι
3738 415 3863 474 τοῖς

559 543 678 596 luce
701 541 972 592 bonorum
1021 546 1250 604 operum
1275 530 1417 585 solet
1461 542 1622 598 opem
1659 524 1804 579 terre
1833 531 1890 578 et
1923 538 2019 577 eos
2046 536 2138 576 re-

2275 537 2301 572 ν
2327 519 2468 587 φωτὶ
2500 515 2682 570 καλῶν
2707 515 2883 586 ἔργων
2919 513 3307 586 πορευομένοις
3344 507 3508 563 εἴωθε
3556 509 3862 577 συπργεῖν

558 647 768 688 creare.
794 631 898 685 Per
921 626 1137 682 Domini
1164 633 1350 678 autem
1367 623 1583 693 jussum
1609 626 1790 672 castra
1823 614 2137 676 movebant,

2276 627 2301 663 ε
2323 611 2417 662 καὶ
2443 607 2759 678 ἀναψύχειν.
2797 607 2896 660 Διά
2922 605 3345 676 προστάγματος
3374 601 3432 654 δὲ
3471 598 3690 670 Κυρίου
3753 598 3860 660 τὰς

561 725 821 796 quoniam
852 731 908 775 et
967 717 1141 771 verbo
1189 732 1288 771 seu
1318 715 1530 767 ratione
1554 725 1694 780 opus
1735 717 1839 773 est,
1878 706 2142 762 incitante

2277 704 2510 775 πάρσεις
2537 699 2840 754 ἐποιοῦντο·
2869 698 3005 750 διότι
3033 697 3192 767 χρεία
3230 693 3329 747 καὶ
3360 693 3526 760 λόγου
3573 689 3672 743 τοῦ
3705 706 3860 760 παρ-

561 784 631 872 έά
655 814 982 886 profectum,
1041 817 1096 863 et
1130 804 1442 862 obedientia
1483 803 1799 857 divinorum
1851 797 2141 854 mandato-

2275 797 2560 868 τρύνοντος
2579 795 2658 858 είς
2693 791 3000 863 προκοπὴν,
3026 795 3121 844 καὶ
3145 789 3391 859 ὑπακοῆς
3417 785 3530 839 τῶν
3571 784 3745 837 θείων
3769 785 3860 836 ἐν’

566 924 710 964 rum.

563 1021 637 1079 Et
654 1027 768 1074 erat
808 1016 1033 1087 populus
1059 1027 1402 1090 murmurans
1431 1018 1484 1090 et
1517 1008 1734 1090 loquens
1759 1004 2143 1090 _ma—la“eorant

2275 1005 2357 1060 (αι
2392 1001 2470 1074 ἦν
2495 1005 2538 1090 εξ
2579 1001 2730 1090 -λςιὸς
2773 997 3074 1090 eam?!“
3105 996 3201 1090 ετξι
3745 990 3858 1090 5:?

2245 890 2435 944 τολῶν.

638 1061 1182 1154 ὖοῆίιζοῖἓίὲἷεανξὶι
1209 1083 1349 1153 ignis
1381 1061 1417 1134 α
1437 1061 1687 1144 homine,
1720 1087 1769 1130 et
1819 1074 1984 1128 exedit
2020 1089 2147 1143 par—

2318 1061 2728 1154 αξ-ίι-ῌυρίουξ
2766 1061 3204 1154 καῖ’ἐξείιαύθη
3239 1068 3308 1154 ἐς
3338 1063 3548 1142 aurai;
3579 1061 3706 1154 πῗρ
3724 1076 3858 1154 frr-

2314 1146 2430 1269 ιὲὰλ
2448 1136 2692 1226 ξίυρῐου,
2746 1143 2847 1197 καί
2882 1139 3180 1211 κατέφαγε
3221 1136 3403 1207 μέρος
3455 1136 3569 1201 τῆς
3621 1146 3858 1200 παρεμ-

2358 1237 2389 1270 ο
2435 1234 2530 1284 ης.

2320 1329 2462 1392 Τοὺς
2490 1327 2600 1400 γὰρ
2623 1324 2850 1381 ἐνώπιον
2872 1323 2966 1377 τοῦ
2995 1322 3233 1394 Χριστυυ
3253 1318 3722 1391 βλασφημοῦντας
3755 1317 3856 1372 καὶ

2251 1421 2764 1492 ἀποστρεφομένους
2813 1417 3000 1480 αὑτὸν,
3052 1414 3429 1482 καταφάγεται
3477 1412 3540 1465 τὸ
3588 1411 3708 1482 πῦρ
3749 1412 3855 1478 τῆς

2251 1513 2496 1582 γεέννης.
2535 1512 2716 1582 Μέρος
2747 1509 2804 1561 δὲ
2823 1503 2965 1572 εἷπε,
2998 1507 3131 1560 διότι
3161 1506 3345 1559 πολλοὶ
3371 1502 3554 1558 αὐτῶν
3582 1503 3855 1572 ἐπιστρέ-

2252 1601 2476 1670 ψαντες,
2501 1599 2948 1670 ὲξαιρεθήσονται
2976 1598 3073 1667 τῆς
3093 1595 3386 1658 κολάσεως.
3419 1596 3534 1649 Καὶ
3569 1592 3705 1646 καθ’
3728 1594 3854 1646 ἓτε-

2260 1710 2349 1764 ρον
2378 1691 2435 1745 δὲ
2463 1693 2656 1763 καιρὸν
2695 1689 3054 1762 γογγύζοντες
3083 1688 3224 1742 κατά
3244 1687 3339 1742 τοῦ
3363 1685 3523 1748 Θεοῦ,
3559 1688 3661 1740 καὶ
3685 1687 3854 1756 ἀρτον

636 1170 739 1216 tam
768 1159 1069 1213 castrorum
1101 1157 1168 1206 '°.

642 1335 752 1391 Eos
795 1333 944 1387 enim
1007 1330 1101 1400 qui
1157 1326 1544 1397 blasphemant
1577 1338 1762 1379 coram
1805 1319 2058 1382 Domino,
2092 1326 2149 1372 et

571 1430 751 1500 ipsum
794 1431 1140 1486 aversantur,
1172 1419 1359 1475 exedit
1414 1418 1556 1489 ignis
1595 1417 1875 1487 gehennae.
1929 1413 2148 1467 Partem

571 1518 730 1581 dixit,
764 1524 1057 1586 propterea
1085 1513 1232 1582 quod
1262 1509 1420 1564 multi
1453 1524 1520 1563 ex
1553 1507 1686 1578 ipsis
1708 1501 1980 1565 conversi,
2027 1500 2148 1555 exi-

573 1619 794 1664 mentur
829 1623 858 1661 a
887 1605 1184 1676 supplicio.
1210 1603 1382 1658 Porro
1415 1609 1600 1654 autem
1628 1597 1735 1651 alio
1767 1607 1984 1666 quoque
2009 1600 2149 1646 tem-

571 1716 707 1772 pore
733 1705 1146 1754 murmurantes
1184 1694 1450 1748 adversus
1492 1691 1684 1754 Deum,
1719 1698 1775 1743 et
1807 1701 2009 1742 manna
2052 1700 2151 1755 ap-

569 1793 843 1865 pellantes
876 1789 1332 1860 paneminanem,
1366 1783 1670 1838 interibant
1707 1795 1892 1835 morsu
1923 1792 2155 1848 serpen-

2275 1786 2506 1840 ῑιάκενον
2538 1785 2599 1839 τὸ
2650 1787 2826 1856 μάννα
2868 1780 3390 1855 προσαγορεύοντες,
3437 1783 3556 1842 τοῖς
3598 1780 3851 1850 δήγμασι

577 1884 870 1940 tum.Nam
910 1882 1005 1951 qui
1050 1879 1252 1950 ingrati
1274 1876 1600 1932 animivitio
1629 1874 1801 1927 Deum
1839 1869 2156 1926 benefacto—

576 1991 694 2030 rem
725 1971 1060 2042 despiciunt,
1095 1967 1355 2023 incidunt
1396 1967 1452 2020 in
1499 1978 1721 2018 morsus
1749 1959 2027 2031 serpentis
2058 1957 2154 2029 qui

572 2067 724 2123 cadit
741 2065 842 2120 sub
861 2061 1306 2132 intelligentiam.
1337 2059 1482 2112 Duas
1499 2058 1660 2111 tubas
1689 2054 1924 2109 ductiles
1955 2066 2156 2121 argen-

575 2170 694 2217 teas
718 2168 778 2214 ut
804 2157 1034 2219 faceret,
1054 2155 1202 2209 Deus
1215 2153 1381 2224 jussit
1401 2151 1593 2222 Moysi,
1645 2147 1714 2202 ad
1744 2145 2020 2201 vocandos
2041 2159 2147 2198 eoe-

574 2263 687 2318 tus,
722 2259 780 2306 et
802 2251 870 2305 ad
901 2248 1172 2303 movenda
1206 2254 1406 2308 castra,
1434 2253 1489 2298 et
1521 2240 1742 2312 quando
1769 2240 1916 2293 solos
1933 2236 2154 2307 quidem

574 2345 772 2419 populi
816 2343 988 2397 duces
1028 2341 1095 2395 ad
1136 2341 1313 2409 ipsum
1353 2343 1640 2407 oporteret
1671 2331 2014 2402 congregari,
2043 2345 2152 2384 una

575 2453 801 2501 canere,
828 2432 1050 2506 quando
1080 2441 1265 2486 autem
1310 2428 1575 2499 populum
1599 2468 1613 2492 ,
1659 2426 1892 2481 duabus.
1921 2425 2005 2479 Ad
2036 2439 2157 2478 mo-

576 2528 757 2586 venda
780 2536 964 2582 autem
1000 2531 1180 2579 castra
1204 2522 1400 2577 statuit
1419 2535 1544 2576 esse
1567 2526 1807 2589 quatuor
1851 2531 2052 2587 genera
2082 2515 2158 2569 si-

577 2634 812 2693 gnorum
844 2633 943 2689 per
965 2614 1281 2686 hujusmodi
1332 2613 1514 2668 tubas.
1551 2613 1729 2680 Atque
1760 2610 1884 2664 duae
1938 2608 2160 2678 quidem

574 2711 917 2773 cranttubae,
945 2708 1207 2778 quoniam
1235 2705 1440 2776 duplex
1459 2712 1545 2758 est
1601 2703 1742 2758 ratio
1775 2701 2042 2757 doctrinae
2065 2716 2158 2755 ee-

577 2803 930 2860 clesiastieazc
955 2801 1062 2854 alia
1091 2799 1315 2870 quidem
1344 2798 1518 2852 vitam
1539 2811 1898 2866 componens,
1933 2795 2039 2849 alia
2067 2810 2165 2849 au-

591 2907 694 2949 .em
716 2893 1036 2963 dogmatum
1066 2904 1257 2944 curam
1306 2903 1526 2959 gerens.
1580 2887 1720 2942 Sunt
1752 2896 1939 2941 autem
1988 2887 2163 2942 amba

581 2985 819 3042 ductiles
856 2992 912 3039 et
947 2991 1243 3054 argenteae,
1261 2988 1555 3052 propterea
1595 2979 1743 3050 quod
1778 2988 1835 3035 et
1857 2980 1976 3034 haec
1992 2989 2048 3034 et
2070 2980 2170 3034 illa

583 3075 658 3130 sit
682 3089 881 3130 sonora
905 3083 962 3128 et
995 3074 1164 3137 clara,
1187 3073 1317 3127 etin
1347 3087 1512 3142 quam
1532 3087 1644 3126 non
1682 3070 1831 3126 cadit
1859 3072 2164 3141 reprehen-

2258 1879 2364 1932 τῶν
2401 1879 2577 1950 δφεων
2597 1879 2980 1952 διεφθείροντο.
3011 1878 3073 1930 Οί
3102 1876 3210 1947 γὰρ
3225 1877 3346 1938 ταῖς
3378 1865 3734 1946 ἀχαριστίαις
3761 1873 3855 1924 τὶν

2258 1970 2652 2041 εὐεργετοῦντα
2675 1970 2808 2025 Θεὸν
2824 1967 3202 2042 ἀτιμάζοντες,
3225 1970 3337 2032 τοῖς
3367 1966 3458 2020 τοῦ
3485 1965 3690 2032 νοητοῦ
3720 1965 3852 2033 δράο

2259 2079 2446 2126 κοντος
2469 2063 2710 2134 δήγμασι
2738 2063 3145 2136 περιπίπτουσι.
3178 2061 3281 2115 Δύο
3310 2060 3620 2128 σάλπιγγας
3653 2059 3855 2121 tum

2256 2156 2504 2228 ἀργυρᾶς
2533 2157 2710 2220 sese;
2756 2160 2930 2210 ποιεῖν
2953 2156 3250 2229 προσέταξε
3279 2155 3355 2226 τῷ
3384 2155 3598 2215 Musei,
3632 2152 3776 2224 πρὸς
3793 2150 3851 2207 τὲ

2259 2251 2442 2303 καλεῖν
2461 2250 2560 2322 τὴν
2577 2251 2922 2320 συναγωγὴν,
2956 2252 3050 2302 καὶ
3067 2249 3304 2320 ἐξαίρειν
3327 2247 3426 2311 τὰς
3457 2245 3852 2317 παρεμδολάςθ

2260 2344 2356 2398 καὶ
2388 2337 2478 2396 ὅτε
2530 2343 2628 2414 μὲν
2663 2325 2780 2396 δέον
2815 2343 3008 2414 μδνους
3033 2343 3158 2406 τοὺς
3206 2341 3547 2412 ἡγουμένους
3583 2337 3681 2392 τοῦ
3721 2337 3853 2391 λαοῦ

2263 2410 2590 2504 συνάγεσθαι
2641 2433 2778 2504 πρὸς
2811 2410 2994 2497 αὑτὸν,
3049 2434 3116 2502 τῇ
3165 2410 3264 2502 μιᾷ
3301 2430 3609 2496 σαλπίζειν,
3638 2429 3736 2482 ὅτε
3768 2429 3855 2481 τὸν

2260 2529 2389 2583 λαὸν
2431 2531 2553 2592 ταῖς
2591 2526 2731 2580 δυσί.
2767 2527 2910 2598 Πρὸς
2950 2525 3007 2578 δὲ
3051 2525 3150 2588 τὰς
3180 2522 3432 2594 ἐξάρσεις
3486 2520 3599 2575 τῶν
3635 2536 3856 2590 τεσσερ-

2261 2621 2453 2686 6ολῶν,
2483 2621 2728 2692 τέσσαρα
2752 2617 3034 2690 σημασιῶν
3063 2616 3263 2687 ὥρισεν
3291 2617 3406 2685 εῑδη
3422 2613 3512 2668 διὰ
3538 2613 3652 2665 τῶν
3677 2614 3854 2666 τοιού·

2261 2732 2370 2770 των
2403 2714 2740 2781 σαλπίγγων.
2770 2712 2874 2764 Δύο
2907 2713 3003 2781 μὲν
3045 2708 3140 2764 οὖν
3178 2711 3234 2764 αἱ
3271 2708 3597 2776 σάλπιγγες,
3628 2707 3720 2760 δτι
3747 2707 3851 2760 διτ-

2261 2806 2352 2871 τὸς
2406 2805 2563 2873 λόγος
2611 2805 2711 2880 τῇς
2751 2803 3213 2875 ὲκκλησιαστικῆς
3269 2800 3641 2865 διδασκαλίας,
3678 2802 3710 2853 6
3760 2800 3852 2870 μιν

2267 2900 2380 2971 βίον
2407 2899 2705 2972 ῥυθμίζων,
2727 2899 2755 2951 ὁ
2779 2897 2835 2950 δὲ
2857 2896 3144 2967 δογμάτων
3167 2893 3618 2966 ἐπιμελούμενος.
3637 2891 3855 2946 Ἑλαταὶ

2266 2993 2322 3045 δὲ
2352 2991 2446 3044 καὶ
2476 2991 2714 3060 ἀργυραῖ
2739 2988 2833 3041 καὶ
2854 2986 3044 3057 ἄμφω,
3065 2986 3153 3040 sua
3178 2985 3240 3038 τὸ
3264 2983 3457 3054 εὔηχες
3481 2982 3578 3037 καὶ
3599 2981 3855 3054 λαμπρὸν

2270 3085 2365 3136 καὶ
2409 3082 2708 3152 ἀμώμητον
2742 3080 2835 3133 καὶ
2887 3078 3078 3132 τούτου
3127 3077 3402 3130 κάκείνου.
3438 3077 3547 3129 Καὶ
3591 3076 3722 3140 τοὺς
3760 3076 3854 3146 μὲν

581 3165 775 3224 ῑίο.Ει
810 3167 981 3220 duces
1039 3166 1264 3236 quidem
1312 3165 1649 3220 convocabat
1692 3181 1796 3220 una
1838 3165 1988 3220 tuba.
2015 3165 2166 3236 Opus

2275 3143 2614 3249 ἡγουμένους
2637 3173 2737 3245 μία
2771 3172 3054 3227 συνεκάλει
3082 3167 3336 3238 σάλπιγξ.
3369 3168 3539 3239 Χρεία
3565 3168 3679 3239 γὰρ
3699 3143 3854 3236 λόγου

586 3261 739 3317 enim
782 3269 866 3315 est
921 3261 1236 3330 corrigente
1293 3258 1546 3313 oratione
1591 3268 1648 3314 et
1697 3260 2111 3315 institutoribus
2151 3278 2164 3313 :

589 3360 721 3408 sunt
753 3352 900 3408 enim
935 3352 1221 3406 homines:
1251 3349 1346 3405 sed
1369 3349 1606 3415 modica,
1637 3369 1655 3401 ι
1680 3351 1755 3404 Da
1774 3352 1943 3416 enim,
1966 3351 2166 3421 inquit,

587 3445 826 3517 sapienti
861 3445 1230 3508 occasionem,
1276 3451 1333 3498 et
1353 3443 1464 3497 erit
1493 3443 1798 3513 sapientior
1829 3445 1896 3496 ει.
1922 3465 1939 3495 ι
1984 3443 2168 3514 Ροριῐιο

590 3540 704 3595 lum
756 3551 943 3594 autem
991 3539 1133 3594 dure.
1163 3538 1332 3593 Multa
1377 3539 1526 3593 enim
1569 3538 1954 3592 exhortatione
1989 3548 2044 3593 et
2070 3537 2171 3593 ad-

592 3632 896 3687 monitione
948 3647 1088 3702 opus
1132 3632 1318 3686 habet.
1355 3630 1604 3697 Quatuor
1646 3638 1830 3685 autem
1884 3630 2168 3699 signorum

592 3745 794 3800 genera
822 3744 944 3799 qua:
965 3728 1113 3782 tubis
1158 3726 1318 3791 ﬁunt,
1356 3725 1782 3796 pmﬁgurabant
1825 3735 2065 3796 quatuor
2108 3726 2172 3779 li-

596 3823 726 3877 bros
750 3820 1246 3891 evangelistarum:
1277 3819 1371 3888 qui
1423 3834 1522 3887 per
1569 3833 1632 3871 ea
1673 3833 1795 3888 quae
1838 3818 2170 3889 signiﬁcant,

589 3914 786 3985 jubent
817 3927 916 3967 nos
939 3911 1226 3967 discedere
1252 3912 1319 3965 ab
1352 3911 1435 3965 bis
1481 3911 1718 3965 terrenis
1782 3927 1905 3981 qua:
1947 3921 2077 3967 sunt
2113 3911 2168 3964 in

595 4012 837 4077 quatuor
853 4003 1172 4058 climatibus
1194 4004 1346 4058 orbis
1369 4012 1550 4068 terrae,
1574 4013 1630 4057 et
1653 4004 1721 4058 ad
1751 4019 2051 4074 supernam
2079 4005 2166 4059 Je-

596 4097 835 4152 rusalem
869 4095 1224 4150 contendere.
1275 4096 1379 4150 Per
1424 4095 1560 4150 duas
1608 4105 1791 4150 autem
1844 4097 2004 4151 tubas
2034 4097 2173 4151 ﬁunt

594 4200 833 4261 quatuor
863 4187 1040 4260 signa,
1067 4189 1326 4259 quoniam
1352 4203 1450 4258 per
1471 4187 1752 4243 Christum
1776 4189 1947 4242 Deum
1981 4197 2037 4243 et
2076 4189 2173 4243 ho-

597 4282 801 4337 minem
831 4292 1167 4335 resonarunt
1186 4295 1251 4334 ea
1275 4297 1400 4350 qua:
1423 4288 1554 4334 sunt
1573 4280 1876 4351 signiﬁcata
1913 4281 1981 4335 ab
2013 4297 2174 4335 evan.

596 4374 827 4449 gelistis.
856 4374 963 4428 Aut
984 4375 1150 4428 etiam
1185 4373 1367 4438 aliter,
1404 4382 1641 4443 quatuor
1667 4388 1866 4444 genera
1891 4373 2174 4443 signorum

595 4479 757 4524 erant
778 4467 1087 4540 symbolum
1117 4475 1355 4536 quatuor
1380 4482 1642 4537 generum
1682 4466 1919 4521 rationis
1950 4466 2173 4520 ethicas.

598 4560 847 4627 Quorum
867 4574 1039 4614 unum
1068 4559 1294 4629 quidem
1330 4569 1552 4613 resonat
1573 4560 1628 4613 in
1660 4560 1729 4614 iis
1763 4561 1857 4629 qui
1885 4575 1984 4628 per
2025 4571 2177 4614 eate-

599 4656 810 4710 chesim
835 4654 1018 4709 adhuc
1039 4654 1441 4709 instituuntur:
1471 4655 1575 4708 tria
1599 4664 1780 4708 autem
1831 4655 1898 4708 iis
1920 4653 2015 4723 qui
2050 4665 2179 4708 sunt

603 4747 764 4802 bona)
793 4755 974 4811 terrae,
1018 4762 1138 4816 quae
1167 4747 1426 4816 produxit
1475 4746 1543 4800 ad
1575 4747 1796 4818 triginta
1819 4756 1876 4801 et
1899 4747 2179 4816 sexaginta

600 4846 663 4893 et
689 4845 910 4892 centum
935 4835 1001 4892 ⁸¹.
1039 4839 1214 4892 Aliter
1243 4839 1392 4894 enim
1411 4849 1465 4893 et
1485 4839 1644 4892 aliter
1666 4847 1795 4893 sunt
1827 4838 1881 4893 hi
1918 4838 2176 4894 docendi.

602 4928 739 4984 Nam
761 4929 831 4984 iis
865 4931 1089 4994 quidem
1121 4931 1218 5001 qui
1270 4931 1441 4984 vitam
1473 4931 1762 5001 elegerunt
1804 4931 2186 4985 matrimonia-

604 5022 735 5086 lem,
763 5021 950 5077 dices:
978 5043 994 5073 ι
1016 5024 1292 5094 Alligatus
1317 5039 1380 5079 es
1404 5025 1587 5087 uxori,
1617 5039 1685 5078 ne
1711 5037 1925 5092 quaeras
1943 5023 2179 5077 solutio-

605 5127 750 5166 nem.
783 5133 801 5164 ι
834 5113 907 5167 lis
926 5124 1106 5168 autem
1122 5115 1216 5185 qui
1244 5117 1413 5170 vitam
1440 5116 1497 5169 in
1519 5115 1875 5185 virginitate:
1912 5133 1929 5165 ι
1958 5114 2185 5170 Solutus

604 5217 665 5257 es
685 5203 754 5257 ab
787 5218 979 5268 uxore,
1021 5219 1088 5258 ne
1117 5221 1332 5275 quaeras
1366 5221 1591 5260 uxorem
1622 5206 1686 5258 ⁸³.
1711 5225 1728 5255 ›
1760 5205 1832 5259 lis
1874 5215 2060 5260 autem
2091 5206 2186 5277 qui

606 5303 922 5350 statuerunt
996 5296 1052 5350 in
1114 5299 1418 5352 monastica
1490 5298 1691 5368 degere
1744 5299 2184 5354 exercitatione:

618 5385 985 5442 «Mortiﬁcate
1011 5395 1257 5443 membra
1303 5400 1491 5444 vestra
1535 5406 1656 5460 quae
1705 5401 1835 5445 sunt
1860 5406 2025 5461 supra
2069 5401 2189 5446 ter-4

612 5492 732 5530 ram
786 5477 849 5530 “.
886 5497 904 5528 ›
965 5478 1032 5533 Εῑ
1054 5479 1284 5542 cuilibet
1332 5483 1457 5536 vitae
1499 5482 1688 5553 generi
1741 5482 2187 5537 accommodabis

603 5585 782 5642 genus
807 5573 1143 5629 conveniens
1194 5574 1598 5629 exhortationis
1646 5583 1702 5629 et
1738 5575 2023 5630 doctrinm.
2072 5575 2185 5630 Lex

683 5754 730 5789 ⁸⁸
751 5755 912 5813 Num.
949 5774 1022 5819 XI,
1057 5759 1078 5812 l
1120 5776 1271 5829 seqq.

2215 4514 2252 4567 D

1352 5761 1389 5790 ’”
1424 5761 1584 5814 Prov.
1622 5778 1694 5827 Ix,
1727 5764 1781 5820 9.
1857 5763 1901 5795 ⁸¹
1942 5763 2131 5818 Matth.
2159 5779 2272 5820 xui.
2305 5763 2356 5816 8.
2435 5763 2479 5795 ⁸³
2505 5763 2524 5818 l
2551 5761 2678 5819 Cor.
2704 5781 2796 5830 vn,
2819 5765 2907 5819 9.7.

2272 3269 2616 3342 διορθοῦντος
2663 3270 2759 3322 καὶ⁸
2804 3269 2918 3327 τοῖς
2978 3263 3342 3333 καθηγηταῖς·
3396 3260 3674 3331 ἄνθρωποι
3725 3259 3854 3330 γὰρ,

2275 3363 2416 3434 πλὴν
2453 3361 2655 3429 ὀλίγου·
2703 3379 2722 3411 ι
2757 3359 2912 3412 Δίδου
2934 3357 3063 3430 γὰρ.
3099 3356 3256 3426 φησι,
3281 3353 3429 3424 σοφῷ
3458 3354 3739 3425 ἀφορμὴν,
3767 3353 3856 3407 καὶ

2279 3453 2586 3526 σοφώτερος
2615 3453 2787 3503 ἔσται.
2833 3468 2852 3501 ι
2883 3449 2988 3502 Τὸν
3013 3449 3069 3501 δὲ
3100 3447 3228 3500 λαὸν
3257 3446 3368 3500 δύο.
3397 3445 3605 3513 Πολλῆς
3634 3445 3747 3516 γὰρ
3771 3438 3857 3498 οὗ·

2276 3566 2367 3610 τος
2389 3548 2560 3602 δεῖται
2585 3542 2902 3614 προτροπῆς
2947 3545 3043 3596 καὶ
3073 3540 3493 3612 παρακλήσεως.
3523 3538 3605 3591 Τὰ
3648 3538 3704 3591 δὲ
3733 3539 3855 3591 τέσ-

2280 3657 2423 3709 σαρα
2439 3639 2547 3692 τῶν
2573 3635 2857 3708 σημασιῶν
2883 3635 2997 3706 εῖδη
3024 3635 3094 3688 τὰ.
3117 3633 3206 3686 διὰ
3227 3633 3334 3686 τῶν
3366 3632 3681 3699 σαλπίγγων
3707 3632 3857 3696 γινό-

2285 3751 2441 3804 μενα,
2478 3732 2546 3784 τὰ
2571 3732 2812 3800 τέσσαρα
2845 3727 3028 3797 βιϐλία
3056 3727 3165 3780 τῶν
3200 3724 3598 3794 εὐαγγελιστῶν
3631 3731 3856 3795 προετύ-

2285 3846 2442 3888 πουν,
2469 3824 2505 3879 ἀ
2542 3825 2609 3878 δι’
2633 3816 2708 3876 ὧν
2738 3820 3120 3892 σημαίνουσιν,
3159 3819 3397 3890 ἐξαίρειν
3437 3819 3583 3888 ἡμᾶς
3612 3817 3724 3870 ἀπὸ
3753 3818 3856 3871 τῶν

2281 3916 2498 3990 γεηρῶν
2535 3914 2764 3978 τούτων,
2794 3911 2905 3965 τῶν
2951 3911 3009 3964 ὲν
3033 3913 3146 3974 τοῖς
3190 3911 3451 3980 τέσσαρσι
3481 3909 3711 3981 κλίμασι
3758 3895 3855 3978 τῆς

2281 4011 2624 4081 οἰκουμένης,
2657 4008 2750 4061 καὶ
2777 4005 2914 4076 πρὸς
2959 4005 3058 4076 τὴν
3094 4005 3207 4060 ἀνω
3240 4002 3596 4075 Ἰερουσαλὴμ
3642 4004 3855 4071 ἐπείτε⁴

2283 4105 2405 4159 σθαι
2445 4099 2869 4157 διακελεύονται.
2915 4097 3012 4151 Διά
3049 4097 3106 4151 δὲ
3150 4097 3262 4150 τῶν
3300 4095 3394 4149 δύο
3430 4096 3746 4165 σαλπίγγων
3799 4107 3854 4150 αι

2281 4201 2558 4268 τέσσαρες-
2595 4193 2882 4266 σημασίαι,
2910 4193 2992 4244 ὅτι
3021 4181 3118 4246 καὶ
3150 4190 3238 4245 διὰ
3270 4189 3363 4245 τοῦ
3409 4189 3598 4245 διπλοῦ
3620 4190 3848 4263 Χριστοῦ

2283 4292 2374 4348 τοῦ
2416 4288 2764 4360 θεανθρώτοου
2797 4288 2864 4340 τὰ
2891 4285 3269 4357 σημαινόμενα
3295 4287 3410 4348 τοῖς
3446 4284 3848 4354 εὐαγγελισταῖς

2283 4384 2649 4456 ἐνηχήθησαν.
2690 4381 2762 4434 Ἦ
2803 4381 2897 4434 καὶ
2923 4377 3220 4444 ἀλλωςητὰ
3263 4379 3506 4452 τέσσαρα
3539 4379 3650 4433 τῶν
3686 4397 3850 4451 σημσδ

2288 4473 2417 4526 σιῶν
2464 4473 2578 4541 εῐδη
2623 4469 2891 4541 σύμδολον
2923 4464 3062 4540 ἦσαν
3101 4467 3210 4522 τῶν
3251 4469 3533 4541 τεσσάρων
3562 4469 3722 4525 εἰδῶν
3765 4469 3849 4524 τοῦ

2284 4563 2478 4634 ἠθικοῦ
2509 4563 2691 4631 λόγου.
2729 4556 2830 4615 Ὧν
2857 4561 2921 4614 τὸ
2955 4562 3053 4632 μὲν
3103 4563 3291 4633 ivner
3317 4565 3427 4626 τοῖς
3472 4563 3554 4617 ἔτι
3590 4581 3853 4636 κατηκον-

2290 4657 2506 4729 μένοις·
2573 4655 2643 4708 τὰ
2716 4654 2844 4725 τρία
2897 4653 2952 4706 δὲ
3013 4656 3128 4718 τοῖς
3187 4655 3286 4724 τῆς
3340 4654 3553 4726 ἀγαθῆς
3598 4656 3704 4727 γῆς
3745 4659 3854 4730 ἥτις

2287 4747 2738 4820 ἐκαρποφόρησεν
2762 4749 2842 4808 είς
2870 4746 3184 4818 τριάκοντα,
3223 4748 3316 4800 καὶ
3345 4748 3424 4812 είς
3463 4745 3752 4822 ἑξήκοντα,
3771 4753 3855 4807 καὶ

2289 4845 2367 4905 εἰς
2400 4841 2609 4895 ἑκατόν.
2649 4839 2861 4904 ’Ἄλλως
2879 4840 2988 4912 γὰρ
3013 4841 3107 4895 καὶ
3127 4840 3301 4905 ἄλλως
3329 4842 3550 4907 τούτους
3572 4841 3850 4900 διδακτέον.

2292 4935 2415 4996 Τοῖς
2446 4934 2542 5003 μὲν
2591 4932 2699 5004 γὰρ
2729 4933 2819 4986 τὸν
2849 4935 2906 4986 ὲν
2932 4934 3097 5005 γάμῳ
3128 4933 3241 5006 βίον
3286 4935 3672 5006 προελομένους
3702 4939 3850 5008 δρας.

2293 5045 2311 5078 ι
2351 5025 2573 5079 Δέδεσαι
2600 5026 2948 5097 γυναικὶ.·μὴ
2981 5025 3132 5096 ζήτει
3175 5026 3350 5080 λύσιν.
3387 5046 3406 5078 ι
3444 5027 3571 5091 Τοῖς
3603 5027 3663 5081 δὲ
3691 5029 3779 5082 τὸν
3805 5035 3852 5083 ἐν

2288 5115 2573 5186 παρθενίᾳ.⁸
2615 5136 2634 5167 ι
2679 5115 2914 5169 Λέλυσαι
2945 5118 3051 5171 ἀπὸ
3079 5127 3361 5186 γυναικὸς,
3393 5118 3467 5189 μὴ
3505 5116 3661 5191 ζήτει
3689 5123 3852 5190 γυναῖ-

2290 5226 2382 5262 κα.
2407 5228 2426 5260 ι
2459 5209 2582 5270 Τοῖς
2610 5210 2667 5262 δὲ
2707 5210 2797 5262 τὸν
2838 5211 2896 5263 ἐν
2924 5211 3177 5282 ἀσκήσει’
3219 5232 3236 5262 ι
3279 5211 3610 5284 Νεκρὼσατε
3635 5214 3704 5266 τὰ
3730 5214 3848 5285 μέλη

2292 5300 2445 5372 ὑμῶν
2490 5302 2560 5354 τὰ
2599 5301 2693 5354 ἐπὶ
2735 5303 2834 5372 τῆς
2888 5301 3014 5372 γῆς.
3055 5323 3074 5354 ›
3115 5305 3224 5357 Καὶ
3269 5305 3476 5377 ἑκαστῃ
3512 5304 3629 5378 ἰδέᾳ
3668 5305 3777 5375 βίον
3800 5305 3848 5358 τὺ

2295 5393 2573 5466 προσῆκον
2597 5389 2735 5457 εἶδος
2765 5394 2835 5466 ἀρ
2843 5395 3031 5464 μόσεις
3050 5395 3149 5464 τῆς
3175 5397 3492 5468 προτροπῆς
3513 5401 3608 5451 καὶ
3625 5399 3847 5452 διδασκσυ

2294 5483 2433 5546 λίας.
2467 5486 2588 5548 Τοῖς
2619 5484 2822 5557 ἱερεῦσι
2875 5485 2931 5538 δὲ
2973 5485 3252 5551 σαλπίζειν
3301 5488 3576 5559 ἀρὼρισεν
3609 5492 3639 5542 ὁ
3685 5491 3844 5562 νόμος,

2294 5577 2375 5629 ὅτι
2405 5579 2498 5630 καὶ
2541 5577 2649 5629 τῶν
2681 5577 2871 5647 ίερὲων
2903 5577 3033 5633 ἴδιον
3075 5580 3135 5632 τὸ
3182 5579 3472 5635 διδάσκειν.
3497 5584 3563 5635 Δί
3591 5582 3647 5637 δὲ
3675 5581 3846 5638 πυκναὶ

2989 5768 3036 5798 ⁸³
3059 5767 3268 5823 Coloss.
3305 5783 3383 5833 tu,
3425 5769 3479 5830 5.
