4170 6330
320 536 460 593 £225

1715 527 2242 588 OOLLECTANEA.

3464 528 3603 596 ms

318 655 435 710 τῶν
468 652 817 727 Ἰσραηλιτῶν
858 645 1134 725 ὶεάρσιις,
1162 651 1261 717 τὰς
1298 652 1510 715 πυκνὰς
1548 652 1670 704 κατ’
1704 648 1903 721 ἀρετὴν

2013 655 2203 703 autem
2252 648 2545 704 constituit
2575 649 2961 705 sacerdotibus
3004 659 3065 706 ut
3108 650 3239 707 tuba
3305 661 3603 720 canerent,

316 744 604 816 προκοπὰς
629 742 725 799 τοῦ
746 743 866 798 νέου
896 742 1028 798 λαοῦ
1050 743 1158 798 τῶν
1178 741 1409 811 πιστῶν,
1440 742 1536 797 καὶ
1554 738 1906 813 καθ’ἠμέραν

280 838 675 910 ,ιφιιλομένας
711 835 1041 901 ἐπεκτάστις
1084 835 1177 890 ἐπὶ
1207 838 1276 889 τά
1323 831 1655 905 ιμπροσθτν,
1696 832 1904 903 ὑπεσή-

318 947 530 1003 μαινον.
580 930 773 998 Ἀτιον
821 928 1105 1000 ὠνόμασεν
1149 930 1180 981 ό
1208 926 1375 997 νόμος
1406 925 1499 979 τὸν
1532 923 1906 995 ὑποσχόμενον

311 1021 397 1094 τῷ
436 1020 559 1092 Θεῷ
588 1020 689 1092 τὴν
712 1020 909 1074 ἑαυτοῦ
938 1020 1139 1091 κόμην.
1157 1015 1513 1090 Λαμῦἀνιται
1540 1016 1652 1088 γὰρ
1678 1019 1712 1087 η
1734 1030 1907 1085 κεφα-

313 1113 384 1185 λὴ
409 1113 602 1183 μλντίς
639 1111 801 1167 τύπον
845 1112 940 1166 τοῦ
975 1109 1090 1174 νοῦ,
1126 1109 1203 1173 ὡς
1244 1109 1567 1180 ἐνδιαίτημα
1595 1107 1688 1162 νοῦ
1714 1123 1726 1136 '
1755 1107 1813 1161 αί
1848 1105 1908 1160 δὲ

314 1205 506 1278 τρίχας
533 1207 616 1270 τίς
647 1206 749 1270 τάς
790 1206 1019 1265 ἑννοίας.
1072 1186 1185 1257 Νοῦ
1216 1202 1327 1275 γὰρ
1361 1197 1521 1257 αὗται
1566 1200 1902 1272 γεννήματα.

318 1297 442 1372 Χρὴ
473 1297 651 1351 τοίνυν
679 1298 825 1369 ἡμᾶς
859 1294 935 1367 μὴ
956 1294 1161 1367 γυμνὸν
1187 1296 1283 1348 καὶ
1328 1293 1661 1365 ἐψιλωμένον
1688 1291 1908 1347 ἐννοιῶν

318 1388 545 1459 ἀγαθῶν
576 1388 722 1460 ιχιιν
748 1388 845 1443 τὸν
883 1385 1031 1453 νοῦν,
1085 1386 1224 1442 ἀλλά
1260 1385 1493 1457 βρύοντα
1527 1383 1756 1449 ταύταις
1812 1382 1909 1437 καὶ

314 1479 576 1553 κομῶντα
595 1479 737 1552 Θεῷ.

2012 738 2274 808 quoniam
2322 738 2677 794 sacerdotum
2706 754 2928 810 quoque
2978 739 3228 810 primum
3244 750 3330 797 est
3377 740 3604 799 docere.

2015 830 2390 887 lsraelitarum
2427 839 2614 886 autem
2641 828 2962 901 frequentes
2985 834 3502 892 castrametationea
3524 844 3606 891 ta-

2014 922 2124 978 cite
2149 921 2467 993 signiﬁcant
2488 922 2813 994 frequentes
2837 924 2895 979 in
2920 924 3127 981 virtute
3153 924 3437 996 profectus
3473 930 3602 983 novi

2013 1013 2203 1085 populi
2256 1013 2535 1078 ﬁdelium,
2582 1022 2639 1070 et
2683 1030 2807 1085 quae
2853 1016 3103 1086 quotidie
3152 1016 3273 1073 ﬁeri
3304 1018 3605 1085 debebant

2014 1106 2367 1162 extensiones
2386 1106 2454 1161 ad
2476 1106 2778 1162 anteriora.
2804 1106 2919 1162 Lex
2943 1124 3072 1164 eum
3114 1110 3427 1165 nominavit
3454 1126 3603 1175 san-

2014 1208 2191 1265 ctum,
2216 1200 2311 1270 qui
2335 1213 2551 1256 comam
2569 1202 2757 1257 ‘suam
2793 1201 2907 1256 Deo
2928 1208 3016 1256 est
3046 1203 3335 1281 pollicitus
3360 1204 3427 1259 ⁸³.
3460 1204 3605 1261 Nam

2014 1294 2289 1364 accipitur
2309 1294 2536 1365 quidem
2556 1302 2722 1366 caput
2746 1310 2848 1366 pro
2885 1294 3060 1367 ﬁgura
3083 1286 3306 1364 mentis,
3330 1306 3390 1354 ut
3409 1300 3464 1355 in
3488 1314 3603 1372 quo

2014 1400 2173 1441 mens
2196 1385 2360 1457 degat
2384 1396 2440 1441 et
2462 1386 2709 1452 habitet;
2732 1382 2830 1457 pili
2870 1398 3054 1442 autem
3074 1402 3174 1457 pro
3196 1389 3519 1448 notionibus
3542 1398 3603 1447 et

2013 1476 2463 1549 cogitationibus.
2484 1477 2577 1532 Eas
2622 1478 2771 1533 enim
2795 1488 2927 1533 sunt
2949 1478 3098 1535 fetus
3114 1481 3338 1549 mentis.
3369 1480 3605 1553 Oportet

310 1591 449 1650 ergo
466 1592 570 1634 nos
586 1591 698 1633 non
726 1574 935 1631 nudam
964 1582 1021 1631 et
1050 1591 1081 1630 a
1104 1574 1267 1631 bouis
1292 1572 1724 1645 cogitationibus
1743 1572 1988 1644 glabram
2012 1572 2217 1629 habere
2238 1583 2503 1637 mentem,
2528 1572 2625 1628 sed
2645 1573 2729 1628 eis
2752 1579 3055 1629 scatentem
3076 1581 3134 1629 et
3168 1574 3281 1630 Deo
3304 1585 3599 1634 comatam.

637 1721 779 1784 Περι
812 1732 926 1785 της
976 1716 1211 1784 πυρρας
1250 1713 1579 1783 δαμάλεως.

401 1829 461 1884 ’0
500 1834 868 1901 καταπιπρών
912 1830 1013 1901 τὴν
1054 1826 1289 1898 δάμαλιν
1328 1828 1425 1881 καὶ
1468 1826 1773 1897 ἀναμιγνὺς
1832 1828 1901 1896 τῇ

2555 1711 2634 1768 De
2672 1714 2799 1784 rufa
2820 1714 3074 1785 jusenca.

2080 1824 2185 1893 Qui
2211 1824 2824 1897 comburitjuvencam,
2875 1837 3095 1883 etcum
3155 1830 3346 1885 cinere
3402 1831 3601 1888 miscet

314 1919 515 1991 σποδιᾷ
534 1919 597 1973 τὸ
620 1919 865 1992 κέδρινον
886 1917 1062 1984 ξύλον,
1092 1919 1189 1972 καὶ
1223 1916 1408 1987 μέντοι
1433 1916 1529 1971 καὶ
1558 1918 1587 1971 ό
1629 1914 1903 1983 συλλέγων

2010 1917 2221 1989 lignum
2248 1917 2559 1981 cedrinum,
2589 1924 2645 1973 et
2668 1917 2948 1987 quietiam
2973 1920 3183 1991 colligit
3204 1921 3470 1983 cinerem.
3490 1930 3599 1987 est,

310 2011 415 2083 τὴν
454 2012 699 2077 σποδιὰν,
747 1996 1049 2082 ἀκάθαρτοι
1095 2009 1226 2081 γὰρ,
1280 2009 1466 2082 φησὶν,
1507 2008 1613 2074 lto;
1637 2008 1899 2076 ἑσπέρας,

2006 2008 2307 2078 inquit"',
2352 2006 2673 2063 immundus
2710 2022 2887 2077 usque
2935 2008 3002 2065 ad
3037 2024 3346 2081 vesperam,
3378 2013 3601 2071 etiamsi

312 2102 496 2157 καίτοι
574 2102 993 2173 φαιδρυνόμενοι
1046 2100 1115 2154 τὰ
1164 2101 1345 2171 ἀμφια
1397 2100 1494 2155 καὶ
1562 2100 1901 2169 ὑπάρχοντες

312 2195 571 2268 καθαροί,
614 2194 1009 2267 ὑποδηλοῦντος
1024 2193 1120 2246 τοῦ
1152 2195 1317 2263 νόμου
1341 2192 1403 2246 τδ
1427 2193 1529 2263 τῆς
1554 2190 1901 2262 ἀνθρωπείας

311 2290 530 2360 φύσεως
547 2287 793 2352 ἀσθενὲς,
831 2287 927 2342 καὶ
958 2288 1175 2357 ὅτιπερ,
1194 2287 1243 2339 εί
1272 2285 1517 2357 ἀκριϐῶς
1545 2284 1813 2356 ἐρευνῷτο
1834 2284 1905 2337 τά

312 2380 440 2435 καθ’
468 2381 641 2451 ἡμᾶς,
673 2380 850 2443 οὐδεὶς
867 2378 976 2433 τῶν
1029 2377 1378 2447 τεταγμένων
1432 2379 1513 2441 τίς
1563 2375 1902 2446 λειτουργίαν

312 2472 599 2535 παντελῶς
632 2471 892 2543 καθαρός.
921 2471 1104 2536 Ἄξιος
1141 2472 1251 2540 τὰρ
1279 2468 1456 2532 οὐδεὶς
1492 2468 1781 2538 ἀποθίγειν
1806 2467 1902 2521 τοῦ

314 2565 566 2636 Σωτῆρος
594 2563 755 2635 ἡμῶν
788 2563 1124 2635 μυστηρίων·
1156 2562 1250 2614 καὶ
1276 2560 1463 2614 λοιπὸν
1480 2561 1530 2613 εί
1557 2561 1903 2632 συγκρίνοιτο

308 2660 383 2713 τά
414 2658 536 2711 καθ’
569 2658 717 2728 ἡμᾶς
748 2656 965 2728 καθαρά
1011 2657 1078 2727 τῇ
1126 2654 1460 2725 καθαρότητι
1507 2651 1602 2708 τοῦ
1638 2653 1901 2726 Χριστοῦ,

308 2748 599 2820 ἀκάθαρτά
635 2749 751 2801 ἐστι
779 2749 874 2801 καὶ
909 2747 1321 2820 μεμολυσμένα,
1362 2740 1536 2818 οὗπερ
1562 2744 1794 2799 ἐνώπιον
1819 2747 1905 2800 οὑ-

308 2838 367 2891 δὲ
400 2837 468 2890 τὰ
500 2836 677 2909 ἄστρα
720 2836 957 2909 καθαρὰ,
1013 2836 1175 2891 κατά
1198 2839 1289 2892 τὸν
1340 2836 1582 2890 εἰπόντα.
1619 2834 1903 2890 ’ἀπέκειτο

308 2930 368 2985 δὲ
390 2930 453 2984 τὸ
476 2929 619 3000 ὕδωρ
638 2928 731 2984 τοῦ
762 2928 1027 2999 ἁγνισμοῦ
1049 2929 1153 2995 ἔξω
1178 2932 1279 3001 τῆς
1306 2928 1667 3000 παρεμδολῆς
1708 2926 1902 2998 δηλοῦν

307 3022 393 3074 ὅτι
434 3018 538 3083 ἔξω
564 3018 665 3089 τῆς
696 3018 804 3070 τῶν
841 3018 1111 3071 Ἰουδαίων
1145 3017 1502 3088 Συναγωγῆς,
1529 3020 1564 3088 ἡ
1586 3020 1645 3070 ὲν
1680 3016 1902 3088 Χριστῷ

310 3110 605 3183 κάθαρσις.
641 3110 1075 3182 Ἀποπεφοίτηκε
1102 3110 1209 3182 γὰρ
1242 3112 1413 3183 αὐτῆς
1442 3114 1475 3182 ὴ
1525 3110 1901 3180 ἀφαγνίζουσα

310 3204 494 3277 χάρις-
529 3224 549 3256 ε
590 3203 720 3258 ἰδοὺ
750 3203 877 3276 γὰρ.
901 3205 1085 3273 φησὶν,
1111 3204 1327 3273 ἀφίεται
1360 3206 1389 3256 δ
1418 3200 1565 3267 οῐκος
1591 3202 1747 3274 ὑμῶν
1775 3201 1903 3275 ερη-

313 3314 435 3368 μος.
467 3313 486 3345 ι
524 3296 635 3350 Καὶ
668 3297 931 3366 νεκρότης
963 3296 1061 3367 μὲν
1092 3293 1362 3365 σώματος,
1403 3293 1672 3365 σύμϐολον
1694 3294 1901 3365 φθορᾶς
1928 3343 1971 3401 C

309 3389 407 3442 καὶ
440 3386 805 3456 ἀκαθαρσίας.
847 3386 905 3441 '0
929 3387 987 3441 δὲ
1015 3386 1111 3439 τοῦ
1156 3385 1347 3450 ὕδατος
1388 3386 1704 3457 ραντισμὸς,
1731 3385 1902 3450 τύπος

306 3479 405 3535 τοῦ
432 3480 590 3548 ἀγίου
616 3478 1009 3549 βαπτίσματος.
1033 3480 1474 3550 Κατερῤαίνοντο
1497 3478 1553 3533 δὲ
1574 3479 1765 3551 τρίτην
1807 3478 1904 3533 καὶ

311 3573 547 3645 ἑϐδόμην
580 3573 813 3645 ἡμέραν.
846 3572 920 3627 Τὸ
952 3572 1060 3643 γὰρ
1102 3573 1386 3643 βάπτισμα
1423 3572 1608 3626 πίστιν
1649 3571 1765 3643 ἔχει
1800 3571 1905 3643 τῆς

307 3684 371 3721 τε
397 3668 538 3722 κατά
552 3670 653 3738 τὴν
680 3667 873 3740 τρίτην
894 3667 1105 3738 ἡμέραν
1135 3666 1487 3727 ἀναστάσεως
1504 3666 1599 3721 τοῦ
1626 3667 1900 3739 Σωτῆρος,

310 3756 405 3811 καὶ
437 3756 536 3827 τῆς
586 3758 726 3810 κατὰ
759 3758 859 3828 τὴν
900 3755 1211 3809 συντέλειαν
1269 3755 1365 3809 τοῦ
1417 3756 1645 3825 ἑϐδόμου
1709 3756 1902 3822 αἰῶνος

308 3848 609 3920 ἀπιδημίας
645 3847 835 3911 αὐτοῦ,
873 3846 996 3901 καθ’
1022 3848 1088 3919 ἥν
1124 3848 1347 3918 κρίνων,
1381 3846 1653 3901 ἀποδώσει
1685 3848 1903 3918 ἑκάστῳ

308 3938 453 3993 κατά
477 3938 547 3992 τά
574 3937 712 4009 ἔργα
738 3936 926 3992 αὐτοῦ.
958 3938 1020 3991 Εἰ
1050 3938 1107 3991 δὲ
1140 3939 1233 3990 καὶ
1265 3934 1415 4002 οἶκος
1461 3940 1897 4010 καταμιαίνοιτο,

309 4031 467 4103 φησὶ,
522 4029 817 4093 τεθνεῶτός
867 4045 1010 4091 τινος
1056 4031 1114 4081 ἑν
1157 4028 1329 4099 αὐτῷ,
1365 4030 1665 4101 ἀκάθαρτοι
1707 4029 1807 4099 μὲν
1851 4032 1901 4083 oi.

309 4123 677 4184 ιίσΰαίνοντες
712 4124 770 4174 ὲν
817 4120 982 4187 αὐτῷ.
1014 4121 1276 4191 Βδελυρδν
1304 4120 1362 4176 δὲ
1390 4122 1484 4175 καὶ
1526 4120 1719 4183 σκεῦος
1755 4120 1901 4176 ἅπαν

308 4214 409 4268 καὶ
434 4214 660 4282 ἀγγεῖον
701 4212 764 4266 οὐ
798 4194 1451 4282 πεπωμασμένονοηπλὴν
1483 4210 1561 4282 τῷ
1597 4208 1748 4265 ῦδατι
1804 4210 1900 4265 τοῦ

310 4305 605 4377 ἁγνισμοῦ,
632 4304 727 4357 καὶ
742 4304 917 4357 ταῦτα
946 4302 1321 4376 διακαθαίρειν
1347 4303 1633 4358 ἐκέλευσεν
1661 4305 1689 4358 ό
1714 4292 1896 4375 νόμος.

308 4396 474 4463 οἷκος
510 4397 608 4468 μιν
660 4390 753 4449 οῦν
808 4402 1208 4465 μεμιασμένος,
1246 4397 1280 4465 ἡ
1336 4396 1633 4466 Συναγωγῇ
1662 4395 1770 4449 τῶν
1802 4414 1901 4450 κυ.

310 4490 603 4564 ριοκτὸνων
637 4485 930 4553 Ἰουδαίων,
962 4486 1259 4549 τεθνεῶτος
1296 4487 1355 4539 ὲν
1383 4487 1567 4550 αὐτοῖς
1597 4486 1693 4539 τοῦ
1718 4489 1901 4559 Σωτῆ-

310 4599 422 4655 ρος·
453 4583 543 4637 ὄτε
574 4581 669 4633 καὶ
700 4578 901 4649 μᾶλλον
939 4578 1278 4648 ἐμιάνθητταν
1300 4578 1377 4645 τῷ
1407 4578 1555 4647 φόνῳ
1584 4578 1770 4632 αὑτοῦ.
1791 4580 1901 4633 Καὶ

306 4678 423 4733 ὅσοι
444 4674 501 4729 δὲ
521 4672 850 4745 προσήλυτοι
878 4670 1240 4725 εἰσεαίνουσιν
1260 4672 1340 4733 εἰς
1364 4669 1557 4738 αὐτὴν.
1598 4670 1897 4743 ἀκάθαρτοι
1932 4702 1976 4758 n

304 4767 402 4824 καὶ
424 4761 571 4820 οὗτοι
604 4766 703 4817 σὺν
741 4763 901 4832 αὐτῇ.
931 4762 1109 4832 Σκεύη
1131 4760 1187 4813 δὲ
1212 4764 1269 4814 ὲν
1296 4762 1433 4831 αὐτῇ
1466 4762 1513 4813 e!
1558 4761 1698 4814 κατά
1729 4762 1894 4832 μέρος

319 4859 584 4915 Ἰουδαῖοι,
609 4854 808 4922 ἀγγεῖα
851 4852 913 4906 οὑ
966 4852 1403 4921 τ’·επωμασρὲνα,
1444 4850 1530 4905 διὰ
1558 4851 1619 4906 τὸ
1663 4852 1891 4923 ἀφαιρε-

305 4950 464 5027 θῆναι
514 4947 613 5018 τὴν
637 4945 939 5013 ἀσψάλειαν
966 4942 1060 4997 τοῦ
1084 4943 1177 4996 νοῦ
1218 4945 1311 4997 καὶ
1343 4946 1444 5011 τῆς
1474 4946 1663 5015 ἀκοῆς,
1690 4949 1785 5000 καὶ
1812 4941 1892 5000 εί-

303 5059 393 5096 ναι
421 5038 745 5110 προχείρους
792 5037 870 5098 εἰς
894 5037 1073 5090 πᾶσαν
1104 5036 1323 5089 ἀμίαν.
1353 5036 1693 5103 Γνωμοδυτεῖ
1726 5038 1825 5107 μὲν
1862 5038 1892 5091 ὁ

316 5131 508 5202 Ίοθὸρ,
544 5126 809 5182 ὑπακούει
849 5126 905 5178 δὲ
945 5128 973 5179 ό
1017 5126 1243 5197 Μωσῆς,
1270 5126 1358 5177 ἵνα
1408 5127 1623 5193 γνῶμεν
1655 5125 1732 5191 ὡς
1762 5130 1791 5182 ό
1832 5126 1891 5193 ἐξ

304 5222 473 5280 ὶθνῶν
495 5220 625 5284 λαὸς
666 5218 975 5289 σοφώτερος
1011 5216 1105 5269 τοῦ
1155 5217 1444 5271 Ἰουδαϊκοῦ
1487 5217 1619 5271 λαοῦ
1647 5217 1737 5272 διά
1790 5219 1892 5289 τῆς

302 5316 539 5375 πίστεως
567 5309 780 5379 γέγονε’
830 5309 923 5361 καὶ
951 5307 1207 5370 πολλάκις
1241 5308 1298 5374 ἐξ
1321 5306 1489 5361 ἐθνῶν
1520 5310 1608 5361 τὸν
1642 5310 1889 5364 Ἰουδαῖον

302 5404 693 5477 νομοθετήσας,
712 5399 1032 5470 πειθόμενον
1056 5398 1321 5467 λαμϐάνει
1354 5406 1469 5462 ταῖς
1499 5402 1634 5452 κατὰ
1655 5398 1695 5452 Χ
1706 5401 1888 5472 ριστὸν

303 5496 537 5555 ἐντολαῖς
549 5537 561 5548 .
1107 5484 1116 5493 ’

374 5587 447 5642 Τό
486 5586 585 5655 μὲν
616 5583 705 5639 τοῦ
754 5584 997 5646 Μωσέως
1052 5581 1344 5649 πρόσωπον
1391 5582 1575 5651 ἐπέχει
1616 5585 1883 5653 Χριστός·

301 5675 597 5751 νομοθέτης
618 5678 727 5750 γὰρ
774 5676 867 5730 καὶ
891 5671 1066 5736 οὗτος,
1103 5676 1195 5728 καὶ
1229 5680 1455 5747 μεσίτης
1490 5677 1583 5728 τοὸ
1619 5678 1753 5731 θεοῦ
1792 5679 1887 5731 καὶ

371 5852 417 5885 ⁵⁸
447 5854 702 5911 Nam",
726 5852 777 5905 5.
850 5849 914 5881 ⁸³“
948 5844 1110 5903 Num.
1152 5865 1260 5909 xu,
1292 5850 1443 5900 .‘Hﬁ.

300 5943 448 5987 xvm.
483 5926 565 5978 ει.
647 5923 691 5951 '-“
717 5921 759 5975 il
796 5920 941 5975 Tim.
974 5935 1035 5981 η,
1068 5920 1119 5973 5.

641 6017 887 6077 Parnm.
960 6014 1075 6074 Gn.
1146 6012 1421 6072 LXXVII.

2003 2100 2355 2155 vestimentis
2386 2099 2493 2155 laeti
2528 2099 2640 2155 sint
2664 2107 2721 2155 et
2754 2100 2968 2157 alacres
2992 2116 3057 2157 ac
3094 2105 3311 2169 mundi,
3360 2105 3481 2178 lege
3512 2115 3600 2164 ta-

2005 2189 2115 2246 cite
2144 2190 2473 2245 ostendente
2500 2190 2937 2247 imbecillitatem
2965 2192 3224 2250 humanse
3266 2205 3509 2261 naturae,
3541 2206 3602 2255 et

2004 2281 2177 2352 quod,
2196 2282 2242 2337 si
2270 2296 2357 2336 res
2372 2292 2577 2337 nostra:
2592 2290 2851 2337 accurate
2868 2290 2926 2337 et
2954 2293 3145 2341 exacte
3178 2286 3597 2358 indagarenlur,

2006 2373 2191 2429 nullus
2214 2373 2373 2428 exiis
2399 2373 2495 2445 qui
2534 2380 2667 2427 sunt
2713 2374 2952 2439 Ordinati
3000 2376 3067 2430 ad
3106 2378 3479 2435 ministerium
3512 2387 3600 2436 est

2004 2466 2155 2522 omni
2178 2463 2243 2521 ex
2265 2475 2421 2537 parte
2444 2482 2642 2537 purus.
2679 2465 2879 2522 Nullus
2906 2476 2992 2523 est
3046 2470 3196 2525 enim
3250 2470 3453 2543 dignus
3497 2474 3596 2544 qui

2004 2564 2191 2623 tangat
2215 2556 2763 2612 sacramenta'nostri
2788 2556 3129 2615 Servatoris:
3160 2570 3216 2615 et
3249 2562 3295 2616 si
3320 2576 3444 2632 qua
3467 2571 3597 2621 sunt

2003 2648 2148 2718 apud
2174 2662 2276 2702 nos
2297 2662 2455 2718 pura,
2487 2646 2847 2703 conferantur
2894 2663 3019 2703 cum
3078 2650 3284 2706 Christi
3327 2653 3591 2723 puritate.

2002 2753 2069 2793 ea
2096 2747 2228 2793 sunt
2256 2737 2543 2793 immunda
2576 2746 2633 2794 et
2654 2739 2885 2809 polluta,
2918 2740 2974 2795 in
2998 2742 3158 2811 cujus
3201 2753 3502 2815 conspectu
3523 2762 3596 2803 ne

2002 2842 2150 2887 astra
2174 2833 2401 2904 quidem
2434 2841 2562 2888 sunt
2592 2833 2817 2900 munda,
2845 2843 2908 2889 ut
2947 2836 3217 2906 scriptum
3247 2846 3332 2893 est
3361 2839 3430 2895 ³⁸.
3481 2839 3594 2896 Rc-
3636 2852 3642 2860 ‘

2002 2928 2181 2999 posita
2208 2938 2393 2984 autem
2421 2936 2542 2983 erat
2570 2943 2714 3000 aqua
2748 2930 3083 2999 expiationis
3098 2938 3253 2987 extra
3290 2942 3491 2997 castra,
3514 2934 3595 2990 si-

2002 3018 2272 3090 gniﬁcans
2306 3020 2454 3090 quod
2504 3029 2659 3076 extra
2706 3030 2889 3077 castra
2930 3020 3227 3095 Synagoga:
3275 3024 3593 3083 Judaorum

2001 3116 2087 3164 est
2119 3111 2177 3165 in
2206 3109 2430 3166 Christo
2462 3112 2810 3183 expurgatio.
2843 3112 2929 3168 Ab
2949 3128 3014 3167 ea
3034 3114 3183 3168 enim
3216 3117 3447 3171 recessit
3469 3132 3598 3188 gra-

2003 3202 2078 3257 tia
2105 3218 2228 3273 quas
2256 3202 2522 3258 emundat
2568 3212 2625 3259 et
2676 3204 2881 3275 expiat.
2935 3205 3331 3272 «Ecce-enim,
3390 3209 3598 3280 inquit,

2005 3295 2344 3365 relinquitur
2378 3294 2578 3352 domus
2606 3305 2791 3351 vestra
2820 3296 3040 3352 deserta
3081 3298 3146 3353 ⁸⁷.
3168 3320 3186 3350 ι
3231 3300 3301 3354 Ει
3345 3303 3600 3371 corporis

2002 3388 2228 3459 quidem
2270 3388 2579 3444 mortalitas
2628 3398 2714 3445 est
2755 3390 3064 3461 symbolum
3115 3394 3493 3462 corruptionis
3540 3404 3599 3451 et

2003 3480 2392 3535 immunditiis.
2421 3480 2593 3551 Aquae
2626 3490 2812 3539 autem
2853 3483 3102 3553 aSpersio
3125 3494 3211 3539 est
3266 3485 3437 3557 ﬁgura
3470 3501 3599 3542 sau-

2004 3573 2078 3629 cti
2111 3572 2481 3643 baptismatis.
2513 3573 2966 3645 Aspcrgebantur
3013 3584 3197 3632 autem
3224 3576 3315 3632 die
3348 3578 3515 3634 tertio
3540 3588 3599 3636 et

2004 3666 2262 3738 septimo.
2289 3665 2569 3735 Baptisma
2598 3667 2748 3721 enim
2774 3666 2943 3723 habet
2967 3666 3129 3723 (idem
3166 3670 3600 3728 resurrectionis

2005 3755 2322 3813 Servatoris
2349 3770 2473 3825 qua:
2497 3756 2602 3811 fuit
2624 3756 2715 3811 die
2737 3756 2924 3822 tertio,
2955 3741 3017 3812 ct
3038 3758 3162 3828 ejus
3205 3758 3477 3816 adventus
3500 3762 3597 3832 qui

2003 3858 2092 3904 est
2125 3848 2347 3904 iuturus
2391 3848 2449 3902 in
2511 3851 2993 3907 consummatione
3044 3851 3269 3921 septimi
3317 3854 3502 3908 seculi
3537 3853 3595 3909 in

2002 3956 2115 4012 quo
2173 3941 2433 4011 judicans
2482 3939 2681 3996 reddet
2728 3942 3030 4012 unicuique
3074 3943 3380 3999 secundum
3425 3959 3597 4015 opera

2003 4047 2120 4088 sua.
2150 4032 2307 4099 Quod
2335 4031 2381 4086 si
2427 4032 2595 4087 etiam
2648 4031 2848 4087 domus
2874 4034 3176 4103 polluatur,
3216 4035 3404 4112 aliquo
3442 4034 3501 4091 in
3530 4050 3596 4093 ea

2002 4132 2246 4189 mortuo,
2266 4123 2538 4179 immundi
2567 4132 2701 4179 sunt
2718 4124 2887 4180 etiam
2911 4126 3006 4195 qui
3028 4140 3150 4180 eam
3180 4126 3592 4198 ingrediuntur.

2000 4216 2353 4272 Exsecranda
2382 4222 2470 4271 est
2490 4215 2662 4270 etiam
2690 4216 2876 4271 omnis
2928 4217 3181 4287 supellex
3205 4226 3262 4273 et
3301 4233 3398 4275 vas
3442 4218 3593 4290 quod

2002 4305 2249 4360 nondum
2268 4314 2355 4360 est
2379 4312 2658 4375 opertum.
2684 4302 2959 4359 Czeterum
2979 4322 3043 4360 ea
3065 4322 3287 4378 quoque
3302 4308 3467 4379 jussit
3506 4309 3593 4365 lex

2001 4395 2275 4451 mundare
2294 4412 2438 4467 aqua
2453 4398 2843 4468 expiationis"
2868 4400 2904 4451 '.
2934 4397 3114 4466 Atque
3135 4398 3343 4468 polluta
3364 4400 3591 4470 quidem

2002 4488 2200 4543 domus
2220 4496 2306 4543 est
2332 4486 2613 4561 Synagoga
2636 4490 2953 4545 Judaaorum
2986 4490 3080 4559 qui
3112 4490 3405 4545 Dominum
3440 4492 3592 4547 occi-

2001 4575 2224 4643 derunt,
2253 4592 2379 4633 cum
2420 4562 2564 4635 in'ter
2592 4594 2690 4634 eos
2710 4590 2962 4655 mortuus
2984 4580 3055 4634 sit
3072 4578 3350 4646 Servator,
3370 4583 3595 4653 quando

2000 4664 2167 4719 etiam
2200 4666 2320 4737 ejus
2350 4667 2499 4721 ctede
2538 4669 2715 4739 magis
2750 4651 3135 4739 suni'ipolluti.
3195 4670 3367 4726 Porro
3390 4651 3589 4727 autem

2001 4763 2275 4824 quotquut
2296 4756 2461 4811 etiam
2492 4758 2756 4829 prosclyti
2784 4758 2837 4813 in
2865 4772 2987 4813 eam
3016 4759 3427 4829 ingrediuntur,
3460 4772 3591 4821 sunt

2002 4845 2037 4898 ii
2065 4860 2285 4917 quoque
2306 4862 2429 4901 cum
2450 4863 2514 4903 ea
2558 4849 2849 4905 immundi.
2900 4849 3195 4921 Suppellex
3220 4864 3426 4919 autem,
3472 4854 3595 4910 sin-

2000 4933 2111 5004 guli
2132 4942 2262 4989 sunt
2293 4934 2488 5001 Judaei,
2520 4947 2577 4993 et
2612 4954 2739 4993 vasa
2761 4955 2868 4995 non
2897 4950 3111 5011 operta,
3134 4951 3425 5013 propterea
3444 4946 3590 5014 quod

2002 5030 2207 5086 mentis
2236 5031 2418 5087 ablata
2448 5034 2521 5088 sit
2545 5034 2823 5090 secaritas
2850 5043 2907 5091 et
2952 5036 3197 5099 auditus,
3222 5045 3278 5092 et
3315 5038 3427 5093 sint
3465 5055 3592 5110 pro.

1998 5123 2155 5193 pensi
2177 5123 2244 5178 ad
2276 5140 2439 5179 omne
2478 5126 2694 5181 vitium.
2728 5127 2929 5199 Legem
2965 5130 3191 5200 quidem
3246 5130 3340 5186 dat
3373 5131 3587 5194 Jethro.

1998 5225 2156 5288 paret
2176 5228 2360 5273 autem
2394 5217 2642 5289 Moyses}
2678 5229 2739 5285 ut
2765 5221 3006 5277 sciamus
3043 5224 3192 5294 quod
3237 5225 3475 5295 populus
3522 5240 3592 5281 ex

1998 5308 2261 5379 gentibus
2282 5309 2458 5366 evasit
2482 5326 2581 5381 per
2612 5310 2777 5367 ﬁdem
2821 5314 3124 5384 sapientior
3164 5316 3371 5387 populo
3400 5314 3591 5374 ,ιιιόοί-

1997 5416 2083 5465 co,
2112 5410 2169 5457 et
2202 5417 2345 5474 saepe
2387 5406 2627 5475 populus
2657 5420 2722 5461 ex
2759 5406 3021 5476 gentibus
3052 5409 3170 5477 lege
3241 5408 3351 5464 lata
3395 5409 3586 5465 Judzeo

1994 5495 2195 5565 accipit
2227 5510 2354 5549 eum
2382 5504 2667 5565 parentem
2690 5495 2898 5554 Christi
2937 5500 3228 5556 mandatis.

2068 5585 2265 5657 Moysis
2296 5588 2520 5659 quidem
2546 5605 2839 5661 personam
2866 5593 3011 5661 gerit
3040 5592 3295 5648 Christus
3319 5612 3331 5647 :
3361 5594 3409 5649 is
3440 5598 3591 5651 enim

1996 5689 2078 5733 est
2101 5681 2423 5751 legislator,
2484 5688 2539 5735 et
2595 5682 2931 5738 intercessor
2980 5685 3077 5739 Dei
3137 5694 3186 5739 et
3226 5685 3591 5744 hominum".

1524 5851 1567 5879 ’⁵³⁸
1591 5850 1690 5903 Joh
1722 5868 1805 5908 xv.
1839 5852 1901 5907 15

2009 5851 2053 5885 ⁸⁸
2081 5854 2253 5908 Levii.
2289 5871 2365 5923 τι,
2398 5856 2589 5913 24-40.
2669 5859 2713 5891 ⁸⁷
2750 5859 2939 5915 Matth.
2973 5878 3122 5921 xxm.
3155 5864 3241 5916 53.
3324 5863 3591 5925 'T‘Exui.

3048 6024 3118 6087 39
