4098 6344
577 419 715 473 Ιίὶῖ

1782 409 1837 462 S.
1878 408 2153 464 CYRILLI
2192 407 2279 461 ΕΤ
2316 406 2623 461 Αωυιιιῖιί

3734 408 3761 461 ⁷1
3771 407 3879 461 2‘23

574 534 808 592 Aaronis
859 539 1044 588 autem
1092 544 1415 602 personam,
1456 527 1774 582 sacerdotes
1798 539 1855 582 et
1884 525 2170 597 pontiﬁces

2275 524 2600 597 ἀνθρώπων·
2625 522 2687 577 τὸ
2712 524 2767 577 δὲ
2802 523 2892 577 τοῦ
2938 523 3167 594 Ἀαρὼν,
3207 524 3258 576 οἱ
3308 524 3478 594 ἱερεῖς
3523 522 3619 577 καὶ
3686 522 3877 594 ἀρχιε-

572 626 928 692 ιιιάεοι-ιιπις
969 624 1171 690 Iariaa
1251 637 1405 687 vero,
1474 619 1758 693 Synagoga
1819 620 2159 677 Judzorum.

572 721 711 777 Nam
736 730 794 776 et
825 718 1145 776 sacerdotes
1188 725 1245 771 et
1274 715 1516 786 populus
1545 714 1903 770 Hebraeorum
1939 730 2163 770 accusa-

576 824 709 869 runt
738 811 1023 869 Christum
1070 809 1426 865 Servatorem
1469 817 1743 872 nostrum,
1790 807 1937 877 quod
1986 808 2161 878 legem

576 916 726 962 esset
760 916 1157 974 transgressus,
1198 909 1255 957 et
1306 900 1454 972 quod
1488 900 1595 955 sibi
1628 898 2016 970 despondisset
2056 898 2162 952 Ec-

577 998 802 1053 clesiam
836 1012 903 1051 ex
925 995 1208 1066 gentibus,
1232 1009 1355 1064 qua:
1384 1001 1504 1046 erat
1542 991 1697 1062 nigra
1746 991 1993 1045 tenebris
2031 1006 2162 1059 pec-

579 1090 707 1143 cati.
737 1089 835 1143 Est
866 1087 1169 1141 verisimile
1192 1100 1260 1139 ex
1308 1100 1451 1139 nuce
1473 1081 1736 1154 juglande
1760 1082 1931 1137 fuisse
1958 1083 2162 1151 virgam

578 1180 830 1244 Aaronis,
856 1180 912 1234 in
934 1179 1245 1250 symbolum
1272 1176 1586 1247 vigilantite.
1612 1174 1869 1231 Ieremia:
1897 1174 2045 1228 enim
2078 1176 2163 1227 vi-

579 1272 734 1328 denti
756 1272 970 1343 virgam
993 1285 1225 1325 nuceam
1247 1269 1383 1323 dicit
1405 1268 1580 1323 Deus:
1613 1287 1630 1318 ι
1651 1267 1794 1322 Ecce
1821 1266 2041 1338 vigilavl
2067 1280 2164 1320 su-

580 1380 681 1435 per
704 1379 991 1420 sermones
1009 1363 1240 1417 meos".
1260 1381 1276 1413 ι
1304 1361 1575 1416 Produxit
1603 1368 1786 1415 autem
1805 1374 1997 1423 nuces,
2015 1358 2164 1429 quod

578 1466 664 1511 est
693 1457 857 1511 etiam
878 1456 1095 1526 signum
1118 1455 1339 1510 virtutis
1356 1455 1481 1518 viri,
1498 1455 1649 1509 intus
1671 1453 1926 1508 habentis
1947 1453 2001 1507 id
2018 1452 2167 1523 quod

580 1559 664 1603 est
697 1549 817 1619 ejus
853 1548 1223 1611 esculentum,
1252 1547 1309 1601 in
1335 1547 1530 1602 habitu
1552 1548 1770 1611 anime,
1805 1561 1917 1599 non
1954 1544 2011 1599 in
2039 1560 2168 1615 pro-

580 1643 810 1698 ceritate
827 1641 1098 1711 corporis.

650 1732 789 1788 Cum
812 1748 879 1787 ex
897 1734 1151 1787 universa
1194 1730 1548 1786 multitudine
1574 1730 1868 1785 duodecim
1911 1729 2026 1784 sola
2052 1728 2170 1784 bel-

582 1828 822 1882 latorum
868 1826 1040 1880 millia
1084 1824 1343 1895 elegisset
1373 1823 1605 1895 Moyses,
1654 1822 1768 1877 Deo
1811 1821 2062 1893 jubente.
2102 1837 2168 1876 ea

2269 620 2383 690 ρεῖς
2414 616 2527 670 τῶν
2562 616 2833 670 Ἰουδαίων
2857 635 2869 646 ·
2903 616 2965 668 τὸ
2992 616 3049 669 δὲ
3076 618 3176 687 τῆς
3213 618 3463 689 Μαρίας,
3498 619 3531 688 ἡ
3562 617 3875 688 Συναγωγή

2265 711 2375 766 τῶν
2417 710 2707 766 Ἰουδαίων.
2779 710 2850 764 οἵ
2893 727 2952 764 τε
3003 709 3112 782 γὰρ
3156 711 3327 781 ιερεῖς
3380 711 3474 766 καὶ
3502 710 3533 763 6
3590 709 3726 775 λαὸς
3763 710 3875 763 τῶν

2275 803 2545 875 Ἐϐραίων
2598 802 2986 875 κατηγόρησαν
3013 802 3107 858 τοῦ
3154 803 3415 874 Σωτῆρος
3437 804 3599 875 ἡμῶν
3624 802 3871 875 Χριστοῦ

2264 895 2577 965 παράϐασιν
2605 895 2701 949 τοῦ
2739 895 2928 965 νόμον,
2961 894 3057 949 καὶ
3095 895 3179 948 ὅτι
3217 895 3320 964 τὴν
3344 894 3404 960 ἐξ
3429 895 3603 948 ἐθνῶν
3640 894 3871 966 Ἐκκλη-

2266 985 2389 1039 σίαν
2451 984 2882 1055 ἐμνηστεύσατο,
2941 984 3042 1056 τὴν
3102 984 3361 1055 μέλαιναν
3419 985 3498 1055 τῷ
3562 986 3723 1055 ζόφῳ
3768 986 3867 1056 τῆς

2264 1078 2561 1149 ἁμαρτίας.
2597 1076 2759 1142 Είκδς
2785 1078 3053 1151 καρυῖνην
3091 1074 3231 1132 εἶναι
3259 1079 3357 1149 τὴν
3389 1078 3588 1151 ῥάϐδον
3626 1079 3860 1149 Ἀαρὼν,

2265 1173 2345 1231 είς
2376 1169 2643 1239 σύμϐολον
2666 1172 3074 1241 ἐγρηγόρσεως.
3104 1171 3197 1239 Τῷ
3236 1172 3476 1242 Ἱερεμίᾳ
3512 1172 3627 1243 γάρ
3666 1172 3863 1243 δρῶντι

2269 1260 2465 1333 ῥάϐδον
2520 1262 2791 1332 καρυῖνην
2844 1262 3015 1332 φησὶν
3059 1264 3090 1316 6
3138 1261 3290 1326 Θεὸς⁸
3328 1282 3346 1312 ι
3400 1262 3535 1316 Ἰδοὺ
3579 1264 3863 1336 ἐγρήγορα

2266 1355 2360 1407 ἐπὶ
2385 1354 2513 1419 τοὺς
2536 1353 2731 1423 λόγους
2762 1371 2885 1423 μου.
2913 1374 2934 1407 ι
2955 1355 3292 1425 Ἐϐλάστησε
3319 1355 3377 1408 δὲ
3400 1355 3610 1427 κάρυα,
3637 1360 3863 1425 σημεῖον

2268 1443 2489 1513 καὶτῆς
2521 1442 2615 1497 τοῦ
2647 1443 2840 1515 ἀνδρὸς
2865 1446 3093 1514 ἀρετῆς.
3125 1444 3271 1497 ἔνδον
3298 1444 3514 1515 ἔχοντος
3552 1451 3616 1499 τὸ
3659 1440 3861 1517 ταύτης

2268 1531 2534 1603 ἐδώδιμον
2559 1535 2618 1587 ἐν
2643 1532 2753 1599 ἕξει
2778 1534 3099 1605 ψυχῆς,οὐκ
3126 1538 3186 1589 ἐν
3214 1535 3339 1605 ῦιέιει
3369 1534 3648 1608 σώματος.

2355 1710 2451 1764 Ἐκ
2492 1710 2695 1775 παντὸς
2737 1708 2981 1780 πλήθους
3024 1711 3193 1781 μόνας
3228 1711 3441 1767 δώδεκα
3461 1714 3719 1784 χιλιάδας
3746 1718 3864 1769 ἐπι-

2269 1803 2570 1874 λεξάμενος
2621 1803 2967 1875 πολεμιστῶν
3000 1806 3030 1858 6
3065 1806 3296 1875 Μωσῆς,
3321 1804 3417 1860 τοῦ
3451 1807 3592 1861 Θεοῦ
3626 1810 3865 1879 προστά-

584 1914 813 1970 immisit
868 1916 923 1968 in
970 1913 1315 1974 Madianitas,
1350 1920 1407 1965 et
1437 1926 1537 1980 per
1584 1909 1723 1978 ipsa,
1763 1924 1863 1963 eos
1910 1908 2053 1963 fudit
2108 1922 2170 1961 ac

2274 1896 2485 1962 ξαντος,
2533 1897 2786 1967 ἐπαφῆκε
2836 1901 2949 1961 τοίς
3006 1897 3387 1966 Μαδιηναίοις,
3440 1900 3537 1953 καὶ
3583 1900 3653 1954 δι’
3687 1901 3864 1955 αὐτῶν

581 2007 971 2065 exterminavit
992 2006 1071 2059 ’σε
1092 2003 1351 2059 Reversis
1380 2013 1566 2057 autem
1594 2003 1683 2058 his
1706 2002 1839 2058 viris
1854 2000 2173 2057 fortissimis

581 2111 640 2157 et
680 2099 870 2155 multis
900 2097 1158 2168 captivis,
1197 2096 1363 2167 jussit
1406 2096 1489 2151 eis
1533 2106 1594 2150 ut
1644 2104 2174 2150 castrametarentur

580 2203 734 2248 extra
769 2198 950 2245 castra
984 2188 1173 2259 pepuli
1204 2188 1273 2242 ad
1306 2196 1519 2258 septem
1559 2202 1734 2257 usque
1758 2187 1880 2241 dies
1906 2204 1918 2239 :
1947 2186 2049 2257 ipsi
2070 2201 2163 2239 au-

583 2294 692 2340 tem
723 2281 930 2353 expiati
992 2295 1119 2335 cum
1174 2278 1436 2333 omnibus
1483 2280 1721 2349 captivis
1780 2278 1945 2332 tertio
1979 2277 2071 2331 die
2119 2286 2176 2332 et

580 2376 817 2447 septimo
861 2373 1287 2444 ingrederentur
1312 2372 1370 2426 in
1386 2381 1589 2427 castra.
1612 2371 1743 2426 Post
1768 2371 1968 2425 Mosem
1988 2378 2175 2425 autem

580 2483 679 2523 eos
701 2474 785 2521 est
812 2466 1088 2520 allocutus
1116 2464 1213 2534 qui
1246 2472 1361 2518 tum
1388 2473 1508 2518 erat
1534 2462 1781 2533 pontifex
1807 2462 2054 2526 Eleazar,
2080 2462 2173 2531 ju-

584 2561 722 2615 bens
754 2574 852 2613 eos
894 2556 1116 2627 quidem
1160 2558 1342 2611 lavare
1394 2570 1524 2610 suas
1566 2564 1749 2609 vestes
1786 2572 1798 2607 :
1839 2554 2173 2623 captivitatis

581 2661 767 2705 autem
785 2665 1006 2715 .aurum
1040 2647 1267 2719 quidem
1307 2656 1364 2703 et
1392 2655 1705 2718 argentum,
1734 2655 1792 2701 et
1828 2661 2171 2716 quaecunque

582 2752 715 2799 sunt
732 2742 922 2799 solida:
941 2742 1206 2807 materiae,
1230 2757 1330 2811 per
1354 2742 1535 2811 ignem
1565 2740 1771 2795 ducere
1793 2758 1808 2807 ;
1834 2750 2042 2795 vestem
2068 2756 2170 2794 au-

586 2845 717 2899 tem,
770 2843 825 2889 et
873 2848 1218 2904 quaecunque
1270 2841 1403 2887 sunt
1444 2830 1733 2887 imbecilla:
1766 2830 2029 2897 materiae,
2071 2846 2171 2900 per

583 2941 782 2995 aquam
814 2925 1059 2994 expiare,
1082 2934 1138 2978 et
1162 2924 1397 2993 septimo
1416 2922 1507 2978 die
1538 2938 1659 2978 esse
1679 2922 1993 2987 mundatos,
2018 2930 2075 2976 et
2095 2923 2171 2978 ita

582 3026 763 3072 castra
791 3014 1039 3085 ingredi.
1077 3012 1215 3069 Vide
1252 3028 1385 3083 ergo
1424 3028 1548 3082 qua:
1590 3013 1822 3083 mystice
1853 3011 2168 3081 significan-

582 3118 695 3163 tur.
732 3108 885 3177 Opus
924 3108 1074 3162 enim
1108 3106 1316 3161 habent
1357 3107 1540 3176 aliqua
1576 3105 1891 3176 expiatione
1930 3103 1968 3157 ii
1992 3104 2087 3173 qui
2112 3118 2171 3159 se

582 3200 803 3256 fortiter
835 3204 1146 3269 gesserunt.
1180 3196 1370 3267 Neque
1407 3198 1561 3251 enim
1584 3195 1679 3265 qui
1710 3211 1770 3250 se
1803 3194 2022 3249 fortiter
2045 3208 2168 3264 ges-

2273 1990 2484 2053 πάντας
2527 1988 2949 2061 ἐξωλόθρευσεν.
2992 1990 3430 2045 Ἐτοανελθὸντων
3475 1992 3538 2044 δέ
3585 1992 3700 2045 τῶν
3746 1994 3863 2064 ἀρι-

2274 2082 2444 2137 στέων
2474 2080 2703 2146 τούτων,
2738 2082 2836 2135 καὶ
2886 2082 3091 2153 πολλῆς
3136 2083 3545 2154 αἰχμαλωσίας,
3578 2085 3863 2139 ἐκέλευσεν

2273 2177 2457 2239 αὐτοῖς
2500 2176 2883 2247 παρεμϐαλεῖν
2924 2176 3033 2244 ἔξω
3056 2176 3157 2248 τῆς
3196 2176 3562 2249 παρεμϐολῆς
3585 2178 3686 2231 τοῦ
3713 2178 3860 2239 λαοῦ.

2277 2267 2471 2339 μέχρις
2518 2267 2660 2320 ἐπτέι
2705 2268 2971 2339 ἡμερῶν
3022 2268 3375 2337 άγνισθέντας
3421 2269 3481 2323 δὲ
3521 2271 3727 2334 αὐτοὺς
3772 2272 3863 2323 σὺν

2275 2361 2409 2413 πᾶσι
2439 2362 2553 2424 τοῖς
2593 2360 2693 2430 τῆς
2737 2360 3139 2430 αίχμαλωσίας,
3172 2364 3240 2432 τῇ
3271 2378 3331 2414 τε
3360 2361 3521 2433 τρίτῃ
3558 2364 3747 2434 ἡμέρᾳ
3774 2363 3864 2415 καί

2271 2455 2339 2523 τῇ
2388 2452 2611 2524 ἐϐδόμῃ.
2662 2452 2841 2516 οὕτως
2892 2453 3160 2507 είπςλθεῖν
3206 2455 3287 2515 είς
3342 2454 3443 2524 τὴν
3490 2454 3859 2524 παρεμϐολήν.

2273 2543 2429 2598 Μετὰ
2454 2543 2509 2597 δὲ
2538 2544 2745 2598 Μωσέα
2777 2544 3206 2618 προσεφώνησεν
3251 2545 3437 2608 αὐτοῖς
3470 2546 3499 2599 6
3527 2547 3652 2599 τότε
3681 2547 3863 2617 ἀρχιεο

2276 2636 2402 2706 ρεὺς
2447 2634 2735 2706 Ἐλεάζαρ,
2778 2634 3021 2690 κελεύων
3049 2636 3149 2706 μὲν
3183 2637 3385 2700 αὐτοὺς
3414 2636 3617 2691 πλῦναι
3639 2640 3709 2691 τά
3731 2640 3861 2691 ἐαυ-

2269 2726 2379 2780 τῶν
2433 2728 2656 2797 ἱμάτιαο
2699 2731 2803 2800 τῆς
2852 2728 3236 2799 αἰχμαλωσίας
3267 2728 3324 2782 δὲ
3376 2729 3471 2782 τὸν
3505 2730 3609 2800 μὲν
3644 2732 3861 2801 χρυσὸν.

2268 2820 2366 2873 καὶ
2397 2819 2492 2873 τὸν
2526 2820 2790 2892 ἄργυρον,
2831 2822 2927 2875 καὶ
2950 2823 3053 2875 ὅσα
3077 2822 3178 2893 τῆς
3215 2824 3453 2894 στερρᾶς
3489 2822 3627 2894 ῦλης
3650 2825 3741 2878 διὰ
3764 2841 3862 2877 πυ-

2272 2912 2365 2984 ρὸς
2400 2914 2660 2981 ἀγαγεῖν·
2695 2915 2799 2986 τὴν
2834 2915 2893 2968 δι
2927 2914 3155 2987 ἐσθῆτα,
3194 2917 3291 2969 καὶ
3323 2917 3424 2969 ὅσα
3467 2916 3572 2987 τῆς
3605 2917 3864 2981 ἀσθενοῦς

2273 3005 2402 3076 ὕλης
2426 3005 2494 3059 δι’
2527 3004 2720 3069 ὓδατος
2744 3004 3062 3077 ἐφαῗνίσαι,
3093 3008 3191 3062 καὶ
3222 3010 3290 3079 τῇ
3324 3008 3529 3080 ἐϐδόμῃ
3557 3008 3747 3081 ἡμέρα
3772 3027 3868 3064 κα-

2273 3099 2619 3171 θαρισθῆναι,
2645 3102 2742 3154 καὶ
2761 3101 2936 3168 οῦτως
2962 3096 3228 3155 εἰσελθεῖν
3254 3105 3336 3166 εἰς
3361 3105 3463 3173 τὴν
3488 3104 3865 3177 παρεμϐολήν.

2278 3192 2422 3263 Ὅρα
2466 3192 2649 3248 τοίνυν
2704 3193 2775 3247 τά
2834 3195 3115 3265 μυστικῶς
3172 3195 3610 3268 ὑποδηλούμενα.
3648 3201 3865 3255 Δεῖν-ται

583 3300 778 3347 serunt
803 3290 1069 3345 adversus
1091 3289 1371 3343 daemones
1396 3298 1451 3342 et
1483 3287 1617 3342 vitia
1666 3296 1798 3342 sunt
1818 3287 2045 3341 omnino
2084 3287 2170 3339 in-

2279 3262 2379 3353 μὲν
2406 3284 2680 3353 ἁγνισμοῦ
2716 3262 2862 3349 τινος
2905 3286 2956 3339 οί
2994 3262 3461 3357 ἀριστεύσαντεςί
3495 3290 3620 3345 οὐδὲ
3664 3293 3780 3363 γὰρ
3822 3296 3872 3346 oi

583 3384 789 3456 culpati
810 3393 867 3440 et
899 3384 1037 3438 nulli
1069 3380 1259 3437 aﬂines
1282 3380 1722 3452 reprehensioni.
1750 3379 1885 3433 Nam
1917 3377 2063 3449 quod
2088 3387 2175 3433 est

584 3478 825 3549 perfecte
856 3485 1067 3530 castum
1096 3484 1153 3530 et
1178 3475 1467 3539 mundum,
1497 3479 1841 3529 reservatum
1863 3480 1949 3527 est
1991 3471 2047 3525 in
2080 3469 2170 3525 fu-

584 3578 769 3623 turum
796 3566 1079 3622 steculum.
1106 3564 1278 3636 Cujus
1294 3565 1605 3637 symbolum
1626 3573 1713 3620 est
1736 3563 1857 3619 dies
1879 3563 2171 3634 septimus.

585 3660 865 3731 Septimus
898 3658 1125 3729 quidem
1176 3658 1299 3713 dies
1339 3666 1427 3712 est
1466 3655 1807 3720 Sabbatum,
1852 3655 1959 3710 hoc
1986 3663 2171 3709 autem

585 3754 985 3823 interpretatur
1028 3752 1256 3821 requies.
1282 3748 1475 3804 Omnis
1506 3758 1692 3804 autem
1716 3748 2057 3818 operationis
2087 3762 2175 3800 rc-

582 3846 841 3917 quiesest
862 3843 1109 3898 futurum
1135 3843 1419 3899 saeculum.
1444 3841 1617 3898 Tertii
1647 3850 1830 3897 autem
1856 3841 2171 3913 dieiexpia-

585 3937 663 3991 tio
710 3934 980 4006 figurabat
1003 3934 1459 4005 expurgationem
1498 3950 1599 4004 per
1623 3932 1906 3990 Christum
1939 3934 2059 4006 lege
2092 3935 2175 3988 la-

585 4035 718 4092 tam,
750 4026 931 4081 datam
973 4026 1140 4080 tertio
1170 4034 1418 4095 tempore
1456 4026 1695 4097 triplicis
1720 4027 2037 4082 Judzeorum
2074 4027 2172 4080 ad-

585 4115 1031 4171 ministrationis.
1087 4115 1225 4171 Nam
1265 4126 1390 4186 post
1433 4125 1653 4187 tempus
1694 4134 1907 4189 regum,
1942 4130 1999 4174 et
2048 4129 2173 4191 post

587 4216 807 4278 tempus
840 4206 1090 4278 judicum
1112 4248 1125 4273 ,
1173 4208 1449 4279 degebant
1484 4210 1588 4265 sub
1613 4211 1989 4281 pontificibus.
2050 4212 2172 4280 Quo

586 4306 833 4367 tempore
856 4297 1111 4353 Christus
1137 4300 1255 4370 lege
1280 4301 1570 4355 constituit
1593 4317 1735 4372 expu
1746 4306 2049 4375 rgationem
2074 4322 2173 4376 per

583 4406 803 4447 sacrum
840 4389 1172 4461 baptismum
1205 4392 1534 4448 faciendam.
1561 4393 1668 4449 Sed
1695 4394 1907 4464 Moyses
1946 4398 2169 4466 quidem

582 4483 913 4551 expiationis
940 4485 1115 4538 solum
1142 4496 1360 4555 tempus
1382 4487 1627 4541 ostendit
1655 4488 1723 4542 iis
1754 4492 1848 4558 qui
1871 4506 1929 4545 se
1955 4491 2173 4547 fortiter

582 4582 891 4643 gesserunt;
920 4574 1146 4629 Eleazar
1168 4585 1352 4630 autem
1375 4577 1541 4631 etiam
1570 4579 1791 4634 modum
1819 4582 2169 4651 expiationis.

2274 3376 2419 3432 κατὰ
2451 3376 2726 3447 δαιμόνων
2773 3378 2872 3431 καὶ¹
2920 3378 3115 3434 παθῶν
3148 3380 3593 3450 ἀριστεύσαντες,
3628 3385 3870 3454 ἀμώμη-

2271 3486 2355 3523 τοι
2387 3468 2688 3534 παντελῶς.
2723 3470 2798 3523 Τὸ
2830 3470 2942 3541 γὰρ
2977 3470 3201 3533 τελείως
3233 3473 3399 3540 ἁγνὸν
3445 3475 3529 3538 είς
3560 3474 3655 3528 τὸν
3698 3476 3872 3530 αίῶνα

2270 3565 2570 3634 τετήρηται
2632 3563 2724 3616 τὸν
2769 3563 3055 3635 μέλλοντα.
3113 3560 3189 3619 Οὖ
3259 3564 3533 3636 σύμϐολον
3575 3568 3611 3639 ή
3663 3569 3871 3640 ἑϐδόμη

2270 3656 2479 3726 ἡμέρα.
2515 3652 2751 3725 Ἑϐδόμη
2781 3656 2879 3727 μὲν
2902 3656 3090 3729 ἡμέρα
3122 3657 3185 3711 τὺ
3221 3658 3521 3713 Σάϐϐατον·
3559 3662 3873 3719 κατάπαυ-

2274 3764 2375 3813 σις
2406 3746 2466 3799 δὲ
2514 3745 2673 3800 τοῦτο
2710 3747 3099 3818 ἑρμηνεύεται.
3148 3750 3512 3815 Κατάπαυσις
3562 3753 3623 3807 δὲ
3682 3756 3874 3827 πάσης

2276 3842 2541 3911 ἐργασίας
2577 3842 2608 3893 6
2642 3840 2857 3911 μέλλων
2890 3840 3047 3896 αίὼν.
3097 3842 3157 3896 '0
3187 3841 3247 3897 δέ
3281 3845 3382 3914 τῆς
3411 3846 3609 3916 τρίτης
3650 3848 3872 3917 ἡμέρας

2273 3933 2560 4001 άγνισμὸς,
2598 3933 2698 4003 τὴν
2734 3932 2825 3986 διὰ
2861 3932 3105 4004 Χριστοῦ
3154 3934 3613 4005 νομοθετηθεῖσαν
3659 3939 3872 4012 κάθαρ-

2276 4041 2359 4077 σιν
2397 4025 2698 4090 ὑπετύπου,
2736 4025 2988 4079 δοθεῖσαν
3030 4028 3172 4081 κατὰ
3204 4028 3296 4082 τὸν
3329 4028 3510 4100 τρίτον
3545 4033 3747 4105 καιρὸν
3770 4036 3869 4103 τῆς

2272 4114 2509 4186 τριπλῆς
2547 4115 2827 4179 πολιτείας
2892 4116 3001 4169 τῶν
3050 4116 3346 4174 Ἰουδαίων.
3405 4120 3562 4175 Μετὰ
3605 4122 3720 4193 γάρ
3780 4125 3871 4178 τὸν

2274 4204 2464 4274 καιρὸν
2496 4204 2607 4257 τῶν
2645 4204 2935 4275 βασιλέων,
2976 4207 3071 4260 καὶ
3103 4206 3198 4261 τὸν
3218 4209 3328 4262 τῶν
3360 4212 3585 4282 κριτῶν,
3624 4212 3733 4267 ὑπὸ
3761 4213 3870 4268 τῶν

2276 4297 2583 4368 ἀρχιερέων
2632 4298 2849 4369 ήγοντο.
2888 4299 2977 4353 Ἕν
3008 4294 3055 4368 ᾧ
3090 4301 3269 4372 καιρῷ
3308 4303 3406 4374 τὴν
3451 4304 3543 4358 διὰ
3582 4306 3679 4359 τοῦ
3720 4306 3871 4379 ἱεροῦ

2279 4389 2659 4461 βαπτίσματος
2690 4392 2720 4443 6
2753 4390 2992 4462 Χριστὸς
3022 4393 3385 4465 ἐνομοθέτησε
3410 4397 3680 4469 κάθαρσιν
3699 4417 3715 4429 ο
3754 4400 3870 4455 ἀλλ’

2275 4484 2304 4535 6
2344 4484 2444 4554 μὲν
2484 4483 2693 4554 Μωσῆς
2741 4484 2831 4538 τὸν
2870 4485 2968 4539 τοῦ
3012 4485 3283 4557 ἁγνισμοῦ
3318 4490 3512 4562 καιρὸν
3549 4492 3710 4562 μόνον
3746 4494 3869 4564 ἐδή-

2276 4576 2419 4629 λωσε
2466 4579 2581 4640 τοῖς
2618 4578 2933 4646 ἀριστεῦσιν
2956 4596 2971 4609 ·
3026 4580 3057 4631 6
3089 4579 3146 4634 δὲ
3193 4580 3458 4654 Ἐλεάζαρ
3493 4582 3591 4636 καὶ
3640 4583 3735 4638 τὸν
3772 4586 3867 4640 τοῦ

584 4664 720 4719 Nam
772 4665 859 4719 lex
900 4665 1122 4735 quidem
1158 4667 1393 4723 Mosaica
1438 4670 1695 4740 praedixit
1737 4672 1917 4727 solum
1958 4682 2170 4743 tempus

2279 4669 2552 4737 ἁγνισμοῦ
2586 4670 2807 4737 τρόπον.
2860 4668 2971 4723 Καὶ
3002 4671 3114 4743 γὰρ
3151 4672 3182 4724 6
3221 4673 3321 4741 μὲν
3359 4676 3503 4728 κατὰ
3536 4675 3750 4745 Μωσῆν
3788 4680 3869 4731 νό-

584 4757 997 4826 expurgationis
1029 4775 1127 4830 per
1141 4759 1446 4816 Christum.
1472 4762 1679 4817 Christi
1717 4772 1902 4819 autem
1926 4765 2175 4837 Evange-

583 4852 722 4908 lium
744 4853 989 4907 ostendit
1026 4854 1193 4907 etiam
1231 4854 1457 4909 modum
1502 4857 1667 4928 hujus
1703 4858 2053 4927 expiationis.
2080 4859 2176 4915 At-

583 4960 693 5015 que
731 4958 833 4997 nos
854 4943 1077 5014 quidem
1102 4960 1294 5000 sumus
1312 4948 1537 5017 captivi,
1567 4964 1707 5019 quos
1730 4950 2023 5007 duodecim
2075 4955 2173 5023 qui

583 5050 643 5091 se
677 5033 896 5089 fortiter
924 5045 1212 5104 gesserunt
1242 5038 1499 5106 apostoli.
1530 5048 1585 5095 et
1608 5056 1801 5095 eorum
1823 5056 2177 5099 successores

586 5132 839 5193 pastores
859 5130 917 5177 et
940 5122 1216 5184 doctores.
1244 5127 1492 5196 captivos
1521 5128 1875 5185 abduxerunt
1897 5147 1926 5185 a
1946 5132 2169 5188 diabolo

582 5224 641 5270 et
666 5214 1035 5279 daemonibus,
1066 5226 1123 5271 et
1146 5214 1439 5287 expiarunt
1470 5221 1595 5291 igne
1628 5223 1805 5278 sancti
1840 5224 2079 5294 Spiritus
2119 5235 2175 5282 et

580 5325 726 5381 aqua
757 5309 930 5365 divini
952 5310 1327 5381 baptismatis:
1358 5314 1793 5387 uniuscujusque
1816 5318 2039 5389 quidem
2062 5320 2175 5374 ani-

582 5414 670 5453 ma
694 5399 750 5453 in
784 5399 1015 5454 solidam
1044 5410 1271 5471 accepta
1292 5404 1577 5460 materiam
1602 5417 1827 5478 propter
1853 5409 2175 5466 immortali-

582 5500 749 5545 tatem
779 5508 792 5544 :
824 5504 1055 5561 corpore
1084 5502 1267 5548 autem
1299 5494 1355 5549 in
1379 5495 1733 5565 imbecillam,
1769 5511 1996 5571 propter
2018 5517 2171 5557 mor-

584 5582 871 5637 talitatem.
936 5582 1096 5639 Lotio
1151 5594 1336 5642 autem
1399 5591 1637 5647 vestium
1705 5604 1791 5649 est
1844 5595 2170 5667 prmparatio

580 5673 944 5746 purgationis,
968 5689 1091 5745 quae
1122 5685 1209 5731 est
1235 5678 1403 5733 etiam
1448 5680 1565 5750 ipsa
1594 5684 1923 5756 expurgatio
1956 5696 2173 5741 sancto.

724 5862 770 5894 ”
799 5863 1065 5928 Jcrem.1,
1116 5864 1166 5917 ll
1245 5864 1325 5918 l2.
1405 5868 1448 5897 ’“
1484 5867 1643 5921 Num.
1675 5884 1820 5929 “vi,
1856 5871 1872 5921 l
1909 5884 2062 5936 seqq.

2278 4776 2379 4829 μος
2412 4758 2507 4811 τὸν
2548 4757 2739 4830 καιρὸν
2784 4758 2946 4829 μόνον
2979 4761 3083 4831 τῆς
3121 4759 3213 4813 διὰ
3251 4761 3492 4827 Χριστοῦ
3542 4761 3864 4834 καθάρσεως

2276 4850 2675 4922 προηγόρευσε.
2714 4849 2790 4903 Τὸ
2823 4849 2880 4903 δὲ
2920 4852 3062 4904 κατά
3099 4851 3335 4921 Χριστὸν
3392 4853 3727 4922 Εὐαγγέλιον
3774 4857 3866 4910 καὶ

2271 4943 2365 4997 τὸν
2397 4944 2598 5014 τρόπον
2626 4945 2727 5015 τῆς
2748 4945 3007 5016 τοιαύτης
3040 4940 3363 5015 καθάρσεως
3386 4946 3754 5005 ὑποδείκνυσι.
3787 4949 3865 5003 Τά

2272 5038 2457 5108 μέντοι
2489 5036 2591 5108 τῆς
2624 5038 3007 5108 αἰχμαλωσίας
3039 5039 3202 5109 ἡμεῖς
3238 5040 3408 5108 ἐσμεν
3430 5055 3445 5069 ·
3480 5039 3579 5103 οὓς
3634 5042 3687 5093 οἱ
3741 5042 3863 5112 ἀρι-

2275 5129 2602 5193 στεύσαντες
2632 5129 2843 5184 δώδεκα
2873 5130 3164 5184 ἀπόστολοι
3208 5132 3303 5184 καί⁵
3325 5134 3374 5184 oi
3392 5130 3629 5202 διάδοχοι
3665 5131 3866 5187 τούτων

2274 5221 2535 5290 ποιμένες
2568 5221 2663 5274 καὶ
2684 5219 2995 5275 διδάσκαλοι
3026 5220 3463 5293 ῂχμαλὼτευσαν
3491 5223 3601 5276 ἀπὸ
3625 5224 3719 5278 τοῦ
3751 5227 3861 5280 δια-

2276 5312 2431 5366 ϐόλου
2468 5312 2563 5366 καλ⁵
2593 5312 2705 5365 τῶν
2739 5313 3033 5384 δαιμόνων,
3068 5314 3162 5367 καὶ
3217 5314 3558 5386 καθήγνισαν
3596 5316 3731 5385 πυρὶ
3773 5317 3863 5370 τοῦ

2275 5406 2435 5474 ἁγίου
2464 5404 2806 5478 Πνεύματος,
2838 5407 2934 5460 καὶ
2973 5406 3131 5461 ὕδατι
3156 5406 3254 5461 τοῦ
3283 5408 3432 5462 θείου
3464 5407 3859 5482 βαπτίσματος·

2282 5498 2384 5568 τῆς
2417 5500 2517 5570 μὲν
2567 5500 2799 5554 ἑκάστου
2828 5498 3007 5570 ψυχῆς
3037 5501 3115 5565 εἰς
3149 5501 3250 5577 τὴν
3273 5501 3515 5574 στερρὰν
3551 5500 3703 5573 ῦλην,
3724 5502 3790 5556 λα
3802 5521 3865 5573 μ-

2277 5592 2584 5664 ϐανομένης
2630 5593 2720 5647 διὰ
2769 5594 2869 5666 τὴν
2903 5595 3235 5649 ἀθανασίαν·
3266 5594 3363 5649 τοῦ
3406 5596 3465 5650 δὲ
3504 5596 3759 5667 σώματος
3787 5597 3862 5658 εἰς

2278 5687 2378 5757 τὴν
2412 5686 2612 5759 ἀσθενῆ
2642 5688 2731 5743 διὰ
2761 5689 2821 5742 τὸ
2860 5689 3072 5759 θνητόν.
3108 5689 3313 5753 Πλύσις
3340 5688 3399 5743 δὲ
3429 5689 3541 5744 τῶν
3567 5689 3803 5760 ἱματίων
3830 5689 3861 5757 ἡ
