4098 6344
258 447 400 507 {229

1636 440 2154 499 COLLECTANEA.

3383 447 3517 506 1230

240 568 569 640 παρασκευὴ
602 567 701 638 τῆς
734 566 1076 638 καθάρσεως,
1107 568 1137 636 ἦ
1182 569 1276 622 καὶ
1308 565 1447 634 αὑτὴ
1487 566 1519 635 ἡ
1553 563 1823 632 κάθαρσις

1929 577 2069 617 rimi.
2108 562 2149 616 li
2176 564 2324 617 enim
2374 571 2506 617 sunt
2542 562 2867 618 vestimenta
2910 563 3134 629 Christi,
3185 580 3324 634 quos
3373 583 3506 634 quo-

240 658 354 712 τῶν
387 658 579 728 ἁγίων.
613 650 773 711 Οὗτοι
815 660 924 731 γάρ
969 658 1159 730 ἱμάτια
1228 658 1368 711 κατά
1429 654 1691 725 Χριστὸν,
1736 652 1831 715 οῦς

241 749 448 822 τρόπον
477 752 603 803 τινα
629 739 1040 819 περιϐάλλεται.
1070 749 1297 803 ὲνοικῶν
1337 748 1546 810 αὐτοῖς.
1574 746 1579 755 ’

315 839 440 893 Τῶν
496 827 756 912 λαφύρων
807 841 904 909 τῆς
966 827 1361 911 αίχμαλώσεως
1399 836 1829 909 διανεμηθέντων

247 932 335 995 είς
362 948 424 985 τε
449 931 578 996 τοὺς
603 934 844 1003 ἀριστεῖς
868 924 959 987 καὶ
980 934 1057 995 είς
1076 931 1172 1000 τὴν
1196 930 1361 1001 ἄλλην
1390 927 1707 999 συναγωγὴν
1734 926 1829 981 τοῦ

240 1020 398 1087 λαοῦ,
430 1023 765 1093 προσέταξεν
782 1027 811 1076 ὁ
842 1026 975 1085 Θεὸς
1007 1008 1311 1075 ἀποδιελεῖν
1337 1017 1414 1089 τῷ
1438 1010 1558 1087 Θεῷ
1592 1016 1688 1071 καλ⁵
1712 1017 1829 1078 τοῖς

240 1110 511 1178 Δευττάις
538 1115 730 1185 μοίρας
759 1114 867 1167 ἀπὸ
895 1114 993 1181 τῆς
1019 1111 1417 1183 αἰχμαλωσίας,
1448 1109 1513 1163 ἐκ
1526 1125 1585 1161 τε
1617 1106 1830 1179 ἀνθρώ-

242 1222 401 1267 πων,
463 1198 556 1260 καὶ
588 1208 656 1259 ὲκ
710 1205 1054 1275 τετραπόδων
1076 1222 1089 1234 ·
1155 1204 1247 1257 καὶ
1290 1202 1415 1266 τοὺς
1445 1202 1543 1272 μὲν
1587 1201 1829 1271 ἀριστεῖς

240 1294 619 1367 προσαγαγεῖν
660 1296 737 1367 τῷ
790 1295 933 1366 Θεῷ,
968 1298 1034 1350 ἐκ
1082 1294 1456 1371 πεντακοσίων
1490 1294 1575 1345 ἕν’
1630 1292 1721 1346 τὸν
1770 1291 1828 1344 δὲ

241 1373 431 1439 λοιπδν
454 1374 584 1439 λαὸν
610 1378 979 1456 προσαγαγεῖν
999 1387 1111 1449 τοῖς
1131 1386 1408 1449 Λευῖταις,
1429 1386 1493 1437 ὲκ
1526 1385 1825 1451 πεντήκον-

240 1493 315 1531 τα
346 1477 426 1533 ἓν.
462 1476 525 1531 0i
559 1477 657 1550 μὲν
690 1477 798 1548 γὰρ
825 1476 983 1546 ὀλίγα
1010 1476 1226 1547 ἔχοντες
1240 1478 1613 1548 ἁμαρτήματα
1670 1476 1827 1543 ὀλίγα

238 1565 566 1637 ὀφείλουσιν.
598 1569 664 1622 οι
682 1568 739 1621 δὲ
773 1567 1014 1622 πλείοσιν
1040 1558 1333 1622 ὑπεύθυνοι
1362 1569 1823 1639 πλημμελήμασι,

241 1661 465 1725 πάντως
497 1660 735 1715 πλείονα.
773 1661 966 1715 Καίτοι
1008 1663 1068 1713 ὲν
1103 1663 1170 1733 τῇ
1215 1660 1443 1731 διανομῇ
1473 1660 1523 1713 οί
1570 1661 1667 1730 μὲν
1702 1660 1825 1730 ἀρι-

242 1754 393 1817 στεῖς
424 1744 597 1822 μόνοι,
617 1752 683 1808 τδ
712 1753 884 1824 ἣμισυ
918 1752 1016 1823 τῆς
1048 1752 1178 1823 ὅλης
1201 1752 1580 1823 αἰχμαλωσίας
1607 1750 1820 1805 ἔλαϐον·

240 1846 280 1917 ἡ
316 1844 375 1899 δι
409 1834 546 1915 άλλη
585 1834 880 1913 συναγωγὴ
913 1835 1085 1906 πάσα,
1119 1840 1174 1896 τὸ
1206 1842 1400 1913 ἥμισυ.
1436 1843 1561 1906 Τοῖς
1593 1844 1702 1913 γὰρ
1731 1844 1822 1896 εὑ-

1932 652 2228 707 dammodo
2250 652 2448 714 induit,
2480 653 2532 707 in
2560 653 2692 722 ipsis
2718 653 3051 719 inhabitans.

2001 834 2350 904 Captivitatis
2376 836 2565 905 spoliis
2584 835 2774 892 divisis
2797 838 2939 891 inter
2967 853 3067 893 eos
3085 838 3177 907 qui
3212 850 3271 893 sc
3292 837 3512 893 fortiter

1931 936 2221 997 gesserunt
2248 934 2307 981 et
2327 926 2470 981 inter
2504 927 2673 1007 alium
2713 928 2899 998 populi
2925 936 3150 993 coetum,
3173 930 3337 1000 jussit
3365 929 3511 985 Deus

1930 1019 2179 1076 dividere
2214 1021 2326 1076 D‘eo
2347 1030 2403 1076 et
2424 1020 2638 1077 Levitis
2676 1031 2889 1093 partem
2933 1039 3002 1078 ex
3033 1025 3373 1094 captivitate.
3398 1037 3506 1080 tam

1929 1126 1997 1166 cx
2021 1111 2357 1176 hominibus,
2380 1128 2545 1182 quam
2564 1129 2632 1167 ex
2664 1112 3133 1183 quadrupedibus,
3173 1122 3229 1170 et
3262 1130 3359 1170 eos
3386 1116 3509 1185 qui-

1930 1200 2055 1255 dem
2080 1203 2172 1272 qui
2209 1216 2265 1257 sc
2295 1202 2511 1258 fortiter
2529 1212 2816 1273 gesserant
2846 1202 2959 1257 Deo
2989 1203 3213 1269 oﬂ'erre,
3239 1219 3306 1258 ex
3340 1204 3505 1274 quiu-
3567 1270 3577 1277 _

1929 1294 2109 1363 gentis
2160 1293 2384 1361 quidem
2434 1309 2605 1349 unum
2643 1295 2957 1363 :reliquum
3010 1302 3191 1350 autem
3243 1296 3505 1365 populum

1928 1384 2127 1438 oﬂ‘erre
2173 1384 2402 1450 Levitis,
2432 1400 2501 1440 ex
2538 1385 2935 1455 quinquaginta
2979 1400 3169 1439 unum.
3213 1387 3346 1440 Nam
3406 1388 3504 1455 qui

1928 1492 2101 1544 pauca
2125 1476 2350 1545 quidem
2394 1475 2602 1531 habent
2640 1484 2884 1546 peccata,
2930 1490 3102 1543 pauca
3137 1474 3360 1529 debent.
3399 1475 3504 1542 Qui

1927 1576 2053 1620 sunt
2079 1575 2261 1619 autem
2288 1566 2539 1635 pluribus
2575 1566 2791 1620 delictis
2828 1564 3072 1630 obnoxii,
3117 1566 3278 1636 plane
3319 1568 3497 1635 plura.

1928 1660 2089 1729 Atqui
2116 1660 2172 1713 in
2196 1658 2603 1722 distributione,
2633 1660 2735 1713 viri
2774 1658 2987 1729 pridem
3011 1658 3180 1713 fortes
3203 1658 3305 1711 soli
3338 1673 3501 1712 accc»

1925 1759 2126 1821 perunt
2148 1751 2433 1805 dimidium
2474 1750 2718 1806 omnium
2752 1750 3124 1821 captivorum,
3154 1750 3295 1803 alius
3318 1760 3504 1803 autem

1929 1842 2222 1896 universus
2237 1843 2423 1912 populi
2449 1850 2645 1905 catus,
2669 1841 2981 1895 dimidium.
3004 1841 3139 1895 Nam
3170 1840 3505 1909 probatiori-

240 1904 633 2009 δοκιμωέροις
693 1904 918 1990 πλείονα
975 1904 1293 2007 χαρίσματα
1350 1904 1562 1988 δίδωσιν
1605 1904 1824 1999 δΘεός.

1931 1930 2035 1985 bus
2061 1904 2285 1999 quidem
2311 1904 2465 1985 .Dcus
2499 1932 2594 1985 dat
2649 1931 2806 2001 plura
2842 1904 3193 1985 charismata:
3240 1930 3345 1984 Sed
3398 1932 3504 1983 viri

256 2025 398 2081 Ἀλλ’
430 2027 481 2081 οί
519 2024 618 2097 μιν
653 2016 891 2097 ἀριστεῖς
914 2024 992 2095 τῷ
1021 2020 1141 2096 Θεῷ
1175 2024 1511 2094 προσάγουσι
1546 2025 1607 2078 τὺ
1642 2024 1822 2095 λάχος,

238 2121 283 2189 ἡ
338 2117 397 2173 δι
443 2117 606 2190 λοιπὴ
653 2117 944 2189 συναγωγὴ
986 2119 1098 2180 τοῖς
1142 2118 1429 2180 Λευῖταις,
1476 2117 1553 2180 ὼς
1590 2119 1826 2190 εἴρηται.

243 2211 357 2266 Καὶ
405 2209 516 2280 γὰρ
566 2210 615 2263 oi
669 2209 768 2280 μὲν
801 2207 1227 2279 εὐδοκιμώτεροι
1277 2210 1501 2280 ἀμέσως
1550 2226 1828 2279 καρποφο-

244 2299 404 2373 ροῦσι
434 2298 514 2371 τῷ
547 2298 666 2369 Θεῷ
716 2299 784 2353 τὰ
818 2298 1029 2353 ἑαυτῶν
1064 2298 1497 2370 κατορθώματω
1533 2302 1582 2352 οἱ
1617 2300 1674 2353 δὲ
1710 2299 1829 2369 μετ’

242 2391 488 2453 ἐκείνους
541 2388 840 2460 εὐδόκιμοι,
888 2388 976 2443 διὰ
1032 2382 1217 2460 μέσων
1284 2389 1394 2442 τῶν
1455 2389 1830 2459 ἀνακειμένων

241 2481 367 2553 Θεῷ
410 2475 584 2549 ἁγίων
634 2479 1008 2552 δωροφοροῦσι
1045 2479 1185 2551 Θεῷ,
1221 2484 1335 2543 τοῖς
1374 2480 1830 2553 προσεδρεύουσιν

242 2573 396 2645 αὐτῷ
449 2573 522 2627 τά
576 2574 713 2644 πρὸς
770 2572 869 2646 τὴν
936 2573 1127 2644 χρείαν
1192 2577 1559 2645 παρέχοντες..
1582 2575 1678 2627 καὶ
1712 2578 1831 2638 ταῖς

242 2664 431 2736 ἁγίαις
474 2656 822 2736 Ἐκκλησίαις
854 2664 1293 2736 ἐπικουροῦντες.
1343 2665 1502 2719 Ἀλλά
1534 2664 1705 2720 ταῦτα
1734 2666 1832 2735 μὲν

244 2761 313 2814 ὲκ
342 2758 492 2813 θείου
539 2758 987 2829 προστάγματος.
1012 2758 1239 2812 Οῖκοοεν
1272 2758 1328 2811 δὲ
1364 2760 1456 2812 καὶ
1493 2745 1585 2828 ἀφ’
1622 2758 1831 2811 ἑαυτῶν

245 2854 298 2907 οί
330 2851 443 2909 τῶν
473 2852 745 2923 ἀριστέων
785 2850 1158 2921 ἀφηγούμενοι
1192 2852 1542 2922 προσήγαγον
1599 2850 1677 2921 τῷ
1711 2849 1831 2919 Θεῷ

244 2944 485 3017 χρυσοῦς
535 2944 785 3016 χλιδόνας
832 2946 931 2999 καὶ
984 2944 1198 3014 ψέλλια,
1258 2945 1353 3011 καὶ
1409 2945 1695 3010 δακτύλια,
1732 2946 1832 2999 καὶ

249 3033 553 3106 περιδὲξια,
596 3036 694 3088 καὶ
740 3034 1033 3105 ἑμπλόκια.
1073 3037 1137 3088 Oi
1172 3036 1278 3105 γὰρ
1349 3036 1408 3088 ἐν
1442 3035 1666 3105 Χριστῷ
1701 3035 1834 3088 καθ-

245 3127 541 3199 ηγούμενοι
572 3127 669 3182 τοῦ
702 3127 835 3183 λαοῦ
896 3128 992 3183 καὶ
1052 3128 1382 3200 προῦχοντες
1442 3127 1832 3199 ὑπερϐαίνουσι

1930 2023 2151 2092 quidem
2179 2022 2349 2076 fortes
2377 2023 2490 2079 Deo
2512 2033 2714 2077 sortem
2737 2020 2976 2081 oderunt
3007 2040 3019 2074 :
3054 2022 3297 2093 reliquus
3319 2032 3505 2078 autem

1928 2116 2116 2184 populi
2142 2124 2336 2177 coetus,
2367 2116 2593 2179 Levitis,
2631 2102 2690 2169 tit
2723 2114 2929 2169 dictum
2957 2123 3059 2167 est.
3085 2114 3219 2169 Nam
3243 2113 3337 2182 qui
3376 2124 3507 2169 sunt

1929 2205 2149 2274 quidem
2169 2206 2531 2274 probatiores,
2557 2205 2694 2259 citra
2716 2204 2955 2258 medium
2977 2203 3086 2257 Deo
3113 2202 3353 2258 oﬁ‘erunt
3385 2216 3509 2273 qua?

1928 2314 1959 2353 a
1987 2314 2043 2353 se
2070 2306 2218 2353 recte
2238 2297 2380 2352 facta
2400 2305 2549 2351 sunt.
2578 2295 2680 2362 Qui
2702 2299 2829 2367 po‘st
2859 2298 2981 2350 illos
3013 2305 3195 2350 autem
3221 2305 3348 2350 sunt
3378 2312 3505 2366 pro-

1932 2391 2067 2453 bati,
2117 2406 2216 2460 per
2239 2404 2335 2443 eos
2357 2388 2715 2443 intermedios
2737 2398 2958 2442 sanctos
2984 2386 3078 2456 qui
3106 2387 3216 2440 Deo
3248 2398 3377 2441 sunt
3404 2385 3507 2440 de-

1931 2482 2119 2543 dicati.
2150 2483 2261 2535 Deo
2290 2481 2432 2535 dona
2465 2479 2725 2543 offerunt,
2756 2479 2823 2533 iis
2852 2478 2943 2548 qui
2966 2478 3065 2547 ipsi
3096 2478 3334 2532 assident
3360 2493 3502 2546 pra--

1932 2576 2127 2629 bentes
2156 2589 2221 2628 ea
2244 2589 2366 2643 qua:
2394 2581 2525 2628 sunt
2551 2573 2696 2637 usui,
2724 2581 2780 2627 et
2818 2572 3026 2626 sanctis
3064 2586 3222 2640 opem
3268 2570 3511 2625 ferentes

1933 2666 2213 2722 Ecclesiis.
2244 2666 2349 2721 Sed
2382 2666 2499 2721 haec
2525 2664 2745 2736 quidem
2781 2679 2848 2719 cx
2882 2663 2977 2718 Dei
3002 2673 3293 2733 prmeepto.
3324 2664 3365 2718 E
3404 2665 3505 2719 du-

1932 2774 2022 2812 mo
2059 2768 2244 2812 autem
2275 2773 2373 2812 sua
2400 2766 2457 2811 et
2492 2772 2522 2811 a
2553 2756 2771 2826 seipsis,
2794 2756 3039 2809 virorum
3078 2754 3303 2808 fortium
3337 2754 3508 2809 duces

1932 2852 2043 2906 Deo
2075 2851 2396 2905 obtulerunt
2432 2849 2696 2912 armillas,
2746 2856 2990 2917 torques,
3032 2846 3276 2910 monilia,
3327 2864 3505 2903 annu-

1931 2943 2035 3008 los,
2083 2952 2141 2999 et
2181 2942 2500 2998 brachialia.
2534 2940 2667 2995 Nam
2704 2941 2798 3009 qui
2826 2940 2880 2993 in
2905 2939 3123 2994 Christo
3160 2949 3290 2994 sunt
3320 2941 3506 3011 populi

1932 3035 2107 3089 duces
2140 3044 2198 3089 et
2242 3034 2526 3105 praesides,
2574 3030 2627 3089 in
2667 3040 2813 3090 recte
2862 3021 3022 3092 fartis
3069 3054 3211 3108 θωνα
3247 3045 3509 3108 supr-rant

1933 3133 2207 3196 pracepta
2221 3126 2558 3198 evangelica,
2580 3136 2642 3181 ut
2664 3127 2756 3197 qui
2787 3143 2854 3182 ex
2879 3144 2936 3183 se
2964 3140 3257 3185 exerceant
3282 3132 3508 3201 virgini-

248 3216 512 3281 πολλάκις
542 3218 643 3283 τὰς
680 3217 1043 3287 εὑαγγελικάς
1085 3218 1307 3282 ἐντολάς
1342 3218 1424 3281 είς
1462 3217 1827 3288 κατορθώμα-

1933 3225 2101 3273 tatem
2128 3233 2250 3288 qua:
2280 3233 2392 3274 non
2412 3226 2499 3273 est
2535 3220 2655 3289 lege
2678 3220 2919 3283 decreta,
2944 3232 3000 3275 ct
3036 3222 3143 3277 alia
3173 3223 3508 3294 bujusmodi.

246 3325 337 3374 ινα,
372 3308 670 3381 παρθενίαν
710 3309 921 3364 οἴκοθεν
971 3310 1383 3379 ἐπιτηδεύοντες
1448 3309 1544 3380 τὴν
1580 3310 1655 3381 μὴ
1690 3325 1833 3363 νενο-

251 3400 652 3476 μοθετημένην,
686 3404 782 3456 καὶ
815 3403 948 3457 ἄλλα
981 3403 1226 3457 τοιαῦταε
1260 3405 1370 3457 Καὶ
1418 3405 1527 3475 γὰρ
1564 3403 1658 3455 καὶ
1695 3401 1831 3455 Παῦ-

247 3490 340 3556 λος
360 3491 683 3557 κελευσθεὶς
714 3493 827 3548 ἀπὸ
852 3493 947 3547 τοῦ
992 3494 1328 3562 Εὑαγγελίου
1360 3493 1677 3565 τρέφεσθαι,
1710 3497 1835 3557 ταῖς

252 3583 410 3646 ἰδίαις
461 3584 721 3656 ῑτρέφετο
774 3586 945 3656 χερσί.
983 3587 1083 3641 Διὰ
1123 3586 1181 3639 δὲ
1213 3586 1322 3640 τῶν
1360 3585 1833 3659 ἀπηριθμημένων

251 3673 473 3745 χρυσῶν
507 3675 739 3738 σκευῶν,
776 3676 845 3729 τὰ
878 3676 1113 3747 διάφορα
1168 3678 1269 3746 τῆς
1324 3676 1515 3745 τιμίας
1550 3676 1646 3728 καὶ
1694 3674 1833 3743 λαμ-

248 3767 529 3837 προτάτης
583 3767 784 3839 ἀρετῆς
832 3767 948 3838 εἴδη
1013 3768 1445 3838 ὑποσημαίνεται
1534 3767 1723 3821 Ταῦτα
1774 3767 1832 3820 δὲ

248 3856 432 3911 πάντα
465 3859 547 3921 είς
569 3858 669 3928 τὴν
706 3859 913 3930 σκηνὴν
933 3856 1026 3913 τοῦ
1064 3858 1200 3912 Θεοῦ
1238 3859 1593 3930 εἰσήχθησαν,
1636 3859 1828 3929 φησὶν,

248 3951 332 4013 είς
385 3950 731 4021 μνημόσυνον
782 3951 986 4005 αὐτῶν.
1023 3951 1106 4005 Τὰ
1144 3952 1254 4023 γὰρ
1287 3952 1513 4006 τοιαῦτα
1551 3951 1832 4023 κατορθώ-

251 4056 405 4112 ματα
452 4042 562 4096 τῶν
602 4043 774 4111 ἁγίων
831 4046 898 4115 τῇ
944 4043 1245 4115 Ἐκκλησία
1279 4042 1703 4114 θησαυρίζονται
1736 4043 1833 4093 κό-

251 4154 412 4209 σμος,
448 4134 529 4197 είς
574 4133 919 4205 μνημόσυνον
967 4133 1075 4186 τῶν
1126 4134 1609 4204 κατορθωσάντων.
1672 4132 1833 4184 Ἀλλὰ

250 4232 352 4285 καὶ
406 4228 498 4282 ὅτε
556 4228 592 4297 ἡ
628 4226 806 4296 σκηνὴ
858 4225 1126 4299 πρότερον
1162 4214 1619 4291 κατεσκευάζετο,
1659 4241 1831 4296 προσ-

251 4318 410 4384 έταξε
448 4316 546 4387 μὲν
563 4315 593 4368 δ
623 4315 756 4377 Θεὸς
782 4314 1220 4385 ἐπισκοπηθῆναι
1249 4313 1340 4368 τὸν
1366 4316 1495 4369 λαόν
1512 4330 1530 4347 ⁸
1550 4316 1644 4370 καὶ
1663 4333 1834 4387 προσ-

249 4411 485 4477 αγαγεῖν
552 4407 782 4460 ἕκαστον
816 4408 1021 4479 ἄρσενα
1051 4406 1128 4474 τῷ
1172 4406 1313 4478 Θεῷ,
1344 4407 1453 4461 ἀπὸ
1486 4408 1833 4472 εἰκοσαετοῦς

250 4502 351 4555 καὶ
376 4500 561 4555 ἐπάνω
587 4500 648 4554 τὸ
673 4500 846 4570 ﬂutat»
889 4498 985 4551 τοῦ
1013 4498 1334 4569 διδράχμου.
1359 4500 1423 4553 Οἱ
1468 4499 1526 4553 δὲ
1571 4501 1832 4572 ἄρχοντες

1931 3307 2133 3364 Paulus
2158 3308 2307 3363 enim
2331 3307 2522 3379 jussus
2556 3309 2627 3363 ali
2650 3325 2719 3363 ex
2757 3309 3085 3381 Evangelio,
3125 3312 3364 3384 propriis
3401 3315 3513 3370 aleo

1931 3401 2096 3455 batur
2119 3400 2393 3456 manibus.
2426 3401 2532 3456 Per
2570 3412 2893 3457 enumerata
2926 3413 3108 3459 autem
3148 3421 3274 3460 vasa
3319 3422 3510 3470 aurea,

1929 3494 2310 3566 significantur
2340 3495 2559 3551 diversa
2582 3510 2782 3566 genera
2807 3497 3129 3552 veneranda
3159 3509 3214 3552 et
3238 3500 3516 3568 praeclara!

1930 3587 2171 3642 virtutis.
2196 3587 2323 3642 Hazc
2343 3594 2527 3642 autem
2562 3587 2768 3650 omnia,
2795 3587 2995 3657 inquit,
3034 3597 3163 3644 sunt
3199 3590 3509 3645 introducta

1932 3679 1987 3733 in
2022 3679 2118 3733 Dei
2148 3678 2501 3735 tabernacula
2525 3679 2593 3734 ad
2616 3693 2811 3734 eorum
2838 3680 3238 3735 monimentum
3255 3683 3321 3736 ".
3350 3683 3509 3754 Ejus—

1933 3771 2083 3827 modi
2118 3771 2267 3825 enim
2309 3779 2460 3826 recte
2497 3770 2642 3825 facta
2677 3780 2996 3827 sanetorum
3046 3772 3219 3829 instar
3263 3774 3510 3830 thesauri

1933 3861 2313 3918 reconduntur
2352 3870 2738 3918 ornamentum
2786 3862 3066 3927 Ecclesiae,
3105 3861 3172 3918 ad
3201 3866 3511 3920 monimcn‘

1933 3965 2049 4009 tum
2083 3972 2276 4011 eorum
2300 3955 2395 4027 qui
2420 3970 2479 4011 se
2503 3964 2652 4010 recte
2692 3965 3005 4025 gesscrt'mt.
3047 3955 3154 4010 Sed
3189 3964 3247 4011 et
3288 3959 3511 4027 quando

1934 4045 2349 4100 tabernaculum
2390 4044 2545 4115 prius
2579 4044 3045 4108 constituebatur,
3083 4045 3248 4114 jussit
3287 4047 3510 4117 quidem

1932 4139 2079 4193 Deus
2110 4137 2324 4192 sisitari
2350 4152 2417 4192 ac
2444 4137 2719 4191 recenseri
2750 4136 3045 4206 populum:
3072 4138 3127 4191 et
3150 4153 3512 4207 unumquem-

1931 4246 2038 4300 quc
2082 4228 2388 4284 masculum
2430 4227 2632 4283 offerre
2662 4228 2775 4283 Deo
2802 4242 2835 4282 a
2862 4227 3057 4298 viginti
3094 4242 3269 4283 annos
3301 4239 3431 4282 nato
3453 4240 3509 4283 et

1930 4337 2096 4393 supra
2122 4321 2413 4376 dimidium
2428 4319 2759 4375 didrachmi.
2788 4319 3069 4391 Principes
3089 4327 3272 4375 autem
3296 4336 3327 4376 e
3346 4322 3511 4376 dumo

1930 4423 1986 4468 et
2003 4429 2033 4468 a
2057 4429 2115 4469 se
2139 4412 2446 4468 oﬂ‘crebant
2466 4412 2983 4482 pretiososlapidcs,
3006 4420 3062 4466 et
3082 4413 3263 4467 oleum
3294 4413 3513 4468 unctio-

1930 4508 2040 4568 nis,
2069 4513 2126 4561 et
2149 4504 2609 4576 compositionem
2640 4504 3031 4575 thymiamatis.
3072 4504 3249 4573 Atque
3298 4504 3513 4574 lapides

251 4592 465 4647 οἴκοθεν
513 4592 611 4646 καὶ
658 4590 754 4661 ἀφ’
780 4589 991 4644 ἑαυτῶν
1042 4591 1392 4661 προσήγαγον
1441 4592 1570 4654 τοὺς
1618 4592 1829 4662 τιμίους

1934 4598 2160 4669 quidem
2206 4596 2370 4652 eiecti
2419 4603 2551 4651 sunt
2592 4597 2698 4667 ipsi
2739 4596 2904 4651 electi
2932 4595 3103 4652 duces
3135 4595 3510 4651 Ecclesiarum

251 4682 456 4750 λίθους,
498 4683 595 4738 καὶ
629 4683 691 4737 τὸ
733 4681 909 4737 ἔλαιον
946 4683 1046 4753 τῆς
1068 4684 1325 4752 χρίσεως,
1357 4682 1452 4738 καὶ
1484 4684 1584 4755 τὴν
1611 4684 1708 4737 τοῦ
1734 4685 1829 4738 θυ-

255 4773 531 4847 μιάματος
579 4772 850 4828 σύνθεσιν.
886 4772 1038 4826 Δίθοι
1081 4774 1178 4843 μὲν
1224 4768 1317 4825 οὖν
1355 4773 1548 4843 τίμιοι,
1579 4774 1736 4827 αὐτοὶ
1780 4775 1829 4827 oi

252 4864 504 4921 ἐκλεκτοὶ
518 4863 918 4936 καθηγούμενοι
948 4863 1058 4917 τῶν
1084 4863 1424 4933 Ἐκκλησιῶν
1452 4863 1546 4917 τοῦ
1565 4865 1828 4937 Χριστοῦ,

250 4958 345 5013 διὰ
368 4957 431 5012 τὸ
460 4957 688 5030 στερρὸν
725 4956 822 5012 καὶ
866 4956 1108 5029 καθαρὸν
1146 4957 1239 5009 καὶ
1267 4956 1520 5029 λαμπρὸν
1546 4958 1645 5012 καὶ
1690 4959 1829 5029 πρὸς

248 5043 381 5108 τοὺς
405 5042 604 5107 ἄλλους
632 5041 1038 5114 διαφορώτατον
1058 5058 1075 5074 ·
1102 5044 1231 5115 περὶ
1252 5039 1327 5097 ὧν
1351 5045 1564 5116 εἴρηται
1592 5045 1672 5117 τῷ
1694 5064 1829 5119 προ-

251 5133 424 5207 φήτῃ,
457 5133 544 5187 ὅτι
584 5150 606 5185 ι
634 5132 789 5187 Δίθοι
841 5132 1121 5189 κυλίονται
1168 5136 1264 5188 ἐπὶ
1309 5135 1411 5206 τῆς
1454 5140 1581 5209 γῆς.
1610 5157 1630 5189 ι
1671 5140 1735 5191 Οἱ
1783 5139 1828 5191 δ’

249 5222 407 5278 αὐτοὶ
434 5223 530 5278 καὶ
545 5222 724 5278 ἔλαιον
754 5222 1032 5295 βασιλικόν
1049 5242 1109 5279 τε
1139 5226 1232 5280 καὶ
1264 5228 1558 5299 ἱερατικὸν,
1580 5230 1642 5283 οὐ
1674 5232 1831 5297 μόνον

252 5313 474 5385 κύοντες
508 5313 574 5387 [Ῑ.
607 5314 876 5388 χρίοντες]
920 5315 1161 5385 βασιλεῖς
1199 5319 1294 5373 καὶ
1328 5320 1515 5391 ἱερεῖς,
1562 5320 1701 5375 ἀλλὰ
1736 5323 1833 5376 καὶ

254 5405 564 5470 πιαίνοντες
601 5405 704 5470 τὰς
746 5404 927 5477 ψυχάς
962 5408 1264 5479 πανσόφοις
1295 5409 1689 5479 διδασκαλίαις,
1736 5414 1833 5466 καὶ

252 5492 733 5565 καθιλαρύνοντες.
785 5498 850 5551 οι
896 5497 1050 5552 αὐτοὶ
1099 5492 1161 5554 δε
1199 5502 1296 5556 καὶ
1339 5502 1595 5575 θυμίαμα
1616 5505 1705 5560 διὰ
1729 5505 1832 5577 τὴν

250 5585 483 5640 εὐωδίαν
516 5586 627 5641 τῶν
672 5589 923 5660 ἀρετῶνο
968 5589 1224 5647 σύνθετον
1262 5595 1320 5648 δὲ
1352 5595 1429 5660 ὡς
1478 5598 1543 5651 ἐκ
1580 5598 1831 5667 πράξεως

248 5679 348 5735 καὶ
373 5679 610 5752 θεωρίας
630 5680 1035 5748 εὐωδιάξοντες.
1072 5685 1210 5756 Περὶ
1239 5686 1342 5757 μέν
1367 5704 1452 5743 τοι
1478 5688 1587 5743 τῶν
1610 5693 1833 5745 εἰκοσα-

248 5770 389 5826 ετῶν
417 5772 514 5825 καὶ
538 5772 749 5839 ἐπάνω,
789 5776 1202 5848 προειρήκαμεν
1231 5779 1289 5831 ὲν
1312 5782 1430 5843 τοῖς
1472 5782 1825 5858 προλαϐοῦσι.

320 5884 363 5915 ¹¹
397 5882 557 5938 Num.
593 5900 737 5948 snt,
763 5885 851 5941 ει.
931 5887 979 5919 ⁹¹
1009 5886 1239 5943 Zachar.
1263 5906 1335 5955 ix,
1364 5891 1451 5946 16.

1927 4690 2157 4753 Christi,
2185 4699 2477 4759 propterea
2516 4688 2660 4759 quod
2682 4687 2795 4742 sint
2827 4686 2987 4743 solidi
3014 4698 3071 4743 et
3101 4687 3226 4758 puri
3247 4697 3303 4743 et
3329 4688 3509 4758 splen-

1928 4781 2067 4847 didi,
2095 4791 2151 4837 et
2179 4781 2303 4835 aliis
2347 4781 2787 4836 cxcellentiores.
2823 4781 2899 4835 De
2944 4780 3148 4850 quibus
3189 4780 3398 4836 dictum
3422 4790 3511 4836 est

1928 4886 2028 4941 per
2055 4872 2428 4942 prephetam:
2462 4890 2480 4920 ι
2524 4870 2763 4941 Lapides
2816 4870 3116 4926 volvuntur
3151 4886 3320 4941 super
3394 4882 3509 4927 ter-

1927 4979 2045 5018 ram
2069 4964 2139 5017 ".
2179 4984 2197 5016 ι
2229 4962 2399 5018 Iidem
2430 4970 2615 5017 autem
2658 4974 2788 5018 sunt
2814 4964 3000 5018 oleum
3036 4963 3215 5035 regale
3244 4973 3301 5019 ct
3324 4981 3511 5020 sacer-

1926 5057 2133 5121 dotale,
2170 5071 2282 5111 non
2304 5056 2481 5111 solum
2500 5064 2771 5126 tingentes
2805 5071 2961 5126 reges
2982 5065 3038 5110 et
3054 5056 3389 5119 sacerdotes,
3410 5058 3509 5112 sed

1926 5149 2093 5203 etiam
2142 5148 2569 5218 sapientissimis
2619 5146 2889 5202 doctrinis
2938 5147 3408 5218 pinguefacicntes
3452 5160 3514 5203 et

1925 5239 2294 5294 exbilarantes
2305 5253 2535 5293 animas.
2548 5236 2720 5292 [idem
2735 5247 2921 5292 autem
2945 5246 3075 5291 sunt
3087 5237 3253 5291 etiam
3276 5239 3520 5309 thymia-

1928 5347 2038 5394 ma,
2070 5340 2299 5401 propter
2327 5330 2536 5384 bonum
2554 5329 2782 5385 odorem
2814 5329 3103 5384 virtutum.
3131 5329 3509 5399 Compositum

1927 5435 2135 5485 autem,
2178 5431 2241 5477 ut
2266 5425 2363 5493 qui
2408 5423 2698 5479 redoleant
2728 5439 2796 5477 ex
2828 5423 3045 5477 actione
3075 5432 3132 5476 et
3164 5422 3503 5492 contempla»

1929 5516 2099 5570 tione.
2136 5516 2211 5571 Dc
2243 5515 2439 5586 viginti
2469 5525 2654 5571 autem
2687 5530 2862 5569 annos
2885 5513 3028 5568 natis
3048 5524 3104 5568 et
3138 5529 3323 5584 supra,
3351 5515 3510 5585 prius

1929 5606 2170 5660 diximus
2200 5608 2252 5660 in
2279 5606 2347 5663 iis
2368 5622 2491 5676 qua:
2513 5614 2935 5676 pnncesseruut.
