4170 6330
647 494 776 554 {ﬁt

1848 488 1902 542 S.
1940 484 2213 541 CYRlLL-l
2252 480 2339 536 ET
2378 481 2686 541 Αιιοιιυιι

3747 480 3889 537 ιιιε

714 604 854 662 Cum
875 603 1123 673 jumenta
1175 599 1387 652 alerent
1412 598 1505 668 qui
1537 606 1691 651 erant
1736 612 1766 650 e
1803 596 1951 651 tribu
1997 595 2213 658 Ruben,

2392 594 2765 667 Κτηνοτρόφοι
2804 596 2955 662 ὄντες
2984 600 3035 651 ot
3068 598 3164 667 τῆς
3202 598 3378 669 φυλῆς
3414 598 3686 666 Ῥουδείμ,
3713 602 3810 653 καὶ
3833 595 3889 653 οὶ

640 705 698 751 et
718 693 813 767 qui
849 699 1055 748 erante
1082 688 1230 744 tribu
1259 686 1395 750 Gad.
1432 696 1723 757 postquam
1757 685 2014 741 viderunt
2041 686 2217 756 regio—

646 800 772 842 nem
794 791 977 855 aptam
1000 781 1067 837 ad
1090 779 1283 837 alenda
1314 793 1533 849 pecora,
1564 789 1689 833 ante
1711 778 2030 843 Iordanem,
2062 778 2131 833 ab
2152 792 2218 832 ea

649 875 794 945 capti
826 881 975 936 sunt,
1010 879 1067 927 et
1092 876 1353 941 rogarunt
1384 869 1611 940 Moysen
1661 878 1721 923 ut
1744 884 1865 923 eam
1904 869 2221 939 acciperent

651 964 709 1020 in
735 972 960 1019 sortem.
986 960 1258 1016 irascente
1286 968 1469 1014 autem
1492 967 1547 1012 et
1575 957 1792 1028 probris
1804 972 1903 1012 eos
1930 965 2220 1028 appetente

651 1055 856 1127 Moyse,
901 1052 1131 1123 polliciti
1181 1059 1331 1116 sant,
1368 1051 1413 1106 si
1453 1066 1573 1106 eam
1606 1051 1944 1121 acciperent,
1982 1066 2040 1105 se
2064 1066 2220 1105 suam

652 1144 1056 1216 supellectilem
1116 1142 1194 1197 ibi
1220 1143 1533 1206 relicturos,
1565 1152 1806 1197 armatos
1824 1150 2008 1197 autem
2028 1142 2220 1197 Jorda—

652 1251 778 1292 nem
820 1234 1261 1300 transmissuros,
1290 1243 1347 1289 et
1388 1235 1547 1289 simul
1592 1250 1717 1288 cum
1759 1234 1963 1304 populo
1995 1233 2222 1287 bellatu—

653 1344 767 1395 ros,
794 1342 971 1397 neque
1014 1328 1388 1383 haereditatem
1437 1328 1601 1382 aliam
1646 1342 1767 1381 esse
1808 1325 2218 1396 quaesituros“.

651 1414 932 1487 Ejusmodi
962 1425 1090 1470 sunt
1114 1416 1209 1485 qui
1232 1415 1710 1486 multa'possident
1734 1426 1790 1471 et
1823 1426 2068 1471 terrenas
2095 1430 2225 1470 con-

654 1508 947 1578 cupiscunt
977 1506 1221 1562 divitias.
1268 1508 1402 1562 Nam
1431 1517 1597 1563 totam
1644 1518 1881 1564 mentem
1915 1508 1982 1563 ad
2012 1523 2105 1563 eas
2137 1508 2223 1561 in-

657 1599 971 1663 tendentes,
1016 1609 1147 1655 sunt
1186 1599 1407 1670 quidem
1461 1599 1607 1680 pigri
1630 1601 1697 1655 ad
1736 1598 2081 1670 suscipienda
2127 1613 2227 1669 pro

654 1690 856 1745 virtute
905 1691 1227 1756 certamina,
1272 1702 1329 1747 et
1379 1692 1700 1748 aﬂlictiones
1750 1708 1871 1762 quae
1915 1700 2043 1746 sunt
2090 1691 2227 1745 tole-

655 1785 839 1839 randa:
880 1798 980 1853 pro
1013 1786 1396 1856 consequenda
1434 1786 1752 1841 haereditate
1796 1787 2062 1841 bonorum
2096 1801 2225 1856 pro-

655 1880 975 1935 missorum.
1032 1879 1221 1934 Divina
1294 1887 1475 1932 autem
1531 1880 1647 1949 lege
1696 1878 1779 1933 eis
1836 1880 2223 1949 exprobrante,

654 1981 711 2025 et
745 1972 877 2026 iram
914 1972 970 2025 in
994 1986 1088 2025 eos
1115 1964 1450 2032 intendente,
1480 1968 1570 2023 vix
1602 1977 1889 2023 transeunt
1924 1970 1992 2023 ad
2024 1971 2219 2033 aciem,

656 2069 712 2116 et
734 2076 891 2132 opem
922 2060 1104 2116 lerunt
1141 2058 1206 2113 iis
1246 2060 1349 2128 qui.
1371 2074 1429 2113 se
1473 2058 1691 2115 fortiter
1719 2068 1919 2130 gerunt
1958 2060 2223 2115 adversus

656 2153 843 2209 hostes
864 2151 957 2222 qui
982 2165 1089 2205 non
1120 2150 1324 2204 eadunt
1368 2151 1469 2205 sub
1493 2162 1794 2221 aspectum,
1833 2158 1890 2205 et
1913 2151 2045 2206 dant
2072 2154 2224 2207 auxi-

658 2243 789 2297 lium
816 2241 1074 2296 Ecclesiis
1099 2256 1220 2312 quae
1261 2241 1405 2295 bello
1428 2250 1783 2312 appetuntur.
1808 2243 1929 2297 Non
1968 2252 2099 2299 sunt
2120 2260 2222 2298 au-

657 2339 767 2387 tem
790 2347 981 2387 eorum
1015 2331 1348 2394 cohaeredes,
1376 2340 1435 2385 ut
1462 2331 1556 2401 qui
1581 2333 1945 2401 praetulerunt
1990 2333 2225 2388 haeredi-

657 2431 820 2478 tatem
871 2438 992 2492 qute
1033 2430 1119 2477 est
1164 2432 1290 2475 ante
1337 2422 1651 2484 Jordanem,
1690 2430 1750 2475 ut
1788 2430 1873 2476 est
1918 2431 2226 2487 ostensum,

656 2514 973 2585 voluptatis,
1021 2513 1265 2583 inquam,
1308 2516 1720 2582 perceptionem
1746 2528 1868 2581 quae
1884 2515 2039 2585 juxta
2063 2522 2119 2569 et
2148 2516 2223 2569 si-

656 2605 768 2660 mul
802 2606 904 2659 sita
930 2614 1013 2660 est
1040 2621 1164 2661 cum
1202 2605 1310 2658 vita
1338 2604 1477 2658 ﬂuxa
1511 2612 1565 2658 et
1602 2604 1862 2668 instabili,
1896 2616 1951 2660 et
1996 2616 2223 2676 propter

2317 685 2417 756 τῆς
2466 686 2636 756 φυλῆς
2680 687 2817 751 Νὰδ,
2848 689 2969 741 ἐπεὶ
3020 688 3203 761 χώραν
3259 688 3552 744 ἐθεάσαντο
3602 688 3772 761 καλὴν
3807 693 3892 752 είς

2318 780 2738 849 κτηνοτροφίαν,
2765 779 2872 850 πρὸ
2895 778 2990 834 τοῦ
3022 781 3310 850 Ἰορδάνου,
3331 780 3577 834 ἐάλωσαν
3601 781 3772 851 αὐτῆς
3795 782 3894 834 καὶ

2319 870 2700 939 παρεκάλεσαν
2740 869 2833 925 τδν
2866 871 3089 943 Μωοῆν,
3117 872 3303 926 λαϐεῖν
3330 873 3505 942 αὐτὴν
3540 875 3629 938 είς
3665 873 3889 945 κλῆρον.

2334 960 2719 1030 Ὀργιζομένου
2745 962 2801 1015 δέ
2835 962 2928 1017 καὶ
2957 961 3309 1026 ὀνειδίζοντος
3330 964 3597 1028 Μωσέως,
3626 964 3894 1035 ἐπηγγιίο

2320 1049 2501 1115 λαντο,
2529 1051 2579 1103 εί
2616 1050 2828 1105 λάϐοιεν
2860 1052 3088 1122 ταύτην,
3137 1052 3354 1121 ἀφεῖναι
3400 1052 3499 1123 μὲν
3542 1054 3635 1106 ἐπὶ
3685 1053 3894 1125 ταύτης

2323 1145 2420 1216 τὴν
2449 1144 2656 1199 ἑαυτῶν
2685 1146 2995 1217 ἀποσκευήν
3018 1136 3033 1177 λ
3057 1145 3212 1199 αὐτοὶ
3238 1145 3295 1200 δέ
3321 1144 3534 1200 ἔνοπλοι
3556 1146 3717 1200 διαπε
3727 1147 3895 1218 ράσαι

2321 1234 2417 1290 καὶ
2458 1236 2825 1306 συμπολεμεῖν
2855 1236 2934 1306 τῷ
2963 1235 3079 1307 λαῷ
3101 1252 3116 1268 ’
3156 1238 3232 1307 μὴ
3260 1248 3261 1251 ‘
3294 1238 3477 1307 μέντοι
3523 1238 3616 1290 καὶ
3642 1236 3898 1308 κληρονο-

2326 1329 2456 1399 μίαν
2496 1328 2663 1398 ἄλλην
2710 1327 3060 1399 ἐπιζητῆσαι.
3094 1329 3339 1383 Τοιοῦτοι
3376 1328 3468 1382 τὺν
3500 1328 3700 1399 τρόπον
3753 1328 3899 1382 eicis

2324 1421 2374 1473 οί
2430 1421 2835 1491 πολυκτήμονες
2883 1421 2978 1474 καὶ
3022 1419 3116 1474 τοῦ
3160 1418 3363 1491 γεηροῦ
3416 1419 3652 1472 πλούτου
3700 1419 3897 1473 ἐπιθυ·

2330 1509 2575 1582 μοῦντες.
2613 1509 2771 1565 Ὀλον
2811 1510 2919 1581 γάρ
2957 1509 3051 1563 τὸν
3094 1510 3219 1564 νοῦν
3254 1509 3522 1573 τείνοντες
3555 1509 3636 1571 είς
3678 1508 3898 1573 τοῦτον,

2326 1602 2545 1657 ὀκνοῦσι
2577 1603 2674 1672 μὲν
2704 1602 2840 1673 πρὸς
2864 1602 2992 1666 τοὺς
3022 1602 3161 1672 ὑπὲρ
3195 1602 3399 1673 ἀρετῆς
3428 1600 3640 1665 ἄθλους,
3674 1599 3772 1653 καὶ
3796 1599 3899 1661 τὰς

2330 1695 2472 1767 ὑπὲρ
2506 1694 2599 1748 τοῦ
2629 1695 3034 1766 κληρονομῆσαι
3070 1693 3180 1747 τῶν
3219 1692 3643 1764 ἐπηγγελμένων
3672 1690 3899 1759 ἀγαθῶν

2329 1787 2715 1850 κακοπαθείας.
2766 1787 3145 1851 Ὀνειδίζοντος
3174 1786 3231 1839 δέ
3269 1785 3365 1839 τοῦ
3402 1785 3547 1839 θείου
3580 1785 3772 1855 νόμου,
3804 1783 3902 1835 καὶ

2328 1879 2465 1949 ὀργῇ
2507 1876 2714 1941 τούτοις
2765 1877 3275 1946 ἐπανατεινόμενου,
3332 1877 3493 1946 μόγις
3532 1875 3902 1930 διαϐαίνουσιν

2327 1972 2403 2033 είς
2432 1969 2755 2039 παράταξιν,
2794 1969 2885 2022 καὶ
2920 1967 3319 2040 προσόοηθοῦσι
3350 1970 3466 2030 τοῖς
3498 1966 3904 2037 άνδραγαθοῦςι

2342 2062 2470 2114 ιατὰ
2502 2060 2611 2115 τῶν
2643 2060 2888 2131 ἀοράτων
2925 2059 3159 2130 ἐχθρῶν,
3191 2060 3283 2112 καὶ
3314 2058 3747 2129 πολεμουμέναις
3779 2060 3900 2122 ταῖς

2341 2152 2685 2222 Ἐκγλησίαις
2718 2151 3119 2222 ἐπικουροῦσιν.
3170 2150 3245 2204 Οὐ
3295 2148 3796 2221 συγκληρονομοῦσι
3842 2148 3905 2203 δι

2328 2244 2560 2307 τούτοις,
2590 2244 2666 2306 ὡς
2692 2244 2790 2314 τὴν
2817 2244 2922 2313 πρὸ
2948 2242 3041 2295 τοῦ
3076 2241 3340 2313 Ἰορδάνου
3366 2240 3736 2312 κληρονομίαν
3762 2256 3901 2312 προσ

2328 2335 2675 2402 τιμήσαντες,
2716 2333 2790 2396 ὼς
2828 2331 3151 2402 δεδήλωται’
3210 2331 3356 2399 λέγω
3390 2330 3455 2401 δὴ
3490 2329 3589 2401 τὴν
3635 2345 3905 2400 παρακει-

2333 2424 2499 2493 μένην
2548 2422 2654 2494 τῷ,
2681 2424 2855 2495 ρἑντι
2902 2425 2995 2476 καὶ
3046 2421 3365 2477 ἀστατοῦντι
3421 2421 3524 2493 βίῳ
3575 2422 3900 2483 ἀπόλαυσιν,

2331 2514 2425 2565 καὶ
2458 2513 2691 2583 κτηνῶν,
2727 2516 2821 2567 καὶ
2857 2513 3153 2582 γυναικῶν,
3195 2516 3288 2566 καὶ
3327 2512 3537 2566 παίδων
3585 2512 3770 2577 ἕνεκα,
3807 2509 3905 2565 καὶ

2331 2604 2631 2664 ἐπαύλεων,
2650 2605 2741 2658 τὸν
2772 2606 2864 2658 ἐπὶ
2886 2607 2999 2667 τοῖς
3024 2604 3266 2675 ἀρίστοις
3294 2604 3449 2658 δκνον
3483 2602 3903 2674 είσδεδεγμένοι.

650 2695 915 2763 jumenta,
943 2711 1158 2759 uxores,
1188 2694 1344 2758 ﬁlios,
1367 2703 1422 2749 et
1447 2695 1605 2759 atria,
1630 2695 1765 2749 ﬁunt
1788 2695 1926 2767 pigri
1958 2713 2013 2751 et
2036 2697 2216 2767 ignavi
2250 2695 2315 2749 ad
2346 2713 2408 2750 ea
2442 2712 2560 2765 qua:
2594 2705 2721 2750 sunt
2744 2697 2949 2766 optima
2972 2707 3027 2751 et
3047 2694 3513 2766 praestantissima.

1113 2808 1203 2863 EX
1245 2809 1801 2867 DEUTERONOMIO.

658 2896 764 2952 Lex
783 2890 993 2970 quidem
1005 2901 1165 2967 jussit
1189 2898 1433 2952 Hebrum;
1451 2915 1638 2967 pueros
1659 2910 1707 2952 et
1732 2898 2046 2970 puellassea:
2068 2904 2226 2957 armis

720 2968 932 3028 servire,
956 2970 1173 3036 septimo
1195 2977 1370 3022 autem
1414 2970 1605 3022 dimitti
1626 2968 1845 3033 liberos;
1897 2969 2224 3038 alienigenas

726 3046 902 3092 autem
927 3041 1122 3091 servire
1162 3040 1217 3112 in
1246 3048 1522 3112 retentum.
1556 3038 1662 3112 Per
1684 3041 1821 3110 quod
1846 3041 2001 3093 tacite
2018 3040 2224 3112 signiﬁ-

724 3116 877 3161 catur
907 3124 1076 3161 annus
1098 3110 1639 3178 quinquagesima“.

2501 2814 2635 2865 ΤΗΣ
2675 2811 2919 2865 ΒΙΒΛΟΥ
2955 2811 3091 2865 ΤΟΥ
3126 2807 3723 2863 ΔΕΥΤΕΡΟΝΟΜΙΟΥ.

2340 2905 2662 2958 Ἐκέλευσε
2704 2904 2819 2971 μὲν
2872 2906 2904 2955 ό
2942 2906 3125 2968 νόμος
3174 2901 3484 2968 Ἐϐραίους
3519 2900 3645 2971 μὲν,
3683 2899 3903 2971 παῖδας

2396 2977 2491 3027 καὶ
2535 2968 2861 3038 παιδίονκας
2896 2972 2959 3037 ἒξ
2994 2990 3096 3039 ετη
3121 2973 3456 3033 δουλεύειν,
3483 2968 3563 3035 τῷ
3582 2968 3653 3040 δὲ
3674 2970 3903 3040 ἑϐδόμῳ

2397 3044 2753 3112 ἐλευθέρους
2788 3038 3103 3111 ὀφίεσθαιλ
3143 3044 3534 3110 ἀλλοφύλους
3570 3038 3642 3091 δὲ
3675 3042 3763 3112 είς
3796 3038 3904 3095 τόν

2396 3113 2581 3166 αἰῶνα
2606 3109 2942 3175 δουλεύειν,
2974 3112 3051 3167 δι’
3103 3118 3174 3169 οὐ
3208 3122 3275 3167 τι)
3304 3109 3903 3179 ίπεντηκοστὸνέτος

2396 3186 2888 3253 ὑποσημαίνεται.

726 3298 973 3355 Cuilibet
1021 3300 1074 3353 in
1134 3300 1347 3353 actione
1402 3304 1686 3365 versanti,
1746 3306 1919 3360 instar
1951 3308 2109 3376 pueri
2163 3316 2219 3361 et

2396 3297 2565 3349 Παντὶ
2618 3295 2907 3367 πρακτικῷ
2953 3294 3141 3357 παιδος
3190 3294 3462 3364 ὁμοφύλου
3489 3296 3583 3350 καὶ
3610 3296 3902 3365 παιδίσκης

657 3390 849 3460 puellae
869 3391 1111 3461 ejusdem
1144 3393 1381 3462 generis,
1410 3392 1663 3448 laborant
1689 3397 1827 3450 ratio
1855 3406 1910 3451 et
1944 3398 2221 3467 cogitatio,

658 3480 848 3538 modos
873 3482 1066 3553 agendi
1086 3498 1152 3536 ex
1175 3484 1371 3537 virtute
1398 3486 1769 3555 excogitantes
1791 3497 1848 3542 et
1868 3488 2222 3554 fabricantes,

656 3582 714 3628 et
738 3575 1055 3629 resistentes
1090 3576 1374 3644 spiritibus
1403 3578 1662 3646 nequitiae
1691 3581 1894 3634 actioni
1933 3581 2226 3637 adversan-

659 3665 826 3731 tibus,
852 3666 1083 3720 activam
1106 3678 1285 3721 autem
1312 3669 1599 3737 implentes
1623 3671 2046 3742 philosophiam.
2063 3690 2225 3743 quam

658 3758 897 3813 ostendit
951 3774 1213 3813 numerus
1253 3777 1348 3815 sex
1392 3778 1679 3817 annorum.
1736 3765 1868 3819 Nam
1899 3782 1991 3819 sex
2032 3767 2229 3822 diebus

657 3847 863 3902 creavit
906 3848 1049 3903 Deus
1090 3850 1352 3904 mundum
1380 3893 1393 3913 ,
1441 3852 1733 3909 accedente
1785 3856 2223 3925 impatibilitate,

657 3953 819 4009 quam
844 3938 1179 4009 mnigmatice
1205 3941 1473 4011 significat
1505 3958 1679 3999 annus
1704 3948 1989 4015 septimus.
2028 3950 2103 4004 De
2125 3966 2229 4006 ca:-

659 4038 777 4085 tero
810 4040 992 4087 autem
1040 4032 1202 4088 liberi
1246 4034 1314 4087 ab
1347 4036 1665 4103 operatione
1692 4038 1981 4104 virtutum,
2008 4057 2129 4111 quae
2168 4042 2228 4096 ﬁt

658 4121 837 4177 modis
850 4123 1150 4193 corporeis,
1168 4126 1399 4179 redeunt
1414 4126 1481 4179 ad
1500 4130 2013 4198 contemplationem
2036 4148 2225 4188 eorum

660 4223 782 4281 qua:
818 4211 1015 4266 cadunt
1054 4214 1157 4268 sub
1192 4214 1628 4283 intelligentiam,
1662 4236 1782 4288 qua:
1814 4232 1941 4276 sunt
1976 4224 2057 4278 eis
2099 4241 2230 4279 eon-

656 4301 843 4369 juncta
877 4304 1218 4373 cognatione.

730 4392 1045 4465 Alienigena
1092 4413 1230 4466 puer
1282 4408 1336 4453 et
1388 4402 1568 4470 puella
1602 4413 1687 4457 est
1730 4404 1807 4458 ira
1837 4412 1893 4459 et
1935 4407 2227 4476 cupiditas,

661 4497 800 4551 quos
826 4483 893 4537 ad
915 4485 1210 4541 servitium
1234 4489 1520 4552 virtutum,
1545 4507 1641 4561 per
1664 4494 1843 4563 magni
1868 4496 2034 4549 animi
2058 4498 2233 4551 virtu-

663 4579 772 4625 tem
805 4582 861 4625 et
885 4578 1322 4644 temperantiam,
1343 4580 1567 4633 omnino
1601 4582 1879 4654 subjungit
1916 4600 2069 4640 mens
2101 4602 2229 4642 con-

2325 3389 2530 3457 δίκηνό
2562 3388 2720 3455 λόγος
2774 3389 2867 3440 καὶ
2922 3389 2955 3457 ἠ
3004 3387 3212 3440 διάνοια
3271 3385 3551 3458 μοχθοῦσι,
3593 3390 3721 3450 τοὺς
3778 3389 3904 3444 κατ’

2326 3478 2527 3549 ἀρετὴν
2550 3478 2649 3547 τῆς
2679 3477 2928 3547 πράξεως
2944 3476 3179 3547 τρόπους
3211 3475 3549 3541 ἐπινοοῦντές
3577 3495 3638 3531 τε
3685 3478 3781 3531 καὶ
3809 3476 3906 3548 δη-

2332 3568 2740 3640 μιουργοῦντες,
2776 3568 2872 3620 καὶ⁷
2905 3567 3341 3637 ἀντιταττόμενοι
3364 3570 3480 3631 τοῖς
3499 3567 3903 3636 ἀντικειμένοις

2327 3664 2393 3732 τῇ
2429 3662 2707 3730 πρακτικῇ
2742 3659 3016 3726 πνεύμασι
3062 3657 3160 3727 τῆς
3199 3658 3491 3729 πονηρίας,
3516 3656 3905 3729 πληρώσαντες

2328 3752 2385 3805 δὲ
2412 3752 2532 3823 ,τὴν
2582 3749 2890 3819 πρακτικὴν
2950 3748 3286 3819 φιλοσοφίαν.
3347 3751 3415 3819 ἢν
3464 3759 3491 3803 ό
3521 3749 3580 3816 ἐξ
3611 3749 3720 3802 τῶν
3768 3748 3906 3802 ἐτῶν

2328 3844 2710 3914 παρεδήλωσεν
2746 3841 2999 3913 ἀριθμός.
3041 3842 3129 3894 Ἐν
3167 3842 3405 3911 ἡμέραις
3447 3841 3558 3912 γὰρ
3603 3840 3665 3906 ἐξ
3709 3842 3739 3892 ό
3772 3840 3907 3905 Θεὸς

2330 3935 2515 3988 ἔκτισε
2567 3935 2658 3988 τὸν
2710 3933 2937 4003 κόσμον,
2964 3931 3064 4001 τῆς
3113 3931 3381 3995 ἀπαθείας
3433 3932 3905 4003 παραγινομένης.

2329 4026 2397 4095 ἢν
2446 4025 2743 4078 αἰνίττεται
2793 4023 2861 4075 τὸ
2896 4021 3123 4092 ἕϐδομον
3169 4019 3305 4084 ἔτος.
3355 4020 3662 4091 Ἐλεύθεροι
3717 4021 3907 4075 λοιπὸν

2328 4116 2425 4187 τῆς
2480 4115 2574 4167 ἐπὶ⁵
2605 4117 2719 4177 τοῖς
2758 4115 3088 4181 σωματικοῖς
3140 4113 3364 4182 τρόποις
3445 4112 3748 4183 ὑπουργίας
3796 4112 3910 4167 τῶν

2330 4207 2560 4277 ἀρετῶν,
2596 4207 2731 4278 πρὸς
2764 4205 2862 4276 τὴν
2895 4205 3004 4257 τῶν
3040 4203 3316 4271 συγγενῶν
3343 4202 3549 4274 νοητῶν
3578 4202 3907 4273 ἐπανέρχον-

2298 4326 2303 4329 -
2328 4319 2419 4354 ται
2443 4300 2693 4371 θεωρίαν.

2417 4394 2736 4465 Ἀλλόφυλος
2784 4396 2912 4454 παῖς
2959 4394 3071 4445 ἐστι
3123 4393 3217 4445 καὶ
3263 4390 3519 4459 παιδίσκη
3559 4392 3590 4443 ὁ
3618 4389 3787 4461 θυμὸς
3815 4391 3910 4443 καὶ

2331 4492 2365 4559 ἡ
2396 4490 2661 4559 ἐπιθυμία
2682 4505 2694 4516 ·
2730 4488 2821 4550 οὒς
2854 4486 3217 4554 ὑποζεύγνυσι
3264 4484 3353 4539 διὰ
3392 4484 3594 4548 παντὸς
3624 4487 3690 4556 τῇ
3723 4484 3911 4537 δεσπο-

2332 4581 2453 4651 τεία
2488 4580 2581 4633 τοῦ
2609 4580 2791 4649 λόγου,
2816 4579 2952 4650 πρὸς
2985 4576 3288 4648 ὑπηρεσίαν
3324 4576 3433 4629 τῶν
3464 4574 3695 4647 ἀρετῶν,
3729 4573 3797 4627 δι’
3817 4575 3910 4627 άνο

664 4658 995 4727 ιεηψίοιίγο,
1038 4677 1149 4716 non
1201 4665 1336 4719 dans
1380 4669 1462 4720 eis
1512 4667 1844 4735 libertatem,
1877 4672 2053 4728 donec
2110 4676 2226 4746 lege

2332 4672 2513 4744 δρείας
2556 4672 2650 4725 καὶ
2690 4670 3062 4741 σωφροσύνης,
3096 4671 3125 4722 ὁ
3162 4666 3497 4740 θεωρητικὸς
3542 4664 3690 4730 νοῦς,
3728 4667 3803 4736 μὴ
3829 4665 3907 4719 δι-

664 4749 891 4820 spiritus
916 4752 1173 4808 devorata
1197 4755 1362 4811 fuerit
1390 4759 1476 4812 lex
1498 4769 1729 4826 naturae,
1756 4773 2011 4833 tanquam
2035 4782 2182 4822 mors
2202 4785 2232 4823 a

663 4844 795 4897 vita.
831 4843 1081 4910 Quandiu
1122 4863 1256 4917 ergo
1294 4850 1348 4902 in
1382 4851 1542 4905 nobis
1576 4853 1712 4907 vivit
1748 4856 2008 4919 mundus,
2044 4867 2099 4912 et
2142 4874 2236 4914 vo—

663 4933 939 5005 luntarius
972 4936 1167 4990 anima:
1204 4938 1427 4993 habitus
1461 4941 1526 4993 ad
1562 4946 1883 5009 materialia,
1917 4963 2025 5002 non
2050 4960 2134 5004 est
2155 4950 2237 5005 eis

663 5024 845 5078 danda
866 5025 1112 5085 libertas.
1136 5044 1222 5093 ne,
1251 5030 1295 5083 si
1326 5031 1473 5084 misti
1498 5032 1705 5090 fuerint
1727 5052 1850 5089 cum
1873 5038 2115 5107 ejusdem
2142 5056 2236 5111 ge-

663 5116 813 5169 neris
833 5117 1147 5181 sensilibce,
1172 5119 1376 5175 bellum
1396 5132 1589 5191 gerant
1606 5126 1869 5181 adversus
1892 5132 2153 5194 animam,
2180 5139 2237 5184 et

664 5222 783 5261 eam
814 5207 1087 5277 accipiant
1119 5212 1386 5279 captivam
1429 5214 1598 5269 animi
1631 5227 1875 5271 motuum
1919 5235 1983 5273 ac
2016 5230 2238 5289 pertur-

666 5299 969 5354 bationum.
1007 5300 1235 5366 Quando
1260 5314 1441 5359 autem
1467 5308 1847 5364 transierimus
1875 5312 1943 5365 ad
1966 5313 2239 5368 aeternita-

666 5401 796 5454 tem,
844 5399 900 5443 et
946 5394 1361 5460 pervenerimus
1393 5396 1460 5449 ad
1494 5386 1976 5467 impatibilitatem,
2030 5418 2126 5457 eos
2159 5403 2239 5458 di-

664 5480 945 5535 mittemus
965 5481 1186 5546 liberos,
1214 5483 1291 5537 ira
1312 5484 1533 5554 quidem
1561 5489 1628 5542 de
1651 5499 1848 5545 emtero
1875 5500 2230 5548 transmutata

666 5572 717 5623 in
762 5570 1029 5626 fervorem
1080 5575 1418 5641 spiritualem
1442 5586 1497 5630 et
1552 5581 1891 5635 moderatum
1944 5584 2228 5639 furorem:

586 5714 590 5717 ,
663 5661 961 5730 cupiditate
988 5674 1167 5718 autem
1193 5666 1248 5718 in
1265 5667 1510 5721 divinum
1535 5685 1777 5725 amorem
1798 5683 1852 5729 et
1870 5675 2227 5743 voluptatem,

662 5771 783 5822 qua:
812 5771 919 5810 non
947 5767 1124 5825 potest
1145 5760 1311 5827 pollui
1342 5776 1405 5816 ac
1435 5764 1809 5818 contaminari.

702 5911 745 5946 "
774 5910 934 5967 Num.
958 5926 1121 5975 χχχιι,
1155 5914 1174 5964 1
1207 5928 1357 5982 seqq.
1437 5917 1480 5946 ’⁵
1506 5917 1659 5972 Deut.
1688 5936 1773 5983 xv,
1812 5922 1831 5975 i
1868 5937 2017 5993 seqq.

2330 4764 2451 4826 δοὺς
2496 4764 2678 4825 αὐτοῖς
2712 4761 3047 4832 ἐλευθερίαν,
3087 4760 3192 4823 ἕως
3226 4760 3294 4814 ἂν
3315 4758 3600 4829 καταποθῇ
3640 4757 3721 4827 τῷ
3762 4757 3913 4828 νόμῳ

2332 4856 2425 4909 τοῦ
2488 4856 2803 4924 ῐῐνεύματος
2846 4857 2874 4906 ὁ
2908 4854 3070 4925 νόμος
3118 4853 3220 4921 τῆς
3256 4850 3492 4920 φύσεωςν
3519 4850 3595 4915 ὡς
3635 4850 3742 4904 ὑπὸ
3763 4848 3909 4920 ζωῆς

2336 4949 2585 5013 θάνατος.
2625 4947 2927 5018 Τοιγαροῦν
2974 4947 3078 5009 ἕως
3123 4947 3181 4999 ἐν
3214 4946 3345 5016 ἡμῖν
3381 4944 3411 4997 ὁ
3455 4944 3658 5013 κόσμος
3693 4941 3782 5012 ζῇ,
3816 4942 3910 4994 καὶ

2335 5045 2368 5112 ἡ
2400 5043 2535 5111 πρὸς
2576 5040 2645 5093 τὰ
2676 5040 2838 5093 ὑλικά
2862 5039 2961 5110 τῆς
2994 5038 3173 5107 ψυχῆς
3208 5035 3453 5099 ἑκούσιος
3488 5034 3696 5105 σχέσις,
3729 5034 3793 5086 ού
3826 5032 3909 5085 δεῖ

2335 5134 2593 5203 παρέχειν
2638 5132 2846 5195 τούτοις
2880 5122 3222 5201 ἐλευθερίαν·
3265 5129 3464 5201 μήπως
3495 5126 3749 5198 μιγέντες
3797 5136 3909 5190 τοις

2334 5224 2611 5293 αἰσθητοῖς
2641 5222 2952 5291 ὁμοφύλοις,
2987 5210 3339 5292 πολεμήσωσι
3371 5222 3439 5293 τῇ
3471 5219 3642 5290 ψυχῇ,
3679 5217 3772 5272 καὶ
3797 5216 3897 5273 λά-

2335 5311 2502 5363 ϐωσιν
2530 5310 2701 5381 αὐτὴν
2728 5310 3065 5380 δορυάλωτον
3098 5312 3210 5373 τοῖς
3238 5307 3492 5364 πάθεσιν.
3522 5309 3689 5362 Ὅταν
3722 5307 3779 5359 δὲ
3812 5323 3908 5360 πε-

2339 5405 2592 5473 ράσωμεν
2616 5406 2696 5466 είς
2720 5403 2809 5455 τὸν
2835 5402 3029 5466 αἰῶνα,
3063 5402 3160 5454 καὶ
3187 5401 3484 5471 φθάσωμεν
3506 5407 3584 5463 είς
3617 5398 3913 5465 ἀπάθειαν,

2338 5494 2656 5565 ἐλευθέρους
2680 5496 2962 5564 ἀφήσομεν
2986 5494 3202 5555 αὐτοὺς,
3235 5492 3770 5563 μετασκευασθὲντος
3799 5492 3909 5545 λοι-

2341 5588 2440 5639 πὸν
2487 5586 2579 5639 τοῦ
2620 5584 2794 5655 θυμοῦ
2846 5585 2944 5654 μὲν
3003 5584 3139 5653 πρὸς
3179 5584 3328 5647 ζέσιν
3384 5581 3782 5652 πνευματικὴν,
3818 5584 3914 5633 καὶ

2344 5681 2598 5751 σώφρονα
2646 5677 2877 5748 μανίαν·
2935 5676 3030 5746 τῆς
3074 5673 3371 5745 ἐπιθυμίας
3413 5673 3490 5737 δὲ,
3548 5672 3683 5744 πρὸς
3735 5672 3918 5743 ἔρωτα

2343 5773 2502 5836 θεῖον,
2527 5774 2621 5826 καὶ
2656 5772 2849 5841 ἡδονὴν
2878 5769 3170 5839 ἄχραντον,
