4098 6344
257 239 402 296 1233

1633 250 2153 310 COLLECTANEA.

3395 251 3541 307 1134

268 358 415 457 ῬΣέῖ
447 376 537 442 τίς
563 358 935 457 iactv-3:16:01;
965 361 1078 457 ἰὸς
1109 363 1424 457 ὀρθαίεμὸζ
1465 369 1572 457 to?
1606 372 1828 457 οἰκέτα

1949 371 2006 428 Si
2029 375 2148 457 quia
2163 377 2510 457 Δεοῖιτιεξιεαιξενίε
2534 375 2742 457 oculum
2759 372 2948 457 [amuli
2964 374 3045 457 sui
3063 381 3159 426 aut
3178 372 3387 457 απσξςίαε
3399 392 3529 435 δυσ.
3583 424 3602 438 ,

327 429 516 508 ᾳρτοῦ
563 429 602 497 ἢ
650 429 766 508 τῇς
816 429 1181 508 ᾂφαπαινηζι
1216 429 1442 508 αὐτοῦ,
1488 437 1846 508 ἐλευθέρους

326 498 728 562 ἐξαποστελεῖ
773 498 996 566 αὐτούς
1017 517 1031 531 ο
1071 505 1169 556 καὶ
1203 505 1313 558 ἐὰν
1338 506 1443 558 τὸν
1478 498 1710 564 ὀδόντιί
1737 498 1845 566 τοῧ

326 569 561 649 quam;
663 568 772 637 τῆς
799 573 1376 649 θερρίταίίνης-αὑτοῦ
1399 573 1655 649 emam,
1673 581 1840 637 ἐλευ.

330 637 540 706 θέρους
572 640 973 703 ἐξαποστελεῖ
996 637 1239 709 αὐτούς.

325 753 563 825 οἰκέτης
612 754 712 823 μὲν
752 755 847 810 καὶ
892 756 1212 827 θεράπαινα,
1249 761 1295 810 οἰ
1328 761 1474 823 τινος
1508 760 1838 828 ὑπεξούσιοι,

252 837 331 898 ὧν
363 846 412 899 oi
451 846 550 914 μὲν
601 845 816 917 ἄνδρες,
855 851 903 902 oi
959 848 1016 902 δὲ
1053 852 1330 917 γυναῖκες.
1395 851 1612 905 Τούτων
1642 853 1697 906 δὲ
1734 855 1841 908 τῶν

257 937 616 1004 ὓπεξουσίων,
648 938 926 1010 ὀφθαλμὸς
960 941 1059 1011 μὲν
1083 944 1111 992 6
1137 940 1282 1005 νοῦς,
1315 942 1565 1009 φωτίζων
1597 946 1694 1008 τὰς
1734 935 1840 1016 ψυ-

254 1025 360 1097 χὰς
407 1026 587 1082 αῦτῶν
617 1045 630 1057 ·
681 1030 834 1093 ὀδοὺς
883 1030 998 1101 δὲὴ
1056 1030 1285 1095 διάνοια,
1319 1034 1387 1085 δι’
1412 1029 1480 1104 ἧς
1515 1035 1838 1090 λεπτύνουσι

251 1119 356 1189 τὴν
401 1122 778 1192 πνευματικὴν
819 1123 1046 1192 τροφήν.
1087 1122 1151 1176 Et
1199 1141 1283 1188 τις
1345 1127 1637 1197 τοιγαροῦν
1676 1128 1708 1199 ἢ
1747 1130 1837 1183 τὸν

252 1208 380 1264 νοῦν
427 1211 750 1285 ἑκτυφλὼσῃ
801 1212 910 1265 τῶν
943 1213 1276 1279 ὑπεξουσίων
1330 1217 1512 1287 πληγῇ
1554 1218 1836 1284 ἀσεϐείας,

252 1299 286 1368 ἢ
319 1299 516 1371 ἑτέρας
551 1302 908 1373 ἁμαρτίας,ἢ
941 1302 1037 1373 τὴν
1068 1304 1310 1358 διάνοιαν
1347 1308 1528 1360 αὐτῶν
1562 1310 1839 1364 καταϐλά-

249 1389 352 1463 ψῃ,
392 1393 683 1451 ἐκπίπτειν
727 1393 1150 1459 καταδικάζεται
1191 1398 1291 1467 τῆς
1331 1401 1658 1454 κατάὑτῶν
1685 1403 1837 1468 ἐξου-

251 1483 398 1551 σίας,
422 1484 518 1539 καὶ
543 1482 764 1550 ἀνάξιον
791 1485 885 1539 τοῦ
921 1486 1111 1557 ἄρχειν
1142 1489 1335 1542 ἑαυτὸν
1361 1492 1764 1549 ἀποδείκνυσιν.

262 1782 412 1837 Ἐάν
442 1787 810 1869 τις-μοιρηθῇ
849 1792 994 1857 μετὰ
1026 1794 1314 1869 ἶυνᾳικὸς
1369 1800 1834 1869 συνῳκισμένης

515 1856 708 1925 ἀνδρὶ,
744 1856 1123 1918 ἀποκτενεῖτε
1155 1856 1546 1936 ἀμφοτέρουξι.

332 1967 392 2020 '0
437 1969 538 2040 τὴν
583 1970 762 2042 ψυχὴν
812 1975 1165 2049 συνημμένην
1195 1978 1274 2050 τῷ
1308 1979 1428 2052 Θεῷ
1459 1981 1550 2036 διὰ
1601 1983 1835 2050 πίστεως

247 2058 344 2112 καὶ
375 2061 646 2131 ἀγιασμοῦ
677 2065 893 2136 τολμῶν
939 2068 1276 2139 καταμιᾶναι
1319 2072 1399 2144 τῷ
1430 2077 1834 2148 σπερματισμῷ

243 2150 346 2221 τῆς
377 2152 436 2203 ὲν
473 2151 624 2224 αὑτῷ
655 2154 948 2220 δυσσεϐοῦς
977 2161 1242 2231 αἱρέσεως
1263 2204 1278 2227 ,
1310 2162 1410 2234 τὴν
1450 2165 1688 2238 ἐσχάτην
1734 2169 1832 2238 ὐφ-

244 2243 360 2310 έξει
390 2243 551 2316 δίκην
590 2247 687 2300 σὺν
718 2249 854 2320 αὐτῇ
874 2267 886 2279 ·
924 2252 952 2304 6
984 2253 1105 2322 μὲν,
1143 2252 1649 2322 ὡς’ίπιϐουλεύσας
1681 2260 1834 2314 ἀλλο-

242 2335 382 2407 τρίῳ
417 2338 580 2408 γάμῳ
601 2354 612 2367 ·
653 2341 684 2410 η
735 2340 812 2405 δὲ,
858 2342 932 2407 ὡς
969 2346 1285 2415 ἀτιμάσασα
1316 2347 1416 2419 τὴν
1438 2352 1518 2412 είς
1543 2348 1634 2404 τὸν
1661 2350 1833 2422 ἄνδρα

244 2429 564 2498 συνάφειαν.
610 2449 628 2482 ‹
666 2431 792 2487 Ἐὰν
846 2433 924 2498 δὲ,
981 2438 1137 2506 φησὶ,
1185 2439 1284 2508 τὴν
1340 2443 1832 2514 μεμνηστευμένην

240 2519 398 2588 ἀνδρὶ
453 2522 726 2592 παρθένον
787 2525 964 2598 εὑρών
993 2544 1078 2591 τις
1105 2529 1164 2583 ὲν
1200 2530 1352 2584 πόλει
1415 2533 1652 2604 κοιμηθῇ
1713 2538 1830 2604 μετ’

239 2610 434 2682 αὐτῆς,
471 2612 870 2672 ἀποθανοῦνται
902 2617 998 2671 καὶ
1029 2619 1216 2690 ἄμφω.
1263 2621 1328 2675 Ἡ
1373 2625 1576 2690 νεᾶνις,
1613 2626 1694 2678 ὃτι
1731 2627 1831 2679 οὐκ

238 2702 470 2774 ἐϐόησεν
505 2706 563 2757 ἐν
607 2709 672 2778 τῇ
725 2707 910 2762 πόλει⁸
948 2711 1045 2764 καὶ
1084 2712 1113 2764 6
1155 2711 1462 2784 ἄνθρωπος,
1495 2714 1578 2768 ὅτι
1611 2717 1830 2769 ἐταπεί-

239 2809 382 2846 νωσε
419 2794 519 2865 τὴν
571 2801 807 2864 γυναῖκα
853 2798 948 2852 τοῦ
993 2801 1223 2871 πλησίον
1264 2802 1453 2856 αὐτοῦ.
1479 2822 1496 2854 ι
1551 2805 1829 2878 Παρθένος

237 2888 357 2941 ἐστὶ
420 2891 874 2963 μεμνηστευμένη
923 2892 1096 2964 ἀνδρὶ,
1144 2897 1176 2965 ὴ
1225 2894 1539 2968 κεκλημένη
1591 2897 1691 2966 μὲν
1748 2900 1828 2960 εἰς

238 2980 520 3035 εὐσέϐειαν
577 2968 746 3055 ψυχὴ,
789 2985 883 3038 καὶ
929 2987 1340 3056 κατηχουμένη,
1405 2989 1574 3059 μήπω
1605 2989 1661 3042 δὲ
1703 3005 1828 3042 συν-

2023 442 2224 498 emittet
2259 461 2345 499 eos
2387 445 2571 499 liberos
2613 453 2707 499 :et
2735 442 2780 499 si
2809 443 3000 514 famuli
3050 453 3142 497 aut
3176 442 3385 498 ancilla
3423 462 3540 502 cur

2019 515 2228 569 dentem
2256 518 2560 580 excusserit,
2580 518 2778 570 emittet
2811 531 2897 569 eos
2933 515 3119 568 liberos
3142 516 3179 568 ".

2017 770 2276 824 Famulus
2312 769 2535 839 quidem
2589 778 2644 821 et
2682 767 2881 821 ancilla
2920 774 3048 820 sunt
3083 765 3118 818 ii
3171 764 3264 834 qui
3316 773 3444 818 sunt
3472 764 3527 818 in

1943 863 2176 932 alicujus
2202 871 2496 932 potestate.
2535 861 2613 914 Ex
2648 859 2848 929 quibus
2873 859 2962 911 alii
2991 855 3214 928 quidem
3247 864 3376 910 sunt
3399 855 3528 921 viri,

1943 955 2036 1008 alii
2071 969 2203 1009 vero
2240 954 2522 1007 mulieres.
2570 951 2648 1005 Ex
2686 949 2752 1003 iis
2808 958 2990 1002 autem
3049 947 3143 1017 qui
3179 954 3306 1000 sunt
3341 945 3394 999 in
3430 958 3532 1016 po-

1945 1051 2158 1108 testate,
2221 1043 2415 1098 oculus
2451 1043 2674 1112 quidem
2721 1050 2805 1095 est
2838 1056 2993 1094 mens
3040 1055 3136 1092 seu
3193 1037 3529 1101 intellectus.

1942 1136 2154 1191 animas
2189 1151 2379 1191 eorum
2406 1134 2723 1188 illumin‘ans
2753 1152 2764 1185 ς
2805 1134 2940 1187 dens
2985 1141 3166 1183 autem
3208 1138 3291 1183 est
3324 1128 3532 1198 cogita—

1943 1226 2041 1289 tio,
2072 1243 2171 1296 per
2223 1241 2385 1295 quam
2433 1224 2816 1279 comminuunt
2869 1221 3187 1275 alimentum
3224 1217 3525 1288 spirituale.

1944 1317 1998 1370 Si
2038 1319 2163 1387 quis
2186 1333 2316 1388 ergo
2343 1326 2436 1370 aut
2459 1330 2651 1370 eorum
2691 1315 2785 1384 qui
2820 1322 2949 1367 sunt
2986 1312 3040 1365 in
3075 1319 3343 1380 potestate
3376 1323 3528 1362 men-

1942 1419 2052 1462 tem
2089 1408 2444 1463 occaecaverit
2482 1408 2590 1459 ictu
2650 1403 2948 1474 impietatis
2983 1410 3074 1455 aut
3130 1398 3357 1454 alterius
3395 1411 3524 1467 pec-

1941 1502 2081 1556 cati.
2143 1511 2237 1555 aut
2294 1515 2484 1554 eorum
2545 1497 2743 1552 laeserit
2801 1494 3208 1565 cogitationem,
3269 1488 3530 1545 condem-

1942 1601 2104 1646 natur
2141 1601 2200 1646 ut
2253 1590 2472 1646 excidat
2519 1591 2586 1642 ab
2621 1604 2683 1641 ea
2737 1603 2898 1656 quam
2950 1587 3002 1638 in
3040 1585 3187 1654 ipsos
3230 1582 3394 1637 habet
3431 1595 3529 1650 po-

1944 1693 2160 1747 testate,
2199 1694 2255 1738 et
2289 1701 2347 1738 se
2383 1681 2622 1738 ostendit
2657 1680 2940 1749 indignum
2973 1679 3065 1747 qui
3097 1678 3347 1746 imperet.

1937 1812 1994 1867 Si
2067 1816 2182 1884 quis
2244 1815 2516 1867 dormierit
2573 1830 2689 1865 cum
2764 1810 2990 1884 muliere
3038 1811 3320 1878 conjuncta
3380 1808 3525 1873 viro,

2451 1885 2628 1939 ambos
2667 1884 2907 1935 occidetis
2948 1881 3014 1932 ⁸⁸.

2007 1997 2259 2050 Animam
2290 1998 2400 2050 Deo
2430 1996 2780 2064 conjunctam
2810 2009 2907 2063 per
2945 1991 3106 2045 (idem
3130 1999 3187 2045 et
3210 1987 3521 2044 sanctiﬁca-

1936 2091 2142 2144 tionem
2167 2089 2418 2160 quisquis
2445 2088 2641 2141 audeat
2674 2087 2921 2154 polluere
2951 2084 3133 2154 impiae
3163 2097 3275 2136 suae
3299 2081 3526 2135 haeresis

1934 2181 2166 2246 semine,
2194 2196 2319 2235 cum
2358 2179 2470 2250 ipsa
2503 2179 2755 2233 ultimum
2780 2176 2991 2232 subibit
3020 2174 3354 2244 supplicium
3384 2190 3396 2224 :
3433 2171 3524 2226 ille

1933 2273 2179 2342 quidem,
2236 2280 2295 2326 ut
2343 2273 2438 2342 qui
2483 2271 2664 2328 alieno
2704 2268 2998 2324 insidiatus
3016 2267 3087 2321 sit
3119 2263 3519 2319 matrimonio:

1934 2365 2050 2419 hate
2081 2379 2232 2426 vero,
2267 2372 2326 2418 ut
2363 2378 2485 2432 qua:
2525 2360 2822 2433 ignominia
2858 2359 3105 2413 affecerit
3135 2371 3290 2410 suam
3323 2355 3376 2408 in
3406 2369 3524 2407 ma-

1935 2456 2101 2509 ritum
2143 2471 2303 2509 suum
2350 2455 2815 2524 conjunctionem.
2861 2471 2884 2502 ἰ
2920 2451 3016 2505 Sin
3064 2460 3271 2512 autem,
3321 2447 3521 2517 inquit,

1933 2543 2203 2611 virginem
2238 2544 2361 2596 viro
2396 2543 2725 2611 deeponsam
2769 2540 3042 2595 invenerit
3077 2539 3276 2609 aliquis
3303 2540 3358 2592 in
3384 2538 3521 2592 civi-

1932 2642 2065 2698 tate,
2103 2642 2158 2688 et
2189 2649 2313 2688 cum
2347 2649 2412 2689 ea
2453 2633 2760 2698 dormiet-it,
2797 2633 2959 2688 ambo
2988 2631 3154 2687 etiam
3193 2631 3519 2684 morientur.

1932 2725 2355 2780 Adolescentula
2396 2725 2642 2795 quidem,
2690 2726 2836 2795 quod
2875 2739 2986 2778 non
3014 2723 3268 2778 clamarit
3294 2723 3349 2776 in
3387 2721 3525 2776 civi-

1931 2827 2065 2883 tate;
2097 2828 2155 2873 et
2179 2819 2364 2881 homo,
2399 2819 2658 2887 quoniam
2697 2818 3012 2873 humiliavit
3035 2830 3260 2870 uxorem
3285 2815 3519 2885 proximi

1931 2906 2016 2961 sui
2044 2907 2112 2958 ⁸⁷.
2143 2926 2161 2957 ι
2193 2907 2356 2976 Virgo
2380 2905 2652 2976 desponsa
2685 2908 2825 2970 viro,
2849 2915 2933 2961 est
2963 2907 3144 2960 anima
3168 2905 3236 2958 ad
3259 2905 3519 2975 pietatem

1931 2998 2155 3067 quidem
2180 3010 2373 3054 vocata
2423 3009 2480 3054 et
2499 3016 2598 3070 per
2621 2999 2954 3054 catechesim
2980 2998 3251 3059 instituta,
3274 2994 3520 3050 nondum

238 3072 475 3142 αφθεϊσα
499 3075 722 3138 τελείως
749 3076 826 3146 τῷ
859 3075 1079 3148 Χριστῷ
1096 3078 1182 3132 διὰ
1206 3077 1298 3132 τοῦ
1333 3079 1491 3147 ἁγίου
1517 3077 1828 3151 βαπτίσμα-

1936 3101 2120 3146 autem
2157 3091 2378 3148 Christo
2413 3093 2653 3162 perfecte
2687 3094 2980 3164 conjuncta
3016 3105 3112 3160 per
3148 3099 3400 3145 sanctum
3426 3087 3523 3143 ba-

237 3182 349 3230 τος.
393 3167 739 3239 ’Δρῤαϐὦνος
777 3170 887 3242 γὰρ
922 3172 1109 3241 ἐπέχει
1145 3172 1304 3240 λόγον
1334 3173 1541 3241 ὁλόγος
1578 3173 1681 3243 τῆς
1721 3191 1825 3226 κα·-

237 3259 537 3329 τηχήσεως.
581 3262 637 3315 ’0
673 3262 855 3317 τοίνυν
895 3263 1229 3334 διαφθείρων
1251 3264 1478 3334 ’ταύτην
1503 3264 1592 3319 διὰ
1628 3265 1828 3335 μίξεως

240 3352 457 3406 ἀσεϐῶν
488 3354 800 3424 δογμάτων,
833 3358 931 3428 τὴν
965 3357 1202 3426 ἐσχάτην
1240 3358 1334 3410 καὶ
1375 3358 1539 3420 αὐτὸς
1574 3360 1825 3412 ἀποτίσει

230 3444 396 3516 δίκην
424 3448 521 3501 σὺν
556 3449 714 3519 αὐτῇ,
759 3449 854 3504 καὶ
889 3447 1286 3503 ὑποπεσοῦνται
1322 3453 1386 3521 τῇ
1421 3450 1643 3504 κολάσει
1692 3450 1821 3516 τῶν,

228 3537 311 3602 ὡς
340 3541 576 3609 εἴρηται,
605 3544 1014 3612 μοιχευσάντων
1035 3561 1046 3573 ·
1084 3544 1111 3596 6
1147 3542 1267 3613 μὲν,
1312 3543 1387 3605 ὡς
1422 3543 1826 3614 πλημμελήσας

237 3628 318 3693 είς
350 3629 451 3700 τὴν
506 3633 744 3698 γυναῖκα
794 3632 894 3702 τὴν
944 3632 1049 3686 ὑπὸ
1099 3636 1261 3704 χεῖρα
1309 3633 1493 3686 λοιπὸν
1527 3633 1623 3687 τοῦ
1659 3651 1829 3702 μετα-

236 3719 417 3792 ϐραχὺ
453 3723 689 3792 νυμφίου
728 3722 822 3776 τοῦ
855 3724 1081 3794 πλησίον
1130 3725 1319 3786 αὑτοῦ,
1354 3725 1495 3778 κατά
1523 3741 1585 3794 γε
1614 3725 1704 3778 τὸν
1741 3725 1827 3784 λό-

233 3830 334 3882 γον
357 3814 459 3884 τῆς
485 3814 908 3886 άνθρωπότητος
928 3834 942 3846 ·
979 3819 1012 3888 ὴ
1045 3817 1120 3880 δὲ,
1159 3817 1234 3881 ὡς
1258 3819 1316 3870 ὲν
1345 3817 1497 3870 πόλει
1525 3818 1682 3871 τοῦτο
1716 3835 1823 3872 πα-

233 3901 427 3963 θοῦσα.
463 3904 608 3972 λέγω
651 3905 736 3977 δὴ
766 3909 830 3978 τῇ
868 3908 1189 3977 Ἐκκλησία,
1250 3908 1380 3964 ἔνθα
1425 3910 1609 3964 πολλοὶ
1639 3911 1691 3962 οἱ
1736 3910 1822 3976 ἑξ-

241 3995 467 4051 ελέσθαι
522 3997 845 4068 δυνάμενοιο
879 4001 968 4052 καὶ
1007 4000 1094 4053 διὰ
1126 3999 1222 4054 τοῦ
1284 4003 1357 4074 μὴ
1412 4003 1603 4072 βοῆσαι
1640 4001 1826 4056 κατα·

231 4087 534 4160 δεξαμένη.
577 4108 596 4141 ι
633 4091 762 4145 Ἐὰν
793 4091 871 4155 δὲ,
925 4095 1112 4164 φησὶν,
1145 4097 1202 4148 ὲν
1247 4097 1418 4167 πεδίῳ
1448 4095 1586 4168 εὕρῃ
1611 4096 1823 4167 ἄνθρωο

232 4195 338 4242 mc
368 4180 469 4251 τὴν
500 4180 666 4234 παῖδα
701 4181 799 4253 τὴν
835 4186 1326 4256 μεμνηστευμένην
1358 4188 1550 4258 ἑτέρῳ,
1582 4191 1678 4242 καὶ
1703 4189 1824 4258 βια-

234 4269 472 4342 σάμενος
511 4274 752 4346 κοιμηθῇ
803 4275 919 4346 μετ’
967 4278 1159 4347 αὐτῆς,
1192 4281 1542 4334 ἀποκτενεῖτε
1587 4282 1679 4335 τὸν
1710 4299 1824 4336 xm.-

239 4363 485 4434 μηθέντα
518 4366 635 4436 μετ’
670 4367 844 4438 αὐτῆς
876 4368 1057 4438 μόνον.
1092 4371 1170 4442 Τῇ
1199 4373 1255 4426 δὲ
1285 4373 1491 4426 νεάνιδι
1534 4374 1634 4428 οὐκ
1663 4373 1818 4427 ἔσται

232 4456 544 4528 ἁμάρτημα
580 4458 841 4513 θανάτου’
868 4461 950 4514 ὅτι
980 4463 1042 4521 »ἐν
1069 4440 1166 4533 τῷν.
1198 4464 1355 4534 ἀγρῷ
1412 4457 1572 4535 εὗρεν
1622 4467 1815 4536 αὐτήν.
1853 4440 1897 4494 D

242 4547 504 4618 Ἕϐἁησεν
561 4551 595 4621 ἡ
636 4552 818 4615 νεᾶνις
847 4554 881 4622 ὴ
920 4556 1400 4625 μεμνηστευμένη,
1431 4558 1525 4611 καὶ
1565 4560 1593 4611 6
1625 4557 1821 4628 βοηθή-

229 4657 344 4694 σων
388 4640 489 4694 οὐκ
531 4635 621 4712 ἦν.
645 4661 665 4693 ι
715 4642 906 4714 Ἀγρὸς
953 4645 1061 4715 γὰρ
1092 4648 1126 4718 ἡ
1163 4648 1369 4718 ἐρημία
1396 4648 1507 4701 τῶν
1542 4649 1819 4715 ἐπαμῦναι

209 4734 575 4804 ’δυναμένων,
605 4735 703 4789 καὶ
735 4739 767 4807 ἠ
799 4736 996 4801 σπάνις
1021 4739 1131 4791 τῶν
1179 4741 1549 4797 διδασκάλωνο
1582 4741 1818 4796 ἐνταῦθα

227 4823 294 4876 τὸ
340 4823 514 4886 πάθος
569 4823 743 4895 βίαιον
791 4826 889 4879 καὶ
928 4827 1385 4900 άνεπικούρητον.
1444 4833 1534 4885 Διὸ
1586 4834 1681 4886 καὶ
1741 4833 1819 4897 ὼς

227 4913 553 4986 ἀϐούλητον,
577 4917 1018 4986 ἀκατάγνωστον.
1056 4939 1074 4970 ι
1101 4920 1224 4974 Ἐὰν
1242 4921 1321 4984 δὲ,
1347 4924 1534 4993 φησὶν,
1572 4923 1710 4999 εὕρῃ
1733 4943 1818 4988 τις

229 5007 401 5060 παῖδα
465 5008 771 5080 παρθένον,
820 5011 922 5084 καὶι
968 5010 1301 5083 βιασάμενος
1346 5015 1518 5086 αὐτὴν
1572 5017 1813 5087 κοιμηθῇ

233 5100 355 5170 μετ’
394 5101 588 5172 αὐτῆς,
635 5102 733 5155 καὶ
756 5103 984 5174 εὑρεθῇ,
1011 5104 1171 5159 δώσει
1197 5105 1277 5176 τῷ
1308 5108 1478 5179 πατρὶ
1507 5107 1609 5179 τῆς
1644 5110 1816 5163 νεάνι-

227 5190 323 5254 δος
352 5197 394 5242 ν’
432 5190 706 5263 δίδραχμα
732 5196 1019 5266 ἀργυρίου,
1052 5198 1148 5253 καὶ
1197 5198 1361 5251 αὑτοῦ
1409 5197 1559 5252 ἔσται
1602 5201 1761 5270 γυνή.
1791 5220 1809 5253 ι

233 5281 513 5352 Παρθένον
540 5283 776 5339 ἐνταῦθα
797 5287 972 5357 λέγει,
999 5290 1101 5361 τὴν
1137 5291 1306 5360 μήπω
1345 5293 1815 5364 κατεγγυηθεῐσαν

231 5374 456 5445 Χριστῷ
503 5375 593 5430 διὰ
642 5377 899 5445 πίστεως,
947 5381 1199 5452 ἀσυναφῆ
1236 5382 1295 5437 δὲ
1332 5384 1468 5454 πρὸς
1521 5386 1685 5439 αὐτὸν
1738 5387 1818 5441 ἔτι

233 5465 517 5529 παντελῶς
554 5465 846 5536 μένουσαν.
879 5470 950 5524 Εἴ
980 5488 1062 5534 τις
1093 5468 1188 5527 οὖν
1234 5473 1491 5529 ἀπατεὼν
1531 5476 1702 5549 ἑνωθῇ
1749 5479 1814 5549 τῇ

303 5648 351 5679 "
379 5648 548 5702 Exod.
586 5666 693 5712 xxi.
730 5651 817 5717 26,
849 5653 935 5707 ‘27.

1930 3184 2213 3253 ptismum.
2247 3185 2437 3239 Arrha:
2464 3185 2610 3239 enim
2636 3184 2852 3239 obtinet
2893 3184 3164 3238 rationem
3195 3182 3338 3236 ratio
3375 3190 3525 3235 cate-

1928 3273 2130 3327 chesis.
2165 3272 2270 3340 Qui
2306 3289 2438 3343 ergo
2489 3289 2611 3328 eam
2645 3272 2957 3342 corrumpit
2993 3286 3093 3342 per
3129 3269 3524 3337 admistionem

1930 3364 2228 3434 impiorum
2251 3365 2588 3436 dogmatum,
2623 3366 2737 3435 ipse
2761 3379 2980 3436 quoque
3005 3378 3132 3418 cum
3161 3378 3226 3418 ea
3261 3362 3522 3418 ultimum
3573 3419 3580 3422 _

1928 3456 2045 3510 luet
2070 3457 2424 3526 supplicium,
2460 3465 2517 3510 et
2538 3457 2806 3512 subibunt
2829 3470 3046 3526 pcenam
3068 3469 3263 3511 eorum
3315 3453 3432 3524 qui,
3459 3465 3524 3508 ut

1927 3549 2135 3604 dictum
2164 3559 2267 3613 est,
2309 3549 2654 3604 admiserunt
2683 3548 3040 3603 adulterium.
3062 3547 3158 3602 Ille
3184 3545 3431 3616 quidem,
3461 3555 3525 3600 ut

1927 3638 2020 3708 qui
2047 3637 2345 3708 deliquerit
2367 3639 2422 3691 in
2444 3639 2730 3706 mulierem
2753 3653 2879 3692 mox
2901 3637 3144 3692 futuram
3167 3637 3224 3691 in
3248 3644 3522 3706 potestate

1928 3731 2136 3800 sponsi,
2179 3732 2264 3785 sui
2306 3732 2562 3800 proximi,
2602 3730 2750 3801 quod
2785 3729 2982 3784 attinet
3015 3729 3083 3782 ad
3114 3730 3387 3784 rationem
3411 3727 3518 3782 hu-

1929 3824 2211 3877 manitatis
2236 3841 2248 3876 :
2284 3823 2402 3878 haec
2431 3839 2586 3885 vero,
2611 3831 2673 3876 ut
2694 3838 2817 3893 qua:
2845 3822 2960 3876 haec
2988 3836 3146 3891 passa
3169 3821 3240 3874 sit
3278 3820 3333 3874 in
3378 3819 3518 3874 civi-

1928 3923 2059 3980 tate,
2102 3916 2159 3970 in
2198 3916 2465 3980 Ecclesia,
2502 3916 2748 3986 inquam,
2793 3913 2887 3969 ubi
2913 3915 3073 3968 multi
3107 3923 3267 3974 erant
3298 3913 3394 3982 qui
3417 3925 3517 3983 po-

1927 4016 2109 4062 terant
2133 4024 2252 4062 eam
2278 4009 2514 4078 eripere,
2540 4018 2596 4062 et
2618 4017 2910 4078 propterea
2931 4005 3078 4075 quod
3106 4020 3217 4059 non
3242 4005 3516 4070 clamarit,

1928 4098 2034 4152 hoc
2073 4098 2377 4152 admiserit.
2425 4117 2442 4148 ι
2479 4097 2536 4152 Si
2578 4106 2762 4152 autem
2791 4094 3085 4157 invenerit,
3113 4093 3314 4162 inquit,
3351 4093 3520 4147 homo

1926 4189 1981 4244 in
2008 4206 2204 4261 campo
2219 4191 2456 4261 puellam
2478 4189 2636 4243 alteri
2664 4188 3014 4258 desponsam,
3038 4195 3094 4240 et
3125 4186 3179 4240 vi
3201 4184 3366 4240 allata
3391 4199 3519 4240 cum

1923 4299 1990 4337 ea
2030 4267 2342 4346 darmierit',
2395 4281 2661 4336 occidetis
2706 4281 2886 4335 solum
2928 4293 3054 4334 eum
3099 4276 3196 4347 qui
3240 4290 3368 4331 cum
3399 4275 3518 4346 ipsa

1927 4377 2195 4431 dormiit:
2233 4375 2657 4431 adolescentulaa
2696 4381 2881 4427 autem
2924 4387 3034 4426 non
3077 4370 3187 4424 erit
3229 4378 3516 4440 peccatum

1930 4470 2146 4534 mortis,
2189 4469 2450 4539 quoniam
2492 4468 2546 4521 in
2585 4481 2717 4537 agro
2751 4480 2874 4522 eam
2910 4463 3142 4528 invenit,
3167 4471 3223 4517 et
3270 4460 3518 4517 :lamavit

1927 4562 2200 4632 desponsa
2237 4560 2668 4623 adolescentula,
2709 4567 2766 4614 et
2804 4573 2916 4612 non
2941 4564 3060 4612 erat
3085 4555 3181 4626 qui
3205 4568 3368 4625 opem
3406 4551 3518 4609 fer-

1925 4665 2011 4710 ret
2042 4654 2109 4708 ”.
2143 4673 2160 4704 ι
2200 4653 2343 4724 Ager
2373 4652 2520 4707 enim
2548 4659 2634 4707 est
2670 4649 2910 4706 solitudo
2946 4664 3138 4703 eorum
3164 4647 3260 4718 qui
3284 4655 3518 4715 possunt

1924 4762 2085 4817 opem
2121 4747 2289 4810 ferre,
2329 4754 2386 4799 et
2416 4744 2652 4815 penuria
2686 4742 3001 4798 doctorum.
3031 4739 3132 4795 Hic
3164 4745 3250 4795 est
3271 4737 3515 4795 violenta

1923 4835 2230 4906 perpessio,
2257 4834 2420 4888 etcui
2443 4833 2563 4888 dari
2590 4849 2702 4887 non
2728 4839 2911 4903 potest
2945 4829 3233 4885 auxilium.
3263 4828 3333 4890 Et
3357 4827 3504 4894 ideo,

1924 4936 1985 4982 ut
2035 4943 2157 4997 quae
2203 4927 2276 4980 sit
2307 4925 2709 4988 involuntaria,
2753 4939 2865 4978 non
2910 4932 2997 4978 est
3049 4919 3509 4977 condemnabilis.

1930 5040 1946 5071 ‹
1981 5020 2038 5075 Si
2074 5028 2259 5075 autem
2285 5019 2557 5073 invenerit
2594 5018 2885 5088 quisquam
2912 5016 3150 5086 puellam
3211 5013 3510 5085 virginem,

1922 5120 1980 5166 et
2023 5111 2134 5165 vim
2185 5111 2235 5166 ei
2288 5111 2528 5167 aﬂ‘erens
2577 5126 2703 5166 cum
2740 5126 2804 5166 ea
2844 5108 3136 5163 dormierit
3169 5116 3228 5162 et
3253 5107 3515 5163 inventus

1923 5201 2113 5265 fuerit,
2149 5201 2303 5257 dabit
2343 5201 2483 5273 patri
2535 5200 2962 5257 adolescentulm
2993 5198 3395 5270 quinquaginta
3424 5197 3513 5256 di-

1923 5295 2186 5351 dracbma
2220 5296 2454 5367 argenti,
2479 5307 2536 5351 et
2573 5298 2680 5350 erit
2725 5296 2845 5367 ejus
2878 5295 3016 5348 uxor
3064 5293 3134 5345 ".
3165 5312 3181 5343 ι
3230 5290 3511 5362 Virginem

1921 5387 2015 5443 hic
2034 5387 2170 5442 dicit
2190 5403 2313 5460 eam
2340 5404 2462 5458 quae
2487 5386 2709 5462 Christo
2730 5384 2977 5440 nondum
3000 5394 3085 5439 est
3119 5383 3393 5454 desponsa
3414 5395 3514 5452 per

1923 5479 2110 5544 ﬁdem,
2146 5481 2329 5535 adhuc
2367 5490 2552 5536 autem
2589 5491 2774 5535 manet
2796 5477 2846 5533 ei
2887 5475 3115 5533 omnino
3138 5488 3247 5531 non
3276 5473 3510 5545 conjun-

1016 5657 1061 5684 "
1097 5655 1254 5710 Deut.
1285 5671 1411 5720 un.
1441 5657 1527 5710 22.
1608 5659 1654 5690 "
1679 5658 1817 5714 Ibid.

1934 5701 1945 5723 ,
1978 5660 2069 5715 ει.
2148 5661 2193 5694 ’⁸
2225 5661 2363 5718 Ibid.
2389 5661 2573 5717 9.527.
2652 5662 2696 5693 "
2726 5657 2864 5714 Ibid.
2895 5657 2986 5722 28,
3020 5656 3110 5711 19.
