4098 6344
301 331 440 392 ων

1691 332 2215 390 COLLECTANEA.

3462 333 3602 391 1258

300 450 508 517 αὐτῶν,
548 450 645 505 καὶ
668 451 699 505 6
726 452 929 526 ταῦρος
974 450 1484 525 λιθοϐοληθήσεται.
1529 470 1548 505 ι
1601 451 1757 506 Ἐπεὶ
1785 450 1894 521 γὰρ

1999 452 2269 508 drachma
2285 453 2504 523 argenti
2529 450 2761 507 domino
2786 467 3007 515 eorum,
3035 459 3092 506 et
3117 461 3311 507 taurus
3330 451 3605 508 obruetur

300 543 558 617 διάφοροι
600 544 652 598 οῖ
701 544 1120 618 ἀναιρούμενοι,
1153 547 1327 620 ἄνδρα
1378 546 1481 618 μὲν
1528 544 1625 599 καὶ
1656 546 1897 614 γυναῖκα

302 637 519 706 νοήσεις
556 635 683 705 τοὺς
731 635 1124 709 παλαιοτέρους
1173 640 1255 701 εἰς
1304 638 1531 710 ἀρετήν.
1567 631 1671 689 Ὧν
1723 637 1752 689 6
1796 634 1896 705 μὲν

306 729 657 803 ἰσχυρότερος
685 732 767 795 εἰς
793 731 1077 805 φρόνησιν,
1107 735 1137 787 6
1169 732 1225 786 δὲ
1243 730 1657 801 ἀσθενέστερος.
1684 726 1817 781 Υῖδν
1837 727 1894 781 δὲ

301 821 402 873 καὶ
432 820 716 893 θυγατέρα
760 825 886 888 τοὺς
917 825 1218 895 νεωτέρους
1255 825 1338 887 εἰς
1368 823 1602 894 ἀρετήν’
1635 814 1711 875 ὧν
1737 815 1895 885 αὖθις

303 915 336 966 6
362 914 459 983 μὲν
481 913 854 986 ἰσχυρότερος,
874 918 891 937 ⁶
908 915 1307 986 δεδουλωμένος
1328 917 1452 978 ταῖς
1476 911 1797 985 ἁμαρτίαις,
1819 902 1895 964 ὧν

300 1006 508 1075 ὁμοίως
548 1007 577 1059 6
616 1006 715 1079 μὲν
765 1009 1149 1080 ἰσχυρότερος,
1194 1010 1223 1061 6
1248 1006 1307 1060 δὲ
1344 1005 1756 1075 ἀσθενέστερος.
1799 1000 1900 1053 Διά

300 1096 364 1150 δὲ
391 1100 490 1169 τῆς
519 1099 823 1165 ἀποτίσεως
841 1101 935 1155 τοῦ
958 1100 1247 1172 ἀργυρίου,
1278 1100 1377 1171 τὴν
1407 1099 1667 1154 ἐλάττονα
1692 1093 1899 1165 ζημίαν

301 1191 550 1261 ᾗνίξατο.
600 1193 674 1248 Οὐ
723 1194 833 1266 γάρ
876 1196 993 1248 ἴσον
1047 1197 1128 1259 εἰς
1165 1195 1373 1266 ζημίαν
1420 1187 1751 1263 ἀμαρτωλοῦ
1801 1185 1898 1240 καὶ

302 1282 515 1338 δικαίου
543 1286 789 1349 θάνατος.

2001 540 2282 613 lapidibus
2313 542 2357 598 ⁸.
2390 560 2409 594 ι
2440 541 2577 597 Nam
2598 543 2863 614 quoniam
2886 542 3095 600 diversi
3124 553 3257 600 sunt
3281 546 3602 616 quiimeri-

2001 644 2253 701 muntur,
2272 636 2453 691 virum
2474 635 2699 706 quidem
2721 636 3081 693 etmulierem
3101 637 3378 710 intelliges
3395 654 3495 694 eos
3505 639 3601 710 qui

2002 734 2135 782 sunt
2159 728 2367 783 virtute
2394 727 2759 797 antiquiores.
2784 728 2863 784 Ex
2896 728 3102 800 quibus
3131 729 3225 785 ille
3251 729 3479 801 quidem
3518 718 3602 786 est

2002 820 2059 875 in
2082 820 2377 890 prudentia
2411 820 2716 885 robustior,
2745 820 2837 875 hic
2861 838 2994 877 vero
3013 821 3365 878 imbecillior.
3399 820 3602 879 Filium

2001 920 2188 967 autem
2209 921 2266 969 et
2291 911 2482 978 tiliam,
2502 928 2600 969 eos
2627 912 2722 984 qui
2752 912 2808 968 in
2845 913 3050 970 virtute
3077 924 3210 971 sunt
3226 914 3499 987 juniores,
3534 931 3602 971 ex

1999 1001 2204 1072 quibus
2240 1019 2436 1059 rursus
2476 1002 2569 1059 ille
2613 1004 2840 1075 quidem
2884 1014 2970 1061 est
3010 1006 3313 1071 robustior,
3348 1006 3443 1062 hic
3466 1021 3603 1063 vero

2001 1092 2354 1151 imbecillior.
2409 1096 2656 1151 Puerum
2708 1103 2896 1153 autem
2943 1106 3001 1153 et
3037 1100 3317 1167 ancillam,
3362 1116 3461 1157 eos
3505 1099 3602 1171 qui

1999 1196 2131 1241 sunt
2185 1187 2369 1243 adhuc
2409 1189 2712 1259 mancipati
2746 1189 2921 1255 vitiis,
2981 1206 3049 1245 ex
3097 1191 3304 1261 quibus
3340 1192 3603 1248 similiter

1999 1281 2091 1335 ille
2125 1280 2350 1350 quidem
2376 1290 2466 1337 est
2489 1282 2795 1345 robustior,
2822 1282 2916 1338 hic
2941 1298 3075 1338 vero
3112 1283 3470 1341 imbecillior.
3494 1284 3601 1339 Per

301 1379 521 1451 argenti
558 1390 740 1434 autem
778 1380 1134 1445 solutionem,
1169 1379 1445 1435 minorem
1491 1376 1723 1432 multam
1770 1371 1936 1426 tacite
1976 1372 2326 1443 signiﬁcavit.
2370 1375 2686 1429 Peccatoris
2725 1376 2877 1429 enim
2917 1383 2974 1429 et
3005 1375 3144 1446 justi
3185 1390 3337 1430 mors
3362 1390 3473 1431 non
3512 1384 3601 1431 est

344 1487 407 1525 ar
445 1470 635 1527 multa.

344 1487 407 1525 ar
445 1487 635 1527 multa.

300 1487 461 1621 ¹ΞΕὰν
514 1544 678 1632 τινος
727 1566 948 1633 ταῦρος
1004 1567 1289 1635 κερατισῃ
1345 1565 1454 1620 τόν
1506 1564 1731 1635 ταῦρον
1784 1557 1893 1635 τοῦ

374 1629 800 1719 πλησίονέοκαί
827 1629 1083 1719 τελε-υςῆ
1106 1629 1571 1719 ,Αάίιοδώσονζαι
1604 1629 1717 1719 τόν
1735 1629 1892 1719 "tm?-

364 1723 482 1774 ρον
506 1708 615 1761 τὸν
640 1706 844 1771 ζῶντα,
876 1711 975 1762 καί
1008 1708 1353 1763 διελοῦνται
1374 1708 1440 1762 τό
1471 1706 1758 1776 ἀργύριον
1790 1706 1894 1755 αὺ-

374 1777 505 1842 τοῦ,
539 1777 640 1831 καὶ
670 1780 777 1832 τὸν
806 1778 1029 1848 ταῦρον
1057 1780 1168 1834 τὸν
1198 1776 1496 1835 τεθνεῶτα
1509 1774 1887 1831 ήδιελοῦνται.

2002 1551 2061 1607 Si
2101 1555 2253 1627 cujus
2292 1562 2480 1609 taurus
2520 1571 2685 1608 cornu
2724 1556 2934 1625 petierit
2974 1566 3196 1610 taurum
3243 1560 3508 1627 proximi,
3548 1568 3601 1614 et

2077 1625 2236 1696 fuerit
2258 1634 2519 1689 mortuus,
2556 1627 2778 1679 vendent
2809 1635 3025 1680 taurum
3063 1625 3353 1693 mortuum,
3386 1638 3435 1685 et
3464 1630 3599 1685 diui-

2070 1698 2199 1819 gen:
2235 1696 2362 1797 .ejus
2414 1698 2717 1767 pecuniam,
2770 1704 2821 1749 et
2872 1706 3091 1751 taurum
3139 1708 3411 1755 mortuum
3466 1700 3601 1757 divi-

2108 1784 2170 1819 en
2262 1807 2275 1819 .

387 1867 515 1921 Ἐὰν
567 1870 699 1939 παρ’
750 1869 849 1939 οὐχ
908 1869 1125 1933 ἑκόντος
1169 1869 1314 1933 τινὸς
1367 1867 1543 1941 ζημία
1598 1868 1891 1937 γενήσεται

2068 1859 2124 1914 Si
2161 1876 2191 1914 a
2209 1861 2432 1915 nolente
2466 1860 2653 1930 aliquo
2679 1858 2849 1914 fuerit
2872 1858 3151 1929 quispiam
3173 1876 3316 1917 noxa
3346 1862 3599 1930 affectus,

301 1957 441 2029 πρὸς
468 1960 591 2013 τινα
614 2000 630 2024 ,
662 1962 691 2015 6
725 1961 824 2030 μὲν
853 1960 1154 2031 ζημιωθεὶς
1186 1960 1623 2033 συμμετασχέτω
1654 1959 1749 2013 τοῦ
1784 1975 1897 2011 πα-

302 2051 664 2121 ραμείναντος
694 2055 920 2126 κέρδους
946 2054 1026 2125 τῷ
1061 2054 1431 2125 ζημιώσαντι,
1467 2054 1495 2107 6
1528 2051 1785 2125 δηλοῦται
1807 2050 1897 2106 διά

298 2142 397 2196 τοῦ
436 2143 639 2210 ζῶντος
671 2146 750 2199 ἔτι
785 2147 1015 2219 ταύρου.
1065 2147 1125 2201 '0
1158 2147 1204 2199 δ’
1234 2146 1554 2217 ἀϐουλήτως
1581 2143 1894 2217 ζημιώσας,

300 2235 466 2290 πάλιν
501 2240 936 2311 συμμετασχέτω
975 2242 1075 2311 τῆς
1108 2239 1312 2308 ζημίας
1336 2256 1351 2270 ο
1404 2238 1486 2311 τῷ
1534 2237 1893 2310 ζημιωθέντι.

308 2328 375 2379 Ὃ
402 2327 696 2401 γενήσεται
717 2330 807 2384 διὰ
842 2330 936 2387 τοῦ
969 2330 1359 2387 συλλυπεῖσθαι
1379 2330 1550 2401 αὐτῷ.
1593 2349 1612 2382 ι
1660 2330 1789 2384 Ἐὰν
1813 2328 1892 2396 δὲ,

299 2420 459 2487 φησὶ,
519 2419 995 2494 διαμαρτυρηϐείη
1046 2424 1175 2494 περὶ
1224 2422 1321 2477 τοῦ
1376 2422 1625 2494 ταύρου,
1682 2422 1779 2476 καὶ
1818 2424 1893 2494 μὴ

295 2509 539 2582 ἀφανίσῃ
572 2511 763 2577 αὑτὸν,
814 2515 908 2567 καὶ
936 2514 1101 2586 ἀνέλῃ
1134 2515 1226 2569 τὸν
1275 2515 1478 2587 ταῦρον
1512 2514 1607 2568 τοῦ
1640 2516 1889 2586 πλησίον,

296 2604 550 2659 ἀποτίσει
573 2606 772 2677 ταῦρον
800 2608 922 2661 ἀντὶ
951 2608 1048 2662 τοῦ
1071 2609 1299 2680 ταύρου,
1323 2611 1352 2663 6
1376 2610 1434 2663 δὲ
1484 2609 1895 2679 τετελευτηκὼς

296 2698 451 2769 αὐτῷ
483 2700 659 2755 ἔσται.
715 2721 733 2753 ι
780 2701 953 2766 Εἰδὼς
987 2702 1098 2774 γὰρ
1144 2704 1241 2756 καὶ
1283 2704 1359 2774 μὴ
1420 2704 1889 2774 ἀσφαλισάμενος,

296 2790 449 2844 δοκεῖ
501 2794 1056 2862 συγκατεργάσασθαι
1108 2794 1210 2866 τὴν
1268 2795 1553 2866 ἀναίρεσιν
1597 2797 1693 2849 τοῦ
1729 2797 1889 2849 ἀλλο-

296 2884 453 2953 τρίου
476 2900 489 2914 ’
524 2884 606 2937 διὸ
636 2886 730 2939 καὶ
758 2887 1071 2940 ἁπαιτεῖται
1118 2888 1217 2957 μὲν
1245 2888 1403 2956 δίκην
1436 2889 1577 2958 ὑπὲρ
1611 2889 1714 2959 τῆς
1744 2890 1892 2943 ἀναι-

301 2975 534 3047 ρέσεως,
585 2977 749 3040 αὐτὸς
803 2978 860 3031 δὲ
919 2978 1081 3047 μόνος
1136 2978 1433 3049 ζημιοῦται
1480 2982 1625 3037 κατά
1681 2983 1887 3053 ψυχήν.

301 3066 475 3122 Τοῦτο
504 3069 632 3139 γὰρ,
668 3064 841 3139 οἶμαι,
876 3069 1047 3140 δηλοῖ,
1074 3070 1136 3124 τό
1162 3087 1176 3101 ’
1231 3090 1248 3123 ι
1300 3073 1357 3125 '0
1391 3073 1449 3127 δὲ
1481 3074 1890 3147 τετελευτηκὼς

300 3161 452 3233 αὐτῷ
479 3161 654 3216 ἔσται.
700 3182 717 3213 ι

312 3366 455 3440 Ἐὰις
490 3365 803 3434 ἄνθρωπος
849 3367 1130 3440 attexth
1164 3369 1379 3440 ψυχὴν
1418 3371 1489 3425 ἐκ
1538 3372 1656 3427 τῶν
1711 3374 1891 3428 ἀδελ-

372 3436 513 3510 φῶν,
550 3440 735 3494 αὐτοῦ
759 3480 774 3502 ,
836 3438 961 3510 ,τῶν
1016 3436 1185 3497 υἱῶν·⁷
1222 3436 1465 3510 Ἰσραὴλ
1488 3482 1505 3508 ,
1558 3446 1895 3499 καταδυνα-

371 3509 642 3631 gregis-ag-
697 3509 1000 3566 ἀποδῶται
1031 3552 1049 3577 ,
1091 3509 1481 3567 ἀποθανεῖται
1538 3517 1571 3569 ὁ
1618 3518 1895 3585 κλέπτης

405 3596 623 3647 uiroc.
674 3606 689 3611 θ

385 3670 444 3723 '0
475 3670 541 3724 δι’
571 3672 790 3742 ἀπάτης
826 3672 1040 3741 ὑφελὼν
1067 3674 1160 3728 τὸν
1196 3674 1337 3747 όρθά
1361 3681 1583 3748 φρονεῖν
1610 3678 1891 3750 ἑλόμενον,

1998 1952 2045 2007 is
2085 1954 2311 2023 quidem
2339 1954 2429 2007 cui
2480 1953 2671 2007 datum
2698 1960 2785 2006 est
2829 1950 3116 2017 damnum,
3154 1954 3226 2009 sit
3254 1955 3422 2010 etiam
3457 1955 3601 2011 lucri

1997 2048 2279 2118 particeps
2298 2048 2447 2117 quod
2472 2050 2808 2104 remansitei
2826 2050 2921 2121 qui
2945 2049 3211 2105 damnum
3242 2050 3417 2115 dedit,
3449 2049 3599 2121 quod

1993 2137 2218 2207 quidem
2260 2138 2603 2209 signiﬁcatur
2633 2154 2735 2209 per
2770 2147 2995 2196 taurum
3031 2142 3217 2197 adhuc
3249 2144 3460 2198 vivum.
3493 2142 3597 2211 Qui

1998 2214 2193 2284 autem.
2234 2246 2345 2284 non
2396 2230 2717 2286 voluntarie
2766 2230 3034 2288 damnum
3075 2233 3253 2299 dedit,
3298 2251 3495 2290 rursus
3528 2236 3601 2291 sit

1996 2320 2185 2375 damni
2230 2322 2512 2393 particeps
2558 2338 2685 2377 cum
2713 2340 2781 2379 eo
2808 2325 2900 2380 cui
2945 2325 3136 2381 datum
3172 2336 3259 2382 est
3286 2326 3551 2384 damnum
3583 2347 3598 2383 :

1995 2412 2142 2481 quod
2178 2411 2273 2469 ﬁet
2304 2430 2372 2469 ex
2397 2429 2466 2469 eo
2508 2415 2657 2485 quod
2688 2415 2882 2472 dolore
2920 2417 3084 2473 simul
3122 2434 3247 2475 cum
3285 2435 3352 2478 eo
3391 2419 3600 2477 aﬂicia-

1996 2513 2107 2559 tur.
2156 2525 2173 2557 ι
2205 2505 2302 2561 Sin
2361 2516 2569 2573 autem,
2607 2507 2810 2578 inquit,
2861 2509 2931 2565 de
2973 2520 3135 2566 tauro
3172 2512 3223 2567 ei
3255 2512 3397 2567 facta
3434 2513 3602 2570 fuerit

1994 2599 2349 2664 contestatio,
2383 2606 2442 2654 ct
2469 2615 2597 2654 eum
2646 2601 2714 2656 dc
2773 2601 2960 2657 medio
3022 2619 3165 2681 non}
3190 2605 3501 2671 sustulerit,
3544 2606 3603 2663 et

1994 2700 2215 2747 taurum
2240 2693 2411 2748 vicini
2438 2694 2811 2759 interemerit,
2826 2696 3024 2751 reddet
3049 2680 3268 2753 taurum
3287 2715 3389 2769 pro
3408 2708 3599 2755 tauro:

1993 2787 2091 2856 qui
2122 2794 2208 2841 est
2238 2796 2426 2841 autem
2455 2797 2732 2853 mortuus,
2768 2791 3019 2861 eritejus
3044 2791 3086 2845 ⁷.
3127 2811 3144 2844 ι
3180 2793 3316 2847 Nam
3339 2794 3434 2863 qui
3461 2794 3602 2851 scie-

1993 2881 2110 2948 bat,
2150 2890 2207 2937 et
2246 2900 2356 2937 non
2392 2884 2559 2949 cavit,
2601 2883 2825 2937 videtur
2856 2885 3021 2958 simul
3061 2885 3368 2942 confecisse
3393 2886 3599 2943 czedem

1990 2974 2181 3039 alieni,
2210 2976 2573 3045 quamobrem
2622 2975 2691 3029 ab
2736 2991 2803 3030 eo
2848 2978 3013 3033 etiam
3044 2979 3294 3047 poscitur
3324 2978 3392 3033 de
3423 2980 3605 3035 inter-

1992 3070 2275 3139 emptione
2348 3069 2684 3140 supplicium
2717 3087 2728 3121 :
2774 3077 2830 3123 at
2870 3070 2989 3140 ipse
3035 3078 3220 3125 autem
3256 3072 3407 3126 solus
3442 3071 3601 3126 dam-

1996 3177 2129 3215 num
2154 3162 2365 3231 patitur
2388 3164 2443 3218 in
2469 3163 2669 3217 anima.
2696 3163 2813 3217 lloc
2835 3163 3007 3227 enim,
3047 3172 3106 3217 ut
3133 3165 3353 3233 opinor,
3390 3163 3602 3236 signiti-

1998 3266 2087 3310 cat
2108 3256 2243 3310 illud
2270 3275 2281 3309 :
2313 3276 2331 3307 ‹
2364 3256 2469 3326 Qui
2493 3264 2577 3311 est
2610 3266 2796 3312 autem
2825 3264 3103 3319 mortuus,
3140 3260 3248 3313 erit
3286 3261 3428 3330 ejus.
3466 3277 3484 3310 ι

1997 3372 2055 3428 Si
2093 3374 2247 3426 homo
2296 3374 2564 3443 suﬂ‘urans
2604 3376 2844 3429 animam
2902 3390 2965 3427 ex
3013 3374 3268 3443 fratribus
3311 3375 3420 3427 suis
3471 3372 3598 3440 ﬁliis

2066 3443 2247 3583 fama]!
2284 3446 2451 3545 nimia
2494 3444 2661 3513 fretus
2700 3446 2938 3515 potentia
2986 3446 3300 3511 vendiderit,
3342 3446 3598 3499 morietur

2090 3531 2199 3567 uri
2250 3530 2277 3567 ο
2340 3556 2350 3567 .

2090 3531 2155 3566 ur
2182 3530 2277 3567 me
2310 3530 2350 3567 “.

2067 3678 2171 3745 Qui
2196 3678 2325 3733 dolo
2346 3695 2475 3734 cum
2506 3679 2853 3749 subripuerit
2880 3679 2975 3751 qui
3001 3689 3152 3734 recta
3174 3676 3385 3733 sentire
3404 3673 3591 3745 elegit.

302 3766 400 3815 καὶ
434 3765 831 3835 μετερχόμενον
870 3767 985 3836 βίον
1016 3767 1302 3841 ἐλεύθερον
1336 3770 1569 3837 κακίας,
1602 3775 1699 3827 καὶ
1726 3792 1894 3829 κατα-

1997 3782 2051 3829 et
2083 3773 2435 3844 persequitur
2468 3774 2636 3827 vitam
2661 3790 2690 3828 a
2738 3774 2871 3829 vitio
2904 3774 3158 3837 liberam,
3196 3780 3252 3827 et
3275 3769 3447 3825 nimia
3482 3766 3594 3823 fre-

302 3854 673 3920 δυναστεύσας
720 3861 815 3911 καὶ
860 3860 1193 3931 ἀποδόμενος
1246 3862 1329 3925 είς
1369 3862 1618 3920 δουλείαν
1674 3867 1891 3923 ἀσεϐῶν

1997 3875 2087 3922 tus
2138 3866 2382 3938 potentia
2425 3866 2743 3923 vendiderit
2802 3868 2859 3922 in
2914 3866 3241 3922 servitutem
3292 3863 3592 3934 impiorum

302 3947 613 4027 ὰγμάτων,
653 3950 686 4021 ἢ
721 3952 1051 4022 σωματικῶν
1090 3953 1302 4018 παθῶν,
1349 3956 1705 4014 ἀποθανεῖται
1730 3960 1893 4016 θάνα-

1997 3958 2335 4030 dogmatum,
2380 3966 2479 4013 aut
2516 3958 2893 4028 corporalium
2943 3957 3206 4012 vitiorum
3249 3966 3306 4010 et
3343 3954 3593 4010 κηδεύο-

303 4056 395 4093 τον
425 4040 677 4113 ψυχικόν.

1997 4069 2150 4115 num,
2184 4052 2451 4109 morietur
2486 4061 2661 4107 morte
2686 4052 2901 4107 animm.
3249 4116 3263 4131 '

317 4155 454 4209 Ἐάν
480 4174 569 4223 τις
596 4159 794 4228 milium
822 4161 1066 4230 μόσχον
1090 4166 1128 4233 ἢ
1156 4166 1478 4235 πρόϐατον,
1496 4168 1596 4223 καὶ
1620 4169 1830 4240 σφάξῃ
1852 4172 1892 4238 ἢ

372 4227 695 4294 ἀποδῶται,
719 4238 760 4283 ε’
772 4233 1050 4295 μόσχους
1063 4236 1341 4292 ἀποτίσει
1358 4238 1490 4293 ἀντὶ
1512 4241 1620 4295 τοῦ
1633 4244 1889 4295 αόσγου.

1997 4166 2054 4224 Si
2120 4171 2199 4223 uis
2237 4169 2532 4241 suﬁ'uratus
2556 4171 2744 4295 (fuerit
2784 4170 3009 4225 vitatum
3049 4178 3143 4223 aut
3170 4184 3339 4233 ovem,
3378 4178 3426 4221 et
3459 4168 3594 4221 occi-

2068 4186 2225 4295 jerit.
2268 4248 2360 4293 aut
2399 4242 2553 4295 vendi
2592 4243 2718 4295 erit.
2754 4258 2849 4295 oro
2870 4240 3038 4295 vitulo
3067 4240 3248 4295 reddet
3286 4242 3518 4295 auinaue’
3550 4239 3594 4291 θ.

376 4186 452 4209 ur
483 4186 569 4223 ιις
596 4186 794 4228 ntegra
822 4186 1066 4230 μυσχον
1090 4186 1128 4233 η
1156 4186 1478 4235 προοατον,
1496 4186 1596 4223 και
1620 4186 1830 4240 agat?)
1852 4186 1892 4238 ἠ

372 4227 695 4294 ἀποδῶται,
719 4238 760 4283 ε’
772 4233 1050 4302 μόσχους
1063 4236 1341 4292 ἀποτίσει
1358 4238 1490 4293 ἀντὶ
1512 4241 1620 4295 τοῦ
1625 4244 1889 4312 μόσχου.

1997 4186 2054 4224 οι
2120 4186 2199 4223 ms
2237 4186 2532 4241 suguratus
2603 4186 2744 4225 αρτ-ιι
2784 4186 3009 4225 malum
3049 4186 3143 4223 aut
3170 4186 3339 4233 ovem,
3378 4186 3426 4221 et
3459 4186 3594 4221 OCCI-

2068 4186 2225 4305 jerit,
2268 4248 2360 4293 aut
2399 4186 2718 4305 vendiderit,
2754 4258 2849 4313 pro
2870 4240 3038 4297 vitulo
3067 4240 3248 4295 reddet
3286 4242 3518 4310 quinque
3550 4239 3595 4291 ’.

380 4321 487 4373 Καὶ
538 4322 566 4374 6
610 4322 809 4393 μόσχος
855 4326 949 4377 καὶ
999 4326 1061 4380 τὸ
1119 4329 1394 4398 πρόϐατον
1432 4334 1653 4404 καθαρά
1690 4334 1894 4406 ὁμοίως

2066 4334 2135 4389 Et
2173 4332 2385 4390 vitulus
2433 4342 2489 4388 et
2528 4334 2649 4389 ovis
2689 4342 2819 4389 sunt
2857 4334 3116 4389 similiter
3145 4333 3362 4396 mundi,
3398 4341 3454 4386 et
3485 4332 3601 4386 Deo

305 4414 402 4465 xui
446 4412 526 4484 τῷ
573 4414 694 4485 Θεῷ
744 4419 1167 4489 προσαγόμενα,
1217 4424 1311 4477 καὶ
1355 4424 1525 4496 ἄμφω
1562 4424 1738 4491 τύπος
1784 4428 1893 4483 τῶν

1998 4428 2332 4493 oﬂ‘eruntur,
2383 4436 2596 4484 etsunt
2646 4428 2811 4483 ambo
2870 4425 3041 4498 ﬁgura
3080 4440 3276 4481 eorum
3325 4426 3420 4496 qui
3470 4435 3601 4480 sunt

305 4506 690 4579 καθαρθὲντων
727 4508 815 4563 διὰ
848 4511 947 4582 τῆς
989 4515 1069 4576 είς
1106 4514 1345 4586 Χριστὸν
1384 4518 1624 4583 πίστεως
1670 4521 1765 4574 καὶ
1796 4521 1891 4576 τοῦ

1998 4524 2217 4593 purgati
2242 4538 2340 4592 per
2362 4521 2524 4577 ﬁdem
2552 4522 2609 4577 in
2634 4521 2916 4577 Christum
2941 4532 2999 4577 et
3026 4518 3279 4575 sanctdin
3302 4520 3597 4591 baptisma.

306 4602 462 4668 ἁγίου
499 4601 915 4673 βαπτίσματος.
951 4607 1045 4659 καὶ
1074 4584 1194 4678 Θεῷ
1232 4611 1687 4682 προσαγομένων.
1732 4616 1894 4686 Διχη-

1997 4584 2055 4671 et
2108 4584 2606 4671 beo-offeruntur.
2637 4616 2775 4671 Nam
2812 4615 2848 4669 ii
2894 4630 3117 4685 quoque
3143 4584 3602 4670 biﬁdum-habent

305 4692 520 4757 λοῦντες
550 4693 661 4765 γὰρ
694 4696 790 4749 καὶ
820 4687 969 4749 οὗτοι
1000 4698 1078 4762 ὼς
1111 4700 1203 4753 διὰ
1246 4698 1499 4772 πράξεως
1532 4704 1626 4758 καὶ
1660 4704 1897 4779 θεωρίας

244 4822 250 4826 .
306 4784 645 4854 βαδίζοντες,
679 4787 773 4840 καὶ
812 4790 1164 4859 μηρυκισμδν
1194 4791 1515 4860 ἀνάγοντες,
1552 4796 1627 4858 ὡς
1661 4796 1762 4865 τὴν
1794 4814 1896 4850 πα-

303 4880 536 4949 χυτέραν
558 4878 651 4933 τοῦ
679 4881 838 4949 λόγου
870 4884 1077 4953 τροφὴν
1106 4886 1612 4951 καταλεπτύνοντες
1655 4888 1736 4950 είς
1767 4890 1895 4943 θεω-

306 4972 428 5041 ρίαν
455 4971 814 5045 ὑψηλοτέραν,
846 4976 941 5028 καὶ
964 4978 1086 5038 ταῖς
1108 4976 1282 5041 θείαις
1310 4980 1502 5044 αὐλαῖς
1522 4982 1624 5050 τῆς
1664 4982 1895 5055 Ἐκκλη-

305 5065 427 5127 σέας
462 5065 931 5136 ὲνσεσηκισμένοι.
978 5068 1119 5122 Ἀλλ’
1147 5071 1176 5122 6
1226 5072 1325 5142 μὲν
1375 5074 1581 5144 μόσχος
1622 5074 1897 5144 σύμϐολον

304 5156 409 5207 τιῖιν
437 5156 788 5229 ὑψηλοτέρων
814 5175 829 5189 ·
850 5161 912 5212 τὸ
934 5160 989 5214 δὲ
1019 5161 1292 5233 πρόϐατον
1308 5164 1417 5218 τῶν
1448 5166 1894 5239 ὑποϐεϐηκότωνο

311 5249 517 5316 μείζων
570 5250 669 5321 μὲν
714 5251 824 5324 γὰρ
852 5253 881 5305 6
927 5254 1170 5325 μόσχος,
1204 5259 1358 5328 μεῖον
1405 5259 1551 5315 δὲτὸ
1597 5262 1895 5333 πρόϐατον.

1998 4708 2285 4779 ungulam,
2314 4716 2376 4763 ut
2411 4707 2506 4778 qui
2542 4709 2928 4779 ingrediantur
2956 4723 3057 4778 per
3079 4706 3353 4777 actionem
3380 4714 3437 4761 et
3464 4721 3601 4761 con-

1998 4798 2444 4868 templationem,
2473 4806 2531 4853 et
2566 4798 2838 4854 reducant
2867 4798 3321 4861 ruminationem,
3352 4804 3409 4852 et
3446 4814 3596 4852 cras-

1999 4889 2120 4943 sius
2149 4888 2305 4943 verbi
2332 4888 2658 4943 alimentum
2692 4888 2749 4943 in
2779 4888 3036 4943 altiorem
3058 4887 3441 4943 comminuunt
3465 4902 3601 4942 con-

2002 4982 2437 5052 templationem,
2490 4992 2545 5037 et
2584 4980 2936 5036 stabulentur
2960 4982 3015 5037 in
3049 4981 3257 5041 divinis
3294 4982 3454 5036 atriis
3491 4981 3599 5035 Ec-

1998 5075 2199 5130 clesiae.
2238 5073 2347 5130 Sed
2372 5073 2583 5129 vitulus
2611 5073 2840 5144 quidem
2861 5084 2946 5129 est
2965 5074 3279 5146 symbolum
3302 5073 3559 5129 altiorum
3583 5092 3593 5125 :

1997 5165 2120 5220 ovis
2156 5172 2341 5220 autem
2365 5163 2714 5221 inferiorum.
2748 5163 2886 5219 Nam
2918 5166 3094 5235 major
3125 5163 3350 5235 quidem
3376 5173 3464 5220 est
3512 5165 3599 5217 τίς

2000 5257 2170 5317 tulus,
2193 5254 2315 5309 ovis
2337 5269 2471 5309 vero
2493 5251 2698 5308 minor.
2738 5252 2797 5309 Si
2821 5254 3096 5325 quispiam
3137 5269 3270 5325 ergo
3302 5253 3602 5309 haereticus

317 5340 446 5395 Ἐάν
484 5360 572 5408 τις
616 5344 910 5416 τοιγαροῦν
942 5348 1221 5417 αίριτικδς
1277 5350 1457 5426 κλέψῃ
1506 5354 1633 5408 τινὰ
1684 5354 1894 5411 τούτων

2001 5348 2167 5405 exiis
2188 5346 2430 5418 aliquem
2462 5345 2604 5400 clam
2630 5344 2801 5400 fuerit
2835 5345 3161 5410 suti‘uratus,
3204 5354 3262 5401 et
3294 5345 3598 5401 abductum

302 5430 611 5506 λεληθότως
629 5476 644 5499 ,
682 5437 778 5491 καὶ
808 5439 1114 5510 ἀπαγαγὼν
1143 5445 1246 5515 τῆς
1274 5445 1563 5511 εὐσεϐείας
1592 5447 1898 5522 ἀποκτεινῃ

304 5529 370 5598 τῇ
402 5529 650 5602 μαχαίρᾳ
687 5530 798 5585 τῶν
827 5531 1045 5587 ἀσεϐῶν
1075 5535 1387 5607 δογμάτων,
1417 5538 1451 5610 ἢ
1475 5530 1755 5594 ἀποδῶται
1788 5542 1898 5597 πά-

2004 5458 2036 5497 a
2054 5442 2259 5514 pietate
2282 5437 2555 5495 occiderit
2585 5437 2770 5510 gladio
2807 5438 3106 5508 impiorum
3137 5438 3477 5511 dogmatum,
3506 5448 3600 5492 aut

2002 5534 2320 5595 vendiderit
2356 5530 2511 5587 vitiis
2533 5538 2590 5586 et
2615 5530 3009 5589 affectionibus
3032 5548 3156 5605 quae
3180 5547 3308 5587 eum
3342 5530 3601 5602 redigunt

374 5673 687 5759 g'LSup'ple
726 5693 739 5705 ·
773 5678 803 5730 6
832 5678 891 5734 δὲ
927 5680 1339 5754 ἀσθενέστερος.
1377 5684 1550 5739 Παῖδα
1602 5685 1656 5740 δὲ
1700 5688 1788 5741 καὶ
1821 5706 1894 5741 πα

1997 5704 2136 5759 ῐκην,
2175 5686 2301 5748 τοὺς
2331 5680 2434 5741 ἔτι,
2476 5687 2534 5733 et
2559 5680 2849 5739 continuo,
2881 5694 2981 5749 pro
3010 5676 3430 5747 δεδουλωμένος,
3468 5677 3589 5746 lege

301 5743 761 5809 δεδουλωμένους.

377 5860 403 5887 ⁵“
433 5859 603 5915 Exod.
636 5877 745 5927 ni,
777 5862 868 5925 5|,
902 5861 988 5918 52.
1069 5863 1251 5919 “ibid.
1284 5864 1372 5924 55,
1454 5867 1470 5895 ’¹
1506 5865 1643 5949 Ibid.
1671 5866 1759 5923 5t}.
1837 5869 1861 5901 ⁸
1894 5868 2069 5926 Exod.
2114 5883 2243 5933 nu,
2284 5868 2305 5922 i
2344 5880 2498 5936 seqq.
2578 5867 2599 5895 ’
2634 5863 2775 5922 Ibid.
2857 5884 2865 5893 ·
