4098 6344
573 119 710 178 me

1765 119 1821 174 S.
1864 121 2123 178 CYRILU

2227 121 2262 176 Ϊ
2302 122 2610 178 Αιιοιιωνι
3747 113 3854 170 tuo

570 233 626 289 in
673 232 1034 297 servitutem,
1088 232 1485 286 convenienter
1541 233 1884 302 proportioni
1950 231 2119 303 priori

2253 230 2370 284 θισι
2421 233 2840 288 καταὸουλοῦσιν
2908 234 3088 296 αὐτὸν,
3145 233 3423 299 ανάλογσν
3482 231 3564 299 τῇ
3633 227 3854 299 apud”

568 324 792 380 virtutis
815 325 933 395 ejus
975 323 1068 394 qui
1110 323 1258 382 furto
1296 322 1591 392 subreptus
1622 334 1724 387 est,
1754 323 1906 378 dabit
1935 339 2145 395 poenas.

569 413 686 472 Hoh
703 416 850 470 enim
877 415 1216 486 significatur
1246 431 1340 486 per
1373 415 1634 470 damnum
1663 417 1840 486 majus
1863 425 1919 472 et
1945 418 2144 472 minus.

575 527 594 556 σ
634 507 689 562 Si
735 516 916 563 autem
969 508 1025 562 in
1055 507 1220 571 fossa,
1250 509 1447 578 inquit,
1480 509 1569 564 fur
1591 509 1758 564 fuerit
1787 510 2063 576 inventus,
2092 517 2149 564 et

569 614 864 668 percussus
895 598 1062 655 fuerit
1083 611 1354 664 mortuus,
1378 617 1485 660 non
1512 603 1876 671 imputabitur
1899 602 2095 658 caedes.
2121 621 2140 657 ι

568 691 705 748 Eum
750 693 898 747 enim
953 693 1046 762 qui
1085 694 1363 749 invenitur
1424 695 1692 749 effodiens
1738 695 2040 751 Ecclesiam
2088 704 2147 751 ut

565 783 866 838 suffuretur
911 787 1170 848 animam,
1217 787 1261 840 si
1305 787 1429 856 quis
1471 786 1611 842 forte
1641 789 2000 853 interfecerit,
2034 803 2144 843 non

564 881 648 928 est
683 888 809 928 reus
843 875 1029 939 caedis,
1070 877 1214 946 quod
1259 877 1456 932 attinet
1496 878 1564 932 ad
1599 879 1775 948 legem
1820 880 2058 944 civilem,
2084 889 2146 933 ut

561 965 656 1033 qui
707 980 833 1020 eum
887 967 1209 1022 interficerit
1244 969 1337 1038 qui
1391 970 1677 1025 manifeste
1709 979 1764 1025 et
1796 970 2144 1042 impudenter

561 1055 973 1114 latrocinetum
997 1057 1090 1113 Sin
1115 1068 1320 1125 autem,
1340 1059 1541 1130 inquit,
1561 1077 1727 1131 super
1747 1073 1873 1125 eum
1896 1073 2048 1118 ortus
2072 1063 2144 1118 sit

557 1146 664 1211 sol,
708 1163 834 1203 reus
871 1150 976 1203 erit
1003 1149 1170 1204 czedis
1188 1151 1283 1220 qui
1317 1166 1444 1206 eum
1478 1151 1837 1208 interfecerit.
1876 1172 1892 1204 ι
1924 1152 2058 1208 Nam
2093 1153 2140 1207 si

558 1248 728 1304 super
747 1251 872 1290 eum
898 1238 1013 1306 qui,
1043 1245 1103 1290 ut
1126 1238 1358 1304 dictum,
1374 1240 1610 1306 furatur,
1629 1243 1842 1297 oriatur
1860 1245 1938 1296 sol
1963 1243 2140 1312 paeni-

559 1327 744 1385 tentia
779 1337 834 1382 et
868 1329 1107 1398 pietatis,
1141 1347 1271 1387 reus
1301 1333 1408 1387 erit
1441 1334 1535 1403 qui
1562 1333 1926 1398 interfecerit,
1957 1341 2018 1388 ut
2045 1343 2142 1404 qui

555 1418 707 1487 pium
735 1420 1006 1475 occiderit
1032 1430 1087 1477 et
1113 1424 1206 1492 qui
1235 1434 1319 1479 est
1349 1424 1593 1493 ejusdem
1623 1424 1769 1478 fidei.
1800 1444 1817 1475 ι
1843 1424 1937 1479 Sin
1954 1435 2139 1480 autem

553 1524 666 1564 non
692 1512 822 1575 sint,
848 1513 1044 1582 inquit,
1070 1514 1120 1569 ei
1146 1515 1450 1581 facultates,
1481 1516 1754 1571 vendatur
1783 1532 1884 1587 pro
1915 1518 2082 1573 furto.
2108 1539 2126 1571 ι

553 1599 754 1657 Furem
771 1605 918 1656 enim
939 1599 1035 1673 qui
1048 1605 1230 1673 pretio
1243 1621 1350 1660 non
1366 1616 1544 1676 potest
1561 1609 1768 1663 crimen
1784 1611 2128 1680 propulsare,

553 1695 767 1759 modos,
803 1694 1044 1764 inquam,
1104 1697 1441 1765 poenitentia:
1489 1708 1544 1753 et
1571 1699 2003 1755 satisfactionem
2030 1718 2132 1771 pro

552 1786 812 1854 peccatis,
839 1787 992 1840 novit
1020 1788 1250 1842 verbum
1278 1805 1403 1844 eum
1429 1805 1548 1845 esse
1568 1790 1851 1846 infamem.
1881 1791 2013 1846 Nam
2034 1793 2128 1863 qui

550 1878 824 1941 venditur,
849 1889 932 1933 est
955 1880 1189 1935 infamis.
1229 1903 1246 1933 ι
1266 1881 1361 1936 Sin
1380 1892 1561 1937 autem
1585 1883 2010 1954 deprehensum,
2038 1886 2129 1939 ia-

549 1973 690 2039 quit,
723 1968 887 2025 fuerit
907 1981 962 2026 et
985 1973 1266 2026 inventum
1294 1974 1347 2027 in
1378 1990 1538 2028 mauu
1559 1976 1676 2044 ejus
1705 1975 1931 2039 furtum,
1955 1978 2130 2032 solvet

547 2059 824 2132 duplum.»
850 2061 981 2116 Nam
1004 2080 1128 2118 cum
1150 2065 1394 2119 nondum
1411 2066 1714 2135 deportarit
1733 2066 1798 2120 ad
1822 2069 2124 2130 interitum.

549 2154 814 2208 modicam
879 2156 1087 2210 subibit
1139 2158 1386 2211 multam.
1449 2159 1581 2212 Nam
1625 2159 1783 2227 ,quod
1831 2175 1988 2214 suum
2043 2169 2126 2215 est

547 2247 774 2317 recipiet
825 2248 1101 2314 dominus,
1134 2260 1188 2304 et
1221 2267 1249 2304 a
1293 2251 1414 2305 fure
1449 2251 1577 2304 furti
1610 2253 1789 2322 exiget
1831 2254 2121 2307 rationem.

616 2339 788 2396 Jussit
819 2341 904 2396 lex
927 2358 1026 2413 per
1059 2343 1294 2414 Moysem
1323 2360 1390 2398 ne
1430 2343 1496 2397 ad
1533 2344 1736 2398 bellum
1774 2345 2121 2413 procederet,

545 2451 725 2505 neque
765 2437 859 2505 qui
910 2451 1104 2490 novam
1150 2436 1372 2491 domum
1412 2436 1723 2500 aedificavit,
1755 2447 1812 2491 et
1849 2452 1968 2491 eam
2013 2453 2122 2491 non

544 2525 822 2582 dedicavit
846 2546 864 2580 εί
891 2543 990 2582 nec
1020 2529 1066 2581 is
1096 2529 1188 2598 qui
1220 2529 1487 2598 plantavit
1509 2528 1728 2584 vineam
1751 2538 1807 2584 et
1832 2545 1898 2584 ex
1921 2545 1985 2584 ea
2012 2546 2122 2585 nou

541 2628 629 2674 est
668 2621 882 2676 laetatus
918 2635 1134 2690 :neque
1161 2620 1255 2691 qui
1299 2621 1593 2690 despondit
1637 2637 1861 2676 uxorem
1912 2631 1969 2676 et
2001 2637 2137 2688 eam

543 2725 650 2765 not.
717 2711 928 2780 accepit
985 2729 997 2764 :
1047 2726 1225 2790 neque
1290 2713 1384 2782 qui
1445 2723 1529 2766 est
1579 2713 1807 2767 timidus
1858 2712 2025 2768 corde
2055 2715 2117 2768 “.

543 2798 742 2873 Figura
777 2810 960 2856 autem
1003 2803 1123 2873 ejus
1169 2803 1262 2872 qui
1309 2803 1728 2867 habitationem,
1770 2818 1884 2858 non
1936 2812 2120 2860 autem

2248 324 2418 395 ἀρετῇ
2454 324 2549 380 τοῦ
2602 327 2902 388 κλαπέντος
2931 364 2947 387 ,
2979 323 3232 378 ἀποτίσει
3279 322 3490 393 δίκην.
3540 318 3724 376 τοῦτο
3760 319 3856 386 γὰρ

2245 415 2503 484 δηλοῦται
2561 415 2650 472 διὰ
2705 415 2806 484 τῆς
2870 414 3118 484 μείζονος
3177 415 3398 485 ζημίας
3463 413 3576 468 κει
3631 410 3848 479 μείονος.

2253 526 2272 560 σ
2297 507 2420 562 Ἐὰν
2450 508 2505 562 δὲ
2529 510 2586 561 ὲν
2608 508 2686 578 τῷ
2703 507 3046 578 διορύγματι,
3079 508 3259 578 φησιν,
3291 505 3520 576 εὑρεθῇ
3547 507 3578 557 ὁ
3602 501 3848 571 κλέπτης.

2246 599 2308 672 [f.
2341 601 2397 655 d.
2419 599 2535 672 καὶ]
2563 601 2788 670 πληγεὶς
2811 599 3076 670 ἀποθάνῃ.
3102 601 3162 654 οὐ
3193 597 3617 666 λογισθήσεται
3642 595 3811 662 aut;
3831 611 3846 642 ι

2245 693 2351 745 Τδν
2384 693 2492 761 γὰρ
2518 691 2906 762 εὑρισκόμενον
2935 690 3275 758 διορύττοντα
3316 689 3428 760 τὴν
3501 684 3846 754 Ἐκκλησίαν,

2245 785 2333 838 ινα
2356 783 2526 854 κλέψῃ
2556 782 2753 854 ψυχὴν,
2777 783 2826 835 εί
2840 781 2981 852 τύχῃ
3003 799 3082 845 τις
3098 779 3325 846 ἀνελὼν,
3344 781 3462 835 οὐκ
3480 778 3746 847 ἀνέχεται
3765 765 3850 845 φάο

2243 893 2338 945 νῳ,
2355 876 2479 928 ὅσον
2507 876 2600 928 ἐπὶ
2628 873 2706 944 τῷ
2734 873 2993 944 πολιτικῷ
3012 874 3182 943 νόμῳ,
3209 871 3286 934 ὡς
3317 869 3740 940 φανερώτερον
3769 867 3848 918 καὶ

2242 967 2613 1037 ἀναισχύντως
2642 966 2988 1040 λῃστεύοντα.
3019 986 3037 1018 ‹
3085 965 3210 1018 Ἐἀν
3233 964 3291 1018 δὲ
3324 961 3636 1033 ἀνατείλῃ,
3670 960 3846 1030 φησιν,

2242 1059 2330 1111 ἐπ’
2363 1058 2523 1112 αὑτὸν
2547 1059 2575 1110 ὀ
2603 1059 2772 1130 ἥλιος,
2805 1059 2985 1127 ἔνοχος
3032 1055 3186 1110 ἔσται
3216 1059 3245 1110 ὁ
3274 1055 3524 1110 ἀνελών.
3575 1072 3594 1104 ι
3655 1053 3720 1105 El
3751 1053 3846 1120 γάρ

2243 1151 2336 1203 ἐπὶ
2372 1150 2462 1203 τὸν
2483 1192 2496 1212 ,
2530 1149 2606 1214 ὼς
2635 1151 2850 1222 εῐρηται
2878 1187 2894 1212 ,
2948 1148 3252 1202 κλέπτοντα
3295 1146 3581 1218 ἀνατείλῃ
3625 1146 3656 1196 ὁ
3706 1145 3846 1214 ἥλιος

2243 1242 2340 1310 τῆς
2375 1240 2663 1309 μετανοίας
2697 1240 2792 1293 καὶ
2843 1237 2942 1307 τῆς
2990 1238 3272 1301 εὐσεϐείας
3300 1278 3314 1301 ,
3369 1237 3583 1305 ἔνοχος
3638 1235 3793 1286 ἔσται
3819 1234 3845 1286 ό

2243 1330 2465 1394 ἀνελὼν,
2492 1328 2567 1394 ὡς
2597 1329 2793 1399 εὐσεῦῆ
2827 1331 2922 1382 καὶ
2953 1330 3246 1396 δμόπιστον
3270 1327 3611 1402 ἀνῃρηκώς.
3658 1344 3678 1376 ι
3728 1323 3844 1378 Ἐὰν

2243 1421 2298 1476 δὲ
2334 1423 2409 1493 μὴ
2440 1421 2662 1493 ὑπάρχῃ
2685 1419 2866 1490 αὐτῷ,
2899 1424 3053 1490 φησι,
3082 1421 3347 1493 πραθὴτω
3380 1423 3518 1475 ἀντὶ
3552 1417 3656 1471 τοῦ
3689 1417 3844 1484 κλέμι

2249 1532 2438 1585 ματος.
2480 1533 2498 1565 ι
2529 1514 2632 1567 Τδν
2671 1515 2780 1584 γὰρ
2815 1515 2890 1584 μὴ
2921 1515 3110 1584 ἔχοντα
3151 1515 3366 1587 λύτροις
3415 1515 3839 1585 ἀποκρούεσθαι

2234 1609 2304 1661 τά
2340 1607 2662 1678 ἐγκλήματα
2689 1608 2949 1677 κλέπτην,
2984 1608 3125 1676 λέγω
3155 1607 3220 1679 δὴ
3254 1610 3501 1679 τρόπους
3539 1606 3840 1678 μετανοίας

2233 1701 2326 1755 καὶ
2356 1700 2775 1769 ἀντισηκῶσεως
2802 1700 2910 1752 τῶν
2934 1700 3358 1771 ἡμαρτημένων,
3389 1701 3603 1770 ἄτιμον
3645 1695 3787 1751 οἶδεν
3809 1699 3835 1751 ὀ

2231 1792 2387 1861 λόγος
2408 1809 2419 1821 ·
2450 1795 2478 1844 ὁ
2510 1791 2617 1862 γὰρ
2648 1794 3117 1862 πιπρασκόμενος,
3156 1793 3370 1860 ἄτιμος.
3413 1812 3434 1843 ε
3479 1793 3619 1844 Ἐὰν
3649 1791 3709 1844 δὲ
3743 1808 3834 1843 κα-

2231 1883 2511 1954 ταληφθῇ,
2550 1886 2719 1952 φησὶ,
2755 1885 2850 1936 καὶ⁵
2904 1885 3099 1954 εὑρεθῇ
3143 1886 3200 1936 ὲν
3239 1887 3306 1953 τῇ
3345 1885 3495 1953 χειρὶ
3544 1881 3726 1936 αὐτοῦ
3775 1881 3831 1934 τὸ

2230 1977 2472 2045 κλέμμα,
2499 1975 2718 2028 διπλοῦν
2742 1977 3010 2030 ἀποτίσει.
3049 1996 3066 2026 ι
3105 1977 3191 2047 Μὴ
3216 1992 3301 2028 πω
3329 1975 3444 2043 γὰρ
3471 1973 3827 2044 ἀποκομίσας

2230 2072 2308 2131 εἰς
2338 2067 2577 2137 ὄλεθρον,
2597 2066 2784 2135 ὀλίγην
2813 2068 3178 2136 ύποστὴσεται
3207 2065 3411 2134 ζημίαν
3432 2081 3448 2096 ο
3469 2064 3825 2131 ἀναλήψεται

2229 2162 2336 2232 γὰρ
2364 2160 2523 2212 πάλιν
2547 2159 2608 2211 τὸ
2636 2161 2834 2210 οἰκεῖον
2865 2161 2890 2210 ὁ
2921 2159 3210 2227 δεσπότης,
3241 2159 3334 2212 καὶ
3367 2158 3820 2227 προσαπαιτήσει

2227 2257 2317 2308 τὸν
2349 2255 2587 2318 κλέπτην
2621 2253 2810 2319 λόγους
2848 2253 2946 2321 τῆς
2977 2253 3203 2321 κλοπῆς.

2311 2344 2626 2397 Ἐκὲλευσεν
2665 2347 2692 2395 ὁ
2722 2343 2810 2396 διὰ
2843 2343 3086 2404 Μωσέως
3127 2342 3289 2411 νόμος
3341 2343 3415 2412 μὴ
3449 2341 3698 2405 ἐξελθεῖν
3741 2343 3817 2402 είς

2225 2435 2497 2505 πόλεμον,
2550 2435 2688 2504 μήτε
2745 2435 2835 2486 τὸν
2889 2431 3324 2502 οἰκοδομήσαντα
3368 2435 3552 2486 οἰκίαν
3593 2434 3808 2501 καινὴν,

2225 2529 2319 2580 καὶ
2359 2527 2433 2596 μὴ
2462 2525 2848 2593 ὲγκαινίσαντα
2887 2525 3058 2594 αὐτὴν
3083 2565 3096 2586 ,
3144 2526 3279 2594 μήτε
3321 2524 3414 2576 τὸν
3464 2525 3809 2592 φυτεύσαντα

2224 2620 2545 2688 ἀμπελῶνα,
2572 2619 2664 2673 καὶ
2699 2617 2773 2688 μὴ
2803 2617 3177 2687 εύφρανθὲντα
3202 2619 3295 2671 ἀπ’
3327 2617 3515 2679 αὑτοῦ,
3553 2619 3697 2687 μήτε
3723 2615 3810 2666 τὸν

2228 2713 2702 2781 μνηστευσάμενον
2749 2714 3005 2780 γυναῖκα,
3035 2713 3128 2764 καὶ
3174 2710 3248 2780 μὴ
3296 2711 3532 2763 λαϐόντα
3588 2708 3765 2776 αὐτὴν
3791 2747 3806 2770 ,

2229 2803 2365 2872 μήτε
2408 2802 2498 2855 τὸν
2530 2802 2702 2854 δειλὸν
2743 2806 2814 2873 τῇ
2858 2802 3074 2873 καρδίᾳ.
3100 2801 3282 2864 Τύπος
3310 2803 3370 2855 δὲ
3401 2802 3496 2855 τοῦ
3535 2803 3634 2871 μὲν
3687 2818 3806 2863 κατ’.

543 2893 840 2950 lncolatum
891 2905 1217 2964 praesentem
1253 2897 1420 2950 vitam
1469 2896 1776 2960 existimat,
1823 2904 1909 2951 est
1949 2889 1997 2952 is
2025 2897 2118 2966 qui

2227 2894 2418 2953 οικίιν,
2455 2894 2568 2948 ἀλλ’
2595 2897 2658 2948 οὐ
2714 2897 3033 2963 παροικίαν,
3078 2895 3170 2948 τὸν
3204 2895 3449 2966 παρόντα
3487 2895 3603 2964 βίον
3636 2898 3808 2964 {11-w-

541 3001 740 3042 novam
795 2987 1018 3042 domum
1067 2986 1401 3041 mdificavit:
1447 2986 1597 3041 avari
1640 2998 1825 3043 autem
1872 2995 1928 3042 et
1977 2990 2121 3044 lucri

539 3078 766 3150 cupidi,
812 3079 860 3133 is
909 3079 1002 3152 qui
1050 3080 1316 3148 plantavit
1357 3081 1575 3134 vineam
1620 3096 1886 3135 :carnem
1936 3091 2120 3136 autem

541 3173 778 3228 amantis
825 3181 883 3228 et
924 3173 1236 3236 libidinosi,
1289 3175 1335 3227 is
1394 3173 1489 3241 qui
1533 3173 1827 3242 despondit
1869 3189 2119 3229 uxorem.

541 3265 652 3320 Aut
678 3264 843 3321 etiam
867 3265 1026 3319 aliter
1067 3283 1080 3317 :
1111 3264 1329 3318 Primus
1363 3263 1588 3333 quidem
1617 3273 1702 3319 est
1740 3264 1914 3335 ﬁgura
1943 3265 2114 3319 ambi-

539 3342 680 3412 tiosi,
707 3367 763 3411 et
807 3357 992 3428 gloriae
1031 3357 1237 3426 cupidi.
1283 3355 1570 3411 Secundus
1607 3364 1813 3420 autem,
1859 3356 2010 3411 avari
2065 3365 2121 3411 et

542 3450 830 3520 pecuniam
868 3450 1123 3504 amantis.
1163 3448 1385 3504 Tertius
1418 3458 1603 3504 autem
1649 3448 1967 3517 voluptarii.
2016 3449 2121 3504 Per

540 3541 658 3597 haec
685 3551 870 3596 autem
910 3541 1013 3596 tria
1048 3541 1434 3597 indicabantur
1463 3549 1575 3595 tres
1595 3541 1879 3610 generales
1908 3541 2120 3610 specta

537 3633 678 3689 vitii.
733 3632 984 3689 Timidus
1026 3634 1172 3688 enim
1218 3634 1305 3688 his
1351 3633 1530 3688 tribus
1576 3631 1863 3686 dividitur.
1915 3631 2116 3690 Timidi

533 3727 683 3781 enim
722 3736 851 3782 sunt
895 3742 1085 3781 omnes
1110 3728 1203 3796 qui
1247 3726 1334 3782 his
1363 3734 1495 3783 sunt
1532 3703 1778 3781 obnoxii.
1814 3725 2003 3796 Neque
2029 3742 2117 3783 so-

535 3819 649 3874 lum
682 3819 718 3873 ii
743 3819 948 3874 fuerint
973 3819 1197 3888 reprobi
1229 3818 1299 3873 ad
1321 3819 1525 3875 bellum
1550 3818 1696 3888 quod
1729 3819 1877 3874 cadit
1902 3818 2005 3873 sub
2034 3819 2116 3874 in-

534 3911 893 3982 telligentiam
918 3953 932 3976 ,
975 3910 1071 3966 sed
1127 3911 1294 3966 etiam
1345 3911 1470 3966 aliis
1509 3919 1766 3967 auctores
1803 3911 2017 3967 timoris
2055 3919 2116 3967 et

532 3999 690 4070 fugae.
719 4000 827 4055 Eos
865 4001 1013 4057 enim
1044 4000 1244 4056 avertit
1284 3999 1560 4055 dictorum
1584 3999 1843 4054 vitiorum
1870 3999 2111 4065 habitus,

530 4101 588 4149 et
623 4102 988 4161 corrumpunt
1016 4092 1191 4148 bonos
1223 4106 1406 4149 mores
1446 4092 1717 4162 colloquia
1756 4106 1925 4162 prava
1951 4092 2012 4146 ¹¹.
2046 4092 2113 4147 Ει

531 4184 657 4240 ideo
679 4200 908 4256 magnus
948 4185 1149 4240 Paulus
1174 4200 1269 4246 eos
1298 4185 1589 4255 increpans
1614 4186 1708 4256 qui
1740 4184 2111 4255 prohibebant

2229 2984 2419 3053 μένου,
2463 2983 2562 3054 τὴν
2610 2985 2804 3055 καινὴν
2830 2985 3009 3038 οὶκίαν
3040 2987 3055 3004 ‘
3087 2985 3546 3054 οίκοδομήσανται
3570 3002 3584 3015 ·
3610 2983 3706 3038 τοῦ
3751 2981 3807 3036 δὲ

2223 3073 2574 3145 φιλοκερδοῦς
2618 3077 2647 3129 ὁ
2682 3075 2773 3128 τὸν
2804 3075 3106 3144 ἀμπελῶνα
3137 3077 3410 3145 φυτεύσας
3435 3092 3450 3104 ⁸
3501 3076 3598 3129 τοῦ
3650 3074 3806 3145 φιλο-

2223 3168 2428 3236 σάρκου
2457 3170 2486 3220 ὁ
2521 3169 2622 3238 τὴν
2654 3169 2889 3235 γυναῖκα
2922 3166 3420 3238 μνηστευσάμενος.
3450 3168 3522 3220 Ἦ
3563 3169 3660 3221 καὶ
3683 3165 3804 3219 ἑτέ-

2223 3273 2334 3327 ρως
2356 3273 2369 3286 ο
2412 3255 2470 3308 '0
2501 3255 2719 3328 πρῶτος
2767 3256 2868 3326 μὲν
2895 3255 2990 3309 τοῦ
3021 3255 3318 3325 φιλοδόξου.
3362 3256 3420 3309 Ὀ
3453 3255 3713 3327 δεύτερος
3746 3254 3806 3308 ἃ

2219 3346 2314 3400 τοῦ
2342 3345 2702 3418 φιλαργύρου.
2745 3345 2804 3401 '0
2829 3347 3010 3417 τρίτος
3035 3347 3092 3400 δὲ
3113 3347 3207 3399 τοῦ
3236 3346 3536 3417 φιληδόνου.
3567 3347 3672 3400 Διὰ
3693 3347 3806 3400 τῶν

2219 3435 2387 3509 τριῶν
2427 3437 2484 3491 δὲ
2514 3437 2720 3490 τούτων
2771 3435 2840 3490 τά
2879 3438 3008 3508 τρία
3042 3437 3237 3505 γενικά
3281 3436 3394 3508 εἴδη
3447 3438 3550 3508 τῆς
3599 3439 3803 3501 κακίας

2217 3527 2488 3598 ἐφαίνετο.
2523 3528 2582 3582 ⁸0
2607 3530 2717 3599 γὰρ
2743 3528 2919 3592 δειλὸς
2943 3531 3056 3592 τοῖς
3081 3529 3230 3598 τρισὶ
3257 3528 3466 3592 τούτοις
3491 3529 3804 3601 ὲπιμερίζε·

2217 3636 2325 3675 ται.
2367 3620 2543 3678 sum
2570 3621 2678 3692 γὰρ
2704 3620 2904 3680 πάντες
2937 3622 2986 3674 οἱ
3017 3619 3225 3682 τούτοις
3253 3619 3588 3690 ἀνεχόμενοι,
3622 3623 3719 3674 καὶ
3739 3621 3801 3674 οὐ

2220 3713 2380 3784 μόνον
2409 3713 2658 3783 ἀδόκιμοι
2681 3712 2818 3782 πρὸς
2842 3712 3031 3782 νοητὸν
3059 3711 3313 3781 πόλεμον,
3344 3711 3481 3765 ἀλλά
3504 3712 3601 3766 καὶ
3619 3714 3803 3778 ἄλλοις

2217 3805 2380 3858 αἴτιοι
2411 3804 2640 3873 γένοιντ’
2679 3802 2746 3857 ἂν
2794 3801 2996 3866 δειλίας
3049 3802 3146 3856 καὶ⁸
3179 3801 3379 3870 φυγῆς.
3443 3801 3800 3876 Ἐπιστρέφει

2216 3896 2326 3966 γὰρ
2374 3895 2571 3958 αὐτοὺς
2618 3897 2652 3966 ἡ
2699 3893 2810 3947 τῶν
2855 3894 3164 3964 εἰρημένων
3213 3893 3402 3947 παθῶν
3445 3893 3676 3964 σχέσις,
3707 3895 3802 3949 καὶ

2216 3986 2532 4059 φθείρουσιν
2567 3985 2673 4058 ἢθη
2697 3985 2912 4056 χρηστά
2941 3984 3151 4055 ὁμιλίαι
3181 3984 3367 4038 κακαί.
3397 3985 3486 4037 Διὸ
3515 3985 3610 4039 καὶ
3643 3993 3672 4039 ο
3701 3985 3798 4053 μι-

2215 4096 2319 4148 γας
2350 4078 2561 4142 Παῦλος
2586 4077 2857 4148 ἐπιτιμῶν
2889 4082 3003 4141 τοῖς
3035 4075 3337 4130 κωλύουσιν
3366 4076 3533 4131 αὑτὸν
3561 4076 3797 4131 ἀναϐαί-

2215 4190 2328 4226 νειν
2357 4173 2436 4235 είς
2476 4171 2844 4240 Ἱεροσόλυμα,
2881 4169 3060 4238 ἔλεγεο
3100 4191 3116 4221 ι
3164 4170 3230 4223 Τί
3265 4172 3466 4224 ποιεῖτε
3514 4170 3797 4233 κλαίοντες

530 4292 601 4332 ne
636 4276 1366 4346 ascenderetjlierosolyma,
1399 4275 1617 4332 dicebat
1645 4295 1658 4330 :
1693 4296 1710 4327 ι
1741 4276 1884 4343 Quid
1907 4276 2104 4338 facitis.

2227 4262 2310 4318 καὶ
2341 4261 2770 4333 συνθρύπτοντές
2801 4277 2903 4331 μου
2955 4260 3052 4331 τὴν
3083 4259 3310 4329 καρδίαν
3335 4277 3350 4326 ;
3403 4259 3547 4328 Ἐγὼ
3591 4259 3704 4330 γὰρ
3732 4260 3794 4313 οὐ

529 4367 724 4425 ﬂentes
747 4375 804 4424 et
826 4374 1174 4422 mnterentes
1200 4382 1295 4422 cor
1322 4368 1538 4424 meum?
1562 4367 1675 4439 Ego
1710 4368 1856 4424 enim
1883 4383 1991 4424 non
2014 4385 2104 4425 so-

527 4458 645 4515 lum
673 4458 900 4522 vinciri,
944 4457 1244 4515 sedetiam
1285 4458 1424 4513 mori
1457 4473 1579 4514 sum
1613 4469 1836 4531 paratus
1869 4475 1971 4531 pro
2002 4477 2104 4516 no-

527 4549 677 4606 mine
714 4551 932 4608 Domini
962 4551 1138 4610 nostri
1159 4551 1288 4611 Jesu
1310 4550 1516 4607 Christi
1544 4553 1608 4606 “.
1644 4572 1661 4602 ›

595 4642 654 4699 Si
672 4643 798 4713 quis
817 4652 1003 4700 autem
1026 4659 1220 4704 recens
1235 4646 1519 4714 acceperit
1539 4660 1787 4708 uxorem,
1811 4662 1921 4704 non
1951 4662 2104 4719 egre-

523 4734 715 4791 dietur
726 4733 795 4792 ad
819 4734 1021 4790 bellum
1043 4755 1054 4788 :
1074 4750 1221 4791 anno
1240 4749 1350 4791 uno
1373 4734 1672 4799 obiectabit
1699 4751 1925 4794 uxorem
1950 4753 2104 4794 suam

523 4843 692 4898 quam
719 4828 951 4898 accepit.
969 4828 1090 4884 Non
1111 4837 1329 4898 oportet
1354 4828 1503 4886 enim
1525 4843 1654 4884 eum
1684 4829 1778 4898 qui
1806 4843 1981 4900 nuper
2003 4829 2104 4892 ha-

527 4917 796 4974 bitantem
824 4932 1014 4974 secum
1049 4919 1264 4988 accepit
1292 4921 1573 4984 virtutem,
1601 4918 1764 4974 educi
1794 4918 1862 4974 ad
1885 4918 2104 4981 labores

521 5016 584 5064 et
607 5009 1039 5080 persecutiones,
1063 5009 1241 5068 donec
1269 5012 1389 5078 eius
1417 5027 1602 5069 amore
1625 5010 1793 5068 fuerit
1813 5012 2100 5086 alligatus:

527 5100 636 5157 hoc
659 5103 808 5158 enim
833 5101 1001 5159 tacite
1023 5101 1352 5173 signiﬁcavit
1382 5104 1573 5166 laetitia
1598 5103 1766 5164 unius
1799 5104 1948 5159 anni.
1971 5104 2102 5162 Tale

526 5193 662 5265 quid
700 5193 951 5271 fecerunt
980 5195 1214 5265 apostoli
1238 5195 1308 5252 iis
1333 5194 1429 5267 qui
1453 5210 1648 5258 recens
1667 5211 1700 5253 a
1722 5195 1982 5267 gentibus
2008 5213 2100 5259 ve-

527 5296 728 5345 nerant
761 5273 831 5343 ad
868 5285 1151 5358 pietatem.
1173 5287 1502 5349 wsibentcs.
1541 5307 1560 5340 ι
1590 5288 1777 5354 Visum
1818 5297 1903 5353 est
1926 5289 2097 5355 enim.

530 5379 732 5449 inquit,
758 5378 990 5452 Spiritui
1014 5389 1202 5438 sancto
1229 5390 1287 5437 et
1308 5381 1471 5438 nobis
1493 5382 1705 5439 nullum
1736 5382 1972 5452 amplius
1997 5397 2096 5436 vo-

605 5560 648 5591 "
678 5561 834 5617 Deut.
868 5577 956 5628 xx,
992 5563 1012 5616 l
1056 5577 1186 5634 seqq

2219 4354 2378 4424 μόνον
2415 4351 2671 4423 δεθῆναι,
2731 4350 2868 4405 ἀλλά
2918 4353 3013 4405 καὶ
3056 4349 3346 4405 ἀποθανεῖν
3400 4351 3636 4421 ἑτοίμως
3689 4352 3797 4420 ἔχω

2215 4445 2357 4515 ὑπὲρ
2406 4444 2496 4500 τοῦ
2537 4447 2799 4516 ὀνόματος
2845 4443 2940 4499 τοῦ
2972 4445 3180 4516 Κυρίου
3231 4443 3387 4515 ἡμῶν
3429 4443 3607 4513 Ἰησοῦ
3662 4444 3792 4516 Χρι-

2215 4536 2365 4591 στοῦ.
2399 4557 2416 4588 ι

2297 4651 2424 4706 Ἐὰν
2451 4651 2510 4705 δέ
2539 4668 2624 4716 τις
2685 4649 2823 4721 λάϐη
2870 4651 3104 4718 γυναῖκα
3151 4648 3515 4718 προσφάτως.
3568 4649 3672 4702 οὐκ
3708 4646 3792 4714 ιε.

2211 4744 2494 4798 ελεύσιται
2527 4745 2606 4806 είς
2649 4741 2883 4812 πόλεμον
2909 4759 2922 4772 ο
2965 4743 3211 4799 ἐνιαυτὸν
3256 4743 3352 4798 ἕνα
3387 4743 3651 4812 εὐφρανεῖ
3696 4740 3788 4812 τὴν

2213 4838 2447 4906 γυναῖκα
2473 4834 2665 4902 αὑτοῦ,
2691 4835 2754 4906 ἣν
2782 4834 2994 4889 Ελαὸεν.
3022 4835 3098 4903 Οὐ
3124 4833 3233 4905 χρὴ
3255 4832 3363 4904 γάρ
3387 4833 3479 4887 τὸν
3509 4834 3633 4904 ἀρτι
3666 4832 3787 4887 σύν-

2211 4942 2366 4980 οικον
2435 4924 2619 4999 ἀσυτῷ
2660 4923 2896 4980 λαϐόντα
2941 4925 3043 4997 τὴν
3085 4923 3287 4996 ἀρετὴν
3341 4927 3422 4990 είς
3466 4923 3664 4988 πόνους
3698 4924 3786 4978 καὶ

2209 5015 2854 5087 διωγμοῦς⁴ιξάγεσθαι,,
2875 5015 3069 5089 μάχρις
3101 5016 3170 5070 ἀν
3200 5015 3645 5087 καταδισμηθείη
3673 5017 3785 5079 ταῖς

2210 5108 2614 5181 φιλοστοργίας
2646 5108 2820 5178 αὐτῆς
2841 5124 2855 5141 ·
2892 5108 3053 5163 τοῦτο
3079 5106 3188 5178 γὰρ
3217 5108 3252 5178 ἡ
3277 5106 3554 5172 ἐνιαύσιος
3589 5105 3782 5175 ὑπεδή-

2209 5199 2381 5258 λωσεν
2399 5199 2730 5272 εὐφροσύνη.
2758 5198 3012 5256 Τοιοῦτόν
3034 5217 3088 5256 τι
3105 5200 3418 5271 πεπράκασι
3451 5200 3548 5253 καὶ
3573 5201 3622 5253 ot
3649 5197 3781 5251 ἀπό,

2212 5291 2388 5350 στολοι
2415 5295 2529 5357 τοῖς
2560 5293 2620 5361 ἐξ
2648 5291 2819 5352 δθνῶν
2843 5292 2971 5365 ἄρτι
3000 5294 3138 5366 πρὸς
3160 5289 3260 5363 τὴν
3285 5288 3572 5345 εὐσέϐειαν
3598 5284 3777 5344 ιλθοῦο

2210 5399 2293 5436 σιν
2319 5383 2742 5446 ἐπιστέλλοντες.
2766 5383 2984 5448 «Ἔδοξε
3000 5383 3129 5453 γὰρ,
3160 5382 3315 5453 φησὶ,
3343 5381 3421 5452 τῷ
3451 5382 3594 5450 ἀγίῳ
3616 5378 3777 5433 Ilvati-

1285 5565 1320 5594 "
1363 5563 1469 5635 Sap
1517 5581 1572 5631 ιι,
1598 5567 1663 5631 6;
1701 5565 1872 5622 lCor.
1898 5584 1986 5632 xv,
2018 5565 2105 5623 3'5.
2188 5571 2228 5602 "
2261 5569 2380 5625 Act.
2415 5582 2525 5632 ut,
2553 5566 2638 5621 i3.

3983 567 3996 636 ἱ

3985 643 3996 698 Ι

3992 737 4007 866 i
