4098 6344
305 352 462 415 ηις

1691 352 2223 410 COLLECTANEA.

3468 348 3604 409 12w

323 472 699 545 βαπτίσματος
741 470 1055 542 ἐλευθερίαν
1081 470 1192 524 τῶν
1235 471 1331 525 ἐπὶ
1362 470 1474 533 τοῖς
1506 466 1903 537 πεπλημμελη-

2013 465 2194 535 ipsum
2236 480 2339 535 per
2386 472 2642 520 sanctum
2695 464 3075 535 baptismum,
3120 474 3182 520 ut
3222 464 3532 519 liberentur
3571 478 3603 517 a

324 562 507 633 μένοις
554 561 852 617 κολάσεων.
899 561 1054 616 Ἐπεὶ
1088 561 1200 632 7&9
1241 558 1638 631 ενηνθρὼπησε
1675 558 1775 629 μὲν
1813 558 1908 611 τὸν

322 654 572 723 πέμπτον
603 649 816 722 καιρὸν,
847 652 922 715 ὡς
951 655 1008 705 ὲν
1036 655 1102 723 τῇ
1142 652 1273 723 περὶ
1304 649 1400 705 τοῦ
1424 649 1618 720 Πάσχα
1642 648 1909 719 λεπτομε-

326 746 411 815 ρεῖ
441 744 646 815 θεωρίᾳ
668 784 683 806 ,
716 745 775 797 ἐν
802 747 867 815 τῇ
917 744 1085 815 βίϐλῳ
1126 744 1221 797 τοῦ
1274 740 1561 796 Λευῖτικοῦ
1600 739 1910 811 προδιείληο

322 854 454 892 πται
481 853 494 869 ·
520 836 718 907 ἀνέστη
757 836 901 892 κατά
928 835 1024 906 τὴν
1048 844 1096 909 η’
1130 835 1364 907 ἡμέραν.
1394 833 1550 888 Μετά
1569 832 1679 903 7&9
1704 831 1803 903 τὴν
1839 830 1906 897 ζ’,

321 928 438 997 ἦτοι
468 925 529 979 τὸ
561 925 852 989 σάϐϐατον,
904 934 953 997 η’
1001 927 1218 990 πάντως
1262 928 1297 996 ἡ
1352 923 1471 995 μετ’
1520 923 1738 991 εκείνην
1790 924 1907 975 Κυ-

326 1018 488 1089 ριακή
510 1034 524 1046 ·
560 1017 823 1081 πεντάκις
858 1018 1003 1072 ὀκτὼ
1030 1017 1324 1087 μετρήσεις
1349 1055 1365 1080 ,
1396 1014 1490 1069 καὶ
1528 1014 1784 1084 εὑρήσεις
1814 1013 1907 1065 τὸν

319 1108 750 1179 τεσσαράκοντα,
799 1108 858 1163 ὃν
912 1110 1011 1179 οὐχ
1057 1107 1477 1179 ὑπερϐαίνουσιν
1527 1103 1584 1157 αἱ
1643 1103 1906 1174 μάστιγες

320 1200 431 1255 τῶν
480 1202 915 1275 ἁμαρτημάτων.
957 1220 977 1253 ι
1031 1200 1184 1283 Είιδ’
1230 1197 1669 1270 ὑπερδήσονται,
1715 1194 1905 1266 φησιν,

321 1293 699 1363 ἀσχημονήσει
744 1294 774 1346 6
816 1286 1233 1363 μαστιζόμενος.
1268 1307 1289 1342 ι
1336 1289 1630 1359 ’Ᾱσχήμων
1678 1286 1789 1356 γὰρ
1821 1284 1909 1339 6v-

320 1399 430 1447 τως
468 1384 564 1437 καὶ
592 1384 787 1454 ἄτιμος
816 1385 846 1437 6
894 1382 1295 1454 μαστιζόμενος
1341 1379 1423 1435 ἔτι
1444 1397 1457 1411 ’
1492 1378 1638 1448 λέγω
1666 1378 1731 1446 δὴ
1766 1374 1909 1448 μετὰ

271 1457 278 1469 ’
322 1474 420 1546 τὴν
453 1476 615 1546 χάριν
660 1476 760 1547 τῆς
788 1474 1087 1547 εἰρημένης
1127 1474 1394 1543 ἀφέσεως.
1452 1473 1523 1525 Ἢ
1568 1470 1679 1542 γὰρ
1714 1468 1792 1533 ὡς
1830 1469 1906 1540 μὴ

322 1570 619 1633 πιστεύσας
653 1566 973 1641 μαστίζεται
993 1606 1010 1632 ,
1034 1566 1068 1638 ἢ
1099 1566 1175 1631 ὡς
1208 1563 1347 1637 μετά
1371 1563 1471 1636 τὴν
1500 1562 1697 1631 ἄφεσιν
1725 1560 1909 1630 ἁμαρ-

322 1660 514 1732 τήσας.

324 1772 408 1826 οὐ
437 1767 845 1839 καταστήσεις
874 1767 972 1822 ἐπὶ
1019 1763 1257 1831 σεαυτῷ
1279 1764 1545 1836 ἄρχοντα
1581 1761 1904 1831 ἄνθρωπον

936 1839 1276 1907 ἀλλότριον.

392 1953 493 2015 Διά
528 1952 624 2008 τοῦ
657 1950 941 2024 ἀλλοτρίου
969 1947 1282 2022 ἀνθρώπου,
1307 1947 1400 2001 τὸν
1425 1945 1673 2003 διάϐολον
1700 1945 1905 2017 ὑποδη-

318 2039 420 2095 λοῖ·
470 2042 530 2101 ὃν
568 2040 903 2112 παρανόμως
934 2038 1265 2093 καθιστῶσιν
1293 2038 1508 2100 ἑαυτοῖς
1536 2036 1808 2107 ἄρχοντα,
1855 2037 1904 2090 οἱ

319 2130 740 2205 πειθαρχοῦντες
771 2130 1017 2202 ἀνοήτως
1043 2131 1163 2191 ταῖς
1185 2128 1453 2197 πονηραῖς
1477 2125 1645 2181 αὖτοῦ
1678 2126 1907 2197 εἰδηγή-

319 2241 471 2280 σεσιν
494 2241 509 2256 ·
540 2242 560 2276 ε
604 2222 745 2278 Ἀλλ’
786 2224 851 2277 ὲκ
880 2222 987 2277 τῶν
1026 2219 1274 2289 ἀδελφῶν
1300 2235 1428 2285 σου,
1473 2218 1661 2290 φησὶν,
1709 2217 1903 2290 ὲκλὲξῃ

319 2315 535 2385 σεαυτῷ
557 2315 852 2386 ἄρχοντα.»
883 2306 1053 2376 Οὗτος
1076 2312 1132 2366 δὲ
1160 2315 1310 2365 ἐστιν
1337 2309 1366 2363 6
1394 2310 1653 2381 Χριστὸς,
1675 2309 1906 2379 ἁδελφὸς

317 2406 494 2479 ἡμῶν,
517 2408 663 2461 κατά
686 2406 786 2479 τὴν
807 2404 1224 2475 ἀνανθρώπησιν
1246 2400 1560 2471 γενόμενος,
1593 2403 1690 2455 καὶ
1718 2402 1904 2472 ἄρχων

313 2496 425 2551 τῶν
445 2496 784 2568 πειθομένων
809 2498 929 2559 ταῖς
957 2494 1199 2559 ἐντολαῖς
1225 2494 1408 2551 αὑτοῦ.
1436 2480 1482 2519 ⁸

314 2633 584 2700 Νόμιμον
602 2626 681 2700 ἦν
709 2631 852 2696 τοὺς
878 2630 1185 2695 ἀκουσίως
1206 2629 1629 2699 φονεύσαντας
1646 2630 1734 2692 είς
1761 2627 1906 2700 τοὺς

386 2699 634 2766 τόπους-⁷
668 2700 788 2752 τῶν
850 2702 1211 2768 όρισθέντων
1250 2700 1747 2769 φυγαδευτηρίωίν
1788 2699 1901 2769 ἀειτ

385 2773 636 2841 dri-200w
678 2770 777 2824 καὶ
829 2767 1278 2840 φυλάττεσθαι,
1326 2767 1437 2825 τοῦ
1478 2768 1799 2839 ἀρχιερέως
1837 2767 1906 2821 δὲ

387 2842 872 2908 τελευτήσαντος
902 2842 1302 2896 ἀπολύεσθαι.
1381 2861 1387 2871 -

386 2953 512 3012 Εἶεν
539 2956 584 3009 δ’
630 2955 697 3010 ἂν
725 2954 960 3009 τοιοῦτοι
992 2958 1173 3023 φονεῖς
1209 2956 1264 3010 αί
1309 2955 1483 3025 ψυχαὶ.
1522 2955 1633 3008 τῶν
1669 2953 1773 3025 πρὸ
1806 2955 1905 3024 τῆς

310 3050 790 3121 ενανθρωπήσεως
835 3047 930 3102 τοῦ
982 3048 1222 3120 Χριστοῦ
1272 3046 1759 3117 τετελευτηκότων,
1808 3063 1904 3114 φο-

1935 1810 1983 1870 Β

2012 553 2306 625 suppliciis
2340 570 2464 625 quae
2508 554 2858 610 debebantur
2910 563 3141 625 propter
3187 552 3410 609 delicta.
3460 552 3601 608 Nam

2009 646 2272 717 quoniam
2311 647 2368 701 in
2406 646 2603 717 quinto
2640 655 2890 714 tempore
2918 634 3101 703 factus
3117 654 3203 703 est
3228 645 3419 710 homo,
3456 645 3600 700 utin

2010 736 2203 793 subtili
2225 737 2293 793 de
2318 738 2583 793 Paschate
2607 739 3075 808 contemplatione
3099 738 3257 809 prius
3280 746 3369 793 est
3399 745 3605 793 tracta-

2011 837 2129 884 tum
2172 829 2226 883 in
2263 830 2410 884 libro
2443 829 2677 884 chitici
2706 847 2719 883 :
2746 830 2988 884 surrexit
3017 840 3205 885 autem
3246 828 3336 884 die
3380 836 3598 882 octavo.

2008 922 2145 976 Nam
2173 932 2298 993 post
2322 922 2620 992 septimum
2644 937 2741 978 seu
2770 921 3095 986 Sabbatum,
3121 930 3352 975 octavus
3374 916 3605 973 omnino

2007 1016 2103 1086 qui
2129 1025 2215 1070 est
2262 1025 2389 1086 post
2430 1015 2607 1080 illum,
2644 1023 2730 1070 est
2763 1014 3107 1078 Dominicus,
3134 1010 3436 1084 quinquies
3473 1016 3602 1065 octo

2008 1108 2290 1174 metieris,
2339 1117 2398 1164 et
2444 1108 2693 1163 invenies
2727 1106 3118 1179 quadraginta,
3164 1120 3329 1175 quem
3372 1102 3599 1175 quidem

2006 1215 2305 1256 numerum
2336 1215 2446 1255 non
2466 1199 2742 1256 excedunt
2763 1200 2975 1271 ﬂagella
3006 1207 3387 1271 peccatorum.
3431 1215 3451 1249 ι
3495 1196 3598 1255 Sin

2008 1299 2214 1357 autem,
2257 1291 2461 1362 inquit,
2504 1292 2796 1356 excedant,
2838 1290 3020 1362 turpis
3053 1296 3112 1346 et
3156 1288 3454 1351 indecorus
3489 1285 3600 1341 erit

2008 1384 2105 1455 qui
2140 1383 2447 1455 flagelhtur
2466 1384 2532 1437 ’⁸.
2565 1405 2582 1435 ι
2613 1384 2712 1440 Est
2752 1385 2904 1439 enim
2935 1400 3131 1439 revera
3158 1381 3339 1452 turpis
3365 1390 3423 1443 ει
3459 1378 3601 1442 infa-

2007 1475 2115 1530 mis
2151 1476 2248 1546 qui
2285 1475 2525 1546 amplius
2550 1475 2901 1547 ‘ﬂagellatur:
2941 1474 3069 1531 dico
3101 1482 3286 1529 autem
3330 1478 3603 1544 pOStgra-

2008 1569 2140 1624 tiam
2165 1568 2327 1625 dictae
2364 1568 2731 1625 remissionis.
2759 1568 3093 1641 Flagellatur
3116 1568 3265 1631 enim
3298 1573 3395 1627 aut
3418 1572 3480 1620 ut
3504 1564 3601 1635 qui

2006 1677 2119 1717 non
2134 1660 2568 1727 crediderit,aut
2587 1670 2649 1715 ut
2663 1660 2758 1731 qui
2776 1661 3020 1731 peccarit
3041 1667 3169 1731 post
3187 1658 3597 1721 remissionem.

2082 1773 2454 1846 Alienigenam
2494 1791 2599 1829 non
2638 1790 2747 1829 esse
2786 1773 3088 1845 eligendum
3132 1774 3423 1846 principem
3459 1772 3526 1825 ".

2073 1948 2179 2004 Per
2203 1948 2443 2004 alienum
2472 1947 2775 2015 hominem,
2801 1947 3085 2007 diabolum
3114 1947 3281 2002 tacite
3306 1946 3615 2031 signiﬁcat.)

2006 2057 2171 2112 quem
2201 2041 2389 2113 inique
2416 2041 2523 2096 sibi
2573 2041 2881 2111 principem
2929 2040 3279 2097 constituunt
3315 2038 3409 2110 qui
3434 2038 3603 2094 stulte

2006 2144 2202 2205 parent
2227 2134 2496 2205 improbis
2517 2135 2638 2204 ejus
2664 2133 3111 2204 suggestionibus
3131 2152 3175 2187 ιι
3202 2131 3309 2188 Sed
3322 2148 3389 2191 ex
3414 2130 3601 2188 fratri-

2005 2227 2112 2284 bus
2142 2227 2272 2294 luis,
2305 2227 2504 2297 inquit,
2526 2227 2696 2298 eliges
2720 2216 3169 2297 tibi'principem.
3198 2245 3215 2277 ›
3236 2226 3289 2280 Is
3311 2234 3494 2280 autem
3516 2231 3605 2278 est

2004 2319 2281 2384 Christus,
2310 2321 2402 2391 qui
2428 2319 2600 2374 frater
2632 2318 2857 2389 quidem
2890 2331 3082 2375 noster
3113 2318 3291 2374 factus
3314 2328 3399 2374 est
3423 2334 3603 2391 quan-

2007 2422 2123 2467 tum
2150 2413 2349 2467 attinet
2370 2412 2436 2467 ad
2462 2412 2887 2479 humanitatem,
2916 2421 2973 2467 et
2996 2412 3257 2483 princeps
3283 2426 3478 2467 eorum
3505 2412 3602 2483 qui

2006 2511 2202 2572 parent
2226 2503 2349 2573 ejus
2383 2500 2677 2556 mandatis.

1996 2639 2141 2711 Lege
2171 2640 2433 2711 sancitum
2464 2647 2605 2711 erat,
2649 2652 2705 2711 ut
2748 2639 2837 2711 qui
2876 2637 3238 2711 'involuntarie
3270 2638 3462 2711 eadem
3506 2655 3605 2708 pa-

2073 2708 2323 2771 trassent,
2362 2710 2419 2762 in
2461 2709 2578 2763 loca
2618 2708 2807 2780 refugit"
2850 2710 3160 2779 prescripta
3192 2725 3247 2762 se
3289 2710 3601 2780 reciperent.

2075 2726 2323 2771 trassent,
2362 2726 2419 2762 ιη
2461 2726 2578 2763 toea
2618 2726 2807 2780 rejugu
2850 2726 3160 2779 prmmpta
3192 2726 3247 2762 se
3289 2726 3391 2762 rea
3431 2726 3601 2772 erant.

2075 2781 2248 2849 ibique
2289 2788 2401 2836 tuto
2443 2779 2715 2851 degerent,
2753 2789 2961 2835 mortuo
3003 2788 3184 2834 autem
3221 2726 3487 2850 pontifice,
3518 2779 3605 2833 di-

2062 2852 2437 2904 'mitterentur.

2076 2960 2361 3033 Ejusmodi
2387 2969 2572 3016 autem
2597 2961 2874 3017 occisorcs
2907 2954 3037 3017 sunt
3062 2964 3259 3018 animae
3285 2978 3479 3019 eorum
3505 2962 3602 3035 qui

2006 3053 2367 3111 decesserunt
2388 3062 2515 3109 ante
2542 3061 2853 3123 susceptam
2875 3068 2906 3106 a
2931 3052 3154 3108 Christo
3176 3054 3601 3121 humanitatem,

317 3142 577 3198 νεύσασαι
613 3140 712 3212 μὲν
734 3140 931 3202 ἑαυτὰς
957 3138 1043 3192 διὰ
1064 3137 1161 3201 τὰς
1190 3138 1486 3209 ἁμαρτίας
1519 3138 1793 3200 ἀκουσίως
1820 3137 1901 3201 δὲ,

2007 3162 2129 3216 quae
2158 3160 2217 3201 se
2248 3144 2474 3216 quidem
2504 3143 2829 3201 occiderunt
2874 3156 3102 3215 propter
3141 3154 3397 3217 peccata;
3442 3145 3603 3202 invo—

316 3237 393 3303 ὡς
430 3236 561 3309 παρ’
592 3234 763 3305 αὐτῆς
808 3232 1192 3296 ἐκϐιασθείσας
1218 3235 1296 3295 εἰς
1326 3230 1507 3287 τοῦτο.
1538 3231 1605 3285 A2
1633 3231 1736 3299 τῆς
1769 3230 1905 3296 ἰδίας

314 3332 419 3401 γῆς
444 3328 777 3401 διωχθεῖσαι,
813 3328 909 3381 καὶ
938 3328 1018 3391 είς
1045 3325 1138 3380 τὸν
1168 3325 1304 3397 ᾅδην
1340 3323 1697 3395 ἀπαχθεῖσαι,
1727 3324 1905 3378 καθά-

316 3433 423 3494 περ
450 3426 530 3487 εἰς
560 3421 1010 3493 φυγαδευτήριον,
1052 3418 1311 3487 ἀσφαλῶς
1342 3418 1678 3488 κατείχοντο.
1711 3418 1818 3472 Τοῦ
1850 3418 1907 3472 δὲ

320 3516 559 3585 μεγάλου
602 3515 904 3586 ἀρχιερέως
972 3511 1149 3582 Ἰησοῦ
1198 3509 1437 3582 Χριστοῦ
1501 3510 1903 3575 ἀποθανόντος,

316 3606 622 3677 ἀφείθησαν
652 3606 716 3658 ὲκ
742 3604 842 3675 τῆς
878 3601 1018 3657 κατὰ
1049 3601 1141 3655 τὸν
1174 3600 1307 3672 ᾅδην
1338 3600 1584 3671 εἱρκτῆς.

389 3697 577 3751 ὀταν
603 3695 927 3762 εἰσέλθητε
942 3697 1029 3760 εις
1058 3692 1175 3761 τὴν
1205 3691 1322 3763 γῆν
1348 3690 1429 3760 ἦν
1459 3686 1677 3760 Κύριος
1705 3694 1738 3745 ό
1762 3693 1907 3759 Θεὸς

316 3790 568 3845 δίδωσιν
618 3787 781 3858 ὑμῖν,
836 3789 935 3841 καὶ
987 3787 1483 3857 καταφυτεύσητε
1534 3781 1662 3840 πᾶν
1710 3784 1907 3849 ξύλον

312 3883 641 3951 βρώσιμον,
671 3877 1136 3949 περικαθαριεῖτε
1156 3877 1269 3945 τὴν
1290 3875 1670 3945 ἀκαθαρσίαν
1693 3872 1892 3929 αὐτοῦ.

316 3979 351 4030 ὀ
378 3973 445 4028 δὲ
483 3972 716 4041 καρπὸς
767 3971 953 4026 αὐτοῦ
1004 3971 1139 4039 τρία
1173 3969 1277 4036 ἐτη
1329 3968 1505 4024 ἔσται
1530 3965 1676 4037 ὖμῖγ
1703 3968 1906 4035 ἀπερι-

316 4067 629 4136 κάθαρτος.
679 4066 761 4120 Οὐ
807 4065 1185 4133 ,ϐρωθ-ήσεται
1210 4103 1225 4128 ,
1266 4061 1369 4116 καί
1414 4060 1495 4127 τῷ
1527 4060 1646 4145 erat
1686 4058 1768 4125 τῷ
1813 4076 1905 4112 τε·

315 4158 505 4227 τάρτφ
523 4159 695 4213 ἔσται
711 4154 833 4223 πᾶς
861 4160 893 4210 ὁ
920 4157 1149 4227 καρπὸς
1166 4154 1354 4210 αὑτοῦ
1388 4153 1554 4224 ἅγιος
1579 4152 1663 4218 τῷ
1684 4152 1899 4220 Κυρίῳ.

329 4251 427 4304 ἐν
474 4249 544 4303 δὲ
583 4249 666 4316 τῷ
715 4250 964 4319 πέμπτῳ
1008 4250 1125 4304 ἔτει
1144 4289 1159 4315 ,
1208 4246 1475 4318 φάγεσθε
1511 4245 1620 4300 τὸν
1667 4243 1905 4312 καρπὸν

312 4340 522 4397 αὐτοῦ.

397 4431 457 4485 '0
495 4429 679 4503 παράδ
709 4447 825 4495 ισος
858 4428 956 4501 μὶν
994 4431 1027 4501 ὴ
1059 4428 1330 4499 Μωσαῖκὴ
1372 4426 1683 4500 συγγραφὴ,
1722 4425 1893 4480 καθά-

2010 3237 2249 3293 luntarie
2274 3245 2483 3301 autem,
2514 3244 2577 3290 ut
2600 3251 2721 3306 quae
2748 3237 2802 3290 vi
2832 3237 2901 3291 ab
2926 3238 3047 3307 ipso
3067 3249 3197 3294 sunt
3218 3246 3443 3295 coactae.
3471 3236 3606 3305 Quae

2009 3329 2254 3399 quidem,
2288 3345 2358 3384 ex
2381 3337 2529 3384 terra
2551 3344 2648 3383 sua
2674 3328 2914 3397 expulsae
2937 3337 2994 3383 et
3018 3328 3083 3383 ad
3116 3328 3322 3384 inferos
3352 3328 3605 3384 abducta

2008 3429 2268 3490 tanquam
2313 3420 2371 3474 in
2409 3420 2594 3474 locum
2624 3419 2817 3485 exsilio
2849 3419 3205 3483 destinatum,
3241 3426 3359 3474 tuto
3382 3419 3601 3475 detine-

2008 3511 2232 3566 bantur.
2256 3512 2450 3583 Maguo
2469 3519 2655 3567 autem
2681 3509 2941 3582 pontifice
2961 3510 3090 3566 Jesu
3112 3508 3334 3566 Christo
3359 3519 3599 3576 mortuo,

2008 3604 2221 3659 emissae
2244 3612 2374 3658 sunt
2396 3620 2463 3658 ex
2489 3591 2711 3659 carcere
2738 3602 3039 3658 inferorum

2081 3697 2307 3763 Quando
2337 3698 2559 3769 ingressi
2594 3698 2797 3768 fueritis
2831 3699 2885 3750 in
2920 3704 3119 3750 terram
3151 3712 3313 3766 quam
3343 3695 3601 3750 Dominus

2014 3790 2149 3845 Deus
2174 3791 2267 3845 dat
2288 3791 2450 3852 vobis.
2479 3799 2529 3843 et
2559 3789 3108 3860 plantaveritismmne
3133 3786 3336 3859 lignum
3363 3785 3603 3841 esculen-

2007 3893 2141 3948 tum,
2184 3883 2544 3953 expurgabitis
2582 3884 2695 3952 ejus
2724 3883 3139 3944 immunditiam.
3170 3884 3375 3953 fructus
3415 3891 3596 3938 autem

2006 3975 2120 4045 ejus
2145 3982 2249 4028 tres
2274 3990 2442 4028 annos
2466 3974 2607 4028 vobis
2624 3975 2721 4028 erit
2738 3973 3073 4041 immundus;
3118 3991 3223 4029 non
3272 3975 3591 4040 comedetur,

2006 4078 2056 4123 et
2093 4083 2235 4121 anno
2274 4075 2467 4137 quarto
2505 4068 2603 4119 erit
2642 4066 2809 4120 omnis
2853 4066 3053 4135 fructus
3081 4067 3193 4137 ejus
3234 4076 3446 4122 sanctus
3483 4067 3597 4124 Do-

2008 4163 2170 4216 mino.
2230 4159 2296 4215 In
2346 4177 2490 4214 anno
2536 4169 2713 4213 autem
2753 4160 2935 4230 quinto
2982 4161 3257 4215 comedetis
3313 4163 3427 4233 ejus
3480 4163 3595 4231 fru-

2005 4262 2147 4307 ctum
2178 4252 2246 4306 ³⁷.

2072 4428 2370 4486 Paradisus
2390 4428 2613 4499 Quidcm
2629 4444 2725 4484 seu
2743 4428 2936 4484 hortus
2947 4436 3033 4484 est
3044 4427 3319 4499 scriptura
3336 4429 3592 4496 Mosaica,

315 4540 423 4595 περ
487 4522 602 4576 τισὶ
658 4522 848 4592 φυτοῖς
894 4518 1198 4574 πολυειδέσι
1250 4518 1346 4573 καὶ
1385 4518 1610 4589 ὡραίοις
1656 4516 1899 4588 βρύουσα

2005 4531 2266 4594 tanquam
2299 4520 2701 4594 multiplicibus
2728 4531 2788 4578 et
2813 4522 3062 4593 pulchris
3085 4522 3309 4593 plantis,
3336 4522 3596 4593 pulcher-

313 4616 429 4676 τοῖς
463 4612 772 4676 καλλίστοις
790 4610 889 4665 καλ⁵
909 4609 1175 4674 ποικίλοις
1207 4607 1636 4681 νομοθετήμασι.
1670 4607 1899 4663 Κελεύει

310 4701 372 4758 δὲ
402 4705 431 4758 6
462 4702 596 4765 Θεὸς
644 4702 918 4776 περιελεῖν
945 4700 1044 4773 τὴν
1076 4701 1309 4754 ἑκάστου
1339 4700 1506 4771 φυτοῦ
1531 4698 1895 4773 ἀκαθαρσίαν

314 4796 459 4852 τοῦτ’
497 4795 635 4862 ἔστι,
681 4796 743 4850 τδ
769 4796 1002 4850 ἑκάστου
1030 4795 1198 4864 νόμου
1232 4792 1545 4865 σωματικόν
1581 4810 1642 4847 τε
1680 4794 1775 4848 καὶ
1814 4794 1899 4845 αί-

315 4888 533 4960 σθητόν.
598 4887 933 4957 ’Δκαθαρσία
984 4885 1093 4958 7&9
1142 4885 1301 4939 τοῦτο
1345 4887 1460 4950 τοῖς
1504 4886 1898 4955 πνευματικοῖς

313 4981 665 5052 φυτοκόμοις,
692 4980 769 5045 ὡς
796 4979 1069 5051 ἄχρηστόν
1092 4996 1150 5032 τε
1174 4980 1268 5032 καὶ
1293 4977 1577 5051 βλαϐερόν.
1602 4978 1745 5051 Πρὸς
1774 4977 1899 5031 τοῦ·

309 5087 438 5134 τους
466 5071 577 5141 7&9
622 5071 651 5124 6
677 5070 855 5138 λόγος.
890 5069 1031 5139 Τρία
1076 5069 1176 5139 μὲν
1209 5063 1302 5123 οὖν
1333 5068 1429 5139 ἔτη
1448 5111 1464 5134 ,
1492 5069 1616 5123 καθ’
1644 5068 1737 5133 οὓς
1763 5064 1833 5141 ἦν
1868 5069 1898 5123 6

312 5165 521 5239 καρπὸς
555 5166 665 5219 τῶν
693 5164 876 5235 φυτῶν
905 5164 1367 5237 ἀπερικάθαρτος,
1395 5165 1446 5218 οί
1488 5166 1640 5236 τρεῖς
1674 5164 1893 5235 καιροί·

310 5258 341 5309 ὁ
366 5256 507 5310 κατά
537 5256 808 5319 Μωσέα,ὁ
835 5255 978 5311 κατά
1004 5256 1097 5309 τὸν
1128 5255 1337 5327 Ἰησοῦν
1359 5254 1457 5309 τοῦ
1488 5255 1667 5327 Ναυῆ,
1701 5260 1729 5310 6
1753 5255 1898 5310 κατά

309 5350 439 5412 τοὺς
467 5349 679 5419 κριτὰς,
713 5347 837 5404 καθ’
865 5347 960 5413 οὓς
984 5343 1053 5419 ἦν
1075 5348 1105 5401 6
1132 5346 1345 5419 καρπὸς
1365 5347 1478 5402 τῶν
1499 5347 1684 5420 νόμων
1717 5348 1898 5420 ἀσυμο

311 5444 509 5515 φανήςρ
532 5444 652 5515 ἦτοι
676 5444 738 5498 τὸ
755 5443 1139 5515 κεκρυμμένον
1168 5443 1353 5511 αὐτοῦ,
1378 5445 1475 5500 καὶ
1504 5445 1891 5517 πνευματικῶς

310 5535 619 5606 νοούμενον,
650 5535 730 5607 τῷ
759 5538 922 5608 πάχει
945 5535 1047 5607 τῆς
1089 5535 1332 5609 ἱστορίας
1368 5538 1465 5592 καὶ
1521 5540 1587 5610 τῇ
1624 5540 1755 5610 σκιᾷ
1791 5555 1893 5592 κα-

311 5625 667 5696 λυπτόμενον.
708 5629 981 5701 Τέταρτον
1005 5628 1062 5683 δὲ
1098 5627 1218 5691 ἔτος
1245 5628 1277 5682 6
1307 5628 1501 5701 καιρὸς
1530 5629 1641 5685 τῶν
1670 5646 1888 5702 προφη-

382 5812 427 5847 ⁸⁸
453 5811 589 5868 Ibid.
663 5812 707 5845 "
731 5812 887 5869 Deut.
918 5828 1045 5878 xm,
1075 5812 1162 5882 i5.
1237 5815 1308 5848 ’ν
1343 5812 1507 5897 Num.
1541 5826 1703 5877 xxxv,
1729 5811 1920 5869 22-25.

2002 4616 2162 4671 rimis
2186 4623 2245 4670 et
2268 4614 2438 4671 variis
2470 4623 2688 4671 scatens
2711 4614 2895 4686 legum
2922 4614 3183 4671 decretis.
3212 4615 3381 4672 Jubet
3408 4624 3592 4674 autem

2000 4709 2148 4764 Deus
2186 4708 2621 4779 uniuscujusque
2658 4706 2861 4778 plantae
2908 4705 3316 4762 immunditiam
3350 4707 3590 4775 auferre,

1999 4800 2107 4855 hoc
2127 4808 2235 4863 est,
2260 4799 2694 4871 uniuscujusque
2718 4798 2854 4870 legis
2877 4798 2931 4853 id
2952 4798 3101 4869 quod
3120 4807 3206 4856 est
3227 4802 3516 4870 corporale
3534 4811 3592 4859 ει

1996 4891 2295 4957 sensibile;
2343 4892 2448 4946 hoc
2486 4890 2635 4945 enim
2679 4899 2765 4945 est
2808 4890 3161 4947 immunditia
3208 4893 3593 4963 spiritualibus

1997 4983 2427 5055 plantatoribus,
2458 4992 2521 5040 ut
2542 4983 2690 5055 quod
2716 4984 2789 5040 sit
2811 4984 3007 5040 inutile
3029 4995 3085 5041 et
3111 4986 3357 5045 noxium.
3384 4985 3466 5041 Ad
3494 5003 3593 5044 eos

1994 5077 2141 5133 enim
2166 5076 2426 5149 dirigitur
2457 5077 2653 5133 oratio.
2689 5076 2869 5149 Atque
2899 5087 3013 5135 tres
3037 5079 3263 5150 quidem
3302 5081 3431 5136 anni
3460 5082 3591 5152 qui-

1994 5169 2101 5225 btts
2125 5167 2678 5240 plantarum-fructus
2701 5178 2824 5225 erat
2862 5172 3202 5237 immundus,
3230 5172 3336 5227 tria
3361 5172 3591 5229 fuerunt

1994 5270 2243 5333 tempora
2276 5279 2288 5315 :
2316 5276 2442 5316 nam
2474 5269 2690 5333 tempus
2715 5261 2937 5333 Moysis,
2983 5272 3201 5335 tempus
3239 5263 3371 5323 Iesu
3407 5264 3587 5329 Nave,

1996 5362 2214 5425 tempus
2236 5354 2508 5425 iudicum.
2531 5353 2747 5422 Quibus
2768 5355 2951 5427 legum
2977 5356 3204 5426 quidem
3232 5357 3447 5414 fructus
3475 5374 3586 5414 non

1996 5453 2127 5502 erat-
2151 5446 2507 5516 conspicuus,
2536 5461 2738 5517 nempe
2760 5446 2819 5501 id
2839 5447 2988 5517 quod
3028 5456 3115 5504 est
3154 5450 3276 5520 ejus
3306 5450 3584 5505 occultum

1995 5547 2052 5594 et
2078 5537 2405 5609 intelligitur
2444 5537 2827 5610 spiritualiter,
2859 5550 3114 5612 opertum
3148 5541 3396 5599 historia:
3430 5557 3585 5598 cras-

1996 5630 2124 5688 sitie
2155 5640 2210 5687 et
2251 5631 2467 5686 umbra.
2514 5629 2757 5699 Quartus
2799 5644 2982 5690 autem
3016 5651 3196 5692 annus
3242 5642 3328 5692 est
3366 5644 3584 5705 tempus

1999 5814 2040 5847 ²’
2076 5814 2248 5871 Ῑιενίι.
2278 5832 2385 5881 xix,
2408 5815 2598 5874 22-35.
