4098 6344
543 150 674 204 ιειτ

1731 142 1786 198 S.
1823 142 2094 198 CYRlLLI
2136 142 2222 195 ET
2249 143 2569 250 -Ai;lURL'--.\l

3696 139 3831 194 ιω

539 261 950 332 prophetarum,
994 274 1104 330 quo
1131 260 1224 329 qui
1271 268 1522 312 ostensus
1565 257 1775 312 fructus
1815 257 1989 311 factus
2020 265 2092 312 esI

2205 257 2332 320 τῶν,
2369 257 2489 309 καθ’
2518 258 2576 310 ὃν
2597 260 2624 310 6
2649 257 2905 328 δηλωθιὶς
2936 261 3146 328 καρπὶις
3178 273 3329 326 anno;
3356 257 3578 325 γέγονε
3609 256 3695 325 τῷ
3711 259 3829 310 Κυ-

537 362 758 410 sanctus
783 353 1032 414 Domino,
1066 352 1132 406 de
1160 360 1358 405 caetero
1380 349 1446 404 ad
1473 348 1752 404 Christum
1777 351 1981 406 relatus
2008 367 2102 420 per

540 446 910 500 testimonium
958 444 1363 514 prophetarum.
1394 441 1628 508 Quintus
1664 452 1846 497 autem
1891 460 2099 506 annus,

538 546 622 591 est
647 538 897 606 quintum
942 544 1151 604 tempus
1180 550 1288 605 quo
1310 534 1560 590 Christus
1590 535 1754 588 homo
1795 535 1968 591 factus
1995 548 2099 599 est,

541 635 601 680 ut
619 636 897 681 ostensum
919 635 1003 680 est
1025 627 1299 694 superius.
1319 625 1451 681 Nam
1477 627 1544 679 ab
1571 641 1638 679 eo
1660 634 1903 696 tempore
1923 628 2101 680 ablato

535 719 814 788 operculo,
852 733 952 773 nos
991 718 1178 774 fideles
1205 734 1394 773 sumus
1429 719 1636 773 utiliter
1664 721 1955 790 participes
1984 722 2099 775 fru-

539 819 659 865 ctus
679 812 812 883 legis
837 811 1102 866 Mosaicae.

935 923 1028 979 EX
1067 924 1267 980 LiBRO
1303 925 1464 981 JESU
1501 927 1704 982 NAVE.

604 1034 826 1090 Gabaon
853 1036 1073 1105 quidem
1099 1046 1184 1092 est
1230 1054 1385 1093 mens
1413 1040 1666 1096 sublimis
1691 1061 1704 1094 :
1733 1043 1891 1097 vallis
1917 1053 2096 1098 autem

537 1133 622 1180 est
649 1141 779 1181 caro
807 1137 981 1181 morte
1008 1128 1290 1184 humiliata
1317 1148 1329 1183 :
1358 1140 1415 1185 et
1445 1133 1524 1186 sol
1555 1134 1774 1202 quidem
1807 1143 1889 1190 est
1925 1137 2099 1191 oratio

534 1231 654 1287 quae
695 1228 930 1273 mentem
977 1219 1266 1285 illuminat,
1290 1234 1347 1278 et
1371 1225 1420 1277 ei
1447 1226 1759 1297 suppeditat
1788 1227 2097 1283 facultatem

537 1309 957 1374 theorematum,
987 1320 1044 1366 et
1083 1329 1202 1367 eam
1233 1315 1429 1370 liberat
1453 1317 1522 1370 ab
1552 1319 1700 1371 omni
1752 1322 2091 1389 Ignorantia:

533 1401 660 1455 luna
700 1409 884 1464 autem
917 1413 1000 1458 est
1030 1405 1437 1476 lexanaturalis,
1471 1425 1566 1462 seu
1599 1411 1864 1466 naturalis
1887 1411 2090 1468 discre-

533 1492 628 1555 tio,
655 1493 1011 1550 mediocriter
1054 1497 1366 1553 illuminans
1397 1509 1454 1553 et
1492 1501 1643 1553 carni
1674 1501 2008 1569 persuadens
2036 1509 2097 1556 ut

2214 351 2312 421 ρίῳ
2336 393 2350 413 ,
2385 351 2569 404 λοιπον
2606 353 3007 420 ἀναφερόμενος
3037 355 3115 412 εἰς
3151 351 3241 402 τὸν
3264 350 3542 421 Χριστὸν,
3592 348 3691 400 διὰ
3732 349 3827 415 τῆς

2213 441 2512 512 μαρτυρίας
2539 441 2647 493 τῶν
2664 441 3015 512 προφητικῶν
3039 440 3248 508 φωνῶν.
3279 439 3562 509 Πέμπτον
3586 437 3652 491 δὲ
3683 439 3825 496 ξτοε.

2207 533 2234 581 6
2269 533 2515 600 πέμπτος
2543 532 2750 603 καιρός·
2777 531 2897 604 καθῗ
2927 531 2986 583 ὃν
3017 535 3045 584 6
3075 531 3306 601 Χριστὸς
3335 528 3819 599 ὲνηνθρὼπησεν,

2207 623 2282 684 ὼς
2311 624 2567 694 ἀνωτέρω
2591 625 2907 692 δεδήλωται.
2942 623 3162 676 Ἕκτοτε
3194 623 3302 693 γὰρ
3339 621 3825 692 περιαιρεθέντος

2207 713 2299 764 τοῦ
2323 714 2694 784 καλύμματος,
2719 713 3202 784 μεταλαμϐάνομεν
3224 715 3272 766 οξ
3296 715 3482 767 πιστοὶ
3499 714 3819 784 χρησίμοις

2206 803 2299 856 τοῦ
2334 805 2544 875 καρποῦ
2571 806 2671 874 τῆς
2700 805 3001 874 Μωσαῖκῆς
3029 806 3366 874 νομοθεσίας.

2385 920 2474 972 ΕΚ
2507 919 2641 971 ΤΗΣ
2679 919 2927 973 ΒῙΒΛΟΥ
2957 919 3162 972 ιΗΣοΥ
3190 919 3326 972 ΤΟΥ
3365 918 3575 971 ΝΑΥΗ

2278 1032 2471 1085 Γαϐαὼ
2509 1034 2607 1103 μὲν
2645 1034 2793 1088 ἔστιν
2822 1038 2849 1088 ὁ
2876 1035 3073 1104 ὑψηλὸς
3102 1034 3246 1097 νοῦς·
3277 1033 3502 1104 φάραγξ
3530 1034 3624 1096 δὲ.
3665 1037 3700 1103 ἡ
3733 1033 3812 1102 τῷ

2206 1123 2420 1193 θανάτῳ
2440 1123 2836 1178 ταπεινωθεῖσα
2867 1127 3023 1196 σάρξ·
3053 1126 3144 1178 καὶ
3170 1126 3198 1178 6
3223 1125 3369 1194 ἦλιος
3396 1127 3521 1194 μὲν,
3553 1127 3588 1178 ὁ
3623 1124 3804 1193 φωτε-

2206 1217 2312 1280 ζων
2349 1219 2439 1269 τὸν
2472 1217 2594 1269 νοῦν
2620 1218 2776 1285 λόγος
2809 1220 2902 1272 καὶ
2935 1219 3186 1289 χορηγῶν
3226 1217 3374 1286 αὑτῷ
3399 1216 3807 1285 θεωρημάτων

2203 1308 2449 1378 δύναμιν,
2476 1309 2570 1361 καὶ
2598 1311 2775 1377 πάσης
2811 1311 3032 1377 ἀγνοίας
3063 1309 3418 1363 ἀπαλλάττων
3443 1325 3455 1337 ·
3493 1309 3712 1377 σελήνη
3746 1305 3806 1358 δι

2203 1400 2231 1450 6
2259 1398 2483 1465 φυσικὸς
2510 1398 2688 1468 νόμος,
2723 1400 2888 1468 ἤγουν
2915 1403 2946 1468 ἡ
2976 1399 3177 1470 φυσικὴ
3205 1399 3494 1468 διάκρισις.
3542 1397 3805 1467 μετρίως

2203 1492 2510 1561 φωτίζουσα
2539 1492 2633 1544 καὶ
2664 1491 2924 1544 πείθουσα
2977 1491 3072 1561 τὴν
3107 1493 3282 1561 σάρκα
3334 1490 3691 1557 ὑποταγῆναι
3733 1489 3802 1554 τῇ

530 1581 853 1652 subjiciatur
884 1586 1094 1640 animat.
1133 1586 1283 1641 Luna
1326 1588 1473 1641 enim
1523 1599 1607 1643 est
1647 1591 1951 1661 symbolum
1994 1607 2092 1646 na-

2201 1585 2370 1655 ψυχῇ.
2402 1583 2619 1649 Φύσεως
2649 1583 2756 1655 γὰρ
2789 1582 3054 1652 σύμϐολον
3084 1584 3115 1652 ἡ
3169 1582 3387 1651 σελήνη,
3429 1580 3518 1634 διὰ
3558 1581 3626 1633 τὸ
3672 1595 3807 1681 τρι-

533 1685 688 1736 ιιιταε,
712 1686 933 1744 propter
954 1677 1388 1731 mutabilitatem.
1408 1677 1666 1749 Quisquis
1685 1697 1814 1753 ergo
1834 1701 1932 1753 per
1951 1685 2092 1754 piam

2200 1676 2354 1731 πτόν.
2389 1677 2576 1738 Ὅστις
2619 1674 2746 1743 γοῦν
2777 1676 2844 1728 δι’
2892 1673 3149 1736 εὐσεϐοῦς
3184 1673 3457 1734 πολιτείας
3495 1671 3800 1741 παρατάσ-

529 1761 654 1815 νίιε
682 1761 1076 1817 institutionem
1114 1765 1230 1819 acie
1267 1767 1509 1838 conﬂigit
1557 1769 1818 1824 adversus
1848 1773 2097 1830 inimicos

529 1851 622 1921 qui
659 1853 862 1908 cadunt
907 1853 1009 1908 sub
1055 1854 1498 1928 intelligentiam,
1542 1861 1601 1917 ﬁt
1640 1864 1800 1919 Jesus
1835 1866 1998 1922 Nave.
2031 1869 2098 1924 Et

530 1949 782 2009 precatur
811 1944 1034 2012 quidem
1070 1955 1131 1999 ut
1158 1948 1264 2002 sibi
1299 1959 1405 2005 stet
1443 1953 1544 2015 sol,
1576 1964 1635 2008 ut
1660 1956 1868 2012 dictum
1899 1967 2005 2024 est,
2041 1960 2097 2015 in

527 2031 768 2097 Gabaon,
804 2037 933 2092 luna
973 2047 1154 2094 autem
1184 2042 1238 2094 in
1265 2043 1400 2097 valle
1427 2045 1506 2109 ";
1538 2046 1642 2101 hoc
1665 2057 1767 2111 est,
1793 2051 1844 2104 ei
1879 2067 2097 2121 perma-

529 2131 654 2176 neat
680 2123 746 2178 ad
779 2125 1138 2183 destruendas
1169 2131 1284 2184 vitii
1319 2134 1654 2191 munitiones
1692 2146 1748 2192 et
1790 2139 1856 2192 ad
1903 2141 2097 2195 interi-

527 2214 754 2269 mendos
784 2215 986 2272 hostes.

594 2304 878 2372 Quomodo
907 2319 1028 2379 post
1057 2321 1288 2366 mortem
1322 2315 1518 2386 Moysis
1542 2318 1699 2373 Jesus
1721 2320 1865 2375 Nave
1885 2324 2097 2393 accepit

527 2397 891 2467 principatum
925 2419 936 2454 :
967 2401 1040 2455 ita
1071 2415 1192 2471 post
1215 2415 1450 2461 mortem
1477 2408 1665 2481 legalis
1689 2411 1882 2468 littera:
1935 2413 2096 2471 Jesus

523 2486 776 2544 Christus
814 2498 1024 2562 accepit
1063 2497 1430 2566 principatum
1477 2505 1601 2555 novi
1635 2505 1841 2573 populi,
1881 2515 1938 2561 et
1973 2515 2093 2563 tan-

524 2593 686 2649 quam
715 2595 813 2650 per
841 2583 1047 2653 gladios
1087 2589 1349 2656 petrinos,
1384 2606 1481 2660 per
1517 2593 1752 2649 solidum
1784 2611 2094 2655 sermonem

521 2674 641 2742 ejus
658 2674 1410 2742 mandatorum,circumcidit
1433 2684 1604 2753 ipsius
1623 2685 1868 2741 habitum
1885 2689 1951 2743 ad
1973 2705 2096 2745 sen-

523 2765 664 2829 silia,
687 2772 744 2820 et
777 2757 960 2822 effecit
989 2779 1048 2824 ut
1076 2769 1190 2840 ipse
1215 2774 1473 2828 transiret
1497 2775 1754 2833 ﬂuentem
1779 2789 1831 2834 et
1862 2781 2092 2837 instabi-

522 2853 628 2909 lem
654 2857 779 2911 vita!
802 2861 1085 2926 praesentis
1108 2862 1452 2928 brevitatem,
1477 2883 1672 2939 nempe
1696 2871 1763 2924 ab
1788 2887 1850 2929 ea
1872 2890 1979 2928 non
2003 2891 2092 2930 re-

2201 1784 2353 1822 σεται
2395 1769 2531 1840 πρὸς
2563 1771 2686 1832 τοὺς
2731 1770 2996 1838 ἀοράτους
3037 1770 3295 1838 ἐχθροὺς,
3364 1767 3575 1837 Ἰησοῦς
3612 1768 3645 1820 6
3694 1763 3796 1818 τοῦ

2198 1859 2355 1929 Ναυῆ
2378 1862 2604 1928 γίνεταισ
2625 1863 2719 1915 κα)⁸
2737 1860 2954 1930 εὔχεται
2979 1860 3167 1922 στῆναι
3191 1858 3337 1927 αὐτῷ
3358 1858 3450 1912 τὸν
3479 1858 3579 1927 μὲν
3605 1857 3793 1926 ἥλιον,

2197 1949 2273 2012 ῶς
2304 1950 2543 2018 εἷρηται¹,
2579 1951 2718 2003 κατὰ
2745 1949 2939 2002 Γαϐαὼ
2959 1992 2972 2012 ,
3017 1951 3113 2019 τὴν
3156 1950 3213 2002 δὲ
3247 1948 3476 2017 σελήνην
3509 1949 3648 2000 κατά
3680 1946 3790 2014 φά-

2199 2057 2401 2112 ραγγα·
2433 2042 2578 2095 τοῦτ’
2608 2042 2752 2105 ἐστι,
2787 2045 3122 2112 παραμεῖναι
3155 2040 3303 2110 αὑτῷ
3341 2039 3480 2111 πρὸς
3515 2037 3789 2107 καθαίρε-

2199 2150 2281 2186 σιν
2306 2133 2413 2186 τῶν
2450 2134 2550 2204 τῆς
2583 2134 2778 2196 κακίας
2810 2134 3201 2205 ὀχυρωμάτων,
3234 2134 3328 2186 καὶ
3359 2131 3640 2185 άναίοεσιν
3672 2127 3790 2181 τῶν

2198 2227 2326 2278 πολε
2337 2226 2494 2295 μίων.

2270 2320 2480 2392 Ὠσπερ
2511 2322 2647 2390 μετὰ
2685 2321 2780 2390 τὴν
2806 2320 3060 2389 τελευτὴν
3095 2319 3338 2380 Μωσέως
3387 2317 3597 2387 Ἰησοῦς
3626 2320 3653 2371 6
3682 2315 3781 2369 τοῦ

2194 2413 2352 2482 Ναυῆ
2384 2413 2482 2485 τὴν
2518 2414 2814 2483 ἡγεμονίαν
2844 2410 3150 2482 παρέλαϐεν
3170 2425 3184 2439 ·
3217 2409 3360 2462 οὕτω
3394 2409 3533 2478 μετὰ
3561 2409 3657 2478 τὴν
3689 2425 3782 2459 τεο

2193 2503 2386 2574 λευτὴν
2428 2503 2522 2557 τοῦ
2559 2503 2782 2574 νομικοῦ
2824 2504 3186 2573 γράμματος,
3233 2499 3438 2571 Ἰησοῦς
3479 2503 3506 2554 6
3537 2499 3776 2568 Χριστὸς

2193 2595 2292 2666 τὴν
2327 2594 2622 2665 ἠγεμονίαν
2666 2592 2761 2647 τοῦ
2790 2594 2911 2646 νέου
2944 2592 3074 2648 λαοῦ
3116 2592 3422 2663 παρέλαϐε·
3461 2593 3555 2645 καὶ
3585 2591 3776 2661 ὥσπερ

2193 2683 2282 2736 διὰ
2311 2683 2418 2736 τῶν
2454 2683 2720 2754 πετρίνων
2763 2683 3069 2754 μαχαιρῶν,
3103 2683 3194 2737 διὰ
3218 2682 3312 2737 τοῦ
3361 2683 3588 2753 στερροῦ
3616 2682 3774 2750 λόγου

2193 2774 2301 2826 τῶν
2347 2775 2573 2828 ἐντολῶν
2611 2774 2774 2828 αὑτοῦ
2819 2776 3114 2845 περιέτεμε
3153 2775 3348 2828 τούτου
3391 2774 3490 2844 τὴν
3542 2774 3678 2846 πρὸς
3703 2774 3774 2826 τὰ

2194 2867 2428 2935 αἰσθητά
2454 2866 2656 2934 σχέσιν,
2687 2865 2780 2919 καί
2810 2868 3222 2934 παρεσκεύασεν
3247 2855 3409 2920 αὐτὸν
3445 2867 3776 2934 διαπεράσαι

523 2951 735 3011 tentus;
764 2948 1008 3006 humeris
1038 2962 1218 3007 autem
1255 2957 1519 3010 virtutum
1561 2959 1868 3029 impositam
1908 2964 2091 3021 ferens

2195 2956 2251 3008 τὸ
2275 2956 2396 3026 ῥέον
2426 2958 2518 3010 καὶ
2545 2957 2775 3010 ἄστατον
2791 2956 2884 3009 τοῦ
2916 2959 3180 3027 παρόντος
3209 2956 3345 3026 βίου,
3376 2958 3449 3025 μὴ
3479 2957 3770 3027 βραχὲντα.

521 3036 724 3101 arcam,
757 3043 1408 3116 eognitionem,inqua'm,
1459 3063 1715 3120 capacem
1774 3052 2091 3113 divinorum

522 3130 929 3197 mysteriorum.

871 3330 962 3385 EX
1000 3334 1208 3390 PRIMO
1246 3336 1450 3394 LIBRO
1487 3341 1741 3399 REGUM.

1026 3445 1099 3500 De
1143 3447 1307 3503 Saule
1339 3459 1388 3502 et
1421 3451 1606 3506 David.

592 3557 702 3613 Lex
732 3568 889 3614 vetus
914 3558 957 3611 si
991 3560 1062 3612 ita
1095 3569 1341 3618 sumatur
1376 3573 1434 3617 ut
1460 3574 1736 3633 spectatur
1765 3577 1971 3624 tantum
2001 3573 2093 3627 lit-

523 3656 661 3711 tera,
683 3656 766 3706 est
789 3647 916 3703 Saul
937 3649 1192 3706 laborans
1216 3653 1410 3707 morbo
1431 3655 1657 3717 caduco.
1683 3668 1739 3712 ut
1757 3661 1850 3729 qui
1875 3639 2092 3719 cobtra-

523 3742 622 3812 riis
661 3757 726 3798 ac
755 3745 1184 3814 repugnantibus
1222 3747 1456 3818 agitetur
1488 3750 2002 3820 innumerabilibus,
2036 3766 2091 3811 et

522 3833 727 3888 nullam
764 3849 948 3889 secum
974 3836 1239 3891 sustineat
1263 3841 1675 3896 consensionem
1701 3859 1765 3898 ac
1788 3860 2092 3902 consonan-

525 3927 674 3981 tiam.
703 3924 931 3993 Quando
966 3935 1146 3984 autem
1181 3931 1229 3984 ei
1270 3930 1574 3987 insonuerit
1607 3933 1812 3990 cithara
1847 3938 2087 4005 Davidis,

523 4033 618 4072 seu
647 4019 910 4088 sapientia
944 4021 1143 4077 occulti
1177 4023 1422 4093 spiritus,
1459 4024 1562 4080 hoc
1595 4035 1697 4090 est,
1738 4044 1892 4083 mens
1925 4033 2089 4100 spiri-

526 4107 703 4171 tualis,
733 4110 913 4163 statim
952 4110 1011 4164 iit
1044 4112 1288 4168 modesta
1319 4129 1382 4168 ac
1413 4116 1647 4184 sapiens,
1683 4120 1912 4188 expulso
1947 4122 2090 4176 malo

521 4198 718 4267 spiritu
753 4201 1201 4258 contradictionis
1236 4220 1300 4259 ac
1341 4209 1736 4276 repugnantia}.

2191 3046 2319 3099 τοῦτ
2368 3047 2477 3098 ἐστι
2502 3089 2516 3112 ,
2553 3049 2625 3117 μὴ
2659 3049 2978 3118 ἐνσχεθέντα
3007 3049 3201 3120 τούτῳ·
3237 3051 3351 3112 τοῖς
3386 3048 3561 3116 ὤμοις
3585 3047 3640 3100 δὲ
3667 3048 3772 3100 τῶν

2189 3137 2401 3207 ἀρετῶν
2432 3141 2790 3210 έπικειμένην
2823 3141 3059 3212 φέροντα
3091 3142 3188 3209 τὴν
3230 3140 3461 3194 κιϐωτόν
3481 3159 3497 3172 ο
3534 3139 3678 3206 λέγω
3712 3139 3773 3208 δὴ

2190 3228 2287 3297 τὴν
2308 3229 2564 3299 δεκτικὴν
2591 3231 2698 3283 τῶν
2728 3232 2886 3285 θείων
2926 3233 3244 3302 μυστηρίων
3276 3232 3498 3300 γνῶσιν.

2457 3345 2594 3397 ΤΗΣ
2633 3343 2904 3399 ΠΡΩΤΗΣ
2941 3345 3077 3398 ΤΩΝ
3117 3343 3498 3398 ΒΔΣῐΛΕΙΩΝ.

2614 3459 2752 3529 Περὶ
2783 3458 2983 3514 Σαοὺλ
3015 3458 3112 3511 καὶ
3148 3457 3341 3512 Δαϐιό.

2269 3574 2332 3628 '0
2362 3572 2595 3636 παλαιὸς
2627 3572 2791 3642 νόμος
2829 3570 2969 3625 κατὰ
3002 3570 3170 3641 μόνον
3189 3569 3252 3623 τὸ
3283 3569 3519 3641 γράμμα
3551 3571 3770 3642 λαμϐα-

2188 3666 2430 3734 νόμενος,
2465 3661 2636 3716 Σαούλ
2665 3665 2834 3726 ἐστιν,
2869 3661 3187 3731 ἐπίληπτος,
3222 3659 3316 3715 ἁτε
3344 3661 3564 3732 μυρίαις
3590 3661 3772 3716 δονοῦ-

2195 3773 2350 3826 μενος
2379 3753 2727 3810 ἑναντιώσεσι
2751 3796 2766 3818 ,
2799 3754 2891 3807 καὶ
2923 3753 3193 3823 μηδεμίαν
3231 3753 3369 3822 ἔχων
3413 3752 3548 3823 πρὸς
3577 3754 3772 3808 ἑαυτὸν

2191 3847 2529 3916 συμφωνίαν.
2572 3846 2764 3899 Ἡνίκα
2795 3845 2850 3898 δὲ
2879 3845 3129 3914 ὲπηχὴσῃ
3175 3841 3382 3912 αὑτῷή
3437 3843 3636 3912 κιθάρα
3675 3842 3769 3896 τοῦ

2190 3939 2385 4003 Δαϐὶδ,
2420 3939 2640 4008 ἧγουνὴ
2676 3936 2836 4006 σοφία
2867 3937 2957 3991 τοῦ
2991 3935 3481 4006 ὑποκεκρυμμένου
3517 3935 3764 4005 πνεύμα-

2189 4047 2297 4093 τος·
2339 4030 2482 4083 τοῦτ’
2505 4012 2670 4093 ἐστιν,
2718 4031 2747 4083 6
2791 4027 3158 4098 πνευματικὸς
3198 4026 3340 4089 νοῦς·
3393 4026 3521 4078 εὐθὺ
3559 4043 3770 4098 σωφρο-

2193 4126 2303 4187 νεῖ,
2344 4123 2437 4176 τοῦ
2472 4122 2708 4194 πονηροῦ
2751 4123 3064 4192 πνεύματος
3101 4120 3198 4190 τῆς
3247 4117 3616 4182 ἐναντιώσεως
3662 4121 3767 4174 ἁπ-

2192 4215 2386 4269 ελαυνο
2393 4215 2575 4285 μένου.

526 4311 590 4366 Et
621 4313 775 4380 dabo,
803 4316 991 4386 inquit,
1028 4332 1241 4386 regnum
1275 4321 1510 4387 proximo
1544 4330 1631 4375 tuo
1668 4321 1798 4375 bona
1829 4340 1990 4394 supra
2017 4337 2082 4380 te.

2195 4327 2300 4383 Kal
2329 4327 2520 4389 δώσω,
2553 4329 2725 4397 φησι,
2751 4328 2864 4394 τὴν
2881 4327 3210 4393 βασιλείαν·
3227 4323 3308 4397 τῷ
3334 4325 3606 4392 πλησίον
3627 4341 3762 4389 σου,

588 4495 872 4562 Quomodo
903 4497 1048 4551 enim
1083 4497 1254 4552 David
1278 4507 1395 4552 erat
1429 4515 1593 4569 prope
1631 4500 1872 4568 Saulem,
1899 4514 1960 4558 ut
1988 4507 2082 4576 qui

520 4584 634 4656 ipse
670 4601 884 4662 quoque
932 4599 1050 4643 erat
1099 4598 1299 4643 unctus
1355 4589 1408 4643 in
1445 4607 1626 4662 regem
1662 4595 1705 4626 ¹⁹
1742 4613 1754 4647 :
1811 4596 1882 4652 ita
1919 4599 2082 4654 etiam

521 4674 746 4743 spiritus
781 4684 898 4731 erat
933 4692 1102 4746 prope
1144 4677 1380 4732 litteram
1417 4696 1538 4749 qua:
1573 4691 1658 4736 est
1691 4684 1746 4737 in
1784 4685 1921 4757 lege,
1963 4698 2082 4742 tan-

518 4781 682 4835 quam
717 4766 770 4820 in
806 4783 870 4822 ea
906 4769 1223 4824 absconsus.
1259 4770 1359 4825 Cui
1398 4757 1581 4827 etiam.
1609 4774 1677 4830 de
1721 4786 1920 4832 caetero
1958 4779 2083 4834 data

517 4863 604 4911 est
649 4864 909 4926 potestas,
945 4860 1210 4914 exstincta
1256 4861 1475 4931 quidem
1511 4862 1630 4933 lege
1665 4881 1784 4934 quae
1818 4868 2084 4937 accipitur

517 4945 818 5001 secundum
856 4946 1114 5011 litteram,
1151 4949 1500 5024 illucescente
1536 4963 1717 5009 autem
1752 4971 1814 5010 ea
1847 4974 1967 5027 qua:
1999 4959 2084 5012 in-

517 5038 780 5109 telligitur
815 5038 1116 5094 secundum
1150 5041 1418 5110 spiritum.
1461 5045 1591 5112 Quin
1611 5056 1728 5103 erat
1758 5051 1921 5104 etiam
1945 5053 2086 5107 bona

516 5144 680 5199 super
735 5131 913 5195 illam,
967 5148 1078 5202 quo
1129 5145 1257 5189 sunt
1310 5135 1467 5209 longe
1500 5140 1813 5208 pulchriora
1848 5160 1912 5198 ac
1946 5161 2087 5215 pra:-

515 5222 782 5277 stantiora
824 5225 1118 5281 sensilibus
1156 5242 1220 5281 ea
1255 5243 1375 5297 qua
1409 5231 1785 5302 percipiuntur
1819 5235 1887 5289 ab
1924 5236 2086 5292 intel-

588 5380 819 5436 "Jtsue
846 5399 897 5444 ι,
923 5383 1009 5438 l2.
1089 5387 1130 5418 ”
1157 5385 1177 5440 ι
1208 5387 1337 5456 Reg.
1373 5401 1480 5452 an,
1509 5386 1595 5441 l3.

2673 4399 2754 4464 τῷ
2780 4398 2978 4467 ἀγαθῷ
3008 4397 3157 4465 ὑπὲρ
3179 4396 3273 4452 σέ.

2258 4511 2524 4582 Καθάπερ
2551 4511 2660 4580 γάρ
2702 4511 2730 4563 6
2763 4511 2923 4564 Aa6‘t6
2960 4509 3185 4582 πλησίον
3219 4503 3289 4579 ἦν
3321 4507 3412 4562 τοῦ
3458 4507 3658 4572 Σαοὺλ,
3693 4507 3764 4572 ὡς

2187 4602 2281 4655 καὶ
2320 4602 2481 4664 αὐτὸς
2513 4604 2592 4666 εις
2627 4602 2848 4672 βασιλέα
2878 4603 3144 4674 χρισθείς’
3171 4600 3313 4655 οὕτω
3341 4602 3433 4654 καὶ
3461 4600 3523 4653 τὸ
3552 4599 3765 4670 πνεῦμα

2187 4694 2415 4765 πλησίον
2443 4690 2511 4764 ἦν
2544 4694 2637 4748 τοῦ
2670 4697 2727 4750 ἐν
2754 4694 2832 4766 τῷ
2865 4696 3014 4766 νόμῳ
3053 4695 3414 4765 γράμματος,
3456 4692 3530 4756 ὡς
3571 4693 3766 4747 ﬁmu-

2187 4786 2502 4856 κρυμμένον
2532 4786 2698 4858 αὐτῷ.
2731 4780 2800 4857 Ὦ
2839 4787 2935 4841 καὶ
2975 4785 3182 4840 δέδοται
3214 4785 3400 4839 λοιπὸν
3436 4784 3499 4837 τὸ
3526 4784 3726 4854 κράτος
3748 4824 3763 4846 ,

2189 4875 2508 4940 σϐεσθέντος
2548 4877 2646 4946 μὲν
2687 4876 2781 4930 τοῦ
2815 4876 2955 4931 κατὰ
2983 4875 3044 4930 τὸ
3087 4876 3326 4948 γράμμα
3357 4874 3765 4945 λαμϐανομένου

2187 4967 2376 5036 νόμου,
2399 4966 2709 5038 λάμψαντος
2741 4966 2797 5021 δὲ
2827 4967 2923 5022 τοῦ
2947 4966 3088 5022 κατὰ
3115 4967 3177 5021 τὺ
3200 4964 3419 5036 πνεῦμα
3454 4965 3765 5034 νοουμένουο

2185 5056 2246 5121 ὅς
2272 5059 2366 5112 καὶ
2393 5058 2593 5127 ἀγαθὸς
2617 5055 2683 5132 ἦν
2712 5059 2850 5133 ὑπὲρ
2874 5061 3100 5122 ἐκεῖνον,
3131 5060 3242 5128 ὅσῳ
3271 5058 3367 5111 καὶ
3395 5056 3568 5110 πολλὰ
3595 5066 3616 5093 ε
3644 5054 3767 5108 καλ-

2187 5148 2340 5203 λιόνα
2364 5149 2472 5204 τῶν
2497 5151 2773 5224 αἰσθητῶν
2793 5153 2861 5206 τὰ
2894 5152 3081 5222 νοητὰ,
3110 5152 3204 5206 καὶ
3229 5149 3338 5204 τῶν
3365 5146 3768 5203 κατασπώντων

2190 5239 2271 5302 εἰς
2300 5239 2520 5317 γῆνηὰ
2545 5243 2626 5306 είς
2646 5241 2876 5311 οὐρανὸν
2900 5242 3213 5297 άνέλκοντα.
3258 5240 3317 5294 Ὀ
3343 5239 3540 5303 Σαοὺλ,
3570 5240 3598 5292 6
3623 5252 3769 5307 φυσιν

1886 5477 2053 5564 Var/ia
2089 5480 2369 5537 lectiones.

594 5600 614 5630 ο
658 5591 738 5644 ῑσ.
783 5590 974 5660 πολλῷ.
