4170 6330
364 520 388 574 l
397 520 503 575 “.169

1757 513 2261 574 COLLECTANEA

3532 520 3556 575 l
3566 519 3673 577 250

358 633 457 695 κός
485 632 601 685 ἐστι
644 630 833 702 νόμος,
860 630 891 685 6
918 632 1044 685 κατ’
1085 630 1264 705 ἀρχὰς
1291 632 1569 700 κυριεύειν
1600 630 1701 701 τῆς
1745 631 1962 701 φύσεως

2067 629 2320 702 ligentia;
2360 638 2417 685 et
2451 629 2522 685 iis
2556 645 2681 702 qua
2713 631 3018 707 detrahunt
3052 632 3110 689 in
3157 640 3401 700 terram,
3450 648 3516 691 ea
3550 650 3676 705 quae

358 724 513 797 παρά
534 723 633 779 τοῦ
668 722 878 795 Κυρίου
911 721 1116 796 λαχών.
1156 724 1311 779 Ἐπεὶ
1335 723 1395 779 δέ
1425 722 1643 794 παρέδη
1680 723 1780 795 τὴν
1818 725 1967 777 ἐντο-

358 817 460 893 λὴν
485 816 578 872 διά
621 813 950 888 παρακοῆς,
985 815 1319 888 φεισάμενος
1344 814 1440 871 τοῦ
1490 815 1663 886 Ἀγὰγ
1698 815 1967 887 βασιλέως

372 908 650 982 ’Δμαλὴκ,
687 906 835 962 τοῦτ’
860 907 978 963 ἐστι
1000 908 1098 963 τού
1131 912 1408 981 σώματος,
1433 910 1529 964 καὶ
1557 909 1696 983 πρὸς
1717 908 1790 963 τὰ
1814 908 1963 980 πάθη

360 999 722 1068 κατὼλισθεν,
757 998 1046 1066 ἐξωθεῖται
1078 1001 1183 1073 τῆς
1218 1002 1520 1073 βασιλείας,
1558 1002 1648 1057 ἵνα
1671 1001 1967 1075 παραλάϐῃ

359 1094 453 1148 τὸν
490 1092 709 1164 Ἰσραὴλ
740 1094 769 1147 6
795 1093 987 1160 Δαδὶδ,
1016 1092 1164 1149 τοῦτ’
1194 1094 1365 1160 ἐστιν,
1405 1097 1435 1149 6
1469 1094 1635 1167 νόμος
1665 1093 1762 1150 τοῦ
1799 1093 1967 1149 πνεύ-

364 1202 537 1258 ματος
576 1187 606 1239 6
632 1186 844 1256 γεννῶν
874 1187 977 1260 τὴν
1001 1188 1230 1259 είρήνην
1251 1187 1353 1259 τὴν
1380 1186 1776 1260 οἰκοδομοῦσαν
1805 1204 1965 1258 περι-

360 1278 549 1348 φανῶς
569 1278 649 1349 τῷ
682 1278 805 1350 Θεῷ
834 1278 930 1333 τὸν
959 1280 1061 1351 τῆς
1089 1278 1327 1353 θεωρίας
1358 1280 1509 1334 ναόν.

435 1459 693 1533 Σαμουὴλ
734 1460 980 1529 ὑπακοὴ
1012 1460 1580 1535 Θεοῦ-ἑρμηνεύεται.
1612 1462 1823 1517 Οὐκοῦν
1861 1461 1966 1525 ἕως

362 1552 429 1608 ἂν
453 1556 483 1609 6
512 1555 635 1609 καθ’
662 1554 912 1628 ὑπακοὴν
954 1554 1115 1623 λόγος
1145 1558 1204 1608 ἐν
1233 1558 1367 1627 ἡμῖν
1398 1556 1677 1629 ίερατεύῃ.
1720 1554 1822 1609 κάν
1845 1556 1964 1626 φεί-

365 1664 528 1720 σηται
566 1647 661 1702 τοῦ
723 1648 898 1717 Ἀγάγ
934 1649 964 1702 6
1014 1649 1223 1714 Σαοὺλ,
1272 1649 1418 1703 τοῦτ’
1446 1648 1597 1713 ἔστι,
1630 1649 1725 1702 τοῦ
1776 1649 1965 1720 χοϊκοῦ

362 1741 735 1812 φρονήματος
786 1738 902 1795 ἀλλ’
940 1734 1036 1793 οῦν
1081 1740 1376 1794 ἀποκτενεῖ
1422 1739 1614 1794 τοῦτον
1656 1739 1905 1812 ζηλώσας
1938 1742 1967 1793 ὁ

366 1833 546 1905 ἱερεὺς
576 1832 756 1902 λόγος,
793 1834 890 1888 καὶ
915 1832 1111 1906 πλήξει
1149 1832 1532 1905 καταισχύνων
1564 1834 1657 1889 τὸν
1686 1835 1964 1909 φιλαμαρ-

362 1926 575 1996 τήμονα
604 1925 751 1991 νοῦν,
779 1926 855 1992 ὡς
882 1926 1209 1999 παραϐάτην
1234 1927 1343 1981 τῶν
1366 1927 1529 1981 θείων
1547 1928 1962 2000 δικαιωμάτων.

2068 720 2380 777 ascendunt
2404 721 2462 776 in
2496 721 2719 778 calum.
2754 721 2885 780 Saul
2909 734 2996 780 est
3027 725 3116 780 lex
3140 725 3431 791 naturalis,
3455 742 3581 798 qua:
3603 726 3675 783 ab

2069 810 2230 867 initio
2266 811 2484 884 accepit
2531 828 2562 867 a
2600 813 2836 869 Domino
2886 824 2950 870 ut
3003 806 3389 873 dominaretur
3437 826 3672 873 naturae.

2068 904 2365 976 Postquam
2416 913 2603 961 autem
2655 916 3031 979 transgressus
3076 916 3165 966 est
3216 909 3538 966 mandatum
3575 925 3678 982 per

2068 997 2530 1064 inobedientiam,
2564 1014 2801 1070 parcens
2834 1000 2979 1071 Agag
3015 1001 3133 1073 regi
3167 1001 3415 1066 Amalec,
3453 1002 3561 1057 hoc
3592 1006 3680 1058 es:

2069 1078 2313 1160 corpori,
2346 1100 2405 1147 et
2433 1089 2695 1162 delapsus
2725 1101 2812 1147 est
2844 1090 2913 1147 ad
2948 1093 3083 1148 vitia
3117 1102 3175 1148 et
3198 1093 3543 1159 affectiones,
3577 1107 3677 1149 ex-

2068 1181 2296 1253 pellitur
2329 1199 2523 1255 regno,
2560 1194 2623 1239 ut
2666 1184 2838 1239 David
2894 1194 3204 1241 assumeret
3250 1186 3535 1251 lsraelem,
3570 1185 3680 1269 hoc

1980 1279 2007 1297 τ’
2068 1283 2173 1342 est,
2211 1276 2300 1331 lex
2336 1276 2588 1346 spiritus,
2617 1293 2740 1347 quae
2771 1286 2999 1348 generat
3035 1293 3252 1343 pacem,
3289 1294 3413 1349 qua:
3446 1278 3562 1335 Deo
3596 1276 3680 1333 in-

2071 1367 2302 1438 signiter
2334 1366 2573 1423 aediﬁcat
2609 1369 2875 1439 templum
2909 1369 3417 1439 contemplationis.

2144 1458 2366 1515 Samuel
2433 1460 2836 1531 interpretatur
2905 1459 3003 1514 Dei
3050 1460 3366 1514 obedientia.
3420 1458 3676 1526 Quandlu

2068 1567 2200 1623 ergo
2234 1567 2358 1623 qum
2399 1561 2486 1606 est
2521 1552 2578 1606 in
2630 1551 2792 1607 nobis
2828 1552 2968 1606 ratio
3002 1552 3368 1617 obedientize,
3410 1551 3464 1606 in
3514 1552 3679 1607 nobis

2069 1644 2318 1715 fungitur
2343 1660 2572 1699 munere
2596 1644 2923 1708 sacerdotis,
2958 1646 3173 1700 etiamsi
3210 1645 3339 1701 Saul
3366 1644 3681 1717 pepercerit

2067 1736 2217 1807 Agag
2251 1738 2314 1800 ³⁸⁵,
2355 1737 2460 1791 hoc
2492 1745 2598 1802 est,
2638 1737 2947 1808 prudentiae
3000 1739 3274 1803 terrestri,
3315 1754 3444 1793 eum
3492 1747 3678 1793 tamen

2069 1829 2285 1884 occidet
2320 1830 2440 1885 zelo
2475 1839 2658 1885 motus
2693 1831 2975 1891 sacerdos.
3012 1848 3212 1902 nempe
3257 1831 3418 1896 ratio,
3455 1842 3512 1888 et
3546 1847 3679 1903 per-

2069 1922 2277 1986 cutiet,
2327 1920 2599 1976 dedecore
2641 1920 2885 1977 alliciens
2937 1932 3178 1979 mentem
3213 1940 3336 1994 quae
3366 1923 3679 1979 delectatur

1882 2043 1912 2079 ,γι
2001 2034 2043 2089 Β
2073 2023 2336 2083 peccato,
2383 2021 2444 2065 ut
2490 2028 2613 2083 qua:
2662 2014 3099 2085 transgrediatur
3141 2014 3360 2070 divinas
3402 2014 3675 2087 justiﬁmo

446 2201 619 2257 Ἐπάν
649 2204 679 2256 6
720 2201 845 2266 νοῦς
880 2201 1368 2274 ὑψηλοφρονήσας,
1403 2204 1497 2258 τὸν
1532 2203 1677 2259 κατά
1710 2204 1821 2259 τῶν
1856 2224 1963 2260 πα-

363 2293 474 2347 θῶν
497 2293 662 2348 αύτδν
689 2294 958 2365 χρίσαντα
982 2293 1084 2364 τῆς
1117 2294 1471 2360 διδασκαλίας
1511 2295 1695 2365 λόγον,
1734 2296 1823 2351 διὰ
1862 2299 1964 2366 τῆς

364 2388 751 2462 προσηκούσης
792 2388 1022 2461 ἐρεύνης
1054 2390 1340 2460 ἐπερωτᾷν
1376 2390 1508 2460 περὶ
1540 2388 1651 2444 τῶν
1689 2390 1965 2461 ποιητέων

362 2483 457 2537 καὶ
497 2482 558 2535 ού
590 2480 860 2552 ποιητέων
903 2479 1210 2546 παύσαιτο,
1244 2483 1359 2557 tot;
1402 2480 1604 2535 πάθεσι
1644 2485 1867 2549 πάντως
1903 2484 1964 2550 ἐξ

359 2578 586 2644 ἀγνοίας
622 2574 927 2639 ἁλίσκεται,
967 2575 1035 2628 δι’
1073 2566 1149 2628 ὧν
1182 2574 1325 2629 κατά
1366 2576 1535 2648 μέρος
1562 2594 1657 2630 του
1689 2577 1825 2631 Θεοῦ
1855 2597 1964 2649 χω-
1996 2636 2001 2641 ,

356 2668 651 2741 ριζόμενος
675 2708 691 2731 ,
720 2670 778 2721 ἐν
820 2670 939 2731 ταῖς
983 2667 1265 2731 ἀκουσίοις
1306 2671 1668 2740 περιστάσεσι
1712 2688 1965 2742 προσχωο

366 2762 540 2832 ρεῖται
564 2763 676 2823 τοῖς
705 2760 963 2829 δαίμοσι,
998 2759 1097 2829 τὴν
1128 2759 1338 2813 κοιλίαν
1378 2758 1664 2827 θεοποιῶν,
1705 2762 1964 2823 κάκεῖθεν

362 2853 620 2923 εὑρέσθαι
645 2852 816 2907 θέλων
842 2851 951 2904 τῶν
975 2852 1279 2918 πιεζόντων
1305 2853 1677 2926 παράκλησιν.
1704 2855 1815 2908 Καὶ
1843 2872 1965 2908 πει-

363 2948 503 3003 θέτω
536 2964 595 3001 σε
624 2947 801 3002 Σαοὺλ
826 2948 885 3000 ἐν
915 2948 1049 3000 πᾶσι
1082 2946 1391 3017 σύμϐουλον
1426 2947 1503 3020 μὴ
1544 2946 1840 3019 λαμϐάνων
1871 2949 1964 3001 τὸν

363 3039 646 3110 Σαμουὴλ,
684 3038 779 3093 καὶ
813 3038 872 3103 ἐξ
919 3037 1167 3108 ἀνάγκης
1201 3037 1623 3109 εἰδωλολατρίαν
1659 3055 1962 3111 μεταστρε..

365 3134 637 3205 φόμενος,
686 3132 780 3185 καὶ
814 3131 914 3203 τὴν
958 3130 1419 3202 ἐγγαστρίμυθον,
1469 3131 1546 3196 ὡς
1585 3132 1650 3204 δή
1697 3150 1819 3186 τινα
1871 3132 1964 3184 τὸν

362 3225 503 3289 θεὸν,
537 3226 823 3297 ἐπερωτᾷν
849 3225 1198 3296 ἀνεχόμενος.

591 3359 727 3412 ΤΗΣ
764 3359 1122 3413 ΔΕΥΤΕΡΑΣ
1161 3359 1299 3412 ΤΩΝ
1343 3350 1727 3412 ΒΛΣΙΛΕῘΩΝ.

691 3470 833 3538 Περὶ
862 3470 1040 3524 Δαϐἰδ
1075 3470 1175 3524 καί
1222 3471 1636 3543 Ἀϐεσσαλώμ.

430 3580 596 3635 Δασιδ
642 3581 741 3652 μὲν
787 3583 817 3634 ὁ
866 3584 1171 3654 πρακτικὸς
1207 3582 1364 3651 νοῦς,
1421 3583 1779 3655 Ἀϐεσσαλὼμ
1827 3585 1885 3639 δὲ
1926 3588 1958 3657 ἡ

356 3673 565 3745 οἴησις,
593 3674 663 3745 ἢν
693 3675 1073 3745 ἀπεγέννησεν
1116 3678 1181 3729 ἐκ
1226 3677 1327 3747 τῆς
1374 3677 1510 3749 πρὸς
1557 3677 1658 3749 τὴν
1708 3677 1962 3749 αἴσθησιν

359 3765 671 3830 συνουσίας.
730 3764 1132 3837 Ἐρμηνεύεται
1167 3766 1267 3836 μὲν
1307 3767 1418 3841 γὰρ
1459 3768 1823 3841 Ἀϐεσσαλὼμ
1849 3786 1962 3823 πα-

358 3856 498 3925 τρὸς
528 3856 740 3928 εἰρήνη
770 3858 1122 3929 νομιζομένη
1144 3876 1157 3888 ’
1196 3859 1511 3931 νομίζοντες
1557 3862 1614 3915 δὲ
1654 3864 1961 3934 εἰρηνεύειν

358 3949 566 4016 παθῶν,
595 3952 938 4023 συνιστῶμεν
962 3953 1061 4024 τὴν
1086 3952 1285 4023 οἴησιν·
1312 3955 1377 4025 ἢν
1400 3955 1790 4008 ἑπαναστᾶσαν
1811 3955 1962 4028 αύτῷ

356 4042 519 4106 γνοὺς
543 4045 571 4095 6
593 4042 856 4113 δηλωθεὶς
888 4044 1074 4109 Δαδὶδ,
1103 4044 1196 4099 ᾶτε
1226 4049 1367 4116 μετά
1397 4045 1654 4115 γνώσεως
1677 4048 1957 4119 πράττων,

357 4135 517 4204 ἀφεὶς
558 4138 658 4207 τὴν
700 4136 862 4206 ἁγίαν
902 4138 1128 4210 σκηνὴν,
1182 4141 1278 4192 καὶ
1308 4140 1408 4209 τὴν
1461 4139 1821 4211 Ἰερουσαλὴμ
1863 4141 1960 4195 καὶ

356 4227 456 4297 τὴν
504 4224 789 4295 Ἰουδαίαν,
830 4229 975 4284 τοῦτ’
1012 4230 1183 4295 ἔστιν,
1220 4232 1318 4304 τὴν
1362 4232 1633 4303 μυστικὴν
1678 4232 1959 4301 θεολογίαν

357 4322 454 4374 καὶ
474 4320 572 4393 τὴν
600 4323 884 4393 εἰρηνικὴν
899 4322 1008 4378 τῶν
1034 4324 1193 4379 θείων
1219 4324 1476 4397 θεωρίαν,
1503 4326 1597 4379 καὶ
1614 4324 1711 4398 τὴν
1732 4328 1825 4379 ἐπὶ
1843 4330 1959 4390 τοῖς

357 4414 693 4484 προλαϐοῦσι
722 4416 905 4481 καλοῖς
928 4420 1347 4491 εύχαριστήριον
1375 4418 1787 4491 ἐξομολόγησιν,
1824 4420 1957 4491 φεύ-

356 4522 442 4574 γει
482 4508 621 4577 πρὸς
668 4508 769 4580 τὴν
820 4510 1065 4574 Γαλαὰδ,
1106 4511 1225 4582 ἦτοι
1283 4511 1657 4582 μετοικίζεται
1705 4514 1845 4585 πρὸς
1895 4514 1959 4567 τὸ

356 4599 573 4662 πένθος.
618 4600 834 4653 Γαλαὰδ
882 4602 991 4673 γάρ
1027 4605 1375 4672 μετοικεσια
1400 4606 1829 4673 μαρτυρίου....
1862 4607 1959 4659 καὶ

358 4690 494 4760 πρὸς
531 4694 643 4755 τοῖς
664 4694 979 4764 εἰρημένοις
1005 4695 1418 4765 ἀποκάλυψις·
1457 4698 1829 4766 μετοικίζεται
1863 4698 1957 4753 καὶ

358 4783 495 4853 πρὸς
538 4784 630 4837 τὸν
673 4785 762 4838 διὰ
793 4786 886 4840 τοῦ
921 4788 1221 4852 συνειδότος
1263 4788 1511 4860 ἔλεγχον,
1558 4790 1655 4845 καὶ
1694 4790 1830 4858 πρὸς
1860 4790 1958 4863 τὴν

357 4878 479 4929 κατ’
511 4873 651 4941 εἶδος
688 4878 797 4931 τῶν
824 4880 1245 4952 ἁμαρτημάτων
1281 4882 1617 4952 φανέρωσιν,
1663 4884 1758 4937 καὶ
1784 4882 1960 4947 οὕτως

356 4968 414 5018 ἐν
453 4968 806 5041 συναισθήσει
834 4972 933 5041 τῆς
972 4971 1169 5025 ἑαυτοῦ
1200 4974 1492 5044 γενόμενος
1521 4973 1805 5039 ἀσθενείας
1826 5015 1840 5039 ,
1866 4975 1960 5028 καὶ

354 5060 455 5131 τὴν
500 5064 1010 5135 ταπεινοφροσύνην
1053 5069 1133 5130 εἰς
1169 5065 1426 5138 βοήθειαν
1461 5069 1912 5138 ἐπισπασάμενος
1940 5109 1955 5133 ,

354 5154 572 5223 ἀναιρεῖ
592 5155 693 5226 τὴν
724 5156 817 5209 τοῦ
847 5158 1117 5226 τυράννου
1151 5156 1349 5229 οἴησιν,
1386 5160 1482 5211 καὶ.
1518 5160 1681 5213 πάλιν
1715 5160 1954 5230 ἐπανέρ-

357 5263 509 5315 χεται
542 5247 680 5317 πρὸς
704 5250 802 5321 τὴν
854 5250 1137 5313 Ἰουδαίαν,
1177 5252 1272 5305 καὶ
1299 5251 1397 5323 τὴν
1439 5252 1825 5324 Ἰερουσαλὴμ,
1859 5253 1956 5308 καὶ

353 5338 451 5410 τὴν
482 5341 645 5407 ἁγίαν
682 5343 917 5413 σκηνήν’
950 5342 1095 5411 λέγω
1120 5343 1185 5415 δὴ
1214 5383 1227 5404 ,
1255 5344 1391 5415 πρὸς
1438 5346 1538 5414 τὴν
1570 5346 1954 5417 ἐξομολογητι-

355 5432 457 5504 κὴν
478 5435 857 5506 εὐχαριστίαν,
891 5438 986 5489 καὶ
1006 5437 1294 5507 εἰρηνικὴν
1325 5439 1419 5490 καὶ
1440 5438 1627 5507 ἀπαθῆ
1652 5438 1759 5491 τῶν
1782 5440 1953 5493 ὄντων

354 5524 610 5596 θεωρίαν,
645 5528 737 5581 καὶ
772 5528 872 5599 τὴν
900 5528 1114 5600 ὑψηλὴν
1152 5529 1451 5599 θεολογίαν.

440 5704 799 5777 Ἀὁεσσαλώμ
822 5709 957 5771 ἐστι,
988 5711 1095 5772 πᾶς
1121 5709 1417 5781 οἱηματίας
1451 5710 1544 5761 καὶ
1576 5710 1949 5783 ὑπερήφανος,

291 5854 299 5862 .
350 5796 409 5859 ἃς
438 5797 538 5869 τὴν
586 5798 765 5871 κόμην
803 5801 1044 5873 τρέφων,
1085 5801 1205 5871 ἤτοι
1253 5801 1351 5873 τὴν
1381 5801 1719 5872 φαινομένην
1747 5803 1949 5873 ἀρετὴν

424 5982 467 6015 ³ο
497 5982 519 6038 ι
548 5982 679 6055 Reg.
722 5999 811 6047 xv,
846 5983 900 6042 9.

2072 2104 2273 2159 tiones.

2145 2198 2444 2269 Postquam
2477 2214 2635 2253 mens
2672 2200 2842 2254 altum
2893 2199 3115 2271 sapiens
3161 2209 3218 2255 et
3257 2200 3527 2256 sublimes
3558 2200 3675 2273 spi-

2066 2289 2209 2344 ritus
2241 2305 2461 2361 gerens,
2499 2291 2767 2346 rationem
2805 2291 3094 2355 doctrinm,
3118 2308 3240 2362 qua:
3260 2309 3381 2348 eam
3406 2294 3678 2352 adversus

2064 2381 2200 2436 vitia
2233 2391 2501 2449 unxerat,
2537 2384 2843 2439 cessaverit
2885 2383 3159 2439 sciscitari
3198 2400 3297 2456 per
3332 2386 3674 2443 convenien-

2066 2480 2178 2528 tem
2230 2476 2627 2531 scrutationem
2664 2476 2733 2532 de
2771 2476 2839 2531 iis
2872 2492 2995 2547 quae
3044 2485 3174 2533 sunt
3208 2478 3420 2549 agenda
3470 2487 3528 2539 et
3562 2488 3675 2537 non

2066 2567 2297 2637 agenda,
2335 2584 2403 2623 ex
2436 2568 2745 2639 ignorantia
2781 2570 3009 2625 omnino
3052 2571 3272 2640 capitur
3303 2587 3334 2625 a
3367 2572 3537 2637 vitiis,
3575 2587 3677 2644 per

2066 2674 2190 2727 quae
2220 2676 2289 2715 ex
2323 2669 2479 2731 parte
2513 2677 2545 2716 a
2581 2662 2696 2718 Deo
2731 2672 3043 2733 separatus,
3072 2664 3127 2717 in
3163 2664 3561 2721 involuntariis
3585 2681 3677 2723 ea-

2067 2751 2220 2807 sibus
2255 2752 2472 2808 accedit
2508 2753 2576 2808 ad
2614 2754 2912 2818 daemones,
2940 2764 3191 2810 ventrem
3233 2756 3404 2811 Deum
3443 2756 3673 2825 faciens,

2066 2853 2122 2897 et
2159 2844 2312 2899 illinc
2347 2846 2540 2900 volens
2594 2845 2842 2900 invenire
2896 2861 3091 2901 eorum
3148 2864 3272 2918 quae
3323 2848 3504 2920 ipsum
3541 2866 3674 2922 pre-

2066 2944 2227 2991 munt
2268 2937 2726 2992 consolationem.
2774 2937 2832 2992 id
2870 2938 2968 2993 tibi
3014 2940 3350 3009 persuadeat
3384 2940 3538 3008 Saul,
3575 2942 3674 3014 qui

2066 3028 2122 3081 in
2159 3028 2420 3085 omnibus
2456 3046 2566 3085 non
2603 3038 2690 3087 est
2725 3047 2859 3086 usus
2891 3034 3128 3087 consilio
3161 3032 3455 3100 Samuelis,
3492 3045 3549 3092 et
3574 3050 3677 3093 ne-

2066 3120 2310 3176 cessario
2343 3130 2429 3176 est
2462 3136 2764 3177 conversus
2802 3122 2870 3176 ad
2899 3109 3288 3186 idololatriam,
3322 3133 3380 3179 et
3415 3134 3677 3197 tanquam

2065 3214 2231 3267 deum
2266 3214 2510 3283 aliquem
2543 3213 2809 3268 sustinuit
2844 3213 3117 3270 sciscitari
3157 3215 3590 3288 ventriloqnam.

2346 3353 2439 3408 EX
2494 3352 2701 3410 LIBllO
2762 3352 3081 3411 SECUNDO
3138 3354 3400 3414 REGUM.

2528 3468 2605 3522 De
2641 3468 2817 3523 David
2852 3478 2902 3522 et
2937 3471 3211 3526 Absalom.

2142 3579 2311 3633 David
2338 3589 2425 3634 est
2460 3595 2619 3635 mens
2652 3581 2849 3636 activa.
2886 3581 3128 3639 Absalon
3155 3593 3341 3639 autem
3376 3584 3446 3642 de
3474 3601 3533 3643 se
3561 3588 3679 3659 opi-

2069 3672 2184 3735 nio,
2225 3688 2390 3742 quam
2433 3673 2625 3743 genuit
2673 3689 2742 3728 ex
2791 3688 3091 3745 congressu
3143 3691 3273 3731 eum
3312 3692 3498 3733 sensu.
3538 3678 3676 3733 Nam

2072 3764 2472 3836 interpretatur
2528 3766 2753 3836 quidem
2803 3765 3081 3832 Absalon,
3135 3770 3307 3839 patris
3348 3787 3455 3841 pax
3491 3773 3675 3827 existi-

2071 3867 2238 3912 mata.
2274 3858 2671 3914 Existimantes
2706 3868 2892 3913 autem
2923 3874 3027 3915 nos
3058 3875 3180 3915 esse
3215 3871 3439 3931 pacatos
3469 3878 3500 3917 a
3526 3862 3679 3918 vitiis

2067 3960 2124 4007 et
2159 3941 2694 4021 perturbationibus,
2728 3952 3122 4008 constituimus
3155 3952 3224 4009 de
3260 3954 3424 4009 nobis
3459 3956 3678 4026 Opinio-

2068 4058 2216 4097 nem.
2255 4042 2429 4110 Quam
2460 4059 2586 4098 eum
2621 4043 2806 4098 dictus
2830 4044 2999 4099 David
3027 4044 3377 4114 cognovisset
3408 4045 3677 4104 adversus

2068 4150 2127 4189 se
2163 4136 2471 4207 insurgere,
2500 4146 2561 4191 ut
2594 4138 2688 4204 qui
2724 4147 2914 4208 ageret
2947 4152 3073 4192 eum
3108 4137 3447 4210 cognitione,
3477 4140 3676 4219 relicto

2068 4239 2257 4285 sancto
2296 4230 2687 4297 tabernaculo,
2722 4239 2779 4286 et
2812 4230 3187 4292 Hierusalem.
3224 4239 3281 4288 et
3309 4231 3532 4298 Iudaea,
3569 4234 3676 4292 hoc

2066 4333 2172 4388 est,
2210 4326 2442 4395 mystica
2488 4324 2784 4396 theologia,
2828 4334 2886 4379 et
2918 4324 3144 4395 pacifica
3190 4325 3507 4381 divinorum
3537 4343 3673 4383 con—

2068 4418 2448 4487 templatione,
2468 4425 2524 4472 et
2541 4422 2767 4489 propter
2784 4418 2925 4473 bona
2950 4418 3233 4488 praeterita
3251 4420 3456 4490 gratias
3477 4430 3673 4490 agente

2066 4508 2554 4581 eontemplatibne,
2593 4510 2732 4582 fugit
2761 4511 2830 4566 ad
2876 4510 3104 4575 Galaad,
3152 4512 3269 4566 sive
3318 4514 3676 4585 transmigrat

2065 4603 2132 4658 ad
2166 4604 2397 4658 luctum.
2432 4602 2833 4674 Interpretatur
2861 4603 3010 4658 enim
3035 4600 3240 4660 Galaad
3266 4608 3674 4677 transmigratio

2068 4696 2259 4752 luctus.
2294 4696 2566 4764 Quoniam
2601 4706 2787 4753 autem
2832 4696 3235 4767 interpretatur
3267 4698 3437 4753 etiam
3468 4698 3674 4756 Galaad

1993 4771 2465 4858 Dtransmigratio
2521 4788 2839 4852 testimonii,
2895 4796 2955 4842 et
3004 4795 3205 4856 praeter
3256 4803 3319 4843 ea
3366 4804 3489 4859 qua:
3525 4789 3673 4846 dicta

2063 4886 2194 4934 sunt
2244 4876 2539 4943 revelatio;
2594 4878 2797 4949 migrat
2831 4877 2999 4932 etiam
3055 4876 3123 4931 ad
3178 4878 3673 4949 reprehensionem

2061 4987 2185 5041 qum
2222 4970 2282 5025 fit
2315 4986 2418 5042 per
2456 4971 2889 5035 conscientiam,
2928 4980 2987 5026 et
3021 4986 3145 5041 quae
3179 4969 3242 5024 fit
3276 4988 3377 5042 per
3406 4973 3671 5044 speciem,

2060 5067 2415 5132 peccatorum
2451 5060 2954 5116 manifestationem
2983 5078 2997 5113 :
3028 5070 3084 5115 et
3128 5061 3203 5116 ita
3237 5076 3392 5116 suam
3424 5064 3674 5121 sentiens

2063 5152 2521 5217 imbecillitatem,
2571 5162 2630 5208 et
2668 5152 3041 5208 humilitatem
3082 5150 3151 5207 ad
3185 5152 3457 5208 auxilium
3496 5163 3671 5211 attra-

2062 5244 2221 5308 hens,
2255 5244 2323 5297 de
2354 5242 2541 5297 medio
2577 5243 2721 5297 tollit
2767 5251 3060 5313 tyrannum
3110 5242 3197 5297 sui
3230 5243 3571 5313 opinionem,
3616 5257 3675 5303 et

2063 5349 2257 5388 rursus
2291 5332 2437 5387 redit
2463 5332 2531 5387 ad
2558 5331 2826 5393 Iudaeam,
2858 5339 2913 5385 et
2940 5329 3306 5395 Hierusalem,
3335 5340 3391 5385 et
3418 5344 3673 5386 sanctum

2065 5428 2505 5489 tebernaculum,
2532 5426 2601 5480 ad
2629 5425 3057 5489 confessionem,
3086 5426 3333 5495 inquam,
3372 5435 3427 5480 et
3465 5428 3673 5497 gratia-

2064 5536 2187 5574 rum
2224 5520 2519 5583 actionem,
2560 5528 2617 5574 et
2663 5518 2949 5589 paciﬁcam
2992 5526 3049 5572 et
3082 5518 3447 5587 impatibilem
3476 5533 3675 5574 eorum

2062 5632 2185 5687 qua:
2204 5625 2335 5670 sunt
2358 5613 2883 5682 contemplationem
2925 5620 2980 5664 et
3006 5611 3283 5665 excelsam
3312 5610 3669 5680 theologiam.

2130 5709 2371 5765 Absalon
2402 5716 2489 5761 est
2518 5704 2700 5763 omnis
2725 5719 2991 5774 arrogans
3016 5712 3071 5757 et
3107 5705 3402 5774 superbus,
3434 5708 3527 5775 qui
3563 5724 3670 5763 nu-

2058 5802 2154 5855 trit
2189 5814 2425 5863 comam,
2466 5812 2664 5865 nempe
2700 5804 3058 5865 apparentem
3094 5795 3356 5850 virtutem
3386 5805 3444 5849 et
3482 5799 3671 5867 cogni-
