4098 6344
542 343 672 398 1251

1733 344 1789 397 S.
1830 341 2106 400 CYRILL!
2145 340 2232 396 ET
2273 331 2581 406 ALIORUM

3698 326 3841 389 res!

517 449 742 515 ‘tionein
763 501 776 514 .
812 466 866 510 et
897 467 1117 527 propter
1157 471 1278 512 eam
1322 456 1390 510 de
1423 472 1480 511 se
1512 457 1796 527 magniﬁce
1829 458 2106 516 sentiens,

2214 455 2493 523 ἢγνῶσιν,
2536 456 2629 507 καὶ
2667 455 2758 506 ἐπὶ
2783 455 2950 524 ταύτῃ
2992 453 3134 524 μέγα
3183 452 3417 523 φρονῶν,
3447 451 3555 505 διὰ
3613 453 3834 518 ταύτης

537 564 787 620 per-eam
815 550 1025 617 capitur
1051 548 1435 602 immittentem
1461 549 1511 602 ei
1549 547 1906 612 inﬂationem,
1935 555 1990 602 et
2015 548 2109 616 qui

535 657 604 695 ex
635 656 700 695 ea
740 640 950 694 exsistit
989 639 1304 702 interitum;
1340 646 1398 692 et
1444 638 1646 708 pendet
1682 641 1736 691 in
1772 639 1953 692 medio
1983 637 2108 692 coeli

535 741 592 785 et
639 741 815 785 terrae.
853 730 1038 798 Neque
1080 730 1227 783 enim
1275 731 1440 784 habet
1482 745 1661 782 veram
1706 729 2107 800 cognitionem.

535 837 658 890 qua:
689 837 814 876 eum
849 820 1014 874 veluti
1051 821 1105 874 in
1142 819 1343 875 cmlum
1377 835 1592 874 sursum
1629 820 1829 883 trahat,
1858 820 2108 874 deorsum

537 913 790 966 trahente
843 911 910 964 de
964 925 1023 964 se
1066 909 1343 978 opinione.
1398 908 1583 978 Neque
1625 923 1807 962 veram
1851 907 2108 960 virtutem

539 1011 793 1070 tanquam
847 1009 1045 1054 terram
1082 1001 1258 1069 ipsum
1313 1000 1569 1053 deorsum
1615 999 1945 1063 trahentem,
1983 1014 2108 1052 eum

539 1092 791 1145 deorsum
827 1090 1074 1143 trahente
1122 1088 1415 1142 inﬂatione.
1449 1087 1740 1142 Sauciatur
1774 1097 1954 1142 autem
1981 1101 2108 1154 pro-

538 1182 656 1250 prie
687 1181 862 1236 tribus
889 1181 1030 1242 telis,
1068 1195 1261 1248 nempe
1290 1187 1346 1232 et
1387 1178 1596 1248 pudore
1639 1179 1848 1232 inutilis
1888 1187 2108 1247 propter

537 1271 604 1326 de
631 1287 688 1325 se
727 1272 1037 1340 opinionem
1082 1270 1329 1333 actionis,
1383 1278 1440 1322 et
1482 1272 1886 1338 exspectatione
1919 1266 2107 1322 aeterni

537 1362 809 1432 supplicii.
841 1362 977 1415 Ante
1015 1362 1189 1430 ipsum
1223 1369 1404 1414 autem
1443 1362 1637 1430 laqueo
1677 1361 1905 1413 moritur
1939 1359 2104 1413 Achi-

539 1454 742 1523 tophel,
772 1455 863 1522 qui
900 1453 1290 1522 interpretatur
1321 1453 1484 1521 frater
1520 1452 1637 1505 doto
1669 1452 1934 1506 simulans
1975 1453 2109 1505 ami-

536 1546 714 1600 citiam
749 1555 766 1599 :'
805 1546 926 1599 talis
958 1554 1138 1598 autem
1159 1553 1244 1598 est
1284 1545 1550 1598 diabolus.
1588 1544 1656 1608 Is,
1696 1559 1821 1598 cum
1855 1561 1962 1599 non
1995 1545 2106 1598 fer-

539 1648 622 1690 ret
654 1651 712 1690 se
737 1651 856 1690 esse
883 1639 1109 1699 victum,
1141 1635 1456 1690 suffocatur.

614 1746 633 1776 ‹
663 1720 729 1780 Ει
760 1725 862 1778 fuit
889 1715 1058 1778 fames
1087 1726 1142 1778 in
1167 1724 1360 1778 diebus
1389 1723 1574 1807 David.
1601 1731 1716 1778 tres
1759 1738 1933 1778 annos
1961 1741 1973 1776 :
2007 1739 2104 1776 an-

2211 547 2520 611 ἀλίσκεται,
2553 547 2812 614 φυσίωσιν
2839 545 3218 615 ἐμποιησάσης
3255 543 3438 614 αὐτῷ,
3471 543 3588 596 καὶ
3623 543 3736 611 τὴν
3767 543 3833 593 ἐκ

2210 638 2418 708 ταύτης
2461 639 2756 701 ἀπώλειαν,
2797 637 2889 690 καὶ
2927 640 3199 706 κρεμᾶται
3253 638 3534 707 ἱνάμεσον
3579 635 3831 705 οὐρανοῦ

2211 731 2305 783 καὶ
2330 731 2454 800 γῆς.
2493 728 2629 782 Οὔτε
2660 729 2768 799 γάρ
2814 727 2931 800 ἔχει
2975 743 3176 792 γνωσιν
3204 725 3492 798 ἀληθινὴν,
3543 726 3831 793 καθάπερ

2209 821 2436 892 οὐρανὸν
2486 820 2812 876 ἀνέλκουσιν
2868 818 3028 871 αὑτὸν
3053 855 3070 883 ,
3116 817 3486 887 κατασπώσης
3535 817 3825 885 atque»?

2207 913 2328 966 οὔτε
2360 913 2468 984 μὴν
2505 914 2704 984 ἀρετὴν
2747 911 3005 981 ἀληθινὴν
3031 951 3046 972 ,
3078 909 3327 980 καθάπερ
3353 909 3460 978 γῆν
3487 908 3826 962 καθέλκου-

2211 1022 2310 1058 σαν
2337 1005 2518 1066 αὑτὸν,
2549 1001 2914 1071 κατασπώσης
2941 998 3279 1070 φυσιώσεως.
3313 999 3724 1070 Τιτρώσκεται
3763 997 3823 1049 δὲ

2204 1097 2354 1164 τρισὶ
2388 1095 2567 1166 βέλεσι
2607 1095 2811 1166 κυρίως
2833 1133 2847 1155 ,
2885 1096 2949 1163 τῇ
2977 1109 3036 1146 τε
3075 1091 3314 1163 αἰσχύνῃ
3344 1091 3443 1160 τῆς
3473 1087 3824 1157 ἀνωφελοῦς

2187 1188 2292 1264 χδιὰ
2321 1189 2420 1259 τὴν
2449 1191 2624 1258 οτησιν
2654 1174 2903 1259 πράξεως
2923 1227 2938 1250 ,
2967 1186 3061 1239 καὶ
3097 1187 3164 1255 τῇ
3194 1183 3386 1254 ἐκδοχῇ
3423 1184 3530 1252 τῆς
3572 1180 3826 1237 αἰωνίου

2207 1277 2500 1339 κολάσεως.
2530 1276 2764 1344 Θνήσκει
2796 1275 2852 1328 δὲ
2879 1274 2985 1345 πρὸ
3022 1272 3187 1327 αὑτοῦ
3215 1272 3280 1325 δι’
3308 1271 3552 1341 ἀγχόνης
3578 1273 3611 1324 6
3660 1271 3822 1337 ’Δχι-⁴

2205 1369 2388 1436 τὸφελ,
2440 1367 2870 1436 ἑρμηνευόμενος
2945 1363 3204 1432 ἀδελφὸς
3273 1362 3434 1430 δόλῳ
3499 1358 3812 1430 φιλάζων.

2207 1457 2461 1520 Τοιοῦτος
2501 1446 2557 1509 δὲ
2586 1459 2615 1512 6
2667 1455 2936 1518 διάδολοςι
2987 1447 3048 1506 οὖ
3096 1455 3274 1524 φέρων
3325 1452 3435 1524 γὰρ
3476 1451 3579 1523 τὴν
3622 1446 3822 1523 ἧτταν

2206 1551 2514 1619 ἀπάγχεται

2284 1745 2301 1778 ι
2336 1727 2446 1781 Καὶ
2465 1726 2680 1794 ἐγένετο
2701 1713 2855 1795 λιμὸς
2885 1724 2941 1776 ἐν
2975 1725 3093 1786 ταῖς
3123 1723 3358 1793 ἡμέραις
3381 1721 3571 1785 Δαδὶδ,
3595 1727 3644 1788 τ
3671 1719 3804 1788 ετη·

540 1834 642 1873 nus
671 1833 815 1872 anno
850 1819 1150 1872 coheerens.
1186 1817 1251 1870 Et
1277 1815 1528 1886 quaesivit
1569 1805 1739 1870 David
1772 1815 1968 1870 faciem
2000 1816 2106 1870 Do-

2209 1817 2448 1882 ἐνιαυτδς
2476 1809 2734 1889 ἐχόμενος
2765 1815 3034 1872 ἐνιαυτοῦ.
3084 1817 3195 1869 Καὶ
3233 1814 3468 1883 ἐζήτησε
3512 1811 3684 1865 Δαείδ
3739 1809 3805 1862 τὸ

537 1911 693 1975 mini,
712 1919 766 1964 et
790 1909 925 1964 dixit
943 1902 1206 1963 Dominus
1228 1928 1239 1960 :
1265 1909 1440 1978 Super
1458 1907 1607 1972 Saul,
1627 1919 1682 1964 et
1695 1924 1860 1978 super
1882 1908 2104 1964 domum

538 2006 654 2074 ejus
681 2009 764 2057 est
802 2001 1083 2070 iniquitas,
1127 2009 1417 2070 propterea
1477 2000 1624 2071 quod
1689 2013 1866 2056 morte
1924 2001 2108 2056 atl‘ecit

537 2094 866 2151 Gabaonitas
884 2093 948 2146 ³¹.
981 2112 1000 2145 ι

607 2187 776 2241 David
799 2175 1020 2255 quidem
1050 2195 1134 2239 est
1153 2185 1240 2240 lex
1264 2186 1564 2240 secundum
1594 2186 1870 2256 spiritum,
1899 2185 1994 2256 qui
2025 2196 2110 2240 est

539 2295 634 2334 rex
668 2270 1032 2348 spiritualium
1081 2279 1189 2332 Deo
1236 2279 1592 2333 servientium
1647 2277 2104 2332 Christianorum.

540 2370 669 2426 Saul
700 2378 882 2423 autem
905 2375 990 2423 est
1013 2368 1100 2421 lex
1129 2367 1432 2422 secundum
1457 2369 1718 2430 litteram,
1753 2369 1846 2437 qui
1874 2377 1980 2421 ~est
2015 2385 2108 2422 rex

536 2461 850 2518 Judzeorum
885 2453 1056 2514 Deum
1111 2459 1472 2528 corporaliter
1529 2459 1845 2513 colentium.
1886 2459 2020 2512 Nam
2052 2465 2108 2512 et

539 2552 709 2608 David
730 2553 1124 2622 interpretatur
1152 2560 1496 2620 contemptus,
1530 2560 1584 2604 et
1608 2552 1793 2604 visiom'
1829 2552 2104 2620 sufﬁciens.

537 2643 689 2700 Talis
725 2652 812 2699 est
856 2643 942 2697 lex
976 2644 1306 2713 evangelica,
1355 2643 1486 2696 illud
1525 2643 1746 2712 quidem
1799 2644 2109 2700 existimata

537 2735 684 2808 apud
713 2733 948 2799 Iudaeos,
980 2736 1082 2790 hoc
1099 2747 1280 2790 autem
1303 2736 1443 2804 apud
1467 2735 1824 2790 Christianos.

609 2827 727 2894 Quo
763 2826 924 2883 modo
958 2827 1121 2880 etiam
1145 2819 1274 2880 Saul
1315 2827 1708 2896 interpretatur
1747 2828 1901 2882 datus
1943 2827 2107 2898 {mori

539 2927 634 2974 aut
671 2918 838 2986 fenus.
875 2911 1025 2971 Talis
1050 2926 1229 2970 autem
1254 2926 1337 2971 est
1358 2911 1446 2971 lex
1467 2915 1722 2982 Mosaica,
1751 2917 1795 2972 si
1824 2919 1897 2972 ita
1923 2933 2107 2973 suma-

539 3021 629 3065 tur
664 3020 724 3064 ut
751 3017 1028 3080 spectetur
1055 3009 1260 3063 littera.
1308 3009 1440 3063 Data
1481 3018 1565 3064 est
1596 3007 1740 3064 enim
1774 3011 1842 3065 ad
1871 3021 2104 3080 tempus,

537 3113 594 3158 et
621 3116 792 3171 usque
825 3100 891 3154 ad
916 3101 1211 3155 adventum
1238 3103 1581 3171 evangelicae.
1609 3103 1743 3156 Nam
1773 3102 1874 3157 etsi
1914 3103 2102 3173 petitus

538 3195 779 3264 infernus
819 3193 924 3246 alia
971 3193 1183 3246 ratione
1240 3193 1629 3263 interpretatur
1663 3195 1812 3258 Saul,
1861 3204 2102 3250 attamen

538 3285 684 3356 quod
706 3294 790 3340 est
813 3284 904 3339 hic
925 3284 1281 3349 declaratum,
1306 3284 1669 3355 signiﬁcatum
1689 3290 2100 3358 est-proprium.

500 3385 508 3390 ”
539 3377 855 3433 Gabaonita:
887 3387 1071 3430 autem
1095 3385 1224 3431 sunt
1248 3393 1369 3446 quae
1393 3393 1461 3432 ex
1500 3381 1734 3434 naturali
1767 3382 2103 3450 contempla-

541 3473 689 3526 tione
716 3470 1062 3525 sublimiores
1080 3480 1206 3524 sunt
1231 3471 1489 3526 rationes.
1516 3474 1827 3529 Gabaonitze
1848 3477 1992 3530 enim
2021 3478 2104 3530 in-

541 3572 913 3632 terpretantur
935 3566 1173 3616 montani
1201 3562 1296 3617 aut
1337 3565 1604 3628 sublimes,
1641 3582 1778 3636 quos
1806 3583 2103 3624 conserva-

542 3652 618 3708 vit
645 3653 804 3707 Iesus
848 3652 992 3706 Nave
1048 3646 1213 3715 ﬁlius,
1278 3654 1582 3708 interfectis
1614 3657 1856 3726 quinque
1887 3659 2108 3729 regibus

540 3746 631 3815 qui
655 3742 919 3799 adversus
951 3757 1046 3797 eos
1068 3744 1271 3798 bellum
1299 3747 1560 3816 gerebant
1584 3768 1596 3801 :
1631 3759 1685 3804 et
1705 3751 1986 3804 constituit
2012 3768 2107 3806 eos

541 3836 894 3890 tabernaculo
946 3835 1238 3904 lignatores
1273 3846 1328 3891 et
1377 3851 1706 3907 aquatores,
1755 3842 2107 3912 praeﬁgurans

539 3926 722 3982 Iesum
755 3921 1054 3988 Christum,
1085 3924 1181 3993 qui
1221 3927 1422 3980 occidit
1460 3929 1516 3981 in
1545 3945 1695 3984 suam
1725 3933 1975 3986 redactos
2004 3949 2106 4004 po-

540 4023 792 4071 testatem
813 4030 881 4069 ex
907 4010 1162 4085 quinario
1197 4031 1362 4071 sensu
1382 4020 1639 4087 patibiles
1674 4023 2029 4092 cogitationes
2051 4033 2105 4079 et

541 4122 741 4170 mores,
772 4106 974 4160 bellum
999 4113 1251 4175 gerentes
1279 4108 1542 4165 adversus
1575 4111 1838 4167 sublimes
1862 4115 2107 4169 rationes

540 4212 608 4252 ex
626 4197 1081 4266 contemplatione
1100 4200 1357 4253 naturali.
1399 4199 1509 4254 Hos
1555 4212 1736 4257 autem
1781 4203 2108 4262 Gabaonitas

540 4286 826 4343 constituit
859 4263 1209 4344 taber/naculo
1250 4291 1560 4347 divinorum
1610 4297 2014 4365 mysteriorum,
2043 4299 2109 4354 li-

540 4389 794 4450 gnatores
814 4380 1056 4449 quidem,
1087 4389 1146 4434 ut
1175 4382 1268 4451 qui
1291 4385 1640 4454 suppeditent
1671 4391 1953 4444 materiam
1985 4408 2106 4462 quae

2207 1910 2497 1979 πρόσωπον
2531 1908 2757 1980 Κυρίου,
2791 1908 2883 1962 καὶ⁵
2915 1902 3034 1960 εἷπε
3067 1906 3288 1977 Κύριος·
3322 1905 3446 1958 Ἐπὶ
3480 1904 3654 1958 Σαοὺλ
3696 1903 3804 1954 καὶ

2206 2001 2298 2053 ἐπὶ
2327 2000 2419 2053 τὸν
2449 1995 2596 2053 οἷκον
2625 1998 2790 2053 αὑτοῦ
2838 2001 2872 2070 ὴ
2915 1999 3101 2054 ἀδικία
3125 2038 3139 2062 ,
3184 1997 3312 2065 περὶ
3365 1989 3428 2049 οὗ
3476 1995 3796 2049 ἐθανάτωσε

2205 2092 2332 2155 τοὺς
2363 2090 2738 2154 Γαϐαωνίτας.
2779 2110 2797 2142 ι

2280 2181 2442 2237 Δαεὶδ
2473 2176 2570 2253 μέν
2599 2185 2629 2235 6
2665 2183 2805 2236 κατά
2834 2183 2896 2237 τὸ
2927 2182 3145 2250 πνεῦμα
3182 2181 3374 2251 νόμος,
3405 2181 3436 2233 6
3480 2174 3793 2248 βασιλειῖευν

2208 2276 2315 2329 τῶν
2377 2274 2762 2344 πνευματικῶς
2818 2274 2937 2345 Θεῷ
2994 2273 3366 2343 λατρευόντων
3417 2269 3787 2340 Χριστιανῶν.

2211 2366 2382 2421 Σαοὺλ
2411 2367 2467 2420 δὲ
2508 2368 2538 2419 6
2582 2368 2722 2420 κατά
2753 2368 2986 2438 γράμμα
3015 2366 3176 2436 νόμος
3203 2408 3216 2430 ,
3267 2367 3295 2417 6
3330 2361 3630 2434 βασιλεύων
3678 2357 3793 2410 τῶν

2211 2456 2533 2528 σωματικῶς
2547 2455 2664 2526 Θεῷ
2684 2455 3050 2526 λατρεύοντων
3075 2456 3361 2511 Ἰουδαίων.
3395 2454 3548 2508 Ἐπεὶ
3578 2453 3792 2506 ardia-

2209 2551 2293 2602 ὅὶδ
2317 2547 2675 2619 ἑρμηνεύεται
2715 2548 3132 2614 ἐξουδένωσις,
3178 2550 3269 2601 καὶ
3320 2546 3530 2611 ίκανὸς
3553 2544 3781 2612 ὁράσει.

2208 2639 2461 2704 Τοιοῦτος
2486 2639 2545 2692 δὲ
2575 2640 2604 2691 6
2636 2633 2989 2708 εὐαγγελικδς
3046 2641 3224 2710 νόμος·
3255 2639 3315 2692 τὺ
3343 2638 3442 2708 μὲν
3481 2636 3612 2707 παρ’
3659 2636 3785 2688 Ἰον-

2206 2736 2378 2796 δαίοις
2407 2735 2783 2806 νομιζόμενος,
2813 2733 2875 2784 τὸ
2900 2731 2955 2784 δὲ
2988 2732 3137 2801 παρά
3170 2732 3537 2801 Χριστιανοῖς.

2283 2827 2489 2896 Ὥσπερ
2515 2825 2610 2880 καὶ
2633 2823 2806 2878 Σαοὺλ
2845 2822 3204 2895 ἑρμηνεύεται
3235 2819 3716 2890 δεδανεισμένος,
3745 2821 3778 2888 ἦ

2208 2919 2465 2973 δάνειον.
2495 2917 2746 2981 Τοιοῦτος
2785 2915 2844 2970 δέ
2889 2918 2919 2968 6
2959 2913 3249 2976 Μωσαῖκδς
3308 2914 3505 2982 νόμος,
3544 2912 3688 2964 κατὰ
3724 2911 3784 2961 τὸ

2210 3012 2444 3083 γράμμα
2489 3009 2922 3080 λαμϐανόμενος.
2970 3007 3313 3077 Πρόσκαιρος
3351 3005 3462 3074 γὰρ
3490 3005 3648 3074 ἐδόθη
3691 3007 3780 3056 και

2215 3103 2380 3173 μέχρι
2408 3105 2506 3174 τῆς
2555 3099 2852 3171 ἐπιδημίας
2878 3099 2973 3152 τοῦ
3008 3097 3380 3166 εὐαγγελικοῦ.
3429 3099 3494 3152 Et
3534 3097 3644 3167 γὰρ
3693 3098 3784 3150 καὶ

2207 3194 2447 3260 αἱτητὸς
2460 3193 2612 3261 ᾅδης
2633 3192 2755 3248 καθ’
2771 3192 2956 3261 ἕτερον
2970 3191 3126 3260 λόγον
3151 3193 3180 3245 6
3203 3190 3375 3244 Σαοὺλ
3397 3190 3781 3262 ἑρμηνεύεται,

2206 3286 2343 3339 ἀλλά
2370 3288 2429 3337 τὸ
2458 3283 2700 3354 δηλωθέν
2730 3283 3128 3353 σημαινόμενον
3160 3280 3391 3335 ἐνταῦθα
3430 3284 3653 3333 οἰκεῖον.
3683 3281 3787 3333 Γαο

2205 3377 2464 3430 ϐαωνϊται
2491 3377 2570 3439 δέ,
2599 3376 2649 3429 οἱ
2675 3377 2818 3429 κατὰ
2852 3377 2949 3445 τὴν
2976 3375 3211 3445 φυσικὴν
3236 3373 3469 3444 θεωρίαν
3519 3373 3787 3441 ὑψηλότε-

2207 3486 2291 3538 ροι
2318 3466 2840 3536 λόγοι.Γα6αωνῖται
2863 3465 2969 3537 γὰρ
2995 3466 3214 3535 ὀρεινοὶ
3237 3465 3270 3536 ἢ
3297 3466 3582 3536 μετέωροι
3613 3465 3788 3535 ἑρμη-

2205 3559 2468 3612 νεύονται.
2499 3557 2608 3623 Οὓς
2638 3559 2899 3614 διέσωσεν
2948 3557 3158 3629 Ἰησοῦς
3196 3559 3224 3611 6
3264 3558 3356 3612 τοῦ
3409 3547 3590 3628 Ναυῆ,
3646 3558 3788 3609 ἀπο-

2205 3653 2422 3714 κτείνας
2437 3653 2565 3716 τοὺς
2584 3650 2955 3722 πολεμοῦντας
2971 3651 3151 3714 αὐτοῖς
3181 3653 3223 3702 ε’
3248 3650 3504 3720 βασιλεῖς·
3537 3650 3629 3701 καὶ
3657 3659 3788 3702 κατε·

2208 3745 2430 3813 ἐστησεν
2453 3743 2649 3806 αὐτοὺς
2669 3746 2734 3812 τῇ
2761 3745 2931 3814 σκηνῇ
2964 3741 3286 3813 Ξυλοφόρους
3314 3743 3409 3795 καὶ
3433 3740 3783 3814 ὑδροφόρους,

2208 3835 2496 3906 προτυπῶν
2540 3834 2631 3888 τὸν
2682 3833 2890 3904 Ἰησοῦν
2937 3833 3194 3905 Χριστὸν.
3235 3833 3294 3898 ὃς
3335 3833 3625 3889 ἀπέκτεινε
3655 3836 3788 3896 τοὺς

2207 3927 2348 3981 κατὰ
2367 3927 2464 4000 τὴν
2486 3928 2810 3999 πενταδικην
2839 3927 3082 3995 τῖσθησιν
3108 3927 3472 3998 πολεμοῦντας
3502 3924 3614 3991 τοῖς
3643 3933 3784 3983 κατὰ

2205 4019 2304 4088 τὴν
2341 4017 2575 4088 φυσικὴν
2614 4016 2848 4081 θεωρίαν
2889 4016 3239 4088 inhio-repet;
3282 4018 3478 4086 λόγοις,
3516 4020 3783 4088 ἐμπαθεῖς

2205 4111 2502 4180 λογισμοὺς
2532 4112 2627 4163 καὶ
2666 4111 2922 4180 τρόπους,
2967 4113 3062 4164 καὶ
3095 4113 3606 4180 περιποιησάμενος.
3646 4110 3783 4163 Τού-

2205 4219 2329 4265 τους
2353 4203 2409 4254 δὲ
2432 4203 2557 4264 τοὺς
2576 4203 2799 4270 νοητοὺς
2824 4201 2862 4252 Γ
2867 4200 3170 4262 αὸαωνίτας
3191 4202 3489 4271 κατέστησε
3507 4205 3572 4270 τῇ
3607 4205 3777 4271 σκηνῇ

2207 4294 2315 4347 τῶν
2341 4293 2500 4348 θείων
2528 4294 2862 4363 μυστηρίων,
2898 4292 3221 4363 ξυλοφόρους
3245 4293 3362 4361 μὲν,
3391 4292 3465 4354 ὡς
3486 4293 3782 4361 χορηγοῦν-

2208 4402 2305 4447 τας
2339 4385 2471 4454 ὓλην
2507 4385 2806 4454 ιὼπτικὴν
2831 4383 2920 4437 τοῦ
2957 4384 3133 4452 φωτὸς
3157 4385 3257 4452 τῆς
3285 4383 3574 4450 γνώσεως·
3623 4385 3779 4454 ὐδρο-

537 4468 802 4523 accendat
826 4469 1008 4524 lucem
1045 4472 1394 4541 cognitionis,
1433 4486 1723 4544 aquatores
1778 4489 1982 4544 autem,
2047 4485 2106 4535 ut

2210 4479 2408 4548 φόρους
2440 4478 2516 4540 δὲ,
2551 4477 2628 4539 ὡς
2656 4475 2978 4545 κομίζοντας
3021 4477 3182 4547 ρύψιν
3212 4477 3322 4528 τῶν
3362 4476 3570 4530 παθῶν·
3605 4480 3636 4546 η
3673 4477 3780 4543 γὰρ

540 4560 634 4627 qui
658 4568 949 4630 apportent
976 4561 1237 4617 vitiorum
1272 4573 1329 4619 et
1366 4568 1840 4635 perturbationum
1869 4572 2110 4627 ablutio-

540 4662 684 4704 nem.
718 4649 852 4705 Nam
878 4668 998 4721 quae
1019 4661 1102 4708 est
1131 4657 1399 4711 naturalis
1450 4659 1504 4712 in
1535 4659 1732 4727 spiritu
1767 4667 2108 4734 contempla-

542 4741 638 4802 tio,
668 4757 790 4795 cum
815 4742 887 4796 sit
909 4744 1086 4799 media
1109 4745 1255 4800 inter
1284 4764 1465 4805 mores
1492 4763 1547 4808 et
1576 4755 1882 4820 veritatem,
1908 4758 1977 4810 ab
2001 4758 2110 4812 illis

539 4831 758 4901 quidem
781 4834 1023 4900 abducit,
1048 4838 1117 4891 ad
1143 4840 1282 4894 hanc
1306 4858 1434 4896 vero
1460 4847 1689 4902 reducit.
1710 4849 1816 4903 Eos
1841 4865 1973 4920 ergo
1989 4867 2112 4920 per-

542 4922 664 5013 imit
721 4921 870 5013 Saul,
926 4935 983 4979 et
1037 4929 1260 4997 expellit
1300 4942 1452 4987 extra
1499 4935 1809 4992 divinorum
1844 4951 2112 5013 mystago—

540 5011 704 5080 giam,
729 5011 879 5075 Saul,
913 5015 1155 5085 inquam,
1179 5021 1272 5090 qui
1305 5035 1389 5078 est
1410 5025 1496 5078 lex
1525 5023 1741 5090 litterae,
1773 5036 1830 5083 e‘,
1886 5041 1972 5085 est
2011 5011 2104 5086 rex

538 5116 730 5154 eorum
762 5101 855 5171 qui
879 5118 946 5157 ex
967 5106 1081 5160 solo
1103 5123 1265 5164 sensu
1295 5111 1504 5177 vivunt,
1531 5127 1588 5170 et
1616 5117 1658 5170 si
1683 5121 1808 5186 quis
1831 5121 1998 5174 solam
2025 5138 2112 5177 re-

541 5191 720 5247 tinens
747 5193 988 5249 litteram
1023 5212 1345 5267 aspernatur
1388 5213 1444 5261 et
1477 5205 1660 5263 abolet
1707 5209 1959 5279 spiritum
2013 5215 2106 5283 qui

539 5283 671 5334 latet
707 5283 808 5336 sub
838 5285 1037 5340 littera.
1077 5288 1334 5359 Figurant
1375 5305 1556 5351 autem
1590 5295 1903 5357 Gabaonitze
1934 5305 2098 5358 etiam

542 5371 795 5441 gentilem
823 5384 1029 5440 partem
1055 5394 1177 5446 qua:
1205 5394 1264 5434 se
1294 5380 1444 5438 dedit
1467 5383 1592 5439 Jesu
1616 5385 1839 5442 divisori
1872 5391 2100 5445 hmredi-

540 5459 662 5515 tatis
690 5461 996 5519 divinarum
1029 5470 1476 5538 promissionum,
1515 5485 1571 5530 et
1627 5492 1749 5546 (μιαί
1805 5481 1957 5549 jussa
2017 5493 2101 5537 est

537 5552 680 5606 ferre
705 5552 847 5623 ligna
869 5567 925 5610 et
945 5573 1164 5627 aquam,
1198 5562 1300 5618 hoc
1335 5573 1438 5628 est,
1473 5577 1690 5636 portare
1733 5573 2097 5641 cognitionem

619 5751 656 5780 "
691 5751 731 5805 ll
761 5753 893 5821 Reg.
928 5773 1035 5823 xxi,
1069 5761 1119 5812 1.

2211 4571 2269 4621 ὲν
2292 4567 2564 4639 πνεύματι
2590 4567 2793 4636 φυσικὴ
2815 4567 3014 4638 θεωρία
3045 4567 3186 4638 μέση
3210 4584 3292 4629 τις
3309 4563 3443 4621 οὖσα
3472 4569 3660 4622 τύπων
3686 4569 3778 4621 καὶ

2209 4658 2504 4727 ἀληθείας,
2549 4658 2655 4711 τῶν
2696 4658 2795 4726 μὲν
2825 4659 3054 4725 ἀπάγει,
3095 4657 3230 4728 πρὸς
3258 4656 3313 4710 δὲ
3352 4659 3453 4728 τὴν
3490 4659 3773 4724 ἐπανάγει.

2211 4749 2446 4812 Τούτους
2476 4757 2650 4802 τοίνυν
2684 4749 2895 4818 ἀναιρεῖ
2925 4749 3016 4801 καὶ
3049 4747 3156 4813 ἔξω
3191 4751 3335 4801 ποιεῖ
3361 4749 3460 4817 τῆς
3488 4749 3597 4801 τῶν
3621 4750 3780 4801 θείων

2213 4840 2602 4912 μυσταγωγίας
2626 4839 2817 4898 Σαοὺλ,
2848 4840 2877 4890 6
2906 4838 2999 4892 τοῦ
3026 4840 3350 4910 γράμματος
3382 4841 3567 4907 νόμος,
3605 4843 3632 4892 6
3669 4840 3778 4893 τῶν

2210 4933 2349 4986 κατά
2381 4934 2546 5002 μόνην
2571 4932 2670 5001 τὴν
2693 4929 2943 5000 αἴσθησιν
2973 4931 3190 4995 ζώντων
3230 4931 3529 5000 βασιλεύων
3549 4947 3565 4962 ·
3602 4933 3698 4984 καὶ
3729 4933 3782 4983 εξ

2207 5043 2293 5089 τις
2340 5025 2498 5094 μόνου
2551 5023 2644 5076 τοῦ
2685 5023 3012 5094 γράμματος
3057 5024 3444 5094 ἀντεχόμενος,
3495 5023 3683 5075 ἀθετεῖ
3717 5025 3778 5074 τὴ

2211 5116 2694 5188 ὑποκρυπτόμενον
2734 5115 2811 5186 τῷ
2849 5116 3135 5187 γράμματι
3167 5115 3404 5183 πνεῦμα.
3441 5113 3685 5168 Τυποῦτι
3722 5115 3776 5167 δὲ

2209 5212 2258 5263 οἱ
2291 5209 2624 5262 Γαϐαωνῖται
2654 5209 2745 5260 καὶ
2767 5206 2863 5278 τὴν
2896 5208 3115 5275 ἐθνικὴν
3153 5206 3346 5276 μερίδα
3371 5207 3449 5275 τῷ
3475 5206 3775 5276 κληροδότῃ

2209 5301 2318 5352 τῶν
2343 5300 2503 5352 θείων
2546 5297 2883 5366 ἐπαγγελιῶν
2927 5296 3122 5366 Ἰησοῦ,
3157 5298 3250 5349 καὶ
3292 5297 3779 5368 προσταττομένων

2213 5390 2523 5460 ξυλοφορεῐν
2552 5389 2646 5442 καὶ
2682 5388 3016 5459 ὑδροφορεῖν,
3043 5389 3186 5441 τοῦτ’
3215 5390 3360 5452 ἔστι,
3392 5389 3490 5458 τὴν
3524 5390 3653 5458 ’περὶ¹
3685 5387 3778 5440 τοῦ

2213 5485 2476 5554 σωτηρίου
2500 5481 2728 5554 σταυροῦ
2757 5484 2850 5536 καὶ
2879 5483 3140 5546 ζωοποιοῦ
3169 5484 3548 5554 βαπτίσματος
3580 5481 3778 5549 γνιῖισιν

2213 5576 2519 5644 βαστάζειν·
2551 5575 2646 5627 καὶ
2671 5574 2754 5628 διὰ
2789 5574 2889 5644 μὲν
2913 5574 3008 5644 τῆς
3039 5573 3345 5646 πρακτικῆς
3367 5592 3379 5604 ·
3412 5573 3489 5637 ὡς
3519 5573 3654 5641 ξύλα
3680 5575 3780 5644 τὴν

3979 42 4020 396 ἱ
