4098 6344
230 443 373 499 1253

1605 434 2134 491 ΟΟἸιΙιΕΟΤΑΝΕᾹε

3369 423 3509 489 1⁸9.δῦ

226 558 501 631 νέκρωσιν
546 553 656 609 τῶν
697 555 789 609 ἰπὶ
830 548 1150 625 γῆς’μελῶν
1198 550 1540 623 παραφέρειν
1558 556 1581 579 ⁸·
1622 550 1708 603 διὰ
1763 549 1819 602 δὲ

1931 547 2029 603 dec
2052 563 2182 603 ruee
2203 544 2428 601 salutari
2453 554 2508 599 et
2532 542 2751 598 viviﬁeo
2774 540 3103 612 baptismate
3126 556 3138 593 :
3159 549 3217 596 et
3238 554 3337 611 per
3366 544 3508 596 acti-

226 648 331 721 τῆς
361 647 734 718 θεωρητικῆς,
749 648 824 711 ὡς
850 646 995 717 ὕδωρ
1014 646 1112 715 τὴν
1140 640 1402 714 ἑπιρῤοὴν
1418 640 1518 710 τῆς
1538 638 1813 708 γνώσεως.

245 739 507 812 Ὠργίνσθη
542 739 643 811 μιν
669 736 763 793 οὖν
793 741 822 792 ό
849 738 981 799 Θεὸς
1001 778 1016 801 ,
1054 735 1143 791 διὰ
1185 735 1285 806 τὴν
1308 731 1418 786 τῶν
1450 730 1818 785 Γαϐαωνιτῶν

227 833 533 905 ἀναίρεσιν.
576 829 858 904 Ἑπήγαγε
895 830 953 884 δὲ
978 828 1069 883 τὸν
1099 827 1277 897 λιμὸν,
1301 826 1402 880 οὐκ
1434 826 1494 877 ὲν
1525 825 1647 886 ταῖς
1680 822 1819 893 ἠμέ-

234 942 357 995 ραις
388 923 487 978 τοῦ
521 923 804 986 ἀνελόντος
837 921 1035 982 αὐτοὺς
1064 917 1257 984 Σαοὺλ,
1299 916 1435 971 ἀλλὰ
1465 918 1523 969 ὲν
1567 918 1686 978 ταῖς
1724 914 1818 969 τοῦ

229 1000 398 1070 Ᾰαδίδ
418 1033 432 1046 ⁸
464 1016 547 1068 ὅτι
581 1014 722 1085 μηδὲ
746 1014 982 1082 πέφυκε,
1019 1009 1223 1072 ζῶντος
1247 1008 1340 1061 τοῦ
1371 1005 1602 1076 νομικοῦ
1640 1005 1821 1073 γράμ-

233 1121 405 1176 ματος
422 1106 516 1158 καὶ
534 1101 910 1175 βασιλεύοντος
926 1099 1036 1152 τῶν
1058 1096 1387 1167 σωματικῶν
1401 1094 1497 1148 καὶ
1513 1092 1703 1164 παχῶν
1721 1094 1820 1165 τὴν

226 1196 471 1252 διάνοιαν
519 1194 805 1260 Ἰουδαίων,
834 1189 1171 1260 γνωσθῆναι
1197 1188 1289 1241 τὸν
1323 1186 1483 1257 λιμὸν
1516 1186 1615 1256 τῆς
1658 1201 1817 1237 πνευ-

233 1288 473 1361 ματικῆς
498 1286 785 1357 γνῶσεως’
822 1283 938 1339 ἀλλ’
963 1280 1326 1342 ἀποθανόντος
1355 1278 1564 1331 ἐκείνου
1598 1275 1673 1347 τῷ
1722 1276 1823 1327 πέ-

235 1398 361 1454 ρατι
383 1381 479 1435 τοῦ
507 1380 701 1452 χρόνου
730 1374 826 1430 τοῦ
851 1374 1163 1447 ὁρισθέντος
1180 1375 1252 1443 τῇ
1283 1373 1570 1441 σωματικῇ
1591 1367 1822 1439 λατρεία

230 1472 332 1527 τοῦ
363 1473 558 1544 νόμου,
603 1469 805 1541 μᾶλλον
831 1469 890 1520 εν
927 1469 1046 1529 ταῖς
1070 1466 1308 1536 ἡμέραις
1342 1461 1505 1515 Δασιδ
1531 1460 1818 1529 γενέσθαι,

232 1566 332 1619 τοῦ
354 1563 583 1635 νομικοῦ
614 1561 759 1630 λέγω
802 1557 1151 1628 πνεύματος,
1188 1554 1284 1609 τοῦ
1324 1551 1821 1623 ύποκεκρυμμένου

230 1656 314 1728 τῷ
340 1654 669 1727 γράμματι,
702 1648 1018 1721 λάμψαντος
1045 1646 1149 1717 ἤδη
1178 1644 1275 1698 καὶ
1306 1640 1682 1714 βασιλεύοντος
1711 1639 1823 1693 τῶν

230 1742 625 1817 πνευματικῶν
665 1743 763 1796 καὶ
789 1739 1005 1794 λεπτῶν
1048 1735 1149 1808 τὴν
1182 1734 1423 1789 διάνοιαν
1454 1734 1819 1805 Χριστιανῶν.

232 1842 302 1896 οι
336 1839 436 1911 μὶν
472 1838 583 1909 γάρ
622 1836 753 1907 περὶ
799 1834 890 1889 τὸν
941 1831 1231 1903 εἰρημένον
1280 1829 1493 1893 Σαοὺλ,
1552 1829 1821 1909 μηδέποτε

1917 657 2041 695 vam
2073 638 2297 709 quidem
2348 647 2606 707 tanquam
2630 636 2775 706 ligna
2812 632 3170 689 circumferre
3205 632 3507 688 mortiﬁca-

1919 735 2123 788 tionem
2151 732 2528 787 membrorum
2560 744 2729 799 super
2764 735 3003 781 terrain:
3032 739 3133 796 per
3161 725 3493 796 contempla-

1918 826 2083 880 tivam
2112 834 2318 887 autem,
2356 832 2614 892 tanquam
2650 835 2871 890 aquam,
2922 816 3189 872 influxum
3239 816 3513 888 cognitio.

1917 918 2023 972 nis.
2084 918 2262 985 Atque
2291 916 2463 971 iratus
2508 912 2732 985 quidem
2763 911 2867 965 fuit
2898 911 3047 965 Deus
3073 919 3301 979 propter
3332 901 3537 963 inter?

1916 1009 2259 1079 emptionem
2288 1006 2743 1061 Gabaonitarum.
2777 1002 3011 1057 Immisit
3040 1010 3228 1055 autem
3284 999 3509 1063 lamem,

1918 1120 2030 1159 non
2067 1103 2124 1157 in
2152 1101 2352 1156 diebus
2378 1098 2559 1154 Saulis
2589 1097 2687 1167 qui
2720 1111 2815 1151 eos
2843 1095 3069 1159 occidit,
3099 1094 3194 1167 sed
3223 1094 3277 1147 in
3314 1091 3514 1148 diebus

1920 1195 2114 1259 David,
2144 1194 2407 1265 quoniam
2425 1206 2528 1246 nec
2558 1189 2891 1245 naturaliter
2916 1189 3033 1244 ﬁeri
3064 1188 3313 1259 potuerit
3341 1195 3403 1242 ut
3424 1187 3512 1241 vi-

1919 1296 2083 1345 vente
2120 1286 2407 1357 Scriptura
2437 1285 2596 1357 legali
2626 1294 2684 1339 et
2712 1298 2943 1355 regnum
2987 1280 3278 1337 obtinente
3302 1279 3357 1334 in
3384 1294 3512 1335 cor-

1921 1379 2137 1451 porales
2160 1388 2217 1434 et
2237 1378 2564 1449 cogitatione
2589 1392 2805 1432 crassos
2825 1374 3068 1438 Judazos,
3083 1381 3515 1445 cognosceretur

1921 1472 2094 1527 fames
2114 1457 2448 1542 cognitionis
2481 1468 2802 1539 spiritualis,
2850 1467 2945 1522 sed
2980 1474 3201 1521 mortuo
3252 1464 3349 1520 illo
3402 1462 3514 1520 ﬁne

1923 1564 2188 1635 temporis
2219 1562 2367 1635 quod
2402 1571 2525 1618 erat
2572 1561 2861 1617 deﬁnitum
2895 1558 3170 1631 corporali
3208 1558 3382 1613 cultui
3431 1558 3514 1612 le-

1922 1659 2025 1729 gis,
2046 1657 2100 1712 id
2125 1658 2300 1727 magis
2316 1656 2470 1711 fieret
2492 1656 2549 1710 in
2571 1654 2768 1710 diebus
2790 1652 3033 1717 Davidis,
3057 1650 3241 1723 legali,
3262 1651 3514 1721 inquam.

1924 1747 2119 1819 spiritu
2158 1749 2254 1817 qui
2291 1746 2448 1801 latuit
2496 1744 2599 1799 sub
2647 1743 2853 1803 littera.
2885 1743 2998 1813 jam
3056 1741 3412 1795 illucescente
3459 1748 3517 1794 et

1926 1853 2155 1911 regnum
2190 1838 2480 1893 obtinente
2513 1837 2568 1891 in
2602 1835 2920 1905 spirituales
2962 1841 3019 1889 et
3054 1833 3388 1903 cogitatione
3417 1848 3517 1887 su-

643 1906 897 1995 yvtbcsto;
919 1921 1345 1984 ἀπολαύσαντες,
1399 1918 1523 1972 οὐδὲ
1546 1906 1635 1971 τὸν
1660 1919 1819 1988 λιμὸν

1931 1906 2091 1987 btiles
2104 1930 2473 1987 Christianos.
2491 1928 2625 1984 Nam
2647 1927 2742 1997 qui
2764 1926 2990 1981 fuerunt
3006 1924 3209 1985 Saulis.
3232 1938 3517 1995 nunquam

232 2023 410 2093 αὐτῆς
454 2019 720 2091 ἠδύναντο
760 2016 987 2086 γνῶναι.
1036 2012 1209 2085 Λιμὸς
1248 2012 1356 2082 γάρ
1386 2013 1537 2065 ἐστιν
1579 2009 1820 2079 ἔκλειψις

230 2114 342 2171 τῶν
368 2113 508 2168 κατὰ
552 2114 751 2181 πεῖραν
783 2104 1004 2177 ἀγαθῶν
1030 2104 1418 2174 ἐγνωσμένων.
1464 2101 1732 2157 Ἐνταῦθα
1761 2101 1820 2155 δὲ

232 2208 329 2263 καὶ
364 2206 561 2269 σπάνις
586 2202 695 2258 τῶν
720 2197 1113 2270 πνευματικῶν
1141 2199 1242 2267 τῆς
1271 2196 1449 2267 ψυχῆς
1482 2194 1814 2266 βρωμάτων.

230 2300 301 2354 οι
344 2299 391 2353 δ’
417 2298 562 2369 ἀμφὶ
586 2294 679 2349 τὺν
717 2290 1028 2363 animum
1066 2288 1231 2343 Aa6‘t6
1253 2330 1268 2351 .
1298 2280 1447 2341 οὗτοι
1476 2286 1712 2357 μάλιστα
1739 2286 1823 2338 λι-

236 2387 513 2461 μώττουσι
538 2382 730 2437 τοῦτον
758 2381 850 2433 τὸν
879 2377 1057 2449 λιμδν,
1094 2378 1225 2431 ὅταν
1250 2375 1556 2446 περιέπωσι
1591 2375 1644 2427 τὸ
1665 2374 1823 2441 γένος

234 2478 434 2543 Σαοὺλ,
460 2480 518 2531 ὲν
546 2475 625 2547 τῷ
653 2474 938 2546 περιέπειν
971 2471 1033 2525 τὺ
1062 2470 1319 2542 γράμμα,
1353 2469 1449 2523 καὶ
1492 2466 1823 2537 σωματικῶς

235 2566 663 2651 ὺιδέχεσθαιρά
711 2564 812 2631 τῆς
855 2562 1005 2625 Θείας
1052 2561 1294 2651 Γραφῆᾼς.
1333 2560 1477 2651 Περὶ
1518 2553 1822 2651 οὖηγὲνους

234 2659 526 2731 προϊόντες
561 2647 815 2727 ἐροῦμεν.
849 2652 1021 2723 Λιμὸς
1044 2652 1102 2705 δὲ
1122 2649 1292 2722 τριῶν
1326 2650 1489 2715 ὲτῶν,
1520 2650 1553 2719 ἡ
1586 2647 1824 2717 ἔλλειψις

235 2751 341 2821 τῆς
365 2749 509 2804 κατά
536 2749 665 2810 τοὺς
694 2748 843 2814 τρεῖς
881 2744 1101 2813 νόμους,
1131 2742 1222 2795 τόν
1252 2758 1313 2794 τε
1342 2740 1575 2810 φυσικὸν
1602 2741 1699 2793 καὶ
1728 2740 1824 2792 τὸν

236 2838 552 2901 Μωσαῖκδν,
580 2837 675 2889 καὶ
700 2837 795 2888 τὸν
838 2830 1216 2901 εὐαγγελικδν,
1266 2830 1649 2899 πνευματικῆς
1678 2827 1823 2897 γνώ-

237 2948 401 2996 σεως.
448 2930 512 2982 Ἦ
548 2927 659 2999 γὰρ
684 2926 861 2979 ἐνδεια
892 2928 993 2995 τῆς
1019 2922 1163 2976 κατὰ
1189 2922 1282 2975 τὸν
1319 2922 1618 2976 Μωσαῖκὸν
1660 2910 1823 2990 νόμον

240 3020 618 3094 πνευματικῆς
676 3016 945 3087 θεωρίας,
1001 3014 1115 3085 εχει
1153 3012 1549 3083 παρεπομένην
1586 3012 1679 3064 καὶ
1726 3012 1825 3081 τὴν

240 3116 387 3172 κατὰ
414 3110 787 3183 τὸνφυσικὺν,
816 3108 911 3163 καὶ⁵
931 3107 1032 3179 τὴν
1061 3106 1199 3162 κατὰ
1221 3107 1314 3159 τὸν
1344 3104 1720 3175 εύαγγελικόνο
1747 3104 1828 3156 διὸ

240 3208 340 3263 καὶ
367 3206 617 3276 ἀλλήλων
644 3201 864 3274 ἔχεσθαι
883 3199 1156 3268 λέγονται.
1186 3198 1300 3251 Καὶ
1326 3196 1503 3261 ἄλλως
1530 3196 1640 3267 γὰρ
1676 3197 1705 3247 ὁ
1738 3196 1827 3247 τὸν

240 3269 535 3354 Μωσαῖκδν
584 3269 748 3365 νόμον
812 3289 1141 3362 σωματικῶς
1195 3289 1510 3359 λαμὸάνων,
1570 3286 1830 3357 λιμώττει
1857 3269 1899 3326 C

241 3391 314 3446 τά
371 3388 502 3459 τρία
555 3382 784 3439 ταῦταά
833 3383 1059 3454 ἀρετὴν,
1110 3382 1204 3434 καὶ
1253 3379 1469 3433 θέωσιν.
1517 3379 1729 3457 Ὥσπερ
1774 3378 1830 3431 δὲ

240 3482 301 3535 τὲ
342 3479 634 3551 πρόσωπον
674 3474 1176 3547 χαρακτηριστικόν
1220 3474 1339 3527 ἐστι
1388 3472 1485 3525 τοῦ
1532 3472 1656 3526 καθ’
1702 3473 1834 3526 ἔκαε

246 3591 395 3637 στον,
450 3574 623 3637 οὕτως
657 3573 751 3626 καὶ
782 3572 817 3641 ἡ
876 3568 1219 3640 πνευματικὴ
1268 3567 1470 3635 γνῶσις
1515 3567 1835 3637 ἔμφατικῶς

244 3664 645 3741 χαρακτηρίζει
677 3662 741 3717 τὸ
766 3662 942 3717 Θεῐον·
974 3664 1041 3731 ἢν
1068 3663 1097 3713 ὀ
1122 3658 1385 3729 ἐκζητῶν,
1422 3658 1641 3726 λέγεται
1673 3656 1835 3727 ἐκζηο

243 3760 361 3812 τεϊν
412 3757 475 3810 τὸ
521 3756 811 3825 πρόσωπον
853 3752 947 3807 τοῦ
993 3752 1238 3823 Κυρίου,
1291 3750 1435 3805 κατὰ
1480 3750 1573 3803 τδν
1625 3750 1830 3811 Δαεὶδ,

246 3849 343 3903 καὶ
375 3848 640 3920 μάνθανει
687 3846 787 3918 τὴν
841 3844 1024 3899 αἰτίαν
1075 3843 1172 3897 τοῦ
1220 3844 1466 3898 τοιούτου
1500 3842 1698 3914 λιμοῦ.
1751 3844 1834 3896 ὅτι

245 3939 391 3994 κατὰ
412 3937 507 3993 τοῦ
537 3935 741 4001 Σαοὺλ,
772 3937 870 3991 καὶ⁵
897 3936 1039 3989 κατὰ
1066 3934 1162 3989 τοῦ
1199 3934 1350 3989 οἴκου
1376 3932 1541 3987 αὑτοῦ
1584 3936 1616 4003 ὴ
1650 3934 1834 3987 ἀδικία

248 4027 414 4100 αὕτη,
437 4028 507 4098 ἢν
528 4027 757 4097 ἠδίκησε
782 4026 911 4090 τοὺς
941 4025 978 4077 Γ
981 4024 1308 4087 αὸαωνίτας.
1367 4024 1509 4078 Ἀνθ⁹
1539 4026 1663 4077 ὅτου
1701 4023 1833 4093 γάρ,

246 4118 437 4193 εξησὶν,
485 4114 809 4171 ὲθανάτωσε“
841 4117 969 4179 τοὺς
994 4115 1345 4177 Γαϐαωνίτας
1364 4156 1379 4180 ,
1415 4115 1493 4179 ὼς
1519 4113 1833 4185 προτεθεώ-

249 4228 431 4283 ρηται.
461 4205 624 4273 Οἶκος
649 4208 708 4263 δὲ
738 4208 1005 4264 Each).er
1054 4209 1209 4275 γένος
1241 4206 1433 4268 αὑτοῦ,
1466 4206 1613 4261 τοῦτ’
1664 4207 1835 4271 ἐστιν,

245 4304 299 4358 οί
332 4302 655 4371 ἀγαπῶντες
688 4302 869 4354 αὐτόν.
908 4296 1035 4354 Εἶεν
1066 4300 1115 4353 δ’
1148 4300 1214 4354 ἂν
1255 4294 1400 4354 οὗτοι
1445 4301 1496 4353 οἱ
1532 4300 1683 4371 μόνοι
1737 4300 1834 4354 τοῦ

245 4398 579 4470 γράμματος
608 4396 977 4467 ἀντεχόμενοι.
1022 4415 1039 4447 ι
1068 4397 1177 4451 Καὶ
1210 4396 1459 4462 ἐκάλεσε,
1489 4397 1643 4465 φησὶ,
1674 4397 1839 4451 Δασὶδ

246 4490 378 4552 τοὺς
408 4488 762 4551 Γαϐαωνίτας
796 4489 894 4541 καὶ
922 4482 1077 4541 εἶπεν
1100 4488 1303 4550 αὐτοῖς·
1328 4487 1395 4540 Τί
1428 4488 1641 4559 ποιήσω
1683 4488 1833 4556 ὑμῖν,

248 4582 347 4635 καὶ
372 4582 435 4634 ιν
455 4581 561 4635 τίνι
601 4580 947 4649 ἑξιλάσομαι,
984 4580 1081 4633 καὶ
1129 4579 1453 4649 εύλογήσετε
1498 4580 1597 4651 τὴν
1635 4580 1835 4650 κληρο-

252 4670 447 4742 νομίαν
470 4672 713 4743 Κυρίου;
747 4672 859 4725 Καὶ
884 4667 1037 4724 εἷπον
1074 4672 1211 4741 πρὸς
1238 4669 1331 4723 τὸν
1359 4670 1604 4741 βασιλέα⁶
1624 4671 1682 4724 '0
1703 4672 1841 4742 ἀνὴρ

249 4762 311 4827 ὂς
339 4762 686 4817 συνετέλεσεν
723 4762 894 4832 ἡμᾶς,
928 4762 1023 4814 καὶ
1068 4759 1288 4825 ἐδίωξεν
1312 4761 1481 4832 ἡμᾶς,
1521 4764 1613 4814 καὶ
1667 4762 1842 4829 ἐλογί-

253 4872 387 4910 σατο
407 4853 791 4925 ἂξολοθρεῦσαι
818 4855 987 4925 ἡμᾶς,
1028 4853 1379 4923 άφανίσωμεν
1411 4854 1595 4917 αὐτὸν,
1634 4852 1729 4905 τοῦ
1767 4854 1841 4924 μὴ

250 4947 477 5003 ἑστάναι
513 4947 678 5001 αὑτὸν
707 4948 767 5000 ὲν
810 4946 974 4999 παντὶ
1017 4945 1150 5017 όρίῳ
1172 4944 1409 5015 Ἰσραήλ.
1453 4945 1584 4997 Δότε
1622 4947 1751 5015 ἡμῖν
1797 4945 1843 5009 ζ’

250 5039 454 5109 ἄνδρας
492 5040 559 5091 ὲκ
596 5037 707 5091 τῶν
736 5036 870 5091 υἱῶν
900 5034 1090 5096 αὑτοῦ,
1119 5036 1214 5088 καὶ
1246 5034 1609 5106 ἑξηλιάσομεν
1641 5037 1841 5100 αὐτοὺς

253 5131 334 5202 τῷ
360 5130 550 5201 Κυρίῳ
563 5131 622 5184 ἐν
642 5129 720 5200 τῷ
757 5129 930 5201 βουνῷ
951 5127 1140 5182 Σαούλ.
1164 5129 1274 5182 Καὶ
1308 5127 1499 5183 ἔλαϐεν
1524 5130 1554 5182 ὁ
1585 5127 1840 5198 βασιλεὺς

254 5225 384 5287 τοὺς
423 5223 468 5295 β’
496 5222 650 5286 υἱοὺς
670 5222 906 5293 Ῥεσφᾶς
934 5221 1216 5291 παλλακῆς
1233 5220 1425 5281 Σαοὺλ,
1452 5220 1838 5291 τδνἙρμονθὶ,

256 5316 355 5371 καὶ
377 5316 470 5369 τδν
486 5314 867 5386 Μεμφιὸοσὲθ,
892 5313 989 5368 καὶ
1024 5314 1154 5377 τοὺς
1190 5320 1233 5367 ε’
1270 5313 1424 5376 υίοὺς
1453 5312 1656 5383 Μερῲὸ
1674 5311 1843 5380 θυγα-

164 5436 167 5437 ν
254 5405 387 5475 τρδς
418 5402 614 5464 Σαούλ.
656 5401 753 5466 οὓς
788 5402 943 5456 ἔτεκε
973 5402 1055 5473 τῷ
1081 5401 1325 5475 Ἐσριὴλ,
1371 5402 1467 5455 καὶ
1510 5401 1713 5455 ἔδωκεν
1740 5404 1841 5456 αύ-

249 5496 381 5559 τούς
412 5498 473 5550 ιν
495 5496 642 5567 χειρὶ
663 5493 778 5548 τῶν
802 5493 1166 5560 Γαϐαονιτῶν,
1197 5495 1291 5548 καὶ
1316 5493 1611 5565 ἑξηλίασαν
1642 5496 1843 5559 αὐτοὺς

251 5588 313 5640 ὲν
359 5585 440 5658 τῷ
480 5588 599 5659 ὄρει
646 5586 890 5642 ἐναντίον
928 5588 1157 5660 Κυρίου,
1206 5587 1303 5641 καὶ
1336 5587 1530 5642 ἔπεσον
1564 5590 1680 5642 ἐκεῖ
1707 5588 1759 5641 οἱ
1795 5588 1841 5652 ζ’

1924 2024 2287 2096 spiritualiter
2334 2021 2571 2077 assecuti
2628 2020 2854 2075 fuerunt
2884 2017 3275 2089 cognitionem.
3334 2031 3518 2086 neque

1926 2124 2230 2187 potuerunt
2260 2114 2383 2185 ejus
2409 2112 2609 2167 famem
2651 2125 3004 2181 cognoscere.
3035 2110 3229 2165 Fames
3253 2109 3402 2163 enim
3432 2115 3521 2163 est

1927 2208 2175 2263 defectus
2197 2207 2471 2260 bonorum
2501 2205 2845 2274 cognitorum
2878 2202 3253 2273 experientiae.
3297 2200 3397 2255 liic
3422 2215 3520 2255 au-
3586 2266 3589 2267 ν

1928 2306 2040 2353 tem
2062 2305 2147 2353 est
2169 2297 2336 2352 etiam
2363 2295 2593 2365 penuria
2628 2293 3001 2364 spiritualium
3022 2292 3275 2347 ciborum
3296 2291 3514 2346 animae.

1928 2390 1967 2444 Ε
1997 2397 2179 2443 autem
2206 2388 2274 2442 de
2310 2387 2512 2458 quibus
2532 2386 2772 2441 diximus
2799 2384 2894 2455 qui
2924 2392 3057 2439 sunt
3083 2383 3325 2445 Davidis.
3354 2384 3389 2437 ii
3414 2383 3519 2439 hac

1927 2482 2071 2537 fame
2115 2482 2352 2536 maxime
2406 2480 2683 2543 esuriant.
2737 2478 2961 2549 quando
3004 2476 3313 2533 defendunt
3346 2491 3520 2547 genus

1930 2571 2111 2630 Saulis
2142 2574 2199 2629 in
2232 2572 2579 2629 defendendo
2622 2572 2886 2631 litteram.
2932 2579 2989 2627 et
3016 2569 3339 2641 accipiendo
3368 2568 3519 2625 Scri-

1930 2674 2149 2735 pturam
2174 2662 2552 2733 corporaliter.
2573 2661 2651 2717 De
2670 2676 2782 2731 quo
2802 2676 3003 2732 genere
3024 2660 3276 2715 dicemus
3296 2673 3524 2729 progre-

1930 2755 2166 2810 dientes.
2205 2753 2399 2808 Fames
2427 2761 2609 2807 autem
2652 2752 2821 2806 trium
2850 2766 3123 2806 annorum
3159 2757 3245 2806 est
3271 2749 3524 2805 defectus

1931 2846 2239 2917 Spiritualis
2295 2844 2628 2915 cognitionis
2671 2860 2793 2914 qua:
2822 2852 2905 2899 est
2951 2859 3021 2899 ex
3077 2844 3257 2899 tribus
3283 2842 3519 2914 legibus.

1933 2938 2191 3001 naturali.
2225 2938 2460 2993 Mosaiea
2512 2946 2568 2991 et
2594 2937 2930 3009 evangelica.
2964 2936 3199 2993 Penuria
3226 2937 3373 2992 enim
3413 2936 3526 3007 spi-

1933 3032 2149 3087 ritualis
2172 3031 2678 3101 contemplationis,
2718 3046 2842 3101 qua:
2868 3039 2957 3085 est
2996 3046 3064 3086 ex
3098 3032 3220 3101 lege
3262 3029 3521 3093 Mosaica.

1933 3121 2101 3176 habet
2127 3120 2294 3176 etiam
2347 3127 2781 3190 consequentem
2835 3120 3379 3190 contemplationem.
3411 3127 3524 3173 tam

1933 3230 2057 3285 qua:
2076 3222 2163 3269 est
2187 3230 2253 3268 ex
2284 3214 2403 3283 lege
2433 3212 2691 3275 naturali.
2717 3227 2883 3282 quam
2909 3227 3030 3282 quae
3054 3227 3123 3285 ex
3140 3212 3260 3283 lege
3283 3226 3524 3282 evange-

1933 3309 2059 3367 lica.
2090 3315 2147 3361 et
2171 3305 2298 3360 ideo
2327 3305 2591 3359 dicuntur
2623 3306 2770 3359 inter
2793 3320 2853 3359 se
2884 3304 3187 3359 coluerere.
3220 3303 3289 3358 Et
3316 3303 3523 3374 alioqui

1933 3398 2031 3469 qui
2061 3398 2233 3467 legem
2268 3397 2562 3451 Mosaicam
2594 3396 2795 3465 accipit
2822 3395 3208 3466 corporaliter.
3253 3396 3372 3451 hazc
3416 3395 3524 3450 tria

1934 3487 2129 3550 esurit.
2154 3487 2547 3555 cognitionem,
2573 3485 2862 3547 virtutem.
2899 3485 3333 3541 deificationem.
3374 3485 3523 3553 Quo-

1935 3579 2100 3634 modo
2159 3587 2341 3645 autenj
2393 3576 2562 3632 facies
2619 3578 2883 3647 exprimit
2918 3593 3392 3647 unumquemque.
3451 3578 3526 3633 ita

1935 3672 2099 3726 etiam
2128 3669 2432 3741 spiritualis
2455 3670 2697 3740 cognitio
2720 3670 2895 3724 Deum
2934 3671 3222 3727 evidenter
3244 3670 3523 3739 exprimit.

1936 3761 2109 3828 Quam
2133 3761 2227 3831 qui
2249 3761 2512 3830 exquirit,
2566 3760 2771 3815 dicitur
2827 3760 2922 3815 Dei
2990 3760 3185 3815 faciem
3234 3762 3528 3831 exquirere

1930 3856 2085 3927 juxta
2144 3853 2448 3916 Davidem.
2507 3859 2566 3906 et
2626 3851 2791 3906 discit
2859 3867 3082 3907 causam
3145 3853 3267 3922 ejus
3341 3853 3525 3916 famis,

1935 3962 2134 4017 nempe
2184 3945 2332 4016 quod
2402 3944 2668 4000 adversus
2724 3944 2945 3999 Saulem
3007 3955 3065 3999 et
3124 3944 3246 4013 ejus
3302 3945 3528 3999 domum

1937 4047 2023 4091 est
2095 4036 2214 4091 hzec
2269 4035 2578 4105 iniquitas.
2645 4052 2742 4107 qui
2823 4035 3023 4105 injuria
3073 4034 3252 4089 aﬂ‘ecit
3310 4034 3529 4090 Gabao-

1938 4127 2104 4182 nitas.
2146 4127 2443 4197 Propterea
2516 4128 2665 4181 enim
2700 4171 2714 4193 ,
2816 4127 3018 4197 inquit.
3120 4126 3267 4197 quod
3346 4133 3528 4183 morte

1939 4218 2128 4273 affecit
2194 4217 2553 4281 Gabaonitas,
2637 4226 2698 4271 ut
2743 4216 2902 4287 prius
2952 4217 3056 4271 fuit
3096 4217 3527 4271 eonsideratnm.

1941 4312 2146 4365 Domus
2182 4319 2366 4364 autem
2406 4309 2590 4364 Saulis
2632 4318 2720 4364 est
2768 4324 2942 4379 genus
2985 4314 3139 4379 ejus,
3177 4308 3284 4363 hoc
3317 4318 3403 4363 est
3432 4310 3529 4378 qui

1940 4388 2066 4457 eum
2100 4403 2360 4480 diligunt.
2401 4403 2441 4456 li
2471 4413 2654 4457 autem
2679 4413 2808 4456 sunt
2831 4402 2927 4472 qui
2954 4402 3127 4456 solam
3152 4401 3398 4456 retinent
3432 4401 3527 4456 lit-

1941 4502 2142 4563 teram.
2180 4514 2196 4539 ι
2240 4494 2307 4548 Et
2354 4495 2593 4557 vocarit.
2634 4494 2835 4563 inquit.
2880 4492 3051 4548 David
3088 4492 3443 4555 Gabaonitas,
3475 4504 3531 4547 et

1874 4618 1917 4671 Β
1944 4585 2084 4640 dixit
2104 4586 2187 4639 eis
2216 4603 2230 4638 ε
2254 4584 2395 4651 Quid
2431 4584 2629 4638 faciam
2652 4585 2833 4647 vobis.
2860 4595 2915 4639 et
2959 4586 3015 4638 in
3054 4600 3165 4653 quo
3193 4586 3445 4654 placabo.
3475 4595 3530 4639 et

1947 4674 2291 4730 benedicetis
2316 4674 2697 4730 hzereditatem
2721 4676 2981 4731 Domini?
3002 4676 3067 4730 Et
3093 4676 3352 4730 dixerunt
3377 4677 3487 4745 regi
3514 4695 3527 4729 :

1947 4767 2043 4821 Vir
2069 4767 2163 4837 qui
2190 4783 2295 4821 nos
2315 4767 2722 4822 consummavit
2748 4777 2804 4821 et
2835 4783 2937 4822 nos
2972 4778 3059 4823 est
3084 4777 3433 4837 persecutus.
3472 4779 3531 4823 et

1945 4858 2208 4928 cogitavit
2250 4875 2355 4913 nos
2392 4860 2615 4929 penitus
2652 4859 2862 4923 delere,
2918 4859 2987 4914 de
3048 4860 3235 4915 medio
3274 4860 3534 4915 tollamus

1942 4966 2105 5015 eum,
2150 4960 2210 5004 ut
2251 4966 2361 5005 non
2413 4961 2521 5006 stet
2556 4952 2677 5021 ipse
2735 4952 2790 5005 in
2824 4951 2973 5006 omni
3016 4953 3257 5007 termino
3290 4953 3529 5007 lsraelis.

1945 5042 2082 5097 Date
2120 5044 2285 5097 nobis
2327 5052 2537 5113 septem
2579 5045 2733 5099 viros
2779 5059 2848 5099 ex
2890 5043 3019 5100 [iliis
3048 5047 3170 5115 ejus
3197 5063 3210 5098 :
3236 5056 3295 5100 et
3324 5061 3422 5100 eos
3464 5047 3530 5100 ad

1946 5131 2119 5185 solem
2155 5146 2497 5201 exponemus
2530 5132 2766 5187 Domino
2794 5132 2851 5187 in
2883 5133 3023 5187 colle
3049 5132 3202 5188 Saul.
3231 5134 3299 5189 Et
3321 5136 3536 5203 accepit

1948 5238 2047 5276 rex
2112 5221 2256 5278 duos
2299 5221 2442 5277 filios
2478 5222 2713 5292 Respha:
2770 5223 3094 5278 concubinae
3145 5222 3348 5286 Saulis.
3393 5222 3531 5277 ller-

1950 5313 2166 5367 monthi
2202 5322 2259 5369 et
2290 5314 2748 5385 Memphibosetb,
2797 5324 2855 5370 et
2886 5316 3134 5386 quinque
3174 5315 3317 5370 filios
3348 5315 3536 5371 Merob

1950 5403 2077 5461 illia:
2108 5404 2261 5472 Saul,
2287 5422 2428 5477 quos
2459 5406 2679 5479 peperit
2703 5407 2905 5472 Esriel,
2927 5418 2984 5463 et
3009 5407 3165 5463 dedit
3192 5424 3292 5463 eos
3316 5409 3372 5462 in
3416 5424 3534 5461 ma-

1947 5513 2081 5551 num
2120 5497 2576 5565 Gabaonitarum,
2614 5508 2674 5555 et
2711 5515 2811 5555 eos
2846 5507 3224 5570 exposuerunt
3252 5499 3320 5554 ad
3364 5498 3536 5553 solem

1949 5590 2005 5645 in
2038 5602 2228 5649 monte
2263 5607 2449 5649 coram
2481 5594 2717 5650 Domino
2746 5601 2802 5649 et
2833 5591 3157 5648 ceciderunt
3182 5590 3297 5646 illic
3325 5600 3537 5661 septem

1640 5743 1813 5799 Varia:
1845 5744 2133 5801 lectiones.

324 5854 356 5891 ‘
390 5852 430 5908 1⁵.
468 5854 524 5909 d.
561 5854 784 5923 γνῶσιν.
