4170 6330
630 362 764 421 ηδε)

1822 353 1878 408 S.
1919 349 2189 408 CYlilLLl
2229 347 2310 400 £1
2359 348 2665 406 AUORUM

623 488 748 540 dem
780 495 967 538 aream
994 480 1130 536 emit
1156 478 1553 550 quinquaginta
1581 475 1750 531 siclis.
1769 471 2028 528 Christus
2049 469 2185 524 enim

2305 467 2727 536 συγκομίζονται
2774 468 2824 520 οί
2880 466 3219 538 οεριζόμενοι
3247 467 3333 521 διὰ
3387 464 3480 520 τοῦ
3528 461 3882 531 εὐαγγελικοῦ

621 575 758 632 emit
796 573 1096 629 Ecclesiam
1133 584 1330 640 magno
1355 569 1558 640 pretio,
1587 581 1783 636 nempe
1827 563 2056 636 proprio
2079 576 2202 616 san—

621 668 808 736 guine.
839 666 905 720 Et
931 665 1034 718 ﬁxo
1057 663 1110 717 in
1133 678 1197 716 ea
1220 662 1403 725 altari,
1431 661 1484 715 in
1507 659 1786 721 omnibus,
1814 659 2058 727 inquam.
2081 669 2202 723 quae

625 764 755 811 sunt
782 770 879 824 per
907 754 1026 807 loca
1050 750 1304 806 ecclesiis
1329 756 1651 804 constructo
1672 748 1856 810 altari,
1875 744 2202 801 sacriﬁcavit

624 847 765 902 duos
793 846 981 907 boves,
1018 859 1116 913 per
1139 857 1280 912 quos
1313 841 1694 912 signiﬁcantur
1723 849 1780 894 et
1813 839 2048 909 populus
2079 852 2199 890 cre-

625 939 871 993 dentium
894 951 956 990 ex
981 934 1406 988 circumcisione
1425 943 1482 988 et
1507 936 1555 990 is
1584 933 1677 1002 qui
1709 942 1794 986 est
1819 947 1884 985 ex
1911 928 2195 1000 praeputio.

624 1032 798 1086 Boves
838 1030 1082 1098 quidem,
1111 1028 1289 1097 utqui
1331 1026 1557 1081 fuerunt
1589 1024 1692 1078 sub
1726 1025 1858 1094 jugo
1898 1019 2194 1090 Evangelii.

624 1121 928 1177 Sacriﬁcati
965 1128 1178 1183 autem,
1221 1125 1406 1187 utqui
1454 1117 1666 1186 seipsos
1704 1115 2033 1175 sacriﬁcent,
2073 1125 2197 1180 pro-

623 1225 808 1285 pterea
836 1213 982 1283 quod
1013 1213 1142 1267 vitia
1171 1219 1413 1267 mactent
1443 1218 1500 1264 et
1530 1209 1979 1280 perturbationes
2004 1203 2194 1266 animi,

620 1316 678 1364 et
730 1324 794 1362 ea
838 1314 1166 1362 consumant
1214 1306 1339 1373 igne
1387 1303 1562 1357 sancti
1611 1302 1867 1373 Spiritus.
1921 1296 2194 1354 Sacriﬁcia

618 1407 806 1452 autem
844 1407 898 1450 et
928 1396 1153 1465 paciﬁca
1186 1409 1377 1448 rursus
1419 1402 1548 1448 sunt
1571 1393 1685 1462 ipse
1706 1392 1960 1448 Christus
1987 1387 2196 1443 sacriﬁ-

621 1498 778 1542 catus
811 1501 910 1555 per
949 1486 1241 1556 mysticum
1279 1492 1336 1537 et
1370 1485 1716 1538 incruentum
1757 1479 2107 1542 sacriﬁcium,
2138 1489 2196 1532 et

619 1580 829 1634 donans
852 1595 1040 1648 pacem
1065 1579 1134 1632 iis
1161 1578 1256 1647 qui
1281 1578 1548 1631 adversus
1577 1577 1746 1630 Deum
1770 1573 1974 1628 bellum
2007 1587 2192 1642 gesse-

617 1679 849 1735 runt,--et
876 1686 978 1725 nos
1007 1670 1059 1724 ei
1091 1668 1475 1724 reconcilians.

1061 1867 1149 1923 EX
1195 1866 1449 1922 TERTlO
1479 1865 1750 1922 BEGUM.

895 1959 979 2012 'De
1016 1959 1137 2013 Elia
1172 1968 1219 2011 et
1245 1956 1798 2027 Sarcphthana-oidua
1819 1955 1884 2007 “.

681 2068 875 2125 Omnis
903 2069 1083 2122 anima
1121 2068 1331 2122 virtute
1358 2068 1524 2123 vidua
1551 2078 1606 2122 et
1644 2068 1979 2138 cognitione,
2016 2065 2187 2135 siqui-

614 2165 737 2217 dem
767 2165 1077 2234 susceperit
1100 2163 1341 2218 divinam
1381 2171 1436 2218 et
1469 2163 1873 2218 discernentem
1895 2162 2188 2223 rationem.

611 2257 910 2310 reducetur
945 2257 1012 2310 ad
1039 2257 1378 2310 memoriam
1425 2256 1668 2327 priorum
1711 2263 2084 2326 peccatorum,
2135 2262 2192 2308 et

613 2350 713 2417 ipsi
757 2359 968 2402 natura:
1011 2349 1266 2418 praeferet
1301 2350 1574 2403 culturam
1610 2348 1782 2417 ipsius
1827 2347 2054 2401 rationis
2089 2366 2101 2399 :
2136 2357 2191 2400 et

609 2438 836 2494 habebit
862 2454 1082 2492 carnem
1123 2439 1343 2508 quidem
1378 2447 1636 2508 tanquam
1671 2437 1942 2506 hydriam,
1991 2453 2189 2505 suppe-

610 2527 876 2582 ditantem
898 2544 1092 2597 panem
1117 2527 1407 2590 virtutum,
1448 2535 1687 2580 mentem
1719 2536 1902 2580 autem
1928 2535 2186 2596 tanquam

611 2626 889 2688 guttarum
925 2634 991 2672 ex
1023 2632 1135 2687 quo
1166 2627 1386 2670 emanat
1430 2617 1523 2670 lux
1565 2617 1913 2688 cognitionis,
1937 2615 2186 2669 innatam

611 2719 794 2764 autem
847 2711 1345 2775 ratiocinationem,
1390 2720 1647 2782 tanquam
1696 2710 1867 2764 ﬁlium
1909 2710 2004 2779 qui
2029 2710 2189 2763 vitiis

608 2802 833 2870 quidem
881 2810 942 2855 'et
980 2803 1148 2856 animi
1193 2803 1486 2858 affectibus
1517 2801 1810 2856 obnoxiam
1841 2801 2067 2871 deponit
2107 2803 2187 2855 vi-

611 2908 740 2961 tam,
767 2912 908 2950 novo
940 2908 1122 2952 autem
1157 2908 1213 2952 et
1251 2899 1484 2968 pulchro
1520 2896 1686 2952 modo
1725 2897 1924 2968 dignus
1953 2896 2188 2949 habetur

609 2988 1020 3058 impatibilitate

682 3102 892 3156 Sanctae
921 3103 1216 3172 Scriptura:
1242 3119 1422 3158 sermo
1457 3120 1580 3158 cum
1606 3103 2022 3159 sublimioribus
2056 3119 2186 3159 scn-

2307 561 2678 629 κηρύγματος,
2718 560 2825 612 ἀπὸ
2878 558 2980 628 τῆς
3038 559 3249 630 πλάνης
3292 558 3388 611 καὶ
3450 556 3729 619 ἀπιστίας,
3782 554 3885 608 Ἦν

2303 646 2483 700 ἇλωνα
2506 647 2734 718 ἐπρίατο
2761 646 2805 700 ν’
2841 646 3058 702 σίκλων.
3093 647 3202 700 Καὶ
3231 647 3344 718 γὰρ
3373 649 3402 700 ὸ
3426 645 3658 718 Χριστὸς
3692 643 3870 715 ἐπρίαι

2301 754 2364 791 το
2391 739 2489 807 τὴν
2512 739 2840 808 Ἐκκλησίαν
2871 737 3068 792 πολλοῦ
3097 740 3430 810 τιμήματος·
3462 737 3557 792 τοῦ
3590 737 3720 790 ἰδίου
3775 735 3875 803 γά(

2302 833 2531 903 αἵματος
2566 834 2878 904 πηξάμενος
2908 831 3312 902 Θυσιαστήριον,
3341 832 3401 883 tv
3454 830 3611 900 αὐτῇ,
3645 830 3786 896 λέγω
3817 826 3875 878 δῦ

2301 925 2370 978 τά
2402 928 2460 978 ὲν
2494 926 2696 988 πάσαις
2726 928 2848 990 ταῖς
2875 923 3018 978 κατά
3047 925 3212 976 τόπον
3231 921 3549 991 ἐκκλησίαις
3581 919 3872 989 Θυσιαστήο

2302 1035 2414 1084 ρια,
2432 1018 2590 1072 ἔθυσε
2616 1019 2708 1073 δύο
2732 1020 2880 1089 βόας,
2897 1018 2964 1072 δι’
2982 1011 3057 1072 ὧν
3073 1017 3100 1071 ὃ
3122 1034 3182 1070 τε
3197 1017 3267 1070 ὲκ
3285 1015 3590 1087 περιτομῆς
3611 1000 3873 1066 armati;

2298 1107 2426 1172 λαὸς
2455 1112 2542 1162 xa‘v
2570 1113 2598 1163 ὁ
2628 1111 2686 1177 ἐξ
2719 1109 3086 1181 ἀκροϐυστίας
3121 1107 3602 1178 ὑποσημαίνονται.
3628 1104 3759 1166 Βόες
3781 1102 3876 1173 μὲν

2299 1199 2374 1261 ὡς
2405 1201 2510 1251 ὑπὸ
2532 1200 2696 1269 ζυγὸν
2727 1201 2820 1253 τοῦ
2844 1200 3178 1269 Εὑαγγελίου
3221 1199 3524 1268 γεγονότες·
3547 1195 3854 1264 Ἠυσιαζόμε

2300 1309 2379 1343 νοι
2413 1293 2488 1354 ὼς
2515 1292 2733 1355 Θύοντες
2763 1293 3013 1356 ἑαυτοὺς,
3038 1293 3127 1347 διὰ
3156 1291 3251 1346 τοῦ
3279 1289 3600 1361 σφαγιάζειν
3621 1289 3691 1342 τὰ
3713 1287 3876 1356 πάθη.

2297 1384 2391 1436 καὶ
2417 1384 2728 1436 ἀναλίσκειν
2765 1383 2908 1436 αὐτὰ
2933 1383 3011 1453 τῷ
3038 1385 3172 1454 πυρὶ
3201 1381 3294 1436 τοῦ
3337 1382 3495 1450 ἁγίου
3537 1379 3873 1448 Πνεύματος.

2297 1473 2488 1526 Θυσίαι
2519 1473 2574 1524 δὲ
2609 1474 2702 1526 καὶ
2733 1473 2987 1544 είρηνικά
3044 1474 3205 1536 αὐτὸς
3237 1472 3405 1526 πάλιν
3454 1473 3482 1527 δ
3525 1468 3763 1543 Χριστὸς
3793 1469 3877 1522 διὸ

2294 1564 2394 1633 τῆς
2437 1565 2700 1633 μυστικῆς
2758 1566 2854 1618 καὶ
2900 1565 3242 1634 ἁναιμάκτου
3268 1565 3458 1628 θυσίας
3497 1564 3727 1618 ἑκάστου
3754 1561 3854 1614 Qud

2299 1671 2477 1724 μενος,
2521 1657 2616 1706 καὶ
2670 1658 2895 1727 εἰρήνην
2927 1659 3041 1721 τοῖς
3077 1657 3624 1728 ὲκπεπολεμωμένοις
3658 1654 3736 1726 τῷ
3760 1654 3877 1727 Θεᾷ

2293 1746 2651 1817 δωρούμενος,
2689 1750 2780 1800 καὶ
2806 1749 3296 1803 ἀποκαταλλάττων
3319 1751 3500 1819 ὴμᾶςι

2575 1862 2712 1915 ΤΗΣ
2747 1863 3001 1917 ΤΡΙΤΗΣ
3037 1865 3174 1918 ΤΩΝ
3208 1863 3592 1916 ΒΛΣὶΛΕΙΩΝ.

2461 1953 2564 2019 Εις
2599 1955 2707 2007 τὸν
2730 1955 2954 2020 Ἠλίαν,
2973 1955 3069 2010 καὶ
3088 1959 3177 2022 εὶς
3199 1955 3315 2024 τὴν·
3333 1955 3696 2024 Σαραφθίαγ.

2365 2067 2519 2120 Πᾶσα
2542 2066 2689 2139 ψυχὴ
2723 2067 3033 2138 χηρεύουσα
3053 2067 3256 2139 ἀρετῆς
3289 2067 3384 2121 καὶ
3418 2067 3693 2134 γνώσεως,
3718 2067 3879 2136 εἴπερ

2293 2158 2608 2223 ὑποδέξεται
2650 2159 2743 2211 τὸν
2777 2158 2921 2212 θεῖον
2972 2160 3068 2212 καὶ
3113 2159 3502 2229 διαγνωστικὸν
3550 2159 3730 2226 λόγον,
3796 2162 3877 2220 εἰς

2296 2254 2516 2322 μνήμην
2567 2253 2770 2321 ἄγοντα
2821 2253 2932 2306 τῶν
2967 2251 3252 2324 προτέρων
3298 2254 3745 2326 ἁμαρτημάτων,
3781 2253 3877 2305 καὶ

2292 2346 2616 2415 προτιμήσει
2653 2346 2745 2398 καὶ
2774 2345 2949 2416 αὐτῆς
2981 2344 3082 2416 τῆς
3113 2345 3329 2414 φύσεως
3361 2345 3460 2416 τὴν
3495 2347 3573 2410 είς
3605 2345 3871 2398 αὒτὺνθευ

2293 2437 2675 2504 ραπείαν·’ἐξει
2703 2437 2801 2508 τὴν
2840 2437 3022 2508 σάρκα
3055 2438 3154 2504 μὲν
3177 2437 3254 2501 ὼς
3289 2437 3496 2508 ὑδρίαν,
3528 2439 3878 2509 χορηγοῦσαν

2290 2526 2378 2579 τὸν
2408 2530 2572 2598 ἄρτον
2602 2528 2712 2581 τῶν
2751 2528 2982 2599 ἀρετῶν,
3041 2529 3133 2581 τὸν
3166 2528 3293 2584 νοῦν
3325 2529 3381 2582 δὲ
3413 2528 3488 2592 ὡς
3545 2528 3872 2598 καμψάκην,

2290 2619 2606 2690 πηγάζοντα
2661 2620 2721 2673 τὸ
2768 2620 2886 2689 φῶς
2930 2621 3032 2690 τῆς
3081 2619 3355 2690 γνώσεως·
3405 2621 3496 2673 τὸν
3531 2620 3770 2692 ἔμφυτον
3817 2621 3874 2674 δὲ

2289 2711 2568 2782 λογισμὸν,
2607 2713 2682 2777 ὡς
2717 2713 2852 2776 υἱὸν,
2887 2711 2986 2786 τὴν
3019 2713 3241 2784 ἐμπαθῆ
3291 2714 3390 2784 μὲν
3424 2713 3568 2785 ζωὴν
3605 2713 3878 2767 ἀποτιθε-

2291 2821 2470 2874 μενον,
2530 2805 2627 2876 τῆς
2686 2805 2935 2870 ἀπαθοῦς
2985 2805 3044 2860 δὲ
3099 2805 3484 2875 καινοπρεπῶς
3525 2798 3871 2878 ἀξιούμενον.

2372 3094 2429 3145 '0
2468 3093 2564 3161 τῆς
2595 3093 2755 3160 ἁγίας
2788 3094 3013 3164 Γραφῆς
3045 3093 3201 3163 λόγος
3227 3102 3340 3159 τοῖς
3370 3097 3719 3168 ὑψηλοτέροις
3747 3097 3876 3170 vol}-

607 3193 760 3248 sibus
786 3209 1082 3263 parumper
1108 3197 1324 3249 emerit
1352 3197 1808 3266 compoSitionem
1841 3211 2031 3251 eorum
2066 3196 2182 3249 dic-

2294 3202 2424 3253 μασι
2468 3189 2663 3254 μικρὸν
2695 3186 3061 3256 ἐκδυσάμενος
3084 3186 3184 3256 τὴν
3212 3187 3323 3240 τῶν
3345 3189 3432 3240 ἐπ’
3463 3188 3610 3260 αὖτῷ
3633 3205 3874 3261 σωματιο

609 3295 786 3338 torum
810 3300 929 3352 quae
952 3285 1005 3337 in
1028 3285 1146 3354 ipso
1167 3285 1342 3339 emota
1364 3295 1491 3340 sunt
1514 3289 1898 3358 corporaliter,
1925 3297 2182 3358 tanquam

607 3373 664 3429 in
693 3390 824 3428 voce
859 3391 1004 3429 aura:
1047 3376 1266 3430 subtilis
1295 3379 1647 3448 cognoscitur
1684 3387 1866 3432 mente
1907 3379 2183 3448 perspica-

607 3466 765 3527 ciori,
800 3481 921 3533 quae
944 3467 1121 3520 solum
1148 3483 1367 3521 sensum
1395 3477 1574 3538 potest
1603 3485 1798 3539 capere
1830 3471 2001 3540 ipsam
2040 3471 2183 3524 indi-

609 3556 785 3610 cantis
813 3556 1200 3625 simplicitatis.
1249 3558 1520 3623 Quoniam
1561 3559 1742 3613 Horeb
1768 3561 1808 3591 ’δ’
1835 3560 2057 3630 quidem
2099 3563 2183 3615 in-

609 3655 944 3715 terpretatur
979 3648 1184 3702 Novate
1214 3667 1225 3701 :
1253 3652 1512 3720 spelunca
1556 3661 1736 3706 autem
1770 3662 1855 3707 est
1892 3653 2044 3707 locus
2094 3669 2185 3708 oc-

611 3737 790 3790 cultus
819 3755 830 3789 :
858 3737 1175 3808 quicunque
1211 3756 1320 3794 non
1347 3757 1505 3795 secus
1530 3757 1592 3795 ac
1621 3757 1849 3812 magnus
1881 3744 2027 3798 Elias
2046 3759 2183 3820 'yere

605 3832 806 3897 quaerit
837 3829 1030 3895 Deum,
1069 3847 1179 3885 non
1221 3833 1396 3887 solum
1436 3834 1543 3887 erit
1574 3834 1626 3888 in
1658 3835 1838 3889 Horeb
1866 3837 2184 3906 juveniliter

605 3935 665 3973 se
693 3936 890 3989 gerens
917 3937 983 3976 ac
1009 3921 1254 3992 vigorem
1283 3923 1582 3979 ostendens
1608 3926 1663 3979 in
1694 3926 1976 3981 laboribus
2003 3929 2181 3982 virtu-

607 4019 742 4072 tum,
785 4013 881 4066 sed
911 4014 1076 4067 etiam
1113 4015 1168 4068 in
1200 4017 1459 4084 spelunca
1488 4034 1609 4088 quae
1655 4028 1738 4075 est
1782 4020 1839 4073 in
1885 4020 2091 4085 Horeb,
2126 4021 2182 4075 in

603 4105 837 4165 arcanis,
872 4105 1114 4174 inquam,
1145 4109 1470 4177 cognitionis
1502 4127 1621 4180 qua:
1651 4119 1733 4164 est
1763 4113 1821 4165 in
1855 4112 2044 4168 habitu
2074 4114 2183 4166 vir-

591 4202 802 4250 tutum.

1024 4310 1128 4365 "LEX
1167 4311 1448 4377 QUARTO
1487 4313 1742 4371 REGUM.

1010 4419 1104 4472 .De
1138 4421 1263 4475 Ex’ia
1291 4433 1340 4475 et
1375 4426 1487 4493 ejus
1519 4444 1682 4480 curru
1701 4429 1762 4479 δ’.

2288 3276 2398 3336 κῶς
2454 3277 2949 3348 διαπεπλασμένων
2987 3278 3168 3348 ῥητῶν
3221 3277 3491 3343 σύνθεσιν,
3527 3280 3600 3343 ὼς
3627 3282 3685 3334 ὲν
3717 3283 3871 3354 φωνῇ

2287 3365 2454 3434 αὔρας
2480 3365 2682 3437 λεπτῆς
2713 3367 3040 3438 γνωρίζεται
3070 3367 3146 3437 τῷ
3184 3369 3621 3442 διορατικωτέρω
3654 3372 3756 3425 νοῒ·
3783 3374 3870 3427 αἵ-

2289 3459 2476 3526 σθησιν
2513 3460 2671 3527 μόνον
2722 3461 2959 3530 ἰσχύοντι
3005 3461 3193 3515 λαϐεῖν
3222 3464 3321 3532 τῆς
3368 3463 3679 3535 μηνυούσης
3707 3466 3873 3520 αὑτὸν

2286 3549 2604 3618 ἁπλότητος.
2653 3551 2805 3603 Ἐπεὶ
2856 3553 2912 3604 δὲ
2941 3551 3003 3605 τὸ
3050 3553 3149 3624 μὲν
3186 3554 3415 3626 Χωρὴό,
3447 3554 3655 3622 Νέωμα
3697 3559 3871 3629 ἑρμη-

2286 3639 2519 3691 νεύεται·
2557 3639 2616 3692 τὸ
2651 3641 2706 3693 δὲ
2762 3641 3024 3712 σπήλαιον
3079 3642 3307 3713 κρύφιός
3361 3646 3477 3698 ὲστι
3526 3647 3709 3709 τόπος·
3761 3650 3872 3712 πᾶς

2286 3728 2432 3780 κατά
2463 3729 2554 3781 τὸν
2596 3729 2770 3800 μέγαν
2811 3733 2997 3785 Ἠλίαν
3044 3734 3224 3804 ζητῶν
3257 3735 3472 3806 άληθῶς
3503 3738 3596 3791 τὸν
3625 3738 3778 3806 Θεὸν,
3802 3741 3868 3795 οὐ

2289 3820 2447 3888 μόνον
2471 3822 2526 3873 ἐν
2558 3821 2638 3890 τῷ
2668 3823 2868 3894 Χωρὴσ
2915 3825 3207 3894 γενήσεται
3238 3828 3446 3892 νεάζων
3474 3829 3566 3882 καὶ
3601 3831 3869 3901 ἀκμάζων

2285 3912 2342 3962 ἐν
2372 3915 2480 3974 τοῖς
2515 3913 2699 3977 πόνοις
2723 3914 2832 3968 τῶν
2861 3917 3096 3986 ἀρετῶν,
3124 3917 3261 3971 ἀλλά
3290 3921 3384 3972 καὶ
3421 3922 3480 3973 ὲν
3509 3921 3584 3991 τῷ
3616 3922 3868 3994 σπηλαίῳ

2283 4003 2360 4072 τῷ
2389 4006 2446 4056 ὲν
2472 4006 2692 4076 Χωρήσ·
2723 4007 2866 4074 λέγω
2897 4007 2960 4079 δὴ
3010 4012 3075 4080 τῇ
3106 4012 3432 4082 κρυφιότητι
3458 4015 3554 4083 τῆς
3585 4015 3864 4085 γνώσεως,

2284 4101 2345 4166 τῇ
2382 4097 2515 4169 υῦση
2546 4101 2600 4150 ἐν
2617 4103 2679 4170 τῇ
2705 4099 2815 4163 ἕξει
2844 4101 2950 4154 τῶν
2979 4102 3210 4173 ἀρετῶν.

2514 4301 2649 4354 ΤΗΣ
2686 4302 3051 4355 ΤΕΤᾹΡΤΗΣ
3085 4305 3222 4356 ΤΩΝ
3252 4305 3633 4363 ΒΑΣΙΛΕΙΩΝ.

2563 4381 2721 4482 Περὶ.
2751 4416 3114 4470 Ἐλισσαίου
3148 4415 3168 4455 ί
3209 4416 3308 4472 καὶ
3342 4418 3578 4491 δίφρου.

667 4531 1026 4588 Cmnaculum
1065 4547 1348 4592 etscurrus
1372 4541 1681 4608 signuicam
1708 4543 1977 4598 excelsam
2018 4555 2073 4600 et
2106 4548 2174 4601 il-

2360 4530 2434 4583 Τὸ
2459 4531 2710 4602 ὑπερῷον
2742 4533 2837 4585 καὶ
2866 4533 2896 4584 δ
2927 4529 3116 4603 δίφρος
3154 4532 3256 4604 τὴν
3293 4534 3504 4606 ὑψηλὴν
3544 4539 3639 4594 καὶ
3678 4556 3861 4612 πεφυ-

597 4619 918 4676 luminatam
949 4623 1073 4678 vita
1096 4627 1316 4696 agendae
1369 4629 1633 4683 rationem
1696 4630 1845 4688 Elim.
1909 4634 2176 4694 lnfertilia

599 4715 800 4768 tluenta
834 4727 992 4771 erant
1019 4719 1192 4788 ﬁgura
1233 4721 1437 4775 sterilis
1463 4722 1533 4776 ad
1563 4722 1820 4792 pietatem
1862 4726 2175 4784 humanita-

599 4803 688 4855 tis.
735 4803 822 4856 Sal
860 4816 1073 4870 autem,
1117 4808 1381 4864 doctrinae
1413 4809 1741 4867 Servatoris.
1781 4813 1850 4868 Et
1879 4816 2004 4871 ideo
2032 4818 2171 4874 dixit

595 4894 858 4959 apostolis
889 4906 1075 4965 postea
1107 4916 1118 4951 :
1161 4918 1178 4948 ι
1206 4900 1315 4953 Vos
1346 4901 1480 4955 estis
1505 4901 1581 4956 sal
1625 4911 1782 4958 terrae
1804 4904 1867 4959 ".
1895 4925 1914 4958 ι
1951 4906 2053 4972 Qui
2077 4926 2172 4963 au-

595 4990 704 5033 tem
740 4998 833 5035 eas
866 4988 1077 5038 sanavit
1113 4986 1340 5040 Elisaeus
1366 4987 1432 5051 “,
1477 4998 1562 5043 est
1604 4988 1776 5060 ﬁgura
1812 4989 2040 5056 Christi,
2073 4996 2168 5066 qui

590 5087 690 5142 per
721 5074 1077 5130 imitationem
1113 5079 1284 5148 tangit
1309 5088 1628 5135 sanctorum
1673 5083 2018 5148 memoriam,
2045 5103 2167 5156 quze

590 5176 851 5236 tanquam
901 5169 1160 5238 reliquias
1197 5169 1304 5226 fert
1343 5171 1588 5240 ipsorum
1630 5175 1878 5230 actiones
1922 5187 1978 5231 et
2021 5190 2167 5235 recte

590 5257 732 5314 facta
757 5276 768 5310 :
795 5260 839 5313 is
861 5259 1118 5315 vitiorum
1136 5261 1436 5332 quidemet
1458 5264 1753 5320 aﬁectuum
1777 5266 2003 5337 deponit
2022 5287 2168 5326 mor-

592 5347 969 5415 tiﬁcationem,
1002 5353 1209 5423 excipit
1243 5363 1424 5409 autem
1449 5355 1617 5410 vitam
1641 5359 1929 5416 virtutum.

2280 4623 2545 4694 τισμένην
2602 4623 2909 4677 Ἐλισσαίου
2943 4632 2970 4671 ε
3006 4623 3280 4680 πολιτείαν
3338 4627 3552 4696 ἐδήλου.
3611 4630 3692 4684 Τά
3761 4632 3861 4702 μὲν

2279 4715 2613 4771 ἀτεκνοῢντα
2642 4717 2890 4788 ῥεύματα
2925 4714 3094 4780 τύπος
3121 4712 3190 4788 ἦν
3227 4718 3327 4789 τῆς
3373 4720 3570 4788 άγόνου
3602 4722 3738 4794 πρὸς
3763 4726 3857 4779 εὖ.

2283 4810 2497 4869 σέϐειαν
2523 4809 2962 4881 ἀνθρωπότητος.
2992 4811 3054 4862 Οί
3093 4809 3138 4862 δ’
3185 4809 3332 4877 ἅλες,
3367 4811 3469 4880 τῆς
3508 4812 3860 4881 διδασκαλίας

2278 4901 2372 4954 τοῦ
2398 4900 2672 4973 Σωτῆρος.
2694 4901 2786 4952 Διὸ
2809 4901 2904 4953 καὶ
2938 4900 3075 4972 πρὸς
3103 4901 3230 4966 τοὺς
3257 4902 3589 4968 ἀποστόλους
3631 4904 3860 4976 ὕστερον
3973 4955 3978 4957 .

2280 4992 2482 5060 ἔλεγεν,
2521 5011 2540 5042 ‹
2593 4991 2780 5061 Ὑμεῖς
2820 4994 2942 5046 ἐστε
2996 4992 3056 5045 τὸ
3115 4991 3249 5057 ἃλας
3301 4994 3400 5062 τῆς
3459 4994 3582 5066 γῆς.
3621 5016 3638 5049 ι
3699 4997 3757 5051 ’0
3812 5001 3858 5053 δ’

2283 5082 2571 5150 ἰασάμενος
2607 5081 2747 5165 αὐτά
2779 5079 3103 5145 Ἐλισσαῖος,
3141 5080 3306 5136 αὐτοῦ
3357 5082 3613 5154 Χριστοῦ,
3649 5085 3736 5140 διά
3769 5107 3860 5160 μι-

2282 5177 2497 5245 μήσεως
2522 5166 2824 5243 ἁπτόμενος
2851 5173 2949 5244 τῆς
2977 5175 3200 5246 μνήμης
3229 5173 3338 5226 τῶν
3368 5175 3559 5242 ἀγίων·
3590 5179 3624 5250 ἠ
3664 5197 3746 5241 τις
3780 5181 3858 5245 ὼς

2278 5265 2502 5334 λείψανα
2544 5265 2699 5336 φέρει
2731 5264 2830 5327 τὰς
2865 5265 3093 5336 πράξεις
3121 5265 3302 5320 αὐτῶν
3329 5268 3424 5320 καὶ
3459 5268 3528 5323 τά
3578 5272 3856 5342 κατορθώ-

2281 5374 2443 5428 ματα·
2471 5356 2568 5429 τὴν
2597 5357 2696 5426 μὲν
2731 5357 2844 5410 τῶν
2870 5357 3062 5412 παθῶν
3096 5359 3361 5431 νέκρωσιν
3390 5360 3728 5428 ἀποτίθεται,
3755 5364 3854 5436 τὴν

2277 5449 2332 5504 δὲ
2362 5449 2472 5502 τῶν
2497 5447 2710 5520 ἀρετῶν
2740 5447 2883 5520 ζωὴν
2913 5449 3249 5521 ὑποδέχεται.

662 5553 796 5646 Ἐθιιι
826 5556 955 5623 Reg.
992 5572 1117 5620 xvn.
1147 5556 1171 5610 ί
1200 5571 1358 5626 seqq:
1427 5560 1472 5591 “
1503 5561 1571 5615 ω
1596 5563 1728 5633 Res-
1759 5581 1865 5629 ων
1897 5568 1934 5620 ⁸
1965 5583 2116 5638 θείιίιι

2290 5568 2351 5624 IV‘
2377 5567 2508 5638 Reg.
2547 5582 2660 5629 xm,
2693 5567 2714 5623 ί
2746 5583 2897 5638 seqq.
3003 5567 3258 5626 “Matth.
3287 5587 3340 5636 v,
3371 5569 3453 5626 l3.
3540 5573 3582 5605 “
3614 5569 3683 5628 IV
3713 5570 3838 5646 ﬂag.

589 5637 650 5683 ιι,
677 5623 766 5675 2|.

1967 5725 2138 5781 Varia!
2179 5730 2461 5784 lectiones.

664 5816 682 5850 ι
719 5809 804 5864 la.
852 5808 1049 5863 ’[Γιιὶου.
1123 5811 1154 5850 3
1190 5811 1272 5863 ισ.
1313 5812 1469 5866 Ἡλου
