4170 6330
365 399 503 454 1265

1751 393 2277 464 εοιιεςτΑΝεΑ,

3512 397 3654 456 1266

358 521 446 573 δια
473 514 792 587 πρακτικῆς
820 513 1136 582 φιλοσοφίας
1167 513 1513 583 κτησάμενος
1539 514 1741 586 κράτος
1765 514 1938 578 θεῖον,

2049 528 2204 570 mens
2226 529 2429 580 omnis,
2449 531 2583 587 qua
2598 531 2700 586 per
2721 515 2958 571 activam
2981 509 3389 586 philosophiam
3407 511 3650 568 divinam

363 609 586 664 ἑπειδάν
614 605 730 677 γνῷ
756 606 1078 674 κινούμενον
1101 606 1222 660 κατ’
1253 605 1418 660 αὑτοῦ
1449 606 1540 659 τὸν
1564 606 1754 676 νοητὸν
1790 605 1952 658 Σενα-

361 707 603 777 χηριὶμ,
647 703 707 764 δς
757 701 1125 776 ἑρμηνεύεται
1167 703 1500 773 πειρασμὸς
1531 703 1860 770 ξηραίνων,
1917 702 1950 776 ἦ

360 796 607 864 ὀδόντες
628 795 1016 864 ἠκονημένα,
1052 794 1235 857 ὁποῖός
1285 797 1434 848 ἐστιν
1465 796 1493 847 6
1535 792 1804 856 διάϐολος,
1837 791 1952 861 βου-

361 891 571 946 λεύεται
610 890 748 961 μετὰ
793 889 905 942 τῶν
950 887 1346 960 πρεσϐυτέριον
1402 888 1496 941 καὶ
1542 887 1786 940 δυνατῶν
1841 886 1950 940 τῶν

361 986 498 1055 ἀμφ’
532 983 715 1039 αὒτόν.
761 977 920 1038 Οὗτοι
951 981 1008 1036 δέ
1035 984 1171 1035 εἰσιν
1202 982 1236 1050 ἦ
1261 998 1319 1033 τε
1369 979 1651 1051 λογιστικὴ
1682 979 1912 1050 δύναμις
1933 1021 1946 1043 ,

362 1077 514 1147 καὶὴ
551 1074 786 1145 ίυμικὴ,
834 1074 927 1126 καὶ
962 1075 995 1143 ἡ
1028 1071 1405 1142 ὲπιθυμητική
1429 1086 1442 1100 ο
1479 1070 1545 1134 ἃς
1586 1071 1844 1140 εἴληχεν,
1873 1071 1949 1132 ὼς

361 1168 771 1241 πρεσϐυτέρους
820 1166 919 1236 μὲν
940 1205 954 1226 ,
996 1165 1080 1218 ὅτι
1114 1163 1329 1235 πρῶται
1364 1164 1625 1234 δυνάμεις
1660 1159 1821 1218 αὗται
1850 1164 1950 1232 τῆς

357 1264 559 1333 ψυχῆς,
608 1261 702 1315 καὶ
738 1259 1197 1330 συμπληρωτικαὶ
1252 1257 1351 1328 τῆς
1398 1259 1590 1323 οὐσίας
1629 1259 1821 1329 αὐτῆς,
1873 1260 1948 1322 ὼς

357 1354 618 1417 δυνατοὺς
645 1353 724 1416 δὲ,
757 1354 838 1406 ὅτι
871 1351 961 1406 καὶ
987 1349 1122 1403 αὐτὸ
1146 1349 1307 1404 τοῦτο
1344 1351 1620 1420 Δυνάμεις
1645 1350 1946 1421 ὀνομάζονο

357 1462 482 1500 ται·
514 1447 608 1500 καὶ
637 1447 717 1500 ὅτι
756 1444 1008 1515 συνεργοί
1040 1445 1145 1497 είσι
1177 1443 1268 1496 τοῦ
1299 1444 1416 1506 νοὸς
1455 1442 1591 1513 πρὸς
1623 1443 1946 1513 καθαίρεσιν

358 1540 590 1602 κακίας,
623 1538 714 1590 καὶ
754 1537 1012 1594 σύστασιν
1058 1536 1260 1607 ἀρετῆς
1285 1577 1301 1601 ,
1350 1535 1445 1590 καὶ
1471 1537 1552 1590 ὅτι
1584 1537 1865 1608 ἄρχουσιν,
1912 1540 1945 1608 ἡ

362 1634 460 1704 μὲν
489 1631 690 1701 λογικὴ
716 1631 966 1699 δύναμις,
1000 1629 1106 1683 τῶν
1135 1630 1455 1698 γνωστικῶν
1478 1630 1758 1700 λογισμῶν
1787 1649 1800 1662 ·
1826 1633 1858 1703 ὴ
1891 1632 1945 1685 δὲ

358 1723 582 1792 θυμικὴ,
619 1721 810 1792 ὁρμῶν
831 1738 843 1750 ·
885 1722 979 1772 καὶ
1068 1721 1440 1792 ὲπιθυμητικὴ
1471 1721 1578 1776 τῶν
1610 1723 1943 1794 ἐπιθυμητι-

359 1815 468 1868 κῶν
497 1813 731 1884 ὀρέξεων
753 1827 767 1842 ⁸
801 1813 880 1866 ἔτι
916 1813 971 1866 δὲ
1033 1813 1264 1883 ἑκάστη,
1295 1813 1405 1866 τῶν
1453 1816 1572 1868 κατ’
1604 1815 1776 1887 αὐτὴν
1807 1816 1942 1869 ἀπο-

2055 605 2350 676 acquisivit
2374 608 2703 678 potentiam,
2730 615 3023 678 postquam
3049 603 3368 676 cognoverit
3386 602 3652 659 adversus

2051 712 2112 752 se
2130 699 2342 754 moveri
2356 697 2800 768 Senacherihqui
2819 695 3081 752 caditsub
3095 695 3538 767 intelligentiam,
3556 697 3650 765 qui

2053 789 2453 860 interpretator
2477 791 2704 845 tentatio
2730 791 3021 854 exsiccans,
3045 795 3140 843 aut
3165 788 3346 842 dentes
3371 789 3534 850 acuti,
3555 802 3656 841 cu-

2046 882 2291 953 jusmodi
2312 891 2430 937 erat
2447 882 2726 948 diabolus,
2749 882 3025 938 consultat
3050 896 3176 936 eum
3201 881 3318 936 suis
3335 880 3652 936 senioribus

2049 983 2107 1028 et
2127 974 2457 1043 proceribus
2479 993 2492 1028 :
2513 975 2548 1028 ii
2573 984 2758 1030 autem
2778 982 2975 1029 suntet
2995 973 3480 1038 visratiocinandi,
3497 975 3650 1028 etvis

2052 1065 2346 1130 irascendi,
2373 1074 2428 1121 et
2446 1067 2528 1121 vis
2545 1066 2994 1137 concupiscendi,
3018 1082 3156 1136 quas
3171 1067 3355 1130 habet,
3389 1074 3649 1136 tanquam

2054 1161 2308 1215 seniores
2328 1162 2578 1231 quidem,
2616 1161 2878 1231 quoniam
2910 1168 3129 1214 caesum
3153 1159 3345 1230 prima:
3363 1160 3649 1216 facultates

2050 1269 2148 1308 seu
2170 1255 2316 1309 vires
2344 1255 2563 1319 animae,
2585 1263 2643 1310 et
2665 1255 2785 1327 ejus
2800 1253 3142 1325 complentes
3167 1255 3489 1319 essentiam,
3529 1264 3648 1308 tan-

2049 1383 2215 1437 quam
2241 1383 2504 1438 proceres
2529 1375 2714 1423 autem
2755 1381 2854 1423 seu
2882 1374 3156 1437 potentes,
3185 1367 3448 1435 quoniam
3480 1367 3648 1422 etiam

2049 1461 2157 1515 hoc
2185 1462 2365 1531 ipsum
2411 1463 2792 1524 nominantur,
2823 1475 3021 1530 nempe
3059 1461 3646 1530 POtestateszetquod

2049 1556 2254 1610 mentis
2287 1556 2400 1609 sint
2422 1555 2705 1623 adjutores
2722 1556 2789 1608 ad
2812 1552 3213 1608 destruendum
3233 1553 3429 1606 vitium
3448 1562 3502 1607 et
3519 1568 3650 1608 con-

2047 1645 2386 1701 stituendam
2413 1646 2697 1707 virtutem,
2723 1642 2940 1714 etquod
2959 1643 3252 1712 imperant,
3283 1641 3647 1697 ratiocinandi

2046 1737 2272 1808 quidem
2333 1736 2598 1800 facultas,
2649 1734 3017 1806 cognoscendi
3074 1733 3644 1788 ratiocinationibus:

2049 1829 2323 1884 irascendi
2357 1838 2541 1883 autem
2580 1827 2839 1890 facultas,
2882 1825 3051 1881 animi
3091 1825 3554 1880 incitationibus:
3593 1836 3649 1878 et

356 1908 722 1976 τελεσμάτων.
749 1907 982 1970 Τούτους
1015 1901 1107 1958 οὖν
1137 1910 1264 1969 τοὺς
1295 1907 1708 1977 πρεσϐυτέρους
1739 1908 1879 1978 ἔχων
1912 1909 1940 1960 6

2049 1921 2133 1975 vis
2169 1920 2601 1991 concupiscendi
2670 1918 3121 1974 desiderantibus
3189 1917 3645 1988 appetitionibus.

357 1998 480 2062 νοῦς
510 2001 682 2066 ὑγιεῖς
708 2015 766 2050 τε
810 1999 904 2051 καὶ
942 1998 1416 2068 ἀνεξαπάτητους,
1447 1998 1763 2067 βουλεύεται
1825 2001 1944 2069 μετ’

357 2091 556 2152 αὐτῶν,
582 2091 656 2152 ὼς
683 2089 982 2161 συνεργῶν,
1012 2090 1289 2160 ἐμφράξαι
1315 2090 1382 2143 τά
1411 2089 1582 2144 ὕδατα
1616 2089 1727 2142 τῶν
1752 2091 1945 2161 πηγῶν

358 2182 425 2236 τά
463 2183 567 2250 ἔξω
607 2183 709 2250 τῆς
757 2183 984 2247 πόλεως.
1031 2182 1217 2236 Ταῦτα
1255 2184 1313 2237 δέ
1353 2185 1493 2236 είσιν
1561 2186 1620 2238 αἱ
1655 2184 1798 2237 κατά
1843 2186 1946 2255 τὴν

360 2276 596 2347 φυσικὴν
624 2275 858 2345 θεωρίαν
897 2277 1182 2346 γινόμεναι
1224 2277 1556 2344 φαντασίαι,
1582 2278 1679 2330 καὶ
1714 2277 1782 2330 τά
1821 2278 1947 2348 νοή-

359 2386 503 2439 ματα
540 2369 644 2422 τῶν
675 2368 966 2439 αἰσθητῶν.
1007 2363 1107 2424 Ὧν
1153 2368 1478 2438 φαντασιῶν
1515 2369 1610 2422 καὶ
1652 2370 1946 2440 νοημάτων

356 2463 558 2532 πηγαὶ,
594 2461 733 2514 αὐτά
761 2463 828 2514 τά
857 2463 1090 2534 αἰσθητὰ
1138 2462 1244 2527 ἔξω
1283 2464 1383 2533 τῆς
1417 2463 1628 2526 πόλεως
1671 2464 1903 2534 κείμενα
1925 2480 1942 2498 ο

355 2553 498 2620 λέγω
525 2553 586 2623 δὴ
615 2553 712 2622 τῆς
738 2553 914 2624 ψυχῆς
934 2571 947 2584 °
993 2556 1088 2607 καὶ
1113 2553 1313 2621 ἔξωθεν
1351 2553 1451 2618 τὰς
1481 2555 1540 2620 ἐξ
1567 2555 1747 2608 αὐτῶν
1785 2555 1944 2625 6506-

356 2663 452 2708 σας
489 2647 790 2713 φαντασίας
820 2649 900 2710 εἰς
937 2646 1108 2719 αὐτὴν
1141 2647 1453 2718 πέμποντα.
1487 2647 1692 2712 Καλῶς
1727 2643 1823 2702 οὖν
1851 2650 1946 2719 6p.-

355 2739 578 2809 φράττει
627 2739 693 2792 τά
743 2738 970 2792 τοιαῦτα
1010 2739 1214 2803 ὕδατα,
1252 2741 1339 2794 ἵνα
1387 2741 1463 2811 μὴ
1498 2740 1568 2793 δι’
1597 2739 1737 2795 αὐτὰ
1768 2759 1947 2812 παρα-

357 2833 535 2902 μένων
577 2833 605 2884 6
672 2831 865 2902 ἐχθρὸς
906 2833 1118 2902 πολεμῇ
1163 2835 1230 2903 τῇ
1285 2834 1452 2904 ψυχῇ.
1518 2835 1854 2906 Ἑμφράττει
1887 2835 1944 2888 δέ

354 2927 447 2980 καὶ
490 2927 580 2979 τὸν
624 2927 869 2995 ποταμὸν
912 2926 1003 2979 τὸν
1036 2926 1388 2997 διερχόμενον
1441 2928 1532 2981 διά
1581 2929 1681 2999 τῆς
1730 2929 1942 2998 ψυχῆς·

353 3017 508 3081 οὗτος
534 3018 592 3071 δέ
613 3011 770 3071 ’ἐστιν
793 3020 820 3071 6
848 3018 948 3088 τῆς
980 3021 1217 3088 φυσικῆς
1246 3019 1482 3090 Θεωρίας
1512 3021 1944 3092 ὲπιστημονικὸς

356 3113 541 3182 λόγος-
589 3113 674 3164 ῖνα
703 3111 776 3181 μὴ
803 3109 940 3181 λάθῃ
968 3111 1033 3163 δι’
1071 3111 1234 3164 αὑτοῦ
1258 3111 1540 3168 εἰσελθών.
1571 3113 1691 3184 Χρὴ
1715 3115 1824 3185 γὰρ
1853 3115 1945 3169 τὸν

2050 2022 2319 2083 praeterea
2370 2022 2552 2066 autem
2639 2026 2987 2082 unaqumque
3034 2010 3148 2066 suis
3186 2010 3500 2065 aﬂectibus.
3538 2010 3649 2065 llos

2046 2121 2178 2177 ergo
2231 2105 2480 2160 seniores
2535 2120 2693 2160 mens
2730 2106 2940 2161 habens
2997 2114 3053 2160 et
3078 2121 3261 2169 sanos,
3299 2115 3356 2160 et
3389 2105 3482 2174 qui
3537 2121 3646 2158 non

2049 2196 2210 2250 facile
2241 2199 2475 2266 possunt
2509 2195 2716 2265 decipi,
2755 2211 2881 2251 cum
2917 2196 3000 2250 eis
3037 2205 3294 2266 tanquam
3334 2199 3451 2252 suis
3485 2196 3647 2266 adju-

2049 2286 2265 2341 toribus
2297 2287 2578 2341 consultat
2597 2287 2884 2341 obstruere
2918 2302 3089 2358 aquas
3105 2287 3344 2342 fontium
3371 2304 3493 2357 qua:
3518 2295 3648 2342 sunt

2047 2388 2202 2435 extra
2238 2379 2544 2434 civitatem.
2585 2377 2677 2433 Eae
2712 2389 2898 2434 autem
2932 2387 3101 2445 sunt,
3153 2395 3276 2450 qua:
3311 2381 3366 2434 in
3403 2381 3647 2436 naturali

2048 2472 2520 2542 contemplatione
2559 2471 2959 2526 fiuntvisiones
2994 2487 3055 2525 ac
3081 2472 3401 2542 phantasize,
3441 2479 3647 2542 etsen-

2048 2564 2234 2618 silium
2281 2563 2662 2634 cogitationes.
2719 2563 2965 2630 Quarum
3009 2564 3283 2619 visionum
3328 2575 3385 2618 ct
3439 2564 3646 2635 cogita-

2049 2653 2261 2707 tionum
2297 2652 2480 2707 fontes
2533 2661 2663 2706 sunt
2701 2653 2818 2722 ipsa
2853 2653 3078 2708 sensilia
3135 2654 3240 2709 sita
3267 2664 3423 2706 extra
3454 2653 3644 2708 civita-

2049 2755 2183 2811 tem,
2219 2753 2374 2800 extra
2394 2745 2656 2810 animam,
2698 2746 2944 2816 inquam,
2983 2756 3040 2800 et
3073 2762 3195 2815 quae
3217 2762 3282 2800 ex
3318 2747 3451 2815 ipsis
3467 2744 3646 2800 ﬂuunt

2047 2839 2295 2894 visiones
2326 2841 2677 2894 extrinsecus
2707 2839 2774 2893 ad
2813 2839 2986 2909 ipsam
3023 2839 3269 2894 mittunt.
3311 2837 3480 2892 Recte
3513 2853 3645 2908 ergo

2048 2931 2291 2986 obstruit
2329 2946 2500 3000 aquas
2535 2930 2874 3001 liujusmodi,
2914 2945 2981 2983 ne
3019 2929 3244 2999 pr0pter
3291 2930 3438 2998 ipsas
3470 2945 3647 2983 rema-

2048 3038 2188 3078 nens
2225 3023 2486 3077 inimicus
2519 3023 2787 3077 adversus
2820 3014 3060 3076 animam
3087 3021 3294 3076 bellum
3321 3029 3493 3093 gerat.
3531 3020 3648 3076 Ob-

2049 3115 2217 3170 struit
2252 3124 2437 3170 autem
2455 3114 2619 3169 etiam
2648 3113 2876 3169 fluvium
2894 3114 2988 3184 qui
3024 3114 3219 3168 transit
3249 3130 3349 3183 per
3382 3115 3642 3175 animam;

359 3208 434 3277 μὴ
474 3205 666 3267 τελέως
725 3203 1103 3272 ἀπαλλαγέντα
1149 3203 1357 3268 παθῶν,
1410 3205 1469 3256 ὲν
1508 3204 1585 3274 τῷ
1625 3205 1802 3276 καιρῷ
1850 3205 1944 3260 τοῦ

2051 3209 2100 3262 is
2135 3218 2319 3262 autem
2365 3217 2449 3262 est
2484 3209 2623 3262 ratio
2674 3207 2943 3262 naturalis
2987 3206 3472 3278 contemplationis
3525 3223 3649 3276 qua:

356 3299 593 3370 πολέμου
619 3301 725 3354 τῶν
749 3300 959 3366 παθῶν,
986 3301 1142 3370 μύειν
1167 3293 1265 3364 τὰς
1297 3301 1600 3372 αἰσθήσεις,
1625 3305 1720 3355 καὶ
1752 3302 1944 3355 παύειν

359 3396 458 3464 μὲν
491 3395 583 3446 καὶ
605 3393 705 3459 τὰς
733 3395 1037 3462 φαντασίας
1057 3434 1071 3457 ,
1116 3396 1212 3448 καὶ
1235 3397 1304 3450 τὰ
1342 3398 1592 3466 νοήματα
1626 3395 1734 3450 τῶν
1758 3396 1951 3466 αίσθηο

352 3484 483 3549 τῶν,
513 3488 529 3506 ⁶
564 3487 657 3538 καὶ
685 3486 783 3555 τὴν
821 3487 1058 3557 φυσικὴν
1093 3485 1436 3556 φιλοσοφίαν,
1471 3487 1819 3557 κακοπαθείᾳ
1853 3486 1946 3541 τοῦ

357 3577 628 3646 σώματος.
659 3574 761 3630 Ὧν
790 3579 888 3645 μὲν
917 3580 1016 3645 τῆς
1049 3580 1366 3650 προσευχῆς
1393 3579 1586 3647 τύπος,
1616 3581 1649 3652 ὴ
1675 3579 1768 3634 τοῦ
1802 3580 1951 3650 βασιο

355 3670 492 3734 λέως
534 3671 615 3733 είς
659 3671 751 3723 τὸν
783 3669 926 3724 θεῖον
965 3669 1092 3723 ναὸν
1120 3670 1300 3733 ἄνοδος
1329 3687 1348 3700 ι
1382 3672 1480 3740 τῆς
1517 3670 1576 3723 δὲ
1623 3671 1949 3740 σωματικῆς

357 3762 762 3827 κακοπαθείας,
801 3765 835 3831 ή
895 3761 990 3814 τοῦ
1043 3764 1250 3816 σάκκου
1301 3762 1586 3833 παραϐολή
1633 3763 1683 3818 δ.
1741 3763 1949 3816 Συνεπ-

369 3855 615 3926 ισχύουσι
645 3855 701 3909 δὲ
725 3857 820 3909 καὶ
853 3853 1212 3925 συνεργοῦσιν
1242 3855 1394 3926 αύτῷ
1409 3856 1545 3927 πρὸς
1578 3855 1872 3927 ἔμφραξιν,
1900 3856 1952 3910 οἴ

353 3965 414 4001 τε
443 3947 778 4016 δηλωθέντες
804 3947 1172 4018 πρεσϐύτεροι
1194 3949 1285 4002 καὶ
1311 3950 1339 4001 6
1369 3948 1658 4018 συναχθεὶς
1684 3949 1835 4012 λαὸς.
1855 3951 1951 4004 ὅσα

355 4057 441 4103 τις
473 4041 620 4093 ἐστὶν
643 4041 692 4093 οί
717 4039 962 4104 εὐσεϐεῖς
984 4040 1236 4109 λογισμοὶ
1257 4041 1496 4110 ἑκάστης
1513 4041 1618 4094 τῶν
1639 4043 1948 4112 εἰρημένων

355 4132 526 4202 τριῶν
571 4132 876 4201 δυνάμεων.
929 4133 1051 4203 Χρὴ
1102 4133 1160 4186 δὲ
1202 4132 1495 4203 φυλάττειν
1547 4136 1639 4189 καὶ
1689 4135 1756 4190 τὰ
1792 4137 1946 4206 χείλη

354 4223 457 4292 τῆς
482 4222 660 4293 ψυχῆς
683 4263 700 4286 ,
729 4223 849 4294 ἦτοι
888 4222 990 4286 τὰς
1022 4225 1401 4295 φρουρητικάς
1433 4225 1608 4296 αὐτῆς
1652 4227 1876 4296 ἀρετάς,
1907 4227 1939 4297 ἢ

356 4317 458 4379 τὰς
490 4315 600 4368 τῶν
635 4315 848 4386 ἀρετῶν
888 4317 1228 4384 φυλακτικάς
1274 4319 1538 4388 μεθόδους
1564 4361 1578 4384 ,
1616 4320 1948 4390 ἐγκράτειαν

357 4410 453 4461 καὶ
489 4407 788 4479 ὑπομονὴν,
828 4410 923 4462 καὶ
955 4409 1288 4464 ταπείνωσιν
1319 4427 1333 4442 ⁸
1363 4413 1458 4465 καὶ
1485 4411 1660 4476 οὕτως
1683 4413 1951 4466 ἀποστέλ-

356 4499 510 4554 λεται
543 4499 728 4554 θεόθεν
759 4499 1017 4570 ἄγγελος,
1045 4503 1073 4555 6
1098 4501 1430 4574 διαφθείρων
1475 4504 1546 4560 τά
1593 4505 1741 4577 πάθη
1787 4506 1946 4574 λόγος

2051 3310 2137 3356 est
2181 3316 2248 3356 ex
2285 3301 2550 3365 scientia;
2588 3315 2658 3354 ne
2715 3300 2855 3353 clam
2893 3315 2992 3368 per
3049 3299 3229 3368 ipsum
3281 3297 3646 3369 ingrediatur.

2049 3390 2282 3461 Oportet
2313 3391 2461 3447 enim
2499 3406 2625 3446 eum
2662 3389 2756 3460 qui
2795 3404 2906 3443 non
2937 3397 3024 3443 est
3055 3389 3296 3458 perfecte
3325 3389 3592 3443 liberatus
3617 3405 3649 3442 a

2049 3485 2202 3539 vitiis
2219 3495 2274 3540 et
2292 3484 2458 3539 animi
2479 3482 3008 3554 perturbationibus,
3039 3491 3286 3552 tempore
3306 3483 3435 3537 belli
3454 3483 3646 3536 conni-

2049 3593 2181 3633 vere
2218 3577 2479 3632 sensibus
2505 3617 2519 3640 ,
2556 3584 2612 3630 et
2660 3590 3014 3646 compescere
3047 3573 3272 3650 quidem
3319 3575 3561 3629 visiones
3594 3581 3649 3629 et

2051 3671 2416 3741 cogitationes
2457 3669 2742 3724 sensilium
2781 3679 2838 3723 et
2873 3669 3180 3722 naturalem
3229 3667 3650 3737 contemplatio-

2050 3778 2222 3826 nem,
2262 3762 2527 3817 accedere
2573 3769 2758 3815 autem
2797 3761 2864 3815 ad
2902 3761 3174 3815 malorum
3233 3775 3467 3830 corpore
3519 3776 3648 3829 per-

2050 3856 2361 3927 pessionem
2401 3872 2501 3926 per
2533 3857 2770 3910 activam
2821 3854 3248 3925 philosophiam.
3287 3853 3528 3920 Quarum
3570 3861 3652 3925 ty-

2051 3963 2156 4018 pus
2195 3949 2419 4019 quidem
2478 3947 2746 4002 oralionis
2779 3956 2865 4002 est
2911 3945 3056 4015 regis
3111 3961 3376 4000 ascensus
3425 3944 3492 3998 ad
3550 3945 3648 3999 Dei

2051 4042 2318 4112 templum
2359 4059 2371 4094 :
2408 4041 2714 4111 corporalis
2755 4048 2942 4094 autem
3003 4037 3356 4100 aﬂlictionis,
3413 4036 3650 4091 amictus

2052 4136 2218 4188 sacci.
2257 4133 2393 4187 Eum
2423 4143 2604 4188 autem
2641 4131 2973 4188 conﬁrmant
2997 4138 3052 4184 et
3087 4129 3137 4184 ei
3174 4144 3334 4199 Opem
3362 4130 3548 4184 ferunt
3580 4129 3648 4184 ad

2051 4224 2488 4294 obstruendum,
2547 4233 2604 4280 et
2659 4223 2756 4294 qui
2788 4223 2922 4279 dicti
2977 4231 3106 4277 sunt
3141 4222 3421 4285 seniores,
3461 4229 3514 4277 et
3553 4223 3648 4293 qui

2050 4317 2315 4372 collectus
2371 4317 2476 4372 fuit
2531 4317 2789 4388 populus,
2824 4313 2920 4385 qui
2981 4321 3068 4368 est
3127 4313 3231 4384 pia:
3264 4312 3651 4383 cogitationes

2054 4411 2488 4480 uniuscujusduc
2541 4426 2608 4464 ex
2643 4408 2821 4464 tribus
2856 4422 2979 4477 qua:
3009 4405 3172 4460 dieue
3207 4415 3337 4460 sunt
3375 4405 3650 4459 facultati-
3683 4477 3686 4480 ἢ

2053 4503 2174 4557 bus.
2215 4499 2446 4572 Oportet
2479 4512 2665 4557 autem
2701 4501 2868 4556 etiam
2905 4497 3185 4553 custodire
3222 4497 3374 4552 labra
3428 4497 3649 4560 animm,

357 4587 456 4654 τῆς
489 4588 798 4657 γνωπικῆς
829 4587 1039 4657 σοφίας,
1068 4590 1164 4642 καὶ
1190 4591 1407 4661 ἀναιρεῖ
1433 4593 1536 4657 τάς
1563 4605 1678 4664 ρπε⁸
1704 4594 1946 4664 χιλιάδας

2054 4570 2522 4667 nempe'virtutes
2544 4609 2664 4648 eam
2703 4589 3100 4653 custodientes,
3127 4604 3225 4645 seu
3258 4589 3551 4644 methodos
3585 4604 3650 4643 ac

361 4676 562 4730 αὐτῶν.
589 4675 688 4742 Ἐξ
729 4677 838 4748 γάρ
866 4678 1089 4742 δεκάκις
1125 4678 1186 4743 ξ’,
1217 4681 1310 4735 καὶ
1339 4682 1460 4752 τρὶς
1505 4682 1546 4750 ξ’
1579 4683 1689 4740 «αὶ
1725 4684 1834 4756 ρπ⁸,
1865 4679 1947 4747 οῖς

360 4768 768 4838 προστεθέντων
791 4769 885 4821 καὶ
910 4775 949 4821 ε’
973 4772 1435 4841 συναπαρτίζεται
1457 4775 1485 4825 6
1508 4773 1617 4826 τῶν
1645 4775 1946 4847 ἀναιρεθει-

360 4860 469 4913 σῶν
517 4860 770 4930 χιλιάδων
812 4862 1066 4934 ἀριθμός.
1120 4863 1273 4917 Ἐπεὶ
1311 4865 1421 4937 γάρ
1468 4867 1501 4937 ἡ
1545 4867 1676 4937 περὶ
1715 4869 1730 4908 ἱ
1780 4867 1945 4935 φύσιν

358 4951 468 5004 τῶν
509 4953 926 5023 προειρημένων
956 4953 1126 5025 τριῶν
1154 4954 1458 5025 δυνάμεων,
1511 4959 1696 5011 πᾶσαν
1744 4959 1942 5012 κακίαν

360 5045 504 5095 ποιεί
528 5059 540 5072 ·
575 5044 666 5096 τον
706 5043 764 5109 ἒξ
800 5044 900 5114 μὲν
926 5045 1160 5115 ἀριθμὸν
1194 5046 1547 5118 λαμϐάνομεν
1581 5048 1669 5102 διά
1708 5047 1769 5102 τὸ
1796 5066 1946 5119 ποιη-

358 5130 510 5184 τικὸν
559 5133 656 5202 τῆς
702 5136 934 5198 κακίας*
983 5138 1040 5189 ὲν
1088 5135 1148 5201 ἒξ
1183 5137 1298 5208 γάρ
1347 5139 1585 5210 ἡμέραις
1632 5138 1889 5208 ἐποίησεν
1919 5143 1946 5193 6

358 5221 491 5286 Θεὸς
517 5223 610 5277 τὸν
640 5226 864 5296 κόσμον.
890 5229 1126 5292 Δεκάκις
1153 5229 1208 5282 δὲ
1225 5229 1312 5282 διά
1335 5231 1433 5302 τὴν
1457 5233 1516 5284 ὲν
1540 5231 1709 5302 κακίᾳ
1731 5231 1945 5286 τελείαν

360 5317 574 5386 κίνησιν
606 5317 846 5388 ἑκάστης
875 5320 1176 5391 δυνάμεως.
1216 5321 1435 5387 Τέλειος
1467 5322 1573 5396 γάρ
1605 5325 1632 5376 6
1660 5325 1814 5388 δέκα,
1856 5343 1914 5378 τε
1934 5358 1946 5366 -

358 5405 520 5460 λειῶν
549 5410 643 5462 καὶ
667 5412 996 5480 περιορίζων
1021 5414 1232 5477 πάντας
1255 5415 1382 5477 τοὺς
1405 5417 1609 5486 κυρίως
1635 5417 1906 5489 ἀριθμούς
1928 5438 1943 5452 ο

359 5501 692 5572 τρισσοῦμεν
737 5504 807 5556 τά
851 5505 1282 5561 άποτελεσθέντα
1329 5509 1420 5563 διά
1458 5510 1519 5563 τὸ
1571 5512 1793 5582 τρισσὸν
1833 5514 1943 5565 τῶν

359 5591 707 5660 δηλωθεισῶν
741 5595 1043 5666 δυνάμεων.
1086 5598 1194 5651 Καὶ
1227 5601 1632 5671 προστιθέαμεν
1678 5603 1748 5656 τά
1778 5605 1940 5656 πέντε

2049 4686 2314 4748 rationes,
2368 4701 2492 4757 quae
2547 4684 2871 4739 custodiunt
2907 4680 3175 4744 virtutes,
3214 4696 3416 4749 nempe
3470 4681 3650 4734 conti-

2046 4781 2294 4835 nentiam
2319 4819 2336 4844 ,
2398 4787 2454 4832 et
2491 4777 2860 4839 tolerantiam,
2883 4779 2955 4831 et
2998 4773 3371 4832 humilitatem
3424 4791 3440 4826 :
3477 4781 3533 4826 et.
3567 4771 3650 4826 sic

2046 4871 2286 4926 mittitur
2322 4885 2351 4923 a
2389 4869 2502 4924 Deo
2536 4868 2799 4938 angelus,
2836 4885 3036 4940 nempe
3091 4867 3231 4922 ratio
3265 4863 3658 4934 cognoscentis

2044 4962 2428 5035 philosophiae,
2457 4977 2579 5031 quae
2613 4960 2798 5031 perdit
2831 4961 2966 5017 vitia
2991 4971 3048 5016 et
3070 4968 3255 5014 motus
3279 4955 3472 5020 animi,
3501 4964 3556 5010 et
3580 4972 3648 5009 ex

2045 5055 2128 5110 eis
2156 5053 2664 5109 interimitcentum
2691 5053 2968 5122 octoginta
3000 5053 3244 5123 quinque.
3280 5049 3473 5104 millia.
3508 5048 3646 5102 Nam

2048 5163 2146 5204 sex
2162 5148 2366 5211 decies,
2398 5145 2711 5217 sexaginta;
2734 5157 2790 5201 et
2813 5155 2898 5201 ter
2919 5146 3221 5217 sexaginta,
3246 5145 3456 5199 centies
3487 5151 3645 5197 octo-

2049 5241 2218 5312 ginta.
2257 5240 2472 5308 Quibus
2504 5239 2738 5310 adjectis
2772 5239 2940 5294 etiam
2974 5239 3241 5308 quinque,
3277 5234 3439 5291 simul
3477 5233 3647 5303 perﬂ-

2056 5333 2201 5387 citur
2237 5345 2505 5387 numerus
2561 5330 2796 5384 millium
2853 5329 3295 5389 interfectorum.
3333 5327 3646 5396 Namque-

2055 5423 2201 5476 niam
2228 5438 2295 5477 ex
2324 5422 2478 5492 prius
2503 5421 2667 5477 dictis
2704 5420 2886 5476 tribus
2930 5419 3286 5475 facultatibus
3317 5433 3382 5473 ea
3411 5434 3532 5488 (ποτε
3563 5427 3645 5471 est

2052 5522 2252 5583 praeter
2276 5523 2552 5578 naturam,
2574 5512 2741 5568 efficit
2762 5529 2926 5569 omne
2952 5513 3172 5577 vitium,
3202 5511 3480 5567 senarium
3515 5510 3642 5578 qui-

2051 5606 2174 5659 dem
2195 5620 2492 5662 numerum
2523 5605 2846 5677 accipimus,
2870 5614 3103 5677 propter
3117 5603 3239 5659 vitii
3258 5601 3656 5660 efﬁcientiam-

1758 5757 1929 5813 Varize
1967 5757 2251 5817 lectiones.

444 5861 465 5899 l~
499 5860 574 5912 ἵσ.
627 5859 905 5929 περιϐολή.
991 5860 1005 5900 Ι
1044 5863 1127 5915 Ec.
1159 5865 1327 5934 παρά.
