4170 6330
540 315 681 393 im
1750 333 1806 387 s.
1847 332 1925 387 (ει
1939 330 2116 387 ntLLt

2219 330 2249 386 Ι·
2286 330 2612 401 Αιιοιιωη
3673 330 3815 391 £268

537 446 675 506 Nam
699 460 795 501 se:
817 444 1015 500 diebus
1043 444 1188 499 Deus
1221 442 1351 498 fecit
1380 442 1670 497 mundum.
1701 443 1895 499 Decies
1914 452 2116 509 autem,

2223 446 2313 499 διὰ
2338 446 2437 521 τὴν
2465 443 2743 517 αἴσθησιν.
2769 445 2898 516 περί
2930 445 3000 516 ἢν
3025 445 3059 515 ἠ
3104 444 3273 499 κακία
3299 445 3606 516 ἰνεργείται
3630 460 3649 477 ·
3679 461 3816 500 πεν-

539 546 768 610 propter
799 535 1101 608 perfectum
1129 533 1565 606 uniuscuiusque
1610 534 1870 606 potentia
1912 545 2116 591 motum

2226 535 2421 605 ταδικὴ
2466 533 2577 606 γὰρ
2624 535 2659 605 ἡ
2688 532 2963 606 αίσθησις.
3010 533 3267 598 Χιλιάδες
3295 534 3352 589 δὲ
3382 534 3449 589 τὰ
3475 536 3577 606 τῆς
3606 537 3812 601 κακίας

540 644 597 686 tn
624 630 759 685 vitio
801 646 815 683 :
854 628 1132 700 perlectus
1170 628 1321 684 enim
1346 636 1448 694 ,est
1475 627 1760 691 denarius,
1794 644 1986 684 omnes
2025 628 2116 699 qui

2223 625 2662 695 ἀποτελέσματα,
2690 623 2780 677 διά
2806 623 2868 678 τδ
2923 624 3137 697 χεῖσθαι
3166 624 3287 680 λίαν
3319 625 3441 680 καθ’
3470 626 3648 697 ἡμῶν.
3682 628 3809 681 Ὀτι

540 731 668 776 sunt
694 720 915 792 proprie
953 719 1168 775 numeri
1203 719 1498 791 perﬁciens
1522 728 1579 773 et
1610 719 2071 777 circumscribens
2103 738 2117 774 :

541 813 880 884 triplimmus
904 828 973 869 ea
1008 828 1131 884 quae
1158 822 1285 868 sunt
1322 812 1541 876 eﬁ‘ecta.
1572 822 1799 885 propter
1831 814 2119 885 tripliciu-

539 913 650 964 tem
700 906 970 963 dictarum
1022 906 1409 978 potentiamm.
1460 906 1528 962 Et
1576 906 1832 963 addimus
1876 909 2121 979 quinque

539 1006 765 1070 propter
800 1014 1024 1055 sensum
1060 999 1116 1055 in
1162 1015 1273 1069 quo
1310 1009 1560 1055 versatur
1590 998 1823 1054 vitium:
1854 1008 1941 1057 est
1971 998 2117 1055 enim

538 1103 734 1145 sensus
776 1090 1083 1161 quinarius.
1136 1089 1304 1145 Iillia
1354 1099 1539 1146 autem
1571 1101 1702 1147 sunt
1733 1090 1930 1149 electa
1970 1091 2115 1155 vitii,

538 1188 829 1249 propterea
858 1180 1006 1251 quod
1034 1180 1192 1236 valde
1228 1179 1477 1237 funditur
1520 1182 1786 1238 adversus
1811 1198 1930 1239 nos.
1959 1182 2117 1250 Quod

538 1279 721 1325 autem
743 1271 1045 1343 pbantasiis
1066 1287 1130 1328 ac
1169 1271 1477 1329 visionibus
1492 1275 1778 1330 sensilium
1803 1283 1993 1339 contra
2015 1289 2119 1331 nos

538 1363 612 1419 sit
638 1364 845 1421 abusus
869 1364 963 1436 qui
996 1366 1053 1421 in
1084 1365 1451 1437 intelligentia
1471 1375 1725 1421 versatur
1758 1365 2115 1431 Senacherib,

537 1458 807 1514 insultans
831 1467 889 1513 et
921 1459 1206 1516 exsiccans
1223 1459 1435 1515 animas
1468 1474 1661 1514 eorum
1685 1460 1779 1531 qui
1802 1459 2113 1529 capiuntur,

534 1565 602 1606 eo
624 1550 771 1622 quod
800 1550 946 1623 ipsas
989 1561 1206 1623 separet
1231 1569 1261 1608 a
1296 1553 1448 1608 fonte
1493 1553 1787 1617 bonorum,
1818 1562 1904 1609 est
1939 1552 2119 1608 cuivis

534 1646 906 1714 perspicuum.
946 1643 1082 1699 Nam
1110 1644 1545 1715 perphantasias
1560 1659 1832 1715 expressae
1851 1642 2034 1716 ﬁgura:
2060 1652 2118 1700 et

532 1733 724 1791 formae
748 1735 1032 1791 sensilium
1057 1750 1197 1806 saepe
1224 1744 1509 1791 remanent
1534 1734 1590 1789 in
1615 1735 1822 1801 anima,
1854 1737 2113 1808 alligant-

2222 718 2278 770 δὲ
2306 720 2428 781 ταῖς
2456 718 2781 788 φαντασίαις
2825 718 2919 771 καὶ
2953 720 3066 782 τοῖς
3106 719 3345 788 νοήμασι
3386 718 3497 773 τῶν
3526 718 3809 790 αἰσθητῶν

2219 810 2604 881 ἀποκέχρηται
2643 810 2766 866 καθ’
2802 810 2962 882 ἡμῶν
2991 812 3021 865 ὁ
3047 810 3239 875 νοητὸς
3285 812 3654 883 Σεναχηρεὶμ,
3700 812 3811 865 ἒπ-

2220 903 2479 974 ηρεάζων
2518 905 2611 959 καὶ
2640 903 2910 975 ξηραίνων
2940 904 3038 967 τάς
3063 901 3245 974 ψυχὰς
3269 904 3380 957 τῶν
3404 904 3807 975 ἁλισκομένων.

2219 995 2298 1065 τῷ
2341 996 2599 1067 χωρίζειν
2628 996 2802 1059 αύτάς
2849 996 2951 1066 τῆς
2994 996 3179 1067 πηγῆς
3210 995 3318 1049 τῶν
3361 996 3609 1064 ἀγαθῶν.
3640 996 3809 1052 παντί

2220 1104 2324 1141 που
2351 1086 2531 1155 δῆλον.
2580 1089 2677 1142 Διά
2732 1088 2843 1159 γάρ
2877 1087 2988 1141 τῶν
3027 1086 3343 1157 φαντασιῶν
3384 1088 3706 1158 τυπούμενα
3735 1088 3811 1143 τὰ

2220 1181 2475 1248 σχήματα
2500 1179 2595 1232 καὶ
2622 1180 2692 1232 τὰ
2719 1179 2960 1250 εἴδητῶν
2980 1178 3281 1250 αἰσθητῶν.
3313 1177 3573 1243 πολλάκις
3607 1181 3809 1235 ἑνοπο-

2222 1270 2448 1340 μίνουσι
2507 1272 2574 1340 τῇ
2603 1269 2776 1342 ψυχῇ,
2824 1272 2920 1324 καὶ
2972 1269 3235 1342 δεσμοῦσι
3267 1271 3363 1324 καὶ
3400 1270 3812 1343 κατασύρουσιν

2218 1362 2299 1424 εἰς
2326 1360 2426 1431 τήν
2453 1359 2715 1429 σύγχυσιν
2735 1359 2845 1412 τῶν
2872 1360 3084 1424 παθῶν,
3118 1356 3185 1434 ἧς
3212 1361 3243 1414 ὀ
3279 1361 3623 1432 Σεναχηρείμ
3647 1354 3814 1425 οὗτος

2218 1450 2514 1520 βασιλεύει.
2550 1451 2616 1504 'H
2653 1449 2911 1503 Βαϐυλὼν
2941 1451 3051 1523 γὰρ
3074 1452 3380 1521 σύγχυσις
3410 1451 3807 1524 ἑρμηνεύεται.

2229 1546 2591 1619 ’Υποστρέφει
2613 1545 2669 1599 δὲ
2696 1544 2816 1615 μετ’
2846 1544 3109 1617 αἰσχύνης
3135 1549 3203 1618 τῇ
3234 1540 3586 1620 ὁδῷᾗῆλθεν.
3607 1546 3686 1611 ὥς
3713 1546 3805 1616 γέ-

2215 1655 2483 1710 γραπται*
2518 1639 2635 1703 πῶς
2689 1638 2807 1702 ὁδός
2844 1639 2993 1693 ἐστιν
3026 1638 3167 1693 αύτά
3197 1638 3267 1693 τά
3303 1640 3513 1709 φυσικά
3543 1638 3715 1712 πάθη,
3741 1639 3810 1694 τδ

2216 1731 2444 1795 ἐσθίειν,
2466 1731 2531 1786 τὸ
2558 1731 2753 1797 πίνειν,
2776 1730 2839 1786 τὸ
2862 1729 3087 1796 ύπνοῦν,
3119 1732 3216 1786 καὶ
3241 1732 3342 1786 ὅσα
3374 1733 3511 1803 πρὸς
3544 1731 3811 1788 σύστασιν

534 1840 642 1896 que
664 1834 723 1881 et
738 1824 1101 1880 attrahuntad
1118 1824 1495 1879 confusionem
1520 1824 1780 1879 vitiorum
1804 1834 1859 1880 et
1876 1825 2116 1882 affectio-

2222 1824 2317 1879 τοῦ
2355 1824 2607 1895 σώματος
2632 1842 2647 1856 ·
2677 1823 2714 1879 ἀ
2739 1823 2818 1895 τῷ
2846 1823 2945 1895 μὲν
2979 1822 3117 1895 ὑπὲρ
3143 1824 3246 1893 τὴν
3275 1825 3466 1896 χρείαν
3488 1824 3676 1895 τρόπῳ
3702 1825 3808 1895 τῆς

532 1929 688 1979 num,
724 1914 780 1969 in
814 1928 977 1985 quam
1015 1929 1244 1985 regnum
1279 1914 1495 1970 obtinet
1520 1914 1612 1969 hic
1632 1914 1989 1971 Senacherib.
2014 1915 2115 1971 Ba-

535 2007 707 2078 bylon
754 2005 902 2062 enim
950 2005 1343 2077 interpretatur
1375 2006 1634 2077 confusio.
1668 2007 1985 2063 Revertitur
2013 2024 2115 2062 au-

535 2109 641 2154 tem
664 2113 790 2154 cum
831 2097 1041 2170 pudore
1068 2100 1157 2154 via
1195 2115 1303 2169 qua
1334 2100 1505 2164 venit,
1553 2109 1614 2155 ut
1641 2100 1910 2172 scriptum
1936 2111 2022 2156 est
2044 2101 2115 2154 ".

531 2188 818 2255 Quomodo
845 2189 934 2245 via
952 2197 1078 2245 sunt
1109 2190 1240 2261 ipsa
1266 2190 1543 2247 naturales
1566 2190 1908 2255 aﬁ'ectiones,
1931 2207 2118 2249 come—

529 2282 693 2346 dere,
724 2281 914 2339 bibere
942 2282 1245 2349 ,dormire,
1304 2291 1361 2338 et
1406 2299 1749 2355 quaecunque
1788 2284 2000 2341 faciunt
2046 2285 2115 2341 ad

530 2374 979 2434 constitutionem
1012 2377 1292 2447 corporis:
1320 2392 1442 2447 qua:
1460 2376 1650 2433 utendi
1674 2377 1897 2447 quidem
1926 2378 2113 2444 modo,

528 2466 624 2535 qui
652 2478 811 2519 usum
850 2473 907 2520 et
932 2463 987 2519 id
1011 2463 1157 2535 quod
1181 2479 1319 2536 cpus
1337 2474 1423 2520 est
1450 2475 1692 2535 superat,
1710 2465 1778 2521 ad
1813 2481 1915 2521 nos
1936 2465 2113 2522 addu-

528 2562 665 2611 cunt
709 2554 991 2611 diabolum
1020 2573 1032 2610 :
1061 2555 1225 2611 modo
1274 2563 1460 2611 autem
1501 2556 1692 2612 utendi
1715 2558 1809 2629 qui
1855 2559 2117 2614 convenit

530 2649 655 2705 usui
674 2656 733 2704 et
758 2648 808 2703 ei
836 2649 984 2720 quod
1012 2656 1099 2705 est
1134 2664 1294 2720 opus,
1321 2664 1419 2717 per
1449 2662 1507 2704 se
1546 2648 1693 2719 ipsas
1734 2665 1860 2705 eum
1898 2649 2114 2721 fugien-

530 2745 640 2795 tem
680 2756 870 2798 rursus
903 2740 1176 2797 reducunt
1201 2740 1270 2795 ad
1307 2750 1510 2795 terram
1546 2756 1725 2805 suam,
1750 2757 1873 2811 qua:
1904 2748 1991 2797 est
2027 2741 2117 2796 ﬁr-

528 2845 651 2887 mus
677 2846 743 2886 ac
762 2832 974 2890 stabilis
999 2832 1117 2889 vitii
1148 2832 1387 2893 habitus.
1424 2848 1589 2904 quem
1636 2832 1975 2888 interﬁciunt
2020 2832 2118 2889 ﬁlii

525 2925 648 2997 ejus
677 2925 995 2998 fugientem,
1020 2935 1076 2983 et
1094 2927 1311 2998 fugiunt
1348 2928 1403 2983 in
1446 2928 1783 2983 Armeniam.
1810 2929 1979 2984 Filios
2022 2946 2119 2984 au-

527 3028 639 3074 tem
672 3019 1047 3090 intelligemus
1085 3021 1260 3075 malas
1286 3036 1409 3091 qua:
1439 3037 1508 3076 ex
1545 3036 1612 3075 eo
1639 3030 1941 3076 nascuntur
1964 3023 2118 3093 cogi-

530 3112 785 3177 tationes,
818 3129 850 3170 a
877 3113 1079 3185 quibus
1109 3113 1446 3170 interimitur
1475 3133 1487 3167 :
1524 3114 1744 3185 quando
1773 3115 1855 3170 eis
1896 3125 2118 3171 utemur

528 3201 597 3260 ad
625 3202 852 3268 bonum,
880 3213 937 3260 et
957 3220 1055 3276 per
1074 3221 1197 3276 quae
1224 3205 1435 3262 studuit
1455 3221 1676 3276 capere,
1698 3222 1796 3278 per
1817 3223 1881 3263 ea
1896 3223 2023 3262 eum
2043 3207 2111 3264 de
2144 3197 2185 3255 ϐ

527 3293 710 3351 medio
741 3296 1012 3354 tollemus.
1038 3298 1143 3367 Qui
1181 3300 1345 3355 etiam
1378 3299 1596 3373 fugiunt
1621 3301 1675 3356 in
1710 3300 2111 3376 appqsitionem

527 3386 751 3455 quietis.
790 3387 1049 3447 Armenia
1082 3393 1228 3449 enim
1264 3394 1659 3465 interpretatur
1688 3396 1875 3466 puietis
1903 3396 2113 3465 apposi-

530 3476 624 3529 tio.
651 3476 760 3532 Nos
783 3479 931 3534 enim
960 3480 1028 3536 de
1053 3493 1253 3538 caetero
1282 3493 1567 3555 apponunt
1606 3485 1804 3555 quieti.
1844 3486 1950 3541 Sed
1996 3485 2113 3541 haec

529 3569 752 3639 quidem
781 3572 860 3627 sic
888 3573 1117 3631 habent.
1162 3577 1389 3634 Fluvius
1412 3588 1597 3634 autem
1630 3578 1884 3635 dividens
1913 3595 2011 3650 per
2034 3580 2112 3635 ci-

528 3662 774 3728 vitatem,
808 3673 893 3720 est
913 3668 1154 3739 cognitio
1174 3670 1517 3726 sensibilium
1548 3672 1852 3727 secundum
1884 3682 2110 3729 natum-

529 3751 636 3810 lem
671 3756 1191 3826 contemplationem
1222 3800 1235 3825 ,
1292 3770 1352 3815 ut
1400 3760 1649 3816 dicamus
1670 3763 1914 3832 apertius
1936 3781 1966 3816 .:
1990 3779 2111 3833 qua

531 3845 800 3905 transiens
834 3863 932 3918 per
971 3850 1206 3906 mediam
1234 3853 1494 3917 animam,
1518 3854 1579 3908 ﬁt
1606 3852 1904 3908 conﬁnium
1932 3862 2113 3909 extre-

529 3950 744 3999 morum
766 3940 965 3997 mentis
988 3949 1045 3995 et
1067 3956 1281 4008 sensus,
1314 3959 1411 4013 per
1432 3959 1489 3998 se
1512 3954 1753 3999 mentem
1774 3945 2113 4015 coniungens

2217 1920 2468 1993 χρήσεως
2510 1919 2735 1988 ἄγουσιν
2788 1920 2871 1982 εἰς
2945 1920 3095 1991 ἡμᾶς
3144 1918 3238 1972 τὸν
3286 1916 3571 1972 διάδολον·
3619 1915 3700 1988 τῷ
3746 1915 3807 1971 δὲ

2218 2012 2363 2068 κατὰ
2393 2012 2494 2085 τὴν
2531 2010 2720 2084 χρείαν
2764 2012 2956 2084 τρόπῳ
3001 2012 3100 2082 τῆς
3156 2012 3431 2082 χρήσεως,
3482 2008 3552 2064 δι’
3590 2008 3808 2063 ἑαυτῶν

2217 2100 2377 2169 αὖθις
2408 2104 2850 2177 ἀποστρέψουσιν
2903 2102 3089 2165 αὑτὸν,
3127 2103 3402 2172 φεύγοντα
3444 2103 3526 2166 εἰς
3569 2100 3671 2173 τὴν
3697 2101 3806 2174 γῆν

2218 2197 2385 2252 αὑτοῦ
2404 2210 2419 2226 ⁸
2449 2198 2576 2267 ἥτις
2604 2196 2753 2251 εστὶν
2784 2197 2818 2267 ἡ
2841 2196 3015 2265 παγία
3044 2195 3143 2267 τῆς
3175 2194 3375 2258 κακίας
3402 2193 3540 2260 ἱξις.
3583 2192 3644 2247 ὃν
3671 2192 3806 2262 (pado

2217 2309 2385 2360 γοντα
2430 2290 2752 2363 ἀναιροῦσιν
2795 2293 2843 2344 οἰ
2894 2290 3000 2344 υίοὶ
3038 2286 3229 2351 αὐτοῦ.
3265 2288 3360 2342 καὶ
3400 2286 3694 2356 φεύγουσιν
3721 2289 3805 2352 εἰς

2230 2382 2544 2453 Ἀρμενίαν.
2576 2382 2740 2446 Υἰοῦς
2764 2381 2823 2437 δὲ
2862 2380 3028 2436 αὑτοῦ
3060 2382 3328 2450 νοήσομεν
3369 2380 3496 2443 τοὺς
3535 2378 3596 2444 ἐξ
3634 2379 3805 2433 αὐτοῦ

2216 2473 2572 2544 τικτομένους
2604 2474 2879 2544 πονηροὺς
2912 2473 3231 2544 λογισμοὺς,
3258 2471 3349 2540 ὑφ’
3371 2465 3448 2526 ὧν
3474 2472 3803 2543 ἀναιρεῖται,

2214 2565 2303 2619 ὅτε
2352 2564 2781 2636 συγχρησόμεθα
2822 2564 3038 2628 τούτοις
3081 2566 3164 2627 εἰς
3207 2562 3447 2632 ἀγαθόν·
3489 2563 3585 2617 καὶ
3622 2562 3692 2615 δι’
3727 2555 3806 2616 ὧν

2216 2656 2550 2712 ἐσπούδασεν
2595 2656 2758 2720 ἑλεῖν,
2808 2654 2898 2710 διά
2944 2655 3151 2709 τούτων
3180 2656 3465 2724 ἀνέλωμεν
3502 2652 3688 2708 αὐτόν.
3739 2653 3805 2707 οι

2217 2750 2308 2802 καὶ
2338 2740 2632 2818 φεύγουσιν
2666 2750 2747 2811 εἰς
2779 2747 3086 2819 παράθεσιν
3111 2747 3496 2809 ἀναπαύσεως.
3540 2744 3806 2815 ’Δρμενία

2219 2843 2328 2915 γὰρ
2362 2841 2726 2914 ἑρμηνεύεται
2756 2840 3093 2908 παράθεσις
3120 2839 3544 2904 ἀναπαύσεως.
3567 2837 3805 2908 Παρατι-

2218 2934 2375 2988 θέασι
2403 2933 2513 3004 γάρ
2540 2934 2686 3003 ἡμᾶς
2717 2930 3023 2985 ἀναπαύσει
3053 2931 3263 2985 λοιπόν.
3317 2929 3475 2982 ’Λλλά
3504 2926 3676 2983 ταῦτα
3704 2928 3804 2997 μὲν

2218 3022 2411 3085 οὕτως.
2447 3022 2699 3093 Ποταμδς
2729 3022 2786 3075 δὲ
2812 3021 3067 3090 διορίζων
3100 3020 3188 3075 διὰ
3214 3020 3313 3090 τῆς
3339 3020 3567 3085 πόλεως,
3594 3021 3629 3089 ἡ
3659 3019 3802 3072 κατὰ

2220 3118 2322 3186 τὴν
2350 3116 2587 3187 φυσικὴν
2621 3115 2855 3186 θεωρίαν
2884 3114 3086 3183 γνῶσις
3112 3112 3222 3165 τῶν
3250 3112 3547 3182 αἰσθητῶν,
3582 3112 3672 3166 ἴνα
3706 3127 3802 3163 σα-

2221 3210 2487 3280 φέστερον
2515 3208 2765 3279 εἴπωμεν
2789 3220 2804 3237 ·
2836 3208 2961 3278 ἥτις
3004 3204 3326 3276 διερχομένη
3369 3203 3458 3257 διὰ
3501 3203 3677 3273 μέσης
3704 3203 3802 3272 τῆς

2219 3302 2423 3373 ψυχῆς.
2466 3301 2721 3373 μεθόριον
2751 3300 2859 3355 τῶν
2883 3300 3070 3367 ἄκρων
3098 3298 3331 3367 γίνεται,
3364 3296 3454 3349 νοῦ
3481 3296 3579 3349 καὶ
3607 3295 3802 3369 αἰσθήο

2223 3408 2361 3456 σεως
2382 3433 2397 3456 ,
2435 3391 2503 3445 δι’
2534 3393 2735 3462 ἑαυτῆς
2772 3390 3120 3444 συνάπτουσα
3166 3387 3258 3442 τὸν
3283 3387 3407 3441 νοῦν
3431 3389 3497 3458 τῇ
3529 3386 3799 3459 αἰσθήσει.

2231 3486 2298 3540 Ἦ
2330 3486 2442 3557 γὰρ
2469 3484 2672 3553 γνῶσις
2702 3482 2813 3538 τῶν
2840 3482 3146 3552 αἰσθητῶν,
3176 3481 3301 3535 καθ’
3340 3480 3369 3533 δ
3403 3479 3503 3550 μὲν
3536 3481 3619 3542 εἰς
3666 3475 3801 3543 εἶδος

2220 3574 2486 3631 τυποῦται
2518 3577 2632 3639 τοῖς
2664 3575 2912 3644 σχήμασι
2949 3572 3058 3627 τῶν
3100 3569 3408 3639 αἰσθητῶν,
3437 3571 3687 3623 κοινωνεῖ
3725 3568 3802 3639 τῷ

2218 3671 2314 3741 νῷ.
2342 3671 2453 3724 Καὶ
2483 3672 2515 3741 ἡ
2545 3668 2785 3739 συνθήκη
2809 3667 2866 3721 δὲ
2896 3666 3003 3720 τῶν
3032 3665 3231 3731 λέξεων
3285 3663 3434 3735 δηλοῖ
3459 3664 3559 3734 τὴν
3587 3663 3803 3717 σύνοδον

2217 3761 2314 3815 τοῦ
2343 3761 2435 3816 νοῦ
2468 3762 2563 3814 καὶ¹
2600 3761 2698 3831 τῆς
2724 3758 3055 3828 αἰσθήσεως.
3101 3756 3309 3820 Γνῶσις
3338 3756 3447 3826 γὰρ
3473 3756 3582 3808 τῶν
3609 3754 3803 3823 αἰσθη-

2216 3856 2343 3911 τῶν.
2381 3854 2487 3907 Καὶ
2514 3856 2547 3923 ή
2574 3853 2673 3924 μὲν
2696 3850 2899 3921 γνῶσις
2916 3850 3096 3905 οἰκεία
3120 3850 3197 3922 τῷ
3223 3848 3300 3921 νῷ
3326 3866 3339 3879 ·
3366 3850 3435 3903 τὰ
3454 3849 3511 3902 δὲ
3540 3848 3799 3920 αἰσθητὰ,

2217 3947 2395 3998 οἰκεῖα
2420 3946 2486 4015 τῇ
2522 3942 2795 4013 αἰσθήσει.

530 4029 737 4091 βεηευί-
785 4030 920 4091 Nam
954 4032 1196 4103 cognitio
1246 4035 1554 4101 sensilium,
1595 4048 1870 4108 quatenus
1931 4039 2156 4109 quidem
2196 4037 2387 4109 ﬁguris
2452 4036 2737 4092 sensilium
2782 4033 3111 4105 exprimitur
3154 4032 3211 4087 in
3260 4031 3489 4087 formam
3534 4030 3635 4103 [ea
3673 4042 3799 4084 cum

529 4138 695 4183 sensu
734 4122 901 4184 habet
944 4125 1283 4187 societatem,
1326 4124 1608 4194 Quatenus
1650 4135 1834 4183 autem
1862 4128 2265 4197 contemplatur
2290 4129 2531 4182 rationes
2586 4124 2920 4197 sensilium],
2976 4140 3041 4180 ea
3099 4125 3418 4180 societatem
3454 4122 3623 4177 habet
3674 4139 3798 4179 cum

528 4227 734 4277 mente.
796 4216 915 4273 1am
937 4230 1069 4272 vero
1088 4217 1204 4287 ipsa
1225 4233 1446 4289 quoque
1474 4219 1781 4275 dictionum
1813 4221 2143 4291 compositio
2182 4219 2389 4275 indicat
2414 4234 2769 4290 congressum
2830 4217 3033 4272 mentis
3063 4224 3119 4271 et
3143 4230 3358 4270 sensus.
3386 4214 3594 4285 Nempe
3615 4214 3801 4286 cogni-

528 4306 609 4363 tio
673 4310 959 4364 sensilium
998 4329 1011 4363 :
1045 4320 1101 4366 et
1136 4311 1376 4381 cognitio
1412 4312 1636 4384 quidem
1682 4325 1767 4370 est
1841 4330 1967 4371 cum
2019 4330 2185 4372 sensu
2224 4314 2517 4386 conjuncta
2574 4312 2947 4369 familiaritate
2995 4319 3053 4367 et
3100 4307 3533 4375 necessitudine,
3577 4307 3800 4363 sensilia

530 4411 715 4466 autem
744 4419 868 4459 cum
899 4420 1085 4462 sensu.

532 4512 600 4569 Et
625 4523 868 4592 precatus
893 4526 966 4571 est
1001 4534 1092 4572 rex
1126 4518 1396 4592 Ezechias,
1431 4530 1481 4574 et
1515 4521 1685 4577 Isaias
1708 4524 1852 4592 ﬁlius
1874 4527 2110 4588 Ammos,

594 4594 639 4665 et
665 4585 1037 4665 clamauerunt
1066 4590 1135 4642 ad
1166 4590 1374 4653 caelum,
1400 4601 1447 4645 et
1485 4594 1624 4649 misit
1660 4585 1915 4651 Dominus
1952 4585 2112 4665 auge;

2217 4520 2324 4575 Kal
2342 4518 2729 4587 προσηύξατο
2756 4518 3019 4586 Ἐζεκίας
3036 4518 3069 4570 ὁ
3083 4511 3524 4587 βασιλεὺς,καί
3554 4511 3802 4587 Ἠσαίας

2293 4581 2418 4656 vid};
2459 4581 2681 4658 ‘Ajtpibc
2710 4631 2725 4653 ,
2766 4581 3186 4658 xai"e66ngar
3236 4586 3323 4650 εἰς
3366 4584 3475 4658 adv:
3516 4581 3799 4658 σύρων-ὸν.

605 4655 733 4736 lum,
756 4660 1061 4736 _et.attrivit
1098 4676 1305 4736 omnem
1340 4652 1603 4736 potentem
1660 4674 1707 4719 et
1758 4652 2071 4726 bellatorem
2098 4708 2112 4729 ,

2224 4732 2228 4736 _
2291 4652 2743 4736 καίἁπξὰτεὶλε
2788 4659 3006 4736 Κύριος
3055 4654 3337 4736 {in-elata
3379 4652 3496 4736 καί.
3522 4652 3802 4736 ἐξέτριψεν

604 4735 652 4777 et
685 4728 975 4807 principem
1008 4741 1056 4781 et
1088 4728 1389 4807 militemin
1413 4736 1601 4807 castris
1637 4738 1772 4807 regis
1808 4739 1973 4792 Assur
2013 4756 2025 4791 :
2064 4746 2115 4789 et

608 4799 795 4857 avertit
835 4814 955 4855 cum
990 4800 1193 4871 pudore
1228 4800 1485 4857 vultus".

601 5050 832 5122 Oportet
852 5067 977 5107 eum
1000 5054 1093 5124 qui
1115 5055 1354 5112 scienter
1378 5066 1435 5113 et
1452 5073 1519 5113 ex
1539 5059 1848 5130 cognitione
1866 5060 2108 5117 divinam

532 5143 936 5214 contemplatur
960 5143 1317 5215 Scripturam,
1355 5150 1601 5205 exerceri
1633 5152 1796 5206 etiam
1832 5151 1888 5206 in
1929 5155 2131 5213 ποιοί-τ

533 5250 666 5287 num
709 5234 1282 5305 interpretationibus,
1311 5254 1432 5309 qua:
1477 5256 1544 5295 ex
1590 5255 1648 5295 se
1684 5256 1826 5311 saepe
1880 5252 2111 5312 possunt

533 5326 813 5381 declarare
838 5342 1057 5382 omnem
1091 5332 1313 5384 sensum
1340 5346 1528 5386 eorum
1553 5348 1674 5402 qua:
1710 5334 1912 5404 scripta
1948 5342 2109 5397 sunt,

534 5414 578 5467 si
616 5430 724 5470 non
761 5415 827 5470 ad
858 5431 1060 5487 corpus
1094 5418 1272 5475 solum
1296 5429 1352 5473 et
1383 5429 1582 5475 terram
1611 5437 1761 5477 more
1786 5423 2015 5479 Judaico
2042 5424 2113 5479 sit

534 5510 872 5569 deducturus
904 5496 1254 5569 altitudinem
1274 5513 1519 5584 spiritus.
1544 5513 1725 5571 Achaz
1749 5519 1893 5572 enim
1921 5518 2111 5589 genuit

536 5601 843 5660 Ezechiam.
887 5602 1286 5674 Interpretatur
1321 5614 1503 5660 autem
1546 5604 1724 5661 Achaz
1770 5608 1991 5677 quidem
2032 5611 2106 5663 vis

605 5759 647 5794 ’θ
686 5759 725 5818 ll
764 5760 931 5818 Fara].
972 5778 1130 5819 usu.
1164 5764 1249 5813 ei.
1328 5765 1365 5791 “
1404 5762 1446 5815 Il
1487 5763 1659 5817 Pot-al.
1707 5782 1867 5823 nxu.
1895 5764 1981 5825 οη,
2016 5764 2103 5817 21.

2292 4730 2490 4784 πάντα
2519 4731 2785 4785 δυνατὸν
2831 4722 2929 4783 καί
2963 4722 3372 4795 πολεμιστὴν.
3401 4723 3501 4795 κᾳί
3524 4722 3802 4795 Δἄρχοντα

2292 4802 2389 4855 καί
2443 4802 2787 4871 στρατηγὸν
2815 4840 2831 4863 ,
2861 4799 2948 4871 μὲν
2994 4796 3068 4864 τῇ
3113 4791 3467 4871 παρεμᾷολῇ
3493 4791 3803 4857 βασιλέως

2222 4936 2229 4939 _
2304 4866 2588 4957 ξΑσσοῦρ.
2618 4866 2729 4926 Kal
2758 4867 3105 4937 ἀπέστρεψε
3129 4867 3255 4936 μετ’
3282 4866 3585 4933 αἰσχύνης
3612 4877 3801 4931 προσ-

2289 4958 2472 4997 ωπου.

2289 5056 2408 5128 Χρὴ
2438 5056 2531 5111 τὸν
2567 5054 2884 5126 γνωπικῶς
2910 5050 3220 5124 θεωροῦντα
3244 5049 3343 5119 τὴν
3373 5046 3527 5125 θείαν
3577 5044 3801 5116 Γραφὴν

2219 5148 2529 5220 ἀσκηθῆναι
2559 5148 2656 5201 καὶ
2680 5146 2778 5211 τὰς
2793 5146 2903 5198 τῶν
2919 5146 3199 5215 ὀνομάτων
3232 5141 3553 5213 ἑρμηνείας,
3572 5138 3799 5193 αὐτόθεν

2219 5241 2523 5312 δυναμένας
2565 5238 2827 5302 πολλάκις
2878 5238 3008 5308 ὅλην
3057 5234 3374 5306 σαφηνίζειν
3407 5232 3514 5285 τῶν
3555 5247 3801 5302 γεγραμ-

2224 5333 2402 5405 μένων
2434 5334 2673 5389 διάνοιαν
2698 5350 2711 5363 ·
2746 5334 2903 5403 εἴπερ
2946 5330 3130 5401 μέλλοι
3155 5328 3229 5400 μὴ
3273 5326 3409 5399 πρὸς
3451 5324 3613 5395 σῶμα
3645 5324 3801 5394 μόνον

2222 5428 2315 5479 καὶ
2339 5427 2439 5496 γῆν
2482 5424 2790 5488 Ἰουδαϊκῶς
2822 5424 3080 5491 κατάγειν
3104 5419 3163 5474 τὸ
3184 5419 3318 5489 ὕψος
3340 5418 3434 5471 τοῦ
3470 5416 3797 5485 πνεύματος.

2221 5516 2398 5589 Ἀχαξ
2425 5518 2680 5589 ἐγέννησε
2708 5516 2799 5569 τὸν
2842 5512 3108 5584 Ἐζεκίαν.
3128 5508 3522 5582 Ἐρμηνεύεται
3549 5506 3605 5560 δὲ
3630 5504 3802 5574 Ἀχαξ

2220 5611 2318 5681 μὲν
2342 5611 2521 5679 ἰσχύς
2543 5627 2553 5636 ”
2615 5607 2859 5677 Ἐζεκίας
2880 5605 2934 5660 δὲ
2956 5605 3172 5674 κράτος
3203 5601 3382 5654 θεῖον.
3408 5599 3515 5653 Καὶ
3535 5596 3801 5666 λαμδὰνε-
