4098 6344
585 293 717 354 1278
1795 301 1850 355 S.
1891 294 2162 358 CYBlLLl

2234 295 2292 350 IT
2331 295 2637 353 ALIORUM
3704 288 3852 344 ηπ

578 427 809 482 regnum
855 412 1112 472 obtinens
1149 430 1204 468 in
1241 414 1563 477 Jerusalem,
1607 429 1706 471 seu
1739 416 1794 470 in
1835 416 2025 471 habitu
2064 413 2196 468 vl-J

2248 410 2546 482 βασιλεύων
2609 410 2996 483 Ἰερουσαλὴμ,
3041 410 3162 482 ἦτοι
3203 409 3304 478 τῆς
3351 409 3582 480 εἰρήνην
3615 405 3850 477 ὁρώσης

577 502 744 558 dente
766 517 978 574 pacem,
1001 506 1412 568 constitutione,
1439 506 1683 575 inquam,
1705 507 1872 562 animi
1903 505 2143 564 motibus

2244 505 2409 570 ἕξεως
2432 521 2447 535 ·
2483 505 2628 573 λέγω
2651 504 2716 577 δὴ
2740 503 2841 573 τῆς
2873 503 2983 556 τῶν
3006 501 3408 566 στασιαζόντων
3429 498 3630 554 παθῶν
3663 498 3853 567 ἁπηλο

577 594 805 651 liberata
840 595 936 668 qui
965 595 1288 651 seditionem
1319 596 1594 668 agitabant
1626 596 1774 668 (visio
1806 599 1955 653 enim
2001 598 2144 667 pacis

2244 597 2522 669 λαγμένης
2544 597 2928 660 καταστάσεως
2953 594 3184 665 (ὅρασις
3207 594 3319 665 γὰρ
3342 592 3596 663 εἰρήνης
3631 588 3847 661 Ἰερου-

580 687 975 758 interpretatur
1009 686 1355 757 Jerusalem),
1399 688 1624 743 omnino
1662 687 1830 745 habet
1863 705 1986 745 eam
2023 703 2144 759 qua:

2245 690 2430 762 σαλὴμ
2481 688 2884 762 ἑρμηνεύεται)·
2917 688 3134 751 πάντως
3179 687 3294 758 εχει
3339 689 3441 757 τὴν
3489 684 3849 754 φαινομένην

578 788 802 850 apparet
839 789 1140 836 creaturam
1181 781 1286 836 sibi
1332 783 1553 852 quidem
1598 783 1740 837 dona
1778 783 2139 839 oll'erentem:

2246 784 2428 839 κτίσιν
2464 783 2880 855 προσφέρουσαν
2918 780 3067 851 αὐτῷ
3101 780 3201 851 μὲν
3231 779 3462 850 δόματα,
3506 778 3588 848 τῷ
3615 777 3681 831 δὲ
3720 774 3848 844 Θεῷ

577 871 690 928 Deo
724 880 906 927 autem
942 872 1085 928 dona
1123 889 1220 946 per
1242 890 1321 930 se.
1350 875 1483 929 Nam
1511 876 1729 946 proprie
1755 874 1979 945 quidem
2000 875 2141 929 dona

2244 877 2394 947 δῶρα
2426 876 2492 931 δι’
2517 876 2704 931 αὐτοῦ.
2736 875 2956 946 Κυρξως
2984 873 3094 946 γὰρ
3124 873 3333 943 δόματα
3366 873 3468 943 μὲν
3492 871 3566 925 τὰ
3593 872 3719 934 τοῖς
3752 871 3847 922 tv-

579 973 708 1020 aunt
741 979 863 1034 qua
890 964 1092 1022 dantur
1119 966 1494 1038 indigentibus
1518 985 1535 1022 :
1559 983 1788 1023 munera
1812 976 1995 1022 autem
2020 981 2142 1036 quae

2243 967 2388 1020 δεέσι
2415 967 2668 1038 διδόμενα
2688 985 2700 998 ·
2736 967 2885 1038 δῶρα
2905 966 2982 1032 δὲ,
3015 966 3084 1019 τὰ
3115 966 3227 1028 τοῖς
3255 962 3626 1032 ἀπροσδεέσιν
3655 963 3845 1015 εἰσιν

578 1054 878 1110 atl'eruntur
931 1056 997 1113 ad
1057 1073 1153 1114 eos
1205 1059 1297 1128 qui
1356 1075 1463 1114 non
1523 1059 1789 1131 indigent.
1852 1059 2141 1129 Propterea

2245 1059 2534 1129 μιζόμενα.
2558 1059 2649 1112 Διὸ
2675 1058 2752 1130 τῷ
2777 1059 2875 1129 μὲν
2895 1058 3083 1130 Κυρίῳ
3103 1055 3249 1127 δῶρα
3264 1055 3341 1119 ὡς
3366 1056 3594 1108 πάντων
3624 1056 3845 1124 atpos-

579 1148 806 1205 Domino
844 1151 1065 1221 quidem
1100 1153 1409 1208 oﬂeruntur
1441 1169 1690 1219 munera,
1722 1161 1784 1208 ut
1812 1152 1906 1224 qui
1939 1151 2141 1207 nullius

2241 1154 2376 1217 δεεί,
2404 1153 2482 1223 τῷ
2503 1152 2560 1207 δὲ
2599 1151 2816 1224 Ἐζεκίᾳ
2837 1152 3068 1222 δόματα,
3091 1149 3225 1204 διότι
3252 1151 3360 1213 πᾶς
3387 1147 3694 1219 ἄνθρωπος
3721 1147 3843 1198 ἒπε-

573 1254 748 1314 cgeat,
790 1244 1036 1301 Ezechias
1070 1254 1254 1301 autem
1287 1246 1448 1309 dona,
1477 1254 1765 1317 propterea
1791 1244 1936 1316 quod
1963 1243 2143 1299 omnis

2243 1245 2415 1300 δεῖται
2440 1287 2454 1310 ,
2494 1247 2589 1300 ut
2620 1244 2953 1331 τρόπωνρίς
2985 1243 3208 1316 ἀρετὴν,
3237 1241 3334 1296 καί⁵
3361 1239 3547 1308 λόγων
3580 1240 3668 1302 είς

577 1336 740 1390 homo
776 1337 1001 1408 indiget,
1026 1348 1082 1393 et
1102 1339 1348 1393 moribus
1367 1338 1432 1393 ad
1462 1339 1740 1403 virtutem,
1763 1348 1817 1392 et
1839 1337 2143 1392 rationibus

2244 1356 2350 1395 σιν.
2393 1338 2554 1392 Ἀλλὰ
2579 1336 2727 1410 δῶρα
2771 1329 2901 1407 μὲν,
2929 1338 2979 1390 οἱ
3013 1337 3407 1407 ἑνυπάρχοντες
3435 1332 3665 1400 ἑκάστῳ
3705 1329 3837 1383 εἴδει

578 1428 641 1481 ad
682 1428 1070 1499 cognitionem.
1117 1431 1224 1487 Sed
1271 1447 1500 1486 munera
1548 1431 1770 1502 quidem
1815 1440 1944 1485 sunt
1980 1430 2142 1500 spiri-

2241 1430 2352 1486 τῶν
2387 1428 2854 1501 συμπληρούντων
2885 1427 2984 1496 τὴν
3035 1427 3210 1480 κτίσιν
3240 1421 3611 1492 πνευματικοὶ
3655 1419 3837 1488 λόγοι,

579 1520 750 1575 tuales
798 1526 1038 1577 rationes
1080 1538 1202 1597 quae
1255 1523 1441 1578 insunt
1482 1523 1535 1577 in
1582 1537 1906 1592 unaquaque
1959 1521 2140 1592 specie

2240 1524 2308 1577 δι’
2347 1515 2424 1576 ὧν
2453 1523 2482 1574 ό
2504 1522 2602 1591 τῆς
2630 1519 2863 1582 κτίσεως
2895 1517 3222 1588 γνωρίζεται
3246 1515 3499 1585 ποιητὴς,
3541 1511 3835 1566 διδασκόν-

573 1628 763 1667 rerum
810 1629 932 1683 qua
977 1614 1253 1684 complent
1281 1622 1609 1673 creaturam.
1641 1629 1740 1683 per
1767 1629 1903 1683 quas
1941 1629 2141 1683 cogno-

2245 1632 2378 1680 των,
2411 1616 2496 1669 ὅτι
2527 1613 2644 1668 ἐστί
2676 1629 2758 1676 τις
2799 1611 2907 1666 τῶν
2936 1612 3277 1682 φαινομένων
3320 1609 3549 1678 κτίστης
3576 1607 3676 1660 καὶ
3715 1605 3836 1659 δεσ-

575 1703 748 1757 scitur
789 1714 1003 1759 creator
1031 1713 1316 1766 creaturae,
1356 1703 1614 1758 docentes
1645 1701 1792 1772 quod
1830 1704 1900 1757 sit
1941 1703 2138 1772 aliquis
2172 1767 2193 1779 _

2243 1710 2437 1779 πότης.
2478 1708 2700 1778 Δόματα
2729 1706 2786 1759 δὲ
2826 1705 2876 1760 οἱ
2919 1704 3130 1767 ἐνόντες
3175 1702 3392 1771 ἑκάστῳ
3431 1699 3644 1755 τούτων
3672 1693 3834 1760 αὖθις

574 1808 786 1853 creator
829 1808 882 1852 et
922 1797 1184 1852 Dominus
1223 1812 1412 1851 eorum
1457 1811 1579 1866 qua:
1626 1805 1950 1851 cernuntur.
1991 1797 2137 1851 Dona
2172 1767 2192 1824 ι

2210 1776 2214 1817 ί
2242 1767 2460 1872 φυσικοὶ
2482 1767 2658 1868 νόμον
2675 1797 2818 1852 τοῦτ’
2840 1797 2975 1860 ἐστι,
3006 1795 3077 1849 τὰ
3106 1794 3315 1864 φυσικά
3343 1767 3828 1861 πλεονεκτήματα,

574 1896 753 1942 autem
791 1896 919 1942 sunt
955 1903 1077 1957 quae
1120 1904 1315 1944 rursus
1354 1890 1409 1943 in
1450 1905 1785 1961 unoquoque
1824 1905 2018 1946 eorum
2049 1892 2138 1946 in-

2238 1895 2304 1948 δι⁹
2342 1887 2418 1948 ὧν
2445 1890 2763 1947 παιδεύεται
2793 1907 2874 1954 τις
2903 1888 3039 1959 πρὸς
3071 1887 3272 1960 ἀρετήν
3295 1901 3312 1915 ο
3332 1882 3704 1953 ἐκλεγόμενος
3732 1878 3828 1934 τοῦ

573 1987 699 2033 sunt
747 1978 1026 2034 naturales
1072 1980 1332 2043 rationes,
1378 1979 1485 2036 hoc
1522 1990 1608 2037 est
1641 1981 1796 2038 dotes
1837 1981 2136 2046 naturales,

2244 1990 2342 2061 μὲν
2370 1987 2510 2051 τόδε,
2547 1985 2640 2040 τοῦ
2669 1985 2728 2039 δὲ
2785 1984 2904 2038 τόδε
2924 2000 2937 2014 ·
2968 1981 3064 2036 καὶ
3088 1982 3216 2041 τοὺς
3237 1977 3503 2049 φυσικοὺς
3525 1974 3715 2029 αὑτῶν
3743 1972 3828 2026 νό-

570 2083 667 2137 per
693 2083 828 2138 quas
847 2069 1096 2124 eruditur
1124 2069 1320 2138 aliquis
1337 2069 1402 2124 ad
1424 2069 1680 2126 virtutem
1702 2088 1714 2124 :
1738 2071 1902 2142 hujus
1917 2071 2139 2140 quidem

2247 2097 2385 2152 μους
2412 2080 2526 2141 τοῖς
2556 2077 2965 2147 προαιρετικοῖς
2988 2072 3152 2128 αὑτοῦ
3174 2071 3397 2142 τρόποις
3428 2063 3825 2137 ἀπομιμούμεο

571 2160 673 2213 hoc
709 2157 938 2229 eligens,
978 2159 1128 2214 illius
1171 2176 1299 2215 vero
1329 2161 1484 2224 iHud,
1521 2171 1577 2216 et
1627 2163 1907 2216 naturales
1948 2176 2138 2216 earum

2241 2185 2351 2236 νος.
2411 2170 2844 2239 Ἑγκατέσπειρε
2892 2165 3002 2238 γὰρ
3050 2167 3079 2218 6
3116 2163 3249 2226 Θεὸς
3297 2163 3411 2224 τοῖς
3460 2158 3612 2213 κατά
3662 2157 3826 2227 μέρος

568 2250 715 2318 leges
751 2248 994 2306 liberalis
1021 2251 1107 2305 sui
1135 2251 1350 2305 arbitrii
1377 2252 1538 2306 modo
1566 2252 1802 2307 imitans.
1835 2253 2140 2308 Seminavit

2239 2267 2404 2320 εἴδεσι
2436 2265 2536 2333 τῆς
2592 2264 2824 2324 κτίσεως
2890 2261 2986 2314 καὶ
3031 2257 3224 2328 σοφίας
3257 2257 3453 2323 λόγους
3513 2267 3824 2320 πνευματι-

567 2341 714 2397 enim
737 2342 879 2398 Deus
900 2344 954 2397 in
993 2343 1358 2414 singularibus
1389 2345 1638 2414 partibus
1669 2355 1932 2401 creaturae
1969 2347 2136 2417 spiri-

2238 2355 2391 2420 xobc.
2427 2356 2732 2428 μηνύοντας
2754 2353 2845 2407 τὸν
2870 2350 3100 2422 ποιητὴν
3130 2347 3307 2402 αὐτῶν
3337 2345 3472 2399 Θεόν
3494 2359 3508 2373 °
3543 2343 3644 2397 καὶ
3669 2356 3824 2410 φυσιο

569 2434 743 2489 tuales
791 2450 1010 2506 quoque
1059 2436 1209 2507 leges
1261 2437 1561 2506 sapientiae,
1610 2438 1914 2493 indicantes
1964 2439 2137 2493 Deum

2238 2450 2369 2511 κους
2395 2447 2595 2516 νόμους
2621 2442 3108 2512 παιδαγωγοῦντας
3141 2441 3222 2503 είς
3264 2437 3470 2510 ἀρετὴν
3501 2435 3599 2489 τὸν
3625 2434 3824 2502 θεατὴν

564 2541 754 2588 earum
799 2536 1147 2585 creatorem:
1197 2539 1253 2586 et
1299 2530 1446 2602 leges
1496 2532 1774 2586 naturales
1819 2531 2136 2587 erudientes

2238 2539 2422 2594 αὐτῶν
2458 2537 2766 2609 ἄνθρωπον.
2801 2536 2920 2589 Ἵνα
2947 2533 3003 2587 δὲ
3033 2535 3097 2586 ὲκ
3135 2531 3350 2586 πολλῶν
3376 2528 3538 2597 ὀλίγα
3564 2523 3823 2595 παραθῶ-

563 2617 631 2681 ω
662 2618 923 2680 virtutem
944 2621 1220 2676 hominem
1245 2637 1434 2678 earum
1454 2632 1837 2694 spectatorem.
1864 2624 1932 2680 Ut
1953 2632 2136 2680 autem

2239 2649 2358 2702 μεν,
2406 2628 2566 2684 ἀετοῦ
2611 2627 2838 2698 φυσικὸς
2879 2627 3077 2696 νόμος,
3106 2622 3166 2676 τὸ
3221 2620 3363 2692 πρὸς
3443 2619 3547 2689 τὴν
3592 2615 3824 2687 ἡλιακὴν

563 2725 631 2763 ει
675 2709 862 2765 multis
900 2726 1072 2782 pauca
1113 2712 1484 2779 adducamus,
1523 2715 1717 2784 aquila:
1753 2716 1840 2770 lex
1874 2715 2136 2771 naturalis

2237 2724 2609 2797 μαρμαρυγὴν
2642 2719 2901 2783 ίθυτενῶς
2935 2716 3224 2781 ἀτενίζειν.
3253 2713 3319 2768 Ὀ
3377 2711 3688 2782 μιμήσεται
3713 2725 3821 2775 τις,

564 2809 666 2865 est,
697 2800 766 2856 ad
805 2801 1035 2857 solarem
1063 2803 1410 2872 splendorem
1443 2804 1633 2860 oculos
1667 2815 1847 2860 rectos
1875 2805 2131 2878 deﬁgere.

2238 2817 2556 2874 ἀπευθύνων
2597 2816 2687 2869 τὸν
2727 2812 2854 2867 νοῦν
2895 2815 2978 2876 είς
3018 2809 3079 2864 τὸ
3126 2808 3270 2862 θεῖον
3317 2806 3456 2876 φῶς.
3500 2803 3820 2874 Μιμήσεταε

560 2891 716 2956 Quod
747 2893 968 2962 quidem
991 2894 1299 2949 imitabitur
1322 2896 1594 2966 quispiam
1613 2897 1681 2952 ad
1697 2898 1938 2953 divinam
1958 2899 2134 2953 lucem

2238 2911 2331 2965 καὶ
2381 2911 2481 2980 τὴν
2535 2908 2764 2975 ἔλαφον,
2809 2905 2879 2959 τὰ
2929 2903 3038 2974 ὕψη
3070 2901 3178 2957 τῶν
3211 2900 3373 2955 θείων
3420 2896 3819 2969 θεωρημάτων,

563 2991 799 3038 mentem
843 2983 1108 3054 dirigens.
1153 2985 1461 3041 lmitabitur
1488 2987 1655 3043 etiam
1695 3003 1919 3042 cervum
1946 3003 2133 3057 perse-

2237 3001 2488 3070 καθάπερ
2514 2999 2698 3070 ἐκείνη
2723 2997 2792 3052 τὰ
2823 2998 2949 3069 ὅρη,
2982 2992 3356 3071 μεταδιώκων.
3388 2989 3487 3044 καὶ
3509 2989 3580 3043 τὰ
3619 2990 3819 3059 ἐμφω-

561 3089 736 3142 quens
796 3075 1144 3132 altitudinem
1210 3077 1519 3132 divinarum
1568 3081 2179 3166 contemplationum,‘

2199 3110 2204 3164 ς
2236 3094 2463 3147 λεύοντα
2493 3094 2605 3154 τοῖς
2633 3089 2936 3160 ὁρωμένοις
2963 3087 3128 3142 εἴδεσι
3159 3084 3331 3156 παθη,
3360 3082 3616 3153 καθάπερ
3642 3081 3817 3150 ὄφεις,

561 3167 705 3220 sicut
741 3164 832 3220 ille
849 3174 1062 3222 montes
1093 3175 1185 3220 :-et
1222 3168 1315 3235 qui
1356 3167 1411 3221 in
1446 3168 1512 3223 iis
1539 3184 1661 3239 qua:
1697 3181 2003 3226 cernuntur
2027 3172 2130 3228 dea»
2173 3164 2179 3166 “

2228 3187 2308 3258 τῷ
2350 3186 2495 3256 λόγῳ
2531 3183 2866 3252 διαφθείρων
2909 3180 3010 3250 τῆς
3055 3178 3383 3250 διακρίσεως
3408 3217 3424 3242 ,
3475 3174 3576 3230 καὶ
3614 3173 3705 3227 τὸν
3748 3173 3815 3243 τῇ

561 3259 817 3319 titcscunt
873 3259 1137 3323 affectus,
1206 3270 1460 3332 tanquam
1518 3272 1835 3332 serpentes,
1894 3266 2128 3336 perdens

2233 3279 2337 3348 μνή
2348 3295 2420 3347 μῃ
2453 3272 3035 3344 ὲναπολαμὸανόμενον
3067 3271 3143 3324 ίδν
3163 3268 3267 3339 τῆς
3289 3266 3510 3330 κακίας,
3534 3266 3660 3327 ταῖς
3686 3261 3816 3317 πολ·

562 3351 769 3406 ratione
815 3352 1213 3408 discretionis:
1259 3363 1316 3408 et
1373 3371 1646 3410 venenum
1703 3357 1821 3412 vitii
1872 3359 2019 3429 quod
2071 3360 2127 3414 in

2228 3371 2348 3432 λαῖς
2395 3367 2490 3421 καὶ
2520 3364 2801 3435 διαφόροις
2835 3361 3268 3417 κατασϐεννύων
3305 3360 3512 3430 πηγαῖς
3554 3357 3659 3426 τῆς
3687 3351 3820 3421 γνώ-

561 3444 823 3499 memoria
873 3445 1376 3514 comprehenditur,
1431 3447 1788 3520 exstinguens
1839 3451 2028 3506 multis
2073 3461 2130 3508 et

2231 3478 2392 3524 σεως.
2436 3460 2756 3528 Μιμήσεται
2794 3456 2889 3508 καὶ
2930 3455 3033 3525 τῆς
3064 3453 3325 3525 δορκάδος
3357 3451 3459 3521 τὴν
3484 3445 3815 3512 όξυωπτίαν,

559 3535 792 3591 diversis
855 3535 1103 3593 fontibus
1167 3539 1520 3609 cognitionis.
1589 3539 1904 3598 lmitabitur
1963 3545 2128 3599 etiam

2229 3559 2353 3620 τοὺς
2385 3554 2612 3626 βρόχους
2631 3551 2743 3604 τῶν
2773 3548 3232 3603 ἐπιϐουλευόντων
3251 3547 3318 3616 τῇ
3345 3543 3516 3614 ἀρετῇ
3542 3537 3817 3609 δαιμόνων

561 3634 779 3682 acutum
825 3627 1001 3682 visum
1049 3642 1278 3698 capreae,
1321 3630 1636 3685 transiliens
1664 3631 1888 3700 laqueos
1925 3635 2128 3690 tlreino—

2232 3646 2582 3720 ύπερπηδῶν.
2614 3645 2736 3698 Ἔτι
2762 3643 2820 3699 δὲ
2863 3643 2957 3696 καὶ
2984 3641 3081 3696 τοῦ
3123 3639 3313 3710 ὀρνέου
3345 3637 3448 3707 τὴν
3481 3633 3811 3704 ἀσφάλειαν,

559 3731 689 3773 num
716 3719 816 3789 qui
836 3718 1167 3776 insidiantur
1193 3721 1402 3776 virtuti.
1430 3722 1736 3777 imitabitur
1756 3734 1939 3780 autem
1961 3727 2126 3782 etiam

2229 3718 2594 3807 τὰςῖπαγίδας
2638 3735 2746 3789 τῶν
2777 3735 2844 3803 τῇ
2882 3731 3088 3801 γνώσει
3133 3728 3517 3800 πολεμούντων
3552 3722 3810 3796 πονηρῶν

561 3809 679 3871 avis
721 3812 1053 3876 cautionem,
1095 3813 1452 3882 supervolans
1497 3814 1632 3868 retia
1667 3816 1934 3871 malorum
1970 3819 2132 3888 spiri-

1451 3852 1452 3860 η
1497 3814 1632 3868 rem
1667 3816 1934 3871 malm'um
1970 3819 2132 3888 ερίτί-
2231 3832 2560 3903 πνευμάτων
2595 3826 3069 3899 ὑπεριπτάμενος·

564 3908 717 3955 tuum
755 3902 846 3971 qui
884 3901 1087 3957 bellum
1125 3913 1321 3973 gerunt
1351 3905 1611 3960 adversus
1640 3908 2026 3977 cognitionem.

630 3990 955 4048 Cernuntur
980 3993 1204 4063 quidem
1243 3995 1542 4054 diviniores
1580 4007 1846 4055 creaturae
1893 4002 2132 4058 rationes

2307 4014 2374 4066 Ol
2425 4011 2523 4082 μὲν
2566 4008 2830 4078 θειότεροι
2875 4005 2973 4073 τῆς
3023 4003 3254 4063 κτίσεως
3299 3999 3445 4066 λόγοι
3499 3997 3781 4067 φαίνονται

563 4085 617 4146 in
652 4085 1020 4154 providentia,
1045 4095 1103 4140 et
1135 4087 1190 4146 in
1222 4103 1291 4142 eo
1313 4089 1461 4158 quod
1487 4090 1836 4146 contineatur
1862 4093 2132 4148 stabilitas

2234 4105 2292 4158 ὲν
2325 4106 2392 4176 τῇ
2421 4100 2647 4172 προνοίᾳ
2675 4099 2775 4153 καὶ
2809 4097 3010 4166 συνοχῇ
3043 4094 3143 4164 τῆς
3183 4090 3276 4146 τοῦ
3313 4089 3439 4144 καθ’
3476 4089 3710 4143 ἕκαστον
3736 4088 3811 4142 εί·

563 4174 993 4248 uniuscujusque
1026 4177 1270 4247 generis,
1299 4180 1577 4236 naturales
1611 4189 1794 4238 autem
1817 4184 1938 4254 ejus
1963 4184 2129 4254 leges,
2173 4175 2181 4190 ⁴

2232 4193 2359 4257 δους
2383 4174 2760 4262 μονιμότητος,
2800 4189 2849 4240 οί
2893 4186 2950 4240 δὲ
2984 4182 3207 4254 φυσικοὶ
3228 4180 3384 4251 νόμοι
3411 4180 3639 4250 ταύτης,
3668 4181 3725 4233 ὲν
3744 4181 3808 4250 τῇ

563 4270 619 4323 in
654 4282 724 4323 eo
770 4267 917 4338 quod
957 4269 1032 4323 sit
1070 4269 1263 4352 eadem
1312 4272 1578 4330 naturalis
1623 4275 1870 4344 operatio
1906 4276 1962 4332 in
1997 4292 2134 4332 uno-

2235 4285 2526 4355 ταυτότητι
2554 4282 2652 4351 τῆς
2678 4280 2774 4334 τοῦ
2801 4278 2926 4333 καθ’
2952 4276 3186 4332 ἕκαστον
3207 4273 3384 4336 εἴδους
3404 4271 3640 4343 φυσικῆς
3667 4273 3808 4342 svsp-

562 4374 780 4430 quoque
830 4375 1052 4431 genere.
1075 4349 1208 4418 "Per
1241 4379 1367 4434 qua
1393 4363 1579 4420 omnia
1614 4365 1952 4447 gloriﬁcatur
1985 4369 2132 4425 Deus

2237 4379 2416 4447 γείας.
2448 4349 2534 4430 δι’
2568 4349 2646 4429 ὧν
2685 4370 2822 4442 ὁμοῦ
2871 4369 3090 4425 πάντων
3132 4364 3413 4430 δοξάζεται
3448 4363 3550 4434 μὲν
3589 4366 3618 4417 ό
3647 4362 3804 4426 Θεὸς.

561 4466 594 4509 a
622 4465 732 4521 quo
766 4450 907 4506 facta
932 4461 1081 4518 sunt,
1117 4467 1308 4515 rursus
1337 4464 1523 4517 autem
1560 4441 1779 4530 proﬁcit
1809 4459 1974 4516 homo
2004 4475 2138 4532 ιιι-οε
2165 4452 2179 4512 1

2193 4455 2213 4511 θ
2243 4441 2462 4542 παρόὖ
2510 4441 2812 4536 γεγόνασι·
2856 4461 3155 4534 προκόπτει
3193 4457 3250 4511 δὲ
3279 4459 3307 4509 ό
3342 4455 3628 4528 ἄνθρωπος
3666 4455 3732 4509 δι’
3754 4455 3811 4508 δν

563 4549 682 4619 μοι·
712 4555 875 4612 quem
909 4542 1055 4599 facta
1073 4553 1220 4602 sunt.

1095 4553 1220 4602 ιωιί.
2242 4557 2399 4626 αὖθις
2432 4558 2713 4628 γεγόνασι.

674 4687 740 4743 Et
784 4690 951 4746 (tanta
989 4692 1092 4761 fuit
1128 4695 1186 4747 in
1223 4694 1387 4752 oculis
1423 4701 1659 4752 omnium
1695 4703 1929 4771 gentium
1959 4703 2025 4756 ".
2243 4699 2292 4749 κ

2243 4692 2350 4749 Καὶ
2412 4689 2717 4760 ὑπερήρθη
2769 4691 2898 4743 κατ’
2919 4689 3316 4813 ἐ
3386 4684 3631 4740 πάντων
3697 4683 3808 4740 τῶν

3026 4773 3130 4812 ων.

633 4866 735 4934 Qui
799 4882 896 4938 per
951 4871 1221 4925 actionem
1277 4881 1335 4926 et
1389 4873 1904 4943 contemplationem
1958 4879 2135 4933 evasit

2321 4876 2382 4930 Ὁ
2411 4873 2499 4928 διὰ
2552 4873 2802 4944 πραξεως
2838 4871 2933 4925 καὶ
2971 4868 3206 4942 θεωρίας
3237 4867 3616 4939 μεγαλυνθεὶς,
3644 4867 3805 4938 ὕπερ-

564 4973 813 5029 magnus,
839 4959 1118 5017 extollitur
1150 4976 1247 5031 per
1283 4963 1554 5022 actionem
1577 4963 1806 5034 quidem
1823 4981 1988 5035 supra
2011 4983 2132 5023 om-

2240 4965 2455 5038 αίρεται
2512 4962 2601 5017 διὰ
2651 4960 2904 5032 πράξεως
2947 4957 3050 5029 μὲν
3099 4957 3322 5011 πάντων
3368 4955 3480 5008 τῶν
3537 4952 3802 5027 σαρκικῶν

563 5066 662 5106 nes
700 5051 946 5105 camales
984 5060 1042 5106 et
1083 5067 1208 5122 qua
1257 5053 1398 5110 male
1434 5054 1668 5109 audiunt
1703 5063 1760 5111 et
1791 5066 1922 5112 sunt
1944 5055 2134 5116 divisae

2240 5059 2335 5114 καὶ
2359 5054 2800 5127 διαϐεϐλημένων
2830 5049 3040 5117 παθῶν,
3063 5049 3320 5122 ὑπεράνω
3349 5047 3557 5102 τούτοιν
3597 5048 3800 5117 γινόμε-

565 5143 899 5207 ail‘ectiones,
958 5151 1021 5198 ut
1075 5143 1168 5214 qui
1223 5133 1307 5199 sit
1341 5147 1596 5216 superior
1637 5148 1978 5204 naturalibus
2014 5166 2136 5222 quae

2229 5169 2323 5216 νος
2354 5149 2466 5204 τῶν
2496 5148 2554 5204 δὲ
2597 5145 2841 5218 φυσικῶν
2876 5143 3187 5215 λεγομένων
3220 5140 3511 5211 σωμάτων,
3551 5139 3671 5211 ἦτοι
3703 5139 3800 5193 τῶν

566 5231 824 5286 dicuntur
871 5231 1225 5302 corporibus,
1278 5248 1475 5304 nempe
1525 5236 1594 5289 iis
1641 5251 1763 5306 qua:
1797 5238 2001 5294 cadunt
2032 5241 2139 5298 sub

2233 5242 2340 5298 ὑπὸ
2377 5240 2591 5310 γένεσιν
2643 5238 2812 5291 ὄντων
2850 5236 2943 5290 καὶ
2984 5233 3228 5306 φθοράνο
3274 5231 3370 5286 καὶ
3401 5230 3592 5295 ἁπλῶς
3637 5233 3799 5284 εἰπεῖν

567 5315 745 5375 ortum
793 5329 850 5376 et
884 5321 1192 5387 interitum,
1229 5332 1285 5378 et
1320 5333 1380 5378 ut
1414 5328 1581 5382 semel
1619 5328 1820 5392 dicam,
1852 5347 1975 5401 quae
2008 5343 2137 5388 sunt

2233 5335 2336 5388 ὅσα
2373 5332 2478 5387 ὑπὸ
2509 5332 2609 5402 τὴν
2649 5329 2899 5399 αῐσθησιν
2923 5344 2938 5358 ο
2974 5325 3064 5380 διὰ
3109 5324 3344 5397 θεωρίας
3387 5323 3514 5386 τοῦς
3547 5324 3608 5376 ὲν
3633 5322 3797 5384 αὐτοῖς

565 5413 787 5476 sensilia
813 5431 836 5466 τε
865 5427 973 5483 per
994 5417 1510 5490 contemplationem
1536 5429 1715 5476 autem
1741 5437 1835 5478 eas
1860 5438 1981 5493 qua
2004 5434 2131 5481 sunt

2235 5425 2427 5494 λόγους
2454 5419 2771 5492 γνὼστικῶς
2798 5419 3158 5491 διαπεράσας,
3197 5417 3292 5471 καὶ
3323 5415 3464 5486 πρὸς
3479 5414 3549 5469 τὰ
3579 5411 3796 5483 συγγενῆ

567 5506 621 5560 in
661 5504 794 5574 ipsis
838 5504 1079 5561 rationes
1122 5507 1502 5578 cognoscendo
1550 5513 1948 5579 transmittens,
1979 5504 2036 5571 et
2065 5515 2130 5570 ad

2239 5517 2405 5590 νοητὰ
2439 5517 2534 5571 καὶ
2583 5515 2704 5569 θεῖα
2733 5513 2825 5568 τὸν
2865 5511 2992 5568 νοῦν
3037 5508 3283 5580 ἀγαγών.
3321 5508 3433 5562 Καὶ
3461 5507 3570 5580 γὰρ
3601 5509 3634 5577 ἠ
3669 5522 3792 5576 προ-

567 5609 628 5647 re
680 5611 801 5663 quae
846 5596 1051 5653 cadunt
1089 5599 1192 5652 sub
1241 5599 1678 5675 intelligentiam,
1726 5619 1859 5680 qua-
1891 5615 2024 5664 sunt-
2051 5609 2134 5665 eis

2239 5609 2400 5682 κτικὴ
2447 5609 2543 5681 μὲν
2584 5607 2874 5677 φιλοσοφία
2915 5606 3010 5658 τὸν
3052 5600 3359 5675 πρακτικδν
3380 5599 3640 5673 υπερὰνω
3669 5595 3794 5650 ποιεί

643 5748 689 5782 ⁵⁸
720 5749 767 5808 ll
800 5750 981 5809 Paral.
1009 5754 1252 5816 ιιιιιῖὅ.

4021 663 4023 762 l

4022 765 4023 836 ι

4022 1083 4023 1178 ψ
