4170 6330
356 383 494 439 1973

1726 378 2246 434 COLLECTANEA.

3498 383 3632 440 1278

353 504 463 557 τῶν
493 500 682 557 παθῶν
704 518 716 529 ·
755 502 788 571 ἡ
820 499 1025 569 θεωρία
1065 498 1122 551 δὲ
1295 496 1629 567 θεωρητικὸν
1674 497 1928 567 ὑπεράνω

2040 506 2274 568 cognata
2333 506 2388 553 et
2432 498 2655 563 divina,
2714 508 2955 554 mentem
3041 498 3343 554 adducens.
3414 499 3632 555 Etenim

354 594 461 647 τῶν
487 592 780 665 ὁρωμένων
809 590 1116 661 καθίστησι.

2048 589 2227 644 activa
2273 588 2498 661 quidem
2540 588 2890 661 philosophia
2937 588 3104 645 ellicit
3143 600 3203 646 ut
3239 590 3336 661 qui
3381 599 3634 645 versatur

357 683 410 738 in
445 685 658 738 actione
697 683 770 736 sit
825 680 1079 752 superior
1109 681 1491 735 aﬂ‘ectionibus
1513 688 1570 734 et
1604 680 2139 750 perturbationibus,
2192 681 2617 751 contemplativa
2676 690 2892 748 autem,
2945 689 3007 737 ut
3044 682 3141 752 qui
3189 691 3442 737 versatur
3474 681 3532 736 in
3567 694 3632 735 ea

355 792 517 848 supra
552 790 643 832 res
670 776 915 832 visibiles
945 777 1330 830 constituatur.

356 896 464 951 Καὶ
493 898 565 951 οὐ
588 895 739 950 κατὰ
766 894 831 951 τὸ
855 895 1239 963 ἀνταπόδομα
1262 896 1292 948 δ
1319 895 1745 949 ἀνταπέδωκεν
1772 893 1933 961 αὐτῷ

424 970 458 1022 ό
500 967 643 1032 Θεὸς
673 966 1092 1020 ἀνταπέδωκεν
1127 965 1407 1035 Ἐζεκίας.
1459 967 1597 1020 ἀλλ’
1626 965 1836 1035 ὑψώθη
1892 966 1932 1033 ἡ

424 1038 667 1105 καρδία·
703 1038 801 1091 καὶ
852 1036 1085 1104 ἐγένετο
1134 1038 1226 1089 ἐπ’
1264 1036 1451 1089 αὐτὸν
1495 1038 1640 1105 ὀργὴ
1692 1038 1790 1091 καὶ
1834 1036 1930 1091 ἐπὶ

437 1108 673 1162 Ἰούδαν
697 1108 797 1161 καὶ
826 1108 925 1161 ἐπὶ
968 1108 1369 1175 Ἰερουσαλήμ.

430 1224 542 1288 Πᾶς
597 1223 721 1289 νοῦς
770 1224 1059 1295 φιλόσοφος
1099 1220 1236 1294 ὁμοῦ
1282 1224 1376 1277 καὶ
1410 1222 1658 1291 φιλόθεος
1712 1222 1807 1277 καὶ
1847 1224 1938 1276 τὸν

2049 894 2258 967 Ει-ηοη
2299 903 2590 967 secundum
2606 895 3042 967 gretributionem
3093 913 3256 967 quam
3306 894 3546 967 retribuit
3584 898 3634 951 ei

2118 964 2259 1020 Deus
2307 966 2549 1020 retribuit
2600 965 2872 1029 Ezechias,
2923 968 3015 1021 sed
3052 964 3253 1022 elotum
3298 966 3396 1037 fuit
3431 982 3543 1029 cor,
3584 980 3633 1021 et

2116 1038 2257 1109 [acta
2293 1046 2367 1109 est
2393 1053 2553 1107 super
2586 1038 2760 1109 ipsum
2790 1038 2874 1091 ira
2904 1046 2953 1092 et
2976 1054 3136 1109 super
3160 1037 3359 1093 ludam
3391 1047 3438 1092 et
3476 1054 3635 1109 super

2112 1107 2413 1162 Jerusalem
2445 1110 2512 1161 ".

2108 1224 2262 1279 Mens
2293 1223 2474 1278 omnis
2507 1237 2631 1293 quas
2667 1221 2955 1292 sapientia!
2990 1220 3157 1277 simul
3192 1232 3250 1278 et
3283 1222 3381 1278 Dei
3410 1231 3634 1279 tenetur

369 1315 569 1370 Ἰούδαν
607 1316 719 1387 ἔχει
750 1316 845 1370 καὶ
872 1316 969 1385 τὴν
1012 1312 1403 1386 Ἰερουσαλήμ·
1444 1315 1539 1368 τὸν
1582 1315 1679 1385 μὲν
1729 1316 1806 1377 εἰς
1838 1314 1928 1383 τὴν

2039 1331 2249 1379 amore,
2288 1315 2485 1370 ludam
2536 1313 2705 1369 habet
2750 1322 2808 1369 et
2839 1314 3144 1370 Jerusalem
3176 1335 3189 1368 ;
3220 1314 3375 1369 illum
3406 1315 3631 1385 quidem

355 1413 466 1478 ἕξιν
490 1414 588 1484 τῆς
614 1412 1054 1483 ἐξομολογήσεως
1073 1410 1165 1464 καί
1187 1410 1473 1482 μετανοίας
1500 1410 1565 1463 λα
1575 1409 1935 1479 μϐανόμενον·

352 1505 788 1575 ἐξομολόγησις
832 1505 939 1574 γὰρ
972 1505 1001 1559 ὁ
1045 1503 1244 1567 Ἰούδας
1284 1502 1680 1573 ἑρμηνεύεται·
1730 1502 1827 1572 τὴν
1856 1501 1933 1565 δὲ,

354 1602 433 1662 εἰς
490 1599 589 1668 τὴν
628 1597 912 1669 εἰρηνικὴν
962 1597 1062 1667 τῆς
1111 1596 1382 1660 ἀπαθείας
1440 1597 1802 1659 κατάστασιν,
1852 1594 1932 1658 ὡς

352 1692 611 1761 ἀνωτέρω
667 1690 981 1762 δεδήλωται.
1036 1690 1147 1744 Καὶ
1198 1690 1287 1744 τὸν
1329 1671 1443 1760 ’μὲν
1495 1690 1571 1753 ὡς
1617 1688 1929 1761 πρακτικὴν

350 1784 691 1853 φιλοσοφίαν,
738 1785 837 1852 τὴν
884 1783 964 1847 δὲ,
1002 1783 1079 1846 ὡς
1121 1770 1465 1853 θεωρητικὴν
1510 1782 1925 1853 μυσταγωγίαν.

2036 1416 2320 1478 sumptum
2370 1422 2471 1476 pro
2514 1406 2712 1461 habitu
2761 1405 3126 1461 confessionis
3176 1416 3234 1463 et
3265 1407 3627 1477 paenitentiae:

2036 1500 2291 1571 confessio
2344 1499 2492 1554 enim
2552 1498 2951 1569 interpretatur
3005 1497 3178 1553 Judas
3234 1516 3247 1551 :
3296 1497 3440 1555 hanc
3498 1514 3633 1556 vero

2040 1609 2143 1664 pro
2191 1592 2422 1664 paeilico
2471 1600 2616 1649 statu
2662 1591 3117 1663 impatibilitatis,
3167 1601 3228 1647 ut
3260 1593 3517 1662 superius
3547 1602 3634 1649 est

2038 1684 2401 1741 declaratum.
2440 1685 2509 1739 Et
2543 1685 2698 1739 illum
2732 1684 2980 1755 quidem,
3014 1693 3077 1739 ut
3110 1685 3347 1740 activam
3386 1684 3633 1755 philoso-

2036 1779 2245 1852 phiam,
2297 1777 2440 1833 hanc
2484 1785 2693 1842 autem,
2735 1786 2797 1831 ut
2834 1776 3321 1848 contemplativam
3355 1784 3630 1848 mystago-

360 1875 549 1929 Ἢνίκα
579 1875 755 1930 τοίνυν
786 1878 963 1930 πᾶσαν
988 1876 1375 1947 ἀντικειμένην
1402 1875 1572 1945 ἀρετῇ
1606 1876 1699 1928 καὶ
1728 1874 1928 1943 γνώσει

2035 1874 2200 1944 giam.
2255 1869 2488 1938 Quando
2541 1885 2695 1941 ergo,
2723 1870 2874 1926 omni
2921 1870 3149 1941 depulsa
3208 1868 3455 1940 potentia
3509 1885 3632 1939 qu'e

347 1969 813 2041 διακρουσάμενος
860 1968 1109 2037 δύναμιν,
1140 1969 1233 2023 καὶ
1264 1968 1324 2021 τὸ
1359 1967 1501 2021 κατὰ
1540 1967 1653 2021 τῶν
1683 1969 1929 2038 πνευμά-

347 2078 455 2113 των
505 2060 602 2131 τῆς
652 2060 918 2131 πονηρίας
964 2060 1370 2130 ἀναδυσάμενος
1410 2060 1649 2131 κράτος,
1703 2060 1778 2130 μὴ
1829 2059 1930 2128 τὴν

346 2151 573 2205 δέουσαν
604 2142 953 2223 εὐχαριστίαν
980 2151 1309 2223 προσαγάγῃ
1348 2150 1428 2222 τῷ
1454 2151 1553 2220 τῆς
1577 2149 1735 2222 νίκης
1776 2150 1932 2221 αἰτίῳ

346 2242 489 2315 θεῷ,
532 2244 645 2297 ἀλλ’
692 2243 880 2316 ὑψωθῇ
923 2242 1020 2315 τὴν
1064 2244 1311 2316 καρδίαν,
1356 2241 1535 2313 ἑαυτῷ
1589 2242 1650 2296 τὸ
1696 2243 1806 2297 πᾶν
1833 2241 1929 2295 τοῦ

350 2335 775 2408 κατορθώματος
835 2336 1319 2407 ὲπιγραψάμενος³
1366 2335 1672 2408 τηνικαῦτα
1728 2337 1804 2399 ὡς
1856 2335 1931 2407 μὴ

345 2428 680 2492 ἀνταποδοὺς
734 2426 813 2499 τῷ
852 2429 993 2500 Θεῷ,
1037 2429 1254 2500 δέχεται
1306 2430 1368 2484 οὐ
1423 2428 1585 2501 μόνον
1630 2428 1794 2492 αὐτὸς
1830 2428 1932 2500 τὴν

342 2520 513 2591 ὀργὴν
565 2521 663 2588 τῆς
716 2521 1174 2592 ἐγκαταλείψεως,
1231 2519 1370 2575 ἀλλά
1426 2521 1522 2574 καὶ
1579 2520 1781 2583 Ἰούδας
1835 2521 1933 2574 καὶ

356 2610 737 2682 Ἰερουσαλὴμ,
774 2611 921 2665 τοῦτ’
972 2611 1138 2677 ἔστιν,
1178 2611 1213 2683 ἦ
1246 2629 1306 2665 τε
1368 2613 1470 2683 τῆς
1513 2612 1765 2684 πράξεως
1819 2611 1933 2677 ἕξις

348 2704 443 2756 καὶ
478 2705 510 2773 ἠ
556 2704 654 2773 τῆς
700 2704 969 2776 θεωρίας·
1010 2707 1076 2775 τῇ
1127 2705 1323 2775 πράξει
1355 2706 1456 2775 μὲν
1478 2704 1930 2775 ἐπανισταμένων

347 2793 537 2848 παθῶν
574 2796 820 2867 ἀτιμίας,
866 2800 933 2869 τῇ
970 2796 1178 2869 θεωρίᾳ
1216 2797 1294 2860 δὲ,
1316 2796 1531 2866 ψευδῶν
1563 2798 1784 2851 ἐννοιῶν
1810 2815 1932 2851 συν-

347 2887 812 2960 επιπλεκομένων.
830 2890 984 2954 Θεῖος
1005 2890 1114 2963 γάρ
1138 2891 1213 2956 ὡς
1240 2890 1455 2962 ἀληθῶς
1476 2892 1601 2964 ὅρος
1628 2893 1719 2946 καὶ
1744 2893 1927 2963 νόμος,

264 3036 270 3040 ,
348 2981 586 3036 κελεύων
633 2982 983 3037 παιδεύεσθαι
1031 2985 1169 3055 πρὸς
1217 2985 1645 3056 εὐγνωμοσύνην
1693 2986 1783 3038 διὰ
1817 2984 1929 3039 τῶν

346 3072 625 3140 ἐναντίων,
662 3074 789 3139 τοὺς
824 3076 917 3130 ὲπί
944 3079 1057 3139 τοῖς
1102 3078 1377 3148 κρείττοσι
1415 3078 1689 3145 φανέντας
1720 3076 1929 3146 εὐγνὼι

349 3184 535 3235 μονας,
559 3167 653 3220 καὶ
673 3171 737 3239 τῇ
770 3168 962 3223 σπάνει
978 3170 1085 3223 τῶν
1114 3170 1338 3239 ἀγαθῶν
1380 3172 1508 3235 τοὺς
1541 3171 1635 3225 ἐπὶ
1671 3174 1735 3243 τῇ
1762 3172 1930 3241 ἀφθο-

2034 1965 2358 2019 adversatur
2406 1961 2601 2017 virtuti
2650 1969 2708 2016 et
2744 1961 3070 2034 cognitioni,
3108 1962 3391 2016 accinctus
3420 1960 3629 2017 virtute

2033 2058 2298 2113 adversus
2330 2056 2562 2127 spiritus
2598 2056 2880 2125 nequitite,
2919 2070 3029 2110 non
3065 2070 3187 2110 eam
3214 2070 3379 2125 quam
3417 2070 3516 2126 par
3544 2062 3633 2112 est

2034 2150 2300 2206 obtulerit
2334 2149 2635 2220 gratiarum
2672 2150 2944 2203 actionem
2982 2149 3094 2204 Deo
3126 2149 3339 2204 auctori
3361 2148 3628 2214 victoriae.

2033 2243 2130 2299 sed
2186 2241 2351 2299 corde
2401 2240 2569 2295 fuerit
2616 2241 2817 2303 elatus,
2863 2240 2969 2297 sibi
3019 2240 3303 2296 ascribens
3356 2241 3629 2312 quidquid

2036 2347 2186 2392 recte
2239 2346 2295 2393 et
2343 2353 2410 2391 ex
2454 2337 2661 2391 virtute
2713 2343 2894 2389 actum
2947 2343 3080 2388 est:
3133 2342 3265 2389 tunc
3302 2334 3481 2403 utqui
3521 2334 3633 2390 Deo

2034 2445 2143 2484 non
2162 2429 2504 2493 retribuerit,
2525 2426 2883 2497 suscipitnon
2924 2426 3102 2481 solum
3140 2426 3254 2496 ipse
3291 2425 3427 2481 iram
3465 2425 3631 2506 dere-

2033 2521 2298 2587 lictionis,
2346 2521 2442 2577 sed
2479 2529 2535 2576 ct
2579 2518 2751 2575 Judas
2782 2528 2839 2574 et
2872 2518 3202 2582 Jerusalem,
3242 2518 3348 2574 hoc
3383 2526 3489 2583 est,
3529 2518 3631 2573 ha-

2034 2612 2184 2668 bitus
2217 2613 2449 2668 actionis
2483 2621 2537 2667 et
2573 2608 3087 2681 contemplationis:
3125 2607 3393 2690 adversus
3452 2608 3633 2664 actio-

2033 2721 2158 2761 nem
2186 2702 2410 2775 quidem
2441 2702 2857 2775 insurgentibus
2880 2700 3272 2756 alfectionibus
3292 2700 3630 2772 ignominiaa.

2033 2799 2297 2853 adversus
2335 2796 2861 2865 contemplationem
2902 2804 3110 2858 autem,
3152 2794 3305 2849 falsis
3345 2810 3471 2864 qua:
3496 2809 3633 2850 con-

2032 2900 2333 2946 nectuntur
2390 2889 2734 2944 notionibus.
2797 2888 2894 2943 Est
2948 2888 3097 2962 enim
3143 2903 3341 2942 revera
3376 2887 3631 2943 divinum

2033 2983 2317 3039 decretum
2341 2992 2398 3037 et
2428 2982 2536 3047 lex,
2568 2982 2772 3053 jubens
2809 2982 2874 3035 ad
2914 2980 3169 3035 benevoli
3208 2992 3267 3036 ct
3288 2981 3424 3052 grati
3454 2982 3632 3037 animi

2032 3076 2295 3131 virtutem
2329 3091 2429 3146 per
2451 3074 2730 3130 contraria
2752 3073 2959 3129 erudiri
2988 3089 3103 3138 eos,
3128 3074 3221 3144 qui
3249 3076 3264 3092 ‘
3288 3075 3635 3130 extolluntur

2033 3178 2261 3238 propter
2293 3184 2487 3222 eorum
2525 3167 2763 3237 copiam.
2801 3166 2935 3222 Nam
2973 3166 3041 3221 de
3079 3167 3247 3222 rebus
3282 3174 3431 3221 recte
3466 3166 3637 3238 gestis

306 3334 311 3335 γ
345 3259 437 3329 via.
482 3257 686 3312 τούτων
741 3260 1156 3333 ἐπαιρομένους.
1208 3261 1270 3315 Ἦ
1301 3260 1410 3332 γὰρ
1436 3263 1530 3316 ἐπὶ
1572 3262 1928 3334 κατορθώμα⁸

2036 3272 2301 3332 concepta
2336 3261 2420 3317 sui
2441 3262 2631 3331 opinio
2658 3276 2886 3316 manens
2912 3261 3049 3315 citra
3077 3262 3502 3323 correctionem,
3530 3262 3636 3316 scit

347 3368 435 3405 σιν
460 3351 638 3424 οἴησις
660 3352 1119 3425 ἀπαιδαγωγητος
1154 3354 1413 3427 μένουσα,
1454 3356 1516 3410 τὸ
1558 3357 1655 3427 τῆς
1685 3357 1933 3412 ἀντιθέου

346 3445 552 3499 τίκτειν
596 3441 738 3499 οἶδεν
765 3446 1147 3519 ὑπερηφανίας
1178 3450 1394 3519 νόσημα
1413 3466 1429 3482 ·
1462 3451 1547 3503 ἵνα
1592 3450 1666 3522 μὴ
1697 3450 1933 3521 εὑρεθῶ·⁵

350 3552 452 3605 μεν
476 3536 553 3605 τῷ
576 3536 728 3608 καλῷ
755 3537 891 3607 πρὸς
921 3539 1020 3608 τὴν
1045 3537 1139 3592 τοῦ
1161 3540 1332 3592 κακοῦ
1363 3541 1583 3609 γένεσιν
1610 3539 1888 3611 χρώμενοι
1916 3560 1929 3574 ·

348 3627 443 3680 καὶ
472 3626 540 3680 δι’
568 3622 645 3681 ὧν
670 3627 779 3681 εδει
808 3626 969 3682 πλέον
1008 3629 1437 3699 διασφαχθεῖσαν
1459 3630 1473 3681 i
1492 3672 1506 3694 ,
1540 3633 1599 3684 ὲν
1637 3634 1769 3702 ἡμῖν
1804 3632 1934 3686 ἀσά-

348 3718 535 3772 λευτον
576 3719 761 3790 μένειν
797 3718 893 3790 τὴν
930 3718 1083 3774 θείαν
1130 3721 1447 3790 ἐπίγνωσιν,
1484 3722 1553 3775 δι’
1584 3723 1810 3776 ἐκείνων
1830 3725 1933 3793 τὴν

347 3814 571 3881 ἄγνοιαν
598 3812 928 3882 νοσήσαντες
968 3813 1190 3883 ταύτης.
1240 3812 1301 3869 Ὀ
1334 3815 1434 3884 μὲν
1466 3814 1573 3885 γὰρ
1594 3816 1839 3886 οἰόμενος
1862 3815 1930 3869 δι’

350 3899 543 3956 ἑαυτοῦ
583 3900 905 3973 κατορθοῦν,
947 3902 1048 3957 οὐκ
1098 3903 1426 3975 ἐπιζητήσει
1467 3904 1653 3959 λοιπὸν
1682 3905 1781 3977 τὴν
1826 3923 1934 3977 πη-

346 3994 509 4062 γαίαν
536 3994 646 4048 τῶν
689 3994 873 4048 καλῶν
910 3997 1091 4049 αἰτίαν
1112 4012 1126 4026 ·
1159 3997 1188 4050 δ
1215 3996 1273 4051 δὲ
1298 3997 1399 4069 τῆς
1428 3998 1621 4052 ἑαυτοῦ
1647 4000 1931 4053 awade-

349 4102 512 4155 μενος
563 4087 692 4157 περὶ
719 4086 791 4141 τά
840 4088 984 4141 καλά
1022 4088 1213 4153 πενίας
1262 4090 1356 4144 καὶ
1408 4091 1715 4159 ἀσθενείας,
1744 4092 1931 4164 τρέχει

346 4177 484 4250 πρὸς
516 4178 609 4233 τὸν
648 4180 835 4234 δοῦναι
873 4181 1173 4254 δυνάμενον
1209 4184 1309 4254 τῆς
1348 4184 1555 4250 ἐνδείας
1580 4186 1679 4257 τὴν
1709 4186 1931 4259 πλήρω-

346 4289 450 4325 σιν.
488 4272 705 4328 Γίνεται
744 4274 922 4329 τοίνυν
958 4277 1051 4329 ἐπὶ
1074 4277 1167 4331 τὸν
1205 4279 1497 4350 εἰρημένον
1519 4278 1644 4333 νοῦν
1674 4282 1707 4351 ὴ
1747 4281 1920 4353 σωτή-

347 4382 463 4438 ριος
497 4366 635 4439 ὀργὴ
678 4367 781 4439 τῆς
820 4369 1279 4441 ὲγκαταλεῐψεως,
1315 4372 1403 4427 ἴνα
1459 4373 1793 4445 ταπεινωθῇ,
1830 4374 1925 4428 καὶ

342 4460 551 4531 ἐπιγνῷ
606 4462 699 4515 τὸν
750 4463 985 4533 χορηγὸν
1038 4464 1148 4519 τῶν
1186 4465 1654 4537 κατορθωμάτων·
1704 4470 1803 4521 καὶ
1849 4468 1925 4541 μὴ

342 4552 544 4625 ἐπέλθῃ
594 4554 871 4609 ὲπ“αὐτὸν
918 4555 1050 4628 ἄλλη
1084 4557 1223 4630 ὀργὴ
1270 4559 1371 4629 τῆς
1420 4560 1763 4631 ἀφαιρέσεως
1815 4560 1925 4615 τῶν

340 4643 601 4698 δοθέντων
657 4647 1035 4717 χαρισμάτων.
1094 4649 1416 4721 Γέγραπται
1467 4650 1578 4721 γὰρ
1629 4639 1926 4715 εὐθῦςξὸτι

351 4736 501 4789 ιΚαὶ
530 4736 871 4809 ιταπεινὼθη
916 4736 1163 4810 Ἐζεχίας
1185 4741 1294 4795 ἀπὸ
1317 4740 1414 4795 τοῦ
1444 4740 1613 4811 ὕψους
1654 4741 1755 4813 τῆς
1784 4760 1924 4815 καρ-

338 4828 460 4894 δίας
485 4827 673 4893 αὑτοῦ,
700 4832 795 4885 καὶ
822 4831 871 4885 οἱ
891 4832 1270 4899 κατοικοῦντες
1297 4834 1677 4909 Ἰερουσαλὴμ,
1706 4838 1799 4891 καὶ
1825 4838 1926 4891 οὐκ

340 4921 572 4995 ἐπῆλθεν
611 4924 700 4977 ἐπ’
728 4923 928 4989 αὐτοὺς
981 4925 1119 4998 ὀργὴ
1162 4928 1372 4999 Κυρίου
1409 4931 1468 4982 ὲν
1504 4932 1629 4993 ταῖς
1684 4930 1925 5002 ἡμέραις

352 5014 618 5086 Ἑζεχίου.
644 5034 663 5066 ι
706 5016 823 5080 Πᾶς
850 5017 1142 5089 τοιγαροῦν
1187 5019 1277 5073 διά
1309 5020 1444 5075 Θεοῦ
1478 5020 1577 5094 τὴν
1622 5022 1805 5093 νίκην,
1850 5021 1926 5087 ὼς

341 5105 764 5178 προδεδήλωται,
796 5111 1163 5182 κτησάμενος,
1182 5112 1285 5167 ’καὶ
1317 5113 1393 5186 μὴ
1419 5115 1561 5169 κατά
1589 5114 1651 5169 τὸ
1683 5116 1923 5170 ἀνταπό-

338 5196 500 5269 δομα.
527 5198 555 5253 δ
571 5200 951 5256 ἀνταπέδωκεν
983 5203 1136 5276 αὐτῷ
1156 5204 1186 5256 ὁ
1215 5205 1371 5272 Θεὸς,
1395 5208 1731 5272 ἀνταποδοὺς
1753 5208 1919 5279 αὐτῷ·

339 5289 485 5344 τοῦτ’
514 5290 652 5354 έστι,
685 5292 760 5362 μὴ
784 5292 861 5364 τῷ
886 5296 1110 5365 μεγέθει
1141 5298 1241 5369 τῆς
1267 5300 1545 5371 σωτηρίας
1565 5300 1835 5368 ἐξισώσας
1860 5302 1923 5357 τὸ

339 5382 546 5452 πλῆθος
596 5384 697 5455 τῆς
747 5388 1129 5458 εὐχαριστίας·
1186 5391 1321 5464 μηδὲ
1374 5396 1440 5466 τῇ
1492 5394 1782 5466 εὐεργεσίᾳ
1824 5396 1919 5449 τοῦ

341 5474 615 5539 σώσαντος
636 5477 1041 5549 ἀντιμετρήσας
1066 5481 1167 5553 τὴν
1204 5484 1414 5538 οἰκείαν
1469 5484 1737 5541 διάθεσιν·
1790 5488 1919 5540 ἀντ-

413 5631 455 5662 "
486 5633 525 5686 ll
560 5634 733 5691 l'aral.
761 5652 925 5697 xxx",
953 5636 1041 5693 25.
1122 5639 1164 5695 "_
1202 5638 1337 5695 Ibid.
1366 5639 1452 5697 26.

2037 3368 2334 3423 procreare
2384 3354 2641 3408 morbum
2680 3353 2957 3425 superbiae
2989 3352 3103 3408 Deo
3141 3353 3407 3416 advers-e,
3446 3369 3516 3409 ne
3547 3354 3633 3408 in-

2035 3447 2324 3501 veniamur
2368 3447 2449 3501 uti
2498 3446 2643 3501 bono
2677 3447 2744 3501 ad
2783 3447 2912 3501 mali
2948 3445 3363 3516 generationem
3393 3464 3405 3498 :
3445 3454 3501 3501 et
3534 3460 3636 3516 per

2036 3555 2159 3610 qua:
2213 3539 2503 3610 oportebat
2561 3538 2736 3608 magis
2791 3538 3073 3592 astrictam
3107 3538 3162 3592 in
3215 3538 3378 3592 nobis
3409 3552 3635 3592 manere

2036 3632 2421 3687 inconcussam
2453 3631 2699 3686 divinam
2737 3630 3101 3703 agnitionem,
3129 3646 3230 3702 per
3258 3630 3350 3685 illa
3381 3629 3636 3687 laborare

2039 3725 2369 3797 ignorantia.
2419 3725 2533 3780 Hac
2569 3725 2785 3780 ratione
2830 3725 2876 3779 is
2915 3724 3141 3795 quidem
3197 3725 3292 3794 qui
3355 3723 3638 3778 existimat

2035 3834 2136 3889 per
2170 3833 2229 3873 se
2263 3826 2411 3873 recte
2448 3833 2632 3888 agere,
2667 3832 2776 3872 non
2814 3825 3027 3887 quaeret
3058 3816 3337 3872 fontanam
3362 3816 3635 3870 bonorum

2032 3924 2276 3965 causam.
2320 3908 2424 3975 Qui
2476 3918 2661 3989 autem
2697 3908 2871 3963 sensit
2903 3923 3060 3963 suam
3097 3908 3151 3962 in
3191 3907 3353 3963 bonis
3392 3907 3634 3977 inopiam

2031 4012 2089 4059 et
2139 4003 2598 4065 imbecillitatem.
2644 4002 2822 4057 currit
2871 4001 2938 4057 ad
2970 4018 3098 4057 eum
3134 4002 3231 4072 qui
3278 4011 3459 4072 potest
3498 4001 3635 4058 dare

2032 4096 2498 4168 complementum
2551 4095 2769 4167 inopim.
2819 4095 2902 4151 Fit
2940 4111 3075 4167 ergo
3119 4096 3387 4150 adversus
3428 4094 3633 4171 dictam

2032 4197 2273 4245 mentem
2332 4188 2591 4244 salutaris
2645 4188 2727 4243 ira
2776 4188 3203 4245 derelictionis:
3256 4197 3317 4244 ut
3366 4188 3638 4245 reddatur

2030 4281 2259 4337 humilis
2299 4291 2357 4337 et
2413 4288 2671 4352 agnoscat
2730 4280 3198 4352 suppeditatorcm
3259 4289 3407 4336 recte
3466 4280 3637 4336 facto-

2030 4392 2190 4431 rum:
2228 4383 2283 4429 et
2332 4364 2398 4429 in'
2425 4390 2552 4429 eum
2606 4389 2716 4429 non
2753 4375 3001 4430 incurrat
3055 4374 3164 4429 alia
3212 4374 3295 4429 ira
3337 4373 3634 4430 ablationis

2029 4468 2284 4525 datorum
2324 4458 2759 4523 charismatum.‘
2787 4466 2985 4521 Statim
3019 4466 3169 4522 enim
3200 4466 3469 4537 scripturn
3500 4473 3585 4520 est
3615 4483 3629 4520 :

2039 4581 2057 4613 ι
2078 4562 2146 4617 Ει
2162 4561 2484 4616 humiliatus
2500 4559 2605 4615 fuit
2622 4560 2889 4615 Ezechias
2906 4560 2974 4616 ab
2992 4559 3285 4616 altitudine
3306 4558 3493 4616 cordis
3518 4560 3628 4624 sui,

2031 4666 2089 4713 et
2127 4655 2223 4727 qui
2262 4655 2587 4711 habitabant
2624 4654 2932 4711 Jerusalem
2968 4671 2979 4707 :
3034 4662 3091 4710 et
3134 4670 3246 4709 non
3273 4654 3428 4709 venit
3466 4667 3635 4725 super

2032 4764 2129 4805 eos
2158 4748 2237 4803 ira
2271 4746 2489 4803 Domini
2522 4746 2577 4801 in
2602 4746 2799 4801 diebus
2828 4745 3081 4801 Ezechiae
3111 4745 3180 4799 ³⁷.
3213 4763 3231 4795 ι
3263 4742 3457 4798 Omnis
3475 4759 3630 4814 ergo,

2033 4840 2151 4911 qui.
2178 4850 2240 4895 ut
2260 4839 2468 4895 dictum
2492 4846 2599 4903 est,
2626 4852 2726 4907 per
2748 4837 2922 4893 Deum
2946 4835 3235 4891 victoriam
3259 4834 3366 4890 sibi
3393 4832 3629 4904 paravit,

2032 4944 2089 4989 et
2127 4948 2237 4987 non
2279 4930 2583 4987 secundum
2624 4930 3049 4986 retributionem
3064 4943 3250 4997 ‘quam
3290 4926 3551 4981 retribuit
3578 4926 3630 4982 ei

2031 5026 2180 5082 Deus
2205 5024 2256 5081 ei
2290 5024 2567 5088 retribuit,
2609 5023 2717 5079 hoc
2752 5031 2858 5086 est,
2894 5018 3262 5091 magnitudini
3293 5018 3486 5073 salutis
3519 5033 3629 5073 non

2030 5118 2339 5190 exmquavit
2362 5116 2791 5189 magnitudinem
2812 5114 3111 5186 gratiarum
3133 5111 3369 5168 actionis
3396 5129 3409 5165 :
3440 5118 3498 5167 et
3519 5127 3628 5167 non

2030 5228 2098 5267 ex
2141 5208 2413 5266 beneﬁcio
2456 5210 2578 5280 ejus
2622 5208 2718 5279 qui
2754 5208 2990 5263 salutem
3028 5204 3184 5261 dedit
3220 5218 3509 5260 remensus
3544 5212 3631 5259 est

2031 5318 2187 5359 suam
2236 5300 2633 5374 aﬂ'ectionem;
2684 5296 2983 5356 retributio
3029 5296 3181 5353 enim
3229 5297 3351 5367 ejus
3396 5294 3493 5366 qui
3544 5305 3631 5350 est

2029 5404 2406 5460 conservatus,
2438 5402 2526 5450 est
2552 5392 2774 5449 affectio
2806 5407 2930 5463 quae
2967 5406 3067 5462 per
3101 5405 3268 5461 opera
3304 5387 3629 5459 rependitur

2029 5489 2320 5543 adversum
2360 5503 2488 5544 eum
2534 5486 2629 5557 qui
2671 5484 2914 5541 servavit
2949 5503 2961 5536 :
3004 5483 3101 5539 sed
3126 5482 3274 5539 elato
3304 5482 3472 5538 corde
3501 5496 3617 5546 suo,

1744 5753 1915 5809 Variae
1944 5751 2231 5809 lectiones.

418 5848 429 5880 ῑ
468 5837 558 5889 ἴτ’.
582 5839 1044 5907 διασττγγίὶεῖταν.
