4098 6344
257 397 395 455 1977

1636 388 2166 449 COLLECTANEA.

3407 385 3549 443 {278

251 526 311 561 τι
334 508 455 563 καθ’
487 503 599 564 οἷον
623 509 689 581 δή
714 525 846 564 ποτε
864 507 1069 581 τρόπον
1098 504 1430 562 πεπονθέναι
1455 505 1546 559 τὸν
1568 504 1694 559 νοῦν
1720 505 1845 576 νοή-

1959 504 2251 559 lexerimus
2283 510 2526 558 mentem
2550 498 2750 572 quovis
2772 499 2941 555 modo
2971 514 3095 555 esse
3132 512 3376 569 passam,
3416 506 3551 554 tunc

253 617 462 674 σωμεν.
485 603 607 657 τότε
640 602 738 657 καὶ
777 600 881 675 τὴν
923 604 1240 674 πρακτικὴν
1269 599 1437 657 αὐτοῦ
1476 593 1711 669 δύναμιν
1751 599 1846 653 καὶ

250 695 356 768 τὴν
374 693 718 767 θεωρητικὴν
748 694 1193 766 ωμπεπονθέναι
1220 690 1572 762 πιστεύομεν.
1601 690 1710 744 Τοῦ
1736 690 1847 762 γὰρ

253 787 621 858 ὑποκειμένου
647 788 973 859 πάσχοντος,
1003 789 1100 841 καὶ
1130 784 1200 840 τὰ
1228 786 1288 839 ιν
1323 782 1673 854 ὑποκειμένῳ
1703 799 1846 851 συμ-

255 879 579 950 πάσχουσιν.
635 878 1027 955 Ὑποκεεμενον
1059 879 1159 949 μὲν
1184 876 1294 948 γὰρ
1314 878 1343 930 6
1364 875 1510 939 νοῦς,
1541 875 1617 938 ὡς
1644 874 1847 944 ἀρετῆς

256 968 354 1021 καὶ
381 966 640 1036 γνώσεως
694 967 964 1032 δεκτικός.
1009 967 1098 1020 Ἐν
1142 966 1496 1038 ὑποκειμένῳ
1542 963 1600 1017 δὲ
1645 962 1847 1034 πρᾶξις

252 1059 353 1111 καὶ
391 1056 616 1131 θεωρία,
663 1060 888 1125 αἵτινες,
918 1058 1055 1130 πρὸς
1104 1058 1197 1113 τὴν
1245 1057 1393 1121 νοῦν,
1420 1055 1848 1128 συμϐεϐηκότων

252 1150 417 1219 λόγον
472 1152 751 1223 ἐπέχουσι.
792 1152 888 1207 Διὸ
930 1151 1075 1207 κατὰ
1118 1141 1296 1207 πάντα
1323 1153 1526 1223 τρόπον
1579 1151 1674 1204 καὶ¹
1704 1160 1848 1221 συμο

256 1240 532 1311 πάσχουσι
552 1243 838 1313 πάσχοντι,
873 1243 974 1313 τὴν
1002 1241 1169 1296 αὑτοῦ
1200 1241 1361 1296 ποιὰν
1391 1243 1629 1313 κίνησιν.
1664 1239 1842 1312 ἀρχὴν

250 1333 359 1404 τῆς
380 1334 585 1398 οἰκείας
601 1333 940 1398 ἀλλοιώσεως
969 1333 1212 1407 ἔχουσαι.
1240 1334 1435 1398 Καλῶς
1461 1330 1555 1387 οὖν
1583 1332 1660 1404 τῷ
1694 1332 1848 1405 ῥητῷ

252 1423 358 1492 τῆς
396 1424 621 1496 Γραφῆς
650 1424 990 1495 συμφέρεται
1029 1424 1129 1496 τῆς
1160 1422 1397 1493 θεωρίας
1438 1425 1467 1477 6
1497 1421 1677 1490 λόγος,
1705 1422 1850 1475 λύων

248 1516 322 1569 .16
362 1516 688 1587 φαινόμενον
734 1515 962 1588 ἄπορον.
995 1517 1175 1580 Μόνος
1207 1516 1318 1588 γὰρ
1362 1517 1391 1569 6
1423 1513 1550 1577 νοῦς
1591 1513 1849 1584 ὑψοῦται,

258 1606 690 1679 μεγαλοφρονῶν
732 1608 826 1662 ἐπὶ
869 1607 1282 1679 κατορθώματι.
1335 1606 1399 1661 Ἦ
1440 1604 1639 1678 πρᾶξις
1663 1604 1720 1658 δὲ
1755 1604 1852 1658 καὶ

256 1696 296 1767 ἡ
335 1694 541 1768 θεωρία
591 1696 653 1751 οὐ
702 1696 981 1768 πεφύκασι
1031 1696 1191 1751 τοῦτο
1221 1696 1477 1767 πάσχειν,
1511 1695 1588 1766 μὴ
1614 1693 1850 1766 θεωρού-

1955 608 2014 653 et
2048 588 2357 668 potentiam
2389 596 2511 666 ejus
2538 593 2773 649 activam
2796 598 2854 647 et
2876 588 3365 664 contemplativam
3385 586 3550 643 simul

1952 703 2173 761 passam
2232 703 2356 744 esse
2409 684 2709 743 credimus.
2763 683 3014 739 Patiente
3065 682 3217 738 enim
3272 680 3548 750 subjecto,

1948 784 2119 839 etiam
2169 796 2236 839 ea
2286 796 2412 852 qua:
2459 787 2590 834 sunt
2641 777 2699 833 in
2750 776 3001 848 subjecto
3045 774 3353 847 patiuntur.
3412 770 3548 827 Nam

1951 890 2109 930 mens
2167 872 2394 944 quidem
2444 879 2533 927 est
2588 869 2937 941 subjectum,
2988 874 3050 921 ut
3100 880 3226 935 quae
3264 864 3338 919 sit
3375 877 3549 933 capax

1950 966 2176 1022 virtutis
2211 972 2271 1021 et
2301 962 2654 1034 cognitionis.
2683 960 2741 1026 In
2772 960 3023 1031 subjecto
3040 966 3226 1014 autem
3247 962 3379 1011 sunt
3403 952 3551 1010 actio

1947 1070 2008 1116 et
2062 1058 2489 1129 contemplatio,
2554 1054 2983 1127 quzequidem,
3033 1050 3185 1124 quod
3233 1050 3437 1106 attinet
3479 1045 3551 1103 ad

1951 1163 2222 1211 mentem.
2271 1151 2454 1205 locum
2495 1157 2688 1204 tenent
2736 1144 3129 1202 accidentium.
3182 1141 3551 1211 Quamobrem

1950 1246 2101 1301 omni
2125 1243 2289 1300 modo
2312 1241 2476 1299 simul
2502 1241 2790 1312 patiuntur
2808 1252 2935 1293 cum
2959 1252 3023 1292 ea
3045 1235 3311 1307 patiente,
3330 1235 3551 1304 qualem

1951 1339 2074 1409 ejus
2112 1344 2321 1391 motum
2357 1333 2626 1389 habentes
2670 1330 3006 1403 principium
3040 1341 3153 1383 sua:
3174 1324 3548 1381 alienationis.

1953 1430 2123 1486 Recte
2184 1441 2319 1497 ergo
2363 1440 2491 1480 cum
2545 1423 2696 1479 dicto
2744 1421 3045 1492 Scriptura:
3097 1418 3358 1476 convenit
3409 1414 3553 1471 ratio

1954 1517 2460 1591 contemplationis,
2515 1516 2740 1571 solvens
2794 1513 3025 1569 dubium
3085 1510 3235 1583 quod
3298 1516 3549 1580 apparet.

1933 1604 2081 1670 'Sola
2122 1611 2270 1667 enim
2302 1625 2459 1665 mens
2496 1607 2804 1671 extollitur,
2847 1605 2916 1661 de
2954 1613 3105 1662 recte
3129 1603 3291 1659 lactis
3321 1617 3550 1675 magno—

1955 1718 2089 1776 pere
2112 1704 2216 1759 sibi
2248 1702 2474 1773 placens
2500 1709 2557 1756 et
2573 1713 2799 1770 magnos
2824 1712 3051 1754 sumens
3063 1695 3317 1767 spiritus.
3332 1693 3551 1751 Actioni

258 1804 425 1859 μεναι
455 1788 578 1843 καθ’
617 1790 817 1855 ἑαυτὰς
849 1789 1229 1854 ὐποστατικῶς
1253 1805 1267 1819 '
1298 1790 1450 1859 ὅμως
1504 1788 1607 1858 μέν
1655 1804 1741 1843 τοι
1771 1786 1850 1857 τῷ

1959 1805 2140 1851 autem
2176 1804 2233 1851 et
2261 1790 2715 1862 contemplationi
2738 1805 2771 1845 a
2800 1797 2999 1844 natura
3030 1802 3144 1843 non
3180 1796 3269 1843 est
3300 1786 3551 1842 innatum

255 1877 341 1950 νῷ
371 1880 515 1936 κατά
546 1899 600 1935 τι
622 1881 972 1955 μολυωμένῳ
1005 1882 1392 1957 συῖςχαὶρονται
1416 1882 1465 1939 ι.

260 2167 376 2224 Kal
408 2166 599 2237 ἔθαψε
623 2168 730 2222 τὸν
768 2167 1031 2238 Ἐζεκίαν
1050 2167 1121 2221 ἐν
1152 2165 1442 2238 ἀναϐάσει
1476 2164 1683 2235 τάφων
1712 2166 1856 2238 υἱῶν

338 2235 539 2319 Δςισζδζ
572 2238 671 2319 καὶ
717 2235 1033 2319 δείξαιξκαὶ
1065 2237 1284 2319 ,τιιιῂτς
1302 2237 1550 2319 ἔδωκαν·
1597 2235 1758 2319 αὐτῷ
1785 2238 1856 2290 ἐν

338 2306 688 2389 ninam-dri!)
728 2308 939 2389 αὑτοῦΔ
966 2376 980 2389 ¹
1006 2305 1391 2376 πᾶςίἾούδα,
1431 2308 1527 2362 καὶ
1566 2311 1620 2363 οι
1657 2324 1854 2362 κατοι-

335 2376 589 2446 κοῦντες
637 2376 1047 2448 Ἰερουσαλήμ.

336 2494 501 2550 Δασὶδ
524 2495 891 2569 ἑρμηνεύεται
920 2494 1021 2565 μὲν
1044 2492 1466 2561 ἐξουδένωσις,
1490 2493 1855 2565 ἑρμηνεύεται

262 2587 324 2641 δὲ
352 2588 448 2641 καὶ
470 2586 678 2653 ἱκανὸς
709 2586 881 2655 χειρί.
909 2586 1007 2656 Ετη
1030 2586 1079 2638 δ’
1105 2584 1171 2638 ἂν
1196 2583 1435 2649 τοιοῦτος
1465 2588 1494 2638 6
1511 2585 1766 2656 Χριστὸς,
1798 2585 1857 2638 6v

265 2676 775 2749 ἀποδοκιμάσαντες
797 2676 1163 2743 ὲξουδὲνωσαν
1185 2678 1235 2731 οἱ
1256 2677 1367 2730 τῶν
1395 2677 1666 2731 Ἰουδαίων
1693 2680 1856 2748 ἱερεῖς

264 2788 330 2825 τε
362 2770 457 2824 καὶ
486 2770 770 2840 ἄρχοντες,
806 2769 1100 2838 γενόμενον
1128 2770 1195 2823 δι’
1232 2771 1381 2840 ἡμᾶς
1413 2770 1614 2833 ὄνειδος
1645 2770 1858 2841 ἀνθρὼ-

268 2879 390 2917 πων
412 2862 787 2916 ἀπιστούντων
815 2862 881 2933 τῇ
910 2861 1159 2933 ἀληθείᾳ,
1195 2862 1291 2915 καὶ
1326 2863 1669 2933 ὲξουδένωμα
1724 2863 1857 2918 λαοῦ

268 2954 513 3026 πλήρους
551 2952 857 3025 ἁμαρτιῶν.
896 2953 955 3007 '0
985 2954 1189 3025 ποιμὴν
1211 2956 1240 3008 6
1280 2954 1466 3018 καλὸς,
1498 2957 1526 3009 6
1551 2955 1720 3018 τιθεὶς
1759 2956 1858 3026 τὴν

263 3047 449 3118 ψυχὴν
476 3047 615 3117 ὑπὲρ
658 3046 816 3117 ἡμῶν
846 3046 956 3099 τῶν
988 3046 1154 3100 αὐτοῦ
1180 3048 1470 3119 προϐάτων
1491 3065 1503 3079 ·
1537 3049 1566 3100 6
1596 3049 1857 3102 ἀποκτει-

266 3154 368 3200 νας
390 3136 481 3189 τὸν
507 3135 698 3189 λέοντα
735 3138 829 3190 καὶ
852 3137 952 3208 τὴν
984 3136 1208 3207 ἄρκτον,
1232 3140 1323 3192 τὸν
1356 3139 1529 3209 θυμὸν
1562 3139 1729 3207 λέγω,
1762 3140 1858 3194 καὶ

264 3226 369 3298 τὴν
396 3227 717 3297 ἐπιθυμίαν,
761 3228 831 3283 τὰ
867 3230 1248 3298 σπαράττοντα
1290 3231 1390 3299 τῆς
1436 3233 1495 3284 ἐν
1530 3234 1661 3301 ἡμῖν
1707 3232 1854 3297 θείας

268 3319 479 3385 εἰκόνος
506 3319 567 3373 τὸ
591 3320 806 3383 κάλλος.
846 3318 903 3375 Ὀ
937 3323 1254 3393 πυρῤἀκης,
1286 3323 1372 3379 διὰ
1409 3324 1469 3378 τὸ
1500 3325 1735 3396 πάθημα
1758 3326 1859 3395 τῆς

273 3412 511 3482 σφαγῆς.
553 3414 707 3467 Μετὰ
740 3413 975 3478 κάλλους
1010 3414 1332 3483 ὀφθαλμῶν,
1360 3415 1508 3469 τοῦτ’
1542 3416 1681 3476 ἔστι,
1721 3417 1861 3487 μετὰ

267 3504 430 3576 δόξης
479 3502 590 3556 τῶν
639 3502 780 3557 κατὰ
828 3507 1087 3575 πρόνοιαν
1139 3507 1232 3559 καὶ
1291 3508 1474 3577 κρίσιν
1511 3508 1861 3580 ὑψηλοτέρων

270 3592 468 3663 λόγων.
519 3595 824 3665 Ὀςρθαλμοὶ
854 3598 964 3667 γὰρ
994 3592 1105 3648 εἶεν
1135 3596 1203 3650 ἂν
1237 3597 1331 3650 τοῦ
1366 3597 1528 3666 λόγου
1564 3600 1597 3670 ὴ
1631 3599 1861 3672 πρόνοια

271 3688 367 3741 καὶ
392 3688 427 3756 ἡ
462 3688 661 3758 κρίσις,
688 3688 754 3740 δι’
775 3680 851 3741 ὧν
882 3691 1115 3741 ποιεῖται
1148 3687 1243 3742 τοῦ
1278 3690 1477 3753 παντὸς
1501 3691 1603 3761 τὴν
1631 3693 1860 3745 ἐπισκο-

270 3780 400 3851 πήν.
441 3780 513 3831 Ἣ
539 3781 829 3851 πυρῤἀκης
859 3779 958 3847 μὲν
987 3780 1074 3832 διὰ
1106 3780 1206 3850 τὴν
1233 3781 1566 3853 φαιδρῦτητα
1591 3783 1684 3835 τοῦ
1719 3782 1857 3854 βί-ευ.

271 3869 430 3922 Μετὰ
468 3868 701 3932 κάλλους
731 3868 787 3921 δὲ
811 3867 1129 3937 ὀφθαλμῶν,
1149 3869 1238 3922 διὰ
1265 3870 1356 3923 τὸν
1383 3871 1674 3942 ἄμεμπτον
1706 3872 1864 3942 λόγον

269 3961 371 4031 τῆς
406 3952 682 4029 γνώσεως.
726 3960 785 4013 ⁸0
816 3960 910 4013 τοῦ
956 3961 1151 4032 νοητοῦ
1192 3964 1285 4016 κα)⁸
1313 3964 1688 4036 ὑπερηφάνου.
1719 3970 1864 4039 φημὶ

272 4053 338 4126 δὴ
363 4053 459 4108 τοῦ
503 4054 750 4109 διαὸὁλου
782 4057 1050 4124 σφαγεὺς,
1100 4056 1196 4110 τοῦ
1250 4058 1607 4130 πεντάπηχυν
1649 4060 1866 4131 ἔχοντος

272 4147 373 4217 τὴν
402 4146 645 4217 ἠλικίαν,
686 4148 774 4201 διὰ
812 4148 914 4218 τὴν
956 4148 1087 4220 περὶ
1124 4150 1225 4211 τὰς
1254 4151 1417 4204 πέντε
1462 4151 1557 4205 τοῦ
1610 4154 1865 4223 σώματος

272 4237 556 4309 αἰσθήσεις
587 4239 817 4309 αὔξησιν
843 4242 944 4309 τῆς
974 4241 1143 4296 αὑτοῦ
1166 4242 1398 4303 κακίας·
1427 4246 1455 4296 6
1491 4243 1747 4313 βασιλεὺς
1770 4246 1863 4300 τοῦ

274 4329 531 4400 ἀληθινοῦ
578 4331 817 4401 Ἰσραὴλ,
843 4332 939 4385 καὶ
969 4331 1209 4403 ὁρῶντος
1244 4333 1400 4398 Θεὸν,
1440 4336 1566 4389 ὅσον
1598 4338 1827 4405 ἐφικτόν
1847 4355 1860 4368 ·

276 4423 325 4474 ει
358 4424 452 4475 καὶ
482 4422 677 4489 Σαοὺλ,
707 4426 737 4476 6
758 4424 989 4488 παλαιὸς
1015 4424 1158 4478 κατὰ
1182 4426 1272 4479 τὸν
1301 4427 1465 4494 νόμον
1493 4426 1643 4493 λαὸς,
1678 4430 1866 4499 μαίνε-

1886 1861 1927 1916 Β
1957 1899 2019 1947 ut
2056 1891 2162 1945 hoc
2188 1889 2488 1960 patiantur,
2524 1894 2586 1940 ut
2624 1900 2747 1955 qua:
2771 1898 2872 1954 per
2908 1897 2969 1938 se
2992 1897 3102 1936 non
3129 1878 3555 1935 considerentur

1956 1980 2340 2052 hypostatice,
2398 1987 2457 2032 et
2515 1985 2699 2031 tamen
2750 1983 2937 2030 mente
2982 1972 3231 2044 polluta,
3269 1984 3350 2025 ea:
3386 1967 3553 2024 simul

1954 2074 2303 2145 polluuntur.

1957 2186 2028 2242 Et
2052 2184 2260 2256 sepeliit
2296 2182 2656 2256 Ezechiamjn
2683 2195 2910 2256 escensu
2928 2174 3294 2256 sepulcrorum
3311 2152 3553 2256 ﬁliorum

2027 2245 2221 2317 Da'vid,
2256 2263 2305 2308 et
2344 2253 2576 2324 gloriam
2602 2262 2650 2324 et
2673 2253 2925 2305 honorem
2962 2245 3286 2324 dederunt‘et'
3305 2248 3357 2324 in
3384 2252 3555 2324 morte

2029 2329 2165 2389 ejus,
2208 2316 2481 2379 universus
2512 2321 2678 2387 Iuda,
2714 2331 2763 2375 et
2799 2335 2979 2374 omnes
3020 2318 3110 2389 qui
3147 2316 3459 2371 habitabant
3496 2316 3552 2370 in

2064 2396 2330 2452 erusalem
2382 2395 2450 2448 ‘9.

2028 2512 2203 2569 David
2229 2492 2632 2582 interpretatur
2663 2504 2911 2577 quidem,
2950 2500 3103 2558 nihil:
3140 2515 3351 2573 pensio;
3383 2496 3556 2552 inter-

1958 2613 2209 2676 pretatur
2232 2614 2416 2658 autem
2445 2601 2634 2664 etiam,
2671 2614 2835 2653 manu
2876 2595 3099 2650 idoneus
3130 2608 3229 2648 seu
3254 2588 3553 2647 suﬂiciens.

1926 2674 2107 2751 "l‘alis
2149 2704 2335 2749 autem
2365 2699 2451 2747 est
2472 2689 2751 2750 Christus,
2788 2700 2952 2756 quem
2992 2681 3356 2753 reprobantes
3394 2674 3556 2732 nihili

1959 2787 2275 2859 penderunt
2298 2784 2611 2840 Judzeorum
2634 2778 2953 2835 sacerdotes
2974 2784 3030 2831 et
3053 2772 3351 2845 principes,
3379 2769 3559 2825 factus

1960 2897 2061 2951 pro
2109 2880 2271 2935 nobis
2324 2876 2687 2946 unprohrium
2729 2871 3014 2926 hominum
3061 2882 3170 2922 non
3211 2861 3556 2920 credentium

1959 2971 2205 3031 veritati,
2236 2977 2294 3025 et
2324 2966 2582 3037 abjectio,
2613 2980 2712 3020 seu
2750 2958 2917 3018 nihili
2948 2959 3141 3032 pensio
3174 2957 3350 3027 plebis
3381 2954 3560 3025 plena:

1961 3064 2227 3137 peccatis.
2282 3062 2467 3117 Bonus
2506 3067 2727 3131 pastor,
2766 3056 2863 3128 qui
2908 3053 3065 3126 ponit
3115 3052 3352 3106 animam
3401 3049 3559 3103 suam

1966 3174 2065 3229 pro
2120 3156 2282 3211 nobis
2336 3155 2406 3218 “,
2462 3152 2557 3223 qui
2607 3165 2797 3205 sumus
2838 3162 2970 3201 oves
3011 3145 3134 3216 ejus
3168 3161 3181 3196 :
3222 3141 3317 3212 qui
3355 3138 3563 3195 occidit

1962 3250 2179 3305 leonem
2223 3256 2281 3303 et
2319 3260 2544 3308 ursum,
2587 3243 2747 3307 iram,
2784 3241 3045 3309 inquam,
3084 3244 3142 3291 et
3180 3232 3559 3304 cupiditatem,

1963 3355 2087 3410 quae
2117 3338 2440 3407 discerpunt
2468 3350 2530 3389 ac
2547 3324 3340 3400 dilacerantpulchritudinem
3360 3321 3564 3377 divina:

1963 3448 2087 3503 qua:
2123 3438 2208 3485 est
2248 3429 2305 3483 in
2343 3427 2505 3483 nobis
2546 3424 2818 3495 imaginis.
2860 3420 2965 3488 Qui
2999 3428 3084 3503 est
3130 3416 3287 3472 rufus
3335 3422 3563 3487 propter

1964 3500 2189 3579 eadem
2221 3536 2387 3592 quam
2452 3528 2538 3574 est
2587 3529 2905 3587 perpessus.
2956 3500 3093 3566 Cum
3147 3505 3562 3580 pulchritudine

1964 3614 2274 3675 oculorum,
2321 3611 2429 3665 hoc
2472 3618 2578 3671 est,
2622 3606 2793 3677 gloria
2836 3601 3222 3659 sublimiorum
3263 3599 3560 3658 rationum,

1965 3721 2087 3777 qua:
2128 3712 2257 3758 sunt
2290 3718 2356 3756 ex
2395 3697 2744 3771 providentia
2778 3704 2835 3750 et
2874 3692 3107 3765 judicio.
3146 3689 3375 3745 Fuerint
3412 3688 3561 3743 enim

1965 3796 2111 3853 oculi
2164 3794 2417 3855 rationis,
2472 3787 2820 3861 providentia
2864 3795 2921 3841 et
2969 3783 3263 3855 judicium,
3304 3797 3405 3851 per
3440 3795 3565 3851 qua:

1966 3888 2191 3958 inspicit
2217 3894 2275 3943 et
2317 3885 2508 3939 visitat
2539 3879 2979 3937 universitatem.
3015 3876 3121 3930 Aut
3147 3874 3306 3929 rul‘us
3337 3872 3563 3944 quidem

1965 3987 2193 4050 propter
2224 3975 2348 4029 vita:
2382 3972 2742 4028 alacritatem.
2773 3970 2909 4026 Cum
2934 3964 3349 4039 pulchritudine
3376 3974 3564 4019 autem

1966 4070 2279 4137 oculorum,
2327 4074 2559 4137 propter
2610 4063 2881 4117 rationem
2919 4058 3253 4131 cognitionis
3302 4057 3357 4112 in
3398 4071 3565 4128 quam

1966 4180 2076 4219 non
2138 4160 2288 4218 cadit
2349 4157 2729 4230 reprehensio.
2790 4155 2895 4223 Qui
2970 4154 3075 4209 sub
3140 4150 3564 4221 intelligentiam

1966 4256 2252 4312 cadentem
2290 4252 2703 4321 superbumque
2731 4247 2975 4304 Goliath.
2995 4245 3294 4302 diabolum,
3315 4243 3562 4312 inquam,

1967 4342 2266 4405 interfecit,
2316 4341 2413 4411 qui
2455 4340 2702 4410 quinque
2738 4336 2961 4408 quidem
2989 4334 3303 4391 cubitorum
3329 4330 3567 4391 habebat

1968 4446 2257 4499 staturam,
2284 4444 2509 4505 propter
2529 4431 2661 4499 vitii
2672 4431 2794 4501 ejus
2816 4429 3219 4483 incrementum
3242 4425 3299 4478 in
3320 4423 3566 4493 quinque

272 4529 367 4566 ται
396 4512 599 4606 φθόνῳ,
630 4513 718 4568 διὰ
745 4513 843 4585 τὴν
875 4515 1137 4570 ἀπιστίαν
1180 4519 1504 4587 τηκόμενος,
1534 4521 1629 4573 καὶ
1661 4521 1735 4591 μὴ
1766 4521 1857 4590 φέ-

1972 4526 2228 4581 sensibus
2276 4523 2547 4595 corporis.
2590 4521 2695 4590 Qui
2756 4530 2843 4577 est
2894 4520 3009 4575 Rex
3047 4518 3167 4572 veri
3216 4514 3457 4577 lsraelis,
3510 4522 3569 4570 et

279 4622 388 4676 ρων
416 4605 516 4675 τῆς
542 4606 880 4678 προσκαίρου
897 4607 1057 4675 δόξης
1084 4612 1182 4679 τὴν
1213 4612 1491 4683 στέρησιν.
1511 4606 1587 4667 Οῦ
1610 4615 1867 4685 ἀφαιρεῖ-

273 4713 365 4749 ται
400 4695 463 4749 τὸ
497 4696 625 4767 δόρυ
654 4698 751 4751 καὶ
780 4697 876 4751 τοῦ
904 4697 1096 4765 ὕδατος
1142 4701 1235 4755 τὸν
1280 4704 1454 4771 φακόν
1474 4719 1486 4733 ⁸
1521 4703 1665 4757 τοῦτ’
1692 4704 1863 4766 ἔστιν,

271 4788 338 4843 τὸ
360 4788 561 4859 κράτος
592 4790 691 4859 τῆς
717 4792 1032 4861 πρακτικῆς
1058 4793 1286 4863 ἀρετῆς,
1311 4796 1403 4847 καὶ
1435 4796 1533 4864 τὴν
1569 4796 1731 4866 χάριν
1761 4798 1867 4867 τῆς

273 4881 585 4951 γνωστικῆς
602 4881 908 4953 θεωρίαςβί
922 4884 1018 4936 καὶ
1034 4882 1207 4936 ταῦτα
1223 4886 1385 4938 πάλιν
1403 4886 1581 4938 δίδωσι
1602 4890 1715 4950 τοῖς
1731 4888 1868 4958 πρὸς

274 4973 442 5028 αὐτὸν
468 4974 606 5027 κατά
632 4974 734 5044 τὴν
761 4975 942 5029 πίστιν
972 4975 1331 5043 διαϐαίνουσι,
1361 4978 1447 5032 διὰ
1484 4981 1609 5041 τοὺς
1629 4980 1688 5043 ἐξ
1728 4980 1863 5033 ’1ου-

274 5066 446 5120 δαίων
470 5066 765 5136 μέλλοντας
802 5066 1163 5138 κληρονομεῖν
1197 5072 1494 5140 σωτηρίαν.
1527 5066 1713 5143 Οῧπερ
1754 5073 1853 5126 πά-

276 5156 364 5208 λιν
386 5155 446 5208 ἑν
477 5154 554 5224 τῷ
596 5154 847 5225 σπηλαίῳ
877 5155 938 5209 τὸ
961 5158 1060 5227 τῆς
1089 5158 1356 5222 διπλοῗδος
1386 5163 1705 5231 ἀφαιρεῖται
1733 5180 1865 5216 πτε-

280 5245 502 5317 ρύγιον·
534 5245 681 5299 τοῦτ’
726 5246 861 5309 ἔστι,
891 5247 952 5301 τὸ
1002 5244 1135 5321 ἦθος
1181 5250 1280 5320 τῆς
1332 5253 1473 5306 κατὰ
1524 5254 1622 5324 τὴν
1669 5252 1867 5324 ἠθικὴν

279 5340 600 5409 φιλοσοφίαν
628 5340 1051 5411 ἀσχημοσύνηςσ
1087 5342 1208 5413 ῆτὸ
1246 5346 1304 5396 ὲν
1341 5346 1614 5415 νοήμασιν
1660 5347 1867 5417 ὑψηλὸν

278 5432 378 5502 τῆς
406 5432 516 5484 τῶν
553 5432 795 5501 νομικῶν
847 5434 1132 5504 συμϐόλων
1180 5435 1274 5487 καὶ
1301 5438 1677 5507 οἱωνισμέιτων
1711 5457 1868 5511 περι-

354 5587 399 5616 ⁵³
438 5585 480 5640 ll
517 5584 693 5639 Paral.
724 5601 888 5647 xxx“,
926 5587 1009 5640 33.
1096 5589 1140 5619 τ’
1162 5588 1320 5643 Joan.
1358 5607 1409 5654 κ,
1447 5591 1527 5645 15.

1972 4619 2143 4673 Deum
2198 4616 2461 4679 videntis,
2519 4615 2701 4686 quoad
2755 4616 2877 4685 ejus
2924 4612 3043 4667 ﬁeri
3086 4618 3307 4681 potest:
3349 4605 3567 4663 etiamsi

1972 4709 2124 4773 Saul,
2171 4724 2370 4779 nempe
2418 4716 2580 4761 vetus
2628 4707 2683 4761 in
2729 4706 2850 4777 lege
2891 4705 3149 4774 populus,
3193 4700 3429 4755 insaniat
3478 4699 3564 4753 in-

1968 4801 2141 4864 vidia,
2178 4802 2467 4855 tabescens
2532 4808 2760 4869 propter
2815 4795 3291 4855 incredulitatem,
3339 4801 3396 4847 et
3434 4802 3568 4846 tem-

1970 4892 2173 4962 poralis
2203 4892 2391 4962 gloria:
2424 4906 2535 4944 non
2566 4889 2748 4945 ferens
2775 4886 3163 4959 privationem.
3194 4883 3366 4953 Cujus
3387 4881 3569 4938 aufert

1973 4984 2183 5038 hastam
2234 4993 2291 5038 et
2344 4982 2661 5037 lenticulam
2727 4996 2904 5051 aqua},
2953 4993 3152 5048 nempe
3208 4977 3321 5030 vim
3377 4974 3572 5030 activa:

1972 5075 2217 5137 virtutis,
2257 5083 2314 5129 et
2352 5075 2581 5144 gratiam
2631 5070 3117 5142 contemplationis
3150 5083 3273 5138 quae
3318 5075 3572 5122 versatur

1974 5168 2031 5222 in
2085 5167 2424 5237 cognitione,
2475 5165 2691 5222 etiamsi
2742 5180 2937 5219 rursus
2992 5179 3055 5218 ea
3096 5161 3190 5217 det
3229 5161 3297 5214 iis
3340 5159 3438 5230 qui
3474 5174 3572 5228 per

1975 5260 2137 5315 ﬁdem
2171 5261 2237 5314 ad
2269 5261 2449 5331 ipsum
2477 5266 2768 5314 transeunt
2814 5264 3040 5328 propter
3058 5270 3153 5308 eos
3170 5252 3263 5322 qui
3283 5267 3348 5308 cx
3370 5250 3575 5305 Judaeis

1975 5350 2145 5405 futuri
2166 5358 2296 5403 sunt
2322 5348 2571 5404 haeredes
2594 5348 2809 5403 salutis.
2839 5346 3008 5415 Cujus
3030 5344 3196 5399 etiam
3222 5342 3275 5396 in
3308 5342 3573 5412 spelunca

1978 5442 2159 5498 aufert
2215 5440 2489 5497 ﬁmbriam
2527 5439 2811 5511 diploidis,
2858 5438 2965 5493 hoc
3011 5443 3117 5501 est,
3159 5449 3345 5489 mores
3387 5433 3572 5505 turpi-

1673 5707 1848 5762 Varia:
1879 5708 2165 5764 lectiones.

357 5796 382 5835 ι
409 5795 495 5847 Ic.
532 5811 560 5843 τ
579 5797 963 5867 ργγρτὲνονται.
