4098 6344
571 341 707 399 ιετθ

1772 340 1826 397 S.
1871 341 2148 400 CYPJLLI
2187 343 2275 399 ΕΤ
2315 344 2621 402 Αιιοιιειι

3724 330 3853 393 ιω

570 456 779 514 tudinis
810 472 932 527 qua
954 466 1039 513 est
1068 457 1124 511 in
1150 456 1498 527 philosophia
1521 457 1717 511 morali
1746 475 1758 511 :
1794 468 1889 514 aut
1910 458 2157 515 sublimi-

2264 461 2421 532 ϐολῆς
2440 477 2455 495 ⁸
2489 463 2592 515 οὐκ
2614 460 2764 529 ἀξιον
2796 460 2989 531 κρίνας
3012 459 3159 529 εχειν
3191 457 3357 521 αὐτὰ,
3385 456 3484 511 τὸν
3506 456 3596 519 ὥς
3613 454 3678 507 ιν
3712 470 3852 523 στι-ηε

571 555 738 602 tatcm
773 547 1010 601 amictus
1049 546 1305 616 legalium
1341 545 1712 617 symbolarum
1747 554 1813 603 ac’
1847 550 2151 622 signorum,

570 657 693 712 qua:
722 649 810 697 est
834 640 1192 711 intelligentia
1223 658 1234 692 :
1270 655 1379 694 non
1406 656 1505 711 par
1530 656 1653 697 esse
1679 658 1913 699 censens
1936 654 1995 699 ut
2021 645 2069 701 is
2089 661 2154 701 ea

573 732 772 789 habeat
805 734 899 802 qui
940 742 1027 788 est
1054 732 1304 787 inclusus
1333 733 1389 788 in
1424 734 1705 805 spelunca.
1740 752 1939 809 nempe
1973 740 2030 794 in
2073 748 2154 793 te-

575 826 761 882 nebris
786 825 1092 888 sensilium,
1134 834 1190 880 et
1230 826 1286 881 in
1316 828 1508 883 umbra
1532 828 1747 885 littera.
1775 831 1984 903 Dipluis
2008 833 2156 888 enim

575 927 661 973 est
694 917 828 988 legis
862 918 1177 987 duplicitas,
1216 934 1413 991 nempe
1468 920 1522 975 id
1563 922 1710 993 quod
1752 933 1978 995 apparet
2006 934 2063 981 et
2100 924 2156 980 id

576 1013 727 1078 quod
781 1010 1138 1081 intelligitur,
1180 1020 1237 1067 et
1276 1012 1329 1067 id
1368 1012 1517 1083 quod
1555 1022 1640 1069 est
1678 1018 1964 1087 corporale
2007 1026 2064 1073 et
2101 1016 2156 1072 id

576 1099 722 1171 quod
756 1109 841 1154 est
876 1101 1183 1171 spirituale.
1223 1102 1327 1169 Qui
1366 1112 1449 1158 est
1486 1118 1653 1160 verus
1692 1105 1884 1161 Pastor
1921 1115 1977 1161 et
2018 1107 2154 1173 Rex,

577 1202 633 1247 et
678 1192 1116 1249 adversariarum
1180 1196 1502 1251 interfector
1548 1206 1899 1268 potestatum.
1965 1199 2159 1256 Pastor

578 1284 802 1355 quidem
844 1301 1035 1341 eorum
1058 1287 1150 1357 qui
1182 1304 1300 1343 eam
1326 1299 1736 1359 persequuntur
1754 1290 2156 1362 philosophiam

580 1393 703 1448 qua:
736 1388 987 1434 versatur
1026 1380 1082 1434 in
1108 1381 1344 1443 actione,
1372 1392 1425 1435 et
1455 1382 1627 1436 instar
1651 1383 1833 1437 herbae
1854 1383 2158 1453 depascunt

581 1472 886 1526 naturalem
925 1473 1463 1543 contemplationem.
1490 1474 1602 1529 Res
1632 1485 1811 1529 autem
1843 1491 2033 1531 eorum
2062 1478 2156 1548 qui

577 1563 791 1631 legibus
827 1574 883 1619 et
919 1566 1224 1620 rationibus
1253 1567 1531 1622 ducuntur
1553 1567 1947 1637 spiritualibus,
1976 1579 2033 1624 et
2058 1586 2158 1641 per

578 1655 908 1712 diviniorem
940 1659 1455 1727 contemplationem
1478 1658 1543 1712 ad
1570 1660 1748 1729 ipsum
1773 1662 2153 1716 sustolluntur.

580 1748 759 1819 Huius
807 1750 1029 1807 Davidis
1065 1752 1287 1820 quidem
1327 1760 1454 1805 sunt
1485 1750 1602 1814 filii,
1639 1754 1814 1808 sancti
1854 1756 1947 1825 qui
1994 1771 2060 1810 ex
2090 1771 2156 1811 eo

579 1843 827 1910 generati
861 1852 987 1897 sunt
1030 1844 1084 1897 in
1137 1843 1357 1913 spiritu.
1408 1844 1668 1915 Sepulcra
1716 1823 1897 1903 autem
1941 1863 2154 1911 eorum,
2190 1823 2231 1878 Β

580 1945 707 1987 sunt
747 1934 1023 1988 memoria:
1056 1935 1180 1989 vita:
1209 1952 1274 1989 ex
1304 1936 1414 1991 Deo
1442 1936 1497 1991 in
1519 1938 1682 1994 terris
1707 1948 1859 1994 actae.
1887 1938 2160 1996 Ascensus

581 2036 761 2079 autem
824 2026 1271 2095 sepulchrorum,
1334 2036 1461 2082 sunt
1524 2044 1708 2083 rerum
1762 2038 1908 2083 recte
1963 2030 2031 2084 ab
2078 2031 2161 2085 eis

581 2124 856 2187 gestarum
916 2117 1238 2173 altitudines
1289 2135 1411 2189 qure
1460 2129 1588 2174 sunt
1629 2121 1685 2174 in
1739 2121 2021 2186 memoria,
2063 2137 2161 2191 per

580 2226 716 2279 quas
739 2209 815 2263 illi
842 2210 907 2264 ad
940 2211 1111 2265 Deum
1143 2212 1515 2270 ascenderunt
1544 2231 1556 2266 :
1587 2213 1641 2267 in
1664 2214 1866 2283 quibus
1887 2214 2163 2283 sepeliunt

581 2300 673 2367 qui
732 2300 975 2356 insident
1018 2302 1165 2356 modi
1206 2305 1506 2367 actionum,
1547 2313 1604 2359 et
1643 2306 1883 2361 rationes
1913 2315 2161 2361 contem-

580 2393 883 2462 plationnm
924 2394 1029 2448 :ad
1065 2410 1203 2464 quos
1242 2406 1529 2450 assumunt
1568 2398 1749 2452 omnis
1776 2397 1937 2461 Juda,
1970 2406 2027 2452 et
2065 2399 2159 2469 qui

582 2485 829 2540 habitant
886 2485 1224 2550 Jerusalem,
1266 2504 1387 2542 eam
1434 2498 1671 2543 mentem
1724 2505 1846 2559 qua:
1905 2490 2163 2546 omnibus

581 2592 703 2645 qua:
724 2585 852 2631 sunt
877 2587 962 2632 est
992 2588 1207 2632 mortua
1233 2578 1583 2634 laudabiliter
1609 2598 1621 2632 :
1651 2580 2006 2636 sensibilibus
2033 2582 2163 2653 qui-

582 2667 728 2732 dem,
786 2685 885 2739 per
933 2668 1333 2739 depositionem
1390 2671 1724 2740 operationis
1775 2688 1897 2743 quae
1953 2684 2037 2729 est
2093 2690 2163 2729 ex

583 2776 771 2825 sensu,
829 2761 898 2814 iis
953 2777 1085 2815 vero
1135 2778 1257 2832 qua:
1298 2763 1503 2817 cadunt
1556 2762 1659 2818 sub
1720 2764 2159 2836 intelligentiam,

582 2868 680 2921 per
735 2854 979 2923 requiem
1035 2862 1217 2907 motus
1265 2854 1641 2925 intelligentis.
1692 2856 1983 2911 Ezechiam
2030 2874 2163 2930 ergo

583 2946 679 3014 qai
722 2956 1062 3002 memoratur
1090 2947 1187 3002 Dei
1228 2948 1491 3018 potentia,
1536 2956 1791 3018 tanquam
1831 2959 2067 3005 mentem
2106 2951 2163 3007 in

582 3037 797 3092 actione
836 3049 891 3093 et
949 3039 1004 3092 in
1035 3039 1494 3107 contemplatione
1524 3040 1859 3108 praeclaram,
1891 3042 2165 3111 sepeliunt

2254 550 2479 622 λαίῳτῷ
2502 551 2686 605 σκότει
2705 550 2815 604 τῶν
2844 549 3143 621 αίσθητῶν,
3174 548 3269 603 καὶ
3286 550 3356 617 τῇ
3386 543 3656 617 antidoto-3
3677 544 3853 613 τράμ-

2260 661 2428 714 ματος
2479 642 2953 713 ἐγκεκλεισμένον.
2984 640 3200 706 Διπλοῗς
3229 640 3361 711 γάρ,
3404 640 3469 692 τὸ
3494 636 3733 692 διπλοῦν
3765 633 3854 688 τοῦ

2257 738 2447 807 νόμου.
2476 740 2537 793 τὸ
2567 738 2892 808 φαινόμενόν
2930 752 2990 790 τε
3017 736 3107 790 καὶ
3136 735 3197 789 τὸ
3218 734 3540 802 νοούμενον,
3572 732 3640 785 τὸ
3671 744 3856 797 σωμα-

2256 832 2408 884 τικόν
2434 848 2495 884 τε
2546 831 2640 884 καὶ
2675 832 2737 884 τδ
2782 828 3186 899 πνευματικόν·
3237 828 3267 879 δ
3308 823 3579 894 ἀληθινὸς
3621 821 3851 890 ποιμὴν,

2257 925 2354 977 καὶ
2384 923 2662 994 βασιλεὺς,
2700 922 2795 975 καὶ
2842 922 2951 975 τῶν
2981 918 3375 989 ἀντικειμένων
3417 915 3733 985 ἀναιρέτης
3767 912 3853 964 δυ-

2257 1017 2496 1085 νάμεων.
2531 1015 2745 1085 Ποιμὴν
2769 1015 2869 1085 μὲν
2895 1012 3003 1065 τῶν
3030 1012 3130 1083 τὴν
3162 1008 3479 1081 πρακτικὴν
3510 1004 3851 1078 μετερχομέ-

2257 1128 2364 1163 νων
2395 1108 2734 1177 φιλοσοφίαν,
2775 1108 2869 1160 καὶ
2903 1106 3038 1168 πόας
3070 1104 3223 1174 δίκην
3253 1102 3586 1173 νεμομένων
3613 1096 3854 1168 φυσικὴν

2258 1202 2494 1271 θεωρίαν
2516 1217 2530 1231 ο
2572 1200 2825 1269 βασιλεὺς
2876 1198 2935 1253 δὲ
2966 1197 3073 1251 τῶν
3121 1197 3301 1267 νόμοις
3336 1196 3434 1248 καὶ
3468 1193 3664 1261 λόγοις
3696 1208 3854 1244 mrsu-

2262 1296 2515 1365 ματικοϊς
2544 1291 2851 1361 ἀγομένων.
2887 1293 2983 1345 καὶ
3001 1290 3092 1344 διά
3136 1290 3368 1360 θεωρίας
3396 1286 3699 1358 θειοτέρας
3725 1286 3857 1353 πρὸς

2259 1389 2421 1443 αὐτὸν
2450 1387 2826 1455 ἀναγομένων.
2854 1384 3057 1437 Τούτου
3089 1383 3182 1437 τοῦ
3215 1382 3379 1435 Δαϐὶδ
3416 1381 3521 1451 μὲν
3557 1380 3696 1441 uici,
3731 1381 3780 1431 οί
3802 1375 3856 1442 ἐξ

2259 1480 2424 1535 αὐτοῦ
2453 1479 2806 1549 γεννηθέντες
2836 1480 2893 1530 έν
2923 1476 3191 1545 πνεύματι
3231 1476 3399 1541 ἆγιοι.
3438 1474 3627 1541 Τάφοι
3653 1472 3713 1525 δὲ
3736 1470 3855 1523 τού-

2259 1592 2367 1627 των
2393 1575 2447 1627 αί
2480 1572 2697 1644 μνῆμαι
2724 1570 2827 1640 τῆς
2856 1568 2999 1623 κατά
3037 1568 3172 1622 Θεὸν
3210 1568 3390 1621 αὐτῶν
3428 1566 3530 1619 ἐπὶ
3554 1568 3666 1632 γῆς
3711 1563 3859 1617 πολι·

2258 1668 2431 1730 τείας.
2472 1664 2792 1726 ’Δναϐἀσεις
2824 1662 2881 1715 δὲ
2906 1661 3016 1714 τῶν
3045 1662 3233 1729 τάφων
3259 1658 3461 1719 αὐτῶν,
3504 1657 3574 1710 τά
3608 1656 3724 1726 inin;
3752 1655 3859 1708 τῶν

2262 1758 2319 1810 ὲν
2368 1759 2491 1821 ταῖς
2541 1757 2785 1827 μνήμαις
2833 1754 3061 1816 ταύταις
3120 1752 3594 1822 κατορθωμάτων,
3658 1749 3731 1803 δι’
3784 1740 3857 1803 ὧν

2262 1852 2459 1903 ἐκεῖνοι
2512 1848 2647 1919 πρὸς
2697 1846 2831 1899 Θεὸν
2882 1846 3188 1915 ἀνέϐησαν·
3243 1840 3324 1907 οἷς
3387 1843 3768 1897 ἑνθάπτουσιν
3808 1842 3855 1895 εί

2262 1940 2618 2013 ὲνιδρύοντες,
2650 1941 2703 1994 οἴ
2732 1957 2791 1993 τε
2827 1938 2969 1993 κατά
3012 1937 3214 2008 πρᾶξιν
3244 1937 3460 2007 τρόποι,
3495 1937 3595 1988 καὶ
3638 1936 3691 1989 οἱ
3722 1934 3857 1988 καιά

2262 2035 2494 2104 Θεωρίαν
2525 2033 2668 2100 λόγοι
2699 2050 2711 2063 ·
2746 2034 2826 2094 εἰς
2854 2030 2947 2096 οὒς
2970 2030 3335 2098 λαμϐάνονται
3368 2030 3476 2092 πᾶς
3522 2027 3727 2089 Ἰούδα,
3765 2027 3857 2080 καὶ

2261 2128 2311 2182 οἱ
2359 2124 2742 2189 κατοικοῦντες
2779 2122 3156 2193 Ἰερουσαλὴμ,
3183 2121 3276 2174 τὸν
3306 2122 3419 2183 τοῖς
3447 2114 3606 2173 οὖσιν
3651 2119 3858 2174 ἅπασιν

2263 2216 2561 2282 ἐπαινετῶς
2591 2216 2932 2271 ἀποθανόντα
2966 2213 3089 2267 νοῦν
3111 2228 3124 2242 ·
3155 2214 3266 2277 τοῖς
3302 2210 3404 2281 μὲν
3451 2209 3769 2281 αίσθητοξ,
3794 2212 3856 2279 τῇ

2263 2310 2524 2364 ἀποθέσει
2562 2308 2663 2379 τῆς
2706 2307 2826 2361 κατ’
2848 2305 3101 2375 αἴσθησιν
3136 2304 3453 2376 ἐνεργείας·
3478 2305 3599 2366 τοῖς
3636 2302 3699 2355 δὲ
3749 2318 3859 2371 νοη-

2263 2405 2395 2465 τοῖς.
2431 2404 2495 2472 τῇ
2532 2398 2841 2455 ἀποπαύσει
2872 2399 2974 2467 τῆς
3010 2396 3202 2466 νοερᾶς
3226 2395 3515 2465 κινήσεως.
3550 2392 3661 2447 τὸν
3683 2392 3871 2447 τοίνυν

2277 2494 2522 2563 Ἐζεκίαν
2546 2492 2750 2564 κράτος
2771 2488 2908 2544 Θεοῦ
2944 2489 3439 2561 μνημονευόμενον,
3470 2486 3552 2549 ὡς
3571 2485 3705 2539 νοῦν
3729 2502 3860 2557 xpe-

2263 2586 2415 2640 ταιδν
2466 2584 2595 2655 περὶ
2643 2581 2844 2655 πρᾶξιν
2889 2580 2985 2635 καὶ
3034 2581 3164 2651 περὶ
3194 2579 3397 2648 γνῶσιν
3440 2576 3858 2649 λαμπρότατον,

2264 2678 2565 2732 θάπτουσιν
2613 2676 2989 2731 ἀποθανόντα⁶
3028 2671 3176 2725 τοῦτ’
3221 2672 3389 2737 ἐστιν,
3467 2670 3699 2725 πάντων
3757 2669 3862 2723 τῶν

2262 2770 2434 2824 ὅντων
2482 2767 2625 2822 κατά
2658 2766 2886 2838 γνώμην
2921 2767 3345 2836 ἀπογενόμενον,
3412 2765 3509 2817 καὶ
3576 2764 3725 2836 πρὸς
3775 2762 3863 2817 τον

2265 2862 2405 2933 ὑπὲρ
2428 2862 2497 2916 τά
2527 2862 2656 2915 ὄντα
2689 2861 2999 2931 γενόμενον.
3044 2862 3159 2923 Πᾶς
3202 2856 3371 2911 Ἰούδα
3405 2857 3502 2910 καὶ⁵
3559 2857 3613 2909 οἱ
3677 2871 3863 2910 κατα·

2265 2953 2489 3017 κοῦντες
2531 2952 2911 3023 Ἰερουσαλὴμ,
2958 2954 2990 3022 ἡ
3036 2952 3155 3006 κατ’
3192 2950 3395 3021 ἀρετὴν
3440 2947 3645 3019 πρᾶξις
3695 2945 3862 3001 αὐτοῦ

2263 3045 2526 3115 δηλονότι,
2560 3047 2653 3100 καὶ
2686 3045 2884 3115 ἡκατά
2913 3045 3114 3113 γνῶσιν
3137 3042 3342 3113 ἀληθὴς
3377 3042 3605 3111 θεωρία,
3639 3042 3702 3094 έν
3728 3044 3864 3095 ἀνα-

585 3138 875 3193 mortuam,
923 3132 1021 3184 hoc
1059 3139 1161 3195 est,
1205 3146 1325 3200 quae
1358 3132 1426 3185 ab
1452 3132 1708 3187 omnibus
1746 3147 1866 3202 qum
1900 3144 2026 3189 sunt
2064 3149 2162 3190 sua

2268 3140 2422 3195 ϐάσει
2446 3140 2633 3211 τάφων
2664 3140 2797 3194 υἱῶν
2828 3138 3013 3204 Δαϐὶδ,
3049 3139 3107 3192 ὲν
3132 3136 3210 3208 τῷ
3239 3136 3386 3206 ὕψει,
3414 3136 3582 3203 λέγω,
3613 3137 3722 3203 τῆς
3749 3134 3861 3188 τῶν

584 3232 779 3293 sponte
822 3224 1067 3284 recessit,
1100 3233 1155 3277 et
1194 3223 1261 3277 ad
1297 3238 1423 3277 eum
1463 3226 1694 3279 accessit
1736 3226 1829 3295 qui
1868 3235 1953 3281 est
1994 3242 2163 3296 supra

583 3330 648 3368 ea
688 3330 810 3385 quae
858 3324 1008 3369 sunt.
1045 3312 1235 3369 Omnis
1281 3330 1412 3384 ergo
1466 3315 1628 3381 Jnda,
1682 3326 1739 3372 et
1777 3318 1871 3386 qui
1912 3318 2164 3374 habitant

583 3404 907 3470 Jerusalem,
935 3406 1057 3477 ejus
1084 3406 1293 3461 scilicet
1314 3409 1457 3462 actio
1486 3426 1550 3462 ex
1592 3409 1815 3474 virtute,
1856 3419 1911 3465 et
1944 3426 2073 3466 vera
2096 3419 2190 3467 es'

585 3499 895 3569 cognitione
936 3499 1345 3570 contemplatio,
1400 3502 1673 3571 sepeliunt
1722 3504 1776 3557 in
1814 3518 2044 3559 ascensu
2081 3520 2165 3560 se—

584 3591 942 3662 pulchrorum
983 3590 1220 3646 ﬁliorum
1244 3592 1435 3657 David,
1468 3593 1531 3647 in
1564 3593 1875 3659 altitudine,
1918 3594 2161 3667 inquam,

584 3683 863 3739 memoria:
905 3694 1221 3739 sanctorum
1261 3684 1356 3755 qui
1394 3694 1523 3739 sunt
1559 3701 1589 3739 a
1622 3686 1841 3749 sarculo,
1883 3684 2077 3742 dantes
2113 3686 2164 3741 ei

592 3773 824 3843 gloriam
881 3783 938 3829 et
993 3774 1257 3829 honorem
1295 3792 1307 3827 :
1344 3773 1572 3845 gloriam
1627 3775 1873 3846 quidem,
1939 3786 2165 3847 prOpter

583 3867 1049 3937 pulchritudinem
1078 3866 1132 3921 in
1160 3867 1418 3939 imagine,
1450 3868 1717 3924 honorem
1736 3879 1917 3925 autem
1936 3878 2163 3941 propter

585 3958 946 4014 imitationem
972 3959 1040 4014 ad
1062 3958 1499 4016 similitudinem.
1522 3960 1657 4015 Nam
1679 3962 1913 4017 alterum
1938 3962 2163 4033 quidem

584 4050 716 4107 facit
755 4052 1030 4106 rationum
1071 4051 1442 4123 spiritualium
1480 4068 1610 4109 vera
1647 4055 2057 4127 contemplatio.
2089 4057 2169 4113 al-

586 4153 764 4199 terum
808 4152 992 4199 autem
1031 4160 1225 4200 rursus
1262 4154 1451 4200 exacta
1482 4154 1540 4202 ει
1574 4159 1832 4203 accurata
1856 4147 2169 4205 divinorum

2268 3234 2363 3287 ἀπ’
2386 3232 2583 3297 αἰῶνος
2614 3232 2789 3301 ἀγίων
2815 3232 3057 3302 μνήμης,
3090 3228 3385 3291 δεδωκότες
3408 3226 3558 3295 αὐτῷ
3583 3225 3749 3293 δόξαν
3768 3226 3864 3279 καὶ

2268 3326 2434 3396 τιμήν
2458 3340 2472 3355 ·
2507 3323 2665 3387 δόξαν
2723 3324 2821 3393 μὲν
2854 3322 2943 3376 διά
2972 3322 3033 3375 τὸ
3069 3320 3192 3375 κατ’
3218 3319 3405 3373 εἰκόνα
3436 3318 3656 3381 κάλλος,
3689 3317 3865 3388 τιμὴν

2269 3420 2326 3473 δὶ
2354 3418 2445 3473 διὰ
2473 3418 2533 3472 τὸ
2563 3416 2685 3470 καθ’
2719 3416 2983 3487 ὁμοίωσιν
3025 3415 3272 3485 μίμημα.
3297 3411 3371 3465 Τὸ
3426 3411 3524 3481 μὲν
3556 3411 3667 3481 γάρ
3716 3412 3869 3464 ποιεῖ

2272 3511 2446 3581 λόγων
2483 3508 2874 3579 πνευματικῶν
2921 3505 3126 3577 ἀληθὴξ
3182 3504 3421 3576 θεωρία’
3477 3504 3537 3557 τὸ
3584 3503 3640 3557 δὲ
3692 3503 3862 3556 πάλιν

2270 3601 2505 3673 ἀκριϐὴς
2531 3600 2732 3672 πρᾶξις
2754 3600 2863 3653 τῶν
2892 3599 3054 3653 θείων
3081 3597 3332 3652 ἐντολῶν.
3381 3596 3477 3662 Tu,
3506 3597 3772 3664 ἔθαψαν,
3803 3596 3865 3650 δε

2272 3694 2508 3763 νοήσεις,
2556 3692 2677 3746 ἀντὶ
2711 3690 2805 3744 τοῦ
2836 3689 3066 3765 ἔθηκαν.
3101 3688 3525 3759 Παρατηρητέον
3553 3689 3612 3741 δὲ
3645 3690 3730 3741 ὁτι
3766 3690 3863 3741 οὐ·

2270 3784 2381 3845 δεὶς
2435 3784 2852 3854 ἀναγέγραπται
2908 3783 3103 3850 ταφεὶς
3154 3782 3213 3835 έν
3263 3782 3455 3849 τάφοις
3513 3780 3701 3842 Δαϐὶδ,
3737 3781 3771 3850 ἢ
3804 3782 3866 3834 ὲν

2266 3876 2533 3932 ἀναϐάσει
2595 3876 2783 3944 τάφων
2835 3875 3022 3928 Δαϐίδ.
3079 3872 3189 3928 Τοῦ
3242 3873 3353 3943 γὰρ
3396 3873 3647 3942 Σωτῆρος
3701 3871 3865 3939 ἡμῶν

2270 3967 2511 4039 Χριστοῦ
2544 3965 2875 4036 ἀσύγκριτος
2906 3967 2999 4021 καὶ
3031 3963 3315 4037 ἀχὼρητος
3342 3965 3372 4017 ὁ
3415 3967 3474 4018 ἐν
3518 3964 3686 4035 σαρκὶ
3723 3964 3863 4033 βίος,

2274 4060 2419 4115 κατά
2442 4059 2643 4132 τρόπον
2662 4058 2799 4131 όμοῦ
2824 4060 2921 4114 καὶ
2947 4058 3128 4128 λόγον.
3151 4076 3172 4108 ι
3215 4056 3482 4127 Ἐκάλυψε
3512 4058 3644 4127 γάρ,
3670 4075 3746 4125 φη
3758 4059 3866 4117 τὶν,

2277 4151 2540 4223 οὐρανοὺς
2570 4152 2604 4221 ἡ
2638 4150 2807 4222 ἀρετὴ
2856 4148 3043 4209 αὐτοῦ.
3072 4167 3091 4201 s
3145 4149 3292 4203 τοῦτ’
3326 4148 3463 4214 ἔστι,
3493 4149 3588 4202 καὶ
3616 4147 3720 4212 τὰς
3753 4150 3873 4201 ἅνω

584 4236 961 4292 mandatorum
976 4237 1138 4291 actio.
1156 4236 1293 4293 Illud
1312 4245 1518 4302 autem,
1537 4238 1880 4310 sepelierunt,
1900 4239 2163 4313 intelliges

2278 4240 2539 4312 δυνάμεις
2569 4243 2636 4311 τῇ
2661 4242 2902 4311 ὑπεροχῇ
2932 4240 3032 4308 τῆς
3061 4238 3390 4309 ὑπερϐολῆς.

582 4348 684 4405 pro
721 4344 1046 4404 posuerunt.
1082 4334 1180 4389 Est
1206 4342 1390 4389 autem
1433 4332 1839 4389 observandum
1868 4332 2017 4405 quod
2056 4334 2246 4391 nullus
2284 4336 2522 4407 scriptus
2561 4342 2647 4392 est
2676 4349 2797 4391 esse
2827 4334 3076 4405 sepultus
3102 4333 3159 4388 in
3197 4332 3467 4403 sepulcris
3498 4330 3747 4395 Davidis,
3771 4341 3873 4387 aut

584 4443 639 4483 in
681 4443 911 4485 ascensu
962 4430 1342 4499 sepulcrorum
1378 4428 1621 4483 Davidis.
1665 4427 1973 4485 Servatoris
2018 4431 2170 4487 enim
2208 4432 2383 4489 nostri
2421 4432 2625 4489 Christi
2699 4440 2785 4488 est
2859 4429 3301 4498 incomparabilis
3344 4437 3402 4484 et
3435 4443 3559 4498 qua:
3596 4426 3719 4498 capi
3753 4443 3870 4483 non

586 4532 765 4595 potest
800 4525 911 4579 vita
954 4525 1008 4579 in
1050 4540 1233 4589 carne,
1271 4534 1327 4579 et
1365 4524 1610 4581 moribus
1648 4525 1811 4581 simul
1848 4518 2169 4584 et'ratione.
2219 4546 2240 4580 ι
2278 4527 2510 4599 Operuit
2556 4528 2728 4591 enim,
2776 4524 2976 4596 inquit,
3017 4525 3185 4581 cmlos
3228 4523 3405 4579 virtus
3438 4522 3562 4595 ejus
3590 4522 3659 4588 ⁸³,
3691 4539 3710 4573 ι
3758 4520 3872 4580 hoc

585 4634 690 4691 est,
741 4626 905 4680 etiam
951 4641 1218 4696 supernas
1256 4626 1523 4690 virtutes,
1562 4625 1892 4681 excellentia
1929 4626 2395 4696 essuperationis.

1043 4737 1137 4794 EX
1184 4736 1389 4794 LIBRO
1436 4736 1702 4794 ESDILE.

1164 4847 1241 4903 De
1274 4847 1579 4904 Zorobabel.

592 4966 661 5023 Et
691 4965 904 5037 quando
941 4980 1173 5037 egressas
1208 4971 1284 5018 est
1332 4963 1661 5037 adolescens,
1698 4964 1947 5037 attollens
1982 4964 2167 5035 facient

660 5033 714 5090 in
750 5034 940 5089 talum
964 5033 1027 5089 ex
1076 5035 1291 5089 adverso
1326 5033 1624 5089 Jerusalem
1646 5076 1661 5099 ,
1697 5035 1956 5090 benedixit
1984 5033 2169 5105 regem

658 5105 801 5163 cali.
837 5106 1013 5159 dicens
1048 5120 1065 5158 :
1098 5105 1139 5159 Α
1178 5112 1226 5157 te
1268 5106 1521 5166 uictoria,
1558 5114 1607 5159 et
1652 5124 1685 5161 ο
1724 5115 1773 5160 te
1818 5106 2080 5176 sapientia
2114 5114 2180 5175 et

658 5177 901 5240 claritas,
933 5185 983 5229 et
1016 5191 1111 5246 ego
1138 5190 1317 5229 servus
1350 5185 1470 5229 tuus
1505 5176 1572 5227 “.

660 5374 962 5431 Zombabel
1018 5374 1412 5443 interpretatur
1465 5373 1743 5427 seminatio
1808 5372 2167 5442 confusionis,

589 5473 685 5518 aut
713 5464 859 5533 quies
894 5479 908 5514 :
934 5462 1235 5517 seminatus
1261 5471 1348 5517 est
1378 5462 1525 5516 enim
1553 5462 1609 5517 in
1646 5462 1921 5534 Babylone
1943 5476 2067 5533 quae
2094 5461 2171 5516 si-

589 5553 811 5623 gniﬁcat
831 5551 1232 5616 confusionem,
1268 5567 1391 5607 cum
1424 5552 1537 5607 illic
1562 5552 1944 5609 detinerentur
1969 5550 2173 5623 captivi

590 5648 709 5714 ejus
744 5645 1038 5714 genitores.
1084 5645 1151 5701 Et
1193 5655 1347 5698 ortus
1378 5652 1463 5698 est
1498 5644 1629 5707 illic,
1676 5644 1745 5699 ab
1782 5644 2011 5700 infantia
2048 5642 2174 5699 illu-

665 5828 705 5857 “
737 5826 919 5880 Hahae
978 5843 1052 5889 ιιι.
1083 5826 1132 5877 3.
1210 5829 1252 5859 δ’
1287 5827 1351 5881 Lll
1384 5826 1536 5881 Fsdr.
1577 5842 1644 5886 ιι,
1670 5824 1755 5887 58,
1789 5824 1869 5877 59.

2648 4740 2737 4795 ΕΚ
2779 4739 2915 4793 ΤΗΣ
2950 4736 3204 4792 ΒΙΒΛΟΥ
3240 4733 3477 4790 ΕΣΔΡΔ.

2787 4852 2925 4920 ηερι
2961 4849 3318 4921 Ζοροϐάϐελ.

2270 4970 2380 5027 Καὶ
2414 4972 2513 5026 ὅτε
2548 4969 2809 5038 ἐξῆλθεν·
2868 4970 2901 5024 ὀ
2952 4967 3329 5038 νεανίσκοςη
3349 4963 3498 5032 δρας
3545 4962 3624 5038 τὸ.
3670 4965 3869 5033 κρόσο

2340 5057 2507 5096 ωπον
2535 5033 2943 5108 σιςὀὐρονὸν,
2978 5039 3259 5092 ἐναντίον
3296 5033 3707 5108 Ἰερουσαλὴμ,
3762 5038 3867 5108 cir-

2344 5113 2574 5179 λότησε
2600 5102 2710 5165 τὸν
2724 5102 2993 5175 Βασιλέα
3011 5108 3117 5179 τοῦ
3137 5103 3424 5179 οὐρανοῦ..
3449 5102 3663 5179 λέτωνς
3692 5105 3868 5179 [ιρρά

2342 5174 2459 5236 σοῦ
2472 5174 2509 5249 ἦ
2527 5183 2687 5244 νίκη.
2712 5174 2809 5235 καὶ
2826 5180 2985 5249 παρὰ
2997 5177 3114 5234 σοῦ
3133 5178 3173 5247 ἡ
3190 5174 3616 5249 ἀοφίαίκαζσὴ
3630 5176 3670 5243 ἡ
3688 5174 3863 5243 δόξα,

2344 5252 2437 5305 καί
2470 5248 2586 5322 ἐγὼ
2617 5252 2732 5319 σὸς
2765 5248 3023 5319 οἰκέτης.

2358 5368 2415 5419 ὐ
2451 5364 2754 5436 Ζοροϐάϐελ
2806 5364 3009 5433 σπορὰ
3047 5362 3422 5433 συγχύσεως.
3453 5360 3485 5431 ἢ
3512 5358 3865 5428 ἀνάπαυσις

2271 5455 2662 5528 ἑρμηνεύεται·
2696 5455 2909 5526 ὲσπάρη
2936 5452 3047 5523 γὰρ
3080 5455 3139 5506 ἐν
3181 5450 3485 5515 Βαϐυλῶνι,
3518 5452 3555 5523 ἢ
3593 5448 3862 5521 σημαίνει

2274 5547 2558 5619 σύγχυσιν,
2599 5545 3115 5617 αίχμαλώτων,έκεϊ
3157 5542 3538 5615 κατεχομένων
3591 5541 3705 5595 τῶν
3735 5555 3862 5607 γεν-

2276 5641 2516 5713 νητόρων
2543 5638 2731 5695 αὐτοῦ.
2758 5640 2868 5695 Καὶ
2902 5636 3177 5693 ἀνέτειλεν
3209 5637 3345 5706 ἐκεῖ,
3375 5633 3634 5708 νηπιόθεν
3681 5633 3859 5700 αὐγά-
