4098 6344
271 405 377 460 118

270 514 580 586 Πεντεδικιινι
639 515 737 586 μὲν
779 513 890 586 γάρ
937 514 969 584 ἡ
1005 512 1279 586 αἴσθησις
1309 513 1662 583 ἑδδοματικὸς

264 607 479 680 χρόνος,
516 605 585 659 δι’
611 605 670 658 δν
693 605 720 657 ό
749 603 958 658 δώδεκα
991 602 1432 675 συμπληροῦται·
1467 603 1686 672 καὶτῆς
1729 602 1863 672 πρδς

264 697 443 752 ταῦτα
498 698 677 767 ψυχῆς
734 699 793 748 ὲν
849 695 1060 760 τούτοις
1127 695 1531 749 ἀπαλλάττεται
1577 694 1860 756 δουλείας,

268 788 625 858 ἐπειγόμενος
655 785 790 857 πρὸς
818 787 919 856 τὴν
956 787 1068 840 ἆνω
1105 783 1486 855 Ἰερουσαλὴμ,
1527 784 1670 853 ἔχων
1693 785 1863 854 χωρῖς

267 880 477 932 παίδων
517 877 920 946 καὶγυναικῶν
964 876 1231 946 μυριάδας
1280 875 1323 928 δ’
1373 874 1712 946 τρισχιλίους
1761 874 1858 938 τε.

272 971 475 1033 Παῖδες
516 971 616 1040 μὲν
645 967 739 1023 οὖν
779 972 938 1032 εἰσιν,
969 969 1018 1021 ot
1050 967 1160 1021 τῶν
1193 953 1442 1034 φυσικῶν
1467 967 1561 1019 καὶ
1597 965 1854 1036 ἁδιαϐλή-

263 1077 376 1114 των
400 1060 589 1114 παθῶν
603 1060 880 1130 λογισμοί·
907 1062 1163 1126 γυναῖκες
1193 1059 1247 1112 δὲ
1275 1061 1332 1111 αἱ
1368 1057 1508 1111 κατὰ
1547 1057 1708 1126 φύσιν
1738 1056 1861 1127 όρέ-

265 1150 377 1216 ξεις
399 1154 494 1205 καὶ
521 1153 728 1223 ᾐδοναίο
766 1154 857 1205 καὶ
883 1153 914 1221 ἡ
945 1149 1184 1218 τυχοῦσα
1205 1148 1312 1221 γὰρ
1345 1149 1518 1220 τροφὴ
1542 1150 1688 1201 ποιεῖ
1719 1147 1863 1200 κατὰ

231 1249 233 1251 ’
262 1240 429 1310 φύσιν
458 1243 675 1314 ἡδονὴν,
703 1242 1087 1314 προλαϐοῦσαν
1121 1242 1330 1294 ἔνδειαν
1362 1239 1856 1310 παραμυθουμένη,

261 1336 423 1408 καὶὴ
469 1336 708 1406 τυχοῦσα
764 1336 918 1397 πόσις
972 1337 1070 1406 τὴν
1109 1333 1331 1405 ὄχλησιν
1365 1331 1458 1386 τοῦ
1502 1332 1689 1401 δίψους
1725 1332 1859 1384 ἁπο-

262 1429 590 1501 κρουομένη,
625 1428 718 1480 καὶ
748 1427 926 1497 τυχὼν
951 1426 1118 1490 ῦπνος
1148 1428 1249 1497 τὴν
1271 1427 1329 1492 ἐξ
1357 1427 1745 1496 ἐγρηγόρσεως
1770 1441 1860 1476 κε-

260 1525 548 1590 κι›.ηκυίαν
581 1521 968 1589 ἀνακτώμενος
1020 1519 1268 1589 δύναμιν.
1315 1518 1451 1572 Ούτε
1495 1517 1552 1571 δὲ
1597 1521 1644 1570 οξ
1685 1517 1859 1589 δηλω-

261 1610 450 1675 θέντες
495 1613 786 1681 λογισμοὶ,
838 1612 962 1666 οὔτε
1015 1613 1320 1684 αἱρεθεῖσαι
1366 1612 1586 1683 ἡδοναὶ,
1638 1628 1858 1684 συναριο

260 1705 545 1776 θμττυαενα
561 1709 668 1769 τοῖς
687 1707 945 1777 ἀνδράσιν
960 1748 974 1770 ,
1002 1707 1075 1770 ὡς
1094 1707 1192 1775 οὐχ
1214 1704 1499 1774 ὑφεστῶτα
1521 1705 1641 1758 καθ’
1662 1705 1852 1768 ἑαυτὰ,

260 1799 413 1870 ὅμως
438 1797 854 1867 συνεξέρχονται
889 1797 1098 1861 τούτοις
1131 1796 1394 1866 φεύγουσι
1423 1796 1521 1867 τὴν
1553 1798 1853 1869 ἁμαρτίαν,

1660 394 2182 453 ωιλεετιικει.

1721 513 1776 564 δὲ
1835 513 1862 564 ό
1894 519 1936 573 Α
1966 509 2056 563 lia.
2095 508 2391 575 Quinarius
2414 509 2561 563 enim
2596 515 2681 564 est
2711 522 2908 564 sensus
2934 526 2946 561 :
2973 508 3346 578 septenarium
3375 518 3565 563 autem

3419 397 3561 453 £286

1969 609 2205 670 tempus,
2253 608 2479 672 prOpter
2519 599 2668 671 quod
2703 599 3014 670 completur
3059 598 3438 655 duodenarius
3471 611 3571 655 εει

1969 694 2024 747 in
2070 693 2156 749 his
2187 694 2457 748 liberatur
2491 710 2520 748 a
2555 693 2822 749 servitute
2853 708 2977 763 qua:
3005 692 3072 747 ad
3102 708 3168 748 ea
3200 692 3417 748 exsistit
3444 693 3569 746 ani-

1967 801 2089 849 maz,
2125 785 2393 841 festinans
2421 785 2488 840 ad
2517 802 2812 856 supernam
2833 786 3164 850 Jerusalem,
3187 785 3399 840 habens
3423 799 3568 856 pra:-

1966 885 2052 932 ter
2073 894 2273 949 pueros
2295 888 2352 934 et
2370 880 2606 934 feminas
2628 878 2994 950 quadraginta
3019 879 3125 934 tria
3147 877 3322 933 millia
3343 886 3568 932 trecen-

1968 977 2052 1023 tos
2066 979 2122 1024 ct
2136 971 2440 1040 sexaginta.
2462 971 2641 1040 Atque
2660 969 2817 1040 pueri
2835 970 3058 1040 quidem
3078 979 3209 1025 sunt
3225 969 3566 1024 naturalium

1964 1069 2021 1114 et
2057 1061 2481 1130 reprehensioni
2518 1077 2626 1116 non
2657 1060 2902 1115 amnium
2934 1061 3237 1116 aﬂ'ectuum
3272 1060 3567 1131 cogitatio-

1962 1168 2084 1219 nes;
2110 1154 2328 1209 femina:
2356 1163 2542 1210 autem
2580 1164 2710 1211 sunt
2744 1172 2823 1211 ea:
2846 1171 2968 1225 qua?
2987 1163 3117 1210 sunt
3136 1157 3290 1226 juxta
3309 1164 3565 1213 naturam

1963 1247 2338 1315 appetitioncs
2361 1256 2417 1302 et
2443 1249 2774 1318 voluptates.
2803 1248 2937 1302 Nam
2962 1247 3200 1318 quodvis
3238 1249 3564 1302 alimentum

1962 1338 2128 1393 efficit
2152 1341 2456 1396 secundum
2484 1320 2738 1396 naturam
2765 1342 3127 1412 voluptatem,
3158 1342 3564 1410 pracedcntem

1961 1428 2161 1484 famem
2180 1446 2470 1505 ,recreans,
2497 1441 2556 1485 et
2579 1433 2766 1503 quivis
2795 1443 2959 1504 potus
2986 1434 3109 1489 sitis
3137 1434 3413 1505 repellens
3441 1450 3564 1488 mo-

1960 1521 2198 1590 lestiam,
2231 1533 2286 1578 et
2317 1526 2501 1594 quivis
2535 1541 2783 1590 somnus,
2815 1544 2939 1598 qua
2972 1541 3040 1583 ex
3069 1528 3255 1598 vigilia
3281 1537 3367 1584 est
3404 1528 3562 1583 defa-

1961 1617 2149 1686 tigata,
2182 1631 2440 1672 recreans
2475 1618 2812 1674 facultatem.
2843 1620 3031 1690 Neque
3059 1636 3190 1676 vero
3220 1621 3380 1675 dictae
3409 1621 3562 1691 cogi-

1962 1710 2217 1774 tationes,
2253 1725 2431 1779 neque
2468 1711 2656 1766 electa:
2685 1713 2996 1782 voluptates
3030 1728 3154 1767 cum
3186 1714 3324 1768 viris
3350 1729 3564 1768 connu—

1959 1811 2279 1864 merantur,
2321 1812 2380 1856 ut
2423 1819 2546 1873 qua:
2595 1819 2696 1874 per
2735 1819 2793 1860 se
2840 1798 2973 1859 non'
3001 1805 3350 1860 consistant:
3395 1805 3562 1860 simul

263 1893 358 1946 καὶ
398 1889 538 1960 πρὸς
590 1891 690 1962 τὴν
734 1890 1084 1961 δικαιοσύνην
1130 1888 1405 1942 ἀπιοῦσιν·
1463 1890 1540 1952 ὡς
1578 1892 1848 1957 ἀναγκαῖα

1961 1901 2145 1947 tamen
2179 1909 2304 1948 cum
2336 1894 2402 1948 iis
2429 1896 2822 1965 egrediuntur,
2859 1897 3198 1969 fugientibus
3236 1906 3559 1969 peccatum,

266 1985 366 2053 μὲν
401 1985 481 2046 είς
519 1982 779 2036 σύστασιν
819 1983 1058 2050 φύσεως,
1097 1981 1343 2053 χρήσιμα
1388 1983 1444 2036 δὲ
1478 1983 1615 2053 πρὸς
1664 1983 1858 2053 κτῆσιν

258 2075 484 2146 ἀρετῆς.
518 2076 587 2127 Ἦ
620 2075 712 2127 καὶ
757 2074 933 2137 ἄλλως
958 2089 970 2101 ’
1003 2075 1063 2126 οὐ
1119 2073 1602 2144 συναριθμοῦνται,
1654 2074 1728 2137 ὡς
1782 2074 1858 2146 μὴ

260 2165 760 2236 συμμεθιστάμενα
814 2165 950 2235 πρὸς
993 2163 1092 2234 τὴν
1150 2163 1418 2216 ἀθάνατον
1474 2163 1644 2233 ζωήνο
1689 2165 1858 2234 χωρὶς

255 2258 369 2330 γὰρ
404 2259 498 2311 καὶ
527 2257 802 2327 λογισμῶν
829 2256 1088 2309 τοιούτων
1132 2257 1227 2310 καὶ
1260 2255 1462 2327 ἡδονῶν
1527 2258 1646 2308 ἐκεῖ
1687 2273 1857 2326 μετα-

259 2350 539 2421 ϐαίνομεν.
564 2349 619 2403 Δ¹
647 2349 702 2402 δὲ
738 2349 1003 2419 μυριάδες
1037 2349 1199 2415 εἰσιν,
1231 2351 1285 2402 αἱ
1319 2349 1361 2402 δ’
1392 2351 1608 2418 γενικαὶ
1638 2352 1854 2421 ἀρεταὶ,

260 2444 543 2515 φρόνησις,
571 2441 813 2511 ἀνδρεία,
865 2441 1210 2512 σωφροσύνη,
1239 2441 1578 2514 δικαιοσύνη,
1625 2443 1746 2513 μεθ’
1783 2440 1858 2498 ὧν

259 2537 356 2591 καὶ
390 2535 556 2604 φύσιν
600 2535 695 2588 καὶ
735 2535 927 2604 χρόνον
987 2534 1179 2597 διαὸάς
1216 2537 1244 2587 ό
1277 2534 1423 2598 νοῦς,
1460 2536 1596 2606 πρὸς
1635 2535 1733 2606 τὴν
1758 2536 1858 2606 τῆς

256 2628 533 2691 ἀπαθείας
590 2626 746 2698 λῆξιν
801 2627 1266 2690 ἀποκαθίσταται,
1331 2628 1403 2680 Ἦ
1451 2629 1505 2680 αί
1562 2628 1604 2680 δ’
1640 2627 1858 2696 γενικαὶ

259 2720 545 2784 άπάθειαι,
572 2714 648 2774 ὧν
688 2719 876 2792 πρώτη
913 2721 1011 2791 μὲν
1031 2723 1063 2792 ἡ
1085 2719 1356 2790 παντελὴς
1391 2720 1570 2791 ἀποχὴ
1607 2725 1706 2791 τῆς
1734 2720 1854 2774 κατ’

261 2813 422 2886 Ιργον
455 2813 752 2885 ἁμαρτίας,
801 2815 860 2866 ὲν
896 2817 1009 2876 τοῖς
1043 2813 1429 2882 είσαγωγικοῖς
1475 2814 1850 2886 θεωρουμένη.

261 2905 500 2976 Δευτέρα
540 2905 595 2958 δὲ
625 2907 658 2975 ὴ
692 2898 962 2974 παντελὴς
990 2905 1234 2976 ἀποϐολὴ
1269 2905 1376 2958 τῶν
1409 2905 1675 2976 ὲμπαθῶν
1705 2906 1853 2974 λογι-

259 2996 434 3069 σμῶν,
485 3000 542 3051 ἐν
586 3000 699 3061 τοῖς
730 2997 874 3068 ὑπὲρ
909 2996 1131 3061 τούτους
1172 2998 1562 3068 συνισταμένη.
1597 2998 1768 3068 Τρίτη
1796 2999 1853 3052 δὲ

255 3088 290 3158 ὴ
326 3090 455 3159 περὶ
486 3087 555 3141 τὰ
583 3087 732 3157 πάθη
763 3086 1035 3156 παντελὴς
1068 3085 1329 3156 ἀκινησία
1351 3088 1410 3139 ἐν
1441 3090 1555 3150 τοῖς
1587 3086 1852 3157 ὑψηλοτέ-

255 3197 371 3251 ροις
412 3179 691 3250 γινομένη.
740 3180 985 3250 Τετάρτη
1021 3179 1077 3232 δὲ
1111 3181 1142 3250 ἡ
1181 3179 1276 3232 καὶ
1316 3180 1487 3288 αὐτῇς
1523 3179 1589 3250 δὴ
1624 3179 1723 3288 τὶῆς
1755 3178 1848 3248 ψι-
1878 3233 1920 3288 C

252 3271 350 3342 λῆς
377 3270 681 3340 φαντασίας
698 3271 806 3322 τῶν
841 3270 1030 3324 παθῶν
1065 3270 1333 3336 παντελὴς
1356 3269 1624 3341 κάθαρσις
1645 3269 1704 3322 ἐν
1735 3273 1849 3334 τοῖς

1959 1995 2014 2040 et
2042 1985 2109 2039 ad
2129 1988 2398 2057 justitiam
2429 1989 2930 2058 proficiscentibus,
2954 1999 3016 2044 ut
3044 2006 3167 2061 qua:
3197 1991 3310 2045 sint
3332 1990 3561 2060 quidem

1958 2079 2272 2134 necessaria
2311 2079 2378 2134 ad
2415 2081 2858 2136 constituendam
2891 2093 3166 2148 naturam,
3194 2083 3348 2138 utilia
3373 2092 3560 2137 autem

1959 2169 2026 2224 ad
2061 2171 2366 2240 parandam
2406 2174 2691 2227 virtutem.
2718 2173 2826 2228 Aut
2853 2175 3019 2229 etiam
3048 2175 3229 2230 aliter.
3263 2175 3383 2230 Non
3422 2190 3560 2230 con-

1959 2273 2325 2320 numerantur
2359 2281 2485 2320 cum
2527 2265 2684 2329 viris,
2719 2274 2781 2321 ut
2819 2283 2942 2338 qua:
2981 2283 3092 2322 non
3128 2268 3290 2322 simul
3319 2268 3564 2339 migrent

1959 2353 2026 2406 ad
2052 2355 2218 2409 vitam
2245 2356 2630 2411 immortalem.
2660 2358 2795 2412 Nam
2825 2359 3034 2430 absque
3063 2360 3378 2430 hujusmodi
3409 2362 3562 2432 cogi-

1961 2445 2266 2502 tationibus
2290 2456 2345 2503 et
2371 2448 2750 2518 voluptatibus
2787 2450 2918 2506 illuc
2955 2453 3273 2507 transimus.
3306 2452 3560 2518 Quadra-

1958 2538 2109 2607 ginta
2150 2548 2334 2594 autem
2370 2541 2540 2596 millia
2572 2552 2703 2597 sunt
2729 2555 2966 2613 quatuor
2991 2547 3274 2615 generales
3299 2547 3558 2609 virtutes,

1958 2629 2289 2699 prudentia,
2337 2633 2640 2699 fortitudo,
2689 2637 3088 2706 temperantia,
3133 2638 3370 2708 justitia.
3418 2638 3558 2694 Cum

1957 2723 2162 2793 quibus
2186 2742 2312 2781 cum
2343 2734 2399 2781 et
2427 2735 2678 2782 naturam
2710 2736 2767 2783 et
2805 2736 3024 2799 tempus
3065 2745 3222 2784 mens
3253 2731 3558 2795 transierit,
3589 2771 3591 2775 ι

1957 2814 2271 2868 restituitur
2313 2817 2449 2870 sorti
2498 2817 2943 2887 impatibilitatis.
2988 2820 3099 2874 Aut
3147 2829 3278 2876 sunt
3321 2831 3564 2890 quatuor

1955 2909 2241 2977 generales
2284 2909 2743 2978 impatibilitates,
2777 2925 2844 2965 ex
2875 2911 3080 2982 quibus
3119 2913 3298 2983 prima
3329 2914 3557 2984 quidem

1954 3006 2042 3053 est
2071 2999 2313 3069 perfecta
2341 3009 2396 3056 et
2427 3002 2579 3054 omni
2605 3017 2672 3056 ex
2699 3013 2854 3072 parte
2880 3003 3132 3058 absoluta
3157 3005 3492 3063 abstinentia
3525 3025 3557 3064 a

1955 3101 2183 3162 peccato
2216 3093 2272 3147 in
2316 3094 2661 3164 operatione,
2691 3096 3043 3152 considerata
3073 3097 3127 3152 in
3160 3099 3227 3152 iis
3256 3099 3351 3170 qui
3393 3101 3557 3156 insti-

1958 3193 2210 3240 tuuntur.
2247 3185 2499 3241 Secunda
2530 3195 2716 3242 autem
2748 3198 2836 3244 est
2863 3189 3104 3259 perfecta
3144 3191 3382 3261 abjectio
3409 3195 3523 3264 pati

1955 3279 2148 3333 bilium
2172 3280 2590 3350 cogitationum,
2617 3283 2929 3337 consistens
2955 3283 3012 3339 in
3030 3284 3098 3339 iis
3117 3285 3211 3356 qui
3230 3295 3362 3341 sunt
3388 3303 3556 3358 supra

250 3364 478 3427 τελείοις
515 3364 790 3434 ὁρωμένη⁴
833 3363 1042 3434 Ὥσπερ
1097 3363 1153 3415 δὲ
1191 3363 1282 3432 ὑφ’
1332 3363 1575 3435 ἑκάστην
1625 3361 1848 3432 γενικὴν

1953 3370 2124 3440 ipsos.
2179 3371 2364 3427 Tertia
2412 3382 2594 3427 autem
2641 3383 2726 3428 est
2776 3375 3019 3446 perfecta
3066 3378 3122 3433 in
3171 3379 3467 3436 affectibus
3498 3392 3556 3438 et

253 3457 455 3529 ἀρετὴν
489 3458 522 3529 ἢ
558 3457 855 3521 ἀπάθειαν,
891 3456 1087 3510 πολλαί
1122 3459 1229 3509 εἰσι
1285 3456 1510 3528 μερικαὶ
1535 3456 1728 3524 ἀρεταὶ
1756 3456 1848 3508 ml.

1952 3462 2119 3516 animi
2155 3463 2405 3518 motibus
2431 3464 2810 3531 immobilitas,
2844 3482 2967 3538 qua:
2989 3477 3076 3524 est
3109 3469 3164 3524 in
3208 3472 3553 3528 sublimiorio

251 3547 539 3602 άπάθειαι.
594 3549 656 3601 Oi
709 3547 768 3600 δὲ
811 3547 1102 3618 τρισχίλιοι
1155 3547 1258 3618 τὴν
1299 3547 1511 3600 τελείαν
1565 3547 1848 3616 θεολογίαν

1952 3553 2075 3609 bus.
2108 3555 2314 3622 Quarta
2343 3566 2528 3612 autem
2555 3567 2639 3613 est
2673 3558 2848 3629 ipsius
2879 3561 3042 3617 nuda:
3075 3562 3382 3632 phantasm
3413 3565 3552 3620 affe-

254 3637 600 3708 ὐποδηλοῦσι.
627 3637 787 3708 Τρεῖς
826 3638 923 3705 μὲν
955 3637 1044 3688 διὰ
1074 3637 1173 3700 τὰς
1204 3639 1356 3706 τρεῖς
1391 3638 1723 3700 ὑποστάσεις
1746 3641 1846 3708 τῆς

1952 3655 2139 3700 ctuum
2177 3656 2234 3701 et
2265 3648 2434 3702 animi
2483 3657 2734 3705 motuum
2764 3652 3007 3720 perfecta
3050 3657 3395 3727 expurgatio,
3427 3673 3553 3729 qua

254 3727 542 3796 Θεότητος.
574 3724 749 3779 Χίλιοι
773 3725 830 3777 δὲ
854 3725 944 3779 διὰ
972 3725 1070 3792 τὴν
1103 3725 1424 3798 τελειότητα
1446 3728 1544 3798 τῆς
1566 3730 1695 3799 περὶ
1725 3730 1847 3783 ἐκά-

256 3836 382 3873 στου
411 3818 614 3871 τούτων
643 3818 946 3886 θεολογίας.
985 3819 1276 3881 Τελείωσις
1309 3821 1417 3890 γὰρ
1446 3820 1841 3886 ὲκατοντάδων,

250 3913 284 3980 ἡ
321 3909 499 3981 χιλιὰς
523 3927 537 3941 ο
574 3908 767 3980 ὥσπερ
810 3913 844 3982 ὴ
891 3911 992 3980 μὲν
1025 3909 1192 3974 δεκάς
1235 3911 1504 3980 μονάδων,
1538 3915 1572 3984 ἡ
1619 3915 1676 3966 δὲ
1709 3917 1841 3969 ἐκα-

250 4000 443 4065 τοντάς
475 3999 736 4062 δεκάδων,
781 4001 814 4070 ἡ
865 4000 921 4054 δὲ
954 4001 1155 4070 μυριὰς
1196 4001 1474 4070 χιλιάδωνο
1521 4005 1572 4056 ot
1604 4004 1661 4058 δὲ
1690 4023 1845 4076 τρια-

251 4092 426 4148 κὸσιοι
452 4094 580 4156 τοὺς
636 4092 766 4163 περὶ
819 4094 1024 4164 ἀρετῆς
1071 4095 1168 4146 καὶ
1203 4096 1333 4166 περὶ
1383 4095 1598 4166 φύσεως
1652 4097 1844 4167 λόγους

245 4184 706 4255 ,ὑποσημαίνουσα
745 4183 869 4237 Τῶν
914 4187 1244 4255 τριακοσίων
1283 4188 1394 4259 γὰρ
1441 4189 1656 4262 ἐπινοίᾳ
1704 4191 1846 4245 διαι-

253 4277 537 4349 ρουμένων
574 4279 652 4341 εἰς
683 4277 878 4329 ἑκατόν
907 4295 966 4330 τε
992 4279 1086 4329 καὶ
1113 4277 1383 4332 διακόσιαο
1411 4282 1439 4332 ό
1473 4281 1573 4351 μὲν
1608 4282 1655 4353 ρ’
1685 4284 1842 4354 ἀριθ-

253 4369 353 4440 μδς
385 4368 612 4439 μηνύσει
649 4369 750 4441 τὴν
786 4368 999 4422 τελείαν
1047 4369 1253 4440 ἀρετὴν
1301 4371 1842 4439 δεκαπλασιάζουσαν

249 4463 350 4531 τὴν
376 4463 575 4517 δεκάδα
597 4463 707 4515 τῶν
731 4462 1055 4534 θεογράφων
1089 4465 1342 4520 ἐντολῶν.
1388 4464 1449 4521 Ὀ
1483 4467 1732 4524 διακόσια
1759 4470 1837 4534 δὲ,

1945 3741 2197 3794 cernitur
2221 3741 2275 3795 in
2309 3741 2587 3812 perfectis.
2617 3742 2908 3810 Quomodo
2946 3746 3050 3801 sub
3094 3764 3426 3821 unaquaque
3449 3767 3548 3823 ge-

1946 3833 2122 3887 nerali
2162 3834 2369 3890 virtute
2394 3844 2492 3890 aut
2521 3835 2934 3906 impatibilitate
2977 3848 3106 3894 sunt
3144 3842 3312 3897 etiam
3359 3845 3549 3901 multa

1944 3927 2256 3999 singulares
2299 3929 2536 3985 virtutes
2580 3939 2638 3985 et
2680 3930 3144 4001 impatibilitates.
3189 3933 3318 3990 Tria
3359 3945 3548 3992 autem

1946 4020 2120 4075 millia
2155 4021 2320 4076 tacite
2352 4021 2667 4092 significant
2696 4023 2996 4092 perfectam
3023 4023 3376 4096 theologiam.
3417 4027 3549 4085 Tria

1944 4113 2194 4184 quidem,
2243 4122 2472 4186 pr0pter
2511 4124 2626 4171 tres
2657 4117 2982 4188 hypostases
3021 4117 3359 4173 Divinitatis.
3399 4119 3549 4176 Mille

1945 4212 2155 4269 autem,
2185 4216 2410 4276 pr0pter
2437 4206 2832 4277 perfectionem
2865 4207 3176 4279 theologia,
3205 4223 3301 4264 seu
3328 4209 3426 4265 Dei
3459 4225 3548 4266 ra-

1946 4295 2114 4350 tionis
2137 4312 2260 4366 qua:
2285 4306 2368 4351 est
2393 4297 2461 4352 de
2487 4313 2818 4369 unaquaque
2851 4313 3065 4352 earum.
3095 4298 3366 4355 Perfcetio
3391 4303 3542 4357 enim

1942 4390 2389 4444 centenariorum
2411 4400 2510 4446 .est
2547 4391 2912 4455 millenarius,
2939 4391 3086 4446 sicut
3120 4391 3386 4448 denarius
3415 4395 3546 4466 qui-

1943 4481 2069 4536 dem
2098 4483 2396 4547 unitatum,
2426 4485 2780 4539 centenarius
2813 4493 2998 4540 autem
3031 4485 3414 4553 denariorum,
3439 4487 3540 4544 de-

248 4553 346 4624 τὴν
386 4552 549 4622 φύσιν
587 4553 648 4620 ἐξ
693 4552 825 4625 ὕλης
859 4554 954 4608 καὶ
1009 4556 1184 4620 εῐδους
1215 4562 1631 4628 συνεστηκυῖαν.
1685 4562 1838 4617 Ἐπεὶ

1952 4575 2058 4629 cies
2069 4585 2251 4630 autem
2265 4576 2437 4640 mille,
2452 4577 2705 4632 millium.
2723 4576 2979 4632 Trecenti
2995 4586 3178 4632 autem
3194 4579 3356 4634 tacite
3372 4581 3544 4652 signi-

248 4646 357 4719 γὰρ
401 4648 694 4720 τετραδικὴ
747 4649 857 4720 μὴν
911 4650 944 4717 ή
974 4648 1096 4720 ῦλη,
1135 4649 1222 4703 διὰ
1258 4650 1358 4722 τὴν
1401 4656 1702 4724 τετρακτὺν
1729 4656 1838 4710 τῶν

252 4739 532 4809 στοιχείων
557 4740 748 4811 αὐτῆς,
776 4740 1098 4795 πενταδικὸν
1129 4741 1186 4796 δὲ
1217 4743 1278 4796 τὸ
1312 4741 1454 4808 εἶδος
1483 4745 1571 4800 διά
1612 4749 1673 4802 τὺ
1707 4767 1838 4802 πεν-

250 4829 484 4886 ταπλοῦι
539 4832 638 4901 τῆς
680 4831 1007 4904 αἰσθήσεως,
1035 4835 1136 4904 τῆς
1164 4835 1232 4889 τὰ
1274 4836 1436 4890 ὑλικὰ
1468 4841 1834 4909 σχηματιζούσ

250 4941 370 4996 σης,
422 4924 678 4994 τετράκις
717 4924 809 4977 τὸν
852 4932 893 4977 ν’
930 4924 1163 4991 συνθεὶς,
1201 4930 1449 4999 ποιήσεις
1481 4938 1525 4985 σ¹
1571 4931 1630 4985 ὅν
1677 4934 1756 5005 τῷ
1789 4942 1834 5007 ρ’

248 5018 410 5069 πάλιν
464 5015 706 5085 συνάψας
759 5015 847 5069 διά
880 5017 980 5088 τῆς
1012 5019 1212 5088 αρετῆς
1263 5019 1323 5074 τὸ
1362 5017 1421 5074 εὖ
1467 5018 1628 5078 εἶναι.
1675 5027 1738 5080 Ol
1776 5028 1833 5082 δὲ

247 5106 515 5176 ἑξήκοντα
552 5109 651 5177 τὴν
682 5109 970 5180 ποιητικὴν
1004 5110 1111 5163 τῶν
1139 5111 1302 5166 θείων
1332 5114 1564 5170 ἐντολῶν
1599 5119 1834 5188 ὑποφαί-

247 5214 397 5252 νουσι
427 5198 690 5270 δύναμιν·
733 5201 792 5254 εν
825 5200 884 5267 ἐξ
923 5202 1021 5272 μὶν
1066 5202 1175 5275 γάρ
1213 5206 1446 5275 ἡμέραις
1497 5209 1754 5282 ἐποίησεν
1803 5213 1833 5266 ὁ

247 5286 378 5349 Θεὸς
422 5288 514 5342 τὸν
546 5288 749 5360 κόσμον
780 5290 985 5344 τοῦτον.
1020 5292 1165 5346 Δέκα
1187 5293 1243 5348 δὲ
1283 5296 1340 5348 αἱ
1387 5295 1713 5368 θεοδιῖῳητοι
1746 5305 1830 5356 ὲν-

246 5380 415 5434 τολαίο
465 5381 651 5448 ἑξάκις
698 5381 755 5436 δὲ
799 5381 869 5437 τὰ
914 5382 1046 5435 δέκα
1086 5384 1388 5457 ἑξήκοντα,
1437 5390 1561 5461 μεθ’
1591 5386 1666 5446 ὧν
1692 5395 1827 5464 ὁμοῦ

246 5472 464 5527 πάντων
521 5474 801 5546 ιξέρχεται
838 5478 868 5530 ό
928 5479 1185 5550 ἀνωτέρω
1229 5479 1641 5554 διερμηνευθεὶς
1697 5487 1825 5540 Σῦτ.

257 5558 410 5616 Επεὶ
452 5562 511 5618 δὲ
547 5565 872 5636 συνεξῆλθον
907 5567 1095 5632 αὐτοῖς
1128 5570 1222 5623 καὶ
1251 5572 1460 5640 παῖδες,
1512 5576 1608 5629 καὶ
1642 5579 1828 5632 παιδί-

245 5667 392 5718 σκαι,
450 5657 544 5712 καὶ
595 5657 820 5729 ψάλται,
849 5660 945 5714 καὶ
970 5660 1262 5733 ψαλτῳδοὶ,
1297 5666 1391 5718 καὶ
1431 5667 1694 5740 κάμηλοι,
1727 5648 1827 5730 καὶ

244 5746 424 5812 ῐππομ
453 5749 546 5804 καὶ
584 5752 820 5824 ἡμίονοι,
857 5755 950 5808 καὶ
991 5754 1292 5823 ὑποζύγια,
1326 5753 1439 5812 εἷεν
1465 5761 1636 5815 ταῦτα
1663 5765 1825 5819 τύποι

240 5839 349 5896 νῦν
373 5841 647 5914 διαφόρων
694 5844 916 5917 βαθμῶν
950 5848 1048 5920 τῆς
1087 5851 1432 5925 Ἐκκλησίας,
1471 5853 1537 5908 δι’
1570 5849 1647 5910 ὧν
1691 5875 1824 5931 προσ

1948 4665 2112 4722 ﬁcant
2134 4669 2374 4723 rationes
2389 4669 2457 4724 de
2480 4670 2684 4724 virtute
2709 4677 2764 4723 ct
2787 4678 3004 4725 natura.
3032 4669 3289 4726 Trecenti
3310 4673 3460 4729 enim
3491 4675 3540 4730 si

1945 4761 2263 4816 dividantur
2285 4762 2644 4833 intelligentia
2671 4764 2725 4817 in
2750 4773 2972 4818 centum
2993 4773 3050 4819 et
3069 4763 3329 4830 ducenta,
3353 4776 3544 4823 cente-

1945 4853 2136 4906 narius
2156 4851 2377 4922 quidem
2397 4868 2665 4908 numerus
2682 4853 2948 4909 indicabit
2962 4853 3259 4924 perfectam
3278 4857 3539 4915 virtutem

1943 4944 2332 5014 decuplantem
2363 4944 2656 5001 denarium
2685 4945 3022 5016 scriptorum
3047 4963 3077 5002 a
3106 4947 3219 5001 Deo
3244 4947 3539 5006 mandato-

1941 5053 2100 5100 rum,
2120 5038 2360 5093 ducenta
2392 5047 2609 5102 autem,
2650 5047 2902 5093 naturam
2948 5049 3292 5095 constantem
3322 5056 3390 5095 ex
3421 5058 3539 5097 ma-

1941 5130 2079 5184 teria
2114 5138 2170 5184 et
2211 5129 2406 5184 forma.
2448 5129 2583 5184 Nam
2624 5130 2886 5200 quoniam
2927 5133 3282 5201 quaternaria
3309 5134 3537 5204 quidem

1938 5231 2025 5278 est
2069 5223 2295 5278 materia
2345 5231 2572 5293 propter
2613 5223 3036 5293 quaternionem
3076 5225 3196 5296 ejus
3223 5225 3532 5284 elemento-

1938 5331 2097 5380 rum,
2146 5316 2318 5369 forma
2370 5323 2554 5370 autem
2599 5323 2685 5370 est
2727 5316 2982 5386 quinaria
3031 5326 3259 5388 propter
3305 5333 3530 5376 sensum

1937 5407 2362 5478 quintuplicem,
2381 5408 2475 5478 qui
2499 5409 2696 5479 figurat
2719 5409 3024 5465 materialia
3050 5428 3064 5463 :
3086 5411 3130 5465 si
3156 5421 3353 5481 quater
3371 5415 3534 5482 quin.

1936 5498 2199 5569 quaginta
2231 5499 2628 5569 composueris,
2656 5499 2860 5556 efficies
2886 5499 3157 5565 ducenta;
3184 5518 3306 5572 qua:
3329 5503 3376 5557 si
3402 5517 3535 5558 ceno

1939 5595 2058 5644 tum
2089 5604 2282 5645 rursus
2316 5591 2689 5662 conjunxeris,
2721 5602 2970 5650 trecenta
3013 5593 3240 5658 eflicies,
3270 5607 3530 5667 propter-

1934 5694 2000 5738 ea
2037 5680 2184 5752 quod
2224 5681 2450 5738 virtutis
2484 5682 2644 5741 bona:
2685 5685 2777 5740 sit.
2827 5685 3122 5759 Sexaginta
3171 5698 3355 5745 autem
3387 5692 3528 5746 sub—

1934 5773 2186 5829 indicant
2227 5775 2340 5831 vim
2383 5775 2714 5834 efﬁcientem
2755 5779 3072 5836 divinorum
3112 5781 3520 5838 mandatorum.

1930 5865 2066 5922 Nam
2102 5867 2154 5921 in
2203 5884 2296 5925 sex
2334 5859 2558 5938 quidem
2603 5871 2802 5929 diebus
2831 5872 2977 5928 Deus
3008 5873 3134 5929 fecit
3167 5875 3317 5930 hunc
3359 5891 3524 5932 mua-
