4098 6344
293 422 317 476 ί
330 422 435 478 2Ἶὸ

1552 418 1882 476 HTURGIA
1914 418 1970 473 S.
2009 417 2305 474 CYRILLI.

3422 414 3560 473 129$

286 544 387 591 tur
424 534 692 606 obsequio
723 535 1027 600 servitutis,
1060 546 1118 592 et
1145 535 1482 591 inclinantur
1516 534 1620 589 sub
1650 543 1873 603 sceptro
1902 561 1949 615 Α
1975 534 2199 589 unicum
2234 531 2303 587 ad
2333 531 2641 603 profectum
2670 530 2873 587 dedisti
2901 530 3083 595 nobis,
3124 547 3250 587 cum
3287 542 3563 604 prmeepto

286 628 450 699 regni
488 628 628 698 ejus,
668 642 834 698 quem
872 627 1098 682 laudant
1131 626 1407 682 exercitus
1434 625 1689 696 angelici,
1726 624 1877 679 ordi—

284 736 395 775 nes
432 722 716 785 cuelestes,
752 729 809 775 et
843 731 1055 776 naturae
1108 719 1527 783 intellectuales,
1562 718 1876 774 incessabili

284 826 428 868 voce
451 812 741 883 loquentes
768 812 1112 868 divinitatem
1143 812 1263 882 ejus
1289 828 1303 877 ;
1331 812 1427 881 qui
1450 811 1522 865 ita
1545 810 1790 873 voluisti,
1816 817 1879 864 ut

286 918 397 959 nos
448 903 701 959 imbelles
758 914 817 960 et
860 904 1064 960 terreni
1119 904 1561 984 ministraremus
1602 902 1725 969 tibi,
1767 918 1878 957 non

287 1002 522 1065 propter
550 995 847 1065 puritatem
874 1010 1133 1050 manuum
1164 1006 1499 1061 nostrarum,
1538 1003 1633 1049 aut
1655 994 1876 1064 aliquod

288 1083 499 1138 bonum
535 1098 676 1153 opus
711 1093 963 1139 nostrum
1001 1098 1168 1152 super
1203 1090 1431 1149 terram,
1464 1084 1559 1139 sed
1594 1084 1724 1154 quia
1756 1084 1877 1153 pla-

289 1175 413 1230 cuit
449 1175 549 1229 tibi
589 1175 999 1231 communicare
1036 1174 1197 1229 nohis
1225 1174 1401 1230 servis
1440 1176 1551 1231 tuis
1589 1176 1794 1230 inﬁmis
1823 1184 1878 1229 et

291 1262 557 1335 indignis,
592 1266 853 1336 quiddam
879 1280 947 1319 ex
986 1264 1224 1334 puritate
1255 1274 1347 1319 tua
1377 1283 1389 1318 :
1428 1266 1645 1336 suscipe
1689 1282 1792 1322 nos
1810 1265 1878 1320 ad

293 1366 376 1423 te,
407 1373 441 1412 ο
478 1357 643 1423 bone,
682 1366 738 1414 et
763 1366 974 1413 amator
1008 1357 1318 1422 hominum,
1355 1366 1417 1412 ut
1453 1357 1781 1413 accedamus
1808 1358 1877 1415 ad

291 1450 472 1504 altare
517 1460 673 1506 tuum
712 1460 987 1513 sanctum,
1031 1449 1338 1504 secundum
1372 1465 1623 1521 magnam
1657 1451 1878 1506 miseri-

291 1542 539 1597 cordiam
587 1551 736 1598 tuam
765 1558 776 1595 :
819 1550 876 1597 et
899 1542 983 1597 fac
1012 1558 1112 1597 nos
1136 1542 1331 1614 dignos
1356 1557 1490 1613 pace
1514 1544 1725 1598 caelesti
1756 1559 1879 1613 quae

289 1634 455 1690 decet
490 1636 834 1690 divinitatem
868 1644 1040 1699 tuam,
1096 1650 1326 1705 qumque
1366 1635 1544 1690 salute
1578 1635 1739 1705 plena
1771 1644 1875 1700 est,

252 1738 358 1803 *ut
400 1727 595 1782 demus
644 1742 764 1782 eam
808 1727 1043 1782 invicem
1091 1727 1147 1781 in
1192 1728 1463 1784 charitate
1510 1728 1775 1799 perfecta,
1804 1736 1880 1785 ’et

289 1821 608 1875 osculemur
634 1836 734 1875 nos
766 1831 981 1885 mutuo,
1014 1822 1069 1874 in
1104 1821 1295 1876 osculo
1320 1830 1533 1886 sancto,
1574 1839 1753 1893 neque
1779 1839 1880 1894 per

289 1912 659 1981 cogitationes
691 1913 1113 1977 abominabiles,
1138 1912 1424 1983 despectui
1464 1914 1769 1970 habeamus
1807 1918 1879 1971 ti-
1913 1919 1954 1972 Β

291 2018 505 2059 morem
538 2013 715 2069 tuum,
754 2013 850 2059 aut
892 2013 1075 2060 mente
1100 2005 1288 2060 dolosa
1312 2015 1370 2061 et
1395 2007 1603 2062 malitia
1626 2008 1876 2076 prodito-

292 2093 371 2148 ris
400 2113 412 2125 -
464 2110 645 2165 neque
696 2096 1089 2150 conscientiam
1146 2096 1414 2152 habentes
1442 2098 1703 2168 nequitia:
1750 2114 1881 2153 con-

291 2185 649 2251 sentientem,
681 2186 779 2241 sed
821 2202 946 2241 cum
986 2187 1188 2257 gaudio
1221 2188 1531 2243 animarum
1565 2198 1877 2245 nostrarum

290 2286 354 2332 et
393 2277 581 2333 laetitia
623 2278 809 2333 cordis
843 2279 1039 2343 nostri,
1071 2293 1195 2333 cum
1224 2279 1295 2333 sit
1332 2279 1495 2333 nobis
1516 2280 1734 2350 signum
1769 2297 1882 2335 ma-

293 2384 462 2437 gnum
510 2380 568 2425 et
594 2369 900 2439 perfectum
942 2368 1257 2425 dilectionis
1287 2371 1562 2441 Unigeniti
1608 2372 1728 2426 Filii
1775 2374 1876 2427 tui.

298 2458 382 2513 Ne
419 2459 652 2528 repellas
678 2474 780 2513 nos
808 2474 998 2514 servos
1024 2469 1149 2513 tuos
1172 2468 1398 2530 propter
1422 2462 1664 2516 maculas
1691 2478 1882 2532 pecca-

294 2558 479 2604 torum
517 2558 874 2605 nostrorum:
917 2560 973 2606 tu
1024 2552 1174 2605 enim
1211 2553 1306 2621 qui
1332 2554 1533 2607 creasti
1560 2553 1880 2623 ﬁgmentum

293 2649 569 2705 nostrum,
597 2643 707 2697 scis
735 2644 883 2713 quod
913 2645 1099 2698 nullus
1133 2655 1295 2699 natus
1322 2661 1390 2700 ex
1418 2646 1648 2701 muliere
1671 2648 1763 2711 sit,
1787 2648 1881 2716 qui

293 2748 408 2788 non
454 2742 646 2804 peccet
698 2751 880 2790 coram
921 2746 994 2791 te.
1038 2737 1143 2791 Fac
1168 2748 1278 2792 nos
1310 2752 1504 2791 omnes
1527 2738 1741 2807 dignos,
1773 2739 1881 2792 Do-

294 2824 467 2889 mine,
510 2835 572 2879 ut
616 2826 784 2903 corde
842 2843 984 2897 puro
1024 2838 1081 2881 et
1120 2827 1302 2881 anima
1345 2828 1505 2898 plena
1549 2830 1737 2898 gratim
1778 2839 1883 2883 tum

294 2926 507 2973 stemus
536 2934 719 2973 coram
746 2928 820 2985 te,
856 2928 909 2973 et
930 2918 1224 2975 oil'eramus
1258 2921 1358 2974 tibi
1390 2922 1494 2976 hoc
1547 2922 1881 2977 sacrificium

240 3002 247 3015 “
296 3018 569 3072 sanctum,
619 3011 906 3075 rationale,
949 3011 1234 3080 spirituale
1285 3012 1385 3082 (5),
1423 3022 1479 3067 et
1506 3012 1879 3069 incruentum.

295 3101 368 3157 ad
416 3102 797 3158 remissionem
842 3103 1170 3157 delictorum
1206 3114 1548 3168 nostrorum,
1587 3113 1644 3159 et
1665 3104 1881 3158 veniam

298 3193 733 3265 ignorantiarum
757 3196 947 3265 populi
988 3196 1065 3249 tui
1097 3213 1110 3249 :
1142 3196 1269 3265 quia
1302 3205 1357 3250 tu
1389 3212 1450 3250 es
1473 3196 1618 3251 Deus
1643 3197 1885 3251 clemens

282 3292 356 3340 et
375 3286 710 3351 misericors,
734 3296 790 3343 et
802 3288 870 3342 ad
901 3297 952 3344 te
981 3304 1202 3343 sursum
1219 3289 1488 3343 mittimus
1505 3290 1758 3361 gloriam,
1782 3291 1883 3344 bo-

296 3392 490 3432 norem
551 3389 608 3433 et
663 3380 1086 3449 adorationem,
1136 3380 1323 3445 Pater,
1372 3380 1501 3445 Fili,
1547 3392 1605 3436 et
1652 3381 1890 3450 Spiritus

297 3477 505 3535 sancte,
540 3485 687 3525 nunc
715 3480 773 3525 et
797 3486 1034 3540 semper,
1069 3481 1176 3527 etc.

547 3583 672 3637 Alia
708 3586 880 3637 oratio
913 3583 1079 3638 osculi
1114 3587 1260 3656 pacis
1300 3587 1371 3640 ad
1403 3586 1641 3641 Patrem.

368 3698 515 3754 Deus
536 3699 837 3765 cbaritatis,
865 3700 1092 3769 largitor
1116 3701 1449 3765 concordiae,
1481 3700 1576 3770 qui
1598 3699 1891 3755 consilium

371 3858 447 3929 (5)
483 3857 541 3912 ln
566 3858 689 3915 hac.
720 3870 779 3913 ut
804 3859 859 3913 in
880 3860 1005 3914 aliis
1026 3858 1284 3914 omnibus
1306 3858 1682 3915 Orientalibus
1704 3859 1887 3913 Litur-

298 3928 411 4009 giis.
448 3930 795 4009 agnoscitur,
840 3930 1149 4009 creditum
1183 3930 1498 4009 inte_r_illo_s
1540 3930 1885 3985 Christianos

298 3998 607 4067 antiquitus
636 3998 805 4054 fuisse
840 4000 1201 4055 Eucharistia:
1226 3999 1655 4054 celebrationem
1690 4016 1883 4054 verum

299 4084 421 4141 esse
451 4068 811 4141 sacriﬁcium,
842 4070 1089 4140 illudque
1108 4072 1368 4141 Δλογικόν,
1407 4086 1500 4124 seu
1528 4069 1811 4141 spirituale
1836 4080 1883 4123 ct

302 4137 588 4210 rationale,
627 4139 774 4208 quod
802 4140 856 4193 in
885 4137 1057 4195 sacrae
1100 4139 1399 4209 Scriptum
1430 4137 1571 4210 ston
1607 4140 1752 4195 idem
1775 4149 1881 4194 est.

301 4208 487 4280 anue
508 4225 615 4280 vox
637 4210 751 4263 sola
774 4210 1017 4265 occurrit
1043 4212 1098 4264 in
1125 4208 1272 4264 textu
1294 4208 1544 4279 Coptica,
1572 4225 1736 4280 quam
1757 4226 1881 4263 ver-

300 4278 655 4365 s‘io'arabica.
675 4280 935 4365 caprimit
966 4296 1080 4365 per.
1105 4296 1296 4365 vocem
1338 4278 1559 4365 aptam,
1585 4278 1707 4349 qua:
1733 4280 1879 4350 apud

301 4348 511 4405 Arabes
526 4348 873 4405 Christianos
922 4348 1173 4406 eamdem
1202 4348 1525 4412 babet'vim,
1550 4348 1618 4405 ext
1642 4366 1743 4404 usu
1770 4348 1881 4405 'ec-

300 4418 824 4489 clesiastico‘potius
847 4437 1010 4492 quam
1035 4437 1255 4476 ex’vera
1276 4421 1627 4492 etymologia,
1653 4430 1715 4476 ut
1734 4421 1878 4490 apud

301 4498 467 4570 Syros
494 4507 737 4560 unum.
803 4501 861 4555 In
905 4501 1097 4556 codice
1146 4500 1412 4569 Scaligeri
1465 4509 1521 4554 et
1561 4500 1615 4555 in
1660 4500 1880 4555 duobus

1978 641 2143 689 novo,
2169 639 2269 695 per
2301 624 2656 695 Unigeuitum
2693 626 2893 680 Filium
2922 634 3097 688 tuum,
3126 634 3187 680 ut
3208 624 3563 697 diligeremus

1979 717 2328 779 alterutrum,
2356 716 2499 771 sicut
2526 702 2765 772 dilexisti
2789 733 2891 771 nos
2918 717 3173 788 indignos
3203 726 3261 772 et
3288 727 3559 783 errantes,

1978 806 2290 877 dedistique
2316 807 2516 862 Filium
2551 817 2705 862 tuum
2727 807 2991 885 dilectum
3021 823 3121 877 pro
3146 808 3258 862 vita
3294 817 3351 862 et
3388 809 3563 864 salute

1978 911 2166 956 nostra
2200 919 2213 954 :
2249 916 2506 971 rogamus
2543 910 2618 963 te,
2662 900 2912 965 Domine,
2951 900 3132 956 tribue
3154 900 3315 956 nobis
3346 901 3563 956 famulis

1977 993 2089 1047 tuis
2111 986 2259 1048 amni
2297 1003 2547 1063 tempore
2580 994 2707 1047 vitae
2730 1001 2931 1048 nostrae
2966 1008 3132 1063 super
3158 1002 3381 1057 terram,
3412 1008 3563 1048 nunc

1976 1100 2113 1140 vero
2149 1086 2454 1155 praesertim
2494 1095 2552 1141 et
2580 1087 2878 1157 praecipue,
2908 1088 3150 1143 animum
3183 1093 3563 1148 immemorem

1979 1177 2204 1232 malitiae
2227 1178 2447 1247 prioris,
2469 1180 2862 1233 conscientiam
2885 1194 3101 1250 puram,
3124 1192 3180 1238 et
3204 1185 3566 1255 cogitationes

1978 1271 2241 1336 sinceras,
2293 1272 2568 1341 simulque
2609 1286 2705 1325 cor
2736 1270 2971 1341 diligens
3010 1271 3227 1339 fratres,
3269 1282 3326 1329 ut
3372 1276 3567 1331 demus
3656 1338 3659 1339 ν

1978 1363 2229 1419 osculum
2276 1364 2599 1434 spiritualc,
2639 1362 3019 1434 fugiamusque
3057 1366 3369 1443 exemplum
3412 1366 3567 1423 Iudae

1978 1455 2300 1525 proditoris,
2342 1466 2399 1510 et
2439 1457 2903 1525 quemadmodum
2937 1457 3193 1528 disztipuli
3230 1460 3309 1513 tui
3348 1468 3401 1514 et
3429 1474 3567 1531 apo-

1978 1547 2103 1602 stoli
2124 1548 2322 1611 sancti,
2341 1548 2646 1603 salutemus
2673 1548 2930 1614 invicem,
2958 1557 3013 1604 et
3042 1552 3092 1605 in
3125 1550 3413 1605 sanctitate
3439 1564 3565 1604 san-

1980 1638 2291 1695 ctilicemur
2325 1648 2381 1695 et
2406 1641 2759 1705 mundemur,
2785 1641 3062 1698 mediante
3119 1641 3328 1713 Spiritu
3365 1652 3566 1697 sancto

1979 1740 2095 1797 tuo,
2117 1748 2215 1803 per
2237 1734 2465 1803 gratiam
2499 1734 2766 1805 unigeniti
2800 1733 2922 1788 Filii
2951 1735 3052 1797 tui,
3084 1746 3191 1791 etc.

2301 1848 2677 1904 ANAPilORA
2728 1849 2785 1905 s.
2824 1848 3103 1905 cvntLLt
3146 1848 3219 1919 (6)

2053 1963 2329 2020 Sacerdos.
2367 1966 2633 2021 Dominus
2658 1965 2966 2020 vobiscum.

2057 2056 2311 2129 Populus.
2341 2056 2410 2111 Et
2441 2072 2567 2111 cum
2596 2056 2793 2127 spiritu
2820 2063 2933 2109 tuo.

2052 2147 2329 2203 Sacerdos.
2358 2150 2587 2203 Sursum
2618 2150 2804 2204 corda.

2056 2242 2308 2312 Papulas.
2344 2242 2623 2296 llabcmus
2650 2242 2715 2296 ad
2750 2242 3067 2296 Dominum.

2056 2330 2326 2385 Sacerdos.
2362 2329 2578 2384 Gratias
2602 2346 2828 2400 agamus
2855 2331 3105 2385 Domino.

2057 2422 2307 2493 Papulas.
2344 2423 2577 2492 Dignum
2610 2424 2893 2492 etjustum
2918 2434 3019 2477 est.

2056 2514 2331 2567 Sacerdos.
2388 2514 2619 2583 Dignum
2677 2523 2733 2567 et
2781 2515 2989 2584 justum
3032 2521 3135 2577 est,
3176 2517 3302 2584 quia
3337 2530 3391 2571 tu
3442 2534 3567 2573 vere

1984 2606 2182 2674 dignus
2214 2621 2274 2659 es
2308 2625 2319 2658 :
2360 2607 2568 2675 justum
2603 2613 2658 2659 et
2692 2616 2966 2669 sanctum,
3012 2608 3347 2663 conveniens
3371 2618 3426 2661 et
3467 2626 3567 2664 ne-

1984 2696 2285 2749 cessarium
2327 2696 2637 2760 animabus,
2672 2697 2999 2765 corporibus
3044 2699 3437 2769 spiritibusque
3470 2718 3571 2755 no-

1987 2788 2136 2850 stris,
2169 2798 2371 2841 aeterne
2422 2787 2675 2851 Domine,
2702 2788 2930 2842 Domine
2960 2790 3101 2844 Deus
3125 2790 3284 2844 Pater
3315 2793 3566 2861 omnipo-

1986 2890 2127 2942 tens,
2166 2896 2381 2948 semper
2412 2887 2463 2933 e'
2501 2880 2555 2934 in
2582 2880 2733 2933 omni
2772 2880 2893 2934 loco
2925 2880 3317 2938 dominationis
3355 2894 3481 2949 tute,
3513 2899 3572 2940 ut

1985 2972 2202 3026 laudem
2255 2981 2328 3035 te,
2372 2972 2597 3040 psallam
2652 2972 2770 3035 tibi,
2817 2973 3140 3039 benedicatn
3182 2976 3303 3032 tibi.
3333 2980 3567 3032 serviam

1988 3064 2109 3124 tibi,
2148 3064 2371 3118 adorem
2416 3074 2489 3127 te,
2533 3065 2737 3135 gratias
2768 3081 2922 3135 agam
2957 3066 3077 3129 tibi,
3119 3068 3393 3122 celebrem
3430 3076 3479 3123 te
3516 3083 3561 3125 et

1987 3156 2253 3211 conﬁtear
2299 3157 2397 3210 tibi
2441 3157 2529 3211 die
2568 3174 2632 3211 ac
2662 3168 2845 3219 nocte,
2902 3158 3063 3213 labiis
3111 3158 3571 3220 indesinentibus.

1913 3258 1955 3317 ς
1987 3248 2157 3303 corde
2186 3263 2466 3318 nunquam
2494 3249 2700 3312 silenti,
2734 3259 2789 3303 et
2812 3250 2974 3304 laude
2998 3266 3107 3305 non
3139 3250 3467 3322 interrupta.
3493 3252 3573 3306 Tu

1990 3340 2189 3393 creasti
2220 3339 2388 3393 caelos
2410 3348 2467 3393 ct
2503 3355 2625 3409 qum
2651 3341 2703 3392 in
2729 3340 2884 3395 caelis
2915 3350 3060 3405 sunt,
3093 3350 3294 3396 terram
3319 3352 3373 3397 et
3395 3345 3578 3398 omnia

1992 3446 2115 3499 quae
2155 3429 2209 3483 in
2243 3445 2307 3483 ea
2332 3424 2479 3492 sunt,
2514 3430 2705 3495 maria,
2732 3431 2978 3495 ﬂumina,
3002 3432 3199 3495 fontes,
3236 3442 3293 3487 et
3324 3434 3575 3503 paludes.

1993 3528 2049 3573 et
2091 3534 2434 3589 qua-cunque
2476 3520 2531 3572 in
2581 3520 2664 3572 eis
2687 3527 2835 3574 sunt.
2864 3520 2944 3573 Tu
2969 3522 3169 3576 creasti
3198 3522 3474 3579 hominem
3507 3527 3576 3579 ad

1993 3607 2287 3680 imaginem
2320 3617 2375 3663 et
2402 3600 2822 3663 similitudinem
2867 3620 3037 3674 tuam,
3074 3619 3130 3665 et
3157 3613 3341 3667 otnnia
3379 3614 3579 3668 creasti

1996 3700 2053 3754 in
2078 3699 2345 3769 sapientia
2374 3708 2487 3765 tua,
2515 3702 2568 3755 in
2602 3701 2807 3755 lumine
2830 3712 2925 3759 tuo
2950 3717 3104 3768 vero,
3132 3704 3417 3774 unigenito
3438 3705 3579 3761 Filio

1984 3859 2109 3913 dem
2134 3875 2277 3923 esse,
2303 3876 2366 3914 ac
2394 3876 2515 3913 eam
2543 3876 2665 3929 quae
2686 3860 2887 3930 legitur
2912 3861 2967 3916 in
2994 3861 3158 3916 Marci
3181 3862 3367 3917 Graeca
3389 3863 3575 3919 Litur-

1988 3932 2096 4003 gia,
2144 3931 2248 4003 nisi
2282 3930 2427 3999 quod
2459 3932 2513 4003 in
2547 3933 2648 3985 ista
2679 3932 2835 3999 plura
2856 3944 3157 4003 occurrant
3187 3952 3198 3985 :
3232 3949 3428 4003 nempe
3460 3936 3576 3990 haec

1985 4002 2183 4054 verba:
2210 4001 2308 4073 Cui
2338 4002 2574 4073 paradisi
2597 4018 2804 4071 quoque
2828 4002 3044 4055 delicias
3075 4002 3299 4073 largitus
3335 4001 3411 4067 ei,
3437 4016 3569 4068 etc...

1984 4086 2157 4139 usque
2198 4072 2266 4125 ad
2300 4072 2389 4144 illa
2426 4090 2457 4144 _:_
2504 4070 2851 4144 Qumontnia
2878 4074 3041 4141 fecisti
3074 4070 3572 4144 per'tuamsapieu-

1985 4144 2136 4205 tiaui,
2167 4150 2283 4213 etc.
2340 4142 2839 4213 Reliquagiisdemi
2866 4158 3037 4213 prope
3080 4143 3267 4198 verbis
3312 4142 3573 4212 expressa

1989 4220 2153 4276 sunt;
2188 4212 2289 4266 nisi
2318 4212 2464 4280 quod
2492 4212 2546 4265 in
2572 4211 2757 4267 Graeca
2793 4212 2949 4281 plura
2968 4211 3205 4275 exstant,
3234 4215 3362 4283 quia
3386 4211 3441 4269 in
3462 4216 3571 4269 Co-

1986 4282 2131 4405 Btica
2167 4283 2335 4336 multa
2366 4284 2600 4351 petenda
2635 4283 2993 4352 designantur
3022 4298 3089 4337 ex
3118 4282 3365 4354 Liturgia
3395 4287 3567 4341 sancti

2029 4351 2168 4405 asilii
2191 4392 2207 4405 .
2264 4367 2387 4405 cum
2433 4353 2768 4405 reliquarum
2804 4351 2993 4405 Canon
3023 4362 3128 4405 est.
3168 4356 3236 4405 At
3268 4356 3567 4405 verisimile

2029 4351 2168 4406 asilii
2191 4392 2207 4415 ,
2264 4367 2387 4421 quae
2433 4351 2780 4421 reliquarum
2804 4351 2993 4408 Canon
3023 4362 3128 4408 est.
3168 4356 3236 4407 At
3268 4351 3568 4410 verisimile

1983 4423 2211 4477 omnino
2256 4431 2341 4477 est
2372 4437 2468 4477 eos
2488 4422 2607 4492 '-qui
2631 4421 2805 4488 Marci
2832 4421 3019 4478 Graeca
3054 4425 3351 4479 utebantur
3372 4466 3385 4488 ,
3442 4442 3569 4481 cum

1982 4493 2117 4548 alias
2148 4508 2257 4547 non
2291 4492 2581 4564 haberent,
2620 4493 2711 4546 illa
2740 4493 2861 4564 sola
2893 4508 3020 4547 usos
3043 4510 3186 4557 esse,
3218 4512 3325 4564 qua
3351 4496 3566 4551 ratione

302 4563 485 4639 Regiis
503 4570 761 4639 adjicitur
779 4571 1162 4640 explicationis
1185 4563 1350 4640 causa
1378 4586 1480 4626 vox
1502 4581 1734 4631 riuum-1
1754 4586 1877 4639 qua:
1908 4575 1952 4631 Ι)
1981 4564 2165 4640 Ρ¹ιὲ¹³θε
2192 4572 2321 4616 ³ηιθ
2346 4563 3110 4640 ρεομιιιιξψαοίε,εῖνοιίρηεδ,
3127 4576 3185 4619 et
3210 4563 3568 4640 εκτειμιοηίειε

302 4639 522 4711 proprie
565 4641 739 4711 magis
782 4639 1056 4711 signiﬁcat
1096 4639 1376 4711 spirituale
1428 4659 1448 4696 :
1497 4642 1633 4695 atin
1660 4649 1873 4703 nostro,

301 4710 432 4765 satis
457 4710 677 4781 vetusto
713 4720 771 4765 et
797 4710 1021 4781 optima:
1060 4710 1225 4777 nete,
1268 4711 1637 4767 desideratur.
1677 4711 1876 4765 Mirum

300 4793 452 4852 sane,
476 4794 579 4834 cur
601 4780 866 4835 Maronita
888 4780 1206 4852 oblationem
1231 4783 1627 4852 interpretatus
1646 4782 1719 4837 sit
1742 4782 1879 4835 Ara-

301 4847 478 4922 b_icam
502 4865 720 4922 vocem,
744 4866 869 4921 qua;
885 4849 1207 4922 sacri/icium
1233 4847 1527 4921 significat,
1553 4860 1615 4907 ut
1632 4853 1751 4922 ipsa
1772 4866 1876 4905 vox

300 4918 638 5003 Egyptiaca.
656 4918 797 5003 Cum
815 4937 947 5003 vero
969 4918 1241 5003 adjiciunt
1253 4918 1487 5003 Qoptita:
1507 4922 1643 5003 illud
1655 4918 1781 4977 esse
1796 4922 1879 4975 in-

299 4999 597 5063 cruentum,
630 5001 890 5063 evertunt
915 4990 1110 5047 omnes
1143 4990 1568 5047 Calvinistarum
1601 4994 1875 5063 ipsorum-

301 5074 407 5133 que
454 5061 709 5133 magistri,
732 5063 1024 5133 _argutias,
1058 5064 1409 5133 quisanctos
1434 5061 1635 5119 Patres
1650 5062 1878 5133 vocibus

304 5075 407 5184 que
454 5075 700 5130 magistri
746 5075 1024 5132 argutias,
1058 5078 1154 5133 qui
1190 5075 1409 5118 sanctos
1437 5075 1624 5119 Patres
1650 5075 1878 5117 vocibus

304 5130 318 5183 i
342 5131 555 5212 iisquae
573 5130 845 5214 sacrificio
860 5132 1219 5214 significando
1242 5133 1480 5214 propriae
1501 5143 1649 5214 sunt.
1674 5132 1878 5214 abusus

302 5201 531 5274 nimium
556 5216 679 5256 esse
700 5202 858 5274 dicit,
891 5201 1022 5274 dum
1047 5201 1476 5258 rhetoricatitur.
1514 5204 1640 5259 illos
1671 5203 1877 5274 quippe

302 5270 558 5345 Ecclesia:
572 5272 778 5345 veteris
795 5273 1085 5345 magistros
1100 5274 1267 5345 serio,
1284 5289 1388 5345 nec
1404 5275 1647 5330 oratorie
1664 5270 1879 5345 locutos

304 5341 490 5403 fuisse,
524 5356 633 5396 non
666 5342 765 5397 soli
798 5341 1168 5399 intélleximus
1186 5343 1478 5409 Catholici,
1500 5360 1693 5399 verum
1716 5342 1878 5399 Chri-

303 5412 463 5486 stiani
493 5418 614 5486 _toto
638 5409 866 5486 Oriente
907 5413 1180 5486 dispersi,
1216 5414 1312 5486 qui
1348 5414 1655 5486 doctrinam
1684 5414 1753 5468 de
1779 5429 1876 5486 ve-

227 5482 241 5489 ’
304 5481 462 5555 ritate
492 5481 768 5555 incruenti
795 5481 1075 5549 sacriﬁcii,
1102 5499 1214 5541 non
1236 5481 1404 5555 modo
1428 5485 1485 5541 in
1513 5484 1879 5555 scriptisisuis

305 5551 643 5637 theologicis
672 5564 1196 5637 propugnaverunt,
1405 5551 1646 5637 publicis
1683 5554 1879 5637 ciliciis

306 5624 671 5695 inseruerunt.
692 5624 838 5694 plebi
860 5624 1163 5681 illitterataa
1183 5624 1583 5688 inculcandam,
1606 5640 1728 5695 qua:
1748 5640 1811 5678 su
1822 5625 1881 5677 b-

307 5693 553 5767 tilitatem
582 5702 665 5749 tot
684 5693 1085 5765 sophismatum
1113 5697 1333 5766 assequi
1357 5693 1639 5766 nunquam
1658 5697 1872 5767 potuit‘:

306 5762 347 5816 si
366 5764 587 5837 quando
610 5762 885 5833 cognovit,
922 5781 1045 5821 cum
1072 5762 1305 5837 horrore
1325 5762 1616 5837 aspernata
1643 5762 1746 5819 est.

373 5834 449 5902 (δ)
483 5833 593 5919 [iiii
622 5836 1145 5919 proprie‘loquendo
1172 5838 1371 5919 incipit
1390 5833 1713 5919 'Attaphora,
1756 5835 1874 5889 sive

307 5919 455 5958 sacra
478 5905 646 5969 Adio,
671 5915 725 5958 et
754 5905 953 5961 statim
969 5905 1305 5974 agnoscitur,
1330 5905 1705 5976 praefationem
1726 5920 1874 5962 eam—

1982 4634 2169 4758 hablg,
2186 4647 2319 4756 quae
2345 4633 2399 4686 in
2428 4634 2537 4687 ritu
2561 4631 2937 4688 Alexandrino
2954 4631 3183 4703 Coptico
3205 4636 3567 4691 sumebantur

1982 4719 2047 4758 ex
2154 4721 2197 4758 Si
2225 4718 2367 4757 tana.
2648 4720 2649 4723 η

1978 4719 2047 4758 (‘X
2078 4718 2367 4758 ὕδειηειηδ.
2648 4720 2649 4723 “

2050 4774 2189 4843 Illud
2214 4774 2413 4829 deinde
2441 4772 2991 4830 animadvertendum
3015 4784 3120 4837 est,
3147 4784 3407 4843 tanquam
3430 4774 3563 4830 huic

1978 4853 2036 4898 et
2056 4842 2259 4899 Graecae
2285 4844 2447 4915 Marci
2476 4844 2735 4915 Liturgiae
2762 4846 3073 4915 proprium,
3102 4842 3563 4915 quod’orationes

1979 4930 2083 4984 pro
2131 4914 2391 4969 omnibus
2440 4922 2497 4968 et
2544 4913 2614 4967 de
2643 4913 2905 4971 omnibus
2933 4913 3240 4971 recitantur
3277 4914 3389 4979 hic,
3426 4918 3561 4971 satis

1980 4986 2213 5056 prolixe,
2246 4986 2389 5040 inter
2410 4984 2794 5056 Praefationem
2811 4995 2869 5056 et
2881 4985 3293 5041 conclusionem
3311 4986 3561 5055 ejusdem

2018 5070 2081 5109 er
2127 5056 2388 5126 hymnum
2433 5055 2794 5110 cherubicum
2834 5054 3080 5111 Sanctus.
3138 5056 3195 5110 in
3228 5057 3373 5118 aliis,
3408 5068 3480 5126 ut
3505 5059 3558 5111 in

2018 5072 2081 5109 er
2128 5072 2388 5126 hymnum
2433 5072 2794 5110 eneruntcum
2834 5072 3080 5111 sanctus.
3138 5072 3195 5110 tn
3228 5072 3373 5118 ams,
3419 5072 3480 5113 ut
3505 5074 3558 5111 tn

1979 5072 2272 5208 gasiliana,
2294 5126 2355 5181 ﬁt
2374 5126 2905 5208 omniumnmetnoria
2917 5126 3221 5208 generalis.
3238 5138 3296 5181 ut
3313 5128 3367 5181 in
3383 5125 3559 5207 _Cano-

1980 5212 2049 5251 ne
2092 5196 2341 5252 Romano
2376 5206 2435 5251 et
2468 5196 2592 5251 aliis
2614 5194 3092 5263 Occidentalibus;
3128 5198 3225 5252 sed
3249 5212 3359 5252 non
3381 5198 3557 5253 inter-

1980 5278 2245 5322 seruntur
2272 5266 2579 5337 subjuncta:
2611 5267 2697 5337 vel
2721 5266 3064 5337 interpositae
3088 5267 3423 5323 monitiones
3443 5268 3559 5323 dia—

1981 5354 2270 5419 conorum.
2291 5347 2347 5392 et
2373 5336 2801 5418 acclamationes
2823 5336 2914 5390 τόῦ
2936 5336 3100 5419 Kgrie
3124 5336 3341 5419 εἰσίδοις.
3362 5339 3422 5394 in
3447 5340 3554 5419 ritu

1979 5407 2213 5464 Gothico
2263 5408 2485 5463 nomina
2526 5421 2719 5462 eorum
2777 5423 2878 5479 pro
2911 5407 3115 5478 quibus
3145 5410 3413 5463 orandum
3438 5417 3561 5464 erat.

1980 5480 2358 5535 recitabantur
2381 5489 2507 5534 ante
2530 5493 2743 5548 pacem,
2768 5494 2891 5549 qua:
2912 5479 3257 5549 praecedebat
3280 5479 3564 5536 Praefatio-

1980 5565 2129 5611 nem,
2156 5553 2273 5605 sive
2301 5549 2738 5612 immolationem,
2788 5548 2937 5618 quod
2962 5550 3019 5603 in
3050 5552 3160 5604 ritu
3181 5564 3402 5618 quoque
3426 5548 3554 5607 Gal-

1978 5619 2164 5674 licano
2203 5631 2260 5675 et
2298 5619 2560 5674 Francico
2588 5618 2937 5674 observatur.
2974 5618 3084 5674 Sed
3112 5618 3251 5674 ordo
3283 5621 3385 5674 iste
3413 5619 3552 5675 nihil

1979 5690 2147 5745 habet
2176 5691 2324 5745 unde
2350 5689 2595 5744 accusari
2630 5692 2825 5745 merito
2850 5690 3043 5760 possit,
3079 5704 3204 5760 cum
3230 5705 3385 5746 sacra
3409 5690 3553 5745 actio

1981 5762 2090 5814 illis
2109 5760 2527 5833 precationibus
2544 5761 2853 5833 interrupta
2875 5776 2987 5833 non
3004 5762 3096 5815 sit.
3122 5759 3557 5833 Sequiturhyin-

1980 5847 2085 5886 nus
2109 5828 2471 5887 cherubicus.
2503 5829 2596 5884 cui
2625 5828 2832 5885 dicitur
2857 5839 2917 5885 ut
2946 5830 3003 5885 in
3032 5828 3292 5886 omnibus
3312 5828 3558 5887 aliis'Ec-

1979 5902 2183 5957 clesiis.
