4170 6330
613 394 750 450 1135

1837 393 2162 452 LITUHGIA
2201 391 2256 444 S.
2296 387 2588 445 CYRILLI.

3718 391 3850 448 ιεθε

610 523 724 576 tuo,
760 510 1010 575 Domino,
1037 511 1169 575 Deo,
1216 510 1495 565 Salvatore
1538 521 1593 565 et
1645 512 1790 579 Rege
1841 523 2030 567 nostro
2051 510 2179 568 Jesu
2210 514 2254 568 Α
2284 522 2477 563 sumus
2505 508 2598 579 qui
2643 521 2741 576 pro
2788 508 2962 561 beatis
2994 507 3104 562 illis
3132 508 3502 577 supplicemns
3532 525 3546 560 ι
3572 507 3665 562 sed
3706 523 3846 577 quo-

607 602 828 659 Cbrlsto
857 621 868 655 :
912 613 1135 674 propter
1169 602 1315 674 quod
1360 603 1561 674 gratias
1590 606 1802 674 agimus
1831 604 1932 660 tibi
1959 613 2016 660 et
2046 604 2177 659 oﬁ'e-

612 696 784 752 rimus
817 696 938 762 tibi,
974 696 1133 767 eique
1161 696 1321 750 simul
1344 703 1400 751 et
1423 695 1652 767 Spiritui
1676 707 1885 762 sancto,
1923 694 2176 752 Trinitati

611 791 829 845 sanctae,
855 783 1299 838 consubstantiin
1328 791 1383 837 et
1412 782 1677 846 indivisa,
1714 782 1818 837 hoc
1847 782 2178 838 sacriﬁcium

611 873 934 929 rationabile
970 885 1026 928 et
1060 874 1164 928 hoc
1208 875 1571 930 ministerium
1611 875 1984 938 incruentum,
2032 872 2177 944 quod

609 965 850 1022 oﬂ'erunt
887 966 987 1021 tibi
1023 981 1215 1022 omnes
1265 967 1454 1038 papuli
1500 967 1570 1021 ab
1605 976 1731 1021 ortu
1759 966 1891 1022 solis
1915 981 2086 1035 usque
2109 965 2177 1018 ad

609 1072 881 1122 occasum,
919 1073 950 1112 a
987 1060 1358 1129 septentrione
1397 1059 1462 1114 ad
1494 1066 1764 1124 austrum,
1801 1059 1930 1129 quia
1977 1072 2176 1111 nomen

607 1159 797 1215 tuum,
848 1150 1098 1220 Domine,
1139 1167 1393 1222 magnum
1427 1160 1513 1206 est
1551 1152 1606 1206 in
1646 1151 1902 1206 omnibus
1925 1148 2179 1220 gentibus

604 1252 663 1298 et
695 1242 750 1298 in
779 1243 929 1298 omni
961 1243 1084 1298 loco
1120 1243 1358 1298 oﬁ‘erunt
1387 1244 1676 1299 incensum
1704 1242 1912 1298 nomini
1937 1249 2032 1294 tuo
2054 1256 2178 1295 san-

608 1343 718 1400 cto,
738 1344 796 1391 et
820 1335 1154 1392 sacriﬁcium
1180 1352 1406 1406 purum,
1437 1337 1600 1391 simul
1627 1351 1752 1391 cum
1778 1335 1882 1389 hoc
1909 1331 2178 1388 sacriﬁcio

603 1435 661 1481 et
689 1427 792 1482 hac
823 1428 1121 1482 oblatione.

674 1519 925 1579 Sacerdos
949 1522 1132 1591 accipit
1168 1521 1488 1574 thuribulum
1524 1528 1573 1573 et
1611 1517 1782 1572 adolet
1817 1522 2104 1574 incensum.

677 1610 928 1676 Domine,
969 1612 1242 1666 miserere.
1301 1610 1572 1680 Rogamus
1602 1620 1658 1664 et
1690 1610 2044 1665 obsecramus
2079 1612 2176 1666 bo-

607 1703 834 1760 nitatem
860 1713 1028 1766 tuam,
1063 1711 1273 1756 amator
1293 1701 1596 1756 hominum.
1627 1701 1918 1765 Memento,
1951 1703 2177 1758 Domine

607 1796 757 1866 pacis
806 1795 1002 1856 unius,
1037 1793 1233 1856 unicae,
1276 1802 1499 1858 sanctae,
1531 1792 1835 1857 catholica,
1883 1804 1939 1849 et
1958 1803 2175 1865 aposto-

606 1885 725 1940 lien
745 1884 1022 1940 Ecclesiae.

674 1975 959 2030 Diaconus.
999 1975 1162 2032 Orate
1200 1991 1299 2046 pro
1326 1993 1458 2047 pace
1496 1978 1676 2040 unius,
1715 1987 1934 2040 sanctae,
1979 1977 2171 2032 catho-

600 2069 720 2125 licae
748 2079 805 2124 et
829 2069 1138 2140 apostolica:
1172 2069 1445 2132 Ecclesiae,
1479 2084 1579 2138 pro
1610 2069 1786 2124 salute
1823 2068 2170 2138 populorum,

599 2170 657 2216 et
707 2161 1001 2216 securitate
1048 2160 1423 2231 cujuscunque
1468 2161 1596 2222 loci,
1637 2167 1696 2215 et
1734 2168 1794 2212 ut
1821 2159 2171 2216 dimittantur

602 2253 763 2310 nobis
796 2263 1017 2324 peccata
1045 2263 1252 2309 nostra.

669 2342 943 2400 Sacerdos.
975 2344 1106 2411 Quae
1131 2350 1217 2400 est
1259 2359 1290 2398 a
1329 2343 1533 2398 ﬁnibus
1565 2343 1632 2398 ad
1661 2343 1796 2400 ﬁnes
1819 2351 2000 2406 terra,
2035 2351 2168 2408 etc.,

599 2446 656 2493 ut
687 2437 744 2490 in
781 2435 939 2490 Missa
973 2434 1183 2490 Basilii.

669 2529 919 2592 Domine,
947 2525 1226 2580 miserere.
1254 2524 1504 2580 lnﬁrmos
1526 2523 1713 2594 populi
1740 2524 1818 2578 tui
1841 2538 1990 2578 sana.

670 2619 953 2674 Diaconus.
981 2615 1146 2672 Orate
1174 2632 1275 2686 pro
1296 2615 1545 2686 patribus
1567 2624 1624 2671 et
1661 2614 1925 2670 fratribus
1943 2613 2165 2668 nostris.

668 2709 943 2767 Sacerdos.
981 2708 1152 2765 Visita
1179 2721 1276 2762 eos
1296 2707 1353 2761 in
1375 2705 1770 2761 misericordia.
1795 2704 1863 2760 Et
1899 2703 2168 2774 perﬁcitur

596 2816 662 2857 es
695 2801 935 2856 oratione
969 2799 1166 2853 incensi
1201 2796 1432 2851 diluculo
1471 2797 1590 2851 diei.
1633 2797 1821 2852 Patres
1861 2796 2168 2866 fratresque

596 2897 816 2945 nostros
833 2901 1059 2958 peregre
1080 2884 1370 2957 profectos.

665 2978 954 3034 Diaconus.
981 2976 1144 3032 Orate
1167 2992 1267 3047 pro
1290 2975 1558 3047 patribus,
1577 2974 1946 3046 fratribusque
1969 2974 2169 3029 nostris

596 3085 827 3144 peregre
866 3068 1143 3134 profectis.

667 3159 942 3218 Sacerdos.
971 3161 1037 3216 Et
1064 3175 1162 3230 pro
1188 3160 1297 3215 illis
1323 3159 1418 3230 qui
1441 3158 1869 3230 designaverunt
1888 3159 1955 3213 ad
1977 3173 2166 3229 quem-

597 3267 814 3324 cunque
852 3253 1030 3308 locum
1055 3250 1349 3322 proﬁcisci,
1401 3258 1512 3306 etc.
1554 3250 1836 3318 Per/icitur
1875 3268 1938 3304 ea:
1983 3251 2166 3304 eadem

595 3344 833 3399 oratione
873 3343 1091 3397 incensi.
1130 3340 1397 3395 Serenum
1427 3353 1483 3395 et
1507 3341 1780 3396 salubrem
1811 3349 2027 3410 praesta,
2056 3340 2164 3393 Do-

597 3433 767 3498 mine,
791 3447 970 3488 aerem
995 3431 1142 3497 caeli,
1169 3441 1228 3486 et
1249 3429 1524 3486 fructibus
1548 3435 1707 3484 terra:
1736 3429 1986 3484 benedic.

664 3525 946 3582 Diaconus.
975 3524 1137 3580 Orate
1159 3541 1259 3596 pro
1282 3539 1407 3579 aere
1443 3522 1568 3579 coeli
1605 3529 1662 3576 et
1695 3522 1985 3577 fructibus.

666 3616 941 3674 Sacerdos.
979 3616 1084 3670 Fac
1117 3625 1178 3670 ut
1215 3623 1465 3670 crescant
1498 3614 1653 3685 juxta
1692 3613 1953 3668 virtutem
1987 3629 2160 3669 suam.

601 3708 665 3765 Ut
689 3710 747 3764 in
770 3706 933 3763 Hissa
964 3707 1171 3762 Basilii.

662 3799 915 3864 Domine,
943 3798 1204 3855 miserere
1240 3797 1388 3867 regis
1423 3805 1581 3852 terra:
1606 3794 1794 3849 famuli
1825 3797 1924 3849 tui.

662 3891 946 3947 Diaconus.
982 3889 1145 3946 Orate
1169 3899 1230 3944 ut
1259 3887 1513 3944 Christus
1539 3888 1685 3942 Deus
1709 3895 1914 3951 noster,
1947 3895 2054 3940 etc.

662 3981 941 4040 Sacerdos.
978 3981 1254 4036 Conserva
1295 3979 1448 4034 illum
1490 3981 1545 4033 in
1587 3992 1721 4050 pace
1743 3985 1799 4031 et
1837 3977 2070 4048 justitia,
2105 3985 2160 4031 et

593 4078 860 4153 potentia,
892 4084 954 4130 ut
977 4073 1340 4143 subjiciantur
1362 4071 1441 4126 illi
1459 4085 1649 4125 omnes
1672 4069 1912 4133 barbari,
1942 4078 1997 4122 et
2023 4084 2155 4140 gen-

593 4184 678 4230 tes
707 4187 828 4245 quaa
874 4169 1015 4225 bella
1057 4166 1249 4221 volunt
1286 4185 1297 4217 :
1331 4165 1400 4220 da
1445 4163 1605 4219 nobis
1631 4164 1900 4220 bonorum
1929 4162 2155 4218 allluen-

592 4263 720 4320 tiam
753 4279 766 4315 :
810 4260 1035 4329 loquere
1075 4257 1141 4312 ad
1181 4271 1276 4311 cor
1319 4257 1467 4325 ejus,
1515 4271 1613 4326 pro
1647 4270 1777 4325 pace
1820 4255 1993 4309 unica:
2027 4264 2153 4318 tuae,

589 4352 873 4411 catholica:
896 4358 952 4405 et
973 4347 1283 4419 apostolica:
1311 4346 1572 4403 Ecclesiae
1614 4363 1624 4398 :
1663 4345 1746 4401 fac
1769 4355 1829 4400 ut
1863 4348 2065 4416 cogitet
2092 4362 2156 4400 ea

587 4458 710 4517 qua:
733 4441 884 4514 pacis
909 4448 1056 4503 sunt,
1085 4453 1212 4508 erga
1248 4452 1348 4491 nos
1382 4446 1437 4490 et
1467 4441 1594 4506 erga
1622 4451 1819 4490 nomen
1854 4445 2006 4489 tuum
2034 4451 2157 4490 san—

2281 598 2429 654 niam
2466 599 2544 653 illi
2585 607 2734 653 stant
2768 613 2951 652 coram
2993 598 3133 653 solio
3163 598 3284 652 Filii
3325 598 3401 652 tui
3429 597 3718 668 unigeniti,
3744 599 3847 669 ipsi

2281 691 2626 747 intercedant
2665 691 2786 747 loco
2827 701 3016 744 nostro
3041 705 3140 760 pro
3177 700 3500 760 paupertate
3534 699 3590 745 et
3616 688 3843 744 inﬁrmi-

2278 794 2391 840 tate
2420 796 2625 840 nostra.
2655 783 2880 839 Dimitte
2899 781 3221 850 iniquitates
3237 790 3475 844 nostras,
3503 788 3730 852 propter
3748 779 3844 834 de-

2278 879 2624 948 precationes
2657 893 2870 943 eorum,
2903 885 2959 932 et
2997 886 3223 946 propter
3254 891 3457 930 nomen
3489 886 3643 928 tuum
3673 873 3838 929 bene-

2278 970 2484 1023 dictum
2516 971 2663 1040 quod
2699 971 3006 1026 invocatum
3037 976 3122 1022 est
3149 982 3314 1037 super
3337 982 3457 1022 nos.

2347 1063 2631 1117 Diaconus.
2659 1063 2824 1120 Orate
2851 1077 2952 1134 pro
2982 1060 3256 1123 Patribus,
3281 1067 3388 1116 etc.

2348 1154 2625 1210 Sacerdos.
2666 1156 2957 1220 Memento,
2991 1154 3239 1218 Domine,
3277 1152 3500 1207 Patrum
3533 1160 3843 1207 nostrorum

2277 1247 2712 1302 orthodoxorum
2751 1246 3289 1317 archiepiscoporum
3316 1285 3329 1308 ,
3377 1259 3614 1314 quorum
3664 1242 3846 1298 obitus

2279 1339 2579 1410 pracessit,
2605 1353 2796 1393 eorum
2814 1339 2907 1409 qui
2923 1338 3152 1392 verbum
3172 1334 3424 1389 veritatis
3444 1343 3594 1389 recte
3619 1333 3842 1410 dispen-

2279 1439 2557 1494 saverunt,
2590 1441 2648 1484 et
2691 1430 2759 1484 da
2787 1430 2949 1484 nobis
2977 1439 3186 1500 partem
3220 1437 3275 1482 et
3303 1426 3684 1482 hereditatem
3719 1440 3845 1480 cum

2277 1524 2375 1578 eis.
2414 1523 2625 1578 Rursus
2645 1537 2840 1578 eorum
2884 1531 3160 1577 memento
3182 1536 3415 1592 quorum
3443 1518 3609 1574 hodie
3635 1532 3845 1572 memo-

2280 1614 2414 1668 riam
2439 1614 2688 1670 facimus.
3539 1605 3541 1607 l

2349 1705 2604 1762 Sacerdos
2640 1716 2754 1778 post
2785 1708 3048 1778 diptgcha.
3087 1707 3154 1762 Et
3185 1706 3430 1771 illorum,
3465 1703 3845 1772 omniumque,

2278 1798 2526 1864 Domine,
2553 1815 2786 1870 quorum
2816 1799 3036 1854 nomina
3061 1798 3372 1862 recitamus,
3393 1806 3450 1852 et
3470 1811 3706 1867 quorum
3735 1809 3846 1849 non

2202 1864 2251 1924 Β
2280 1864 2624 1946 ιθςὶῑωιιιιέε
2661 1906 2799 1961 quos
2844 1891 3221 1961 unusquisque
3267 1864 3520 1944 nostrum
3567 1889 3624 1942 in
3665 1895 3846 1941 mente

2277 1981 2462 2045 habet,
2497 1990 2553 2036 et
2583 1996 2777 2035 eorum
2798 1996 3031 2052 quorum
3060 1980 3323 2036 memoria
3343 1995 3454 2034 non
3475 1978 3716 2034 occurrit
3742 1992 3844 2031 no-

2274 2071 2379 2135 b'is,
2408 2073 2502 2142 qui
2559 2072 2906 2128 dormierunt
2940 2082 2996 2128 et
3037 2073 3364 2143 quieverunt
3391 2072 3447 2125 in
3475 2069 3581 2125 ﬁde
3616 2068 3843 2125 Christi.

2273 2162 2526 2233 Dignare,
2565 2163 2814 2229 Domine,
2866 2171 3123 2234 praestare
3151 2169 3211 2217 ut
3261 2161 3610 2233 requiescant
3649 2158 3846 2213 animae

2275 2253 2495 2308 illorum
2534 2269 2726 2310 omnes
2769 2254 2826 2308 in
2871 2255 2996 2309 sinu
3036 2263 3251 2324 patrum
3287 2262 3605 2308 nostrorum
3629 2259 3845 2307 sancto-

2275 2360 2394 2399 rum
2420 2345 2715 2410 Abraham,
2754 2345 2902 2401 lsaac
2921 2355 2976 2401 et
2996 2345 3185 2411 Jacob,
3207 2354 3312 2401 etc.

2344 2435 2592 2501 Domine,
2615 2438 2894 2492 miserere.

2340 2526 2616 2583 Sacerdos.
2664 2529 2961 2595 Sacriﬁcia,
3005 2530 3418 2600 oblationesque
3457 2530 3513 2584 in
3544 2527 3844 2600 gratiarum

2271 2620 2539 2675 actionem
2566 2663 2580 2686 ,
2623 2638 2815 2678 eorum
2851 2624 2945 2694 qui
2991 2623 3232 2678 offerunt
3278 2623 3495 2679 laudem
3531 2631 3589 2677 et
3616 2620 3844 2693 gloriam

2269 2713 2479 2766 nomini
2504 2722 2598 2767 tuo
2620 2723 2830 2768 sancto.

2339 2806 2626 2860 Diaconas.
2659 2804 2821 2861 Orate
2854 2820 2954 2877 pro
2987 2806 3097 2861 illis
3119 2806 3212 2876 qui
3241 2805 3308 2860 de
3350 2821 3451 2860 suo
3490 2801 3762 2860 sacriﬁcia
3784 2808 3844 2860 et

2268 2897 2574 2953 oblationes
2593 2897 2859 2953 fecerunt.

2339 2988 2612 3042 Sacerdos.
2633 2988 2861 3059 Suscipe
2883 3003 2946 3043 ea
2970 3003 3137 3060 super
3158 2989 3329 3043 altare
3349 2998 3506 3043 tuum
3529 2986 3838 3059 spirituale,

2268 3080 2510 3143 cmleste,
2531 3093 2656 3133 cum
2678 3078 2849 3134 odore
2873 3079 3073 3144 thuris,
3093 3078 3161 3133 ad
3189 3079 3530 3149 maiestatem
3563 3087 3714 3132 tuam
3729 3091 3842 3132 cm-

2267 3169 2481 3231 lestem,
2516 3185 2616 3238 per
2654 3168 3020 3223 ministerium
3070 3170 3410 3239 angelorum,
3443 3177 3501 3224 et
3543 3168 3841 3238 archange-

2267 3259 2447 3313 lorum
2490 3267 2712 3312 tuorum
2764 3266 3114 3322 sanctorum,
3159 3257 3304 3311 sicut
3342 3256 3408 3310 ad
3458 3265 3510 3311 te
3548 3253 3840 3324 suscepisti

2265 3363 2495 3403 munera
2513 3348 2648 3418 justi
2673 3347 2830 3411 Abel,
2847 3355 2902 3401 et
2924 3345 3254 3402 sacriﬁcium
3286 3345 3459 3415 patris
3478 3344 3654 3398 nostri
3670 3343 3843 3399 Abra-

2265 3440 2433 3501 hami,
2460 3449 2516 3494 et
2539 3439 2750 3493 minuta
2775 3438 2882 3493 duo
2904 3438 3103 3492 viduas.
3135 3437 3212 3490 lta
3240 3449 3462 3506 quoque
3497 3444 3626 3490 vota
3655 3449 3845 3490 servo-

2265 3547 2385 3587 rum
2413 3544 2635 3587 tuorum
2656 3538 2878 3601 accepta
2897 3529 3037 3585 habe
3059 3548 3076 3582 ι
3092 3530 3205 3584 sive
3232 3529 3490 3592 multum,
3508 3529 3625 3583 sive
3645 3541 3841 3598 parum

2265 3626 2373 3689 sit;
2419 3634 2635 3680 secreto
2675 3632 2771 3678 aut
2818 3622 3142 3687 manifeste;
3192 3630 3249 3675 et
3289 3620 3399 3675 illis
3421 3620 3518 3690 qui
3545 3620 3844 3674 voluerunt

2265 3713 2485 3776 offerre,
2510 3729 2612 3768 nec
2639 3713 2783 3768 unde
2818 3713 3064 3767 facerent
3086 3711 3402 3765 habuerunt
3429 3727 3441 3762 :
3469 3708 3715 3764 utetiam
3735 3707 3843 3762 illis

2263 3804 2356 3875 qui
2397 3804 2562 3858 hodie
2600 3804 2716 3860 haec
2758 3803 2857 3857 tibi
2894 3817 3124 3856 munera
3161 3801 3501 3864 obtulerunt,
3543 3799 3612 3853 da
3656 3799 3842 3855 incor-

2264 3896 2542 3966 ruptibilia
2585 3911 2684 3965 pro
2717 3893 3169 3964 corruptibilibus
3202 3910 3215 3944 :
3242 3891 3486 3947 scelestis
3518 3904 3623 3960 pro
3664 3897 3840 3944 terre-

2263 3987 2346 4040 nis
2380 4004 2392 4038 :
2435 3994 2640 4040 aeterna
2685 4000 2783 4055 pro
2819 3983 3212 4055 temporalibus
3261 3983 3504 4037 :domos
3550 3994 3745 4035 eorum
3784 3988 3842 4034 et

2261 4078 2427 4133 cellas
2461 4076 2753 4146 penuarias
2793 4077 2942 4146 reple
3005 4075 3166 4130 bonis
3214 4073 3493 4128 omnibus.
3543 4070 3838 4129 Circumda

2258 4183 2374 4231 eos,
2421 4167 2669 4232 Domine,
2715 4174 2983 4237 potestate
3032 4165 3351 4236 angelorum
3385 4173 3443 4219 et
3473 4162 3838 4233 archangelo-

2260 4272 2378 4310 rum
2412 4266 2630 4311 tuorum
2670 4267 2985 4313 sanctorum
3015 4276 3026 4311 :
3051 4265 3110 4312 et
3141 4258 3284 4311 sicut
3308 4271 3581 4311 memores
3611 4255 3847 4312 fuerunt.

2259 4349 2498 4403 nominis
2527 4350 2606 4404 tui
2642 4351 2815 4406 sancti
2843 4365 3012 4421 super
3039 4358 3259 4414 terram,
3297 4360 3578 4404 memento
3612 4349 3836 4404 illorum

2258 4441 2313 4494 in
2337 4456 2506 4510 regno
2532 4450 2646 4504 tuo,
2674 4451 2730 4496 et
2762 4441 2818 4495 in
2844 4441 2948 4494 hoc
2980 4439 3179 4493 saeculo
3201 4454 3270 4493 ne
3294 4439 3653 4510 derelinquas
3682 4454 3800 4496 eos.

582 4543 760 4599 etum,
788 4541 849 4588 ut
874 4532 1041 4586 vitam
1078 4529 1428 4598 tranquillam
1462 4538 1518 4582 et
1543 4528 1812 4598 placidam
1843 4527 2107 4581 ducamus
2139 4546 2150 4580 :
2186 4543 2230 4599 ι)
2326 4533 2578 4596 Domine,
2605 4533 2890 4587 miserere,

589 4637 750 4700 atque
773 4626 827 4680 in
851 4625 1000 4679 omni
1026 4622 1225 4693 pietate
1258 4628 1314 4675 et
1344 4621 1627 4677 honestate
1652 4619 1957 4676 confirmati
1997 4620 2150 4674 inve-

591 4719 806 4773 niamur
831 4713 974 4785 apud
1011 4722 1081 4768 te.

657 4807 904 4869 Domine,
928 4806 1208 4860 miserere.
1236 4802 1490 4858 Patribus
1517 4801 1891 4871 fratribusque
1925 4799 2147 4862 nostris,

588 4901 684 4975 qui
741 4899 1177 4961 obdormierunt,
1203 4905 1260 4951 et
1299 4910 1530 4965 quorum
1585 4895 1792 4948 animas
1837 4891 2147 4960 suscepisti,

587 4995 829 5066 quietem
850 5001 1060 5061 praesta.
1089 4991 1358 5046 Memento
1378 4989 1542 5042 etiam
1565 4986 1809 5041 omnium
1834 4994 2146 5039 sanctorum

588 5087 681 5159 qui
717 5101 748 5139 a
781 5083 975 5138 saeculo
1013 5082 1113 5137 tibi
1157 5081 1516 5151 placuerunt,
1560 5078 1782 5132 Patrum
1834 5085 2146 5130 nostrorum

588 5189 921 5237 sanctorum,
961 5173 1417 5245 patriarcharum.
1463 5169 1874 5240 praphetarum,
1927 5174 2146 5235 aposto-

585 5267 793 5329 lorum,
841 5264 1327 5334 evangelistarum,
1372 5271 1702 5330 martyrum,
1746 5257 2145 5322 conl‘essorum,

584 5354 1024 5427 praedicatorum,
1057 5363 1112 5407 et
1153 5353 1396 5406 omnium
1431 5351 1719 5421 spirituum
1755 5349 2026 5416 juStorum
2053 5351 2145 5418 qui

585 5452 641 5505 in
687 5449 792 5503 ﬁde
839 5447 1066 5516 perfecti
1111 5445 1358 5510 fuerunt;
1409 5443 1679 5514 praicipue
1723 5448 1906 5494 autem
1947 5452 2147 5496 sancta:

583 5537 979 5607 gloriosissimas
1012 5537 1274 5606 Deiparze,
1319 5548 1534 5602 semper
1592 5530 1850 5600 Virginis,
1899 5546 2049 5600 purze
2092 5540 2146 5584 et

585 5630 804 5684 illibata:
833 5639 1029 5683 sanctae
1052 5627 1248 5688 Mariae.
1275 5633 1376 5680 etc.
1402 5624 1485 5678 Ex
1507 5623 1666 5677 Missa
1698 5622 1907 5684 Basilii,
1939 5632 1993 5675 et
2017 5638 2139 5675 om—

584 5722 666 5775 nis
694 5722 844 5773 chori
871 5730 1183 5773 sanctorum
1212 5727 1450 5769 tuorum.

649 5812 916 5865 Sacerdos.
957 5811 1092 5863 Tono
1128 5809 1260 5862 Jobi.
1303 5808 1362 5863 Et
1408 5823 1522 5871 nos,
1569 5807 1814 5862 Domine.
1847 5822 1994 5874 mgm
2031 5822 2139 5858 non

2324 4623 2608 4679 Diaconus.
2641 4624 2805 4678 Orate
2829 4639 2927 4693 pro
2958 4624 3068 4677 vita
3098 4633 3156 4677 et
3182 4621 3569 4678 incolumitate
3592 4623 3834 4694 patriar-

2253 4713 2370 4769 cha:
2394 4721 2451 4767 et
2479 4713 2656 4768 Patris
2692 4713 2861 4767 nostri
2890 4711 3246 4776 venerabilis,
3284 4711 3694 4783 archiepiscopi
3727 4712 3833 4769 Pa-

2253 4804 2351 4858 tris
2377 4802 2440 4856 N.
2473 4810 2533 4855 ut.
2553 4801 2807 4856 Christus
2829 4801 2971 4855 Deus
2995 4811 3183 4855 noster
3205 4812 3494 4856 conservet
3511 4800 3686 4857 vitam
3714 4800 3836 4872 ejus

2252 4895 2317 4949 ad
2345 4894 2546 4947 multos
2568 4908 2760 4962 annos,
2786 4908 2850 4947 ac
2881 4891 3222 4961 temporibus
3247 4891 3586 4961 tranquillis.

2323 4981 2593 5037 Sacerdos.
2627 4983 2999 5037 Patriarcham
3032 4992 3286 5037 nostrum
3310 4982 3688 5039 venerabilem
3728 4985 3831 5042 Pa-

2253 5087 2387 5131 trem
2411 5075 2563 5129 Anba
2587 5076 2650 5128 Ν.
2677 5073 3035 5128 custodiendo
3061 5088 3327 5129 conserva
3349 5073 3512 5128 nobis
3531 5074 3602 5129 ad
3624 5077 3832 5131 multos

2250 5177 2443 5225 annos,
2479 5173 2533 5217 et
2559 5179 2656 5233 per
2683 5162 2969 5231 tranquilla
2997 5171 3264 5231 tempora,
3293 5171 3353 5216 ut
3373 5162 3674 5232 adimpleat
3698 5181 3829 5236 per-

2249 5257 2388 5312 fecte
2411 5255 2647 5309 oﬁicium
2672 5255 2843 5309 sancti
2866 5253 3216 5324 pontiﬁcatus
3240 5253 3336 5324 qui
3364 5255 3491 5310 illia
3519 5263 3572 5310 te
3594 5257 3829 5313 collatus

2249 5357 2351 5410 est,
2373 5348 2676 5402 secundum
2697 5347 3034 5402 voluntatem
3056 5355 3204 5399 tuam
3231 5357 3476 5401 sanctam
3499 5356 3556 5401 et
3584 5348 3824 5410 beatam,

2250 5447 2397 5494 recte
2437 5440 2759 5507 dispensans
2786 5437 3012 5491 verbum
3055 5437 3322 5500 veritatis,
3357 5445 3414 5492 et
3451 5453 3690 5507 pascens
3725 5456 3826 5510 po-

2248 5529 2436 5599 pulum
2477 5539 2629 5580 tuum
2670 5530 2724 5581 in
2772 5526 3060 5581 sanctitate
3089 5535 3145 5580 et
3180 5527 3412 5595 justitia.
3453 5527 3714 5584 Concede
3749 5530 3827 5585 illi

2246 5633 2301 5676 et
2330 5620 2490 5674 nobis
2517 5635 2706 5690 pacem
2731 5619 3039 5672 et'salutem
3067 5633 3133 5671 ex
3178 5633 3510 5688 quacunque
3546 5632 3705 5690 parte
3733 5640 3744 5674 :
3773 5632 3828 5678 et

2247 5727 2439 5783 preces
2469 5712 2588 5778 ejus
2621 5726 2759 5780 quas
2798 5710 2928 5763 facit
2960 5725 3059 5778 pro
3095 5709 3255 5763 nobis
3290 5721 3346 5762 et
3386 5727 3486 5781 pro
3531 5713 3683 5766 omni
3724 5728 3825 5782 po—

2249 5803 2376 5878 pulo
2403 5812 2514 5866 tuo,
2544 5812 2597 5854 ut
2630 5818 2720 5854 cas
2745 5818 2863 5870 qum
2895 5817 2993 5870 pro
3017 5802 3108 5854 illo
3145 5817 3171 5855 ιι
3211 5802 3370 5857 nobis
3417 5803 3575 5866 ﬁunt,
3611 5808 3828 5876 suscipe
