4098 6344
330 378 434 441 δυ

1590 382 1920 440 LITURGIA
1960 381 2020 438 S.
2059 381 2360 438 CYRILLI.

3471 381 3610 441 εισι

322 517 423 563 eas
451 502 519 559 ad
567 511 618 557 te
652 519 818 572 super
848 512 1017 560 altare
1063 515 1216 561 tuum
1265 507 1616 571 rationabile,
1658 508 1906 569 caeleste,
1939 508 1986 563 Α
2088 503 2365 560 Sacerdos.
2401 503 2548 572 Quas
2589 504 2878 559 oderimus
2909 503 3029 567 tibi,
3061 503 3280 560 Christe
3330 504 3474 558 Deus
3508 519 3610 560 no-

323 608 454 650 cum
492 591 662 648 odore
715 594 913 649 thuris.
952 596 1211 653 Inimicos
1261 613 1481 667 quoque
1522 598 1644 667 ejus
1680 612 1875 651 omnes
1898 593 1938 659 ,'

323 681 571 744 visibiles
589 691 647 737 et
672 682 999 751 invisibiles,
1022 696 1250 742 contere
1272 688 1531 759 etdejice
1556 688 1659 742 sub
1679 686 1914 757 pedibus

319 776 447 847 ejus
476 775 744 832 veloc'ter
780 796 791 830 :
833 778 988 833 illum
1028 794 1266 849 quoque
1289 795 1569 838 conserva.
1593 780 1649 834 in
1683 796 1816 848 pace
1858 790 1915 834 et

314 866 558 937 justitia,
583 867 638 922 in
666 869 912 925 Ecclesia
933 879 1025 924 tua
1057 881 1267 925 sancta.

396 957 648 1025 Domine,
685 960 972 1019 miserere.

396 1047 682 1104 Diaconus.
727 1050 891 1106 Orate
940 1068 1040 1122 pro
1091 1054 1348 1109 Patribus
1387 1057 1592 1111 nostris
1642 1056 1919 1126 episc0pis

321 1140 643 1211 ubicunque
669 1144 799 1208 sint,
837 1152 897 1197 ut
934 1143 1188 1199 Christus
1222 1147 1369 1202 Deus
1404 1156 1594 1202 noster
1625 1157 1916 1203 conservet

320 1233 492 1288 vitam
522 1249 738 1300 eorum,
782 1235 849 1290 ad
883 1238 1089 1291 multos
1124 1254 1319 1303 annos,
1356 1255 1454 1309 per
1485 1249 1735 1309 tempora
1763 1249 1913 1295 tran-

321 1328 518 1397 quilla,
544 1337 600 1384 et
633 1338 820 1398 parcat
845 1330 1028 1384 nobis.

392 1418 671 1475 Sacerdos.
697 1423 992 1488 Memento,
1027 1425 1282 1488 Domine,
1311 1427 1702 1498 episc0porum
1725 1430 1917 1484 ortho-

321 1509 596 1567 doxorum
622 1513 676 1566 in
705 1530 1038 1586 quocunque
1077 1517 1200 1572 loco
1223 1518 1333 1572 sint
1361 1537 1373 1571 :
1401 1520 1776 1585 sacerdotum,
1798 1521 1917 1576 dia-

323 1616 591 1658 conorum
615 1644 628 1667 ,
679 1605 1146 1663 subdiaconorum
1169 1651 1182 1673 ,
1231 1611 1501 1665 lectorum
1530 1652 1543 1672 ,
1599 1619 1911 1678 cantorum,

319 1694 745 1755 uordsurum.
791 1700 1216 1764 monachorum,
1249 1701 1551 1771 virginum,
1598 1703 1911 1768 viduarum,

321 1785 696 1855 orphanorum
727 1830 741 1852 ,
777 1791 1178 1846 continentiam
1214 1795 1616 1859 exercentium,
1653 1804 1709 1850 et
1746 1797 1917 1851 laico-

318 1892 446 1931 :um
479 1895 490 1930 :
535 1877 754 1934 illorum
792 1884 887 1950 qui
920 1883 1273 1939 matrimonio
1308 1881 1485 1955 ju'ncti
1527 1898 1675 1952 sunt,
1709 1897 1764 1944 et
1805 1889 1914 1943 illis
1948 1859 1989 1915 Β

315 1970 413 2038 qui
448 1970 689 2026 educant
720 1971 897 2027 ﬁlios:
926 1975 1021 2043 qui
1056 1975 1317 2032 dixerunt
1361 1978 1546 2044 nobis,
1575 1990 1912 2036 mementote

318 2061 529 2122 nostri.
572 2070 627 2117 et
679 2065 774 2132 qui
824 2080 937 2120 non
975 2066 1287 2123 dixerunt:
1334 2086 1473 2140 quos
1521 2074 1806 2150 novimus,
1857 2084 1914 2129 et

317 2167 459 2221 quos
491 2168 603 2208 non
640 2155 936 2212 novimus:
968 2159 1318 2215 inimicorum
1359 2172 1414 2216 et
1462 2163 1766 2218 amicorum
1815 2181 1913 2220 no-

317 2253 564 2300 strorum
603 2265 615 2299 :
655 2247 908 2313 Domine,
941 2266 1135 2306 eorum
1165 2253 1451 2308 miserere.

388 2336 641 2404 Domine,
665 2342 951 2398 miserere.
975 2344 1268 2410 Memento,
1290 2346 1540 2412 Domine,
1567 2349 1911 2419 reliquorum

317 2427 754 2486 orthodoxorum
782 2434 875 2502 qui
907 2442 1036 2488 sunt
1061 2434 1269 2504 ubique
1297 2444 1592 2491 terrarum.

393 2517 682 2574 Diaconus.
712 2521 877 2578 Orate
919 2540 1020 2594 pro
1048 2525 1279 2595 reliquis
1307 2528 1631 2584 orthodoxis
1663 2532 1757 2600 qui
1781 2541 1911 2586 sunt

321 2610 529 2680 ubique
560 2619 834 2668 terrarum
871 2635 880 2668 :
912 2624 973 2670 ut
1004 2615 1260 2673 Christus
1281 2620 1426 2676 Deus
1459 2631 1652 2676 noster
1701 2624 1773 2680 sit
1800 2626 1911 2680 illis

315 2703 614 2772 propitius,
647 2712 703 2758 et
729 2707 1060 2775 misereatur
1082 2725 1298 2775 eorum,
1323 2723 1379 2766 ct
1409 2723 1600 2783 parcat
1618 2716 1799 2770 nobis.

389 2792 665 2851 Sacerdos.
714 2799 967 2865 Domine,
996 2803 1284 2858 miserere.
1323 2805 1617 2870 Memento,
1657 2809 1906 2873 Domine,

316 2886 484 2958 hujus
514 2889 620 2944 loci
673 2893 846 2945 sancti
877 2894 955 2946 tui
1000 2903 1057 2948 et
1093 2896 1342 2952 omnium
1379 2898 1783 2956 habitationum
1812 2904 1911 2958 Pa-

317 2988 467 3036 trum
502 2992 820 3039 nostrorum
850 2986 1309 3043 orthodoxorum.

387 3071 677 3129 Diaconus.
705 3075 869 3132 Orate
910 3093 1012 3147 pro
1049 3080 1346 3136 securitate
1376 3081 1543 3153 hujus
1567 3085 1674 3140 loci
1710 3096 1765 3142 et
1787 3104 1907 3142 om-

315 3161 467 3251 nium
505 3164 756 3220 locorum
807 3167 1031 3222 Patrum
1073 3180 1391 3226 nostrorum
1445 3176 1906 3245 orthodoxorum,
1937 3199 1979 3257 ο

315 3247 671 3310 eremitarum
711 3268 767 3312 et
804 3261 1287 3328 anachoretarum,
1323 3265 1655 3336 illorumque
1680 3271 1774 3339 qui
1812 3271 1908 3326 ha-

315 3343 494 3401 bitant
533 3348 589 3402 in
639 3350 754 3415 eis,
795 3360 852 3406 et
890 3367 990 3421 pro
1032 3356 1328 3411 securitate
1377 3359 1548 3415 totius
1588 3363 1803 3426 mundi,
1849 3377 1908 3420 ut

313 3435 570 3494 Christus
600 3441 745 3496 Deus
783 3454 972 3500 noster
1012 3460 1308 3505 conservet
1336 3467 1431 3507 eos
1458 3453 1527 3507 ab
1551 3456 1700 3510 omni
1739 3458 1902 3521 malo,

313 3539 370 3584 et
394 3541 585 3600 parcat
610 3535 795 3590 nobis.

382 3621 663 3682 Sacerdos.
701 3627 903 3683 Omnes
947 3629 1131 3695 urbes,
1173 3635 1449 3706 regiones,
1477 3649 1532 3693 et
1564 3643 1900 3708 provincias,

311 3721 370 3767 et
389 3728 582 3769 omnes
612 3716 814 3772 domos.
833 3718 1077 3774 fidelium
1105 3738 1391 3790 conserva,
1417 3737 1471 3782 et
1498 3744 1597 3782 nos
1631 3746 1823 3785 omnes
1850 3733 1902 3786 in

313 3802 420 3861 ﬁde
445 3807 755 3864 orthodoxa
784 3827 958 3881 usque
993 3813 1060 3866 ad
1097 3823 1407 3871 extremum
1450 3819 1708 3888 spiritum
1745 3840 1756 3873 :
1790 3823 1904 3876 haec

310 3900 459 3954 enim
492 3902 652 3956 unica
677 3919 803 3972 spes
839 3913 1028 3960 nostra
1054 3917 1158 3962 est.

384 3991 943 4059 DomineLmiserere.
961 3998 1253 4063 Memento,
1273 4003 1523 4068 Domine,
1543 4005 1905 4064 circumstan-

312 4082 472 4146 tium,
508 4085 601 4153 qui
637 4086 924 4141 nobiscum
961 4089 1368 4159 deprecationis
1407 4096 1710 4166 participes
1749 4113 1899 4157 sunt.

382 4175 672 4231 Diaconus.
704 4177 867 4233 Orate
890 4197 991 4250 pro
1025 4181 1518 4241 circumstantibus
1541 4190 1633 4257 qui
1665 4190 1755 4245 hic
1780 4209 1902 4261 par—

316 4269 510 4340 ticipes
552 4281 680 4325 sunt
719 4274 1009 4328 nobiscum
1047 4276 1457 4346 deprecationis
1491 4290 1599 4335 :ut
1646 4282 1902 4342 Christus

312 4357 458 4413 Deus
482 4368 672 4417 noster
693 4376 982 4420 CODSCI‘VCI.
1002 4381 1118 4430 COS,
1145 4368 1819 4441 misereaturquecorum,
1845 4389 1901 4432 ρι

311 4461 501 4519 parcat
532 4454 714 4509 nobis.

2016 603 2148 657 ster,
2183 595 2487 663 praesertim
2531 595 2638 651 hoc
2673 603 2939 664 tempore,
2969 595 3134 666 hujus
3164 592 3461 649 oblationis
3483 609 3608 651 sut-

2016 696 2118 740 ctte
2147 703 2159 739 :
2187 703 2426 757 quorum
2479 689 2803 744 memoriam
2837 704 3055 758 semper
3100 688 3336 758 agimus,
3384 695 3441 743 et
3464 700 3609 758 quos
3639 685 3652 694 ’

2018 781 2400 849 unusquisque
2450 788 2704 836 nostrum
2765 781 2819 834 in
2864 787 3049 834 mente
3092 779 3279 844 habet,
3311 786 3369 834 et
3407 791 3602 834 eorum

2017 873 2470 926 commemoratio
2495 887 2618 942 quae
2643 871 2806 927 hodie
2833 871 3032 942 agitur,
3068 871 3140 926 sit
3178 870 3315 940 ipsis
3339 878 3602 940 tanquam

2017 977 2211 1017 murus
2237 960 2447 1025 ﬁrmus,
2479 977 2746 1032 superans
2775 977 2966 1018 omnes
2999 962 3394 1017 daemoniorum
3427 961 3603 1017 insul-

2019 1067 2126 1117 tus,
2151 1066 2205 1110 et
2227 1056 2457 1110 consilia
2487 1056 2773 1110 hominum
2797 1056 3195 1126 improborum.

2089 1147 2378 1202 Diaconus.
2412 1149 2652 1204 Adorate
2680 1149 2854 1203 Deum
2879 1163 3005 1202 cum
3032 1148 3248 1202 timore.

2086 1237 2364 1294 Sacerdos.
2411 1240 2708 1304 Memento,
2754 1239 3005 1303 Domine,
3039 1238 3326 1292 tenuitatis
3369 1251 3527 1302 meae,
3552 1245 3610 1292 et

2017 1331 2252 1386 miseriae
2295 1332 2492 1386 animae
2518 1348 2672 1395 mete,
2698 1339 2754 1385 et
2781 1333 2982 1402 largire
3024 1331 3184 1395 mihi,
3221 1341 3285 1386 ut
3307 1330 3605 1401 intelligam

2017 1433 2238 1494 quanta:
2280 1424 2567 1495 dignitatis
2609 1425 2681 1478 sit
2730 1433 2911 1478 astare
2959 1439 3047 1479 me
3097 1423 3165 1478 ad
3223 1425 3394 1479 altare
3449 1432 3606 1478 tuum

2019 1524 2294 1572 sanctum.
2322 1517 2492 1572 Aufer
2522 1533 2551 1570 a
2594 1532 2681 1571 me
2721 1517 2906 1571 omnia
2958 1516 3235 1571 desideria
3278 1516 3610 1586 insipientia».

2018 1621 2073 1666 et
2089 1611 2435 1680 juventutis:
2463 1627 2644 1679 neque
2668 1610 2773 1664 hoc
2796 1609 2930 1664 mihi
2952 1625 3116 1680 grave
3133 1610 3355 1664 sitcum
3383 1622 3612 1679 respon-

2019 1704 2262 1758 dendum
2297 1704 2409 1757 erit
2445 1703 2498 1757 in
2531 1702 2620 1756 die
2669 1701 2764 1755 illo
2796 1701 3052 1756 terribili.
3081 1701 3280 1755 Libera
3312 1715 3398 1755 me
3441 1700 3606 1756 etiam

2019 1796 2087 1850 ab
2110 1794 2371 1850 omnibus
2394 1792 2813 1863 Operationibus
2831 1793 3119 1862 potestatis
3138 1792 3440 1847 adversarii
3468 1807 3482 1846 :
3508 1806 3608 1846 r.e-

2018 1904 2125 1957 que
2176 1904 2264 1942 me
2307 1887 2505 1957 perdas
2553 1897 2779 1956 propter
2819 1885 3140 1954 iniquitates
3189 1900 3379 1949 meas,
3430 1897 3610 1954 neque

2019 1981 2280 2035 irascaris
2331 1980 2466 2032 mihi
2507 1994 2682 2048 usque
2732 1978 2787 2031 in
2823 1987 3129 2041 aeternum,
3185 1991 3366 2047 neque
3421 1991 3611 2032 serves

2017 2071 2155 2125 mihi
2189 2070 2332 2124 mala
2376 2085 2517 2133 mea,
2547 2068 2645 2124 sed
2684 2068 2916 2122 ostende
2961 2067 3096 2122 mihi
3135 2067 3440 2123 bonitatem
3478 2082 3613 2140 erga

2016 2178 2106 2217 me
2133 2171 2304 2227 tuam,
2336 2170 2392 2216 et
2419 2161 2597 2215 libera
2623 2175 2710 2214 me
2744 2159 3056 2229 indignum,
3085 2158 3393 2214 secundum
3417 2160 3609 2215 multi-

2017 2252 2266 2306 tudinem
2292 2250 2689 2306 misericordia:
2730 2258 2836 2304 tua!
2863 2265 3032 2319 super
3056 2263 3166 2304 me.
3193 2248 3335 2303 Tono
3369 2248 3607 2313 Genesis.

2017 2355 2077 2400 ut
2100 2345 2423 2402 benedicam
2445 2343 2543 2399 tibi
2568 2357 2788 2412 semper
2808 2342 3068 2396 omnibus
3087 2339 3286 2396 diebus
3303 2341 3430 2396 vitae
3451 2355 3605 2398 meas.

2085 2440 2336 2504 Domine,
2377 2438 2664 2494 miserere.
2693 2435 2987 2497 Memento,
3020 2433 3273 2498 Domine,
3315 2449 3609 2491 consessus

2015 2534 2180 2604 hujus
2199 2532 2555 2589 sacerdotalis
2578 2531 2751 2591 sancti
2781 2530 2880 2594 tui,
2903 2537 2959 2583 et
2984 2528 3164 2583 omnis
3187 2527 3402 2583 ordinis
3430 2542 3610 2582 sacer-

2014 2622 2215 2677 dotalis
2245 2622 2562 2676 orthodoxi.

2086 2713 2373 2768 Diaconus.
2415 2713 2579 2769 Orate
2633 2729 2734 2783 pro
2785 2712 2888 2766 hac
2943 2719 3133 2766 sancta
3180 2710 3608 2781 congregatione

2015 2806 2369 2868 sacerdotali,
2406 2814 2462 2860 et
2505 2821 2606 2877 pro
2632 2807 2781 2860 omni
2810 2804 3006 2861 ordine
3033 2803 3386 2860 sacerdotum
3413 2803 3608 2858 ortho-

2013 2899 2306 2953 doxorum.
2327 2907 2387 2953 ut
2417 2898 2675 2954 Christus
2702 2899 2846 2952 Deus
2869 2906 3060 2952 noster
3073 2897 3370 2952 confirmet
3392 2894 3516 2951 illos
3550 2896 3609 2951 in

2013 2987 2120 3043 ﬁde
2150 2987 2461 3043 orthodoxa
2494 3002 2670 3058 usque
2702 2987 2769 3041 ad
2797 2996 3109 3042 extremum
3136 2987 3418 3057 spiritum.

2082 3077 2360 3133 Sacerdos.
2409 3079 2477 3134 Et
2519 3079 2703 3134 omnis
2744 3078 2957 3133 ordinis
2999 3078 3358 3134 sacerdotalis
3408 3080 3603 3134 ortho-

2014 3168 2283 3224 doxorum
2314 3180 2368 3223 et
2407 3169 2652 3225 universi
2693 3169 2882 3240 populi
2907 3169 3001 3240 qui
3026 3177 3136 3225 stat
3159 3185 3347 3224 coram
3375 3177 3450 3225 te.
3487 3171 3602 3225 Me-

2014 3271 2198 3316 mento
2230 3263 2426 3325 nostri,
2474 3262 2727 3325 Domine,
2761 3262 3015 3326 Domine,
3044 3261 3100 3315 in
3135 3261 3520 3318 misericordia
3549 3273 3607 3319 et

2012 3353 2486 3413 miserationibus.
2516 3362 2571 3407 et
2598 3352 2719 3406 dele
2748 3351 3070 3421 iniquitates
3097 3361 3336 3417 nostras,
3373 3367 3407 3406 ο
3436 3351 3601 3416 bone,

2010 3455 2223 3502 amator
2264 3446 2553 3500 hominum
2593 3446 2761 3500 Deus.
2797 3446 2928 3500 Esto
2967 3444 3151 3500 socius
3197 3444 3507 3509 nobiscum,
3544 3461 3606 3502 us

2011 3542 2391 3595 ministremus
2424 3539 2639 3593 nomini
2667 3549 2762 3593 tuo
2793 3547 3002 3594 sancto.

2055 3633 2334 3696 ‘Dontine,
2361 3631 2645 3686 miserere.
2675 3631 2915 3686 Benedic
2949 3632 3470 3703 congregationibus
3501 3648 3604 3687 no—

2008 3728 2158 3782 stris.

2079 3820 2370 3874 Diaconus.
2397 3821 2562 3876 Orate
2597 3835 2698 3890 pro
2727 3819 2830 3874 hac
2863 3827 3292 3890 congregatione
3324 3828 3510 3874 nostra
3545 3829 3600 3873 et

2006 3929 2107 3983 pro
2133 3913 2284 3967 omni
2321 3913 2746 3983 congregatione
2780 3912 3109 3982 populorum
3136 3912 3594 3976 orthodoxorum,

2008 4015 2069 4059 ut
2101 4004 2357 4060 Christus
2389 4005 2536 4059 Deus
2566 4011 2755 4061 noster
2780 4003 3072 4059 benedicat
3097 4012 3154 4059 et
3185 4002 3434 4074 perﬁciat
3471 4004 3596 4060 illos

2007 4097 2062 4152 in
2085 4114 2220 4168 pace
2242 4107 2300 4154 et
2330 4099 2578 4154 remittat
2597 4097 2760 4153 nobis
2783 4107 3009 4167 peccata
3039 4106 3248 4152 nostra.

2077 4190 2352 4245 Sacerdos.
2392 4189 2614 4245 Cultum
2664 4189 2941 4244 idolorum
2993 4204 3224 4258 prorsus
3269 4203 3336 4243 ex
3386 4188 3594 4243 mundo

2003 4284 2310 4339 extermina
2342 4282 2632 4338 :Satanam
2658 4291 2714 4336 et
2751 4296 2944 4336 omnes
2987 4289 3289 4351 potestates
3316 4281 3436 4351 ejus
3464 4296 3593 4351 pes-

2003 4379 2171 4440 simas
2202 4386 2427 4432 contere
2457 4384 2513 4447 e._t
2540 4376 2789 4447 deprime
2815 4375 2918 4430 sub
2943 4375 3180 4446 pedibus
3201 4373 3411 4429 nostris
3433 4374 3590 4428 velo-

2003 4471 2142 4524 citer
2182 4467 2480 4524 :Ascandala
2527 4477 2583 4522 et
2631 4482 2824 4522 eorum
2869 4475 3125 4522 auctores
3173 4481 3491 4536 compesce,
3532 4474 3594 4520 ut

379 4541 653 4599 Sacerdos.
708 4547 896 4603 Patres
938 4557 992 4602 et
1038 4549 1236 4607 fratres
1279 4564 1517 4618 nostros,
1553 4567 1609 4612 et
1653 4560 1895 4630 reliquos
1928 4547 2269 4614 D“ﬁniantur
2303 4559 2605 4614 divisiones
2639 4558 2965 4629 perniciosae
2992 4558 3277 4612 haereseon
3306 4576 3318 4610 :
3346 4557 3588 4611 hostium

309 4633 626 4706 ubicunque
658 4645 929 4695 terrarum
961 4641 1090 4706 sint,
1117 4648 1721 4717 conserva,nohiscum,
1756 4667 1896 4721 pra:-

307 4727 450 4782 sidio
495 4730 773 4786 exercitus
812 4741 1148 4801 potestatum
1201 4747 1517 4793 sanctarum
1571 4759 1582 4793 :
1619 4751 1673 4797 et
1722 4743 1894 4799 libera

306 4832 472 4895 nosa
515 4820 638 4875 telis
687 4821 861 4892 igneis
903 4824 1128 4888 diaboli,
1180 4833 1236 4880 et
1275 4827 1343 4881 ab
1378 4831 1637 4886 omnibus
1682 4832 1896 4889 insidiis

306 4907 619 4975 diabolicis,
648 4920 704 4966 et
732 4913 800 4966 ab
828 4913 979 4968 omni
1004 4913 1203 4983 laqueo
1232 4931 1384 4978 vana:
1407 4921 1612 4989 gloriae.

375 4999 629 5067 Domine,
657 5005 942 5061 miserere.

372 5089 650 5149 Sacerdos.
695 5097 988 5167 Memento,
1017 5104 1268 5169 Domine,
1293 5122 1488 5161 eorum
1525 5112 1770 5165 omnium
1795 5115 1888 5183 qui

304 5183 466 5239 nobis
488 5201 887 5258 praeceperunt,
911 5202 972 5248 ut
1016 5209 1210 5260 eorum
1245 5205 1515 5263 memores
1544 5217 1793 5261 essemus
1835 5206 1887 5259 in

304 5278 646 5334 orationibus
676 5291 732 5338 et
754 5286 1253 5355 supplicationibus
1283 5291 1349 5344 ad
1377 5300 1429 5346 te
1458 5294 1682 5350 nostris.

374 5368 662 5428 Diaconus.
704 5373 868 5433 Orate
916 5394 1016 5449 pro
1068 5384 1326 5440 omnibus
1362 5385 1456 5455 qui
1496 5385 1655 5442 nobis
1678 5404 1884 5458 praece-

301 5470 526 5531 perunt,
553 5471 614 5518 ut
649 5480 840 5521 eorum
871 5485 1145 5526 memores
1173 5489 1422 5529 essemus
1455 5476 1509 5529 in
1538 5478 1886 5537 orationibus

301 5561 358 5606 et
384 5557 883 5627 supplicationibus
907 5566 1131 5630 nostris,
1163 5567 1502 5624 ut-Christus
1527 5570 1672 5636 Deus
1695 5582 1887 5629 noster

302 5643 502 5702 liberet
523 5663 620 5705 eos
642 5650 712 5707 ab
735 5653 885 5708 omni
919 5655 1081 5710 malo.

1999 4653 2260 4709 Ecclesia:
2294 4661 2401 4705 tuae
2427 4661 2650 4710 sanctae.
2677 4651 2930 4714 Domine,
2955 4661 3017 4706 ut
3041 4666 3282 4721 semper,
3317 4651 3393 4705 ita
3421 4650 3586 4706 etiam

1998 4760 2148 4799 nunc
2190 4744 2415 4799 destrue
2470 4744 2803 4812 superbiam.
2830 4743 3018 4798 cordis
3067 4761 3079 4796 :
3116 4742 3202 4797 fac
3246 4742 3357 4797 illis
3399 4752 3585 4798 notam

1997 4836 2262 4890 velociter
2293 4834 2728 4889 imbecillitatem
2774 4850 2930 4888 suam
2967 4851 2979 4887 :
3012 4834 3252 4904 reprime
3279 4848 3473 4888 eorum
3507 4835 3590 4889 in-

1995 4927 2238 4992 vidiam,
2279 4927 2502 4982 fraudes
2547 4937 2603 4981 et
2654 4926 3113 4990 machinationes,
3169 4935 3227 4980 et
3282 4925 3587 4982 calumnias

2011 5019 2202 5087 tuibus
2251 5034 2352 5072 nos
2395 5020 2720 5088 iinpugnant
2751 5032 3004 5089 :-easque
3046 5015 3217 5073 redde
3259 5032 3453 5073 omnes
3498 5017 3577 5072 in-

1995 5110 2160 5165 utiles
2190 5131 2202 5164 :
2230 5110 2435 5180 dissipa
2477 5110 2705 5166 consilia
2731 5126 2945 5174 eorum,
2983 5111 3150 5175 Deus,
3184 5109 3280 5180 qui
3307 5109 3586 5179 dissipasti

1993 5205 2288 5261 consilium
2333 5205 2684 5275 Achitophel.
2726 5206 3006 5277 Exsurge,
3041 5205 3272 5260 Domine
3316 5205 3484 5270 Deus,
3529 5216 3585 5260 et

1992 5297 2337 5367 dissipentur
2360 5313 2554 5352 omnes
2585 5297 2794 5352 inimici
2817 5299 2918 5362 tui,
2947 5307 3004 5353 et
3041 5297 3253 5369 fugiant
3272 5312 3302 5351 a
3325 5297 3463 5352 facie
3492 5305 3584 5352 tua

1995 5405 2188 5444 omnes
2215 5390 2307 5458 qui
2335 5389 2576 5444 oderunt
2600 5402 2802 5443 nomen
2831 5396 2986 5443 tuum
3017 5395 3293 5451 sanctum,
3325 5395 3380 5443 et
3404 5402 3583 5457 popu-

1995 5482 2082 5534 lus
2103 5489 2233 5534 tuus
2249 5481 2304 5534 in
2325 5479 2809 5534 benedictionibus
2829 5478 3032 5542 millies
3049 5477 3309 5542 millenis,
3328 5477 3584 5533 ctdecics

1999 5573 2200 5630 millies
2213 5573 2398 5627 decies
2425 5571 2690 5634 millenis,
2707 5571 2873 5628 faciat
2895 5571 3236 5627 voluntatem
3267 5579 3418 5626 tuam
3443 5569 3539 5642 (7)..

2070 5664 2354 5717 Diaconus.
2390 5662 2496 5730 Qui
2523 5661 2759 5726 sedetis,
2784 5665 3016 5733 surgite.

375 5808 451 5878 (7)
487 5809 544 5863 In
566 5808 702 5866 Cod.
730 5814 928 5884 Scalig.
959 5823 1010 5871 et
1035 5818 1159 5874 allis
1181 5821 1388 5892 aliquot
1427 5822 1490 5878 ad
1517 5839 1968 5897 unamquamque
2006 5824 2334 5896 particulam
2369 5825 2718 5883 iutcrscritur
2745 5823 2900 5894 Κριτίαν
2934 5821 3174 5882 rlcison.,
