4098 6344
534 294 667 352 1239
1791 296 2115 353 LITCRGIA

2253 297 2545 354 (lYllllJJ.
3636 288 3784 344 {300

602 407 875 464 Sacerdos.
916 408 1074 462 Solve
1119 406 1364 476 captivos
1396 423 1408 457 :
1434 406 1581 461 salva
1605 422 1701 462 eos
1731 412 1824 478 qui
1853 412 2093 464 necessi-
2129 423 2165 473 Α

533 511 696 556 tatem
716 501 1000 571 patiuntur
1026 516 1038 552 :
1064 501 1371 555 esurientes
1396 501 1536 555 satia
1568 518 1579 552 ε
1615 501 1863 556 conferta
1903 502 2093 571 pusill—

531 594 740 648 animes
773 612 784 645 :
815 592 994 661 lapsos
1022 591 1170 660 erige
1200 608 1212 642 :
1251 599 1461 647 stantes
1510 591 1773 645 confirma
1812 611 1823 644 :
1850 604 2097 649 errantes

532 693 788 741 converte
827 703 836 735 :
868 683 1073 753 perduc
1096 697 1193 737 eos
1218 698 1411 738 omnes
1437 683 1502 737 ad
1541 684 1680 737 viam
1714 686 1907 737 salutis
1947 696 2051 740 tua:
2080 702 2091 735 :

533 792 760 831 numera
790 776 912 830 illos
937 788 1127 828 omnes
1162 788 1287 828 eum
1325 774 1527 843 populo
1556 782 1649 828 tuo
1690 792 1702 826 :
1736 775 1909 829 libera
1935 791 2032 828 nos
2066 791 2097 830 a

536 865 771 932 peccatis
815 862 1017 916 nostris
1058 880 1069 914 :
1113 872 1267 924 esto,
1306 861 1569 927 Domine,
1616 844 2001 919 nobis‘custos
2042 875 2099 918 et

534 965 808 1025 protector
834 956 888 1009 in
912 954 1187 1008 omnibus.

606 1046 883 1098 Diaconus.
908 1046 986 1099 Ad
1016 1046 1282 1100 orientem
1322 1049 1574 1118 aspicite.

607 1136 877 1190 Sacerdos.
905 1138 985 1191 Tu
1007 1154 1067 1191 es
1097 1140 1237 1193 Deus
1262 1140 1510 1195 excelsus
1532 1155 1697 1209 super
1730 1155 1923 1193 omnes
1945 1139 2099 1209 prin-

536 1228 749 1296 cipatus
771 1238 825 1281 et
846 1238 1161 1297 potestates,
1191 1229 1487 1298 dignitates
1509 1241 1565 1284 et
1596 1231 2020 1293 dominationes,
2045 1241 2100 1283 et

536 1332 700 1387 super
721 1332 879 1371 omne
908 1334 1128 1379 nomen,
1162 1321 1308 1388 quod
1341 1320 1609 1374 nominari
1640 1328 1838 1389 potest,
1868 1334 1975 1373 non
2010 1335 2099 1374 so-

538 1408 647 1460 lum
677 1407 729 1459 in
771 1408 873 1462 hoc
906 1410 1127 1471 είιιςυιυ,
1169 1410 1262 1463 sed
1293 1410 1457 1464 etiam
1491 1412 1545 1465 in
1573 1410 1757 1464 futuro
1789 1428 1800 1465 :
1842 1420 1898 1464 tu
1924 1425 1985 1464 es
2007 1425 2102 1465 co-

538 1515 651 1553 ram
701 1516 811 1569 quo
850 1502 1111 1556 assiste-it
1145 1502 1292 1555 mille
1328 1502 1535 1556 milleni
1564 1512 1619 1557 et
1652 1502 1835 1556 decies
1882 1501 2099 1563 millies,

537 1592 721 1645 decies
753 1593 903 1646 mille
939 1594 1035 1647 mil
1068 1594 1145 1647 mi
1175 1594 1348 1664 angeli
1371 1604 1425 1647 et
1450 1595 1757 1663 archangeli
1788 1594 1982 1657 sancti,
2004 1592 2101 1645 tibi

538 1684 933 1739 ministrantes.
967 1682 1086 1737 Ti".-i
1122 1686 1383 1739 assistunt
1416 1674 1635 1743 coram.
1692 1685 1802 1737 duo
1847 1684 2102 1737 animalia

2269 414 2540 466 Sacerdos.
2574 411 2799 477 Accepit
2834 419 3029 476 panem
3071 406 3126 457 in
3154 417 3346 455 manus
3372 414 3502 455 suas
3533 408 3780 460 sanctas,

2205 506 2618 565 immaculatas,
2664 514 2859 570 puras,
2912 496 3133 556 beatas,
3179 504 3233 548 et
3284 491 3665 553 viviﬁcantes.
3725 502 3783 546 et

2203 598 2444 668 suspexit
2486 597 2541 649 iu
2576 594 2797 655 caelum,
2839 589 2909 645 ad
2941 599 2994 643 te
3034 588 3207 642 Deum
3246 586 3463 639 Patrem
3508 599 3700 643 suum.
3727 592 3785 637 et

2202 688 2449 744 omnium
2476 686 2789 746 Dominum,
2824 692 2881 737 et
2909 680 3113 751 gratias
3136 677 3267 747 egit.

2273 779 2524 849 Populus.
2563 780 2756 833 Amen.

2275 871 2546 926 Sacerdos.
2578 870 2648 925 Et
2674 865 2957 924 benedixit
2984 866 3157 919 illum.

2275 963 2529 1035 Populus.
2557 963 2726 1017 Amen
2738 1004 2749 1014 .

2277 1054 2550 1109 Sacerdos.
2583 1052 2650 1107 Et
2678 1049 3042 1105 sanctificavit
3078 1049 3253 1102 illum.

2272 1147 2523 1219 Papulas.
2560 1146 2733 1199 Amen

2279 1239 2548 1295 Sacerdos.
2574 1238 2639 1291 Et
2661 1236 2823 1306 fregit
2839 1235 3017 1298 illum,
3039 1242 3096 1287 et
3117 1232 3271 1286 dedit
3290 1231 3446 1284 illum
3473 1227 3590 1281 suis
3610 1224 3784 1278 disci-

2209 1333 2351 1402 pulis
2395 1329 2618 1389 sanctis,
2650 1337 2707 1383 et
2749 1325 3010 1394 apostolis
3046 1325 3200 1394 puris
3228 1324 3414 1377 dicens
3454 1340 3467 1373 :
3514 1318 3783 1387 Accipite.

2210 1424 2534 1479 manducate
2582 1437 2649 1476 ex
2677 1434 2744 1475 eo
2770 1433 2868 1473 vos
2895 1431 3106 1472 omnes.
3135 1416 3247 1469 Hoc
3261 1423 3566 1482 esteorpus
3597 1425 3784 1464 meum

2210 1514 2358 1585 quod
2387 1529 2488 1583 pro
2509 1511 2665 1567 vobis
2689 1509 2976 1578 frangitur,
3008 1515 3065 1561 et
3088 1522 3185 1576 pro
3228 1506 3416 1559 multis
3441 1502 3691 1558 tradetur
3727 1502 3785 1554 iu

2211 1606 2588 1663 remissionem
2614 1611 2961 1673 peccatorqu
2986 1616 3000 1663 ;
3030 1597 3134 1652 hoc
3157 1596 3319 1651 facite
3343 1596 3398 1649 in
3427 1608 3607 1649 meam
3627 1606 3787 1649 com-

2211 1698 2681 1753 memorationem.

541 1774 933 1843 gloriosissima
962 1792 1056 1828 sex
1087 1776 1187 1828 alis
1220 1776 1507 1837 instructa,
1538 1778 1697 1846 plena
1720 1777 1915 1835 oculis.
1943 1774 2104 1829 Sera-
2141 1772 2182 1825 Β
2279 1786 2531 1857 populus.
2570 1786 2764 1839 Αιῃρη,

542 1867 689 1935 phim
724 1875 779 1921 et
804 1866 1101 1923 Cherubim
1137 1868 1390 1922 :duabus
1417 1869 1520 1922 alis
1544 1877 1730 1938 tegunt
1758 1868 1925 1923 facies
1958 1883 2103 1929 suas,

542 1967 764 2028 propter
798 1959 1142 2013 divinitatem
1195 1968 1344 2013 tuam
1393 1960 1745 2021 invisibilem.
1779 1977 1881 2015 nec
1928 1969 2109 2015 mente

543 2052 1098 2121 comprehensibilem
1137 2071 1148 2104 :
1186 2052 1401 2106 duabus
1452 2062 1637 2123 tegunt
1680 2052 1847 2122 pedes
1886 2068 2017 2107 suos
2056 2061 2111 2106 et

544 2143 759 2197 duabus
795 2145 998 2197 volant.

617 2235 869 2289 Sacerdos
904 2236 1017 2288 alta
1053 2252 1189 2289 race.
1240 2236 1625 2305 {unusquisque
1658 2252 1849 2290 eorum
1895 2252 2113 2306 semper

547 2336 598 2380 te
623 2326 929 2380 sanctificat
960 2345 971 2379 :
1011 2326 1103 2381 sed
1144 2337 1199 2380 et
1235 2343 1358 2381 cum
1395 2328 1651 2382 omnibus
1671 2328 1767 2397 qui
1794 2337 1845 2382 te
1880 2330 2115 2382 sanctifi-

544 2425 690 2478 cant,
739 2417 954 2485 suscipe
998 2430 1215 2485 quoque
1258 2416 1745 2471 sanetificationem
1796 2425 2036 2471 nostram
2082 2433 2111 2471 a

546 2507 726 2570 nobis,
749 2508 995 2570 Domine,
1021 2518 1078 2561 ut
1106 2524 1229 2563 cum
1265 2509 1370 2561 illis
1412 2517 1463 2562 te
1487 2508 1791 2569 laudemus,
1825 2508 2070 2564 dicentes
2096 2527 2109 2562 :

620 2598 870 2667 Populus.
910 2597 1165 2661 Sanetus,
1193 2609 1436 2662 sanctus,
1466 2609 1708 2654 sanctus.

618 2688 889 2745 Sacerdos.
914 2692 1052 2745 Vere
1080 2691 1221 2761 pleni
1247 2702 1375 2746 sunt
1396 2691 1519 2745 caeli
1553 2700 1609 2746 et
1640 2701 1784 2746 terra
1818 2693 1989 2763 gloria
2022 2700 2113 2746 tua

548 2788 762 2843 saneta,
809 2794 905 2849 per
963 2779 1156 2834 Filium
1208 2789 1362 2834 tuum
1410 2780 1752 2850 unigenitum
1797 2781 2110 2845 Dominum,

544 2870 738 2933 Deum,
766 2869 1101 2963 Salvatorem
1134 2880 1189 2927 et
1218 2872 1419 2942 Regem
1458 2880 1706 2925 nostrum
1749 2872 1993 2927 omnium
2021 2872 2113 2929 Je—

546 2975 667 3015 sum
703 2961 1008 3017 Christum.
1050 2963 1219 3032 imple
1270 2964 1373 3016 hoc
1418 2962 1748 3017 sacrificium
1794 2970 1970 3026 tuum,
2011 2964 2116 3018 Do-

548 3052 717 3115 mine,
742 3052 1125 3108 benedictione
1148 3070 1269 3124 quae
1294 3071 1324 3109 a
1350 3063 1399 3108 te
1425 3062 1509 3108 est
1535 3067 1632 3122 per
1661 3052 1911 3121 illapsum
1952 3069 2116 3124 super

550 3144 698 3198 illam
759 3144 997 3215 Spiritus
1028 3145 1115 3199 tui
1164 3146 1335 3199 sancti
1362 3146 1460 3215 (8).
1491 3146 1530 3215 1-
1558 3146 1731 3200 Amen
1775 3164 1788 3199 :
1837 3156 1893 3202 et
1944 3147 2115 3201 bene-

548 3237 787 3293 dictione
824 3239 1074 3293 benedic.
1121 3239 1161 3309 -ι-
1195 3238 1366 3293 Amen
1401 3256 1413 3290 :
1460 3246 1515 3292 et
1540 3238 1921 3308 purificatione
1961 3238 2117 3309 puri-

551 3329 670 3384 lica.
697 3329 941 3399 1-Amen.
961 3331 1087 3385 Haec
1115 3330 1258 3386 dona
1280 3340 1373 3385 tua
1396 3330 1707 3384 veneranda
1731 3332 2005 3401 proposita
2023 3346 2117 3387 co-

550 3439 665 3477 ram
689 3433 762 3485 te,
786 3424 933 3481 hunc
961 3440 1155 3494 panem
1180 3433 1232 3478 et
1256 3424 1401 3479 hunc
1433 3424 1680 3479 calicem.
1704 3424 1915 3494 Quippe
1948 3424 2119 3478 Filius

550 3526 680 3569 tuus
723 3514 1036 3584 unigenitus
1088 3514 1371 3579 Dominus,
1411 3515 1574 3578 Deus,
1622 3515 1870 3571 Salvator
1914 3525 1969 3571 et
2002 3517 2117 3572 Rex

550 3617 736 3662 noster
760 3608 1003 3661 omnium
1026 3606 1185 3662 Jesus
1222 3605 1496 3669 Christus,
1527 3621 1591 3660 ea
1620 3615 1780 3661 nocte
1806 3624 1910 3677 qua
1944 3608 2114 3662 tradi-

550 3699 631 3755 dit
656 3702 916 3771 seipsum,
960 3708 1020 3755 ut
1042 3708 1325 3771 pateretur
1344 3716 1445 3771 pro
1471 3700 1714 3769 peccatis
1741 3702 1964 3764 nostris,
1989 3710 2115 3755 ante

550 3799 780 3844 mortem
800 3830 814 3853 ,
848 3806 1010 3859 quam
1043 3790 1264 3860 propria
1301 3805 1398 3844 sua
1418 3790 1699 3844 voluntate
1744 3791 1989 3860 suscepit
2016 3806 2117 3860 pro

552 3880 711 3934 nobis
735 3882 1012 3935 omnibus.

622 3972 875 4045 Papulas.
903 3974 1213 4031 Credimus.

624 4129 699 4194 (8)
735 4133 1090 4196 Brevissime,
1128 4140 1188 4186 ut
1217 4131 1487 4197 diximus,
1522 4140 1645 4202 post
1676 4132 1809 4186 istas
1834 4132 2116 4188 orationes

555 4203 819 4256 transitur
863 4204 928 4257 ad
972 4203 1444 4257 consecrationem
1492 4202 2145 4273 donorumprOposito-r

554 4288 693 4335 rum,
728 4288 847 4341 qua:
871 4281 998 4327 nota
1021 4280 1104 4327 est
1128 4273 1474 4341 antiquitatis
1499 4289 1527 4326 a
1555 4272 2118 4329 simplicitate’minus

556 4350 796 4397 remotae.
838 4343 895 4396 In
923 4342 1111 4397 codice
1132 4343 1320 4397 Graec
1348 4342 1511 4397 Marci
1546 4343 1803 4413 Liturgite
1843 4344 1988 4397 idem
2014 4360 2116 4399 no-

557 4420 727 4504 tLatur,
744 4414 922 4504 circa.
946 4413 1421 4504 consignationenl
1434 4414 1675 4494 _illorum
1694 4414 2118 4504 ,σφραγίζεξητὰ
2153 4451 2193 4504 ο

554 4483 705 4546 ἅγια,
742 4483 814 4536 ita
836 4484 984 4537 enim
1011 4494 1276 4537 vocantur
1301 4484 1365 4535 τὰ
1393 4483 1561 4551 δῶρα,
1590 4492 1713 4552 post
1741 4483 1971 4552 primam
1999 4484 2119 4537 illo-

556 4567 675 4605 rum
700 4552 764 4605 ad
789 4554 958 4606 altare
978 4553 1299 4614 illationem,
1324 4568 1448 4605 cum
1468 4554 1577 4622 jam
1601 4554 1836 4622 aliquam
1862 4554 2123 4608 sanctita—

555 4629 664 4675 tem
692 4623 994 4686 obtineant,
1043 4640 1107 4676 ex
1140 4624 1325 4677 futura
1348 4638 1538 4676 eorum
1570 4633 2029 4679 transmutatione
2064 4626 2119 4679 in

554 4707 777 4764 corpus
804 4701 859 4745 et
902 4695 1222 4764 sanguinem
1254 4692 1461 4748 Christi
1486 4694 1723 4764 Domini.
1766 4694 1921 4750 Unde
1947 4695 2118 4764 depo-

552 4762 718 4834 situm
766 4762 1358 4833 legimus'episCOpum
1390 4762 1712 4833 quemdam,
1743 4765 1886 4833 quod
1925 4762 2116 4834 δῶῥον,

553 4832 609 4885 in
630 4832 799 4886 altare
814 4834 924 4904 jam
948 4834 1178 4896 illatum,
1203 4832 1455 4904 fregisset
1476 4843 1530 4887 et
1552 4832 1949 4889 conculeassct.
1976 4832 2033 4889 ln
2057 4850 2121 4889 ea

551 4910 735 4983 autem
776 4903 1024 4985 oratione
1057 4903 1377 4985 postulatur
1396 4904 1626 4985 illapsus
1656 4905 1896 4985 Spiritus
1919 4906 2117 4985 sancti,

553 4973 621 5043 iis
642 4973 1038 5041 propemodum
1059 4974 1244 5029 verbis
1263 4975 1469 5043 quibus
1487 4983 1676 5043 postea
1697 4973 1751 5028 in
1773 4975 2121 5031 invocatione

555 5042 791 5111 Spiritus
819 5044 1016 5106 sancti,
1064 5044 1138 5098 ita
1163 5042 1342 5099 tamen
1393 5053 1453 5098 ut
1492 5042 1686 5098 eadem
1716 5045 1992 5100 invocatio
2022 5062 2122 5100 suo
2160 5093 2166 5098 .

553 5112 676 5165 loco
722 5114 1024 5175 recitetur,
1094 5129 1218 5169 cum
1263 5116 1330 5170 de
1371 5124 1651 5170 momento
1692 5117 2123 5170 consecrationis

554 5180 862 5238 Orientales
910 5184 1191 5254 disputare
1239 5201 1347 5239 non
1377 5186 1523 5240 soliti
1551 5187 1681 5247 sint,
1738 5185 1833 5240 sed
1861 5194 1990 5240 tunc
2023 5186 2120 5241 de-

554 5266 703 5324 mum
726 5294 741 5315 ,
792 5269 919 5309 cum
949 5255 1132 5309 omnia
1159 5255 1265 5309 rite
1297 5256 1537 5324 perfecta
1569 5263 1717 5317 sunt,
1747 5255 1814 5309 de
1844 5265 2121 5311 transmu-

554 5323 761 5377 tatione
794 5335 1169 5379 consummata
1196 5323 1312 5379 non
1340 5325 1615 5381 dubitent.
1650 5326 1895 5382 Similem
1927 5327 2120 5381 eodem

555 5393 674 5466 loco
707 5393 1107 5466 invocationem
1140 5395 1345 5466 habent
1367 5396 1699 5459 Nestoriani,
1737 5397 1791 5450 in
1826 5397 2003 5466 prima
2025 5413 2124 5452 sua

555 5460 822 5537 μευ-εἰει,
847 5464 940 5537 sed
970 5464 1331 5537 posteriorem
1356 5481 1462 5519 non
1485 5475 1773 5537 usurpant,
1800 5460 1919 5537 quae
1941 5475 2123 5522 tamen

558 5531 613 5584 in
634 5531 903 5612 Theodori
933 5531 988 5589 et
1012 5534 1250 5612 Nestorii
1273 5534 1535 5612 Diturgiis
1560 5531 1857 5612 reperitur.
1882 5537 2123 5607 Reliqua:

556 5604 833 5683 orationes
852 5616 908 5660 et
931 5619 1054 5659 cum
1081 5604 1267 5660 Graeca
1293 5604 1477 5667 Marci,
1499 5616 1555 5662 et
1578 5604 1704 5662 eum
1726 5606 1850 5662 aliis
1869 5604 2124 5663 accurate

558 5685 909 5729 conveniunt.

622 5740 678 5801 ltt
727 5742 1109 5801 benedictione
1152 5747 1359 5811 calicis,
1405 5748 1746 5816 Coptitarum
1779 5748 1998 5805 codices
2028 5749 2120 5804 ha-

2278 1878 2551 1932 Saccrdos.
2590 1875 2854 1930 Similiter
2888 1885 2944 1931 et
2978 1873 3205 1930 calicem
3249 1878 3374 1940 post
3404 1883 3643 1943 cumam,
3676 1864 3789 1923 mi-

2211 1971 2353 2025 scuit
2381 1968 2509 2022 vino
2528 1977 2583 2022 et
2606 1984 2745 2037 aqua
2776 1986 2787 2019 :
2822 1977 2877 2022 et
2906 1967 3110 2037 gratias
3136 1964 3269 2035 egit.

2286 2060 2537 2131 Populus.
2576 2058 2767 2112 Amen.

2284 2149 2559 2204 Sacerdos.
2592 2146 2659 2200 Et
2682 2144 2964 2200 benedixit
2992 2159 3120 2196 eum

2284 2240 2537 2311 Populus.
2565 2239 2759 2293 Amen.

2285 2333 2559 2390 Sacerdos.
2588 2332 2657 2387 Et
2686 2327 3046 2386 sanetifieavit
3065 2341 3213 2380 eum.

2285 2425 2542 2497 Papulas.
2575 2423 2769 2480 Amen.

2286 2518 2559 2574 Sacerdos.
2594 2516 2661 2571 Et
2700 2513 2957 2584 gustavit,
3001 2509 3263 2578 deditque
3301 2522 3428 2563 cum
3463 2506 3601 2567 suis,
3645 2518 3763 2573 pra:

2215 2610 2399 2670 claris,
2433 2606 2637 2662 sanctis
2665 2601 2954 2671 discipulis
2988 2608 3045 2654 et
3076 2598 3360 2662 apostolis,
3393 2597 3586 2651 dicens
3622 2610 3639 2647 :
3679 2591 3763 2648 Ac

2214 2701 2402 2770 cipite,
2420 2698 2590 2752 bibite
2612 2711 2676 2750 ex
2704 2709 2772 2749 eo
2793 2707 2889 2747 vos
2911 2706 3102 2747 omnes
3128 2708 3142 2742 :
3167 2690 3269 2745 Hic
3286 2698 3373 2743 est
3391 2686 3613 2757 sanguis
3635 2699 3792 2739 meus

2213 2789 2344 2844 novi
2387 2783 2745 2846 Testamenti,
2783 2782 2877 2853 qui
2921 2796 3022 2851 pro
3064 2779 3223 2834 vobis
3254 2776 3560 2833 effunditur
3594 2783 3651 2829 et
3690 2787 3795 2842 pro

2217 2883 2405 2938 multis
2444 2881 2664 2936 dabitur
2707 2880 2764 2932 in
2810 2875 3191 2931 remissionem
3235 2881 3588 2943 peccatorum
3626 2886 3641 2921 :
3676 2866 3795 2921 Hoc

2217 2974 2379 3029 facite
2403 2974 2459 3027 in
2484 2985 2663 3025 meam
2693 2965 3294 3023 commemorationem.

2291 3063 2547 3135 Populus.
2581 3063 2771 3117 Arnen.

2294 3157 2571 3213 Sacerdos.
2605 3154 3052 3222 Quotiescunque
3098 3148 3246 3205 enim
3286 3144 3691 3202 manducabitis
3728 3158 3796 3195 ex

2223 3248 2329 3303 hoc
2360 3262 2519 3317 pane,
2540 3253 2599 3301 et
2626 3244 2831 3299 bibetis
2849 3258 2916 3298 ex
2936 3242 3040 3296 hoc
3064 3239 3259 3303 calice,
3287 3236 3613 3291 annuntiate
3644 3249 3797 3289 moro

2225 3348 2334 3393 tem
2358 3352 2557 3401 meam,
2580 3343 2635 3391 et
2660 3332 2997 3389 conﬁtemini
3022 3329 3482 3389 resurrectionem
3516 3341 3711 3383 meam.
3743 3331 3801 3378 et

2224 3430 2541 3484 memoriam
2568 3428 2674 3481 mei
2704 3427 2867 3497 agite,
2895 3424 3068 3477 donec
3094 3422 3332 3476 veniam.

2293 3520 2547 3592 Populus.
2567 3521 2793 3573 Mortem
2824 3528 2971 3571 tuam
2999 3514 3413 3573 annuntiamus,
3436 3511 3669 3566 Domine
3697 3509 3797 3578 (9).

2295 3610 2570 3666 Sacerdos.
2604 3612 2781 3670 Nunc,
2814 3609 2958 3662 Deus
2980 3607 3143 3660 Pater
3168 3604 3542 3673 omnipotens,
3578 3615 3799 3655 annun-

2223 3702 2425 3758 tiamus
2446 3712 2676 3757 mortem
2702 3699 2970 3772 unigeniti
3007 3695 3131 3752 Filii
3155 3695 3234 3751 tui
3258 3693 3507 3755 Domini,
3532 3693 3654 3755 Dei,
3676 3691 3800 3746 Sal—

2221 3796 2459 3859 vatoris,
2504 3805 2553 3850 et
2590 3795 2754 3863 Regis
2792 3793 2965 3848 nostri
3008 3790 3255 3869 omnium
3289 3788 3419 3843 .lesu
3463 3785 3715 3842 Christi:
3746 3792 3802 3839 et

2223 3886 2551 3942 conﬁtemur
2576 3885 3034 3941 resurrectionem
3064 3885 3183 3953 ejus
3211 3889 3480 3942 sanctam,
3516 3886 3574 3933 et
3607 3892 3799 3931 ascen-

2225 3978 2435 4033 sionem
2456 3977 2575 4047 ejus
2605 3992 2821 4030 sursum
2851 3976 2904 4029 in
2928 3975 3117 4034 oculos,
3146 3969 3561 4040 sessionemque
3587 3972 3709 4040 ejus
3733 3969 3797 4023 ad

2220 4132 2373 4193 bent,
2398 4140 2448 4184 et
2470 4133 2719 4201 gustavit,
2748 4140 2807 4184 ut
2832 4130 3154 4201 plerumque
3173 4129 3377 4201 legitur
3392 4128 3452 4201 in
3476 4128 3800 4201 aliis_l.itur-

2219 4203 2324 4269 aiis
2351 4197 2754 4263 Orientalibus,
2807 4197 2914 4255 non
2952 4201 3005 4254 in
3032 4199 3213 4255 Graeca
3237 4197 3428 4269 Marci,
3460 4208 3558 4252 aut
3587 4197 3800 4259 Jacobi,

2222 4268 2409 4327 Basilii
2449 4273 2533 4326 vel
2556 4271 2955 4342 Chrysostomi.
2989 4269 3124 4324 lllud
3149 4286 3315 4339 porro
3345 4268 3663 4342 Orientales
3683 4284 3805 4342 cre-

2223 4344 2363 4397 dunt
2405 4359 2472 4396 cx
2512 4339 2728 4396 vetusta
2774 4340 3090 4403 traditione,
3125 4355 3247 4409 qua:
3269 4339 3517 4406 antiquis
3548 4339 3806 4394 Patribus

2224 4414 2410 4480 ignota
2435 4422 2531 4466 aut
2564 4412 2869 4481 improbata
2891 4427 2999 4464 non
3023 4410 3144 4470 fuit,
3174 4427 3336 4479 quam
3366 4410 3588 4481 illorum
3617 4418 3805 4463 aucto-

2224 4486 2386 4537 ritate
2430 4479 2777 4537 confiruiavit
2809 4481 3100 4550 Dionysius
3126 4481 3416 4541 Barsalihi,
3446 4479 3803 4534 Commenta-

2221 4554 2305 4607 rio
2335 4557 2389 4607 in
2418 4553 2735 4619 Evangelia,
2764 4560 2820 4604 et
2847 4552 2900 4604 in
2924 4552 3193 4620 cpusculo
3231 4551 3306 4604 De
3339 4550 3703 4609 Eucharistia,
3741 4558 3803 4603 ut

2220 4633 2473 4678 auctores
2513 4618 2626 4683 alii,
2666 4622 2734 4676 de
2767 4618 2977 4690 quibus
3018 4621 3229 4676 dictum
3272 4631 3360 4675 est
3395 4620 3463 4673 ad
3497 4620 3804 4689 Liturgiam

2221 4695 2403 4748 Basilii
2435 4692 2739 4760 Copticam.

2294 4765 2369 4833 t9)
2405 4763 2694 4817 Nescimus
2742 4763 2872 4832 quid
2900 4762 3214 4833 przc‘oculis
3242 4760 3503 4833 habuerit
3534 4760 3807 4833 Maronita

2222 4830 2518 4902 interpres,
2540 4848 2665 4887 cum
2686 4830 2791 4891 hoc
2810 4830 2932 4887 loco
2954 4831 3241 4901 scripserit
3263 4850 3277 4884 :
3306 4832 3369 4886 In
3391 4830 3621 4902 Domino
3642 4831 3805 4897 conﬁ-

2224 4901 2417 4965 temur,
2443 4919 2563 4971 quce
2581 4904 2816 4957 formula
2840 4904 3104 4972 Liturgiis
3124 4902 3383 4955 omnibus
3406 4901 3673 4955 inusitata
3688 4910 3802 4972 est;

2224 4970 2523 5044 praesertim
2566 4989 2691 5027 eum
2738 4975 2803 5027 ad
2836 4970 3139 5044 marginem
3180 4972 3502 5044 ascripserit
3535 4972 3687 5044 :_T_b_v
3712 4970 3804 5024 6d-

2221 5041 2528 5115 ὐατόνησου,
2556 5045 2747 5115 Κύριε,
2774 5053 2834 5098 ιιι
2862 5041 3061 5115 legitur
3093 5043 3149 5097 in
3178 5041 3756 5115 omnibuscodicibus
3786 5060 3799 5093 :

2223 5130 2348 5168 nam
2383 5114 2474 5167 illa
2504 5114 2778 5168 confessio
2810 5112 3024 5176 mortis,
3058 5112 3486 5167 resurrectionis
3520 5121 3578 5166 et
3613 5127 3805 5166 ascen-

2224 5184 2415 5243 sionis.
2449 5183 2731 5253 futurique
2767 5185 3037 5239 adventus
3059 5182 3290 5245 Christi,
3326 5183 3513 5237 omnia
3547 5182 3806 5237 salutaris

2223 5257 2345 5327 ejus
2371 5252 2801 5327 dispensationis
2826 5254 3080 5327 mysteria
3104 5253 3512 5327 complectitur.
3545 5253 3607 5327 1n
3630 5252 3805 5306 omni-

2224 5323 2337 5397 bus
2359 5323 2645 5397 ritibus_et
2678 5323 3113 5397 linguis'iisdem
3144 5323 3335 5379 verbis
3360 5323 3711 5397 exprimitur,
3745 5330 3803 5377 ut

2224 5396 2280 5451 in
2316 5395 2511 5451 Latino
2552 5394 2784 5450 Canone
2815 5414 2829 5450 ε
2867 5394 3014 5451 Unde
3040 5404 3089 5448 et
3120 5410 3397 5458 memores,
3434 5394 3677 5457 nomine,
3710 5409 3803 5447 nos

2223 5467 2357 5521 servi
2374 5468 2477 5537 tui,
2502 5466 2591 5537 sed
2612 5474 2659 5519 et
2684 5465 2826 5537 plebs
2848 5474 2940 5537 tua
2960 5471 3170 5537 sancta,
3218 5476 3331 5519 tam
3352 5464 3519 5518 beatae
3543 5465 3802 5537 passionis

2225 5546 2273 5591 et
2308 5529 2725 5601 resurrectionis,
2758 5545 2866 5591 etc.
2902 5534 2984 5591 Ad
3011 5536 3275 5605 majorem
3306 5549 3474 5605 porro
3506 5529 3803 5605 antiquita-

2225 5608 2297 5662 tis
2318 5606 2752 5669 venerationem,
2774 5608 2888 5662 bzec
2908 5605 3084 5661 oratio
3104 5604 3289 5661 Graece
3312 5604 3521 5659 dicitur
3541 5604 3597 5658 in
3618 5604 3801 5659 Litur-

2225 5678 2311 5748 gia
2332 5676 2578 5748 Coptica,
2605 5684 2802 5748 utnon
2824 5692 3012 5748 pauca;
3033 5676 3157 5748 alia;
3179 5676 3376 5731 breves
3397 5674 3665 5748 formulae,
3688 5674 3800 5730 sive

2229 5745 2255 5802 ᾗ
2289 5745 2595 5805 sacerdote.
2632 5745 2746 5802 sive
2774 5762 2803 5801 a
2827 5745 3085 5811 diacono,
3121 5747 3236 5801 sive
3271 5761 3299 5800 a
3332 5746 3555 5816 populo.

4018 810 4031 927 ξ

4018 930 4035 1183 ξ
