4170 6330
592 377 732 433 Π)ῠῦ

1848 375 2172 432 LITUBGIA
2214 375 2268 428 S.
2313 372 2607 429 CYRlLlJ.

3712 359 3862 419 ιωι

588 499 846 553 deorsum
895 510 962 550 ει
994 494 1210 549 excelso
1248 503 1340 548 tuo
1392 504 1581 548 sancto
1603 534 1616 555 ,
1650 502 1707 547 et
1749 509 1817 547 ex
1856 493 2169 548 habitaculo
2199 500 2238 554 Α
2274 492 2596 560 procedens,
2624 488 2807 544 socius
2843 489 3024 542 throni
3058 502 3217 556 regnr
3241 484 3426 555 gloria
3459 494 3584 546 tuae,
3606 497 3732 535 cum
3765 481 3854 534 Fi-

590 601 686 644 tuo
727 597 1050 659 praeparato,
1087 595 1141 640 et
1180 601 1245 639 ex
1278 585 1758 654 incircumscripto
1788 585 1912 639 sinu
1956 596 2071 650 tuo,
2113 595 2171 637 et

587 695 656 736 ex
672 679 809 734 solio
848 678 997 748 regni
1019 677 1202 746 gloria:
1237 686 1360 739 tua,
1391 676 1711 745 paraelitum
1735 675 2167 745 Spiritumtuum

589 783 838 828 sanctum
862 813 875 835 ,
904 771 1294 825 subsistentem
1334 770 1387 822 in
1424 783 1656 838 persona
1701 779 1814 832 tua,
1851 769 2167 824 immutabi-

587 866 717 928 lem,
741 880 841 919 nec
859 861 1168 917 alterationi
1191 862 1511 924 obnoxium,
1540 862 1856 926 Dominum,
1882 862 2163 916 viviﬁcan-

590 966 722 1020 tem,
755 955 849 1026 qui
879 955 1096 1008 locutus
1117 962 1200 1007 est
1224 954 1276 1006 in
1308 953 1445 1022 lege,
1471 953 1757 1023 pr0phetis
1788 964 1844 1007 et
1869 952 2164 1022 apostolis;

589 1048 685 1118 qui
717 1056 802 1101 est
831 1046 1042 1115 ubique
1083 1056 1140 1100 et
1191 1045 1374 1100 omnia
1416 1044 1534 1097 loca
1584 1045 1787 1114 replet,
1836 1058 2015 1113 neque
2051 1044 2170 1096 loco

589 1138 904 1203 continetur
938 1157 952 1190 :
983 1139 1077 1208 qui
1110 1139 1302 1201 libere,
1334 1137 1556 1207 propria
1587 1145 1858 1206 potestate
1883 1146 2166 1204 operatur,

589 1228 892 1283 secundum
929 1229 1266 1282 voluntatem
1301 1228 1810 1297 tuam,{puritatem
1842 1227 1895 1280 in
1929 1226 1995 1280 iis
2032 1239 2169 1292 quos

589 1319 769 1389 diligit
804 1319 914 1388 (l5)
952 1337 963 1370 :
1000 1330 1056 1373 et
1081 1334 1189 1372 non
1225 1318 1368 1374 sicut
1400 1319 1800 1388 ministerzqui
1830 1329 1913 1374 est
1942 1317 2169 1386 simplex

589 1414 649 1466 in
689 1421 886 1466 natura
916 1428 1035 1474 sua,
1063 1422 1120 1466 et
1150 1411 1202 1464 in
1229 1413 1548 1482 operatione
1569 1427 1668 1466 sua
1698 1412 1984 1481 multiplex
2010 1428 2022 1464 :
2049 1410 2171 1465 fons

590 1504 862 1559 donorum
919 1504 1231 1558 divinorum
1267 1522 1286 1556 τ
1323 1504 1811 1559 consubstantialis
1857 1503 1992 1567 tibi,
2047 1519 2073 1555 a
2132 1513 2183 1556 te

665 1657 777 1729 (l3)
839 1657 1104 1726 Quamvis
1155 1658 1578 1729 controversiae,
1615 1657 1762 1729 circa
1817 1658 2161 1729 Pelagianam

2270 587 2347 639 lio
2377 595 2470 639 tuo
2510 583 2814 653 unigenito,
2849 580 3118 642 Domino,
3149 577 3280 640 Deo,
3321 575 3600 630 Salvatore
3632 582 3693 628 et
3708 573 3854 643 Rege

2271 677 2517 729 omnium
2570 684 2824 728 nostrum
2855 673 2983 728 Jesu
3013 669 3235 725 Christo
3261 709 3274 730 ,
3310 682 3475 737 super
3519 681 3619 720 nos
3666 677 3856 720 servos

2274 777 2418 830 tuos,
2458 778 2514 821 et
2544 781 2710 836 super
2740 766 2856 820 haec
2902 761 3216 817 veneranda
3257 760 3400 815 dona
3445 758 3722 828 proposita
3757 771 3854 810 co—

2274 875 2387 912 ram
2447 869 2521 922 te,
2569 873 2735 928 super
2784 857 2935 911 hunc
2981 870 3199 924 panem.
3238 863 3476 921 etsuper
3529 851 3677 904 hunc
3720 848 3853 902 cali'

2275 962 2391 1001 ce
2419 948 2552 1016 (Η),
2577 957 2640 1003 ut
2667 946 3032 1018 purificentur
3055 955 3109 998 et
3130 941 3548 997 transferantur.

2350 1038 2637 1092 Diaconus.
2668 1037 3048 1093 Attendamus.

2352 1131 2608 1201 Populus.
2639 1133 2832 1186 Amen.

2346 1223 2602 1278 Sacerdos
2639 1224 2756 1278 alta
2794 1240 2916 1276 voce
2948 1223 3164 1294 signans
3204 1229 3283 1273 ter
3316 1235 3522 1289 corpus.

2347 1318 2412 1370 Et
2445 1317 2590 1369 hunc
2619 1329 2808 1382 panem
2831 1315 3053 1382 quidem
3081 1312 3246 1368 faciat
3273 1329 3472 1381 corpus
3494 1309 3720 1366 Christi.

2353 1407 2605 1477 Populus.
2644 1408 2833 1459 Amen.

2327 1499 2603 1562 Sacerdos,
2637 1502 2854 1570 signans
2889 1506 2970 1550 ter
2990 1499 3330 1569 sanguinem.
3358 1496 3425 1552 Et
3455 1495 3851 1550 hunecalicetn

2284 1663 2529 1708 )otestate
2564 1671 2660 1707 sua
2691 1669 2779 1720 per
2834 1653 3158 1706 voluntatem
3207 1663 3376 1714 mam,
3417 1655 3471 1705 in
3511 1654 3705 1705 sanctis
3738 1654 3858 1705 sToe-

592 1722 828 1785 baires'in
863 1722 1054 1810 eteius
1093 1729 1352 1810 reliquias
1373 1727 1674 1810 Ecclesiam
1709 1722 2168 1810 griental'emfin
2204 1733 2244 1787 Β
2275 1727 2421 1810 puris
2464 1723 2789 1810 qu‘oscliqit.
2816 1809 2822 1810 γ
2845 1722 3050 1810 iisdem
3086 1723 3534 1810 veroqreciddnt
3558 1722 3854 1810 dudalagiiljlie

595 1815 836 1870 unquam
887 1797 1232 1870 agitaverint,
1276 1808 1331 1852 et
1372 1798 1677 1870 aliquando
1723 1797 1870 1870 illius
1927 1798 2166 1868 theologi

592 1867 886 1925 obscurius
908 1867 973 1923 de
1014 1869 1196 1921 divina
1244 1869 1418 1938 gratia
1459 1869 1627 1922 locuti
1655 1867 1881 1928 fuerint,
1930 1882 2050 1921 eam
2085 1867 2169 1921 ta-

594 1955 720 1994 men
749 1939 957 2017 erroris
977 1939 1126 1992 omni
1158 1939 1493 2017 suspicione,
1540 1938 1640 2017 hac
1640 1938 1736 2017 in.
1749 1947 1908 2017 parte
1957 1953 2167 2002 carere,

595 2023 789 2078 preces
829 2007 1014 2063 multa:
1068 2023 1189 2077 quae
1242 2006 1297 2061 in
1354 2007 1529 2078 sacris
1587 2006 1794 2063 Oﬂiciis
1845 2019 2165 2073 occurrunt,

591 2077 752 2148 plene
774 2078 1174 2132 demonstrant.
1196 2078 1278 2132 Ab
1302 2078 1410 2132 illis
1426 2077 1596 2141 enim,
1615 2093 1779 2147 quam
1800 2078 1869 2132 ab
1889 2078 2015 2133 ullis
2033 2079 2171 2133 scri-

592 2147 702 2218 ptis
767 2149 894 2203 aliis
967 2148 1241 2218 doctrina
1293 2148 1501 2204 certius
1575 2149 1688 2217 peti
1749 2155 1981 2218 potest,
2022 2164 2161 2218 inec

591 2217 777 2300 minus
817 2218 960 2300 apud
1007 2217 1311 2300 Orientales
1361 2233 1527 2300 quam
1556 2218 1710 2300 apud.
1746 2217 1989 2300 reliquos
2003 2217 2169 2300 Chri-

593 2288 805 2342 stianos
832 2287 880 2358 ,ί
904 2288 1073 2358 legem
1150 2287 1394 2342 credendi
1465 2287 1549 2340 lex
1605 2290 1796 2342 statuit
1856 2289 2168 2358 supplican-

593 2304 847 2352 suanos,
904 2304 1069 2410 tefem
1150 2304 1394 2342 creaenai
1465 2304 1549 2340 sex
1605 2304 1796 2342 statuit
1856 2304 2165 2358 supplican-

593 2358 682 2428 di,
745 2366 806 2412 ut
853 2357 952 2414 Cm
975 2357 1190 2412 estinus
1257 2359 1402 2427 Papa
1457 2358 1716 2426 praeclare
1789 2359 2010 2428 scripsit
2065 2359 2165 2428 (a).

593 2426 676 2482 Illi
704 2429 907 2498 quippe
929 2429 1214 2498 postulant
1236 2435 1293 2482 et
1317 2426 1634 2497 precantur,
1656 2438 1712 2480 ut
1746 2426 2046 2498 inﬁdelibus
2073 2426 2170 2480 do-

594 2497 750 2551 netur
766 2498 917 2564 ﬁdes,
937 2507 993 2550 ut
1035 2497 1336 2552 idololatria
1357 2498 1420 2551 ab
1456 2499 1741 2566 impietatis
1761 2512 1872 2551 sua
1889 2497 2175 2552 liberentur

595 2569 862 2622 erroribus
894 2585 910 2621 :
947 2576 1006 2620 ut
1053 2569 1283 2621 heretici
1334 2566 1606 2637 cat/iolicaa
1665 2568 1791 2634 ﬁdei
1847 2569 2174 2637 perceptione

597 2639 932 2707 resipiscant,
964 2647 1020 2690 ut
1077 2639 1397 2691 schismatici
1436 2635 1696 2707 Spiritum
1723 2635 1968 2690 rediuiuae
1994 2635 2173 2692 chari-

598 2710 726 2762 tatis
749 2708 1030 2778 accipiant,
1047 2715 1103 2760 ut
1127 2707 1291 2777 lapsis
1321 2708 1637 2778 panitean
1654 2707 1885 2762 remedia
1897 2708 2175 2776 conferan-

600 2787 730 2843 tur;
771 2788 829 2831 ut
860 2779 1086 2847 denique
1111 2779 1496 2848 catechumenis
1519 2777 1588 2830 ad
1639 2780 2057 2848 regenerationis
2085 2797 2174 2833 sa-

593 2858 875 2901 cramenta
906 2848 1192 2918 perductis,
1225 2847 1447 2902 calestis
1468 2847 1839 2918 misericordia
1855 2848 1983 2902 aula
2006 2865 2175 2903 reser-

597 2927 766 3000 detur.
795 2917 921 3000 lianc
937 2918 1503 3000 omnia_continentur
1540 2918 1597 2999 in
1617 2917 1880 3000 precibus
1901 2919 2174 3000 liturgicis

593 2985 992 3051 Orientalibus,
1024 2991 1138 3042 non'
1170 2988 1354 3042 minus
1378 3004 1541 3057 quam
1566 2985 1846 3042 in'Graecis
1865 2996 1921 3042 et
1941 2985 2168 3043 Latinis.

595 3057 656 3137 ln
692 3058 792 3143 ista
826 3073 956 3112 vero
977 3059 1224 3143 oratione
1257 3057 1616 3143 significatur,
1635 3057 1900 3143 Spiritum
1924 3068 2174 3143 sanctum
2203 3086 2243 3143 ρ

597 3126 655 3181 in
714 3127 845 3189 illis,
896 3144 1036 3197 quos
1074 3126 1328 3198 gratiosa
1359 3129 1640 3183 voluntate
1694 3128 1840 3182 Deus
1886 3130 2172 3197 praevenit,

597 3199 945 3253 sanctitatem
969 3213 1066 3253 seu
1091 3199 1317 3268 gratiam
1344 3199 1581 3267 operari,
1624 3209 1680 3253 et
1709 3198 1980 3252 donorum
2029 3199 2174 3253 divi-

597 3283 796 3322 norum
833 3276 1114 3323 auctorem
1155 3283 1297 3323 esse.
1337 3268 1414 3322 lta
1453 3269 1665 3322 scilicet
1713 3269 2016 3336 antiquitus
2063 3270 2176 3324 Ro-

597 3353 764 3392 mana
792 3338 1038 3396 Ecclesia
1075 3339 1129 3392 in
1159 3338 1349 3392 multis
1384 3339 1732 3392 orationibus
1763 3339 1945 3393 locuta
1984 3348 2088 3403 est,
2116 3349 2176 3396 ut

528 3415 542 3426 ‘
599 3409 655 3479 in
690 3406 1035 3479 Gregoriano
1071 3408 1272 3479 Missali
1330 3408 1450 3479 (b)_:
1477 3406 1816 3477 Omnipotens
1862 3412 2177 3478 sempiterne

599 3477 761 3550 Deus,
779 3477 952 3550 lumen
978 3478 1280 3550 indeﬁciens
1298 3479 1388 3550 qui
1402 3477 1660 3550 Spiritum
1689 3486 1838 3532 tuum
1863 3477 2173 3534 sanctum...

598 3548 845 3607 humanis
875 3548 1162 3619 declar‘asti
1186 3549 1375 3602 salutis
1410 3548 1699 3609 auctorem,
1723 3558 1949 3619 iprtesta,
1973 3567 2180 3619 quasu-

601 3635 750 3682 mus,
786 3629 842 3671 ut
871 3620 1008 3671 idem
1037 3617 1264 3688 Spiritus
1317 3620 1553 3673 veritatis
1602 3618 1850 3673 Ecclesia:
1907 3617 2012 3674 tum
2039 3621 2178 3675 dona

597 3687 1111 3759 multiplicet.ltem:
1131 3687 1325 3744 lentes
1345 3697 1574 3751 nostras,
1591 3705 1912 3759 quazsumus,
1935 3689 2175 3753 Domine,

599 3756 1060 3830 Spiritussanctus
1082 3759 1271 3814 divinis
1326 3756 2010 3830 prwparet'sacramentis,
2053 3763 2178 3830 quia

598 3828 712 3896 ipse
731 3838 805 3882 est
831 3830 1067 3900 omnium
1095 3828 1333 3886 remissio
1357 3828 1712 3900 peccatorum.
1749 3830 1881 3884 ltem
1907 3847 1918 3881 :
1946 3828 2174 3894 Prtesta,

597 3899 1169 3970 qwsumusLDomine,
1189 3911 1247 3954 ut
1272 3919 1302 3955 a
1321 3899 1513 3957 nostris
1559 3901 1816 3955 mentibus
1845 3911 1893 3954 et
1930 3903 2177 3957 carnales

599 3967 841 4026 amoueat
901 3967 1128 4039 Spiritus
1187 3979 1403 4028 sanctus
1457 3971 1696 4095 gratus,
1763 3980 1812 4023 et
1869 3972 2175 4043 spiritualia

601 4039 746 4095 nobis
764 4041 902 4095 dona
929 4048 1164 4095 potenter
1184 4041 1449 4095 infundat.
1511 4050 1653 4094 entes
1679 4049 1906 4095 nostras.
1932 4039 2173 4095 Domine.

601 4039 746 4112 nobis
764 4041 902 4099 dona
928 4048 1164 4109 potenter
1184 4039 1653 4112 infundatﬂentes
1679 4039 1907 4105 nostras,
1932 4039 2173 4106 Domine,

601 4105 830 4182 Spiritus
862 4105 1075 4182 sanctus
1099 4113 1188 4181 qui
1207 4105 1315 4166 a'te
1331 4111 1561 4182 procedit
1563 4109 1868 4182 _il_luminet,
1896 4119 1944 4165 et
1960 4113 2176 4166 inducat

600 4178 669 4252 in
693 4178 1243 4252 omnemtsicut-‘tuus
1282 4178 1518 4252 promisit
1553 4180 1739 4244 Filius,
1779 4185 2077 4237 ueritatem.
2115 4184 2175 4238 In

601 4246 804 4323 Missali
833 4249 1103 4323 Gothico:
1129 4249 1199 4305 Et
1226 4246 1296 4306 ad
1328 4269 1483 4306 omne
1515 4267 1646 4321 Opus
1671 4253 1864 4311 bonum
1897 4255 2171 4323 perducat.

600 4317 746 4393 ᾼΙὶὺί
768 4337 799 4393 _:
840 4319 902 4374 Ut
938 4317 1166 4393 Spiritus
1217 4324 1293 4376 tui
1328 4323 1527 4391 {crvore
1549 4317 1820 4393 concepto
1847 4363 1860 4386 ,
1899 4317 1962 4380 ἐτ
1987 4325 2041 4376 in
2070 4324 2176 4392 ﬁde

601 4388 939 4463 inveniamur
965 4388 1182 4449 stabiles
1218 4402 1267 4446 et
1301 4388 1356 4446 in
1387 4409 1543 4463 apere
1557 4388 1813 4460 efﬁcaces.
1838 4394 2010 4449 Porro
2031 4388 2173 4452 banc

2275 1791 2782 1862 interpretationes,
2805 1794 3055 1862 quamvis
3077 1794 3149 1848 sit
3173 1793 3438 1847 nonnulla
3457 1794 3512 1848 in
3557 1791 3740 1847 verbis
3769 1791 3855 1846 di-

2270 1865 2522 1919 versitas.
2537 1864 2829 1933 Antiquam
2848 1879 3010 1933 porro
3026 1877 3323 1932 sanamque
3339 1862 3644 1918 doctrinam
3663 1862 3860 1933 paucis

2271 1935 2457 1991 verbis
2488 1932 2871 2003 complectitur
2895 1935 3073 1988 oratio
3111 1933 3399 1988 fractionis
3431 1949 3554 2003 qua:
3579 1932 3852 2003 sequitur.

2342 2005 2455 2129 sli)
2483 2005 2540 2059 ln
2567 2002 2759 2059 codice
2777 2004 2965 2058 Graeco
2989 2004 3042 2058 in
3079 2004 3279 2074 plurali
3313 2002 3504 2072 panes,
3534 2013 3590 2058 et
3623 2002 3849 2065 calices,

2342 2097 2344 2125 ι
2372 2076 2424 2129 lo
2490 2076 2726 2129 alicuius
2780 2075 3044 2129 momenti
3087 2073 3439 2129 discrimine:
3503 2089 3628 2127 nam
3695 2086 3849 2127 mone

2271 2073 2445 2130 nullo
2490 2076 2726 2145 alicuius
2780 2075 3044 2129 momenti
3081 2073 3439 2145 discrimine;
3501 2089 3628 2145 nam
3695 2086 3853 2145 mone

2271 2153 2493 2200 vetusto
2524 2142 2822 2215 aliquando
2852 2145 3040 2213 plures
3082 2145 3282 2198 calices
3326 2144 3701 2215 aﬂ'erebaniur
3749 2142 3850 2215 qui

2271 2215 2589 2270 sufﬁcerent
2620 2211 2978 2268 multitudini
3018 2214 3566 2269 communicantium.
3606 2214 3662 2268 Si
3713 2211 3859 2283 quid

2271 2285 2549 2356 singulare
2579 2285 2723 2340 circa
2759 2287 2900 2356 hanc
2942 2285 3287 2356 disciplinam
3330 2283 3685 2339 observatum
3713 2283 3851 2337 olim

2272 2355 2329 2410 in
2358 2354 2602 2410 Ecclesia
2627 2355 2995 2410 Alexandrina
3025 2354 3150 2417 fuit,
3183 2355 3324 2410 scire
3373 2369 3482 2408 non
3532 2368 3850 2424 possumus.

2273 2425 2445 2480 Erant
2467 2427 2517 2480 in
2545 2427 2855 2488 usu,etiam
2886 2426 2938 2479 in
2973 2427 3238 2485 Romana.
3283 2427 3485 2480 calices
3510 2423 3850 2479 ministeria-

2272 2496 2374 2559 les,
2405 2496 2472 2551 de
2495 2496 2700 2564 quibus
2729 2496 2791 2548 ν.
2824 2495 2884 2550 C.
2916 2497 3156 2551 Joannes
3186 2496 3533 2552 Mabillonius
3581 2496 3636 2548 in
3677 2493 3850 2564 Coin-

2274 2563 2543 2620 mentario
2571 2567 2775 2634 praevio
2807 2566 2872 2620 ad
2906 2565 3166 2622 Ordinem
3202 2567 3508 2620 Romanum
3539 2583 3550 2617 :
3579 2566 3660 2619 An
3714 2563 3853 2619 tales

2275 2635 2482 2690 fuerint
2514 2637 2590 2690 illi
2625 2637 2999 2701 Alexandrini,
3033 2638 3307 2691 nescitur:
3346 2636 3441 2691 sed
3465 2642 3646 2704 potest
3683 2634 3850 2688 dubi-

2276 2705 2613 2776 tari.Neque
2639 2708 2788 2760 enim
2839 2708 3026 2775 plures
3068 2706 3267 2762 calices
3320 2704 3619 2776 necessarii
3667 2713 3847 2767 erant,

2275 2775 2368 2831 ubi
2395 2775 2548 2833 laicis
2575 2777 2715 2832 calix
2747 2791 2855 2830 non
2887 2778 3264 2846 prmbebatur;
3310 2775 3406 2831 sed
3443 2776 3850 2846 intinctacom-

2275 2848 2487 2917 munio,
2521 2863 2642 2917 qua:
2665 2844 3048 2916 antiquissima
3077 2855 3162 2902 est
3186 2855 3301 2901 toto
3335 2847 3537 2916 passim
3594 2844 3842 2917 Oriente.

2274 2916 2429 2983 Quod
2464 2914 2593 2972 vei‘o
2620 2917 2776 2984 panis
2794 2914 3022 2972 vocetur
3063 2933 3130 2972 eo
3154 2919 3276 2972 loco
3295 2914 3640 2972 Eucharistia
3661 2914 3850 2970 verbis

2275 2987 2578 3066 Dominicis
2599 2988 2714 3066 iam
2749 2997 3089 3066 consecrata,
3123 3003 3234 3042 non
3264 2987 3424 3058 plane
3448 2994 3849 3066 perspecteque

2279 3056 2569 3127 signiﬁcat,
2599 3058 2750 3112 illum
2783 3057 3025 3113 nondum
3074 3074 3196 3114 esse
3245 3056 3702 3127 corpus’Cbristi,
3755 3065 3851 3110 aut

2279 3143 2506 3197 prorsus
2536 3143 2646 3199 non
2664 3128 2961 3199 ess_e,quia
2997 3129 3154 3199 panis
3209 3137 3460 3184 vocatur.
3487 3127 3593 3183 Sed
3638 3142 3843 3180 novum

2279 3213 2388 3269 non
2422 3208 2506 3261 est
2540 3198 2627 3252 his
2661 3197 2716 3251 in
2736 3197 2961 3261 Olﬁciis,
2987 3197 3214 3269 utquod
3244 3214 3436 3269 verum
3484 3213 3606 3252 esse
3628 3213 3851 3269 corpus

2276 3265 2481 3338 Christi
2505 3269 2840 3338 agnoscitur,
2867 3271 3024 3338 panis
3057 3265 3314 3330 vocetur.
3346 3268 3476 3338 quia
3512 3268 3670 3337 panis
3694 3265 3849 3338 vide—

2279 3344 2390 3392 tur.
2423 3337 2589 3392 Sacra
2614 3337 2879 3408 mysteria
2907 3350 2961 3394 et
3017 3337 3380 3401 sacramenta,
3412 3340 3572 3408 panis
3602 3349 3657 3393 et
3710 3337 3852 3392 calix

2277 3418 2545 3461 vocantur
2573 3409 2870 3477 aliquando
2892 3419 3017 3463 ante
3075 3409 3579 3472 consecrationem,
3611 3423 3711 3462 nec
3764 3416 3852 3463 ta-

2277 3491 2404 3532 men
2429 3477 2554 3532 ideo
2576 3488 2897 3533 consecrata
2924 3479 3248 3543 creduntur,
3300 3495 3426 3533 cum
3451 3494 3591 3543 sape
3634 3477 3854 3534 indiﬂ‘e-

2277 3555 2464 3620 renter
2491 3556 2772 3620 vocentur
2799 3548 2851 3602 id
2883 3549 3028 3619 quod
3054 3559 3203 3614 sunt,
3237 3559 3293 3605 et
3318 3549 3372 3604 id
3396 3547 3852 3620 quodfvidentur.

2276 3616 2466 3690 l‘ieque
2493 3619 2618 3690 inde
2644 3616 2940 3690 quidquam
2967 3620 3164 3675 deduci
3200 3628 3382 3690 potest
3407 3616 3557 3676 circa
3600 3617 3857 3676 Orienta-

2278 3687 2411 3742 lium
2437 3687 2752 3758 opinionem
2777 3687 2844 3743 de
2869 3687 3306 3746 consecrationis
3326 3700 3628 3752 momento,
3666 3699 3763 3743 aut
3784 3691 3862 3748 de

2277 3758 2701 3832 verbis__quibus
2749 3760 2840 3814 illa
2897 3762 3203 3830 perﬁcitur,
3254 3771 3510 3832 tanquam
3569 3760 3637 3816 ad
3681 3759 3852 3832 Mare:

2278 3828 2504 3897 Ephesii
2526 3838 2581 3884 et
2604 3829 2835 3884 aliorum
2869 3828 3244 3886 recentiorum
3273 3828 3603 3887 sententiam
3626 3830 3858 3887 accede-

2278 3907 2420 3972 rent,
2441 3915 2562 3972 qua:
2581 3908 2865 3972 tantopere
2889 3915 2920 3954 a
2951 3901 3223 3972 theologis
3239 3903 3509 3972 exagitata
3537 3912 3640 3957 est.
3663 3901 3856 3972 Neque

2275 3969 2421 4041 enim
2450 3969 2516 4024 de
2537 3969 3100 4041 synoda’Florentina,
3128 3969 3222 4026 aut
3249 3973 3318 4027 de
3346 3969 3439 4027 illa
3475 3969 3854 4027 controversia

2275 4040 2576 4111 quidquam
2616 4041 2829 4095 sciunt:
2881 4056 3076 4096 verum
3119 4043 3423 4098 orationem
3471 4042 3856 4111 antiquissima

2278 4110 2579 4166 traditione
2609 4111 3071 4172 commendatam,
3097 4122 3153 4168 et
3184 4113 3254 4167 ab
3288 4113 3546 4168 omnibus
3566 4110 3851 4174 Ecclesiis,

2274 4181 2442 4234 etiam
2467 4181 2853 4237 communione
2902 4181 3115 4246 divisis,
3165 4193 3543 4239 conservatam
3590 4184 3710 4237 sine
3745 4181 3857 4238 ulla

2276 4253 2590 4325 suspicione
2619 4252 2881 4325 retinent,
2905 4268 3010 4325 nec
3045 4254 3279 4308 ulterius
3302 4255 3577 4325 progressi
3611 4263 3760 4325 sunt.

2345 4321 2502 4388 Quod
2525 4323 2799 4395 sequitur,
2826 4332 2874 4376 et
2892 4324 3056 4391 faciat
3074 4325 3211 4395 hunc
3229 4321 3427 4395 panem
3431 4341 3621 4394 corpus
3639 4324 3853 4395 Christi,

2277 4406 2625 4462 communem
2665 4393 3004 4462 reliquarum
3029 4393 3273 4449 omnium
3313 4393 3606 4450 lectionem
3657 4393 3866 4450 conﬁr-

602 4439 2173 4535 ᾆὲῇῑῖπῖᾦἐᾷιῖιξιὶξῖτᾷἰίόὶὶρῖἥ’ἶὶιὶίὲὶὲξὶῗιῇὶῖ’ἆέἓὶὶἷ
2203 4439 2247 4494 ι)
2278 4439 3857 4535 {iiii}?gimiiéii‘ﬁéiiékiiﬁ"iiii'ériii‘éiiii'éﬁéuiviaéi

603 4525 748 4584 dem'
766 4530 993 4600 scripsit
1014 4531 1279 4604 Didymus
1303 4550 1317 4586 :
1345 4533 1457 4588 Ista
1485 4548 1606 4588 vero
1630 4525 1947 4599 substantia,
1983 4535 2046 4588 de
2068 4551 2174 4604 qua

608 4613 748 4674 nunc
764 4616 936 4674 sermo
976 4609 1072 4674 est,
1108 4605 1383 4673 sapientia
1418 4611 1467 4668 et
1509 4605 1740 4674 scientia:
1768 4619 1816 4658 et
1867 4605 2172 4674 sanctiﬁca-

607 4668 761 4746 tionis
801 4672 1030 4746 eﬁ'ectris:
1057 4682 1152 4746 ρει,
1173 4668 1310 4746 quae
1342 4674 1543 4734 deinde
1567 4673 1744 4746 fusius
1774 4675 2027 4746 explicat.

676 4737 984 4808 Notandum
1022 4737 1221 4814 obiter'
1246 4743 1600 4814 interpretem
1637 4737 1956 4814 Maroni'tam
1992 4747 2174 4809 locum

608 4815 785 4882 totum
817 4812 1150 4882 corrupisse.
1189 4829 1315 4870 cum
1359 4812 1434 4873 ita
1456 4814 1660 4869 vertit:
1690 4812 1792 4880 Qui
1827 4815 1921 4868 dat
1966 4817 2100 4870 vires
2126 4825 2174 4869 et

609 4877 921 4956 facultatem
953 4877 1145 4956 agendi
1169 4885 1463 4956 secundum
1473 4877 1817 4956 uoluntatem
1864 4895 2032 4949 tuam,
2085 4888 2177 4956 qui

607 4960 834 5030 apparet
859 4952 915 5007 in
1045 4967 1174 5026 quos
1195 4954 1386 5030 diligit.
1419 4955 1566 5030 Nihil
1582 4956 1729 5030 enim
1750 4956 1927 5030 simile
1949 4957 2004 5011 in
2025 4952 2174 5016 testu

689 5023 860 5091 ptico,
893 5030 990 5076 aut
1011 5023 1066 5077 in
1095 5023 1448 5090 versionibus
1486 5024 1758 5088 Arabicis.
1790 5027 2036 5091 Primum
2065 5043 2176 5083 non

610 5090 891 5168 consuluit
915 5110 936 5168 :_
952 5092 1008 5146 in
1040 5094 1210 5168 altero
1233 5111 1332 5165 per
1357 5095 1552 5152 malam
1579 5096 1745 5168 unius
1763 5098 1913 5153 vocis
1937 5090 2175 5168 puncta-

613 5160 841 5238 tionem,
870 5161 937 5217 ad
971 5160 1445 5238 manifestdtionem
1475 5167 1774 5238 transtulit,
1793 5160 2022 5238 quodad
2047 5160 2177 5227 san-

612 5229 986 5309 ctiﬁcationem
1009 5229 1340 5309 pertinebat,
1356 5229 1796 5309 sententiamque
1811 5229 2006 5309 'eﬂecit
2020 5239 2180 5309 plane

613 5297 842 5384 nullam.
884 5297 1030 5384 Quid
1086 5305 1249 5384 enim
1288 5297 1578 5384 signiﬁcat
1604 5297 1871 5384 apparere
1925 5297 2182 5384 Spiritum

611 5380 857 5451 sanctum
877 5375 940 5427 iis
953 5391 1083 5451 quos
1100 5375 1271 5446 diligit
1287 5375 1392 5451 _.’At
1400 5376 1546 5451 quod
1565 5375 1824 5451 inverbis
1839 5375 2180 5451 designatur,

616 5440 752 5518 illud
776 5451 870 5518 _e_st
896 5440 1041 5518 quod
1057 5440 1448 5516 expréssimus',
1488 5447 1770 5518 Spiritum
1803 5440 2050 5508 sanctum
2094 5440 2181 5505 dii-

618 5511 1170 5600 Xinngliber‘rimaque
1191 5511 1468 5600 potestate
1504 5511 1872 5600 sanctitatem,
1899 5519 2182 5600 βου-ρυζί-

618 5579 1230 5662 ticationem___ope'ra_ri,
1265 5588 1568 5662 secundum
1596 5579 1935 5662 voluntatem
1983 5579 2182 5653 Patris.

616 5655 868 5733 iiquuos
903 5655 1105 5733 diligt.
1143 5655 1222 5733 lt_a
1259 5659 1442 5733 versio
1475 5657 1718 5733 Arabica
1759 5662 1970 5733 codicis
2006 5663 2182 5718 nostri

615 5727 1144 5784 satis.vetusti.Duo
1180 5728 1338 5803 Regii
1364 5729 1532 5802 paulo
1567 5731 1725 5790 aliter
1759 5753 1770 5786 :
1803 5731 1903 5800 Qui
1935 5740 2186 5804 operatur

675 5853 748 5924 (at
783 5856 850 5922 Ep
889 5871 977 5926 pro
997 5859 1164 5928 Prosp.
1200 5868 1250 5910 et
1275 5861 1351 5912 Hii
1398 5875 1437 5912 ς.
1476 5861 1544 5913 ll.

2278 4533 2571 4606 paralleli,_
2605 4533 2659 4587 in
2710 4532 2963 4606 Gregorii
3005 4533 3229 4605 Coptica
3278 4532 3558 4606 Liturgia,
3607 4535 3862 4593 funditus

2275 4602 2496 4676 evertit.
2528 4603 2714 4676 Neque
2735 4602 2880 4676 enim
2926 4602 3148 4676 legitur,
3171 4615 3223 4676 et
3255 4602 3549 4676 faciamus:
3588 4607 3735 4676 quod
3771 4618 3858 4663 ta-

2277 4619 2496 4658 everut.
2529 4619 2714 4727 neque
2735 4619 2880 4658 enim
2929 4619 3148 4674 legitur,
3175 4619 3223 4658 et
3255 4619 3549 4676 (amamus:
3588 4619 3735 4676 quoa
3771 4619 3858 4663 ta-

2277 4687 2404 4728 men
2457 4674 2560 4744 legi
2648 4673 2890 4744 ebebat,
2926 4675 2969 4728 si
3015 4674 3072 4730 in
3110 4675 3218 4731 alia
3266 4677 3470 4732 lectum
3527 4677 3743 4741 fuisset,
3798 4685 3862 4730 ut

2277 4743 2645 4817 convertamus
2679 4745 2772 4798 has
2809 4743 3116 4817 oblationes,
3141 4747 3199 4800 in
3241 4763 3429 4817 corpus
3456 4756 3505 4802 et
3541 4748 3859 4817 sanguinem

2275 4813 2467 4885 salutis
2502 4824 2715 4878 nostris,
2742 4829 2868 4869 cum
2884 4824 2940 4869 et
2962 4813 3188 4885 Coptice
3203 4827 3260 4872 et
3276 4813 3534 4880 Arabico,
3560 4826 3621 4871 ut
3644 4813 3856 4881 Cmce,

2278 4884 2491 4953 legatur
2509 4893 2558 4938 et
2583 4885 2766 4953 faciat,
2796 4893 2858 4940 ut
2895 4884 3177 4941 ostensum
3215 4897 3302 4942 est
3339 4888 3396 4942 in
3447 4887 3861 4944 Commentario

2278 4954 2352 5025 ad
2375 4954 2559 5009 Basilii
2597 4954 2918 5025 Liturgiam.
2950 4956 3029 5011 Ex
3054 4957 3156 5012 hac
3174 4957 3340 5013 etiam
3371 4967 3659 5014 constante
3689 4958 3859 5012 trium

2277 5023 2629 5096 Copticarum
2689 5023 2973 5080 et‘trium
3024 5027 3338 5084 Grecorum
3405 5029 3548 5084 ritus
3608 5027 3859 5096 ejusdem

2279 5094 2634 5172 Alexandrini
2674 5096 2929 5172 lectione,
2986 5096 3242 5172 Arcadii,
3295 5099 3566 5172 Neophyti
3617 5094 3860 5172 Rbodinl

2279 5174 2336 5239 et
2358 5167 2727 5239 recentiorum
2753 5166 3055 5239 multorum
3095 5166 3430 5239 conjectura?
3473 5166 3619 5226 circa
3655 5169 3863 5226 Grece

2282 5235 2661 5310 invocationis
2689 5235 3105 5310 intelligentiam
3168 5235 3519 5310 refelluntur.
3575 5239 3860 5310 Quidquid

2281 5321 2449 5380 porro
2474 5305 2814 5380 crediderint
2839 5305 3169 5380 Orientales,
3197 5309 3337 5365 nihil
3365 5311 3580 5367 confert
3602 5305 3690 5366 'ad
3717 5305 3856 5366 Pro-

2285 5377 2606 5442 teatantium
2645 5391 2898 5442 causam;
2927 5393 3053 5433 cum
3080 5379 3196 5434 sive
3245 5380 3435 5437 verbis
3465 5380 3674 5438 Christi
3723 5396 3861 5437 con-

2284 5448 2521 5519 secratio
2551 5447 2893 5519 perﬁciatur,
2934 5448 3049 5504 sive
3096 5450 3452 5519 subsequenti
3489 5452 3860 5517 invocatione,

2283 5517 2512 5600 perinde
2540 5517 2642 5573 sit:
2674 5533 2801 5598 nam
2821 5526 2973 5600 certo
2999 5519 3229 5576 credere
3252 5517 3581 5600 Orientales,
3615 5537 3864 5593 pronun-

2287 5592 2417 5664 nam
2463 5592 2830 5664 invocatione,
2858 5599 3130 5664 mutatum
3168 5606 3291 5664 esse
3327 5607 3526 5662 panem
3557 5592 3628 5664 in
3659 5607 3864 5664 corpus

2285 5657 2574 5734 Christiet
2599 5659 2789 5734 vinum
2815 5658 2871 5714 in
2896 5660 3040 5734 _ejus
3077 5657 3418 5734 sanguinem,
3453 5657 3776 5721 testimonia
3792 5661 3862 5720 ad

2289 5728 2473 5786 Basilii
2505 5727 2806 5800 Liturgiam
2836 5727 3005 5787 relata
3041 5727 3591 5802 satis'demonstrant.

2357 5860 2426 5927 (υ)
2451 5862 2564 5914 Sab.
2600 5863 2786 5915 Pentcc.
