4098 6344
583 304 722 361 1307

578 422 893 507 rejiciamns
935 437 965 476 a
1007 420 1186 480 nobis,
1222 432 1446 490 propter
1477 435 1603 474 eum
1654 417 1748 488 qui
1786 415 2034 472 ascendit
2075 416 2144 471 ad
2175 427 2218 484 Α

577 511 766 579 caios,
797 522 859 568 ut
896 514 970 568 ita
993 511 1368 583 purillcemur,
1405 521 1464 565 et
1484 510 1852 580 percipiamus
1879 507 1994 563 hac
2025 523 2145 579 my-

577 590 936 674 sterla‘pura,
972 610 1030 657 et
1062 600 1302 671 perfecte
1338 600 1607 671 puriﬁcati
1642 600 1815 654 simus
1853 597 1908 652 in
1937 598 2146 652 anima-

579 696 717 758 bus,
771 692 1126 764 corporibus,
1189 703 1246 747 et
1297 691 1590 763 spiritibus
1637 691 1876 747 nostris:
1908 689 2047 745 adeo
2090 698 2151 744 ut

580 783 873 856 participes
901 783 1073 840 simus
1102 784 1372 854 corporis,
1405 783 1549 837 sicut
1569 793 1626 839 et
1648 783 1859 847 forma,
1893 792 1950 837 et
1981 782 2150 852 partis

579 874 784 932 Christi
809 875 910 941 tui,
937 884 1046 932 etc.

891 1075 1011 1128 Alia
1044 1077 1214 1128 oratio
1243 1075 1546 1144 gratiarum
1573 1074 1812 1126 actionis.

649 1250 821 1317 Quam
844 1248 1282 1304 benedictionem
1300 1258 1396 1303 aut
1419 1263 1581 1318 quam
1608 1248 1845 1312 laudem,
1871 1255 1967 1302 aut
1985 1263 2150 1319 quam

581 1342 879 1410 gratiarum
925 1340 1195 1395 actionem
1254 1354 1546 1411 possumus
1600 1339 1900 1395 retribuere
1940 1339 2073 1411 tibi,
2116 1353 2152 1393 o

583 1432 726 1488 Deus
746 1441 954 1486 amator
989 1431 1292 1496 hominum,
1327 1431 1473 1500 quod
1496 1446 1622 1486 cum
1651 1445 1896 1485 essemus
1923 1431 2150 1501 projecti

584 1538 681 1595 per
709 1523 978 1595 judicium
1010 1521 1222 1584 mortis,
1264 1521 1609 1590 demersique
1636 1520 1692 1573 in
1724 1519 1998 1590 profundo
2021 1535 2151 1590 pec-

583 1615 713 1679 cati,
759 1614 1080 1670 concessisti
1127 1612 1288 1667 nobis
1326 1612 1675 1674 libertatem,
1721 1611 2058 1682 largitusque
2091 1627 2153 1666 es

586 1705 745 1762 nobis
771 1707 917 1761 hunc
945 1707 1127 1762 cibum
1157 1704 1520 1760 immortalem
1543 1713 1599 1758 et
1621 1705 1900 1759 caelestem
1929 1722 1941 1756 :
1975 1704 2150 1758 mani-

1835 295 2164 355 LITURGIA
2198 298 2254 354 S.
2295 299 2590 356 CYRILLI.

3739 46 4039 374 ,ππ

2566 415 2690 470 Alia
2725 417 2897 468 oratio
2920 415 3229 485 gratiarum
3263 412 3510 466 actionis.
4015 447 4039 485 δ

2323 528 2573 597 Respice,
2603 526 2851 588 Domine,
2895 483 2961 578 id
3002 523 3137 578 istos
3162 535 3351 576 servos
3384 529 3513 574 tuos
3544 518 3650 587 qui
3713 517 3879 571 iudi—
4019 483 4039 538 θ

2249 629 2385 674 nant
2411 618 2588 689 capita
2627 632 2722 672 sua
2749 630 2933 672 coram
2965 612 3142 685 gloria
3186 623 3280 668 tua
3311 621 3505 666 sancta
3552 627 3567 662 :
3597 607 3873 664 concede

2250 711 2361 765 illis
2384 711 2794 766 remisssionem
2825 718 3175 778 peccatorum
3212 718 3466 765 suorum,
3498 699 3770 756 benedie
3799 699 3869 753 il-

2249 803 2333 856 los
2373 802 2632 856 omnibus
2664 787 3142 856 benedictionibus
3176 796 3592 867 spiritualibus,
3639 803 3709 848 et
3760 810 3864 848 cu-

2249 892 2394 948 stodi
2425 908 2523 947 eos
2548 892 2772 948 dextera
2803 901 2894 946 tua
2917 890 3148 961 potenti.
3167 887 3446 943 Conﬁrma
3478 901 3587 940 eos
3621 885 3686 938 in
3711 883 3865 938 dile-

2250 983 2432 1040 ctione
2452 993 2579 1049 tua;
2603 984 2855 1054 imprime
2884 985 3135 1037 timorem
3157 991 3310 1036 tuum
3331 977 3604 1033 cordibus
3626 989 3863 1036 eoru;

2251 1076 2404 1148 aperi
2449 1075 2639 1131 oculos
2687 1077 2998 1130 animarum
3042 1075 3293 1136 illorum,
3343 1080 3405 1126 ut
3440 1072 3638 1156 luceat
3681 1081 3866 1136 super

2252 1172 2399 1242 ipsos
2426 1171 2610 1224 lumen
2637 1168 2944 1223 divinitatis
2972 1178 3078 1223 tua:
3102 1185 3116 1220 :
3146 1167 3355 1221 instrue
3383 1164 3508 1217 illos
3529 1161 3704 1216 donis
3736 1158 3871 1229 Spi—

2253 1262 2395 1316 ritus
2427 1261 2506 1315 tui
2531 1258 2704 1314 sancti
2739 1276 2752 1311 :
2783 1257 3065 1312 circumda
3094 1270 3192 1310 eos
3221 1264 3502 1308 armatura
3549 1258 3646 1303 tua
3693 1267 3709 1300 :
3757 1261 3867 1301 cu-

2253 1352 2398 1408 stodi
2421 1366 2518 1407 eos
2551 1350 2654 1406 sub
2680 1349 2876 1404 umbra
2910 1347 3175 1402 bonitatis
3209 1357 3319 1401 tua:
3357 1363 3369 1397 :
3400 1345 3586 1398 libera
3634 1356 3742 1395 eos
3795 1337 3869 1393 ab

2252 1443 2514 1513 cperibus
2568 1440 2726 1495 malis
2779 1438 3005 1502 diaboli,
3058 1445 3116 1491 et
3167 1445 3391 1490 contere
3448 1433 3645 1486 omnia
3681 1444 3872 1499 opera

2252 1536 2374 1605 ejus
2408 1533 2512 1588 snb
2546 1531 2781 1602 pedibus
2805 1530 3023 1584 illorum
3056 1525 3340 1580 velociter.
3369 1524 3450 1578 Da
3484 1521 3606 1577 illis
3633 1529 3698 1575 ut
3733 1535 3873 1590 per-

2253 1626 2439 1682 ﬁciant
2469 1633 2738 1694 pracepta
2773 1631 2864 1676 tua
2893 1628 3078 1676 sancta
3107 1636 3121 1670 :
3151 1618 3332 1672 insere
3359 1615 3473 1670 illis
3505 1613 3868 1668 desiderium

2254 1720 2526 1774 bonorum
2565 1727 2785 1770 tuorum
2833 1722 3164 1768 aeternorum
3199 1728 3213 1762 :
3251 1706 3437 1761 deduc
3491 1720 3596 1760 eos
3636 1720 3670 1759 a
3725 1717 3872 1774 pace

4029 957 4034 1032 ῐ

4031 1225 4038 1256 ι

585 1799 902 1868 l‘cstastique
937 1799 1095 1854 nobis
1129 1797 1234 1853 hoc
1282 1799 1626 1868 mysterium,
1664 1812 1889 1866 prorsus
1926 1797 2156 1851 abscon—
2189 1781 2228 1836 Β
2259 1805 2314 1858 in
2343 1817 2534 1874 pacem
2569 1820 2583 1855 ε
2618 1801 2816 1856 robora
2847 1815 2946 1855 eos
2978 1797 3315 1854 exercitibus
3349 1794 3688 1863 angelorum
3741 1802 3868 1846 tuo-

585 1890 761 1944 ditum
788 1890 1048 1944 asreculis
1068 1901 1124 1944 et
1143 1889 1610 1960 generationibus,
1640 1902 1699 1944 ut
1722 1900 1980 1961 appareat
2008 1905 2157 1945 nunc
2262 1911 2385 1950 rum
2431 1896 2786 1949 sanctorum‘:
2814 1891 3076 1962 operibus
3113 1903 3374 1942 manuum
3418 1887 3653 1941 illorum
3690 1885 3867 1940 bene-

588 1977 980 2048 principatibus
1003 1988 1060 2034 et
1091 1979 1456 2049 potestatibus
1481 1980 1801 2034 ccelestibus
1824 1997 1893 2035 ex
1914 1979 2158 2036 Ecclesia
2263 1987 2392 2042 dic:
2429 1985 2604 2056 dirige
2636 1999 2856 2039 omnem
2896 1982 3147 2038 semitam
3182 1995 3400 2043 eorum,
3427 1989 3490 2035 et
3525 1993 3666 2048 rege
3686 1978 3863 2032 vitam

589 2065 868 2138 multiplex
902 2068 1165 2139 sapientia
1194 2078 1305 2125 tua.
1333 2071 1496 2132 Deus,
1517 2071 1610 2140 qui
1643 2087 1808 2141 opera
1840 2082 2023 2127 nostra
2055 2087 2158 2142 gu-

590 2159 787 2215 bernas
809 2175 908 2230 per
936 2161 1284 2231 sapientiam,
1329 2163 1575 2234 dignare,
1623 2175 1684 2219 ut
1725 2165 2160 2235 comprehenda-

589 2266 713 2306 mus
739 2251 880 2306 banc
914 2251 1261 2308 clementiam
1283 2269 1551 2311 summam
1603 2265 1770 2319 tuam,
1801 2266 1857 2311 et
1889 2257 2160 2326 magnitu-

2266 2079 2486 2133 illorum
2521 2095 2534 2130 :
2563 2076 2696 2147 jube
2733 2091 2854 2146 qua:
2895 2075 3006 2129 illis
3039 2074 3182 2128 bona
3211 2081 3269 2127 et
3295 2070 3702 2125 convenientia
3731 2079 3865 2124 sunt

2270 2170 2608 2240 contingere,
2653 2178 2710 2222 et
2743 2177 2803 2222 ut
2844 2182 2966 2236 quae
3010 2165 3119 2220 illis
3165 2163 3490 2218 concredita
3528 2171 3671 2216 sunt
3720 2160 3864 2216 bene

2265 2271 2506 2326 vertant,
2558 2277 2765 2331 nosque
2805 2260 2970 2314 simul
3011 2275 3134 2314 cum
3168 2257 3302 2328 ipsis
3343 2255 3500 2327 digni
3549 2256 3863 2311 elﬁciamnr

591 2341 774 2398 dinem
803 2353 1043 2414 paterna:
1093 2361 1221 2413 erga
1257 2360 1359 2400 nos
1390 2361 1535 2400 cura
1559 2355 1664 2402 tua
1699 2346 2162 2417 benignitatisque
2260 2352 2434 2422 gratia
2464 2361 2582 2413 tua,
2640 2359 2697 2405 et
2735 2351 3022 2405 mittamus
3045 2347 3114 2402 ad
3158 2356 3212 2402 te
3251 2361 3481 2402 sursum
3521 2345 3728 2402 laudes
3770 2361 3857 2399 re-

593 2443 718 2488 tum.
747 2433 885 2490 Vere
913 2446 970 2491 tu
992 2453 1051 2492 es
1079 2438 1165 2492 cui
1199 2437 1432 2493 debetur
1459 2439 1638 2493 omnis
1654 2439 1846 2509 gloria,
1879 2440 2158 2510 majestas,

597 2529 1164 2600 bonoretimperium,
1201 2539 1327 2585 ante
1349 2531 1534 2586 omnia
1559 2533 1781 2596 sarcula,
1818 2531 2001 2596 Pater,
2037 2530 2163 2597 Fili,

593 2632 652 2678 et
667 2620 902 2692 Spiritus
934 2630 1122 2680 sancte
1159 2641 1172 2676 :
1201 2638 1370 2689 nunc,
1421 2633 1528 2680 etc.

2262 2441 2411 2512 gales
2445 2456 2568 2512 qua:
2587 2439 2855 2512 maiestati
2885 2452 2992 2495 tua:
3009 2438 3317 2502 debentur;
3339 2447 3398 2492 et
3422 2437 3682 2493 concede
3702 2437 3859 2493 nobis

2265 2541 2327 2587 ut
2380 2532 2727 2588 inveniamus
2765 2530 3022 2587 ﬁduciam
3055 2545 3242 2587 coram
3278 2537 3332 2585 te
3365 2544 3471 2600 per
3503 2529 3860 2586 intercessio-

2268 2639 2418 2690 nem,
2443 2633 2554 2679 etc.

1881 3521 1972 3578 Εἰ
1983 3521 2199 3579 PLICIT
2237 3521 2597 3580 CYRILLUS.
