4098 6344
223 380 3500 453 2m

1488 592 1663 639 ANNO
1707 594 1928 638 DOMINI
1970 597 2133 640 (ΣΠΧΧ
2147 599 2209 641 XI

1050 660 2700 1031 THEODOTUS

825 1174 1617 1297 ANCYBAN
1654 1183 1841 1298 US
1960 1187 2957 1327 EPISCOPUS.

1613 1581 2127 1674 ΝΟΤΙΤΙΑ

959 1772 1227 1832 (Garum.
1256 1774 1486 1827 Veterum
1509 1780 1719 1829 Patrum
1747 1776 1998 1838 Biblioth.,
2027 1788 2148 1833 tom.
2174 1783 2255 1843 1x,
2287 1785 2507 1850 Proleg.,
2532 1801 2579 1851 p.
2608 1784 2785 1851 xxvn.)

282 2079 326 2134 ι.
363 2078 703 2175 Theodotus,
734 2083 963 2150 Ancyra:
994 2086 1050 2141 in
1080 2086 1289 2169 Galatia
1314 2090 1627 2175 episcopus,
1661 2092 1803 2148 male
1830 2095 1877 2153 Δ
1906 2094 2069 2151 dibus
2115 2096 2309 2161 eﬂ‘ert,
2347 2114 2444 2153 eos
2487 2098 2769 2168 appellans
2816 2098 3082 2169 episcopos
3122 2105 3332 2149 sancto:
3363 2095 3505 2165 opti-

202 2171 502 2229 Cennadio
539 2174 613 2246 (a)
645 2185 702 2230 et
731 2175 973 2233 Honorio
1002 2178 1079 2251 (b)
1101 2180 1397 2237 Theodorus
1428 2171 1800 2256 nuncupatus,

205 2266 362 2323 inter
387 2283 562 2324 annos
586 2269 790 2326 Christi
832 2273 937 2328 430
979 2283 1035 2329 et
1072 2275 1177 2330 MO
1222 2278 1423 2348 pietate
1454 2295 1517 2334 ac
1552 2280 1803 2336 doctrina

207 2361 560 2430 potissimum
595 2364 814 2420 claruit.
844 2365 1072 2422 Sanctus
1098 2369 1300 2424 dicitur
1332 2369 1643 2441 SOphronio
1674 2372 1805 2428 Hie-

208 2456 630 2527 rosolymitano,
659 2459 688 2510 6
720 2459 778 2511 ὲν
810 2459 986 2525 ἁγίοις
1017 2460 1291 2527 Θεόδοτος.
1322 2464 1376 2518 in
1406 2465 1665 2536 synodica
1690 2468 1808 2537 epi-

208 2546 357 2602 stola
383 2548 529 2617 apud
573 2549 829 2605 Photium
861 2552 951 2623 (ε).
990 2552 1109 2619 Quo
1134 2566 1384 2625 tempore
1413 2557 1663 2613 fervebat
1691 2560 1799 2615 ha:-

206 2639 357 2694 resis
389 2640 750 2707 Nestoriana,
793 2642 1059 2714 Cyrillum
1106 2634 1538 2704 Alexandrinum
1585 2651 1807 2721 egregie

206 2731 446 2814 adjuvit,
478 2749 653 2806 eoque
680 2737 902 2791 nomine
934 2739 1107 2808 ipsius
1138 2743 1544 2811 συναγωνιστὴς
1575 2742 1679 2797 fuit
1706 2759 1805 2813 ap-

208 2822 449 2894 pellatus
481 2824 579 2895 (d).
611 2826 775 2882 Multa
804 2828 1106 2885 identidem
1133 2848 1318 2888 coram
1345 2833 1600 2889 Patribus
1627 2835 1808 2903 Ephe-

205 2914 353 2970 einis
386 2914 751 2974 interlocutus
770 2922 1108 2990 comperitur
1139 2922 1208 2994 (ε)
1231 2942 1246 2989 ;
1272 2924 1369 2979 sed
1400 2926 1491 2979 illa
1527 2925 1582 2979 in
1613 2926 1808 2995 primis

208 3008 477 3073 notanda,
505 3025 629 3080 qum
651 3011 1075 3069 advenientibus
1099 3015 1377 3085 Ephesum
1403 3017 1637 3072 Romani
1665 3034 1806 3088 pon—

209 3099 380 3156 tiﬂcis
408 3102 597 3172 legatis
628 3104 681 3157 in
706 3103 990 3159 leestini
1012 3106 1230 3162 laudem
1250 3116 1335 3163 est
1365 3110 1697 3179 praelocutus
1718 3112 1803 3182 (ι’).

208 3191 274 3249 In
302 3210 370 3250 eo
396 3196 701 3251 venerabili
724 3198 1089 3253 ducentorum
1110 3201 1332 3257 Patrum
1360 3213 1504 3259 coetu
1533 3212 1590 3257 et
1611 3205 1806 3274 quinto

209 3296 269 3342 et
292 3287 526 3358 septimo
544 3288 667 3343 loco
686 3289 1034 3361 subscriptus
1054 3291 1255 3363 legitur
1275 3292 1370 3365 (g).
1390 3295 1661 3349 Praeterea
1676 3310 1803 3350 cum

208 3388 423 3449 septem
454 3380 578 3436 aliis
598 3382 667 3437 ab
690 3383 886 3438 eodem
912 3386 1148 3441 concilio
1176 3386 1459 3458 delegatus
1480 3388 1806 3458 perhibetur

208 3472 281 3529 ad
312 3472 681 3543 imperatores
707 3476 1082 3533 Theodosium
1104 3489 1177 3535 ‘et
1198 3480 1665 3547 Valentinianum,
1693 3499 1805 3554 quo

207 3564 478 3620 adversus
522 3565 833 3623 Orientales
873 3569 1277 3639 Ephesinorum
1311 3572 1537 3629 Patrum
1581 3590 1803 3631 causam

208 3669 401 3730 ageret
427 3659 526 3733 (Ii).
570 3660 823 3717 Advertit
854 3660 1191 3733 Lequienius
1223 3662 1306 3735 (ἰ),
1338 3681 1484 3721 anno
1516 3666 1630 3722 158
1662 3666 1804 3721 scri-

209 3751 388 3819 psisse
416 3752 748 3809 Alexandria
769 3754 1034 3826 Cyrillum
1062 3756 1130 3811 ad
1156 3759 1335 3828 ipsum
1361 3767 1417 3813 et.
1444 3759 1511 3813 ad
1540 3757 1804 3814 Acacium

209 3842 628 3900 Melitenensem
664 3861 729 3902 ac
761 3847 1007 3903 Firmum
1049 3848 1442 3905 Cmsariensem
1475 3850 1766 3921 epistolam
1787 3893 1803 3916 ,

209 3951 319 4005 qua
347 3938 639 3992 consilium
674 3938 744 3993 ab
775 3940 859 3995 eis
890 3941 1117 4011 expetit,
1150 3942 1285 4011 quid
1318 3940 1465 3997 facto
1492 3958 1633 4013 opus
1659 3952 1806 3999 esset

211 4026 268 4080 in
300 4042 463 4082 causa
491 4028 769 4085 Theodori
800 4029 1191 4100 Mopsuesteni,
1220 4047 1386 4102 quem
1415 4032 1725 4089 Orientales
1750 4035 1804 4089 in

209 4133 310 4174 sua
342 4120 553 4191 synodo
580 4120 920 4178 Antiochcna
948 4123 1175 4179 minime
1208 4125 1579 4180 damnandum
1618 4126 1804 4183 decla-

212 4222 491 4268 raveram.
520 4213 676 4269 Haud
703 4223 881 4271 exstat
906 4217 1129 4287 quidem
1162 4218 1278 4274 hinc
1298 4219 1528 4289 epistola
1557 4220 1611 4274 in
1634 4221 1803 4276 Joan-

208 4304 546 4361 nis-Auberti
567 4306 811 4363 editione
831 4324 1059 4379 operum
1080 4309 1503 4382 Cyrillianorum
1523 4330 1538 4378 ;
1560 4312 1656 4368 sed
1680 4329 1804 4367 eam

209 4396 503 4465 proferunt
547 4398 739 4452 Binius
783 4400 846 4471 (j)
891 4408 948 4455 ct
990 4402 1244 4459 Baluzius
1292 4404 1400 4475 (k);
1450 4405 1799 4477 incipitque:

210 4488 402 4544 Latere
440 4499 588 4545 tuam
636 4509 740 4545 non
780 4496 1013 4563 Oportuit
1044 4498 1403 4551 sanctitatem.
1443 4498 1656 4555 Vidcsis
1699 4501 1802 4555 Fa-

210 4577 451 4634 bricium
488 4580 571 4650 (ι).
599 4580 846 4652 Denique
879 4583 1024 4638 idem
1056 4587 1288 4641 antistes
1320 4588 1721 4645 Alexandrinus
1748 4591 1803 4646 in

209 4672 565 4745 Apologetico
591 4674 658 4729 ad
682 4675 1053 4732 Theodosium
1081 4678 1383 4750 Augustum
1410 4680 1529 4749 (nt),
1551 4681 1804 4737 Theodo-

1908 2204 2155 2258 mumque
2183 2190 2238 2244 in
2270 2192 2440 2244 omnis
2469 2191 2672 2244 virtutis
2706 2205 2895 2259 genere
2925 2191 3280 2244 testimonium
3310 2188 3506 2243 haben-

1908 2290 2003 2348 tes,
2031 2284 2337 2338 divinarum
2370 2301 2575 2355 quoque
2608 2282 3008 2355 Scripturarum
3038 2285 3376 2353 peritissimos
3408 2300 3505 2354 ap-

1906 2377 2178 2447 primeque
2207 2389 2422 2445 gnaros.
2458 2374 2672 2442 Quibus
2702 2373 2887 2428 verbis
2914 2371 3248 2441 colloquium
3294 2372 3349 2425 in
3386 2370 3502 2440 pri-

1906 2467 2012 2523 mis
2045 2467 2286 2538 respexit
2326 2466 2585 2539 Cyrillus,
2623 2464 2769 2536 quod
2814 2463 3135 2519 Theodotus
3174 2472 3231 2517 et
3271 2461 3505 2517 Aeacius

1907 2560 2155 2615 habuere
2181 2559 2251 2614 de
2280 2559 2388 2615 ﬁde
2416 2558 2687 2614 catholica
2714 2572 2839 2612 cum
2875 2557 3147 2619 Nestorio,
3181 2555 3237 2609 in
3280 2553 3503 2609 concilii

1906 2652 2174 2722 Ephesini
2206 2653 2344 2707 actis
2371 2652 2607 2706 relatum
2639 2650 2740 2721 (η).
2772 2648 2894 2716 Quo
2918 2657 3102 2703 autem
3127 2662 3273 2702 anno
3302 2662 3372 2701 ex
3400 2646 3505 2701 hac

1905 2747 2017 2799 vita
2061 2744 2366 2801 decesserit
2391 2744 2732 2823 Theodotus,
2763 2742 2912 2797 haud
2941 2751 3026 2797 est
3054 2741 3282 2796 omnino
3309 2740 3503 2809 explo-

1906 2847 2110 2892 ratum.
2154 2838 2489 2907 Supremum
2532 2851 2663 2891 sane
2692 2836 2839 2890 diem
2870 2833 3087 2890 obierat
3119 2832 3329 2887 dudum
3374 2839 3506 2887 ante

1905 2946 2114 2985 annum
2161 2930 2301 2992 416,
2345 2945 2458 3000 quo
2503 2929 2735 2984 Proclus
2778 2925 3423 3005 constantinopolitanus
3470 2938 3504 2978 e

1907 3023 2046 3077 vivis
2060 3020 2317 3084 excessit,
2342 3029 2403 3075 ut
2423 3020 2605 3091 arguit
2619 3019 2876 3074 laudatus
2892 3015 3230 3087 Lequienius
3250 3014 3345 3084 (ο).
3365 3013 3503 3069 Nam

1906 3116 2203 3177 Eusebius,
2226 3112 2499 3168 Theodoti
2530 3126 2837 3173 successor,
2869 3124 2997 3164 cum
3025 3108 3166 3162 forte
3191 3105 3507 3185 Constantio

1908 3207 2093 3279 nopoli
2117 3213 2326 3276 ageret,
2351 3220 2409 3259 se
2441 3202 2754 3259 ordinatum
2798 3215 2828 3254 a
2852 3200 3019 3254 beato
3049 3196 3245 3251 Proclo
3272 3201 3505 3249 testatus

1904 3310 1990 3356 est
2024 3301 2080 3355 in
2111 3299 2349 3355 concilio
2373 3295 2811 3354 Chalcedonensi
2851 3290 2928 3363 (p)
2977 3309 2990 3344 :
3019 3290 3131 3344 Καὶ
3160 3287 3503 3359 ἐχειροτονή-

1908 3394 2010 3465 θην
2038 3391 2192 3463 παρὰ
2225 3389 2320 3442 τοῦ
2355 3387 2628 3458 μακαρίου
2662 3384 2931 3457 Πρόκλου.

1980 3484 2046 3540 Π.
2080 3482 2378 3553 Complura
2424 3479 2646 3549 scripsit
2676 3476 3021 3541 Theodotus,
3069 3488 3308 3545 quorum
3354 3468 3504 3525 indi-

1909 3579 2058 3633 cium
2082 3576 2283 3647 partim
2309 3590 2378 3629 ex
2404 3573 2577 3643 ipsius
2600 3569 2917 3637 testimonio
2936 3567 3035 3642 (ιι).
3054 3567 3253 3637 partim
3272 3581 3341 3620 ex
3366 3564 3506 3618 actis

1908 3669 2203 3740 Ephesinis
2228 3664 2323 3737 (r),
2349 3664 2550 3736 partim
2578 3679 2646 3718 ex
2669 3662 2982 3733 Epiphanio
3009 3660 3243 3715 diacono
3276 3657 3330 3712 in
3364 3655 3507 3711 actis

1907 3760 2129 3817 concilii
2156 3759 2363 3814 Nicaeni
2388 3774 2425 3811 ιι
2454 3754 2519 3827 (s)
2538 3754 2605 3810 ad
2643 3770 2743 3810 nos
2763 3769 2939 3823 usque
2967 3750 3242 3822 pervenit.
3268 3744 3505 3803 Aliunde

1909 3862 2093 3908 tamen
2122 3850 2400 3914 novimus,
2424 3848 2529 3903 alia
2555 3861 2777 3918 quoque
2806 3844 3070 3899 nonnulla
3098 3842 3300 3897 litteris
3324 3839 3507 3896 consi-

1907 3962 2103 4019 gnasse
2146 3944 2519 4006 Theodotum,
2553 3949 2757 4011 preter
2783 3954 2849 3994 ea
2876 3953 2999 4009 qua:
3027 3953 3096 3993 ex
3124 3935 3260 3990 locis
3288 3934 3503 3989 indica-

1908 4042 1979 4097 tis
2010 4047 2304 4096 eruuntur.
2332 4036 2696 4105 Quaecunque
2728 4048 2864 4088 vero
2892 4031 3075 4088 adhuc
3101 4038 3385 4099 superant,
3414 4026 3504 4081 di-

1906 4136 2142 4207 ligenter
2169 4132 2495 4203 collegimus
2526 4139 2691 4200 atque
2729 4128 2823 4183 hic
2852 4126 3131 4190 sistimus;
3160 4125 3229 4179 de
3264 4123 3500 4194 quibus,

1905 4235 2073 4299 prout
2122 4226 2315 4281 eadem
2364 4224 2727 4294 digessimus,
2778 4220 2971 4291 paucis
3013 4234 3163 4273 nunc
3204 4214 3501 4286 agendum.

1907 4318 2154 4375 Primum
2190 4317 2359 4388 igitur
2390 4314 2789 4385 Expositionem
2830 4309 3166 4382 proferimus
3202 4310 3257 4362 in
3295 4305 3504 4377 symbo—
3562 4342 3565 4345 -

1909 4410 2019 4463 lum
2046 4409 2342 4472 Nicwnum,
2364 4407 2600 4462 diacono
2630 4403 2943 4476 Epiphanio
2968 4401 3213 4457 secundo
3231 4401 3353 4455 loco
3382 4415 3501 4453 me-

1906 4510 2209 4566 moratam,
2241 4500 2339 4572 τὴν
2372 4499 2670 4571 ἑρμηνείαν
2720 4499 2821 4569 τὴν
2856 4498 2938 4561 εἰς
2984 4497 3046 4549 τὺ
3090 4494 3361 4565 σύμϐολον
3392 4492 3503 4545 τῶν

1906 4597 1965 4649 ὲν
1994 4594 2203 4667 Nomia
2223 4594 2393 4663 ἁγίων
2417 4592 2700 4664 Πατέρων.
2730 4590 2904 4657 Quam
2933 4590 3157 4661 quidem
3194 4586 3503 4657 Expositio~

1905 4702 2034 4742 nem
2062 4702 2130 4742 ex
2159 4692 2379 4741 vetusto
2412 4699 2516 4739 ms.
2564 4683 2755 4738 codice
2799 4681 3153 4737 bibliotheca:
3185 4678 3501 4735 Barbcrime

212 4769 328 4815 tum
348 4771 602 4819 nostrum
627 4772 684 4820 et
706 4764 968 4821 Acacium
990 4768 1401 4825 Melitenenscm
1429 4773 1659 4828 summis
1684 4774 1802 4829 lau-
1828 4801 1871 4858 ο
1906 4779 2121 4847 primus
2148 4776 2442 4846 descripsit
2468 4790 2534 4830 ac
2562 4774 2756 4830 Latine
2789 4774 3032 4829 reddidit
3064 4774 3243 4828 Lucas
3279 4772 3500 4827 Holste-

287 4916 364 5060 Ea)
388 4916 636 4973 Gennad.
673 4918 752 4973 De
778 4919 886 4975 Vir.
912 4920 1137 4985 ωηατ..
1166 4938 1285 4995 cap.
1320 4924 1405 4978 53.

307 4988 359 5060 ὁ)
403 4987 609 5044 Honor.
636 4990 868 5060 August.
912 4992 990 5046 De
1028 4996 1209 5060 script.
1253 4995 1401 5060 eccl.,

307 4988 359 5060 b)
403 4987 609 5044 Honor.
636 4990 868 5063 August.
912 4992 990 5046 De
1028 4996 1209 5065 script.
1234 4987 1401 5062 ἐσσι,
1452 4998 1547 5053 lib.
1592 5014 1648 5064 ιι,
1675 5015 1794 5069 cap.

377 5132 540 5189 Phot.
578 5132 714 5189 Bibl.
750 5133 876 5189 cod.
907 5135 1036 5200 231,

209 5057 299 5115 54.

283 5130 360 5276 θ)
377 5132 540 5189 Phot.
578 5132 714 5189 Bibl.
750 5133 876 5189 cod.
907 5135 1031 5200 231,

382 5202 563 5276 Cone.
594 5205 802 5276 Nicaea.
831 5221 891 5271 ιι,
924 5213 1031 5263 act.

209 5268 409 5329 Concil.
444 5274 578 5330 edit.
604 5268 923 5332 Ven-Labb.

245 5342 353 5469 083
393 5344 566 5469 (igne.
593 5345 820 5417 Ephes.,
855 5359 962 5404 act.
994 5349 1047 5414 1,
1078 5359 1210 5405 tom.
1258 5350 1324 5406 Ill
1365 5352 1592 5420 Concil.,
1635 5370 1793 5427 pagg.

354 5456 369 5469 .
481 5416 757 5469 08.1057.

212 5411 369 5479 1000,
409 5414 569 5479 1008,
599 5411 757 5472 1057.

373 5486 514 5559 Ibid.
541 5496 649 5543 act.
686 5488 742 5551 2,
773 5503 893 5559 pag.
932 5490 1087 5546 1149.

394 5556 535 5631 Hild.
572 5568 680 5619 act.
715 5556 925 5631 1,'pag.
959 5561 1065 5617 993
1092 5571 1147 5617 et
1182 5563 1338 5619 1077.

394 5626 533 5700 ιδιά.
572 5638 679 5685 act.
701 5630 772 5700 _6,
804 5626 927 5700 pag.
959 5632 1115 5689 1513.

375 5696 644 5779 ξςρυὶεη.
798 5696 991 5779 Christ:
1020 5713 1153 5758 tom.
1187 5705 1230 5768 1,
1256 5722 1378 5779 pag.
1416 5708 1541 5763 464.

373 5486 514 5542 lbid.
541 5496 649 5543 act.
686 5488 742 5551 2,
773 5503 893 5559 pag.
932 5490 1087 5546 1149.

338 5555 359 5698 ζ
394 5556 535 5619 Ibid,
572 5568 680 5619 act.
715 5560 766 5622 1,
804 5574 925 5631 pag.
959 5561 1065 5617 993
1092 5571 1147 5617 et
1182 5563 1338 5619 1077.

394 5626 533 5683 ιδιά.
572 5638 679 5685 act.
717 5630 772 5695 6,
843 5646 927 5700 ag.
959 5632 1115 5689 1513.

303 5696 344 5780 i_)
375 5696 644 5779 Lequien.
679 5698 772 5755 0r.
798 5644 991 5757 (Blirist.
1020 5713 1153 5758 tom.
1187 5705 1230 5768 1.
1256 5722 1378 5779 pag.
1416 5708 1541 5763 464.

331 5766 503 5837 )Bm.
548 5768 745 5826 Conril.
782 5778 912 5828 tom.
944 5773 1009 5834 Il.
1048 5786 1167 5845 part
1217 5793 1275 5844 ιι,
1308 5794 1431 5850 pag.
1467 5779 1555 5834 70.

1103 5152 1187 5207 ag.
1217 5136 1336 5193 890.
1587 5188 1595 5194 .

1065 5152 1125 5263 ἓ.
1160 5223 1280 5263 nae.
1316 5209 1473 5263 1141.
1513 5220 1595 5263 ton

1110 5247 1125 5271 ,
1159 5223 1280 5278 pag.
1316 5209 1473 5275 1141,
1513 5220 1645 5266 toni.
1681 5212 1798 5268 Vlll

1898 5433 1966 5488 17

1977 4934 2050 5006 (k)
2076 4929 2262 4990 Baluz.
2294 4934 2521 5006 Concil..
2554 4927 2681 5006 a'pp.
2717 4951 2839 5006 pag.
2876 4936 3000 4990 917.
3084 4900 3101 4914 ρ

1976 5004 2039 5152 ξι)
2072 5006 2291 5062 Fabric.
2321 5004 2459 5060 Bibl.
2493 5004 2606 5063 Cr.‘
2630 5004 2759 5061 tom.
2795 5006 2928 5070 Vlll,
2965 5023 3098 5132 pag.

2004 5075 2077 5150 ιη)
2104 5076 2275 5133 Cone.
2317 5076 2545 5147 Ephes.,
2575 5086 2716 5147 part.
2763 5093 2841 5141 ιιι,
2876 5092 2998 5149 pag.
3069 5078 3098 5133 ἓ)

2004 5075 2077 5150 ιιι)
2104 5076 2275 5133 Cone.
2317 5076 2545 5147 Ephes.,
2575 5086 2716 5147 part.
2763 5093 2841 5141 ιιι,
2876 5075 2998 5149 pag.
3034 5075 3102 5133 15

1902 5158 2033 5294 min
2090 5218 2233 5274 Ibid.
2260 5227 2367 5273 act.
2398 5218 2452 5282 ι,
2477 5234 2601 5290 pag.
2630 5219 2789 5275 1049.

1974 5217 2056 5433 έοξ
2087 5288 2529 5418 ἓθῳὲἶηὸῖιέῗζ
2664 5369 2702 5416 ι.
2734 5363 2789 5417 ιε

1994 5380 2030 5433 ρ
2133 5376 2257 5416 οιιοι
2478 5376 2554 5427 c,
2596 5378 2659 5418 ac

2000 5308 2029 5345 0

3124 5006 3246 5059 583.

3103 5076 3191 5140 60,
3239 5084 3369 5131 tom.
3407 5076 3496 5140 lli,

2091 5288 2373 5361 Lequien,
2390 5289 2429 5361 l.
2456 5288 2505 5346 c7.

1970 5358 2052 5489 (ﬁ)
2087 5358 2298 5416 Concil.
2341 5358 2554 5427 Chalc.,
2596 5369 2702 5418 act.
2734 5363 2821 5427 16,
2858 5371 2990 5416 tom.
3020 5362 3089 5417 IV
3112 5361 3339 5425 Conril.,
3368 5378 3494 5433 pag.

1970 5502 2324 5646 fqg'l‘heodot.
2359 5502 2601 5574 Exposit.
2629 5504 2658 5575 ς
2689 5504 2780 5568 24,
2804 5503 2969 5566 intra,
2992 5520 3128 5587 _pag.
3154 5504 3276 5560 459.
3432 5577 3441 5587 -

1998 5592 2025 5627 r
2090 5574 2261 5646 Cone.
2295 5574 2500 5646 Ephes.
2535 5585 2677 5646 part.
2725 5591 2804 5640 ιιι,
2842 5574 3044 5631 ϐοηειι.
3095 5586 3228 5631 tom.
3267 5573 3357 5639 Ill,
3394 5592 3441 5629 Cl

1998 5573 2046 5642 ν)
2090 5574 2261 5631 Cone.
2295 5573 2500 5642 Ephes.
2535 5573 2677 5642 part.
2725 5591 2804 5640 ιιι,
2842 5574 3044 5631 Concil.
3083 5573 3228 5631 _tom.
3267 5573 3357 5639 Ill,
3394 5577 3490 5629 cit.

1900 5644 2007 5718 pag
2047 5686 2061 5699 .
2094 5645 2254 5711 1512,
2291 5644 2427 5728 isse
2450 5653 2509 5701 et
2533 5644 2689 5703 ists.

1903 5662 2045 5845 1
2061 5715 2460 5845 ξῗῗῗοῗῖαω
2478 5733 2538 5784 ¹¹³
2562 5727 2671 5777 ac"

1974 5714 2045 5791 [3)
2061 5715 2460 5791 Concalfiicmn.
2478 5733 2538 5784 ιι,
2562 5727 2671 5777 act.
2701 5717 2756 5783 6,
2777 5714 2978 5773 Coucil.
3015 5726 3148 5774 tom.
3169 5716 3308 5778 Vill.
3338 5732 3496 5791 pagg.

1903 5787 2043 5845 HM
2067 5796 2124 5843 ct
2154 5787 2309 5845 1-198.
