4098 6344
619 290 752 352 1311

619 503 854 557 invicem
871 509 1266 571 comparatum,
1284 507 1412 552 nota
1437 499 1779 568 eonsignavit
1805 502 1935 553 anni
1954 500 2082 555 1651
2107 501 2191 573 lt).

620 594 831 651 Prodiit
870 603 1050 647 autem
1097 591 1410 661 hujusmodi
1457 591 1784 660 opusculum
1828 592 2013 647 Romae
2053 610 2196 648 anno

622 686 780 746 £669,
810 685 1074 740 Clementi
1102 683 1174 737 IX
1195 681 1441 753 pontiﬁci
1468 683 1703 738 maximo
1732 695 2103 754 nuncupatum
2127 685 2196 739 ab

621 776 1053 831 eminentissimo
1075 773 1369 829 Francisco
1392 773 1655 828 cardinali
1677 773 1976 842 Barberino
2002 795 2014 830 :
2038 775 2197 830 illud-

621 882 728 936 que
751 865 1007 933 deinceps
1029 864 1348 920 Franciscus
1368 863 1732 922 Combeﬁsius
1754 883 1880 922 cum
1908 885 2044 924 nova
2069 885 2195 923 ver-

621 959 775 1012 sione
807 972 870 1011 ac
907 958 1070 1018 notis,
1101 958 1390 1027 subjuncta
1416 973 1634 1029 quoque
1667 957 1923 1014 Germani
1965 963 2197 1030 patriar-

621 1050 736 1104 che
772 1047 1356 1118 Constantinopolitani
1400 1048 1632 1104 Humilia
1679 1051 1734 1104 in
1785 1061 1984 1106 sancte
2017 1052 2196 1108 Maria:

619 1141 1024 1202 dormitionem,
1060 1141 1477 1204 iterumedidit
1516 1143 1739 1197 Parisiis
1767 1159 1912 1198 anno
1955 1144 2110 1206 i675,
2140 1144 2193 1198 8.

621 1229 772 1284 lianc
798 1247 926 1284 vero
949 1230 1245 1285 editionem
1266 1231 1743 1296 Combeﬁsianam,
1764 1250 1927 1305 quam
1948 1251 2017 1289 ne
2033 1235 2198 1292 Tille—

621 1322 861 1376 montius
889 1322 1112 1391 quidem
1134 1323 1272 1378 vidit
1301 1324 1402 1395 (ιι),
1428 1325 1555 1379 licet
1581 1326 1742 1382 nobis
1769 1341 1985 1381 summo
2013 1328 2197 1383 studio

619 1412 1002 1483 conquisitam,
1036 1413 1180 1467 haud
1209 1422 1390 1469 tamen
1415 1416 1700 1484 acquirere
1720 1417 1877 1472 licuit
1907 1436 1919 1470 :
1953 1416 2198 1488 adeoque

620 1502 925 1558 Romanam
970 1504 1172 1559 alicubi
1210 1506 1536 1560 recensitam
1576 1507 1961 1576 nonnullisque
1993 1509 2199 1563 notulis

619 1594 882 1663 subjectis
912 1597 1064 1664 prelo
1094 1596 1486 1651 commisimus.
1523 1597 1759 1666 Conjicit
1785 1598 2067 1653 Fabricius
2100 1597 2194 1669 (υ),

619 1696 758 1751 opus
798 1683 1142 1752 inscripsisse
1175 1685 1516 1740 Theodotum
1560 1687 1756 1752 Lauso,
1789 1703 1953 1756 quem
1999 1690 2056 1744 in
2086 1691 2193 1745 ﬁne

1723 291 2070 350 THEODOTI
2107 292 2409 350 EPISCOPI
2460 292 2634 350 ANCY
2643 289 2823 351 BAN.

616 412 764 474 nius,
799 407 892 480 qui
924 416 1218 478 utrumque
1247 416 1563 462 contextum
1604 407 1820 461 erudita
1855 410 1976 479 ejus
2026 425 2190 465 manu

2295 411 2541 481 agnoscit
2569 409 2656 464 his
2682 408 2866 469 verbis
2892 407 3016 477 (ἀμ
3039 407 3306 461 θγκετι-
3331 402 3424 462 οὖν
3457 404 3606 476 μετά
3632 404 3748 476 τὴν
3778 405 3886 457 ιι-
3995 385 4000 464 έ

2301 520 2386 556 σιν
2413 501 2552 555 Θιθῦ
2569 501 2704 572 πρὸς
2726 499 3009 570 ᾶνθρωπον
3027 499 3158 552 ΔΥΟ
3184 499 3572 560 ΠΡΛΓΜΔΤΛ
3601 501 3887 568 νοήσαντες

2297 598 2345 648 oi
2375 594 2637 664 Πατὲρες.
2665 595 2886 655 εἰκότως
2909 590 3120 660 Ἰησοῦν
3149 590 3416 659 λέγον-τις.
3441 592 3541 644 τὸν
3569 589 3717 642 Θεὸν
3731 591 3883 657 Λόγον

2299 686 2641 753 σημαίνουσι,
2665 687 2759 738 καὶ
2781 683 2923 738 κατὰ
2949 683 3044 736 τοῦ
3068 681 3317 749 Θεολὸγου
3347 683 3694 753 φράζοντες,
3729 682 3882 748 Λόγοι

2295 775 2386 828 τὸν
2418 777 2714 847 ὁρώμενον,
2750 775 2958 844 Ἰησοῦν
3006 774 3428 846 ἑρμηνεύουσιν·
3470 772 3577 829 ΟΥ
3613 775 3754 828 τΑΣ
3782 774 3883 828 οἳ·

2296 866 2446 918 ΣειΣ
2491 867 2960 931 ΣΥΓΧΕΟΝΤΕΣ,
2995 864 3131 918 ἀλλὰ
3181 864 3468 932 δηλοῦντες
3517 864 3632 932 τὴν
3682 866 3880 918 tm.

2294 949 2480 1004 Patres
2530 954 2693 1022 igitur
2737 961 2852 1022 post
2895 954 3139 1005 unionem
3185 951 3282 1005 Dei
3328 953 3397 1005 ad
3433 953 3746 1016 hominem,
3791 968 3881 1006 nos

2293 1056 2384 1094 ul
2425 1058 2646 1097 LIPLIUS
2680 1059 2810 1098 ουλε
2847 1059 2941 1098 nes
2987 1042 3369 1114 intelligentes,
3407 1045 3609 1096 merito
3654 1061 3771 1098 cura
3804 1043 3882 1098 ls-

2292 1150 2409 1187 sum
2439 1138 2637 1200 dicunt,
2682 1136 2850 1189 Deum
2896 1136 3120 1190 Verbum
3161 1137 3469 1207 designant;
3511 1145 3568 1189 et
3606 1136 3879 1190 secanda-

2299 1225 2612 1297 Theologum
2647 1227 2936 1297 loquentes,
2979 1229 3195 1283 Verbum
3228 1229 3362 1299 quod
3395 1229 3573 1282 oculis
3599 1230 3878 1291 ridebatur,

2293 1315 2475 1371 Iesum
2515 1320 2932 1389 interpretantur
2970 1335 2988 1373 :
3029 1335 3130 1374 non
3164 1336 3581 1375 cosrunnnsres
3631 1336 3895 1390 sum“

2294 1407 2386 1460 sed
2419 1410 2668 1462 unionem
2697 1409 3042 1463 ostendentes.
3072 1410 3211 1465 Ecce
3239 1410 3338 1464 tibi
3375 1410 3739 1465 Theodotum
3766 1425 3878 1466 san-

2294 1498 2400 1551 ctis
2425 1498 2680 1553 Patribus
2704 1499 3072 1554 adhaerentem
3109 1517 3214 1553 non
3246 1500 3696 1570 confundentibus
3732 1515 3880 1556 uta-

2297 1605 2405 1652 ras,
2441 1589 2686 1659 adeoque
2720 1589 2858 1645 duas
2883 1599 2938 1645 et
2965 1591 3142 1661 ipsum
3170 1601 3394 1648 naturas
3419 1593 3478 1647 in
3504 1593 3738 1649 Christo
3765 1610 3878 1664 pro-

2299 1678 2566 1735 ﬁtentem.
2597 1681 2667 1736 At
2698 1683 2846 1738 enim
2895 1681 3041 1738 idem
3088 1683 3406 1739 Theodotus
3457 1686 3631 1754 paulo
3671 1694 3792 1740 ante
3829 1687 3876 1741 in

621 1769 818 1826 blande
851 1773 1144 1840 compellat
1171 1772 1246 1842 (τι)
1285 1774 1371 1828 bis
1393 1774 1578 1829 verbis
1610 1790 1761 1838 usus,
1797 1776 1923 1846 φίλη
1960 1779 2187 1849 κεφαλή,

2295 1771 2514 1827 Christo
2555 1774 2654 1826 οὐκ
2704 1774 2892 1837 οὐσίας
2940 1774 3226 1847 διαφόρους
3277 1775 3643 1830 admittebat.
3695 1776 3874 1832 Audio.

620 1875 892 1932 quemque
916 1871 1178 1930 praeterea
1202 1863 1361 1918 initio
1380 1879 1409 1918 a
1431 1865 1633 1934 pietate
1653 1881 1716 1921 ac
1738 1865 1863 1922 ﬁdei
1887 1871 2195 1925 constantia

619 1951 916 2020 plurimum
933 1953 1280 2010 commendat
1304 1972 1316 2007 :
1339 1953 1519 2010 Lauso
1540 1957 1764 2027 inquam
1783 1959 1882 2024 illi,
1901 1961 1988 2015 cui
2007 1971 2195 2017 noster

617 2041 815 2111 pmsul
870 2042 1190 2116 Ancyranus
1242 2048 1582 2116 nuncupavit
1654 2048 1810 2104 libros
1867 2068 1959 2106 sea:
2010 2062 2194 2107 contra

615 2129 918 2187 Nestorium
949 2149 1099 2190 nunc
1140 2134 1473 2206 deperditos,
1512 2147 1572 2192 ut
1602 2150 1793 2196 auctor
1834 2153 1918 2198 est
1961 2144 2196 2215 Epipha-

617 2224 745 2279 nius
775 2225 812 2278 l.
843 2241 894 2281 c.

689 2335 776 2390 Ill.
823 2333 1116 2393 Celebrato
1155 2339 1265 2409 jam
1315 2343 1551 2396 concilio
1596 2345 1902 2414 Ephesino,
1949 2348 2195 2420 adeoque

617 2423 869 2480 Nestorio
917 2427 1203 2496 deposito,
1263 2430 1526 2486 adversus
1581 2433 1729 2489 hunc
1780 2436 2194 2494 haeresiarcham

615 2516 879 2585 scriptum
921 2517 1235 2586 hujusmodi
1271 2534 1410 2588 opus
1455 2525 1705 2594 arguitur
1737 2541 1804 2579 ex
1846 2529 2012 2583 variis
2061 2530 2196 2585 locis

617 2604 756 2658 infra
785 2605 1041 2662 indicatis
1069 2607 1175 2678 (y);
1202 2608 1295 2662 ubi
1317 2609 1635 2668 Theodotus
1652 2615 1966 2670 Nestorium
1992 2619 2192 2688 ipsum,

613 2696 781 2750 etiam
829 2700 1052 2754 nomine
1098 2708 1288 2765 tenus,
1333 2704 1689 2773 aggreditur:
1730 2708 1841 2761 nisi
1887 2709 2027 2764 forte
2069 2712 2194 2780 quis

617 2788 771 2843 malit
813 2789 991 2845 eidem
1032 2793 1185 2862 Operi
1219 2809 1440 2849 manum
1478 2797 1792 2854 admovisse
1825 2799 2190 2870 Theodotum,

618 2878 750 2935 dum
782 2881 962 2936 adhuc
986 2883 1177 2939 Patres
1203 2884 1257 2938 in
1292 2887 1526 2942 concilio
1552 2891 1726 2944 coacti
1766 2894 2078 2949 manebant.
2103 2895 2195 2951 Sic

618 2973 765 3026 enim
790 2972 984 3028 scribit
1014 2972 1084 3044 (s)
1113 2992 1126 3028 :
1154 2975 1481 3048 Principium
1511 2995 1632 3050 ergo
1653 2980 1778 3049 ﬁdei
1803 2983 1866 3036 de
1897 2983 2190 3056 Unigenito,

2297 1864 2438 1931 Quid
2476 1875 2591 1920 tum
2634 1869 2857 1937 postea?
2890 1867 2973 1922 An
3000 1883 3132 1924 vero
3155 1869 3238 1923 sui
3271 1869 3459 1924 statim
3489 1870 3728 1931 oblitus,
3757 1886 3876 1926 coa-

2299 1957 2460 2011 traria
2485 1959 2674 2027 paucis
2696 1958 3037 2030 interpositis
3058 1960 3342 2031 scripserit
3364 1961 3602 2032 Ancyra
3629 1962 3874 2024 antistes.

2298 2057 2358 2104 ut
2380 2050 2527 2120 quod
2555 2050 2630 2104 ibi
2653 2051 2816 2105 modo
2838 2052 3072 2122 negarit,
3096 2052 3185 2107 hic
3203 2067 3328 2108 mox
3350 2055 3668 2108 assemerit
3683 2054 3710 2106 ἵ
3737 2053 3882 2109 Haud

2295 2150 2381 2196 est
2414 2157 2564 2203 sane,
2595 2141 2742 2212 quod
2768 2142 3057 2212 quisquam
3084 2144 3136 2198 id
3154 2145 3277 2214 jure
3300 2152 3546 2199 censeat.
3578 2144 3767 2201 Locus
3786 2147 3878 2201 ita-

2295 2247 2403 2301 que
2445 2233 2698 2302 superius
2731 2233 3010 2303 objectus,
3057 2248 3166 2288 non
3191 2235 3300 2304 jam
3332 2249 3400 2288 eo
3440 2250 3616 2290 sensu
3648 2250 3761 2306 quo
3788 2234 3877 2290 Le-

2297 2324 2572 2393 quienius,
2602 2324 2954 2394 accipiendus
2980 2324 3228 2389 videtur;
3259 2324 3356 2380 sed
3379 2341 3447 2379 eo
3471 2327 3676 2396 utique
3706 2342 3807 2398 quo
3825 2326 3875 2382 ia

2296 2413 2604 2483 posteriore
2627 2415 2896 2470 sententia
2923 2415 3039 2484 ipse
3062 2415 3378 2470 Theodotus
3399 2416 3564 2480 dixit,
3589 2419 3776 2472 οὖκέτι
3794 2419 3876 2472 δύο

2298 2505 2614 2574 πράγματα,
2669 2505 2722 2558 id
2751 2517 2853 2568 est,
2887 2524 2988 2559 non
3013 2506 3134 2576 jam
3168 2507 3394 2578 amplius
3425 2509 3562 2562 duas
3599 2526 3688 2563 ra
3714 2509 3878 2565 diver-

2297 2611 2385 2650 sas
2413 2613 2475 2650 ac
2505 2595 2810 2661 distinctas,
2835 2597 2951 2651 sive
2975 2596 3114 2651 duas
3137 2611 3398 2667 personas
3424 2599 3482 2652 in
3516 2598 3751 2655 Christo
3770 2613 3875 2654 esse

2296 2686 2676 2756 intelligendas
2705 2705 2716 2740 :
2748 2687 3062 2742 Nestorium
3094 2686 3352 2741 nimirum
3382 2702 3750 2759 oppugnaris;
3771 2689 3873 2758 qui,

2294 2788 2358 2834 ut
2386 2781 2570 2835 verbis
2611 2789 2734 2834 utar
2757 2780 2962 2835 Petavii
3004 2780 3111 2850 (ε),
3155 2791 3412 2852 quartum
3455 2781 3515 2835 in
3555 2781 3875 2838 Trinitatem

2295 2870 2556 2927 invehere
2585 2872 2832 2936 studens,
2867 2871 3008 2927 duos
3039 2888 3099 2927 re
3127 2873 3240 2942 ipsa
3272 2882 3560 2942 separatos
3589 2889 3660 2929 ac
3682 2873 3880 2944 disjun-

2295 2971 2430 3017 ctos'
2453 2978 2482 3017 a
2518 2978 2576 3017 se
2608 2971 2819 3026 mutuo,
2849 2963 2954 3018 hoc
2984 2971 3089 3027 est,
3121 2979 3383 3044 personas
3428 2964 3590 3029 duas,
3627 2965 3686 3019 in
3733 2965 3878 3020 Chri-

765 3062 992 3170 f’eﬁmt
1035 3068 1285 3170 sed?“
1459 3044 1590 3125 εειηέ
1634 3044 1770 3170 έηεπξ
1820 3044 3878 3170 demimaifftﬁ'1mstjri’1‘ﬂ:tu:%2‘:f:-.’3E:Er::‘§f

619 3153 905 3224 disquisitio
940 3157 1003 3210 ab
1047 3157 1172 3228 ipsis
1207 3160 1589 3225 institueretur,
1623 3165 1761 3234 quod
1794 3177 1914 3219 tuis:
1946 3173 2192 3238 temporis

617 3244 796 3312 Arius,
845 3250 920 3302 uti
971 3266 1107 3305 nunc
1147 3250 1479 3318 Nss'ronws;
1516 3254 1705 3308 idcirco
1736 3262 2036 3329 congregati
2071 3269 2195 3315 tunc

619 3340 867 3407 temporis
897 3337 1104 3404 Patres,
1130 3357 1196 3395 vr
1222 3357 1288 3395 ET
1309 3358 1466 3409 nunc,
1487 3354 1592 3400 etc.
1626 3363 1638 3399 :
1665 3347 1756 3400 καὶ
1779 3349 1919 3412 τότε,
1942 3351 2194 3423 καθάπερ

619 3429 712 3483 καὶ
732 3429 846 3485 νῦν.
884 3430 996 3500 (Sic
1023 3432 1168 3486 enim
1197 3432 1289 3488 hic
1319 3433 1631 3504 legendum,
1661 3448 1722 3494 ut
1751 3440 1888 3495 infra
1917 3442 1970 3496 in
1995 3446 2193 3501 erratis

616 3517 1000 3590 advertimus.)
1046 3518 1152 3574 Sed
1190 3519 1324 3575 illud
1373 3521 1718 3592 potissimum
1753 3525 1809 3579 in
1859 3526 1964 3582 hoc
2009 3529 2194 3584 libello

615 3605 1030 3668 attendendum,
1054 3607 1201 3676 quod
1223 3608 1278 3661 in
1299 3623 1366 3662 eo
1387 3623 1444 3663 se
1465 3610 1918 3666 animadvertisse
1947 3621 2101 3682 putat
2121 3615 2190 3670 cl.

614 3697 948 3768 Lequienius
981 3698 1061 3755 sic
1103 3700 1358 3769 inquiens
1399 3700 1476 3770 (a)
1525 3719 1537 3755 :
1579 3721 1597 3752 ι
1651 3703 2063 3761 Theodotus-in
2095 3723 2193 3764 sua

615 3789 969 3860 Expositione
1005 3789 1270 3846 adversus
1293 3791 1630 3858 Nestorium,
1665 3794 1896 3866 Eutychi
1935 3797 2193 3862 hmnetico

615 3879 1014 3949 quadamtenus
1052 3881 1362 3950 prmlusisse
1389 3882 1642 3948 videtur,
1673 3884 1916 3941 diversas
1956 3887 2094 3943 duas
2133 3891 2189 3945 in

614 3967 833 4024 Christo
845 3969 1164 4040 abnegando
1180 3979 1424 4035 naturas,
1439 3972 1537 4024 οὐκ
1555 3973 1738 4035 οὐσίας
1755 3975 2040 4046 διαφόρους
2057 3978 2150 4048 (b).
2165 3997 2184 4030 ι

617 4057 742 4115 Haec
773 4060 884 4114 ille.
927 4060 1088 4114 Gravi
1137 4076 1266 4116 sane
1310 4077 1543 4117 censura
1592 4073 1812 4120 notatus
1861 4065 1949 4121 hic
1993 4070 2188 4136 praesul

614 4149 954 4221 Ancyranus.
980 4155 1047 4206 At
1071 4167 1221 4216 vero,
1248 4169 1359 4222 quo
1381 4165 1539 4224 pacto
1560 4154 1776 4211 demum
1804 4158 2034 4230 Eutychi
2055 4177 2192 4230 pne-

616 4241 811 4301 tusisse
852 4242 1250 4302 existimandus
1293 4243 1640 4312 Theodotus,
1689 4248 1815 4316 qui,
1858 4259 1917 4302 ut
1959 4250 2191 4320 legimus

615 4333 759 4403 apud
805 4333 1061 4388 Photium
1095 4334 1183 4405 (c),
1217 4336 1272 4390 in
1314 4337 1544 4406 epistola
1590 4339 1848 4409 synodica
1895 4341 2187 4411 Sophronii

618 4421 1094 4495 Hierosolymitani
1119 4437 1434 4483 recensetur
1457 4429 1600 4484 inter
1632 4433 1934 4502 praecipuos
1972 4446 2189 4492 sanctos

616 4516 822 4579 Patres,
852 4535 1075 4588 quorum
1109 4522 1402 4575 testimonia
1443 4523 1699 4593 duplicem
1734 4527 1789 4578 in
1833 4525 2036 4581 Christo
2077 4528 2184 4583 Deo

617 4617 793 4663 nostro
813 4611 1170 4677 Operationem
1192 4612 1546 4682 prwdicarunt
1565 4615 1589 4666 .9
1605 4613 1724 4681 Quo
1744 4625 1920 4685 pacto,
1941 4617 2184 4689 inquam,

617 4700 753 4754 duas
773 4701 823 4753 in
844 4701 1061 4755 Christo
1087 4712 1312 4756 naturas
1328 4703 1625 4774 abnegasse
1649 4705 1914 4762 dicendus
1933 4710 2185 4765 Theodo-

621 4802 728 4855 tus,
763 4793 854 4862 qui
886 4809 976 4847 eas
1004 4803 1194 4850 contra
1233 4796 1289 4850 in
1314 4796 1420 4852 hoc
1435 4797 1676 4868 ipsomet
1712 4803 1976 4871 opusculo
2007 4805 2186 4874 palam

705 5089 744 5158 t)
778 5090 855 5144 Ex
880 5091 1073 5144 monit.
1100 5093 1164 5146 ad
1190 5094 1377 5149 lector.
1402 5095 1534 5151 edit.
1566 5098 1721 5150 Rom.

708 5161 761 5236 re)
784 5159 1012 5236 '_l‘i_lle_m.
1045 5170 1171 5236 t_o_r_n_.
1201 5163 1336 5236 ξιν,
1364 5181 1484 5236 pag.
1517 5166 1641 5229 252,
1668 5177 1783 5222 not.
1811 5169 1862 5223 l.

705 5229 754 5308 υ)
784 5229 997 5308 flabris.
1043 5230 1175 5308 δίει.
1207 5233 1296 5308 Gr.
1332 5229 1590 5308 tomjrlX,
1622 5253 1746 5308 pag.
1773 5241 1899 5303 270,
1937 5256 2087 5296 num.
2123 5242 2156 5295 4

705 5253 754 5298 ιη
786 5253 997 5285 raurlc.
1043 5253 1175 5284 Dios.
1207 5253 1296 5315 ur.
1332 5253 1461 5288 tom.
1500 5253 1590 5318 ut,
1613 5253 1746 5360 Ιρδε.
1773 5253 1899 5303 Ὴυ,
1937 5256 2033 5294 ηυῐ

704 5298 759 5379 τε)
796 5298 1059 5379 Theodot.
1089 5302 1337 5379 prposit.
1369 5305 1397 5373 ς
1427 5307 1516 5370 24,
1555 5322 1610 5360 ιιι
1635 5323 1728 5379 ra,
1753 5325 1875 5379 pag.
1912 5310 2033 5366 459.

686 5369 758 5492 (ἕ)
797 5369 876 5423 ld.
915 5371 1050 5424 ibid.
1087 5369 1200 5457 gf.
1239 5369 1408 5437 infra',
1446 5391 1582 5499 ἵεις.
1637 5369 1770 5444 45οξ
1887 5379 1969 5443 l0,
2016 5380 2172 5443 ibid.,

676 5437 696 5490 Ι
746 5479 760 5499 ,
796 5455 916 5499 patr.
954 5442 1078 5499 452.
1114 5443 1140 5499 ἑ
1173 5442 1257 5499 i7,
1294 5459 1415 5499 nae.
1479 5446 1566 5499 35.

612 5441 641 5509 ς
676 5441 760 5502 l3,
794 5455 916 5563 rag.
954 5441 1140 5510 452.16
1173 5442 1257 5523 i7,
1294 5459 1415 5514 pag.
1446 5441 1566 5501 435'.

689 5508 758 5591 {si
796 5509 870 5591 _d.
901 5509 1034 5591 ibid.
1064 5511 1098 5591 §_
1126 5512 1180 5574 9,
1214 5511 1373 5569 mira.
1403 5529 1520 5586 pag.
1551 5516 1671 5571 450.

711 5578 766 5644 a)
796 5578 1121 5648 Lequienfl.
1151 5600 1198 5637 c.
1403 5578 1442 5648 ⁷,

686 5644 756 5740 gl!)
794 5644 1060 5716 Theodol,
1096 5651 1329 5723 Exposit.
1369 5660 1394 5723 §
1435 5644 1514 5720 l0,
1547 5655 1705 5722 infra,
1738 5673 1856 5729 pag.
1880 5660 2002 5729 d3].

2295 3143 2517 3214 quidem
2562 3145 2945 3200 Tillemontius
2985 3147 3040 3200 in
3067 3145 3353 3216 Lequienii
3388 3148 3725 3200 sententiam
3751 3164 3877 3217 pra-

2294 3237 2469 3293 iverat
2500 3237 2592 3309 (f):
2627 3248 2703 3299 at,
2735 3238 2922 3292 libello
2941 3239 3203 3292 attentius
3229 3237 3494 3308 perlecta,
3515 3237 3797 3294 immerito
3818 3256 3879 3294 eo

2293 3329 2514 3383 nomine
2547 3327 2696 3398 carpi
2731 3327 3076 3389 Theodotum
3113 3328 3284 3398 probe
3313 3327 3604 3383 intellexit.
3641 3329 3879 3401 Quapro-

2294 3430 2416 3491 pter
2456 3421 2827 3491 amplissimus
2874 3419 3168 3476 cardinalis
3209 3419 3548 3475 Barberinus
3578 3421 3648 3476 de
3697 3423 3858 3492 hujus

2293 3513 2440 3568 modi
2478 3514 2747 3585 Theodoti
2778 3527 2943 3584 opere
2983 3510 3152 3566 verba
3185 3510 3422 3575 faciens,
3460 3511 3596 3566 illud
3638 3529 3760 3569 esse
3793 3531 3860 3583 σρ

2294 3607 2461 3675 prime
2504 3604 2879 3675 theologicum,
2914 3604 3260 3657 sincerissime
3303 3603 3685 3667 orthodmm,
3733 3605 3879 3659 ualde

2295 3695 2572 3750 laudatum
2607 3695 2885 3759 veteribus,
2911 3696 3035 3766 jure
3070 3695 3278 3763 optimo
3301 3697 3700 3763 pronuntiasse
3726 3698 3877 3753 intel-

2293 3787 2480 3858 ligitur
2511 3787 2607 3858 (9).

2361 3898 2449 3952 Ν.
2471 3899 2879 3968 Expositionem
2899 3900 2954 3954 in
2971 3899 3278 3972 symbolum
3298 3900 3579 3956 Nicetium
3596 3905 3875 3973 excipiunt

2291 3988 2530 4044 homilize
2561 4004 2675 4052 sex,
2720 4006 2953 4061 quarum
2986 4000 3098 4047 tres
3129 3991 3348 4062 priores
3386 4007 3454 4046 ex
3484 3994 3624 4049 actis
3657 3996 3871 4050 concilii

2292 4079 2551 4149 Ephesini
2575 4079 2982 4151 desumpsimus
3007 4080 3104 4153 (Ιι).
3132 4083 3334 4136 Harum
3361 4084 3538 4152 prima
3561 4094 3616 4139 et
3641 4086 3873 4141 secunda

2290 4169 2344 4220 in
2382 4169 2518 4222 diem
2552 4167 2789 4223 natalem
2818 4167 3112 4225 Saluatoris
3141 4171 3361 4234 habitae,
3385 4179 3551 4242 atque
3587 4174 3644 4228 in
3683 4176 3870 4229 eodem

2289 4260 2522 4314 concilio
2552 4260 2706 4314 lectte
2739 4261 2909 4316 fuisse
2949 4262 3223 4318 feruntur.
3257 4264 3324 4317 Et
3356 4264 3532 4334 prima
3562 4266 3789 4334 quidem
3821 4268 3869 4320 in

2290 4351 2484 4407 haeresi
2532 4353 2853 4408 Nestoriana
2890 4355 3251 4426 oppugnanda
3297 4364 3407 4410 tota
3453 4366 3735 4413 versatur.
3784 4359 3868 4413 Se-

2223 4478 2264 4531 D
2291 4443 2466 4496 cunda
2491 4459 2642 4508 vero,
2672 4446 2831 4515 cujus
2852 4446 3016 4500 etiam
3047 4447 3297 4501 meminit
3319 4448 3664 4520 Epiphanius
3694 4453 3865 4508 diaco-

2291 4552 2394 4590 nus
2425 4537 2478 4594 in
2520 4538 2655 4591 actis
2683 4537 2901 4592 concilii
2926 4538 3130 4604 Nicani
3156 4556 3190 4594 ιι
3238 4541 3319 4611 (i),
3351 4542 3574 4598 Photini
3597 4545 3764 4601 simul
3789 4563 3864 4602 er-

2292 4642 2447 4681 rores
2479 4627 2698 4682 evertit.
2735 4627 2864 4694 Quae
2902 4636 2986 4684 est
3019 4638 3202 4686 autem
3234 4632 3426 4687 ordine
3454 4635 3636 4697 tertia.
3671 4637 3862 4708 Ephesi

2291 4726 2483 4771 contra
2505 4717 2819 4772 Nestorium
2846 4719 3031 4775 habita
3051 4721 3256 4776 dicitur
3278 4725 3332 4777 in
3351 4725 3434 4778 die
3453 4729 3627 4780 samti
3648 4727 3858 4781 Joannis

2293 4807 2643 4879 evangelista.
2674 4811 2749 4866 De
2790 4811 2876 4868 his
2905 4827 3072 4883 porro
3103 4815 3281 4871 tribus
3323 4817 3566 4872 homiliis
3594 4820 3780 4887 adeas,
3822 4825 3858 4875 si

2338 5111 2416 5249 ελ
2443 5113 2601 5239 frmat.
2635 5115 2769 5171 Bibl.
2808 5119 3089 5203 cod..25l,
3133 5139 3254 5204 pag.
3287 5123 3407 5178 890.

2539 5186 2722 5240 eodot.
2759 5189 2994 5249 Exposit.
3030 5193 3056 5249 ᾗ
3097 5193 3183 5249 l5.
3221 5193 3379 5249 mira.

2454 5183 2722 5263 Theodot.
2759 5189 2994 5263 Exposit.
3030 5183 3183 5263 ςήιδ,
3205 5183 3379 5259 inira,
3413 5197 3678 5263 paglfrl.

2340 5253 2411 5390 ξι
2436 5254 2630 5380 tisi.-
2667 5257 2991 5384 ιέεηξητιῑι·
3031 5261 3128 5390 1.1::-
3165 5253 3216 5326 θ’
3256 5253 3376 5334 “vi
3413 5253 3628 5339 λοῖέδ·

2640 5369 2651 5380 .
2809 5368 2823 5381 .
2988 5371 3002 5390 ,
3108 5348 3158 5390 ιι.
3194 5333 3317 5390 295.

2436 5324 2651 5403 Tillem.
2691 5336 2823 5382 tom.
2863 5329 3002 5403 XIY,
3038 5324 3317 5403 pag.7295.

2338 5394 2414 5529 $51;
2445 5394 2506 5449 in
2540 5412 2782 5521 nuncug.
2824 5399 2892 5453 ad
2932 5394 3231 5467 Clem.'lX,
3267 5420 3389 5474 pag.
3423 5407 3476 5466 4.
3505 5407 3639 5465 edit.
3683 5412 3831 5471 Rom.

2361 5467 2393 5517 Ιι
2440 5463 2606 5520 Conc.
2637 5466 2716 5529 Ep
2757 5484 2837 5522 es.
2863 5479 3006 5529 part.
3034 5487 3113 5529 ιιι.
3136 5488 3288 5529 nam.
3322 5475 3646 5529 l5i2-l528-
3680 5483 3831 5529 {$99.

2323 5463 2414 5555 ii)
2440 5463 2606 5555 99322-
2627 5463 3113 5555 Ξιξῇεξεριτειιιιι
3136 5463 3288 5555 μεεὶδῖ
3322 5463 3646 5555 ἐξίὲὲιδῖξὲ

2272 5532 2479 5608 ιδῃ.)
2491 5532 2778 5608 545.1549,
2810 5532 2940 5592 toin.
2973 5540 3039 5595 ιιι
3062 5532 3268 5603 coacti?
3285 5544 3421 5599 edit.
3446 5532 3762 5608 veniam:

2258 5603 2595 5731 r;.£.‘2.,ﬁ°"°-
2634 5607 2834 5670 Νίθευ·
2873 5620 3073 5674 Παπι-
3110 5613 3306 5685 “apag.
3349 5615 3516 5681 im,
3559 5603 3830 5681 testim

3771 286 3886 346 ιω
