4098 6344
179 412 336 469 1313

1335 404 1702 468 EXPOSITIO
1745 405 2046 466 SYMBOL!
2081 407 2334 467 NIGER“!

3356 417 3499 477 13η

177 527 373 591 lubet,
408 527 816 584 Tillcmontium
865 527 980 600 (j).
1025 527 1180 594 Quod
1212 543 1344 583 vero
1369 531 1567 586 attinet
1595 531 1660 586 ad
1696 530 1795 585 ho-
1823 549 1870 605 Α
1898 530 2038 584 riam
2072 530 2167 585 Dei
2191 533 2497 602 genitricem
2540 540 2589 585 et
2635 533 2693 587 in
2736 542 2979 588 sanctam
3008 531 3202 589 Christi
3231 533 3499 589 Nativita-

180 621 406 676 miliam
458 630 744 685 quartam,
779 620 928 675 illam
974 620 1199 692 quidem
1243 621 1391 678 inter
1418 622 1789 693 Amphilochii

179 727 365 783 opera
413 729 481 768 ex
533 712 723 767 codice
784 711 1172 768 Sirmondiano
1221 712 1473 770 ediderat
1519 715 1792 772 Combeii-

184 806 312 862 sius
363 805 476 877 (lt),
533 805 628 861 sed
688 805 1076 860 subdubitans.
1123 805 1198 860 De
1252 821 1282 859 a
1329 807 1478 861 enim
1529 808 1642 863 haec
1695 809 1792 862 ha-

187 893 289 950 bet
313 893 376 965 (ι)
406 912 419 946 :
454 914 473 946 ‹
506 895 604 950 Est
631 895 720 949 illa
750 897 884 949 satis
901 894 1124 964 quidem
1150 894 1398 963 erudita;
1431 899 1574 969 stylo
1608 907 1790 953 tamen

187 985 380 1040 minus
420 985 563 1042 forte
603 987 1084 1056 Amphilochiano,
1112 997 1338 1058 excepta
1381 982 1546 1045 etiam
1580 998 1741 1045 aetate
1774 1009 1788 1045 :

187 1095 322 1135 nam
361 1091 570 1152 pugnat
615 1089 805 1137 contra
853 1081 1206 1146 Nestorium,
1252 1098 1415 1152 quem
1459 1099 1525 1138 ex
1568 1085 1790 1140 nomine

187 1171 511 1243 δυσώνυμον
555 1173 797 1243 appellat
837 1170 934 1241 (ιη)
963 1189 976 1224 :
1001 1173 1280 1242 quomodo
1315 1174 1398 1228 vir
1421 1183 1645 1230 sanctus
1674 1193 1792 1232 mo-

189 1259 519 1331 destusque,
543 1262 635 1315 vix
660 1269 787 1315 ante
813 1262 1322 1316 exauctorationem
1346 1279 1509 1332 quam
1541 1266 1656 1335 ipse
1679 1284 1790 1322 non

188 1352 356 1417 vidit,
386 1353 610 1408 sedente
651 1351 820 1407 Iconii
851 1351 1142 1408 Valeriano
1184 1361 1240 1408 et
1281 1354 1574 1424 Ephesinis
1616 1357 1792 1412 Patri-

192 1444 301 1501 bus
320 1444 806 1500 exauctorantibus
832 1444 1176 1510 considente,
1207 1446 1512 1516 praesertim
1541 1447 1670 1502 sede
1698 1449 1789 1503 illa

192 1534 425 1600 elatum,
459 1534 732 1606 appellare
759 1536 1201 1606 przesumpserit?
1229 1555 1247 1586 ›
1279 1536 1357 1591 lta
1379 1535 1742 1593 Combeﬁsius
1773 1558 1785 1593 :

192 1627 293 1698 qui
325 1635 508 1683 tamen
549 1627 812 1697 deinceps
847 1627 1046 1683 melius
1090 1630 1350 1693 edoctus,
1400 1639 1788 1702 permotusque

195 1727 314 1774 tum
350 1718 456 1774 ﬁde
485 1734 588 1774 ms.
624 1718 832 1774 codicis
867 1719 1242 1783 Mazariniani,
1273 1731 1389 1774 tum
1429 1723 1662 1776 maxime
1695 1739 1790 1776 au-

192 1812 450 1868 ctoritate
497 1813 672 1866 sancti
718 1811 1046 1882 Nicephori,
1082 1811 1174 1881 qui
1213 1824 1469 1882 tanquam
1511 1813 1790 1868 indubita-

1896 631 1999 675 tem
2039 621 2450 689 inscribuntur,
2495 625 2644 679 eruit
2677 641 2745 681 ex
2801 640 2933 680 mss.
2973 625 3262 682 codicibus
3296 625 3500 683 biblio-

1897 713 2070 768 thecae
2092 713 2474 770 Mazarinianze
2507 715 2764 770 laudatus
2792 714 3181 780 Combeﬂsius,
3211 731 3276 772 ac
3300 716 3498 773 Latine

1895 813 2109 859 tantum
2150 806 2389 861 intexuit
2418 820 2532 861 suze
2552 807 2912 863 Bibliotheca:
2941 808 3370 864 concionatoriae
3393 807 3495 880 (p).

1897 895 2045 949 unde
2089 912 2282 951 sumus
2313 912 2407 951 eas
2451 897 2708 952 mutuati.
2747 897 3020 953 (laterum
3055 897 3146 953 hic
3181 898 3286 955 sub
3329 897 3497 954 ﬁnem

1893 987 2125 1041 Romani
2179 987 2408 1042 editoris
2462 988 2551 1041 cui
2601 987 3016 1058 Expositionem
3073 991 3130 1044 in
3185 989 3498 1062 symbolum

1893 1077 2172 1133 Nicaenum
2200 1088 2481 1148 acceptam
2500 1077 2814 1142 referimus,
2835 1078 2904 1134 de
2920 1078 3194 1135 Theodoti
3218 1079 3335 1134 sive
3357 1080 3499 1150 stylo

1893 1169 2008 1224 sive
2041 1169 2359 1241 disputandi
2387 1171 2599 1226 ratione
2619 1172 2892 1244 judicium
2918 1173 3238 1228 describere
3272 1173 3451 1243 placet
3480 1189 3494 1225 :

1902 1281 1918 1308 σ
1958 1261 2190 1316 lstarum
2226 1262 2473 1317 omnium
2509 1265 2848 1329 orationum,
2888 1265 3086 1334 inquit,
3119 1265 3200 1319 uti
3230 1273 3288 1320 et
3329 1264 3498 1336 hujus

1895 1349 2310 1421 (Erpositionis)
2332 1368 2496 1422 quam
2533 1353 2751 1420 damus,
2788 1354 2964 1425 stylus
2989 1369 3164 1424 purus
3188 1363 3307 1420 est;
3335 1370 3496 1410 sensa

1893 1442 2184 1507 sublimia,
2235 1443 2330 1498 sed
2380 1445 2526 1499 clare
2575 1445 2892 1516 proposita;
2931 1446 3132 1501 modus
3173 1445 3496 1516 disputandi

1893 1542 2120 1604 argutus
2142 1544 2198 1590 et
2223 1551 2466 1605 pressus,
2494 1537 2590 1592 sed
2616 1536 2895 1604 disertus;
2921 1546 3246 1609 argumenta
3268 1553 3332 1593 ex
3357 1539 3497 1594 locis

1891 1643 2022 1681 vere
2076 1627 2403 1700 theologicis
2455 1629 2754 1701 Scriptura:
2805 1646 2871 1685 ac
2916 1631 3280 1686 conciliorum
3314 1630 3496 1686 enica-

1892 1719 2111 1773 cissime
2153 1719 2392 1775 deducta
2428 1739 2440 1772 :
2475 1722 2554 1776 sic
2579 1732 2762 1777 tamen
2807 1732 2871 1776 ut
2910 1723 3274 1778 acrimoniam
3311 1730 3496 1779 certa-

1894 1813 2077 1877 minis,
2117 1815 2258 1868 lenis
2292 1815 2540 1883 quaedam
2569 1815 2856 1884 placiditas
2888 1815 3214 1871 suavissime
3246 1815 3489 1881 condiat,

194 1912 311 1957 tum
337 1902 601 1958 Theodoti
629 1914 1047 1958 monumentum
1074 1903 1321 1957 eamdem
1350 1904 1629 1959 homiliam
1657 1905 1788 1959 citat
1824 1919 1861 1975 θ
1890 1905 2226 1976 testibusque
2273 1907 2366 1961 irae
2414 1907 2667 1976 quamvis
2697 1909 2860 1978 justae
2899 1909 2952 1962 in
2989 1907 3346 1964 detestabiles
3381 1909 3495 1964 ha.-

194 1998 256 2054 in
273 1997 682 2060 Antirrheticis.
702 1997 849 2051 illam
876 1997 1098 2051 demum
1126 1995 1410 2051 Theodoto
1432 1998 1601 2052 variis
1628 1999 1682 2052 in
1706 1998 1787 2052 lo-

193 2093 278 2146 cis
325 2092 559 2146 asseruit
595 2090 697 2161 (n),
735 2091 1009 2160 praecipue
1043 2104 1175 2145 vero
1210 2089 1263 2143 in
1299 2091 1446 2144 notis
1479 2090 1545 2146 ad
1583 2091 1787 2146 oratio—

191 2198 321 2240 nem
342 2199 395 2236 tv
411 2183 585 2237 sancti
606 2182 782 2236 Procli
810 2181 1406 2251 Constantinopolitani
1423 2182 1666 2253 episcopi
1687 2183 1782 2255 (ο).

191 2273 330 2330 Eam
358 2274 540 2343 itaque
567 2274 622 2326 in
646 2272 914 2328 Theodoti
940 2271 1302 2327 Homiliarum
1329 2289 1554 2328 censum
1587 2275 1787 2329 admit-

195 2373 400 2428 tentes,
425 2380 493 2419 ex
516 2363 900 2433 Amphilochia
930 2362 1335 2418 Combeﬁsiano
1367 2363 1782 2434 descripsimus,

191 2465 256 2512 et
274 2457 656 2512 adnotationes
675 2454 906 2510 editoris
924 2455 1107 2510 eidem
1130 2455 1497 2511 subdidimus.
1525 2458 1786 2526 Reliquas

192 2547 436 2618 denique
482 2548 619 2601 duas
667 2547 953 2610 homilias,
1001 2563 1234 2618 quarum
1279 2548 1452 2602 altera
1485 2549 1541 2601 in
1576 2548 1789 2603 Domini

194 2641 366 2696 ποιενὶ
396 2639 523 2694 Iesu
572 2637 765 2694 Christi
798 2639 1066 2700 Natalem,
1105 2639 1276 2692 altera
1309 2639 1366 2691 in
1398 2647 1642 2693 sanctam
1675 2639 1792 2692 Ma-

236 2759 301 2828 (jl
335 2757 555 2828 Tillem.
591 2763 725 2828 tom.
760 2749 900 2812 XIV,
933 2763 1087 2828 pagg.
1132 2745 1236 2798 455
1270 2760 1384 2815 seq.

237 2817 310 2895 (It)
344 2826 580 2896 Amphil.
610 2823 746 2946 Opi».
774 2836 930 2890 pagg.
957 2817 1028 2900 _56
1056 2831 1185 2885 seqq

242 2899 303 2946 (ll
335 2897 650 2946 Combeﬁs..
723 2892 756 2944 ά
780 2886 1007 2946 Amp/nl.
1042 2901 1162 2946 pag.

242 2884 320 2970 ὶιὶΔ
335 2884 466 2970 Corn
475 2897 624 2970 beﬁs.
637 2884 756 2970 ,ξᾹά
778 2884 1309 2970 Mi»m_t._pag.'2ss.

236 2953 331 3034 {an
359 2953 848 3021 Thcodot.vbomil.
875 2953 930 3022 λ,
962 2953 1071 3028 57‘,
1101 2953 1262 3019 infra,
1281 2969 1402 3024 pag.
1435 2955 1558 3009 ιω.

249 3048 329 3118 (ιι)
371 3047 660 3103 Combelis.
732 3043 784 3094 in
843 3054 1052 3093 recens.
1103 3036 1373 3090 auctorib.
1429 3035 1497 3089 ad
1561 3044 1692 3089 tom.
1741 3033 1761 3088 l

232 3216 1402 3248 Μ

1410 3229 1660 3240 —————

1889 2013 2074 2051 rcsum
2111 2008 2386 2063 auctores,
2419 1999 2603 2053 oleum
2643 2000 2800 2070 quasi
2843 2000 3120 2069 quoddam
3155 2015 3374 2070 semper
3407 1998 3495 2054 in-

1887 2084 2388 2146 natet‘Christianaa
2416 2107 2478 2146 ac
2506 2103 2746 2162 paternae
2771 2093 3060 2148 charitatis
3091 2111 3101 2145 :
3145 2108 3268 2162 qua:
3304 2090 3493 2146 omnia

1888 2199 2014 2238 cum
2048 2184 2252 2255 legenti
2285 2185 2513 2238 cuilibet
2558 2185 2736 2255 palam
2781 2200 3104 2255 appareant,
3143 2183 3491 2239 comminisci

1888 2274 2147 2345 equidem
2191 2290 2408 2344 nequeo
2460 2273 2606 2328 unde
2660 2273 2848 2328 Sixtus
2901 2273 3163 2329 Senensis
3208 2273 3488 2337 hauserit,

1889 2368 2036 2438 quod
2069 2366 2304 2422 afﬁrmat
2343 2366 2411 2421 de
2460 2367 2564 2421 hoc
2598 2375 2788 2421 nostro
2821 2365 3112 2421 Theodoto
3149 2364 3251 2438 (ᾳ),
3289 2365 3490 2420 dialec-

1891 2462 1991 2515 tico
2035 2459 2191 2514 illum
2239 2475 2383 2513 more
2429 2468 2477 2512 et
2519 2459 2675 2513 valde
2721 2459 2938 2513 obscure
2976 2459 3220 2512 scribere.
3255 2451 3392 2515 Vide
3427 2465 3491 2515 ιιι

1893 2552 2032 2622 ipse,
2070 2552 2264 2615 lector,
2299 2560 2354 2605 et
2395 2551 2599 2623 judica.
2640 2572 2658 2601 ι

1902 2741 2044 2799 Bibl.
2063 2741 2325 2824 .concion.
2363 2752 2524 2808 pagg.
2554 2736 2589 2791 ὅ
2622 2743 2680 2790 et
2707 2732 2799 2800 65,
2838 2740 2896 2788 et
2922 2733 3057 2788 ibid.
3096 2748 3220 2804 pag.
3251 2733 3358 2788 475
3383 2743 3503 2789 not.

1903 2829 2268 2954 ωἲὲξιῗίτοοι.
2303 2880 2454 2937 Orat.

1995 2961 2049 3028 p)
2085 2957 2379 3013 Combeﬁs.
2398 2957 2536 3011 Bibl.
2572 2964 2907 3028 conc.,itom.
2941 2956 2982 3016 l.
3005 2971 3162 3025 pagg.
3183 2955 3283 3028 lii
3317 2963 3374 3011 et
3406 2956 3495 3013 99.

1995 2975 2028 3028 p
2085 2961 2379 3013 Combeﬁs.
2398 2961 2536 3011 Bibl.
2572 2972 2744 3018 conc.,
2775 2964 2907 3009 tom.
2942 2961 2982 3016 l.
3005 2961 3275 3025 paggJH
3317 2963 3374 3011 et
3406 2961 3495 3013 99.

2559 3044 2612 3082 tv
2642 3027 2781 3081 Bibl.
2821 3037 2990 3080 sanet.
3031 3043 3128 3092 οὓς
3189 3027 3313 3083 529.
3356 3028 3496 3084 edit.

1894 3099 2089 3157 Colon.
2129 3119 2257 3158 ann.
2298 3102 2457 3156 1575.

1661 3209 3502 3245 Μ

892 3371 1505 3461 ΘΕΟΔΟΤΟΥ
1572 3372 2251 3458 ΕΠΙΣΚΟΠΟΥ
2325 3373 2830 3459 ΑΓΚΥΡΑΣ

1336 3572 1700 3626 ΕΡΜΗΝΕΙΑ
1741 3573 1851 3626 ΕΙΣ
1889 3572 1976 3625 T0
2016 3572 2396 3626 ΣΥΜΒΟΛΟΝ

828 3728 951 3784 Τῶν
987 3728 1170 3798 ἁγίων
1198 3729 1269 3782 ἐν
1301 3727 1517 3793 Νικαίᾳ
1545 3725 1824 3795 Πατέρων
1852 3724 1974 3780 τῶν
2007 3728 2367 3797 τριακοσίων
2403 3726 2553 3782 δέκα
2591 3728 2690 3784 καὶ
2727 3731 2901 3787 ὀκτώ.

887 4147 1516 4243 THEODOTI
1599 4145 2152 4239 EPISCOPI
2233 4147 2848 4238 ANCYRANI

1478 4342 1578 4402 EX
1587 4342 1878 4404 POSlTIO
1923 4339 2249 4402 SYMBOLI

811 4508 1173 4568 Sanctorum
1235 4513 1586 4568 trecentum
1644 4505 1998 4568 octodecim
2044 4505 2299 4567 Patrum
2341 4504 2593 4568 concilii
2645 4504 2905 4568 Nicmni.

1823 4668 1894 4680 1-

295 4751 373 4808 Δ⁹.
416 4752 490 4829 To
531 4752 629 4824 μὶν
661 4753 718 4805 ὲν
771 4756 828 4824 τῇ
875 4752 1051 4806 πίστει
1091 4753 1318 4824 στερῤόν
1349 4771 1406 4806 τι
1451 4755 1543 4807 καὶ
1589 4755 1793 4820 βέϐαιοκ

1986 4753 2025 4807 I.
2055 4752 2265 4807 Anima:
2309 4761 2417 4806 tua:
2441 4751 2647 4808 Christi
2672 4767 2861 4806 amore
2885 4766 3164 4808 succensae
3193 4753 3428 4810 ﬁrmitas
3450 4763 3510 4813 et

215 4849 318 4921 ςῆς
351 4849 451 4915 σῆς
483 4847 828 4917 φιλοχρὶστου
856 4847 1033 4916 ψυχῆς
1065 4847 1313 4917 οὐδαμῶς
1338 4846 1630 4900 caleﬁerent
1657 4871 1672 4888 ο
1703 4848 1805 4901 κᾶν

218 4922 615 5011 δοτισπείρωσιν
655 4939 840 5009 ἐχθροὶ
871 4940 939 4992 τὰ
973 4939 1068 5006 τῆς
1114 4939 1373 5002 ἀπιστίας
1421 4939 1659 5003 ζιζάνια.
1694 4940 1804 5009 Τὴν

216 5032 331 5102 γὰρ
359 5031 542 5084 πίστιν
589 5032 651 5082 ὲκ
683 5031 966 5099 προγόνων
999 5029 1404 5099 διαδεξάμενος,
1450 5031 1679 5101 ἔρεισμα
1705 5031 1804 5098 τῆς

215 5122 389 5192 αὐτῆς
435 5121 577 5191 ζωῆς
624 5121 722 5191 τὴν
767 5121 1050 5173 εὐσέϐειαν
1085 5122 1248 5190 ἔχειςο
1283 5123 1470 5192 ἐπειδὴ
1517 5125 1548 5192 ὴ
1599 5122 1805 5194 ἀληθὴς

216 5215 359 5287 αὕτη
404 5215 584 5278 πίστις
630 5215 720 5268 καὶ
753 5217 1084 5284 οἰκουμένην
1125 5213 1424 5284 διώρθωσε,
1458 5216 1551 5266 καὶ
1593 5213 1801 5284 πλάνην

218 5308 431 5371 ἔσϐεσε,
463 5310 556 5362 καὶ
571 5308 828 5378 δαίμονας
849 5307 1036 5377 ἡλασε,
1057 5307 1148 5359 καὶ
1173 5307 1450 5376 βασιλείαν
1473 5305 1804 5359 εὑσεόοὖσαν

218 5401 606 5473 λαμπροτέραν
642 5404 752 5462 τοῖς
786 5401 1066 5471 τροπαίοις
1101 5399 1288 5465 ἔδειξε·
1338 5401 1431 5452 καὶ
1469 5401 1680 5468 μάρτυς
1710 5397 1802 5450 τοῦ

219 5493 380 5560 λόγου
409 5492 514 5545 τῶν
550 5492 894 5563 πραγμάτων
924 5493 956 5560 ἡ
991 5495 1151 5562 πεῖρα
1192 5491 1504 5561 γεγένηται.
1555 5494 1664 5544 Καὶ
1689 5493 1800 5561 γὰρ

218 5584 518 5652 τυράννους
577 5585 625 5634 οἱ
687 5581 1066 5634 εὐσεϐέστατοι
1118 5581 1359 5649 βασιλεῖς
1419 5580 1803 5652 ὲτροπώσαντο

223 5673 492 5737 πλείονας,
528 5676 662 5744 εὐχῇ
693 5673 973 5745 πόρῥωθεν
1003 5675 1402 5738 καταϐαλόντες
1443 5675 1641 5739 αὐτούς
1666 5692 1678 5705 ·
1709 5677 1801 5729 καὶ

224 5763 512 5833 βαρϐάρων
543 5765 798 5816 ἀπόνοιαν
827 5763 1088 5826 πολλάκις
1111 5764 1408 5834 ἠμύναντο,
1449 5765 1628 5817 πίστει
1663 5783 1800 5835 φρα-

221 5852 460 5922 ξάμενοι,
493 5854 583 5907 καὶ
611 5859 673 5925 τῇ
697 5854 804 5906 τῶν
831 5857 1108 5926 προγόνων
1131 5857 1401 5929 εὕσεεεέᾳ.
1445 5859 1665 5929 ’δ’πειδὴ
1692 5861 1798 5930 γὰρ

1910 4846 2221 4901 constantia
2257 4845 2314 4899 in
2347 4845 2454 4899 ﬁde
2473 4861 2823 4915 nequaquam
2848 4843 3108 4910 fluctuat;
3142 4845 3269 4900 licet
3293 4847 3506 4903 inimici

1909 4938 2253 4993 infidelitatis
2301 4937 2510 4991 zizania
2568 4942 3033 5006 superseminent.
3085 4936 3223 4992 Cum
3277 4938 3441 4994 ﬁdem
3475 4958 3508 4997 a

1910 5029 2214 5097 majoribus
2234 5029 2390 5097 quasi
2418 5044 2516 5096 per
2545 5043 2743 5081 manus
2770 5029 3024 5082 traditam
3054 5028 3356 5099 acceperis.
3385 5031 3506 5100 pie-

1907 5131 2074 5177 tatem
2108 5123 2234 5176 vitae
2255 5131 2361 5175 tua:
2385 5119 2700 5190 prasidium
2731 5135 2794 5174 ac
2844 5120 3250 5174 munimentum
3294 5120 3503 5187 habes;

1911 5213 2360 5284 quandoquidem
2404 5227 2534 5264 vera
2587 5211 2702 5265 haec
2751 5211 2887 5264 ﬁdes
2924 5220 2979 5264 ct
3009 5219 3280 5266 terrarum
3315 5213 3506 5267 orbem

1913 5306 1981 5359 ad
2007 5307 2291 5359 meliorem
2322 5312 2523 5358 statum
2553 5301 2833 5372 perduxit,
2869 5311 2923 5355 et
2948 5318 3196 5356 errorem
3221 5304 3503 5367 exstinxit,

1913 5409 1971 5452 et
2016 5399 2293 5453 daemones
2351 5396 2680 5466 proﬂigavit,
2731 5404 2787 5449 ct
2843 5396 3161 5464 religiosum
3210 5396 3504 5466 imperium

1910 5490 2198 5559 quibusvis
2221 5489 2440 5559 tropaeis
2469 5488 2813 5556 splendidius
2836 5487 3124 5542 exornavit
3152 5505 3165 5538 :
3198 5496 3362 5557 atque
3387 5487 3505 5556 ipsa

1909 5599 2094 5637 rerum
2122 5582 2461 5652 experientia
2489 5580 2726 5635 orationi
2759 5596 2894 5635 meae
2917 5580 3295 5634 testimonium
3318 5581 3506 5650 perhi-

1907 5675 2018 5729 bet.
2065 5676 2279 5730 Etenim
2320 5674 2550 5744 piissimi
2599 5673 2959 5744 imperatores
3004 5672 3192 5743 plures
3235 5679 3504 5742 tyrannos

1908 5772 2168 5840 precibus
2203 5771 2420 5825 eminus
2454 5778 2758 5840 prostratos
2801 5768 3234 5823 subverterunt:
3271 5777 3326 5821 et
3373 5769 3501 5822 bar-

1908 5862 2167 5915 barorum
2206 5861 2556 5922 dementiam,
2623 5861 2747 5913 ﬁdei
2796 5869 3072 5914 armatura
3120 5870 3176 5913 et
3227 5864 3499 5930 majorum
