4170 6330
646 403 785 456 1515

1730 390 2076 452 THEODOTI
2115 394 2419 450 EPISCOI‘I
2458 390 2805 450 AMIYRAM

3764 387 3912 443 1516

642 519 845 589 pietate
865 513 1062 568 muniti
1096 528 1472 584 saepenumero
1509 512 1919 582 propulsarunt.
1962 513 2094 568 Nam
2128 513 2219 566 ubi

2329 515 2505 584 ἔχουσι
2556 514 2658 584 τὴν
2699 514 2883 566 πίστιν
2923 511 3199 581 ἀκίνητον,
3251 510 3505 580 φυλάττει
3547 507 3680 570 Θεὸς
3723 509 3916 563 αὐτῶν

645 609 750 680 ipsi
789 607 953 662 ﬁdem
1002 607 1280 661 immOtam
1331 611 1572 668 servant,
1601 603 1746 658 Deus
1770 605 2016 673 ipsorum
2045 603 2218 673 impe-

645 701 787 755 rium
825 698 894 753 ab
930 698 1186 754 omnibus
1223 695 1440 751 insidiis
1486 703 1812 751 conservat:
1859 695 2218 766 quemadmo~

644 793 776 848 dum
807 792 954 846 enim
983 790 1336 844 barbarorum
1369 790 1622 844 incursus
1649 789 1978 858 corporibus
2001 790 2221 858 pericu-

647 886 761 940 lum
817 884 1018 947 aﬂert;
1063 883 1134 935 ita
1185 881 1399 934 daemon
1457 880 1720 934 adversus
1761 882 1972 934 animas
2017 881 2220 934 bellum

644 977 870 1041 excitat,
903 973 1252 1030 sermonibus
1284 989 1540 1028 errorum
1565 974 1852 1027 veritatem
1877 987 2217 1044 oppugnans.

647 1069 827 1140 Atque
867 1069 980 1122 hac
1025 1067 1204 1121 lenius
1234 1066 1498 1120 Dominus
1527 1066 1632 1119 alia
1663 1064 1876 1119 ratione
1906 1064 2220 1135 signiﬁcans

646 1159 929 1230 pulchram
965 1157 1030 1211 ad
1065 1156 1366 1227 discipulos
1397 1172 1526 1211 suos
1561 1156 1932 1210 narrationem
1970 1156 2222 1210 institue-

648 1254 761 1316 bat,
802 1267 1110 1308 sermonem
1150 1250 1372 1321 quidem
1421 1251 1640 1320 pietatis
1695 1251 1901 1304 bonum
1933 1264 2141 1312 semen,
2167 1257 2222 1302 at

645 1343 1170 1412 superinseminatas
1202 1340 1538 1394 inﬁdelitatis
1571 1340 1852 1394 doctrinas
1880 1339 2088 1392 zizania
2124 1354 2221 1407 ap-

645 1437 858 1506 pellans
912 1437 925 1466 '
967 1455 979 1486 :
1029 1442 1085 1488 et
1136 1434 1442 1487 doctrinam
1496 1432 1886 1502 agriculturam
1938 1431 2220 1484 caelestem

647 1545 872 1593 vocans,
935 1529 1147 1582 fructus
1190 1539 1324 1582 vero
1372 1535 1520 1580 recte
1570 1526 1914 1580 credentium
1961 1524 2222 1594 pietatem

648 1622 922 1693 inteUigit.
957 1621 1144 1690 Neque
1179 1620 1327 1674 enim
1361 1627 1510 1673 tanto
1535 1619 1736 1688 gaudio
1759 1617 2064 1687 perfruitur
2085 1615 2226 1686 agri-

645 1717 766 1772 cola
799 1715 1109 1785 manipulos
1138 1715 1422 1784 colligens,
1444 1722 1708 1782 quantum
1734 1710 1988 1766 Christus
2011 1710 2224 1764 hetatur

646 1825 834 1864 veram
860 1807 1022 1862 ﬁdem
1050 1806 1193 1876 apud
1221 1815 1534 1860 constantes
1562 1805 1890 1874 percipiens.
1918 1804 2052 1857 Nam
2076 1802 2223 1873 quod

647 1900 766 1970 ipse
799 1899 997 1953 exierit
1023 1897 1091 1952 ad
1116 1897 1498 1952 seminandum
1528 1897 1778 1959 verbum,
1808 1895 2024 1965 inquit:
2061 1914 2078 1946 ι
2113 1895 2226 1965 Ego

648 2001 716 2040 ex
754 1986 916 2040 Patre
951 1985 1118 2049 exivi,
1158 1992 1212 2038 et
1249 1985 1373 2038 veni
1399 1983 1453 2036 in
1476 1985 1738 2038 mundum
1779 1985 1838 2036 ἐ
1871 2003 1888 2034 ι
1925 1983 2224 2053 etquidem

647 2091 775 2140 vox,
837 2095 854 2125 c
888 2075 1051 2138 exivi,
1082 2093 1100 2124 ι
1164 2074 1386 2128 deitatis
1438 2073 1958 2129 condescensionem
1987 2075 2101 2129 sive
2125 2074 2226 2128 de-

648 2164 966 2219 missionem
1026 2163 1266 2229 indicat;
1301 2164 1475 2218 altera
1519 2173 1725 2229 autem,
1781 2183 1798 2214 ‹
1835 2164 1982 2227 veni,
2019 2183 2037 2215 ι
2097 2180 2230 2236 pro-

647 2254 821 2324 priam
861 2252 1130 2325 signiﬁcat
1161 2255 1520 2324 maiestatem.

720 2346 783 2400 ll.
806 2347 1077 2400 Caeterum
1097 2354 1156 2400 et
1176 2361 1400 2400 causam
1418 2345 1658 2400 ostendit
1674 2345 1945 2400 adventus
1969 2345 2076 2408 sui,
2095 2343 2227 2399 dimi

646 2439 726 2492 ait
758 2456 772 2490 :
821 2457 839 2488 ι
876 2435 1060 2492 Exivit
1091 2437 1367 2492 seminans
1385 2438 1657 2493 seminare
1695 2439 1735 2494 ⁸.
1773 2458 1789 2488 ι
1824 2437 1928 2491 Sed
1955 2437 2069 2507 ipse
2108 2442 2230 2506 qui-

645 2529 772 2585 dem
806 2529 986 2583 bonus
1017 2529 1256 2598 agricola
1290 2529 1500 2582 bonum
1540 2544 1685 2582 vera:
1735 2527 1860 2582 tidei
1915 2543 2225 2581 sermonem

647 2621 1050 2684 disseminavit,
1077 2619 1377 2674 ostendens
1415 2620 1770 2688 semetipsum
1799 2619 1968 2672 Deum
2003 2628 2230 2688 prepter

651 2713 904 2768 homines
945 2712 1222 2766 hominem
1267 2711 1469 2766 factum
1504 2729 1518 2764 :
1566 2727 1673 2765 non
1708 2712 1984 2764 hominem
2017 2712 2225 2765 nudum

649 2821 683 2858 a
728 2805 843 2859 Deo
891 2805 1163 2857 honorum
1213 2803 1570 2873 praerogativa
1607 2814 1882 2866 ornatum,
1920 2813 1980 2857 ut
2003 2803 2225 2872 quidam

649 2897 969 2965 opinantur,
1027 2895 1142 2958 sed,
1188 2905 1249 2948 ut
1295 2896 1427 2958 dixi,
1473 2895 1642 2948 Deum
1685 2897 2078 2950 commercium
2101 2910 2225 2948 cum

650 2986 967 3042 hominibus
1015 2986 1428 3055 suscipientem.
1481 2985 1606 3039 Haec
1655 2987 1800 3039 enim
1847 2989 2119 3056 pnecipua
2145 2997 2229 3040 est

2319 609 2419 676 τὴν
2449 606 2724 676 βασιλείαν
2750 602 3224 660 ἀνεπιϐούλευτον⁸
3264 603 3453 673 ὥσπερ
3481 603 3587 675 γὰρ
3622 602 3765 655 κατά
3795 619 3916 655 σω-

2324 701 2511 768 μάτων
2560 699 2748 767 ἔφοδος
2793 700 3003 767 γίνεται
3055 696 3370 768 βαρϐάρων,
3414 696 3557 749 οὕτω
3602 693 3749 748 κατά
3792 694 3915 748 τῶν

2319 791 2508 862 ψυχῶν
2553 791 2825 858 ἐξοπλίζει
2860 791 3098 860 πόλεμον
3140 792 3169 843 ό
3207 789 3440 859 δαίμων,
3475 788 3656 857 λόγοις
3682 787 3915 858 ἀπάτης

2322 884 2460 952 πρὸς
2485 882 2584 952 τὴν
2612 881 2868 954 ἀλήθειαν
2899 879 3169 951 πολεμῶν.
3203 877 3386 932 Ταῦτα
3419 880 3516 947 μὲν
3544 874 3638 932 οὖν
3664 877 3912 949 πραότε-

2323 991 2418 1044 ρον
2464 974 2747 1044 σημαίνων
2792 975 2822 1027 δ
2867 971 3068 1044 Κύριος
3106 971 3278 1042 ἑτέρῳ
3327 970 3512 1042 τρόπῳ
3559 969 3742 1032 καλῶς
3786 970 3912 1030 τοῖς

2321 1065 2515 1119 ἑαυτοῦ
2553 1066 2825 1136 μαθηταῖς
2853 1066 3154 1136 διηγήσατο
3178 1082 3192 1095 ·
3231 1064 3431 1136 σπόρον
3464 1064 3563 1134 μὲν
3590 1063 3754 1117 καλὸν
3785 1065 3913 1115 dvo-

2324 1160 2502 1229 μάσας
2531 1158 2628 1227 τῆς
2659 1157 2940 1220 εὐσεϐείας
2967 1158 3056 1210 τὸν
3079 1157 3253 1224 λόγον·
3286 1154 3501 1221 ζιζάνια
3537 1155 3595 1207 δὲ
3627 1171 3914 1226 προσαγο-

2323 1249 2521 1320 ρεύσας
2548 1248 2620 1301 τά
2660 1250 3094 1320 ἐπισπειρόμενα
3131 1250 3227 1318 τῆς
3259 1248 3520 1310 ἀπιστίας
3551 1247 3866 1317 διδάγματα
3887 1264 3909 1281 ο

2322 1345 2416 1396 καὶ
2443 1344 2542 1415 τὴν
2570 1342 2918 1397 διδασκαλίαν
2940 1344 3216 1414 γεωργίαν
3247 1342 3404 1396 καλεῖ
3434 1343 3709 1414 οὑρὰνιον’
3739 1342 3915 1411 γενή-

2327 1453 2471 1506 ματα
2505 1435 2560 1489 δὲ
2596 1437 2694 1508 τὴν
2732 1435 3024 1488 εὐσέϐειαν·
3049 1435 3157 1488 τῶν
3189 1435 3424 1506 γνησίως
3457 1434 3912 1487 πεπιστευκότων

2323 1528 2498 1591 εἰδώς.
2547 1529 2623 1581 Οὐ
2652 1527 2758 1600 γὰρ
2791 1528 2933 1580 οὕτω
2963 1528 3143 1598 χαίρει
3174 1527 3418 1599 γεωργὸς
3445 1526 3738 1597 ἀμώμενος
3766 1526 3907 1596 δρᾶ·-

2323 1637 2530 1690 γματα,
2554 1621 2628 1682 ὡς
2655 1619 3002 1691 εὐφραίνεται
3030 1621 3261 1690 Χριστὸς
3286 1619 3512 1688 γνησίαν
3539 1620 3718 1671 πίστιν
3749 1617 3910 1685 παρὰ

2325 1712 2430 1764 τῶν
2463 1710 2694 1780 βεϐαίων
2729 1709 3125 1781 καρπούμενος.
3169 1709 3383 1779 Ἐπειδὴ
3416 1708 3522 1778 γὰρ
3551 1707 3711 1771 αὐτὸς
3747 1707 3914 1776 ἐξῆλ-

2327 1802 2416 1856 θεν
2434 1804 2522 1857 ἵνα
2551 1805 2752 1876 σπείρῃ
2771 1804 2860 1854 τὸν
2886 1801 3062 1870 λόγον,
3080 1800 3249 1868 λέγει·
3284 1819 3302 1851 ι
3325 1800 3468 1867 Ἐγὼ
3489 1803 3553 1853 ἐκ
3569 1799 3663 1852 τοῦ
3690 1799 3914 1867 Πατρὸς

2259 1881 2300 1935 Β
2332 1895 2572 1964 ἐξῆλθον,
2592 1896 2685 1948 καὶ
2706 1896 2844 1964 ἥκω·
2871 1914 2889 1945 ι
2909 1894 3002 1947 καὶ
3018 1893 3076 1946 τὸ
3095 1893 3216 1962 μὲν,
3241 1891 3517 1962 «ἐξῆλθον,
3537 1911 3557 1942 ι
3584 1891 3682 1961 τὴν
3699 1906 3915 1957 συγκα-

2327 1988 2557 2040 τάϐασιν
2588 1987 2684 2056 τῆς
2716 1987 2969 2058 θεότητος
3003 1985 3219 2057 μηνύει,
3248 1983 3309 2038 τὸ
3334 1983 3392 2038 δὲ
3421 2003 3438 2035 ι
3463 1983 3606 2054 ήκω,
3635 2002 3653 2034 ι
3687 1981 3790 2054 τὴν
3807 1983 3915 2052 ἑμ-

2329 2080 2554 2148 φάνειαν
2584 2080 2682 2148 τὴν
2723 2077 2861 2129 ίδίαν
2893 2077 3168 2146 σημαίνει.

2400 2349 2473 2400 B'.
2516 2347 2716 2401 Λοιπὸν
2755 2348 2846 2399 καὶ
2889 2347 2988 2418 τὴν
3032 2349 3210 2400 αἰτίαν
3238 2345 3386 2416 λέγει
3414 2347 3512 2418 τῆς
3535 2345 3731 2399 ἑαυτοῦ
3763 2363 3914 2416 παρ’

2329 2439 2538 2503 ουσίας,
2587 2437 2778 2490 εἰπών·
2819 2457 2836 2487 ι
2881 2436 3134 2506 Ἐξῆλθεν
3159 2439 3186 2490 ό
3222 2437 3459 2506 σπείρων
3485 2435 3577 2489 τοῦ
3604 2437 3849 2506 σπεῖραι.
3884 2454 3906 2486 ι

2342 2529 2478 2581 Ἀλλ’
2522 2523 2676 2590 οὗτος
2728 2529 2824 2596 μὲν
2850 2528 2877 2579 6
2913 2528 3075 2588 καλὸς
3119 2529 3363 2597 γεωργὸς
3399 2527 3561 2579 καλὸν
3608 2526 3708 2595 τῆς
3739 2525 3912 2596 ὀρθῆς

2330 2621 2566 2682 πίστεως
2597 2620 2923 2688 κατέσπειρε
2974 2619 3151 2687 λόγον·
3187 2619 3375 2671 ἑαυτὸν
3419 2618 3634 2680 δεικνὺς
3670 2618 3805 2670 Θεὸν
3839 2618 3913 2671 δι’

2327 2712 2424 2764 ἀνθ
2435 2712 2646 2781 ρώπους
2677 2712 2967 2779 γενόμενον
2990 2711 3293 2778 ἄνθρωπον·
3319 2711 3419 2762 οὐκ
3446 2709 3732 2780 ἄνθρωπον
3751 2709 3910 2777 ψιλὸν

2327 2803 2690 2872 τετιμημένον
2712 2803 2864 2872 παρὰ
2889 2801 3047 2862 Θεοῦ,
3069 2802 3143 2865 ὣς
3173 2818 3314 2864 τινες
3345 2801 3729 2870 ὑπειλήφασιν·
3761 2802 3906 2865 ἀλλ’,

2327 2894 2403 2957 ὼς
2435 2894 2591 2963 ἔφην,
2625 2894 2758 2946 Θεὸν
2797 2895 2933 2963 πρὸς
2967 2893 3285 2964 ἀνθρώπους
3314 2893 3597 2947 κοινωνίαν
3624 2894 3904 2965 ἑλόμενον.

2327 2986 2477 3056 Αὕτη
2508 2986 2615 3056 γάρ
2645 2988 2759 3038 ἐστι
2804 2986 2993 3057 πρώτη
3027 2988 3136 3039 τῶν
3176 2986 3480 3057 ἀνθρώπων
3513 2989 3646 3059 τιμή
3700 3005 3761 3041 τε
3810 2990 3907 3041 καὶ

648 3079 818 3152 gari:
873 3087 930 3133 et
973 3080 1120 3133 salus
1158 3079 1465 3140 hominum,
1516 3079 1688 3133 Deum
1721 3091 1949 3149 propter
1982 3096 2226 3134 amorem

2332 3079 2594 3147 σωτηρία,
2625 3079 2686 3130 τὸ
2729 3079 2861 3131 Θεὸν
2892 3080 3111 3132 ἑλέσθαι
3143 3081 3211 3134 τὰ
3247 3080 3564 3150 ἀνθρώπινα
3593 3081 3684 3133 διὰ
3711 3081 3907 3148 φιλαν-

648 3187 778 3242 erga
818 3172 1070 3226 homines
1112 3171 1349 3224 humana
1391 3171 1717 3239 suscepisse.
1754 3172 1822 3225 Et
1856 3172 1972 3226 haec
2002 3172 2226 3241 quidem

2330 3170 2598 3241 θρωπίαν.
2642 3173 2829 3225 Ταῦτα
2866 3173 2964 3240 μὲν
3013 3169 3104 3226 οὖν
3139 3175 3302 3236 αὐτὸς
3337 3175 3465 3243 περὶ
3498 3173 3692 3226 ἑαυτοῦ
3724 3175 3906 3241 λέγει,

649 3261 720 3315 de
746 3261 1041 3330 semetipso
1072 3259 1326 3325 atﬁrmat,
1351 3269 1407 3313 et
1455 3261 1621 3314 Deum
1653 3262 2008 3330 semetipsum
2036 3271 2228 3316 osten»

2331 3268 2424 3316 καὶ
2466 3264 2598 3316 Θεὸν
2645 3264 2859 3326 δεικνὺς
2893 3265 3085 3318 ἑαυτὸν
3123 3267 3217 3318 καὶ
3242 3265 3546 3336 ἄνθρωπον·
3582 3267 3643 3318 τὸ
3679 3265 3776 3335 μὲν
3809 3265 3909 3329 ὢν,

650 3351 788 3406 dens
820 3361 873 3405 et
910 3351 1185 3405 hominem
1211 3369 1225 3404 :
1258 3352 1392 3406 illud
1419 3353 1638 3422 quidem
1663 3353 1884 3423 propria
1908 3369 2007 3408 sua
2033 3362 2228 3409 natura

2330 3357 2416 3411 διὰ
2443 3358 2542 3428 τὴν
2576 3357 2740 3409 αὐτοῦ
2774 3360 2952 3425 φύσιν·
2987 3359 3047 3412 τό
3079 3359 3136 3412 δὲ
3181 3359 3272 3412 διά
3314 3359 3722 3427 φιλανθρωπίαν
3751 3358 3909 3425 γενό-

650 3442 940 3506 exsistens,
979 3443 1083 3496 hoc
1120 3451 1303 3498 autem
1335 3445 1618 3499 hominum
1644 3461 1831 3499 amore
1873 3446 2067 3501 factus.
2092 3447 2227 3501 Nam

2335 3466 2515 3518 μενος.
2552 3448 2663 3502 Καὶ
2693 3448 2805 3518 γάρ
2843 3451 2934 3501 καὶ
2967 3448 3277 3522 ἀνθρώποις
3309 3449 3619 3520 συγκατέϐη
3640 3488 3658 3514 ,
3696 3451 3790 3503 καὶ
3819 3450 3910 3504 διὰ

651 3542 708 3588 et
732 3534 1049 3589 hominibus
1069 3535 1482 3602 condescendit,
1503 3536 1734 3607 ideoque
1755 3539 1930 3593 lactus
1943 3548 2028 3593 est
2043 3538 2228 3605 homo,

651 3641 784 3681 vere
820 3627 954 3682 illud
1004 3628 1274 3682 exsistens
1299 3627 1446 3697 quod
1485 3629 1819 3699 apparebat;
1843 3639 1900 3684 et
1931 3630 2234 3699 permansit

654 3718 801 3787 quod
826 3729 947 3773 erat
986 3737 996 3770 :
1034 3734 1141 3773 non
1163 3718 1295 3773 illud
1322 3719 1624 3790 deponens,
1655 3730 1710 3774 et
1744 3722 1848 3777 hoc
1875 3721 2052 3778 factus
2080 3740 2094 3788 ;
2121 3739 2231 3778 non

654 3819 875 3862 mutans
914 3808 1195 3874 deitatem,
1226 3810 1323 3865 sed
1361 3811 1667 3882 suscipiens
1693 3829 1760 3866 ex
1791 3814 1960 3868 Maria
2006 3815 2231 3884 Virgine

655 3900 1097 3967 humanitatem;
1131 3917 1238 3956 non
1279 3902 1538 3956 desinens
1577 3919 1697 3959 esse
1743 3905 1891 3974 quod
1937 3914 2076 3970 erat,
2134 3906 2231 3960 sed

654 3992 834 4047 factus
871 3994 1017 4062 quod
1062 4009 1171 4048 non
1205 4004 1342 4049 erat.
1375 3996 1522 4050 Idem
1551 3997 1695 4050 enim
1733 4007 2029 4067 utrumque
2059 3998 2126 4053 de
2148 4015 2234 4054 se-

657 4084 894 4152 metipso
929 4083 1198 4147 aﬁirmat;
1243 4097 1300 4140 et
1335 4087 1504 4139 Deum
1538 4103 1596 4140 se
1619 4102 1739 4142 esse
1765 4088 2078 4157 signiﬁcans
2100 4107 2230 4160 pro-

656 4175 781 4245 prio
805 4176 948 4228 Patri
975 4178 1329 4246 coaequalem,
1358 4177 1486 4231 dum
1509 4179 1617 4231 ait:
1643 4199 1659 4228 ι
1684 4179 1794 4249 Ego
1811 4188 1864 4233 et
1882 4181 2042 4234 Pater
2061 4198 2230 4235 unum

659 4282 851 4322 sumus
876 4267 932 4332 δς
966 4290 984 4319 ι
1019 4268 1148 4322 item
1183 4286 1196 4320 :
1232 4289 1249 4318 ι
1289 4269 1390 4335 QUI
1419 4270 1567 4324 videt
1596 4286 1701 4333 me,
1747 4271 1898 4325 videt
1927 4281 1982 4326 et
2018 4272 2234 4326 Patrem

611 4401 615 4405 .
659 4375 842 4414 meum
872 4361 928 4425 ³;
960 4381 978 4410 ι
1003 4368 1059 4415 et
1082 4361 1362 4415 hominem
1385 4363 1740 4431 semetipsum
1765 4365 2081 4426 ostendens,
2107 4379 2233 4418 cum

658 4452 869 4507 diceret
898 4470 912 4505 :
957 4472 975 4503 ι
1009 4453 1152 4519 Quid
1186 4469 1272 4507 me
1299 4454 1544 4522 quaeritis
1584 4454 1913 4520 interﬁcere,
1955 4456 2233 4511 hominem

658 4541 755 4610 qui
799 4542 1090 4596 veritatem
1129 4541 1287 4596 vobis
1334 4543 1554 4597 locutus
1580 4559 1700 4597 sum
1733 4545 1792 4598 ‘?
1820 4565 1838 4596 ι
1877 4561 1987 4600 non
2011 4546 2234 4615 quidem

2329 3537 2488 3590 τοῦτο
2538 3538 2760 3606 γέγονεν
2794 3537 3097 3608 ἄνθρωπος,
3143 3537 3301 3591 τοῦτο
3351 3537 3566 3606 ἀληθῶς
3617 3537 3722 3603 ὣν,
3771 3541 3911 3610 ὅπερ

2299 3631 2614 3699 ⁹ἐφαίνετο·
2663 3630 2759 3684 καὶ
2795 3632 3068 3700 μεμένηκε
3108 3633 3246 3701 ὅπερ
3274 3625 3376 3701 ἦν·
3423 3631 3531 3683 οὐδ’
3572 3631 3910 3701 ἀποθέμενος

2332 3726 2530 3790 ἐκεῖνο,
2556 3724 2648 3777 καὶ
2679 3724 2840 3777 τοῦτο
2864 3725 3174 3794 γενόμενος·
3205 3724 3269 3776 οὐ
3304 3723 3622 3793 μεταϐαλὼν
3653 3724 3908 3793 θεότητα,

2332 3817 2467 3868 ἀλλά
2512 3815 2831 3886 προσλαϐὼν
2865 3818 2926 3869 ὲκ
2943 3817 3172 3886 Μαρίας
3195 3817 3297 3886 τὴν
3339 3817 3770 3887 ἀνθρωπότητα·
3806 3817 3909 3868 οὐκ

2334 3912 2734 3980 ἁπογενόμενος
2784 3909 2813 3961 ὃ
2860 3905 2948 3978 ἦν,
2994 3908 3128 3960 ἀλλά
3169 3908 3459 3977 γενόμενος
3500 3907 3529 3959 ὃ
3586 3908 3687 3959 οὐκ
3717 3901 3804 3977 ἦν.
3847 3908 3909 3961 '0

2332 4000 2442 4070 γὰρ
2464 4000 2622 4062 αὐτὸς
2650 3999 2779 4068 περὶ
2809 3997 2999 4050 ἑαυτοῦ
3024 3998 3260 4068 ἑκάτερα
3286 3997 3453 4065 λέγει·
3479 3997 3610 4050 Θεόν
3635 3998 3910 4051 ’τε-ἑαυτὸν

2336 4092 2618 4161 σημαίνων
2649 4090 2762 4143 ἴσον
2812 4089 2890 4160 τῷ
2922 4090 3035 4159 ἰδίῳ
3077 4091 3285 4158 Πατρὶ,
3315 4089 3383 4141 δι’
3425 4082 3500 4141 ὧν
3529 4089 3653 4160 ἔφη’
3701 4109 3720 4141 ι
3767 4089 3910 4156 Ἐγὼ

2334 4183 2432 4236 καὶ
2459 4184 2487 4234 ό
2507 4183 2694 4250 Πατὴρ
2723 4183 2782 4234 ἓν
2812 4184 2997 4250 ἐσμεν·
3034 4200 3051 4230 ι
3088 4182 3200 4245 καὶ,
3232 4200 3251 4232 ι
3300 4179 3357 4234 '0
3383 4179 3641 4253 ἑωρακὼς
3666 4181 3785 4250 ἐμὲ,
3809 4181 3912 4234 ἐώ-

2338 4292 2475 4346 ρακε
2509 4275 2601 4327 τὸν
2644 4274 2867 4344 Πατέρα
2901 4290 3020 4342 μου’
3069 4292 3087 4321 ι
3137 4274 3232 4326 καὶ
3272 4272 3559 4341 ἄνθρωπον
3603 4272 3911 4337 ἐπιδεικνὺς

2337 4369 2548 4430 ἑαυτὸν,
2597 4368 2664 4420 δι’
2706 4361 2782 4420 ὧν
2813 4367 2982 4433 ἕλεγεο
3023 4384 3043 4416 ι
3095 4365 3160 4418 Τί
3192 4384 3259 4436 με
3305 4367 3516 4437 ζητεῖτε
3570 4367 3909 4430 ἀποκτεῖναι,

2336 4460 2622 4530 ἄνθρωπον
2668 4458 2728 4522 ὃς
2767 4460 2864 4528 τὴν
2911 4458 3169 4528 ἀλήθειαν
3203 4459 3331 4527 ὑμῖν
3381 4457 3690 4526 λελάληκας
3745 4474 3763 4507 ι
3814 4459 3910 4528 οὐχ

2337 4553 2526 4623 ἕτερον
2577 4553 2677 4622 μέν
2717 4568 2840 4604 τινα
2882 4552 3162 4621 σημαίνων
3208 4553 3320 4613 τοῖς
3359 4549 3562 4613 θεῖκοῖς
3605 4547 3910 4620 ίδιώμασιν.

660 4630 826 4682 alium
868 4630 1106 4698 aliquem
1145 4630 1458 4701 signiﬁcans
1513 4632 1716 4688 divinis
1765 4614 2228 4705 proprietatibus,

2344 4614 2500 4696 ἄλλον
2543 4614 2600 4695 at
2642 4642 2816 4712 δηλῶν
2866 4614 2976 4713 toi;-
3022 4641 3388 4711 ἀνθρωπίνοις
3432 4614 3767 4712 παθήμασιν“
3798 4639 3912 4694 ἀλλ’

660 4719 828 4773 alium
847 4735 976 4774 vero
994 4720 1241 4776 indicans
1259 4723 1602 4792 passionibus
1616 4724 1872 4778 humanis
1891 4742 1903 4777 :
1923 4726 2018 4780 sed
2034 4736 2239 4782 seinet-

662 4811 843 4880 ipsum
882 4829 1054 4867 unum
1089 4814 1458 4884 eumdemque
1499 4826 1556 4870 et
1577 4817 1747 4871 Deum
1770 4828 1949 4881 vocat,
1983 4827 2040 4872 et
2062 4818 2240 4873 homi-

661 4917 788 4954 nem
825 4904 1085 4957 ostendit.
1129 4903 1283 4959 Unus
1310 4907 1532 4975 quidem
1569 4907 1823 4977 idemque
1845 4915 1984 4972 erat,
2014 4917 2072 4963 et
2102 4909 2236 4963 illud

662 4995 952 5058 exsistens,
977 5005 1034 5050 et
1060 4996 1164 5051 hoc
1197 4997 1512 5053 ostendens.
1561 4999 1696 5054 Nam
1741 5009 1800 5054 et
1846 5000 1994 5055 Patri
2039 5012 2239 5056 semet-

664 5083 844 5153 ipsum
870 5087 1414 5154 consubstantialem,
1435 5099 1493 5144 et
1515 5090 1829 5145 hominibus
1843 5091 2110 5162 dignitate
2135 5109 2232 5164 pa—

664 5192 780 5230 rem
801 5178 1042 5232 ostendit
1066 5197 1078 5231 :
1120 5181 1256 5236 illud
1285 5182 1508 5251 quidem
1537 5185 1808 5239 exsistens
1835 5201 1932 5254 per
1957 5198 2233 5252 naturam,

664 5276 770 5325 hoc
789 5280 972 5325 autem
1001 5271 1284 5327 hominum
1310 5290 1500 5330 amore
1526 5276 1830 5344 suscipiens
1876 5276 2065 5346 Neque
2088 5279 2236 5333 enim

667 5363 979 5418 humanitas
1009 5379 1042 5418 a
1073 5363 1358 5420 divinitate
1383 5369 1626 5436 sejuncta
1660 5377 1780 5421 erat
1807 5385 1822 5433 ;
1864 5377 1926 5422 ut
1956 5370 2114 5423 aiunt
2159 5370 2236 5425 il'i

667 5455 762 5523 qui
791 5453 1067 5510 Christum
1092 5470 1244 5510 nunc
1269 5455 1541 5521 dividunt,
1569 5467 1710 5512 etex
1739 5460 2003 5529 mysterio
2030 5460 2236 5517 faciunt

667 5545 1187 5612 :equivocationem,
1236 5547 1532 5602 verborum
1577 5550 1812 5604 artiﬁcio
1860 5551 1986 5606 ﬁdei
2038 5563 2240 5608 nostra:

667 5635 1070 5704 simplicitatem
1102 5638 1525 5708 perturbantes;
1567 5651 1626 5695 ut
1649 5642 1987 5697 humanitate
2036 5659 2067 5697 a
2103 5644 2245 5698 divi-

742 5797 754 5825 '
796 5797 988 5865 .Mattn.
1025 5815 1135 5861 xm,
1163 5797 1252 5853 9.5.

667 5882 786 5924 vm,
822 5868 909 5920 40.

1333 5801 1352 5830 ²
1385 5799 1538 5854 Joan.
1575 5817 1679 5865 ενι,
1712 5800 1797 5854 28.

1908 5803 1928 5833 ³
1947 5802 2134 5856 Matth.
2161 5819 2274 5867 xm,
2310 5803 2364 5856 5.

2344 4732 2535 4785 ἑαυτὸν
2568 4731 2665 4784 Eva.
2715 4733 2810 4784 καὶ
2842 4730 3006 4784 αὐτὸν
3051 4730 3185 4783 Θεόν
3215 4747 3277 4783 τε
3313 4729 3484 4798 λέγει,
3518 4731 3612 4784 καὶ
3642 4729 3915 4784 δείκνυσιν

2345 4825 2652 4892 ἄνθρωπον.
2681 4817 2773 4886 Εἷς
2800 4822 2910 4892 γὰρ
2941 4818 3009 4891 ἦν
3035 4824 3129 4874 καὶ
3153 4824 3183 4875 ὁ
3207 4821 3388 4884 αὐτός’
3415 4822 3507 4876 καὶ
3532 4821 3689 4874 τοῦτο
3720 4822 3797 4873 ὢν
3822 4824 3916 4876 καὶ

2345 4916 2523 4967 ἐκεῖνο
2568 4915 2937 4983 δεικνύμενος.
2991 4913 3104 4966 Καὶ
3149 4913 3257 4981 γάρ
3301 4911 3380 4982 τῷ
3431 4912 3610 4982 Ila-cpt
3645 4911 3914 4965 δείκνυσιν

2346 5007 2539 5060 ἑαυτὸν
2564 5007 2866 5076 ὀμοούσιον,
2909 5005 3004 5059 καὶ
3032 5007 3146 5068 τοῖς
3183 5004 3490 5078 ἀνθρώποις
3531 5005 3796 5074 ὁμότιμον
3815 5022 3829 5036 ο
3855 5005 3916 5057 τὸ

2341 5097 2441 5167 μὲν
2477 5096 2573 5160 ὢν,
2602 5096 2692 5150 διὰ
2729 5099 2828 5167 τὴν
2873 5097 3057 5166 φύσιν·
3087 5096 3148 5149 τὸ
3168 5095 3227 5149 δὲ
3259 5095 3512 5166 ἑλόμενος
3539 5139 3552 5161 ,
3598 5094 3689 5149 διὰ
3729 5096 3912 5166 φιλαν-

2356 5189 2624 5258 θρωπίαν.
2662 5190 2737 5242 Οὐ
2785 5190 2892 5260 γὰρ
2920 5188 3276 5259 ἀνθρωπότης
3317 5188 3589 5258 διεστήκει
3623 5188 3911 5258 θεότητος,

2340 5281 2417 5342 ὠς
2451 5281 2500 5332 οἱ
2533 5279 2628 5332 νῦν
2659 5280 2994 5352 διαιροῦντες
3017 5280 3108 5332 τὸν
3129 5282 3365 5352 Χριστόν
3389 5297 3554 5351 φασι,
3586 5280 3682 5334 καὶ
3706 5282 3916 5350 ὁμωνυ-

2346 5371 2478 5438 μίαν
2515 5371 2838 5441 ποιήσαντες
2864 5369 2927 5422 τὸ
2958 5371 3274 5442 μυστήριον.
3311 5370 3474 5442 τέχνῃ
3508 5368 3684 5437 λόγων
3727 5367 3912 5423 ἐπιθο-

2346 5461 2565 5525 λοῦντες
2633 5465 2733 5532 τῆς
2785 5463 3024 5525 πίστεως
3091 5462 3250 5531 ἡμῶν
3294 5461 3395 5532 τὴν
3448 5461 3761 5530 ἁπλότητα’
3830 5461 3915 5514 ἵνα

2349 5555 2746 5624 ἀνθρωπότητα
2790 5555 2888 5624 τῆς
2915 5553 3165 5625 θεότητος
3202 5555 3630 5623 ἀποστήσαντες,
3675 5553 3772 5604 καὶ
3817 5552 3914 5621 τὴν

2354 5647 2618 5716 σωτήριον
2658 5646 2862 5716 ταύτην
2902 5646 3095 5698 ἕνωσιν
3142 5647 3421 5710 λύσαντες,
3456 5648 3799 5705 ἐπεισάκτοις
3830 5642 3914 5695 7.6-

2445 5804 2463 5832 "
2487 5805 2643 5857 Joan.
2668 5821 2718 5870 κ,
2750 5803 2837 5859 50.

2941 5806 2962 5836 ⁸
2997 5805 3154 5859 Joan.
3185 5821 3292 5869 xiv,
3320 5806 3370 5858 9.
3453 5807 3472 5834 θ
3507 5805 3662 5856 Joan.
3705 5803 3913 5868 “1.20;
