4098 6344
236 408 377 463 1517

1375 402 1739 459 ΕΧΡΟΞῙἸἸΟ
1779 403 2073 460 SYMBOLI
2113 406 2387 463 ΝΙΕᾸΞΝΙ.

3382 417 3520 472 158

230 539 355 591 τοις
389 521 489 593 τὴν
541 519 853 591 οἰκονομίαν
886 518 1137 573 ἀνέλωσι.
1190 518 1255 570 ΤΞ
1304 518 1415 590 γάρ
1448 518 1778 590 ᾠκονομήθη
1806 560 1812 582 ι

1925 520 2098 576 nitate
2141 531 2416 593 separata,
2463 532 2521 579 et
2570 524 2800 581 salutari
2848 526 2952 583 hac
2987 542 3191 585 unione
3225 528 3515 595 dissoluta,

232 615 545 687 λεγέτωσαν
570 616 726 685 ἡμῖν,
754 614 804 666 εἰ
836 611 1022 676 καθὼς
1049 612 1139 666 ἀεὶ
1168 614 1263 666 καὶ
1296 613 1419 665 τότε
1451 611 1585 675 Θεὸς
1612 609 1825 683 ἀνθρὼ-

233 726 338 762 που
358 708 583 779 διῄρητο
602 724 618 769 ;
648 704 788 758 Ἀλλ’
807 705 1121 775 οἰκονομίαν
1142 704 1299 767 Θεοῦ,
1318 704 1413 757 καὶ
1437 703 1525 757 ὸιά
1542 702 1825 768 κενώσεως

235 797 647 867 συγκατάσασιν
672 795 927 865 λέγομεν·
961 798 1043 850 ὅτι
1071 796 1234 859 αὐτὸς
1254 798 1282 849 6
1311 794 1447 858 Θεὸς
1471 795 1644 863 Λόγος
1668 795 1827 863 γέγο-

232 909 325 947 νεν
355 890 646 961 ἄνθρωπος
664 932 679 949 .
704 894 767 943 οὑ
800 889 1161 961 μεταϐληθεὶς
1189 888 1290 959 τὴν
1319 888 1502 957 φύσιν,
1529 888 1667 942 ἀλλὰ
1696 890 1826 943 θαυ-

237 984 627 1055 ματουργήσας
686 981 786 1053 τὴν
849 982 1067 1036 ἕνωσιν.
1117 981 1228 1034 Καὶ
1289 979 1491 1051 αὖτηή
1543 980 1827 1051 οἰκονομία

231 1077 412 1131 πάντα
438 1075 596 1143 λόγον
625 1073 928 1145 ἀνθρώπων
958 1074 1247 1143 κινήσασα.
1548 1076 1555 1081 ⁴

301 1356 403 1410 Διά
444 1356 603 1410 τοῦτο
639 1356 733 1407 καὶ
782 1357 811 1408 ὀ
854 1353 1027 1424 μέγας
1065 1353 1271 1414 Παῦλος
1313 1349 1628 1421 ἀνθρώπινα
1672 1351 1820 1423 πάθη

229 1447 385 1520 αὐτῷ
434 1449 743 1519 προσάπτει
799 1446 953 1515 Θεῷ·
984 1446 1047 1498 οὐ
1101 1444 1353 1515 παθητὴν
1398 1444 1670 1497 διδάσκων
1700 1442 1822 1497 θεό-

226 1559 369 1612 τητα
391 1583 407 1608 ,
438 1541 553 1595 ἀλλ’
593 1537 799 1607 ἀγαθοῦ
829 1536 966 1591 Θεοῦ
1018 1541 1118 1608 τὴν
1159 1537 1295 1608 πρὸς
1321 1534 1646 1605 ἀνθρώπους
1682 1552 1821 1605 συμ-

231 1633 468 1688 πάθειαν
535 1630 1140 1702 θαυματουργουμένην
1198 1629 1389 1681 εἰπών.
1456 1628 1656 1683 Παθεῖν
1710 1629 1821 1700 γὰρ

225 1724 371 1796 ὑπὲρ
396 1723 700 1794 ἀνθρώπων
729 1721 961 1793 θελήσας
1007 1721 1139 1784 Θεὸς
1184 1720 1253 1773 τὰ
1298 1718 1650 1788 ἀνθρώπινα,
1700 1715 1819 1772 εἶτα

224 1816 326 1886 τὴν
367 1816 530 1886 φύσιν
580 1815 718 1885 ἔχων
776 1815 1128 1870 ἀνεπίδεκτον
1180 1812 1289 1865 τῶν
1340 1812 1551 1873 παθῶν,
1608 1814 1816 1884 κατέϐη

1929 611 2186 667 ascilitiis
2228 616 2502 669 rationum
2554 618 2885 672 commentis
2921 618 3390 691 dispensationem
3426 640 3521 695 pe-

1929 704 2080 758 nitus
2110 704 2323 760 tollant.
2355 706 2552 762 Dicant
2579 707 2729 762 enim
2768 710 2950 776 nobis,
2988 726 3096 781 qua
3127 711 3182 767 in
3206 728 3266 769 re
3289 714 3519 785 dispen-

1929 806 2107 852 satum
2132 798 2322 863 fuerit,
2366 800 2411 854 si
2435 801 2902 870 quemadmodum
2929 819 3169 875 semper,
3198 805 3273 861 ita
3304 815 3360 862 et
3386 815 3521 862 tunc

1928 890 2076 946 Deus
2111 890 2180 945 ab
2203 891 2427 947 homine
2451 902 2570 948 erat
2596 894 2812 951 divisus
2836 896 2859 950 2
2882 893 2990 951 Sed
3018 895 3116 951 Dei
3146 897 3518 968 dispensatio-

1928 999 2054 1039 nem
2110 1000 2211 1055 per
2245 986 2678 1042 exinanitionem
2716 988 2998 1054 dicimus;
3038 988 3187 1059 quod
3225 989 3343 1061 ipse
3374 988 3521 1047 Deus

1928 1076 2169 1132 Verbum
2203 1076 2384 1132 factus
2416 1085 2502 1133 est
2522 1078 2710 1144 homo,
2742 1096 2854 1135 non
2878 1089 3099 1137 mutans
3120 1090 3397 1147 naturam,
3420 1084 3516 1139 sed

1927 1168 2259 1225 miraculose
2301 1168 2546 1225 eﬂieiens
2594 1172 2877 1226 unionem.
2926 1172 2995 1227 Et
3023 1173 3141 1228 haec
3178 1173 3519 1245 dispensatio

1923 1278 2145 1320 omnem
2174 1265 2473 1318 humanam
2493 1263 2764 1319 rationem
2787 1274 3103 1335 exsuperat.

1996 1356 2088 1411 Ill.
2126 1356 2369 1425 Ideoque
2399 1372 2631 1427 magnus
2657 1356 2750 1410 ille
2778 1356 2982 1411 Paulus
3015 1357 3286 1413 humanas
3309 1360 3519 1430 passio-

1922 1464 2022 1504 nes
2057 1448 2161 1519 ipsi
2214 1448 2329 1503 Deo
2383 1447 2689 1502 attribuit:
2732 1464 2846 1503 non
2896 1449 3159 1504 deitatem
3199 1452 3514 1523 passibilem

1922 1539 2146 1603 docens,
2184 1538 2281 1595 sed
2319 1539 2416 1594 Dei
2455 1538 2650 1610 optimi
2690 1539 2913 1594 maximi
2956 1540 3340 1597 miraculosam
3385 1558 3514 1615 erga

1922 1633 2175 1689 homines
2220 1637 2662 1705 compassionem
2696 1636 3031 1707 exprimens.
3071 1637 3208 1692 Nam
3247 1638 3392 1693 Deus
3414 1654 3517 1710 pro

1920 1726 2240 1782 hominibus
2290 1728 2529 1783 humana
2580 1727 2859 1785 sustinere
2906 1729 3159 1799 cupiens,
3207 1737 3264 1784 et
3316 1738 3515 1785 natura

1922 1826 2237 1890 passionum
2253 1836 2599 1892 nequaquam
2617 1820 2803 1891 capaci
2827 1820 3112 1892 praeditus,
3144 1820 3431 1877 descendit
3456 1829 3517 1877 ut

225 1906 366 1977 πρὸς
416 1906 477 1959 τὸ
524 1906 793 1975 ὲνωθῆναι
841 1905 920 1975 τῷ
976 1903 1242 1973 παθητῷ,
1298 1906 1383 1958 ἵνα
1427 1906 1459 1974 ἡ
1506 1905 1703 1967 ἓνωσις
1757 1905 1812 1957 τὸ

1922 1914 2176 1968 uniretur
2213 1914 2483 1984 passibili,
2539 1922 2600 1969 ut
2640 1915 2773 1969 unio
2817 1913 3126 1984 passionem
3152 1929 3371 1985 quoque
3401 1914 3516 1969 Deo

226 2000 400 2061 πάθος
453 2000 653 2069 ποιήσῃ
698 1998 793 2051 καὶ
835 1997 930 2049 τοῦ
975 1995 1150 2050 Θεοῦ.
1204 1996 1502 2067 ἐπειδήπερ
1556 1997 1589 2065 ἡ
1654 1995 1815 2064 φύσις

222 2088 321 2142 τοῦ
349 2088 487 2142 Θεοῦ
519 2088 625 2141 τῶν
655 2088 997 2157 παθημάτων
1030 2089 1130 2139 οὐκ
1150 2082 1217 2157 ἦν
1239 2086 1483 2158 δεκτική.
1519 2087 1633 2141 Καὶ
1658 2087 1818 2140 τοῦτο

220 2180 404 2251 δηλῶν
441 2182 469 2232 ὁ
520 2182 696 2250 μέγας
740 2180 951 2242 Παῦλος
996 2179 1172 2246 ἔλεγε
1215 2198 1235 2230 ε
1279 2178 1642 2251 Κηρύσσομεν
1681 2179 1816 2232 Θεοῦ

226 2275 421 2343 σοφίαν
447 2276 504 2326 ἐν
539 2273 826 2344 μυστηρίῳ
860 2272 959 2341 τὴν
993 2273 1517 2343 ἀποκεκρυμμένην,
1546 2273 1614 2343 ἢν
1642 2273 1819 2336 οὐδεὶς

222 2366 335 2418 τῶν
380 2369 661 2436 ἀρχόντων
704 2365 799 2419 τοῦ
844 2366 1041 2428 αἰῶνος
1070 2365 1262 2417 τούτου
1311 2365 1569 2434 ἔγνωκεν.
1605 2366 1665 2418 Εἰ
1709 2364 1818 2435 γὰρ
1860 2370 1867 2383 ¹

224 2459 493 2525 ἔγνωσαν,
512 2459 611 2511 οὐκ
628 2458 690 2511 ἀν
714 2460 812 2528 τῆς
844 2458 1004 2528 δόξης
1034 2458 1125 2511 τὸν
1159 2459 1364 2529 Κύριον
1394 2458 1807 2528 ἐσταύρωσαν.»

222 2552 337 2604 Καὶ
368 2553 474 2621 μὴν
496 2555 524 2604 6
557 2551 759 2620 Κύριος
782 2551 883 2620 τῆς
911 2550 1069 2619 δόξης
1095 2552 1243 2604 ἐστὶν
1281 2550 1522 2621 ἀπαθής·
1554 2550 1671 2603 ἀλλ’
1704 2550 1819 2603 ἐδέ-

224 2641 357 2708 ξατο
399 2642 655 2714 σταυρὸν,
682 2641 890 2704 ἑνώσας
916 2642 1096 2711 ἑαυτῷ
1130 2642 1191 2693 τὸ
1236 2642 1470 2712 πάσχειν
1498 2642 1816 2711 δυνάμενον.

226 2735 400 2789 Τοῦτο
423 2738 516 2788 καὶ
547 2735 751 2805 Πέτρος
775 2737 804 2787 ὁ
836 2735 1009 2803 μέγας
1048 2735 1479 2804 ἐμνημόνευσεν,
1513 2735 1604 2787 ὅτε
1636 2734 1729 2788 τὸν
1756 2737 1819 2788 ὲκ

224 2830 451 2899 γενετῆς
497 2829 669 2899 χωλὸν
703 2827 1073 2899 ἐθεράπευσε,
1104 2828 1199 2879 καὶ
1228 2827 1591 2894 ἐθαυμάζετο,
1633 2829 1819 2890 ἀτενὲς

222 2919 478 2991 ὁρώντων
507 2922 587 2982 είς
615 2919 779 2972 αὐτὸν
809 2918 917 2971 τῶν
958 2918 1251 2983 Ἰουδαίων,
1301 2920 1392 2972 καὶ
1436 2917 1815 2987 ἐκπληττομέ-

220 3032 332 3068 νων
369 3014 460 3067 ἐπὶ
482 3012 557 3082 τῷ
585 3013 846 3081 θαύματι·
881 3012 1016 3083 πρὸς
1044 3009 1137 3074 οὓς
1164 3011 1617 3081 ἀποκρινόμενος,
1644 3010 1819 3073 οὕτως

219 3106 347 3176 εφη·
386 3122 406 3155 ε
439 3103 664 3174 Ἄνδρες
704 3104 1057 3174 Ἰσραηλῖται,
1084 3102 1135 3155 τί
1163 3102 1473 3172 θαυμάζετε
1503 3103 1597 3155 ἐπὶ
1624 3103 1818 3172 τούτῳ,

220 3197 406 3269 ἢήμῖν
432 3197 482 3248 τί
503 3196 796 3261 ἀτενίζετε,
815 3195 889 3258 ὠς
916 3195 1021 3265 ἰδίᾳ
1041 3194 1315 3264 δυνάμειῆ
1341 3194 1416 3265 (l)
1435 3194 1687 3264 εύσεὸεία
1720 3211 1818 3247 πεο

1920 2019 2269 2059 communem
2300 2004 2526 2067 faceret,
2558 2003 3007 2076 quandoquidem
3037 2004 3134 2059 Dei
3159 2013 3359 2059 natura
3386 2020 3512 2075 pas-

1920 2096 2103 2150 siones
2132 2096 2417 2166 suscipere
2468 2111 2579 2151 non
2624 2104 2866 2166 poterat.
2906 2095 2976 2150 Et
3010 2096 3117 2151 hoc
3155 2111 3385 2167 magnus
3421 2096 3515 2151 ille

1920 2188 2123 2241 Paulus
2159 2186 2477 2257 signiﬁcans
2519 2188 2779 2244 dicebat:
2829 2208 2848 2238 ι
2879 2188 3252 2243 Ρττεάίοεηιηε
3285 2188 3383 2243 Dei
3423 2204 3514 2243 sa-

1920 2278 2184 2346 pientiam
2242 2279 2299 2333 in
2356 2279 2620 2350 mysterio
2670 2279 3074 2345 absconditam,
3129 2294 3294 2351 quam
3348 2294 3516 2335 nemo

1920 2369 2232 2440 principum
2257 2370 2421 2441 hujus
2447 2370 2633 2425 seculi
2662 2371 2940 2461 cognorit.
2969 2370 3027 2427 Si
3050 2372 3199 2427 enim
3228 2374 3516 2444 cognovis-

1919 2471 2062 2526 sent,
2095 2478 2204 2517 non
2233 2464 2423 2533 utique
2450 2463 2744 2519 Dominum
2767 2463 2960 2535 gloria:
2979 2463 3387 2520 eruciﬁxissent
3410 2466 3451 2519 ⁷.
3487 2486 3504 2517 ι

1921 2549 1988 2603 Et
2035 2548 2261 2618 quidem
2319 2548 2589 2602 Dominus
2626 2547 2818 2617 glorize
2860 2556 2947 2603 est
2976 2546 3330 2619 impassibilis
3363 2566 3378 2613 ;
3414 2549 3513 2604 sed

1921 2639 2118 2694 uniens
2145 2639 2473 2709 sibimetipsi
2500 2640 2647 2709 quod
2674 2640 2785 2710 pati
2807 2648 3049 2709 poterat,
3072 2655 3295 2695 crucem
3318 2642 3511 2696 subiit.

1918 2732 2069 2787 Idem
2111 2745 2333 2801 quoque
2374 2747 2609 2802 magnus
2654 2732 2747 2787 ille
2786 2731 2984 2786 Petrus
3021 2734 3511 2794 commemorabat.

1917 2840 2045 2879 cum
2093 2824 2349 2879 claudum
2375 2840 2443 2879 ex
2476 2834 2637 2879 utero
2659 2825 2853 2879 matris
2877 2840 3091 2879 summa
3108 2825 3357 2881 omnium
3383 2840 3511 2885 cum

1918 2918 2284 2973 admiratione
2327 2928 2619 2983 sanasset;
2658 2927 2718 2973 et
2757 2918 2963 2973 ludatis
3011 2917 3134 2973 ﬁxis
3172 2918 3350 2973 oculis
3381 2932 3510 2973 eum

1919 3010 2266 3064 intuentibus
2311 3018 2369 3064 et
2426 3011 2695 3065 miraculo
2749 3010 3019 3073 attonitis,
3077 3010 3133 3065 in
3180 3010 3298 3066 haec
3340 3010 3511 3066 verba

1919 3102 2323 3171 responderet:
2373 3121 2389 3148 ο
2437 3102 2554 3156 Viri
2602 3102 2902 3167 Israelitte,
2949 3101 3081 3174 quid
3129 3100 3407 3178 miramini
3448 3102 3505 3156 in

1920 3193 2046 3255 hoc,
2088 3201 2184 3247 aut
2224 3208 2327 3247 nos
2370 3193 2505 3263 quid
2548 3193 2865 3258 intuemini,
2900 3194 3057 3264 quasi
3090 3202 3277 3249 nostra
3301 3193 3511 3249 virtute

222 3287 479 3358 ποιηκὼι
496 3287 591 3340 τοῦ
612 3290 935 3357 περιπατεῖν
951 3287 1135 3350 aut-6v;
1170 3287 1230 3339 ’0
1250 3285 1383 3349 Θεὸς
1417 3285 1691 3356 Ἀϐραὰμ,
1716 3286 1812 3338 καὶ

1916 3292 2012 3338 aut
2063 3285 2265 3355 pietate
2300 3262 2599 3339 fecerimus
2637 3285 2789 3340 hune
2812 3262 3136 3340 ambulare?
3158 3285 3307 3341 Deus
3334 3284 3511 3340 Abra-

234 3381 445 3445 Ἰσαὰκ,
460 3380 556 3432 καὶ
572 3379 789 3444 Ἰακὼϐ,
807 3382 833 3432 ὁ
850 3378 983 3442 Θεὸς
999 3378 1106 3430 τῶν
1126 3377 1380 3448 πατέρων
1392 3379 1423 3443 ἡ
1434 3377 1574 3447 μῶν,
1593 3377 1811 3440 ἑδόξασε

218 3470 315 3525 τὸν
346 3470 510 3525 παῖδα
538 3470 704 3524 αὐτοῦ
745 3470 975 3539 Ἰησοῦν,
1009 3470 1068 3523 ὃν
1099 3469 1259 3539 ὑμεῖς
1294 3469 1650 3539 παρεδώκατε
1673 3509 1688 3531 ,
1720 3469 1814 3523 καὶ

218 3560 533 3631 ὴρνήσασθε
566 3562 706 3615 κατά
736 3562 1027 3632 πρόσωπον
1059 3561 1291 3615 Πιλάτου
1313 3602 1327 3624 ,
1358 3560 1646 3629 κρίναντος
1668 3562 1812 3613 ὲκεί-

220 3671 315 3707 νου
344 3653 619 3707 ἀπολύειν.
664 3654 856 3722 Ὑμεῖς
887 3653 942 3705 δὲ
982 3655 1075 3705 τὸν
1104 3654 1256 3720 ἆγιον
1284 3653 1374 3705 καὶ
1396 3652 1614 3704 δίκαιον
1642 3652 1811 3722 ἠρνή-

222 3745 415 3809 σασθε,
445 3746 543 3798 καὶ
576 3745 856 3815 ᾐτησασθε
885 3744 1054 3814 ἄνδρα
1086 3745 1255 3813 φονέα
1287 3742 1618 3815 χαρισθῆναι
1656 3744 1807 3814 ὑμῖν.

218 3841 311 3891 τὸν
346 3840 403 3893 δὲ
442 3840 688 3909 ἀρχηγὸν
714 3840 816 3907 τῆς
841 3837 988 3906 ζωῆς
1027 3836 1411 3891 ἀπεκτείνατε.
1452 3856 1471 3887 ι
1504 3838 1614 3890 Καὶ
1646 3838 1756 3906 μὴν
1782 3837 1810 3888 6

216 3932 321 4000 τῆς
342 3932 490 4000 ζωῆς
513 3932 670 4003 ἡμῶν
696 3931 940 4002 ἀρχηγὸς
965 3929 1230 3994 ἀθάνατός
1252 3931 1419 3982 ἐστιν’
1447 3931 1561 3983 ἀλλ’
1588 3929 1811 3993 ἑνωθεὶς

218 4024 299 4095 τῷ
328 4008 507 4094 θνητῷ
531 4024 870 4094 ἀπεκτάνθη,
898 4022 1082 4094 φησίν.
1114 4022 1178 4075 Ἠ
1211 4022 1320 4091 γάρ
1349 4024 1429 4084 εἰς
1456 4022 1590 4075 Θεὸν
1618 4022 1809 4086 ἔνωσις

215 4118 321 4170 οὐκ
347 4117 570 4187 ἀφίησιν
620 4119 699 4179 εἰς
734 4114 1022 4185 ἄνθρωπον
1066 4113 1227 4185 μόνον
1264 4115 1707 4184 περιγράφεσθαι
1740 4114 1809 4166 τά

215 4208 535 4280 παθήματα.
566 4209 666 4261 Διά
691 4206 847 4260 τοῦτο
879 4207 936 4260 δὲ
962 4206 1054 4259 τὸν
1088 4206 1353 4275 μονογενῆ
1388 4205 1513 4259 Υίὸν
1544 4205 1639 4258 τοῦ
1666 4204 1804 4260 Θεοῦ

214 4302 375 4355 καλεῖ
425 4301 653 4371 Ἰησοῦν,
688 4300 782 4370 τὴν
812 4298 1189 4369 προσηγορίαν
1218 4299 1320 4368 τὴν
1350 4299 1415 4349 ἐκ
1445 4297 1545 4367 τῆς
1584 4297 1808 4368 Μαρίας

214 4392 469 4446 τιθεῖσαν
510 4392 589 4463 τῷ
618 4393 808 4462 βρέφει
859 4392 1057 4458 ἐκείνῳ
1102 4390 1431 4460 γεγενῆσθαι
1479 4388 1675 4460 δηλῶν
1713 4389 1806 4442 καὶ

211 4485 312 4539 τὸν
356 4485 521 4539 αὑτὸν
571 4484 736 4537 πάλιν
768 4484 865 4538 καὶ
919 4481 1127 4551 Ἰησοῦν
1176 4482 1364 4544 καλεῖ,
1412 4483 1508 4535 καὶ
1563 4482 1806 4553 ἀρχηγὸν

216 4573 619 4647 προσαγορεύει
654 4573 821 4645 ζωῆςο
851 4573 944 4626 τὸν
985 4573 1150 4626 αὐτὸν
1178 4574 1414 4644 ποιητήν
1441 4589 1502 4625 τε
1526 4573 1666 4642 ὁμοῦ
1694 4572 1805 4626 τῶν

215 4665 474 4720 ἁπάντων
498 4666 735 4728 δεικνὺς,
760 4666 855 4719 καὶ
876 4661 1165 4733 ἄνθρωπον
1188 4662 1419 4717 θανάτου
1438 4664 1799 4732 γευσάμενον.

286 4753 360 4809 Δ’.
404 4755 513 4808 Καὶ
541 4754 629 4807 ἵνα
658 4752 734 4824 μὴ
757 4752 947 4806 τοῦτον
987 4752 1109 4821 μὲν,
1147 4752 1328 4815 ἄλλον,
1355 4751 1543 4824 ἕτερον
1571 4752 1629 4807 δὲ
1656 4754 1802 4806 ἐκεῖ·

210 4862 308 4900 νον
350 4849 478 4919 νοῇς
500 4889 515 4911 ,
564 4848 677 4910 τοῖς
709 4845 1073 4918 ἀνθρωπίνοις
1100 4847 1129 4898 6
1175 4845 1389 4907 Παῦλος
1429 4846 1701 4915 ἀναμίξας
1733 4846 1804 4899 τὰ

211 4938 395 5002 θεῖκά,
429 4940 667 5011 ἑκάτερα
696 4939 826 5009 περὶ
866 4938 987 5001 ἑνὸς
1012 4937 1107 4989 καὶ
1140 4935 1235 4989 τοῦ
1260 4935 1423 4989 αὐτοῦ
1456 4936 1608 5003 λέγει
1627 4952 1641 4966 ο
1669 4936 1802 4989 Θεὸν

210 5031 427 5094 δεικνὺς
460 5031 758 5102 γενόμενον
784 5029 1091 5103 ἄνθρωπον·
1121 5029 1214 5081 καὶ
1234 5028 1321 5081 διά
1347 5026 1505 5082 τοῦτο
1528 5028 1621 5081 τὸν
1639 5029 1801 5082 αὑτὸν

210 5123 286 5176 τὰ
310 5124 409 5193 μὲν
440 5123 772 5194 ἐνεργοῦντα
802 5124 1021 5187 θεῐκῶς,
1055 5122 1122 5177 τά
1155 5122 1211 5174 δὲ
1244 5122 1321 5183 ὡς
1350 5122 1635 5192 ἄνθρωπον
1666 5124 1800 5176 ὑπο-

215 5214 470 5286 μένοντα·
497 5216 560 5269 οὑ
596 5214 1026 5287 μεταϐληθέντος
1046 5213 1205 5275 Θεοῦ,
1238 5214 1357 5267 οὐδὲ
1385 5213 1445 5265 τὸ
1473 5215 1799 5285 φαινόμενον

208 5305 581 5374 ςευσαμένου.
629 5305 940 5376 Παράδοξος
982 5306 1091 5377 γὰρ
1138 5308 1171 5374 ἡ
1226 5307 1421 5368 ἒνωσις
1459 5308 1704 5374 γέγονεν·
1750 5310 1801 5359 εἰ

209 5398 323 5468 γὰρ
370 5396 639 5468 σύγχυσις
694 5398 909 5467 φύσεων
966 5398 1139 5451 ἐποίει
1172 5397 1271 5468 τὴν
1324 5398 1540 5452 ἕνωσιν.
1582 5400 1683 5452 οὐκ
1730 5395 1799 5470 ἦν

286 5551 306 5581 ⁷
333 5550 355 5605 1
382 5548 511 5604 Car.
535 5567 609 5614 ιι,
650 5572 695 5611 ι,
721 5552 774 5603 8.
851 5552 874 5582 ⁵
895 5550 1015 5605 Act.
1042 5550 1335 5615 "1,1245.

286 5709 363 5780 (ι)
400 5709 710 5788 Εὑσεσεςίςῖε
750 5709 1014 5788 Vulgatus
1046 5709 1321 5788 interpres
1366 5710 1602 5788 legebat,
1639 5709 1790 5788 ἐξου-

212 5779 639 5860 σίᾳηρο-ξ-ςςιιιιε.
670 5779 1040 5860 Νειιοεεςςι-Ιριςι·
1063 5779 1506 5860 Chrysostomus,
1544 5780 1704 5860 lipsi].
1738 5782 1790 5832 in

211 5848 375 5914 illud,
402 5848 565 5904 Filius
610 5868 673 5903 rx
708 5848 783 5901 se,
813 5850 943 5903 nihil
988 5851 1134 5918 facit,
1184 5848 1310 5919 opp.
1366 5859 1497 5902 tom.
1544 5850 1629 5915 Vl,
1666 5866 1789 5920 pag.

1914 3377 2040 3430 ham
2071 3386 2128 3431 et
2150 3376 2301 3431 Isaac
2322 3387 2379 3431 et
2399 3376 2590 3439 Jacob,
2622 3376 2767 3432 Deus
2795 3386 3012 3447 patrum
3043 3385 3361 3431 nostrorum
3394 3375 3511 3445 glo-

1913 3468 2151 3523 rilicavit
2190 3466 2385 3522 Filium
2425 3483 2587 3521 suum
2623 3468 2833 3531 Jesum,
2869 3482 3032 3538 quem
3066 3482 3163 3521 vos
3201 3465 3511 3521 tradidistis

1912 3569 1968 3614 et
2014 3560 2257 3635 negastis
2304 3568 2431 3615 ante
2472 3560 2668 3615 faciem
2711 3559 2902 3619 Pilati,
2939 3558 3224 3629 iudicante
3276 3557 3370 3613 illo
3422 3556 3510 3613 di-

1916 3654 2060 3708 mitti
2104 3671 2116 3707 :
2160 3667 2259 3707 vos
2302 3660 2487 3707 autem
2528 3660 2779 3706 sanetum
2809 3660 2867 3706 et
2891 3652 3101 3722 justum
3155 3649 3417 3721 negastis,
3448 3657 3509 3705 et

1911 3746 2150 3817 petiistis
2187 3745 2367 3799 virum
2412 3743 2745 3799 homicidam
2772 3743 2966 3798 donari
2993 3742 3191 3807 vobis;
3219 3750 3503 3798 auctorem

1909 3854 2045 3894 vero
2075 3839 2201 3893 vitae
2229 3836 2586 3893 interfecistis
2608 3834 2651 3891 ⁸.
2695 3856 2714 3887 ι
2747 3837 2913 3906 Atqui
2937 3845 3131 3889 auctor
3150 3840 3278 3889 vita:
3304 3844 3506 3890 nostrae

1910 3932 2237 3989 immortalis
2295 3940 2416 3994 est,
2469 3929 2565 3985 sed
2609 3929 2826 3985 unitum
2879 3927 3096 3982 mortali
3150 3927 3503 3983 interfectum

1910 4028 2109 4081 asserit
2134 4044 2145 4079 :
2174 4040 2301 4079 nam
2333 4024 2465 4078 unio
2486 4038 2613 4078 cum
2646 4023 2758 4077 Deo
2781 4037 2892 4076 non
2923 4020 3196 4091 permittit
3215 4021 3502 4091 passiones

1911 4118 1967 4172 in
2002 4116 2119 4171 solo
2155 4115 2379 4171 homine
2413 4114 2817 4169 circumscribi.
2854 4113 2983 4167 Ideo
3029 4121 3213 4167 autem
3243 4114 3501 4183 unigeni-

1910 4217 2025 4261 tum
2057 4207 2153 4263 Dei
2189 4207 2385 4261 Filium
2411 4206 2599 4261 Jesum
2624 4206 2883 4277 appellat,
2912 4204 3019 4259 hoc
3038 4220 3238 4259 nomen
3265 4205 3501 4275 puerulo

1911 4298 1990 4353 illi
2038 4314 2105 4354 ex
2158 4298 2325 4353 Maria
2377 4306 2509 4353 nato
2556 4298 2878 4368 impositum
2919 4296 3090 4352 fuisse
3133 4295 3495 4367 signiﬁcans:

1908 4406 2211 4462 rursusque
2246 4390 2505 4457 eumdem
2545 4398 2603 4445 et
2650 4389 2839 4445 Jesum
2887 4396 3068 4453 vocat,
3120 4396 3178 4444 et
3213 4397 3498 4443 auctorem
3584 4402 3585 4405 ‘

1906 4483 2035 4539 vitae
2065 4483 2323 4555 appellat,
2359 4482 2616 4538 eumdem
2646 4483 2810 4537 simul
2849 4490 2909 4536 et
2933 4489 3245 4537 creatorem
3276 4481 3501 4536 univer-

1907 4591 2118 4640 sorum,
2144 4582 2201 4630 et
2220 4574 2501 4629 hominem
2523 4573 2622 4643 qui
2643 4580 2877 4627 mortem
2899 4571 3158 4643 gustavit,
3179 4570 3497 4626 ostendens.

1978 4752 2068 4807 IV.
2122 4751 2192 4806 Et
2242 4766 2313 4806 ne
2360 4750 2530 4805 alium
2581 4754 2730 4803 hunc
2778 4748 2850 4803 ab
2882 4748 2977 4804 illo
3024 4749 3253 4819 cogites,
3293 4746 3499 4802 Paulus

1907 4846 2167 4901 humanis
2212 4844 2399 4899 divina
2452 4843 2812 4915 permiscens,
2860 4852 3096 4913 utraque
3130 4842 3197 4896 de
3254 4856 3367 4895 uno
3396 4856 3498 4896 eo-

1906 4938 2142 5008 demque
2174 4936 2495 5008 pronuntiat
2522 4952 2538 4999 ;
2569 4934 2868 4989 ostendens
2897 4934 3067 4988 Deum
3098 4931 3381 4986 hominem
3417 4930 3501 4987 fa-

1910 5040 2081 5095 ctum,
2134 5018 2371 5099 ideoque
2417 5026 2676 5083 eumdem
2716 5025 2916 5096 partim
2960 5034 3280 5094 operantem
3322 5022 3499 5080 instar

1907 5124 2027 5187 Dei,
2080 5118 2279 5193 partim
2329 5129 2389 5175 ut
2437 5120 2717 5174 hominem
2766 5118 3117 5189 prssionibus
3149 5116 3493 5171 obnoxium:

1908 5217 2231 5283 neutiquam
2266 5220 2478 5267 mutato
2516 5210 2630 5264 Deo
2665 5224 2770 5263 nec
2805 5208 3047 5278 speciem
3082 5222 3190 5277 qua
3239 5198 3499 5276 apparuit

1909 5305 2231 5361 mentiente.
2272 5304 2539 5359 Mirabilis
2570 5300 2721 5357 enim
2742 5301 2886 5355 facta
2926 5300 3032 5355 fuit
3069 5300 3244 5355 unio:
3286 5313 3415 5353 nam
3448 5298 3495 5353 si

1906 5407 2227 5453 naturarum
2266 5396 2519 5453 confusio
2555 5394 2819 5449 unionem
2856 5392 3116 5458 ediceret,
3157 5390 3212 5446 id.
3237 5387 3386 5462 quod
3413 5389 3494 5443 Γει-

1897 5708 2026 5768 εει.
2054 5707 2147 5777 qui
2175 5715 2355 5761 tamen
2376 5706 2507 5761 alibi
2531 5705 2702 5760 semel
2730 5704 3042 5775 iterumque
3078 5703 3269 5777 habet,
3294 5717 3492 5777 quein-

1900 5775 2200 5833 admodum
2228 5778 2581 5841 Theodotus,
2617 5777 2873 5847 εύσεδεῖᾳ
2895 5816 2911 5841 ,
2950 5788 3081 5831 tom.
3112 5776 3176 5841 V,
3203 5790 3325 5844 pag.
3371 5775 3493 5838 lii-it,

1899 5859 1957 5903 et
1984 5860 2115 5904 tom.
2156 5848 2249 5904 lx.
2277 5864 2397 5920 nag.
2439 5850 2527 5902 69.

2941 6030 2977 6041 σο
