  <div class='ocr_page' id='page_1' title='image "/cluster/home/n/w/nwhite01/storage/ocr_20150623/77/pst.000004029045/668.png"; bbox 0 0 4170 6330; ppageno 0'>
   <div class='ocr_carea' id='block_1_1' title="bbox 342 435 440 495">
    <p class='ocr_par' dir='ltr' id='par_1_1' title="bbox 342 435 440 495">
     <span class='ocr_line' id='line_1_1' title="bbox 342 435 440 495; baseline 0 -1"><span class='ocrx_word' id='word_1_1' title='bbox 342 435 440 495; x_wconf 64' lang='lat' dir='ltr'><strong>Si!</strong></span> 
     </span>
    </p>
   </div>
   <div class='ocr_carea' id='block_1_2' title="bbox 1426 423 2446 496">
    <p class='ocr_par' dir='ltr' id='par_1_2' title="bbox 1426 423 2446 496">
     <span class='ocr_line' id='line_1_2' title="bbox 1426 423 2446 496; baseline 0.001 -11"><span class='ocrx_word' id='word_1_2' title='bbox 1426 423 1799 490; x_wconf 66' lang='grc' dir='ltr'><strong>ΕΧΡΟΒΠἸΟ</strong></span> <span class='ocrx_word' id='word_1_3' title='bbox 1832 429 1912 487; x_wconf 72' lang='grc' dir='ltr'><strong>εν</strong></span> <span class='ocrx_word' id='word_1_4' title='bbox 1922 426 2135 496; x_wconf 67' lang='lat' dir='ltr'><strong>MBOLI</strong></span> <span class='ocrx_word' id='word_1_5' title='bbox 2172 429 2446 488; x_wconf 63' lang='lat' dir='ltr'><strong>NICENI.</strong></span> 
     </span>
    </p>
   </div>
   <div class='ocr_carea' id='block_1_3' title="bbox 3443 442 3579 498">
    <p class='ocr_par' dir='ltr' id='par_1_3' title="bbox 3443 442 3579 498">
     <span class='ocr_line' id='line_1_3' title="bbox 3443 442 3579 498; baseline 0.007 -1"><span class='ocrx_word' id='word_1_6' title='bbox 3443 442 3579 498; x_wconf 62' lang='grc'><strong>1323</strong></span> 
     </span>
    </p>
   </div>
   <div class='ocr_carea' id='block_1_4' title="bbox 304 544 1897 622">
    <p class='ocr_par' dir='ltr' id='par_1_4' title="bbox 304 544 1887 622">
     <span class='ocr_line' id='line_1_4' title="bbox 304 544 1887 622; baseline -0.005 -17"><span class='ocrx_word' id='word_1_7' title='bbox 304 557 333 605; x_wconf 84' lang='grc' dir='ltr'><strong>δ</strong></span> <span class='ocrx_word' id='word_1_8' title='bbox 378 553 550 622; x_wconf 81' lang='grc' dir='ltr'><strong>μέγας</strong></span> <span class='ocrx_word' id='word_1_9' title='bbox 596 545 807 608; x_wconf 81' lang='grc' dir='ltr'>Παῦλος</span> <span class='ocrx_word' id='word_1_10' title='bbox 834 544 944 599; x_wconf 81' lang='grc' dir='ltr'><strong>τῶν</strong></span> <span class='ocrx_word' id='word_1_11' title='bbox 971 545 1145 614; x_wconf 83' lang='grc' dir='ltr'>λόγων</span> <span class='ocrx_word' id='word_1_12' title='bbox 1177 545 1308 600; x_wconf 71' lang='grc' dir='ltr'>ιδόα</span> <span class='ocrx_word' id='word_1_13' title='bbox 1349 547 1543 613; x_wconf 75' lang='grc' dir='ltr'>λέγων·</span> <span class='ocrx_word' id='word_1_14' title='bbox 1597 565 1615 598; x_wconf 79' lang='grc' dir='ltr'><strong>ι</strong></span> <span class='ocrx_word' id='word_1_15' title='bbox 1668 545 1743 599; x_wconf 78' lang='grc' dir='ltr'><strong>Οὐ</strong></span> <span class='ocrx_word' id='word_1_16' title='bbox 1777 545 1887 615; x_wconf 83' lang='grc' dir='ltr'><strong>γὰρ</strong></span> 
     </span>
    </p>
   </div>
   <div class='ocr_carea' id='block_1_5' title="bbox 1999 544 3583 622">
    <p class='ocr_par' dir='ltr' id='par_1_5' title="bbox 1999 545 3583 619">
     <span class='ocr_line' id='line_1_5' title="bbox 1999 545 3583 619; baseline 0.008 -18"><span class='ocrx_word' id='word_1_17' title='bbox 1999 553 2048 601; x_wconf 82' lang='lat' dir='ltr'><strong>et</strong></span> <span class='ocrx_word' id='word_1_18' title='bbox 2094 562 2183 602; x_wconf 85' lang='lat' dir='ltr'><strong>me</strong></span> <span class='ocrx_word' id='word_1_19' title='bbox 2224 545 2374 604; x_wconf 84' lang='lat' dir='ltr'><strong>illius</strong></span> <span class='ocrx_word' id='word_1_20' title='bbox 2411 547 2471 603; x_wconf 91' lang='lat' dir='ltr'><strong>in</strong></span> <span class='ocrx_word' id='word_1_21' title='bbox 2511 562 2680 619; x_wconf 81' lang='lat' dir='ltr'><strong>regno</strong></span> <span class='ocrx_word' id='word_1_22' title='bbox 2725 550 3012 606; x_wconf 68' lang='lat' dir='ltr'><strong>caelorum.</strong></span> <span class='ocrx_word' id='word_1_23' title='bbox 3047 571 3065 604; x_wconf 75' lang='grc' dir='ltr'><strong>ι</strong></span> <span class='ocrx_word' id='word_1_24' title='bbox 3117 551 3244 610; x_wconf 69' lang='lat' dir='ltr'><strong>meo</strong></span> <span class='ocrx_word' id='word_1_25' title='bbox 3281 555 3449 611; x_wconf 82' lang='lat' dir='ltr'><strong>verba</strong></span> <span class='ocrx_word' id='word_1_26' title='bbox 3482 574 3583 612; x_wconf 75' lang='lat' dir='ltr'><strong>au—</strong></span> 
     </span>
    </p>
   </div>
   <div class='ocr_carea' id='block_1_6' title="bbox 307 636 1889 715">
    <p class='ocr_par' dir='ltr' id='par_1_6' title="bbox 307 636 1889 715">
     <span class='ocr_line' id='line_1_6' title="bbox 307 636 1889 715; baseline -0.003 -20"><span class='ocrx_word' id='word_1_27' title='bbox 307 640 708 713; x_wconf 64' lang='grc' dir='ltr'><strong>ἐπαισχύνομαι</strong></span> <span class='ocrx_word' id='word_1_28' title='bbox 744 637 807 691; x_wconf 80' lang='grc' dir='ltr'>τὸ</span> <span class='ocrx_word' id='word_1_29' title='bbox 855 636 1209 706; x_wconf 78' lang='grc' dir='ltr'>Εὑαγγίλιον.</span> <span class='ocrx_word' id='word_1_30' title='bbox 1263 658 1283 691; x_wconf 75' lang='grc' dir='ltr'><strong>ι</strong></span> <span class='ocrx_word' id='word_1_31' title='bbox 1337 639 1402 692; x_wconf 85' lang='grc' dir='ltr'>Τί</span> <span class='ocrx_word' id='word_1_32' title='bbox 1449 638 1559 709; x_wconf 87' lang='grc' dir='ltr'><strong>γὰρ</strong></span> <span class='ocrx_word' id='word_1_33' title='bbox 1625 637 1889 715; x_wconf 74' lang='grc' dir='ltr'><strong>αἰσχύνῃς</strong></span> 
     </span>
    </p>
   </div>
   <div class='ocr_carea' id='block_1_7' title="bbox 307 721 1890 804">
    <p class='ocr_par' dir='ltr' id='par_1_7' title="bbox 307 721 1890 804">
     <span class='ocr_line' id='line_1_7' title="bbox 307 721 1890 804; baseline -0.001 -18"><span class='ocrx_word' id='word_1_34' title='bbox 307 736 422 804; x_wconf 78' lang='grc' dir='ltr'>εχει</span> <span class='ocrx_word' id='word_1_35' title='bbox 451 732 515 786; x_wconf 76' lang='grc' dir='ltr'>τὸ</span> <span class='ocrx_word' id='word_1_36' title='bbox 555 729 917 799; x_wconf 71' lang='grc' dir='ltr'>Εὑαγτέλιον,</span> <span class='ocrx_word' id='word_1_37' title='bbox 944 721 990 782; x_wconf 81' lang='grc' dir='ltr'><strong>ὦ</strong></span> <span class='ocrx_word' id='word_1_38' title='bbox 1019 728 1291 801; x_wconf 77' lang='grc' dir='ltr'><strong>θαυμάσιε</strong></span> <span class='ocrx_word' id='word_1_39' title='bbox 1329 729 1546 796; x_wconf 87' lang='grc' dir='ltr'>Παῦλε;</span> <span class='ocrx_word' id='word_1_40' title='bbox 1580 731 1633 784; x_wconf 90' lang='grc' dir='ltr'><strong>τί</strong></span> <span class='ocrx_word' id='word_1_41' title='bbox 1677 729 1890 803; x_wconf 77' lang='grc' dir='ltr'>ὑφορώ-</span> 
     </span>
    </p>
   </div>
   <div class='ocr_carea' id='block_1_8' title="bbox 312 821 1883 896">
    <p class='ocr_par' dir='ltr' id='par_1_8' title="bbox 312 821 1883 896">
     <span class='ocr_line' id='line_1_8' title="bbox 312 821 1883 896; baseline -0.003 -17"><span class='ocrx_word' id='word_1_42' title='bbox 312 842 472 896; x_wconf 82' lang='grc' dir='ltr'>μενος</span> <span class='ocrx_word' id='word_1_43' title='bbox 498 824 711 892; x_wconf 74' lang='grc' dir='ltr'>λέγεις’,</span> <span class='ocrx_word' id='word_1_44' title='bbox 753 840 771 872; x_wconf 76' lang='grc' dir='ltr'>ι</span> <span class='ocrx_word' id='word_1_45' title='bbox 803 821 916 875; x_wconf 84' lang='grc' dir='ltr'><strong>Οὐκ</strong></span> <span class='ocrx_word' id='word_1_46' title='bbox 948 821 1351 892; x_wconf 66' lang='grc' dir='ltr'>ἐπαισχύνομαι</span> <span class='ocrx_word' id='word_1_47' title='bbox 1379 821 1442 873; x_wconf 82' lang='grc' dir='ltr'>τὸ</span> <span class='ocrx_word' id='word_1_48' title='bbox 1463 821 1827 890; x_wconf 71' lang='grc' dir='ltr'>Εὑαγγίλιονς</span> <span class='ocrx_word' id='word_1_49' title='bbox 1865 841 1883 874; x_wconf 72' lang='grc' dir='ltr'><strong>ο</strong></span> 
     </span>
    </p>
   </div>
   <div class='ocr_carea' id='block_1_9' title="bbox 307 913 1888 991">
    <p class='ocr_par' dir='ltr' id='par_1_9' title="bbox 307 913 1888 991">
     <span class='ocr_line' id='line_1_9' title="bbox 307 913 1888 991; baseline -0.001 -21"><span class='ocrx_word' id='word_1_50' title='bbox 307 919 510 991; x_wconf 83' lang='grc' dir='ltr'>ἀρετὴν</span> <span class='ocrx_word' id='word_1_51' title='bbox 557 914 883 987; x_wconf 74' lang='grc' dir='ltr'><strong>κηρύττεις,</strong></span> <span class='ocrx_word' id='word_1_52' title='bbox 934 914 1346 986; x_wconf 75' lang='grc' dir='ltr'><strong>φιλανθρωπίαν</strong></span> <span class='ocrx_word' id='word_1_53' title='bbox 1394 913 1668 979; x_wconf 78' lang='grc' dir='ltr'><strong>διδάσκεις</strong></span> <span class='ocrx_word' id='word_1_54' title='bbox 1714 915 1888 980; x_wconf 81' lang='grc' dir='ltr'>Θεοῦ,</span> 
     </span>
    </p>
   </div>
   <div class='ocr_carea' id='block_1_10' title="bbox 304 1007 1891 1084">
    <p class='ocr_par' dir='ltr' id='par_1_10' title="bbox 304 1007 1891 1084">
     <span class='ocr_line' id='line_1_10' title="bbox 304 1007 1891 1084; baseline 0 -23"><span class='ocrx_word' id='word_1_55' title='bbox 304 1009 625 1084; x_wconf 65' lang='grc' dir='ltr'>ἀρρώστους</span> <span class='ocrx_word' id='word_1_56' title='bbox 670 1008 854 1065; x_wconf 74' lang='grc' dir='ltr'>ἴασαι.</span> <span class='ocrx_word' id='word_1_57' title='bbox 888 1007 1135 1070; x_wconf 74' lang='grc' dir='ltr'><strong>ἐλαύνεις</strong></span> <span class='ocrx_word' id='word_1_58' title='bbox 1161 1008 1286 1070; x_wconf 84' lang='grc' dir='ltr'>τοὺς</span> <span class='ocrx_word' id='word_1_59' title='bbox 1318 1007 1623 1078; x_wconf 84' lang='grc' dir='ltr'>δαίμονας,</span> <span class='ocrx_word' id='word_1_60' title='bbox 1666 1009 1891 1079; x_wconf 75' lang='grc' dir='ltr'>ἀνιστᾷς</span> 
     </span>
    </p>
   </div>
   <div class='ocr_carea' id='block_1_11' title="bbox 302 1095 1887 1172">
    <p class='ocr_par' dir='ltr' id='par_1_11' title="bbox 302 1095 1887 1172">
     <span class='ocr_line' id='line_1_11' title="bbox 302 1095 1887 1172; baseline -0.002 -16"><span class='ocrx_word' id='word_1_61' title='bbox 302 1104 429 1166; x_wconf 80' lang='grc' dir='ltr'>τοὺς</span> <span class='ocrx_word' id='word_1_62' title='bbox 473 1100 719 1172; x_wconf 81' lang='grc' dir='ltr'>νεκρούς.</span> <span class='ocrx_word' id='word_1_63' title='bbox 771 1099 838 1153; x_wconf 83' lang='grc' dir='ltr'>Τί</span> <span class='ocrx_word' id='word_1_64' title='bbox 891 1095 986 1153; x_wconf 74' lang='grc' dir='ltr'>οὖν</span> <span class='ocrx_word' id='word_1_65' title='bbox 1025 1101 1174 1152; x_wconf 79' lang='grc' dir='ltr'>ἑστιν</span> <span class='ocrx_word' id='word_1_66' title='bbox 1220 1098 1250 1151; x_wconf 77' lang='grc' dir='ltr'><strong>ὃ</strong></span> <span class='ocrx_word' id='word_1_67' title='bbox 1283 1098 1638 1172; x_wconf 78' lang='grc' dir='ltr'><strong>καυχώμενος</strong></span> <span class='ocrx_word' id='word_1_68' title='bbox 1668 1100 1887 1166; x_wconf 82' lang='grc' dir='ltr'>λέγεις,</span> 
     </span>
    </p>
   </div>
   <div class='ocr_carea' id='block_1_12' title="bbox 310 1171 1893 1268">
    <p class='ocr_par' dir='ltr' id='par_1_12' title="bbox 310 1171 1893 1268">
     <span class='ocr_line' id='line_1_12' title="bbox 310 1171 1893 1268; baseline 0 -18"><span class='ocrx_word' id='word_1_69' title='bbox 310 1217 332 1250; x_wconf 79' lang='grc' dir='ltr'><strong>ο</strong></span> <span class='ocrx_word' id='word_1_70' title='bbox 359 1198 473 1252; x_wconf 72' lang='grc' dir='ltr'><strong>οὐκ</strong></span> <span class='ocrx_word' id='word_1_71' title='bbox 492 1171 927 1268; x_wconf 72' lang='grc' dir='ltr'>ἑπαίσχύνομαις</span> <span class='ocrx_word' id='word_1_72' title='bbox 954 1215 972 1248; x_wconf 76' lang='grc' dir='ltr'><strong>ι</strong></span> <span class='ocrx_word' id='word_1_73' title='bbox 1005 1195 1159 1256; x_wconf 74' lang='grc' dir='ltr'>Θεὸν,</span> <span class='ocrx_word' id='word_1_74' title='bbox 1186 1196 1340 1266; x_wconf 75' lang='grc' dir='ltr'>φησὶ,</span> <span class='ocrx_word' id='word_1_75' title='bbox 1363 1171 1506 1266; x_wconf 76' lang='grc' dir='ltr'>λέγω</span> <span class='ocrx_word' id='word_1_76' title='bbox 1525 1196 1664 1268; x_wconf 83' lang='grc' dir='ltr'>ὑπὲρ</span> <span class='ocrx_word' id='word_1_77' title='bbox 1686 1195 1893 1268; x_wconf 78' lang='grc' dir='ltr'>ἀνθρώ-</span> 
     </span>
    </p>
   </div>
   <div class='ocr_carea' id='block_1_13' title="bbox 304 1278 1889 1359">
    <p class='ocr_par' dir='ltr' id='par_1_13' title="bbox 304 1278 1889 1359">
     <span class='ocr_line' id='line_1_13' title="bbox 304 1278 1889 1359; baseline -0.004 -13"><span class='ocrx_word' id='word_1_78' title='bbox 304 1309 424 1346; x_wconf 79' lang='grc' dir='ltr'><strong>πων</strong></span> <span class='ocrx_word' id='word_1_79' title='bbox 455 1290 697 1344; x_wconf 78' lang='grc' dir='ltr'>παθόντα</span> <span class='ocrx_word' id='word_1_80' title='bbox 726 1290 795 1342; x_wconf 74' lang='grc' dir='ltr'><strong>τα</strong></span> <span class='ocrx_word' id='word_1_81' title='bbox 829 1285 1166 1359; x_wconf 82' lang='grc' dir='ltr'>ἀνθρώπινα·</span> <span class='ocrx_word' id='word_1_82' title='bbox 1203 1286 1233 1339; x_wconf 79' lang='grc' dir='ltr'>ὃ</span> <span class='ocrx_word' id='word_1_83' title='bbox 1256 1283 1370 1350; x_wconf 77' lang='grc' dir='ltr'>τοῖς</span> <span class='ocrx_word' id='word_1_84' title='bbox 1395 1285 1614 1350; x_wconf 75' lang='grc' dir='ltr'><strong>’πολλοῖς</strong></span> <span class='ocrx_word' id='word_1_85' title='bbox 1660 1278 1889 1357; x_wconf 77' lang='grc' dir='ltr'>αἰσχύνη</span> 
     </span>
    </p>
   </div>
   <div class='ocr_carea' id='block_1_14' title="bbox 293 1376 1890 1447">
    <p class='ocr_par' dir='ltr' id='par_1_14' title="bbox 293 1376 1890 1447">
     <span class='ocr_line' id='line_1_14' title="bbox 293 1376 1890 1447; baseline -0.005 -11"><span class='ocrx_word' id='word_1_86' title='bbox 293 1379 470 1443; x_wconf 60' lang='grc' dir='ltr'>δοκεῖ,</span> <span class='ocrx_word' id='word_1_87' title='bbox 505 1379 616 1447; x_wconf 77' lang='grc' dir='ltr'><strong>ἐγὼ</strong></span> <span class='ocrx_word' id='word_1_88' title='bbox 645 1379 702 1433; x_wconf 80' lang='grc' dir='ltr'>δὲ</span> <span class='ocrx_word' id='word_1_89' title='bbox 744 1379 847 1430; x_wconf 73' lang='grc' dir='ltr'>οὐκ</span> <span class='ocrx_word' id='word_1_90' title='bbox 889 1376 1312 1446; x_wconf 73' lang='grc' dir='ltr'><strong>ἐπαισχύνομαι.</strong></span> <span class='ocrx_word' id='word_1_91' title='bbox 1367 1377 1442 1430; x_wconf 78' lang='grc' dir='ltr'><strong>Οὐ</strong></span> <span class='ocrx_word' id='word_1_92' title='bbox 1489 1376 1597 1446; x_wconf 77' lang='grc' dir='ltr'><strong>γὰρ</strong></span> <span class='ocrx_word' id='word_1_93' title='bbox 1623 1376 1890 1447; x_wconf 65' lang='grc' dir='ltr'>«παθητὴν</span> 
     </span>
    </p>
   </div>
   <div class='ocr_carea' id='block_1_15' title="bbox 303 1467 1888 1542">
    <p class='ocr_par' dir='ltr' id='par_1_15' title="bbox 303 1467 1888 1542">
     <span class='ocr_line' id='line_1_15' title="bbox 303 1467 1888 1542; baseline -0.004 -13"><span class='ocrx_word' id='word_1_94' title='bbox 303 1473 510 1541; x_wconf 69' lang='grc' dir='ltr'>εἰσάγω</span> <span class='ocrx_word' id='word_1_95' title='bbox 531 1472 630 1542; x_wconf 77' lang='grc' dir='ltr'>τὴν</span> <span class='ocrx_word' id='word_1_96' title='bbox 656 1470 839 1540; x_wconf 72' lang='grc' dir='ltr'>φύσιν,</span> <span class='ocrx_word' id='word_1_97' title='bbox 866 1468 999 1523; x_wconf 83' lang='grc' dir='ltr'><strong>ἀλλά</strong></span> <span class='ocrx_word' id='word_1_98' title='bbox 1028 1467 1163 1522; x_wconf 81' lang='grc' dir='ltr'>Θεοῦ</span> <span class='ocrx_word' id='word_1_99' title='bbox 1191 1469 1428 1522; x_wconf 77' lang='grc' dir='ltr'><strong>διδάσκω</strong></span> <span class='ocrx_word' id='word_1_100' title='bbox 1452 1468 1888 1539; x_wconf 76' lang='grc' dir='ltr'><strong>φιλανθρωπίαν.</strong></span> 
     </span>
    </p>
   </div>
   <div class='ocr_carea' id='block_1_16' title="bbox 302 1559 1888 1635">
    <p class='ocr_par' dir='ltr' id='par_1_16' title="bbox 302 1559 1888 1635">
     <span class='ocr_line' id='line_1_16' title="bbox 302 1559 1888 1635; baseline -0.002 -18"><span class='ocrx_word' id='word_1_101' title='bbox 302 1571 329 1616; x_wconf 70' lang='grc' dir='ltr'><strong>ἐ</strong></span> <span class='ocrx_word' id='word_1_102' title='bbox 387 1562 626 1635; x_wconf 83' lang='grc' dir='ltr'>Χριστὸν</span> <span class='ocrx_word' id='word_1_103' title='bbox 683 1563 794 1632; x_wconf 70' lang='grc' dir='ltr'>γὰρ</span> <span class='ocrx_word' id='word_1_104' title='bbox 832 1559 1196 1632; x_wconf 80' lang='grc' dir='ltr'>κηρύττομεν,</span> <span class='ocrx_word' id='word_1_105' title='bbox 1229 1562 1416 1631; x_wconf 79' lang='grc' dir='ltr'>φησὶν,</span> <span class='ocrx_word' id='word_1_106' title='bbox 1447 1562 1888 1633; x_wconf 71' lang='grc' dir='ltr'><strong>ἐσταυρωμένον,</strong></span> 
     </span>
    </p>
   </div>
   <div class='ocr_carea' id='block_1_17' title="bbox 316 1650 1891 1725">
    <p class='ocr_par' dir='ltr' id='par_1_17' title="bbox 316 1650 1891 1725">
     <span class='ocr_line' id='line_1_17' title="bbox 316 1650 1891 1725; baseline -0.001 -17"><span class='ocrx_word' id='word_1_107' title='bbox 316 1653 590 1715; x_wconf 80' lang='grc' dir='ltr'>Ἰουδαίοις</span> <span class='ocrx_word' id='word_1_108' title='bbox 617 1650 719 1723; x_wconf 70' lang='grc' dir='ltr'>μὲν</span> <span class='ocrx_word' id='word_1_109' title='bbox 751 1651 1068 1716; x_wconf 78' lang='grc' dir='ltr'>σκάνδαλον,</span> <span class='ocrx_word' id='word_1_110' title='bbox 1098 1650 1276 1704; x_wconf 76' lang='grc' dir='ltr'>ἔθνεσι</span> <span class='ocrx_word' id='word_1_111' title='bbox 1313 1651 1370 1704; x_wconf 74' lang='grc' dir='ltr'>δὲ</span> <span class='ocrx_word' id='word_1_112' title='bbox 1405 1653 1642 1725; x_wconf 78' lang='grc' dir='ltr'><strong>μωρίαν.</strong></span> <span class='ocrx_word' id='word_1_113' title='bbox 1679 1655 1786 1706; x_wconf 82' lang='grc' dir='ltr'><strong>Καὶ</strong></span> <span class='ocrx_word' id='word_1_114' title='bbox 1807 1654 1891 1718; x_wconf 92' lang='grc' dir='ltr'><strong>τίς</strong></span> 
     </span>
    </p>
   </div>
   <div class='ocr_carea' id='block_1_18' title="bbox 303 1744 1891 1816">
    <p class='ocr_par' dir='ltr' id='par_1_18' title="bbox 303 1744 1891 1816">
     <span class='ocr_line' id='line_1_18' title="bbox 303 1744 1891 1816; baseline 0.002 -18"><span class='ocrx_word' id='word_1_115' title='bbox 303 1746 450 1799; x_wconf 65' lang='grc' dir='ltr'>ἑστιν</span> <span class='ocrx_word' id='word_1_116' title='bbox 477 1747 507 1797; x_wconf 78' lang='grc' dir='ltr'>ὁ</span> <span class='ocrx_word' id='word_1_117' title='bbox 542 1744 877 1816; x_wconf 71' lang='grc' dir='ltr'>σταυρωθεὶς</span> <span class='ocrx_word' id='word_1_118' title='bbox 905 1744 1138 1816; x_wconf 81' lang='grc' dir='ltr'>Χριστός</span> <span class='ocrx_word' id='word_1_119' title='bbox 1162 1762 1177 1810; x_wconf 87' lang='grc'>;</span> <span class='ocrx_word' id='word_1_120' title='bbox 1205 1744 1354 1812; x_wconf 71' lang='grc' dir='ltr'>λέγε.</span> <span class='ocrx_word' id='word_1_121' title='bbox 1410 1763 1430 1796; x_wconf 75' lang='grc' dir='ltr'><strong>ι</strong></span> <span class='ocrx_word' id='word_1_122' title='bbox 1467 1746 1662 1810; x_wconf 74' lang='grc' dir='ltr'>Αὐτοίς</span> <span class='ocrx_word' id='word_1_123' title='bbox 1690 1745 1750 1799; x_wconf 72' lang='grc' dir='ltr'>δὲ</span> <span class='ocrx_word' id='word_1_124' title='bbox 1777 1749 1891 1812; x_wconf 75' lang='grc' dir='ltr'>τοῖς</span> 
     </span>
    </p>
   </div>
   <div class='ocr_carea' id='block_1_19' title="bbox 1996 638 3577 710">
    <p class='ocr_par' dir='ltr' id='par_1_19' title="bbox 1996 638 3577 710">
     <span class='ocr_line' id='line_1_19' title="bbox 1996 638 3577 710; baseline 0.006 -18"><span class='ocrx_word' id='word_1_125' title='bbox 1996 639 2153 694; x_wconf 88' lang='lat' dir='ltr'><strong>diens</strong></span> <span class='ocrx_word' id='word_1_126' title='bbox 2187 655 2419 710; x_wconf 86' lang='lat' dir='ltr'><strong>magnus</strong></span> <span class='ocrx_word' id='word_1_127' title='bbox 2454 640 2547 696; x_wconf 89' lang='lat' dir='ltr'><strong>ille</strong></span> <span class='ocrx_word' id='word_1_128' title='bbox 2573 639 2776 697; x_wconf 83' lang='lat' dir='ltr'><strong>Paulus</strong></span> <span class='ocrx_word' id='word_1_129' title='bbox 2803 642 3185 699; x_wconf 69' lang='lat' dir='ltr'><strong>exclamabat:</strong></span> <span class='ocrx_word' id='word_1_130' title='bbox 3235 664 3253 698; x_wconf 83' lang='grc' dir='ltr'>ι</span> <span class='ocrx_word' id='word_1_131' title='bbox 3284 638 3402 703; x_wconf 76' lang='lat' dir='ltr'><strong>Non</strong></span> <span class='ocrx_word' id='word_1_132' title='bbox 3428 649 3577 704; x_wconf 85' lang='lat' dir='ltr'><strong>enim</strong></span> 
     </span>
    </p>
   </div>
   <div class='ocr_carea' id='block_1_20' title="bbox 1990 730 3582 807">
    <p class='ocr_par' dir='ltr' id='par_1_20' title="bbox 1990 730 3582 807">
     <span class='ocr_line' id='line_1_20' title="bbox 1990 730 3582 807; baseline 0.006 -21"><span class='ocrx_word' id='word_1_133' title='bbox 1990 730 2164 801; x_wconf 87' lang='lat' dir='ltr'><strong>pudet</strong></span> <span class='ocrx_word' id='word_1_134' title='bbox 2213 747 2302 786; x_wconf 86' lang='lat' dir='ltr'><strong>me</strong></span> <span class='ocrx_word' id='word_1_135' title='bbox 2341 732 2624 804; x_wconf 71' lang='lat' dir='ltr'><strong>Evangelii</strong></span> <span class='ocrx_word' id='word_1_136' title='bbox 2677 735 2739 788; x_wconf 78' lang='grc'><strong>⁸³.</strong></span> <span class='ocrx_word' id='word_1_137' title='bbox 2775 749 2795 788; x_wconf 68' lang='grc' dir='ltr'><strong>ι</strong></span> <span class='ocrx_word' id='word_1_138' title='bbox 2852 734 2919 790; x_wconf 87' lang='lat' dir='ltr'><strong>Et</strong></span> <span class='ocrx_word' id='word_1_139' title='bbox 2957 735 3091 806; x_wconf 91' lang='lat' dir='ltr'><strong>quid</strong></span> <span class='ocrx_word' id='word_1_140' title='bbox 3145 736 3375 807; x_wconf 89' lang='lat' dir='ltr'><strong>pudoris</strong></span> <span class='ocrx_word' id='word_1_141' title='bbox 3412 740 3582 796; x_wconf 89' lang='lat' dir='ltr'><strong>habet</strong></span> 
     </span>
    </p>
   </div>
   <div class='ocr_carea' id='block_1_21' title="bbox 1993 814 3580 905">
    <p class='ocr_par' dir='ltr' id='par_1_21' title="bbox 1993 814 3580 905">
     <span class='ocr_line' id='line_1_21' title="bbox 1993 814 3580 905; baseline 0.006 -28"><span class='ocrx_word' id='word_1_142' title='bbox 1993 822 2375 893; x_wconf 86' lang='lat' dir='ltr'><strong>Evangelium,</strong></span> <span class='ocrx_word' id='word_1_143' title='bbox 2421 839 2456 878; x_wconf 90' lang='grc' dir='ltr'><strong>ο</strong></span> <span class='ocrx_word' id='word_1_144' title='bbox 2491 823 2814 881; x_wconf 84' lang='lat' dir='ltr'><strong>admirando</strong></span> <span class='ocrx_word' id='word_1_145' title='bbox 2871 828 3081 883; x_wconf 81' lang='lat' dir='ltr'><strong>Paule?</strong></span> <span class='ocrx_word' id='word_1_146' title='bbox 3108 844 3218 900; x_wconf 89' lang='lat' dir='ltr'><strong>qua</strong></span> <span class='ocrx_word' id='word_1_147' title='bbox 3255 814 3580 905; x_wconf 84' lang='lat' dir='ltr'><strong>suspicione</strong></span> 
     </span>
    </p>
   </div>
   <div class='ocr_carea' id='block_1_22' title="bbox 1991 914 3585 994">
    <p class='ocr_par' dir='ltr' id='par_1_22' title="bbox 1991 914 3585 994">
     <span class='ocr_line' id='line_1_22' title="bbox 1991 914 3585 994; baseline 0.007 -24"><span class='ocrx_word' id='word_1_148' title='bbox 1991 914 2194 970; x_wconf 90' lang='lat' dir='ltr'><strong>ductus</strong></span> <span class='ocrx_word' id='word_1_149' title='bbox 2232 915 2372 994; x_wconf 85' lang='lat' dir='ltr'><strong>dicis</strong></span> <span class='ocrx_word' id='word_1_150' title='bbox 2403 935 2422 970; x_wconf 86' lang='lat'><strong>:</strong></span> <span class='ocrx_word' id='word_1_151' title='bbox 2466 934 2486 967; x_wconf 76' lang='grc' dir='ltr'>ι</span> <span class='ocrx_word' id='word_1_152' title='bbox 2518 916 2638 973; x_wconf 81' lang='lat' dir='ltr'><strong>Non</strong></span> <span class='ocrx_word' id='word_1_153' title='bbox 2666 915 2840 989; x_wconf 90' lang='lat' dir='ltr'><strong>pudet</strong></span> <span class='ocrx_word' id='word_1_154' title='bbox 2867 934 2955 976; x_wconf 88' lang='lat' dir='ltr'><strong>me</strong></span> <span class='ocrx_word' id='word_1_155' title='bbox 2977 920 3308 991; x_wconf 70' lang='lat' dir='ltr'><strong>Evangelii?</strong></span> <span class='ocrx_word' id='word_1_156' title='bbox 3345 942 3365 975; x_wconf 72' lang='grc' dir='ltr'><strong>ι</strong></span> <span class='ocrx_word' id='word_1_157' title='bbox 3405 921 3585 981; x_wconf 86' lang='lat' dir='ltr'><strong>virtu-</strong></span> 
     </span>
    </p>
   </div>
   <div class='ocr_carea' id='block_1_23' title="bbox 1989 1008 3584 1081">
    <p class='ocr_par' dir='ltr' id='par_1_23' title="bbox 1989 1008 3584 1081">
     <span class='ocr_line' id='line_1_23' title="bbox 1989 1008 3584 1081; baseline 0.006 -18"><span class='ocrx_word' id='word_1_158' title='bbox 1989 1016 2103 1063; x_wconf 87' lang='lat' dir='ltr'><strong>tem</strong></span> <span class='ocrx_word' id='word_1_159' title='bbox 2147 1008 2436 1079; x_wconf 76' lang='lat' dir='ltr'><strong>przedicas,</strong></span> <span class='ocrx_word' id='word_1_160' title='bbox 2478 1009 2920 1081; x_wconf 84' lang='lat' dir='ltr'><strong>misericordiam</strong></span> <span class='ocrx_word' id='word_1_161' title='bbox 2959 1013 3056 1069; x_wconf 90' lang='lat' dir='ltr'><strong>Dei</strong></span> <span class='ocrx_word' id='word_1_162' title='bbox 3099 1014 3288 1078; x_wconf 88' lang='lat' dir='ltr'><strong>doces,</strong></span> <span class='ocrx_word' id='word_1_163' title='bbox 3331 1013 3584 1073; x_wconf 89' lang='lat' dir='ltr'><strong>inﬁrmos</strong></span> 
     </span>
    </p>
   </div>
   <div class='ocr_carea' id='block_1_24' title="bbox 1991 1101 3581 1178">
    <p class='ocr_par' dir='ltr' id='par_1_24' title="bbox 1991 1101 3581 1178">
     <span class='ocr_line' id='line_1_24' title="bbox 1991 1101 3581 1178; baseline 0.007 -24"><span class='ocrx_word' id='word_1_164' title='bbox 1991 1109 2174 1165; x_wconf 84' lang='lat' dir='ltr'><strong>sanas,</strong></span> <span class='ocrx_word' id='word_1_165' title='bbox 2228 1101 2507 1157; x_wconf 61' lang='lat' dir='ltr'><strong>diemOnes</strong></span> <span class='ocrx_word' id='word_1_166' title='bbox 2555 1103 2741 1172; x_wconf 85' lang='lat' dir='ltr'><strong>ejicis,</strong></span> <span class='ocrx_word' id='word_1_167' title='bbox 2789 1113 3037 1160; x_wconf 88' lang='lat' dir='ltr'><strong>mortuos</strong></span> <span class='ocrx_word' id='word_1_168' title='bbox 3077 1108 3393 1164; x_wconf 86' lang='lat' dir='ltr'><strong>resuscitas.</strong></span> <span class='ocrx_word' id='word_1_169' title='bbox 3436 1108 3581 1178; x_wconf 84' lang='lat' dir='ltr'><strong>Quid</strong></span> 
     </span>
    </p>
   </div>
   <div class='ocr_carea' id='block_1_25' title="bbox 1994 1193 3582 1267">
    <p class='ocr_par' dir='ltr' id='par_1_25' title="bbox 1994 1193 3582 1267">
     <span class='ocr_line' id='line_1_25' title="bbox 1994 1193 3582 1267; baseline 0.006 -19"><span class='ocrx_word' id='word_1_170' title='bbox 1994 1193 2164 1265; x_wconf 94' lang='lat' dir='ltr'><strong>igitur</strong></span> <span class='ocrx_word' id='word_1_171' title='bbox 2214 1207 2319 1258; x_wconf 88' lang='lat' dir='ltr'><strong>est,</strong></span> <span class='ocrx_word' id='word_1_172' title='bbox 2372 1195 2520 1265; x_wconf 88' lang='lat' dir='ltr'><strong>quod</strong></span> <span class='ocrx_word' id='word_1_173' title='bbox 2570 1197 2971 1267; x_wconf 88' lang='lat' dir='ltr'><strong>gloriabundus</strong></span> <span class='ocrx_word' id='word_1_174' title='bbox 3023 1198 3164 1254; x_wconf 89' lang='lat' dir='ltr'><strong>dicis</strong></span> <span class='ocrx_word' id='word_1_175' title='bbox 3207 1219 3220 1253; x_wconf 91' lang='lat'><strong>:</strong></span> <span class='ocrx_word' id='word_1_176' title='bbox 3279 1221 3299 1252; x_wconf 72' lang='grc' dir='ltr'>ι</span> <span class='ocrx_word' id='word_1_177' title='bbox 3333 1201 3452 1258; x_wconf 88' lang='lat' dir='ltr'><strong>Non</strong></span> <span class='ocrx_word' id='word_1_178' title='bbox 3492 1219 3582 1258; x_wconf 90' lang='lat' dir='ltr'><strong>me</strong></span> 
     </span>
    </p>
   </div>
   <div class='ocr_carea' id='block_1_26' title="bbox 1991 1283 3584 1363">
    <p class='ocr_par' dir='ltr' id='par_1_26' title="bbox 1991 1283 3584 1363">
     <span class='ocr_line' id='line_1_26' title="bbox 1991 1283 3584 1363; baseline 0.006 -22"><span class='ocrx_word' id='word_1_179' title='bbox 1991 1283 2210 1357; x_wconf 70' lang='lat' dir='ltr'><strong>pudet?</strong></span> <span class='ocrx_word' id='word_1_180' title='bbox 2239 1307 2260 1338; x_wconf 69' lang='grc' dir='ltr'><strong><em>ρ</em></strong></span> <span class='ocrx_word' id='word_1_181' title='bbox 2313 1289 2508 1350; x_wconf 88' lang='lat' dir='ltr'><strong>Deum,</strong></span> <span class='ocrx_word' id='word_1_182' title='bbox 2555 1289 2752 1360; x_wconf 78' lang='lat' dir='ltr'><strong>inquit,</strong></span> <span class='ocrx_word' id='word_1_183' title='bbox 2796 1289 3036 1345; x_wconf 88' lang='lat' dir='ltr'><strong>humana</strong></span> <span class='ocrx_word' id='word_1_184' title='bbox 3075 1301 3303 1363; x_wconf 78' lang='lat' dir='ltr'><strong>propter</strong></span> <span class='ocrx_word' id='word_1_185' title='bbox 3325 1293 3584 1351; x_wconf 81' lang='lat' dir='ltr'><strong>homines</strong></span> 
     </span>
    </p>
   </div>
   <div class='ocr_carea' id='block_1_27' title="bbox 1991 1379 3585 1459">
    <p class='ocr_par' dir='ltr' id='par_1_27' title="bbox 1991 1379 3585 1459">
     <span class='ocr_line' id='line_1_27' title="bbox 1991 1379 3585 1459; baseline 0.006 -26"><span class='ocrx_word' id='word_1_186' title='bbox 1991 1394 2212 1450; x_wconf 88' lang='lat' dir='ltr'><strong>passum</strong></span> <span class='ocrx_word' id='word_1_187' title='bbox 2241 1379 2406 1447; x_wconf 90' lang='lat' dir='ltr'><strong>dico;</strong></span> <span class='ocrx_word' id='word_1_188' title='bbox 2445 1380 2592 1452; x_wconf 88' lang='lat' dir='ltr'><strong>quod</strong></span> <span class='ocrx_word' id='word_1_189' title='bbox 2617 1381 2807 1437; x_wconf 86' lang='lat' dir='ltr'><strong>multis</strong></span> <span class='ocrx_word' id='word_1_190' title='bbox 2837 1382 3168 1453; x_wconf 86' lang='lat' dir='ltr'><strong>probrosum</strong></span> <span class='ocrx_word' id='word_1_191' title='bbox 3201 1385 3443 1452; x_wconf 83' lang='lat' dir='ltr'><strong>videtur,</strong></span> <span class='ocrx_word' id='word_1_192' title='bbox 3462 1388 3585 1459; x_wconf 80' lang='lat' dir='ltr'><strong>ejus</strong></span> 
     </span>
    </p>
   </div>
   <div class='ocr_carea' id='block_1_28' title="bbox 1989 1473 3586 1547">
    <p class='ocr_par' dir='ltr' id='par_1_28' title="bbox 1989 1473 3586 1547">
     <span class='ocr_line' id='line_1_28' title="bbox 1989 1473 3586 1547; baseline 0.007 -23"><span class='ocrx_word' id='word_1_193' title='bbox 1989 1487 2124 1525; x_wconf 85' lang='lat' dir='ltr'><strong>vero</strong></span> <span class='ocrx_word' id='word_1_194' title='bbox 2167 1487 2278 1527; x_wconf 90' lang='lat' dir='ltr'><strong>non</strong></span> <span class='ocrx_word' id='word_1_195' title='bbox 2319 1488 2405 1528; x_wconf 89' lang='lat' dir='ltr'><strong>me</strong></span> <span class='ocrx_word' id='word_1_196' title='bbox 2442 1473 2630 1543; x_wconf 89' lang='lat' dir='ltr'><strong>pudet.</strong></span> <span class='ocrx_word' id='word_1_197' title='bbox 2665 1474 2857 1544; x_wconf 86' lang='lat' dir='ltr'><strong>Neque</strong></span> <span class='ocrx_word' id='word_1_198' title='bbox 2889 1475 3040 1530; x_wconf 85' lang='lat' dir='ltr'><strong>enim</strong></span> <span class='ocrx_word' id='word_1_199' title='bbox 3069 1477 3386 1547; x_wconf 87' lang='lat' dir='ltr'><strong>passibilem</strong></span> <span class='ocrx_word' id='word_1_200' title='bbox 3422 1487 3586 1535; x_wconf 85' lang='lat' dir='ltr'><strong>natu-</strong></span> 
     </span>
    </p>
   </div>
   <div class='ocr_carea' id='block_1_29' title="bbox 1990 1565 3582 1638">
    <p class='ocr_par' dir='ltr' id='par_1_29' title="bbox 1990 1565 3582 1638">
     <span class='ocr_line' id='line_1_29' title="bbox 1990 1565 3582 1638; baseline 0.006 -20"><span class='ocrx_word' id='word_1_201' title='bbox 1990 1579 2107 1618; x_wconf 86' lang='lat' dir='ltr'><strong>ram</strong></span> <span class='ocrx_word' id='word_1_202' title='bbox 2138 1565 2452 1630; x_wconf 87' lang='lat' dir='ltr'><strong>introduco,</strong></span> <span class='ocrx_word' id='word_1_203' title='bbox 2479 1566 2575 1622; x_wconf 89' lang='lat' dir='ltr'><strong>sed</strong></span> <span class='ocrx_word' id='word_1_204' title='bbox 2600 1567 2696 1622; x_wconf 87' lang='lat' dir='ltr'><strong>Dei</strong></span> <span class='ocrx_word' id='word_1_205' title='bbox 2720 1582 2849 1638; x_wconf 87' lang='lat' dir='ltr'><strong>erga</strong></span> <span class='ocrx_word' id='word_1_206' title='bbox 2873 1567 3125 1626; x_wconf 83' lang='lat' dir='ltr'><strong>homines</strong></span> <span class='ocrx_word' id='word_1_207' title='bbox 3147 1571 3582 1628; x_wconf 87' lang='lat' dir='ltr'><strong>misericordiam</strong></span> 
     </span>
    </p>
   </div>
   <div class='ocr_carea' id='block_1_30' title="bbox 1991 1654 3585 1732">
    <p class='ocr_par' dir='ltr' id='par_1_30' title="bbox 1991 1654 3585 1732">
     <span class='ocr_line' id='line_1_30' title="bbox 1991 1654 3585 1732; baseline 0.007 -23"><span class='ocrx_word' id='word_1_208' title='bbox 1991 1654 2184 1712; x_wconf 89' lang='lat' dir='ltr'><strong>doceo.</strong></span> <span class='ocrx_word' id='word_1_209' title='bbox 2243 1675 2264 1708; x_wconf 78' lang='grc' dir='ltr'>ι</span> <span class='ocrx_word' id='word_1_210' title='bbox 2296 1656 2579 1714; x_wconf 81' lang='lat' dir='ltr'><strong>Christum</strong></span> <span class='ocrx_word' id='word_1_211' title='bbox 2611 1659 2785 1724; x_wconf 92' lang='lat' dir='ltr'><strong>enim,</strong></span> <span class='ocrx_word' id='word_1_212' title='bbox 2826 1659 3027 1730; x_wconf 87' lang='lat' dir='ltr'><strong>inquit,</strong></span> <span class='ocrx_word' id='word_1_213' title='bbox 3061 1661 3426 1732; x_wconf 62' lang='lat' dir='ltr'><strong>praedicamus</strong></span> <span class='ocrx_word' id='word_1_214' title='bbox 3455 1680 3585 1720; x_wconf 85' lang='lat' dir='ltr'><strong>cru-</strong></span> 
     </span>
    </p>
   </div>
   <div class='ocr_carea' id='block_1_31' title="bbox 1992 1749 3585 1827">
    <p class='ocr_par' dir='ltr' id='par_1_31' title="bbox 1992 1749 3585 1827">
     <span class='ocr_line' id='line_1_31' title="bbox 1992 1749 3585 1827; baseline 0.004 -22"><span class='ocrx_word' id='word_1_215' title='bbox 1992 1749 2216 1805; x_wconf 81' lang='lat' dir='ltr'><strong>ciﬁxum</strong></span> <span class='ocrx_word' id='word_1_216' title='bbox 2250 1754 2264 1803; x_wconf 83' lang='lat'><strong>&#39;:</strong></span> <span class='ocrx_word' id='word_1_217' title='bbox 2299 1751 2505 1808; x_wconf 63' lang='lat' dir='ltr'><strong>ludatis</strong></span> <span class='ocrx_word' id='word_1_218' title='bbox 2532 1751 2759 1823; x_wconf 84' lang='lat' dir='ltr'><strong>quidem</strong></span> <span class='ocrx_word' id='word_1_219' title='bbox 2795 1754 3138 1821; x_wconf 79' lang='lat' dir='ltr'><strong>scandalum,</strong></span> <span class='ocrx_word' id='word_1_220' title='bbox 3167 1754 3425 1827; x_wconf 79' lang='lat' dir='ltr'><strong>gentibus</strong></span> <span class='ocrx_word' id='word_1_221' title='bbox 3449 1765 3585 1813; x_wconf 66' lang='lat' dir='ltr'><strong>Vero</strong></span> 
     </span>
    </p>
   </div>
   <div class='ocr_carea' id='block_1_32' title="bbox 301 1832 1897 1915">
    <p class='ocr_par' dir='ltr' id='par_1_32' title="bbox 301 1832 1888 1907">
     <span class='ocr_line' id='line_1_32' title="bbox 301 1832 1888 1907; baseline -0.001 -17"><span class='ocrx_word' id='word_1_222' title='bbox 301 1834 524 1907; x_wconf 76' lang='grc' dir='ltr'><strong>κλητοῖς</strong></span> <span class='ocrx_word' id='word_1_223' title='bbox 564 1833 842 1896; x_wconf 78' lang='grc' dir='ltr'>Ἰουδαίοις</span> <span class='ocrx_word' id='word_1_224' title='bbox 878 1849 939 1885; x_wconf 86' lang='grc' dir='ltr'><strong>τε</strong></span> <span class='ocrx_word' id='word_1_225' title='bbox 970 1834 1105 1903; x_wconf 77' lang='grc' dir='ltr'>φησὶ</span> <span class='ocrx_word' id='word_1_226' title='bbox 1152 1833 1247 1885; x_wconf 74' lang='grc' dir='ltr'>καὶ</span> <span class='ocrx_word' id='word_1_227' title='bbox 1278 1832 1509 1905; x_wconf 81' lang='grc' dir='ltr'>Ἕλλησι</span> <span class='ocrx_word' id='word_1_228' title='bbox 1542 1834 1888 1904; x_wconf 79' lang='grc' dir='ltr'>κηρῦττομεν</span> 
     </span>
    </p>
   </div>
   <div class='ocr_carea' id='block_1_33' title="bbox 1999 1832 3586 1915">
    <p class='ocr_par' dir='ltr' id='par_1_33' title="bbox 1999 1843 3586 1915">
     <span class='ocr_line' id='line_1_33' title="bbox 1999 1843 3586 1915; baseline 0.004 -17"><span class='ocrx_word' id='word_1_229' title='bbox 1999 1843 2285 1898; x_wconf 88' lang='lat' dir='ltr'><strong>stultitiam</strong></span> <span class='ocrx_word' id='word_1_230' title='bbox 2331 1844 2394 1897; x_wconf 81' lang='lat'><strong>&quot;.</strong></span> <span class='ocrx_word' id='word_1_231' title='bbox 2431 1863 2449 1895; x_wconf 72' lang='grc' dir='ltr'><strong>ι</strong></span> <span class='ocrx_word' id='word_1_232' title='bbox 2488 1843 2559 1899; x_wconf 83' lang='grc' dir='ltr'>Ει</span> <span class='ocrx_word' id='word_1_233' title='bbox 2593 1845 2718 1915; x_wconf 82' lang='lat' dir='ltr'><strong>quis</strong></span> <span class='ocrx_word' id='word_1_234' title='bbox 2739 1853 2823 1901; x_wconf 90' lang='lat' dir='ltr'><strong>est</strong></span> <span class='ocrx_word' id='word_1_235' title='bbox 2849 1846 2941 1901; x_wconf 91' lang='lat' dir='ltr'><strong>ille</strong></span> <span class='ocrx_word' id='word_1_236' title='bbox 2971 1846 3269 1903; x_wconf 80' lang='lat' dir='ltr'><strong>cruciﬁxus</strong></span> <span class='ocrx_word' id='word_1_237' title='bbox 3291 1848 3586 1906; x_wconf 80' lang='lat' dir='ltr'><strong>Christus?</strong></span> 
     </span>
    </p>
   </div>
   <div class='ocr_carea' id='block_1_34' title="bbox 306 1892 1897 2008">
    <p class='ocr_par' dir='ltr' id='par_1_34' title="bbox 306 1892 1888 1997">
     <span class='ocr_line' id='line_1_34' title="bbox 306 1892 1888 1997; baseline 0.001 -18"><span class='ocrx_word' id='word_1_238' title='bbox 306 1892 538 1997; x_wconf 70' lang='grc' dir='ltr'>Χρίστδν</span> <span class='ocrx_word' id='word_1_239' title='bbox 575 1923 710 1980; x_wconf 89' lang='grc' dir='ltr'>Θεοῦ</span> <span class='ocrx_word' id='word_1_240' title='bbox 741 1925 993 1995; x_wconf 83' lang='grc' dir='ltr'>δύναμιν,</span> <span class='ocrx_word' id='word_1_241' title='bbox 1032 1892 1130 1978; x_wconf 69' lang='grc' dir='ltr'>καὶ</span> <span class='ocrx_word' id='word_1_242' title='bbox 1173 1924 1310 1979; x_wconf 82' lang='grc' dir='ltr'><strong>Θεοῦ</strong></span> <span class='ocrx_word' id='word_1_243' title='bbox 1358 1892 1571 1994; x_wconf 64' lang='grc' dir='ltr'>σοιρίαν.</span> <span class='ocrx_word' id='word_1_244' title='bbox 1602 1892 1652 1979; x_wconf 56' lang='grc' dir='ltr'><em>Π»</em></span> <span class='ocrx_word' id='word_1_245' title='bbox 1701 1892 1888 1981; x_wconf 85' lang='grc' dir='ltr'>Ταῦτα</span> 
     </span>
    </p>
   </div>
   <div class='ocr_carea' id='block_1_35' title="bbox 1999 1892 3588 2008">
    <p class='ocr_par' dir='ltr' id='par_1_35' title="bbox 1999 1892 3588 2008">
     <span class='ocr_line' id='line_1_35' title="bbox 1999 1892 3578 1915; baseline 0.004 -18"><span class='ocrx_word' id='word_1_246' title='bbox 1999 1892 2285 1898; x_wconf 70' lang='lat'><strong>_-_-_---___</strong></span> <span class='ocrx_word' id='word_1_247' title='bbox 2380 1892 2393 1897; x_wconf 87' lang='lat'><strong>-</strong></span> <span class='ocrx_word' id='word_1_248' title='bbox 2431 1892 2442 1895; x_wconf 88' lang='lat'><strong>-</strong></span> <span class='ocrx_word' id='word_1_249' title='bbox 2488 1892 2558 1899; x_wconf 86' lang='lat'><strong>_-</strong></span> <span class='ocrx_word' id='word_1_250' title='bbox 2595 1892 2717 1915; x_wconf 52' lang='grc' dir='ltr'><strong>η---</strong></span> <span class='ocrx_word' id='word_1_251' title='bbox 2743 1892 2823 1901; x_wconf 65' lang='grc' dir='ltr'><strong>η-</strong></span> <span class='ocrx_word' id='word_1_252' title='bbox 2849 1892 2940 1901; x_wconf 76' lang='grc' dir='ltr'><strong>---ν</strong></span> <span class='ocrx_word' id='word_1_253' title='bbox 2972 1892 3268 1903; x_wconf 50' lang='lat' dir='ltr'><strong>“ww---</strong></span> <span class='ocrx_word' id='word_1_254' title='bbox 3297 1892 3578 1906; x_wconf 65' lang='grc' dir='ltr'>ν-...,......</span> 
     </span>
     <span class='ocr_line' id='line_1_36' title="bbox 1999 1933 3588 2008; baseline 0.004 -20"><span class='ocrx_word' id='word_1_255' title='bbox 1999 1933 2106 1999; x_wconf 89' lang='lat' dir='ltr'><strong>dic,</strong></span> <span class='ocrx_word' id='word_1_256' title='bbox 2132 1949 2336 2005; x_wconf 61' lang='lat' dir='ltr'><strong>quatso.</strong></span> <span class='ocrx_word' id='word_1_257' title='bbox 2369 1952 2388 1986; x_wconf 81' lang='grc' dir='ltr'><strong>ι</strong></span> <span class='ocrx_word' id='word_1_258' title='bbox 2421 1933 2557 2004; x_wconf 87' lang='lat' dir='ltr'><strong>Ipsis</strong></span> <span class='ocrx_word' id='word_1_259' title='bbox 2588 1941 2773 1990; x_wconf 89' lang='lat' dir='ltr'><strong>autem</strong></span> <span class='ocrx_word' id='word_1_260' title='bbox 2805 1935 2996 1991; x_wconf 86' lang='lat' dir='ltr'><strong>electis</strong></span> <span class='ocrx_word' id='word_1_261' title='bbox 3029 1936 3252 2001; x_wconf 56' lang='lat' dir='ltr'><strong>luditis,</strong></span> <span class='ocrx_word' id='word_1_262' title='bbox 3291 1937 3493 2008; x_wconf 84' lang='lat' dir='ltr'><strong>inquit,</strong></span> <span class='ocrx_word' id='word_1_263' title='bbox 3527 1939 3588 1995; x_wconf 89' lang='lat' dir='ltr'><strong>et</strong></span> 
     </span>
    </p>
   </div>
   <div class='ocr_carea' id='block_1_36' title="bbox 302 2017 1897 2101">
    <p class='ocr_par' dir='ltr' id='par_1_36' title="bbox 302 2017 1886 2091">
     <span class='ocr_line' id='line_1_37' title="bbox 302 2017 1886 2091; baseline 0.003 -22"><span class='ocrx_word' id='word_1_264' title='bbox 302 2021 413 2081; x_wconf 81' lang='grc' dir='ltr'>τοῖς</span> <span class='ocrx_word' id='word_1_265' title='bbox 462 2017 690 2089; x_wconf 81' lang='grc' dir='ltr'>Ἕλλησι</span> <span class='ocrx_word' id='word_1_266' title='bbox 753 2019 935 2089; x_wconf 80' lang='grc' dir='ltr'>μωρία</span> <span class='ocrx_word' id='word_1_267' title='bbox 986 2017 1289 2088; x_wconf 69' lang='grc' dir='ltr'>νομίζεταισ</span> <span class='ocrx_word' id='word_1_268' title='bbox 1350 2018 1544 2088; x_wconf 76' lang='grc' dir='ltr'>σοφίαν</span> <span class='ocrx_word' id='word_1_269' title='bbox 1588 2019 1700 2091; x_wconf 82' lang='grc' dir='ltr'><strong>γὰρ</strong></span> <span class='ocrx_word' id='word_1_270' title='bbox 1749 2019 1886 2074; x_wconf 87' lang='grc' dir='ltr'>Θεοῦ</span> 
     </span>
    </p>
   </div>
   <div class='ocr_carea' id='block_1_37' title="bbox 1999 2017 3586 2101">
    <p class='ocr_par' dir='ltr' id='par_1_37' title="bbox 1999 2024 3586 2101">
     <span class='ocr_line' id='line_1_38' title="bbox 1999 2024 3586 2101; baseline 0.002 -17"><span class='ocrx_word' id='word_1_271' title='bbox 1999 2028 2201 2084; x_wconf 75' lang='lat' dir='ltr'><strong>Grmcis</strong></span> <span class='ocrx_word' id='word_1_272' title='bbox 2237 2027 2602 2099; x_wconf 65' lang='lat' dir='ltr'><strong>praedicamus</strong></span> <span class='ocrx_word' id='word_1_273' title='bbox 2633 2027 2918 2084; x_wconf 86' lang='lat' dir='ltr'><strong>Christum</strong></span> <span class='ocrx_word' id='word_1_274' title='bbox 2956 2030 3053 2084; x_wconf 88' lang='lat' dir='ltr'><strong>Dei</strong></span> <span class='ocrx_word' id='word_1_275' title='bbox 3079 2031 3384 2101; x_wconf 84' lang='lat' dir='ltr'><strong>potentiam</strong></span> <span class='ocrx_word' id='word_1_276' title='bbox 3407 2041 3466 2086; x_wconf 90' lang='lat' dir='ltr'><strong>et</strong></span> <span class='ocrx_word' id='word_1_277' title='bbox 3486 2024 3586 2087; x_wconf 85' lang='lat' dir='ltr'><strong>Dei</strong></span> 
     </span>
    </p>
   </div>
   <div class='ocr_carea' id='block_1_38' title="bbox 301 2108 1897 2194">
    <p class='ocr_par' dir='ltr' id='par_1_38' title="bbox 301 2108 1890 2182">
     <span class='ocr_line' id='line_1_39' title="bbox 301 2108 1890 2182; baseline 0.003 -19"><span class='ocrx_word' id='word_1_278' title='bbox 301 2109 591 2173; x_wconf 74' lang='grc' dir='ltr'>ἀκούοντες</span> <span class='ocrx_word' id='word_1_279' title='bbox 625 2108 1052 2182; x_wconf 77' lang='grc' dir='ltr'>ὲσταυρωμένην</span> <span class='ocrx_word' id='word_1_280' title='bbox 1076 2109 1128 2162; x_wconf 87' lang='grc' dir='ltr'>οἱ</span> <span class='ocrx_word' id='word_1_281' title='bbox 1154 2108 1438 2182; x_wconf 81' lang='grc' dir='ltr'>Ἕλληνες,</span> <span class='ocrx_word' id='word_1_282' title='bbox 1470 2111 1680 2166; x_wconf 83' lang='grc' dir='ltr'>πλατὺν</span> <span class='ocrx_word' id='word_1_283' title='bbox 1714 2115 1890 2168; x_wconf 63' lang='grc' dir='ltr'>ἐκτεί-</span> 
     </span>
    </p>
   </div>
   <div class='ocr_carea' id='block_1_39' title="bbox 1999 2108 3585 2194">
    <p class='ocr_par' dir='ltr' id='par_1_39' title="bbox 1999 2122 3585 2194">
     <span class='ocr_line' id='line_1_40' title="bbox 1999 2122 3585 2194; baseline 0.001 -16"><span class='ocrx_word' id='word_1_284' title='bbox 1999 2122 2321 2194; x_wconf 85' lang='lat' dir='ltr'><strong>sapientiam</strong></span> <span class='ocrx_word' id='word_1_285' title='bbox 2349 2123 2430 2175; x_wconf 74' lang='lat' dir='ltr'>“z</span> <span class='ocrx_word' id='word_1_286' title='bbox 2461 2141 2480 2174; x_wconf 77' lang='grc' dir='ltr'>ι</span> <span class='ocrx_word' id='word_1_287' title='bbox 2514 2123 2631 2178; x_wconf 68' lang='lat' dir='ltr'><strong>bam</strong></span> <span class='ocrx_word' id='word_1_288' title='bbox 2655 2139 2686 2178; x_wconf 87' lang='lat' dir='ltr'><strong>a</strong></span> <span class='ocrx_word' id='word_1_289' title='bbox 2713 2122 2920 2179; x_wconf 61' lang='lat' dir='ltr'><strong>Graecis</strong></span> <span class='ocrx_word' id='word_1_290' title='bbox 2941 2125 3177 2180; x_wconf 89' lang='lat' dir='ltr'><strong>stultitia</strong></span> <span class='ocrx_word' id='word_1_291' title='bbox 3198 2125 3585 2192; x_wconf 80' lang='lat' dir='ltr'><strong>existimatur;</strong></span> 
     </span>
    </p>
   </div>
   <div class='ocr_carea' id='block_1_40' title="bbox 305 2200 1897 2287">
    <p class='ocr_par' dir='ltr' id='par_1_40' title="bbox 305 2200 1889 2276">
     <span class='ocr_line' id='line_1_41' title="bbox 305 2200 1889 2276; baseline 0.005 -21"><span class='ocrx_word' id='word_1_292' title='bbox 305 2218 454 2256; x_wconf 89' lang='grc' dir='ltr'>νουσι</span> <span class='ocrx_word' id='word_1_293' title='bbox 498 2202 713 2270; x_wconf 71' lang='grc' dir='ltr'>γέλωτα</span> <span class='ocrx_word' id='word_1_294' title='bbox 737 2241 751 2264; x_wconf 91' lang='grc'><strong>,</strong></span> <span class='ocrx_word' id='word_1_295' title='bbox 785 2200 1016 2270; x_wconf 82' lang='grc' dir='ltr'>θεότητα</span> <span class='ocrx_word' id='word_1_296' title='bbox 1055 2201 1293 2272; x_wconf 74' lang='grc' dir='ltr'>οἰόμενοι</span> <span class='ocrx_word' id='word_1_297' title='bbox 1336 2203 1588 2276; x_wconf 77' lang='grc' dir='ltr'><strong>παθητὴν</strong></span> <span class='ocrx_word' id='word_1_298' title='bbox 1631 2206 1889 2276; x_wconf 81' lang='grc' dir='ltr'>λέγεσθαι</span> 
     </span>
    </p>
   </div>
   <div class='ocr_carea' id='block_1_41' title="bbox 1999 2200 3584 2287">
    <p class='ocr_par' dir='ltr' id='par_1_41' title="bbox 1999 2202 3584 2287">
     <span class='ocr_line' id='line_1_42' title="bbox 1999 2202 3584 2287; baseline 0.001 -15"><span class='ocrx_word' id='word_1_299' title='bbox 1999 2231 2125 2272; x_wconf 87' lang='lat' dir='ltr'><strong>nam</strong></span> <span class='ocrx_word' id='word_1_300' title='bbox 2163 2217 2258 2271; x_wconf 91' lang='lat' dir='ltr'><strong>ubi</strong></span> <span class='ocrx_word' id='word_1_301' title='bbox 2289 2215 2466 2272; x_wconf 72' lang='lat' dir='ltr'><strong>Graeci</strong></span> <span class='ocrx_word' id='word_1_302' title='bbox 2498 2216 2734 2270; x_wconf 88' lang='lat' dir='ltr'><strong>audiunt</strong></span> <span class='ocrx_word' id='word_1_303' title='bbox 2766 2202 2870 2280; x_wconf 27' lang='lat' dir='ltr'><strong>Dei,</strong></span> <span class='ocrx_word' id='word_1_304' title='bbox 2887 2217 3216 2287; x_wconf 84' lang='lat' dir='ltr'><strong>sapientiam</strong></span> <span class='ocrx_word' id='word_1_305' title='bbox 3240 2216 3584 2282; x_wconf 81' lang='lat' dir='ltr'><strong>cruciﬁxam,</strong></span> 
     </span>
    </p>
   </div>
   <div class='ocr_carea' id='block_1_42' title="bbox 303 2291 748 2365">
    <p class='ocr_par' dir='ltr' id='par_1_42' title="bbox 303 2291 748 2365">
     <span class='ocr_line' id='line_1_43' title="bbox 303 2291 748 2365; baseline 0.004 -18"><span class='ocrx_word' id='word_1_306' title='bbox 303 2291 385 2365; x_wconf 75' lang='grc' dir='ltr'>τῷ</span> <span class='ocrx_word' id='word_1_307' title='bbox 417 2296 748 2349; x_wconf 78' lang='grc' dir='ltr'><strong>πιστεύοντι.</strong></span> 
     </span>
    </p>
   </div>
   <div class='ocr_carea' id='block_1_43' title="bbox 379 2487 1892 2571">
    <p class='ocr_par' dir='ltr' id='par_1_43' title="bbox 379 2487 1892 2571">
     <span class='ocr_line' id='line_1_44' title="bbox 379 2487 1892 2571; baseline 0.005 -22"><span class='ocrx_word' id='word_1_308' title='bbox 379 2494 469 2563; x_wconf 76' lang='grc' dir='ltr'>ς’.</span> <span class='ocrx_word' id='word_1_309' title='bbox 512 2494 603 2566; x_wconf 72' lang='grc' dir='ltr'><strong>Μὴ</strong></span> <span class='ocrx_word' id='word_1_310' title='bbox 635 2487 728 2549; x_wconf 83' lang='grc' dir='ltr'><strong>οῦν</strong></span> <span class='ocrx_word' id='word_1_311' title='bbox 758 2493 963 2565; x_wconf 78' lang='grc' dir='ltr'><strong>ἀσθενῆ</strong></span> <span class='ocrx_word' id='word_1_312' title='bbox 993 2493 1222 2566; x_wconf 68' lang='grc' dir='ltr'>νομίσῃς</span> <span class='ocrx_word' id='word_1_313' title='bbox 1253 2496 1407 2562; x_wconf 71' lang='grc' dir='ltr'>Θεὸν,</span> <span class='ocrx_word' id='word_1_314' title='bbox 1457 2499 1747 2571; x_wconf 74' lang='grc' dir='ltr'>προσέχων</span> <span class='ocrx_word' id='word_1_315' title='bbox 1777 2505 1892 2568; x_wconf 70' lang='grc' dir='ltr'>τοῖς</span> 
     </span>
    </p>
   </div>
   <div class='ocr_carea' id='block_1_44' title="bbox 305 2585 1893 2664">
    <p class='ocr_par' dir='ltr' id='par_1_44' title="bbox 305 2585 1893 2664">
     <span class='ocr_line' id='line_1_45' title="bbox 305 2585 1893 2664; baseline -0.003 -24"><span class='ocrx_word' id='word_1_316' title='bbox 305 2585 567 2640; x_wconf 70' lang='grc' dir='ltr'>πάθεσινο</span> <span class='ocrx_word' id='word_1_317' title='bbox 617 2585 753 2639; x_wconf 76' lang='grc' dir='ltr'>ἀλλὰ</span> <span class='ocrx_word' id='word_1_318' title='bbox 808 2585 911 2654; x_wconf 81' lang='grc' dir='ltr'>τῆς</span> <span class='ocrx_word' id='word_1_319' title='bbox 958 2585 1246 2657; x_wconf 84' lang='grc' dir='ltr'>δυνάμεως</span> <span class='ocrx_word' id='word_1_320' title='bbox 1282 2588 1450 2642; x_wconf 81' lang='grc' dir='ltr'>αὑτοῦ</span> <span class='ocrx_word' id='word_1_321' title='bbox 1511 2591 1612 2662; x_wconf 74' lang='grc' dir='ltr'>τὴν</span> <span class='ocrx_word' id='word_1_322' title='bbox 1666 2608 1893 2664; x_wconf 80' lang='grc' dir='ltr'>περιου-</span> 
     </span>
    </p>
   </div>
   <div class='ocr_carea' id='block_1_45' title="bbox 307 2671 1892 2758">
    <p class='ocr_par' dir='ltr' id='par_1_45' title="bbox 307 2671 1892 2758">
     <span class='ocr_line' id='line_1_46' title="bbox 307 2671 1892 2758; baseline 0.005 -26"><span class='ocrx_word' id='word_1_323' title='bbox 307 2674 430 2732; x_wconf 79' lang='grc' dir='ltr'>σίαν</span> <span class='ocrx_word' id='word_1_324' title='bbox 461 2675 666 2742; x_wconf 65' lang='grc' dir='ltr'>ιννόει,</span> <span class='ocrx_word' id='word_1_325' title='bbox 708 2677 796 2731; x_wconf 75' lang='grc' dir='ltr'>διὰ</span> <span class='ocrx_word' id='word_1_326' title='bbox 839 2679 1203 2749; x_wconf 74' lang='grc' dir='ltr'>νομιζομένης</span> <span class='ocrx_word' id='word_1_327' title='bbox 1259 2679 1542 2748; x_wconf 80' lang='grc' dir='ltr'>ἀσθενείας</span> <span class='ocrx_word' id='word_1_328' title='bbox 1584 2685 1688 2755; x_wconf 79' lang='grc' dir='ltr'>τὴν</span> <span class='ocrx_word' id='word_1_329' title='bbox 1733 2671 1892 2758; x_wconf 76' lang='grc' dir='ltr'>ἡμῶν</span> 
     </span>
    </p>
   </div>
   <div class='ocr_carea' id='block_1_46' title="bbox 303 2767 1890 2847">
    <p class='ocr_par' dir='ltr' id='par_1_46' title="bbox 303 2767 1890 2847">
     <span class='ocr_line' id='line_1_47' title="bbox 303 2767 1890 2847; baseline 0.006 -25"><span class='ocrx_word' id='word_1_330' title='bbox 303 2767 590 2826; x_wconf 74' lang='grc' dir='ltr'>ἀσθένειαν</span> <span class='ocrx_word' id='word_1_331' title='bbox 637 2768 919 2833; x_wconf 72' lang='grc' dir='ltr'>λύσαντος.</span> <span class='ocrx_word' id='word_1_332' title='bbox 979 2790 998 2821; x_wconf 76' lang='grc' dir='ltr'>ι</span> <span class='ocrx_word' id='word_1_333' title='bbox 1033 2771 1107 2824; x_wconf 87' lang='grc' dir='ltr'><strong>Τὸ</strong></span> <span class='ocrx_word' id='word_1_334' title='bbox 1160 2770 1263 2844; x_wconf 74' lang='grc' dir='ltr'>γὰρ</span> <span class='ocrx_word' id='word_1_335' title='bbox 1306 2773 1533 2838; x_wconf 75' lang='grc' dir='ltr'>ἀσθενὲς</span> <span class='ocrx_word' id='word_1_336' title='bbox 1578 2776 1670 2830; x_wconf 85' lang='grc' dir='ltr'><strong>τοῦ</strong></span> <span class='ocrx_word' id='word_1_337' title='bbox 1718 2777 1890 2847; x_wconf 75' lang='grc' dir='ltr'>Θεοῦ,</span> 
     </span>
    </p>
   </div>
   <div class='ocr_carea' id='block_1_47' title="bbox 308 2861 1887 2942">
    <p class='ocr_par' dir='ltr' id='par_1_47' title="bbox 308 2861 1887 2942">
     <span class='ocr_line' id='line_1_48' title="bbox 308 2861 1887 2942; baseline 0.003 -26"><span class='ocrx_word' id='word_1_338' title='bbox 308 2861 656 2934; x_wconf 82' lang='grc' dir='ltr'>ίσχυρότερον</span> <span class='ocrx_word' id='word_1_339' title='bbox 710 2861 820 2914; x_wconf 83' lang='grc' dir='ltr'><strong>τῶν</strong></span> <span class='ocrx_word' id='word_1_340' title='bbox 875 2861 1201 2933; x_wconf 82' lang='grc' dir='ltr'>ἀνθρώπων,</span> <span class='ocrx_word' id='word_1_341' title='bbox 1271 2885 1290 2917; x_wconf 74' lang='grc' dir='ltr'><strong>ι</strong></span> <span class='ocrx_word' id='word_1_342' title='bbox 1352 2868 1380 2919; x_wconf 88' lang='grc' dir='ltr'>ὁ</span> <span class='ocrx_word' id='word_1_343' title='bbox 1444 2867 1658 2933; x_wconf 85' lang='grc' dir='ltr'>Παῦλὸς</span> <span class='ocrx_word' id='word_1_344' title='bbox 1732 2885 1887 2942; x_wconf 63' lang='grc' dir='ltr'>φησιι</span> 
     </span>
    </p>
   </div>
   <div class='ocr_carea' id='block_1_48' title="bbox 306 2950 1897 3033">
    <p class='ocr_par' dir='ltr' id='par_1_48' title="bbox 306 2950 1897 3033">
     <span class='ocr_line' id='line_1_49' title="bbox 306 2950 1897 3033; baseline 0.006 -25"><span class='ocrx_word' id='word_1_345' title='bbox 306 2954 417 3009; x_wconf 68' lang='grc' dir='ltr'><strong>Καὶ</strong></span> <span class='ocrx_word' id='word_1_346' title='bbox 441 2953 497 3008; x_wconf 78' lang='grc' dir='ltr'><strong>τί</strong></span> <span class='ocrx_word' id='word_1_347' title='bbox 531 2953 666 3008; x_wconf 78' lang='grc' dir='ltr'>ποτέ</span> <span class='ocrx_word' id='word_1_348' title='bbox 696 2953 845 3008; x_wconf 67' lang='grc' dir='ltr'>ἔστιν</span> <span class='ocrx_word' id='word_1_349' title='bbox 878 2950 987 3027; x_wconf 86' lang='grc' dir='ltr'>ἆρα</span> <span class='ocrx_word' id='word_1_350' title='bbox 1036 2955 1130 3010; x_wconf 90' lang='grc' dir='ltr'><strong>τοῦ</strong></span> <span class='ocrx_word' id='word_1_351' title='bbox 1171 2955 1307 3010; x_wconf 87' lang='grc' dir='ltr'>Θεοῦ</span> <span class='ocrx_word' id='word_1_352' title='bbox 1341 2957 1586 3023; x_wconf 71' lang='grc' dir='ltr'>ἀσθενὲς,</span> <span class='ocrx_word' id='word_1_353' title='bbox 1622 2963 1670 3014; x_wconf 84' lang='grc' dir='ltr'><strong>εί</strong></span> <span class='ocrx_word' id='word_1_354' title='bbox 1704 2964 1778 3033; x_wconf 84' lang='grc' dir='ltr'>μή</span> <span class='ocrx_word' id='word_1_355' title='bbox 1809 2980 1897 3028; x_wconf 89' lang='grc' dir='ltr'><strong>τις</strong></span> 
     </span>
    </p>
   </div>
   <div class='ocr_carea' id='block_1_49' title="bbox 307 3047 1892 3122">
    <p class='ocr_par' dir='ltr' id='par_1_49' title="bbox 307 3047 1892 3122">
     <span class='ocr_line' id='line_1_50' title="bbox 307 3047 1892 3122; baseline 0.004 -21"><span class='ocrx_word' id='word_1_356' title='bbox 307 3047 516 3104; x_wconf 64' lang='grc' dir='ltr'>ἐκείνου</span> <span class='ocrx_word' id='word_1_357' title='bbox 565 3047 666 3119; x_wconf 71' lang='grc' dir='ltr'>τὴν</span> <span class='ocrx_word' id='word_1_358' title='bbox 722 3049 860 3119; x_wconf 74' lang='grc' dir='ltr'>ἐμὴν</span> <span class='ocrx_word' id='word_1_359' title='bbox 921 3047 1207 3102; x_wconf 77' lang='grc' dir='ltr'>ἀσθένειαν</span> <span class='ocrx_word' id='word_1_360' title='bbox 1253 3050 1537 3118; x_wconf 77' lang='grc' dir='ltr'>γεγονέναι</span> <span class='ocrx_word' id='word_1_361' title='bbox 1588 3050 1892 3122; x_wconf 83' lang='grc' dir='ltr'>).ογίσοιτο;</span> 
     </span>
    </p>
   </div>
   <div class='ocr_carea' id='block_1_50' title="bbox 308 3140 1896 3217">
    <p class='ocr_par' dir='ltr' id='par_1_50' title="bbox 308 3140 1896 3217">
     <span class='ocr_line' id='line_1_51' title="bbox 308 3140 1896 3217; baseline 0.003 -21"><span class='ocrx_word' id='word_1_362' title='bbox 308 3140 435 3206; x_wconf 81' lang='grc' dir='ltr'>Πῶς</span> <span class='ocrx_word' id='word_1_363' title='bbox 492 3141 602 3213; x_wconf 82' lang='grc' dir='ltr'><strong>γὰρ</strong></span> <span class='ocrx_word' id='word_1_364' title='bbox 653 3141 889 3212; x_wconf 79' lang='grc' dir='ltr'>ἀσθενὴς</span> <span class='ocrx_word' id='word_1_365' title='bbox 941 3143 971 3196; x_wconf 82' lang='grc'>6</span> <span class='ocrx_word' id='word_1_366' title='bbox 1022 3141 1130 3195; x_wconf 79' lang='grc' dir='ltr'><strong>τῶν</strong></span> <span class='ocrx_word' id='word_1_367' title='bbox 1186 3143 1433 3214; x_wconf 77' lang='grc' dir='ltr'>οὐρανῶν</span> <span class='ocrx_word' id='word_1_368' title='bbox 1487 3148 1752 3217; x_wconf 69' lang='grc' dir='ltr'>ποιητήςς</span> <span class='ocrx_word' id='word_1_369' title='bbox 1811 3147 1896 3212; x_wconf 87' lang='grc' dir='ltr'><strong>τίς</strong></span> 
     </span>
    </p>
   </div>
   <div class='ocr_carea' id='block_1_51' title="bbox 308 3228 1894 3308">
    <p class='ocr_par' dir='ltr' id='par_1_51' title="bbox 308 3228 1894 3308">
     <span class='ocr_line' id='line_1_52' title="bbox 308 3228 1894 3308; baseline 0.003 -21"><span class='ocrx_word' id='word_1_370' title='bbox 308 3232 566 3287; x_wconf 69' lang='grc' dir='ltr'>ἀσθένεια</span> <span class='ocrx_word' id='word_1_371' title='bbox 625 3231 720 3286; x_wconf 92' lang='grc' dir='ltr'><strong>τοῦ</strong></span> <span class='ocrx_word' id='word_1_372' title='bbox 796 3228 934 3304; x_wconf 73' lang='grc' dir='ltr'>λόγῳ</span> <span class='ocrx_word' id='word_1_373' title='bbox 995 3233 1067 3286; x_wconf 83' lang='grc' dir='ltr'>τὰ</span> <span class='ocrx_word' id='word_1_374' title='bbox 1111 3234 1291 3288; x_wconf 75' lang='grc' dir='ltr'>πάντα</span> <span class='ocrx_word' id='word_1_375' title='bbox 1350 3234 1894 3308; x_wconf 73' lang='grc' dir='ltr'>δημιουργήσαντοςς</span> 
     </span>
    </p>
   </div>
   <div class='ocr_carea' id='block_1_52' title="bbox 310 3321 1897 3397">
    <p class='ocr_par' dir='ltr' id='par_1_52' title="bbox 310 3321 1897 3397">
     <span class='ocr_line' id='line_1_53' title="bbox 310 3321 1897 3397; baseline 0.004 -21"><span class='ocrx_word' id='word_1_376' title='bbox 310 3324 464 3377; x_wconf 75' lang='grc' dir='ltr'>ποῖον</span> <span class='ocrx_word' id='word_1_377' title='bbox 508 3321 645 3375; x_wconf 89' lang='grc' dir='ltr'>Θεοῦ</span> <span class='ocrx_word' id='word_1_378' title='bbox 677 3321 904 3386; x_wconf 82' lang='grc' dir='ltr'>ἀσθενὲς</span> <span class='ocrx_word' id='word_1_379' title='bbox 935 3321 1030 3376; x_wconf 89' lang='grc' dir='ltr'><strong>τοῦ</strong></span> <span class='ocrx_word' id='word_1_380' title='bbox 1077 3323 1178 3394; x_wconf 83' lang='grc' dir='ltr'>τὴν</span> <span class='ocrx_word' id='word_1_381' title='bbox 1215 3324 1319 3394; x_wconf 82' lang='grc' dir='ltr'><strong>γῆν</strong></span> <span class='ocrx_word' id='word_1_382' title='bbox 1347 3325 1437 3379; x_wconf 72' lang='grc' dir='ltr'><strong>ἐπ’</strong></span> <span class='ocrx_word' id='word_1_383' title='bbox 1483 3325 1702 3397; x_wconf 67' lang='grc' dir='ltr'>ἀδήλοις</span> <span class='ocrx_word' id='word_1_384' title='bbox 1747 3329 1897 3395; x_wconf 81' lang='grc' dir='ltr'>ὅροις</span> 
     </span>
    </p>
   </div>
   <div class='ocr_carea' id='block_1_53' title="bbox 309 3396 1967 3487">
    <p class='ocr_par' dir='ltr' id='par_1_53' title="bbox 309 3396 1967 3487">
     <span class='ocr_line' id='line_1_54' title="bbox 309 3396 1967 3487; baseline 0.002 -17"><span class='ocrx_word' id='word_1_385' title='bbox 309 3414 677 3486; x_wconf 57' lang='lat' dir='ltr'><strong>adﬁnium;</strong></span> <span class='ocrx_word' id='word_1_386' title='bbox 726 3413 865 3468; x_wconf 72' lang='lat' dir='ltr'><strong>‘AD.’</strong></span> <span class='ocrx_word' id='word_1_387' title='bbox 897 3414 1087 3487; x_wconf 71' lang='grc' dir='ltr'>ἐπειδὴ</span> <span class='ocrx_word' id='word_1_388' title='bbox 1123 3416 1224 3487; x_wconf 78' lang='grc' dir='ltr'>τὴν</span> <span class='ocrx_word' id='word_1_389' title='bbox 1257 3417 1398 3487; x_wconf 74' lang='grc' dir='ltr'>ἐμὴν</span> <span class='ocrx_word' id='word_1_390' title='bbox 1431 3396 1721 3473; x_wconf 85' lang='grc' dir='ltr'>ἀσθένειαν</span> <span class='ocrx_word' id='word_1_391' title='bbox 1756 3421 1895 3474; x_wconf 79' lang='grc' dir='ltr'>ἰδίαν</span> <span class='ocrx_word' id='word_1_392' title='bbox 1923 3396 1967 3452; x_wconf 76' lang='lat' dir='ltr'>c</span> 
     </span>
    </p>
   </div>
   <div class='ocr_carea' id='block_1_54' title="bbox 311 3506 1892 3582">
    <p class='ocr_par' dir='ltr' id='par_1_54' title="bbox 311 3506 1892 3582">
     <span class='ocr_line' id='line_1_55' title="bbox 311 3506 1892 3582; baseline 0.004 -22"><span class='ocrx_word' id='word_1_393' title='bbox 311 3507 606 3580; x_wconf 83' lang='grc' dir='ltr'>πεποίηται</span> <span class='ocrx_word' id='word_1_394' title='bbox 627 3509 655 3561; x_wconf 84' lang='grc' dir='ltr'>ὁ</span> <span class='ocrx_word' id='word_1_395' title='bbox 671 3506 769 3571; x_wconf 81' lang='grc' dir='ltr'>τὰς</span> <span class='ocrx_word' id='word_1_396' title='bbox 793 3506 950 3578; x_wconf 81' lang='grc' dir='ltr'>ἡμῶν</span> <span class='ocrx_word' id='word_1_397' title='bbox 974 3507 1256 3573; x_wconf 84' lang='grc' dir='ltr'>ἀσθενείας</span> <span class='ocrx_word' id='word_1_398' title='bbox 1273 3509 1524 3564; x_wconf 84' lang='grc' dir='ltr'>διαλῦσαι</span> <span class='ocrx_word' id='word_1_399' title='bbox 1547 3510 1892 3582; x_wconf 84' lang='grc' dir='ltr'>βουλόμενος,</span> 
     </span>
    </p>
   </div>
   <div class='ocr_carea' id='block_1_55' title="bbox 311 3597 1897 3679">
    <p class='ocr_par' dir='ltr' id='par_1_55' title="bbox 311 3597 1897 3679">
     <span class='ocr_line' id='line_1_56' title="bbox 311 3597 1897 3679; baseline 0.003 -28"><span class='ocrx_word' id='word_1_400' title='bbox 311 3597 478 3670; x_wconf 75' lang='grc' dir='ltr'>φησὶν</span> <span class='ocrx_word' id='word_1_401' title='bbox 503 3599 532 3652; x_wconf 82' lang='grc' dir='ltr'><strong>ὁ</strong></span> <span class='ocrx_word' id='word_1_402' title='bbox 561 3598 794 3664; x_wconf 83' lang='grc' dir='ltr'>Παῦλος,</span> <span class='ocrx_word' id='word_1_403' title='bbox 828 3618 847 3650; x_wconf 80' lang='grc' dir='ltr'>ι</span> <span class='ocrx_word' id='word_1_404' title='bbox 882 3599 957 3653; x_wconf 81' lang='grc' dir='ltr'>Τὸ</span> <span class='ocrx_word' id='word_1_405' title='bbox 986 3598 1079 3679; x_wconf 83' lang='grc' dir='ltr'><strong>τοῦ</strong></span> <span class='ocrx_word' id='word_1_406' title='bbox 1105 3598 1241 3654; x_wconf 83' lang='grc' dir='ltr'>Θεοῦ</span> <span class='ocrx_word' id='word_1_407' title='bbox 1266 3600 1515 3668; x_wconf 83' lang='grc' dir='ltr'>ἀσθενὲς,</span> <span class='ocrx_word' id='word_1_408' title='bbox 1549 3604 1897 3675; x_wconf 79' lang='grc' dir='ltr'>ἰσχυρότερον</span> 
     </span>
    </p>
   </div>
   <div class='ocr_carea' id='block_1_56' title="bbox 309 3687 1895 3764">
    <p class='ocr_par' dir='ltr' id='par_1_56' title="bbox 309 3687 1895 3764">
     <span class='ocr_line' id='line_1_57' title="bbox 309 3687 1895 3764; baseline 0.004 -24"><span class='ocrx_word' id='word_1_409' title='bbox 309 3687 419 3742; x_wconf 81' lang='grc' dir='ltr'>τῶν</span> <span class='ocrx_word' id='word_1_410' title='bbox 451 3687 754 3759; x_wconf 84' lang='grc' dir='ltr'>ἀνθρώπων</span> <span class='ocrx_word' id='word_1_411' title='bbox 785 3688 954 3743; x_wconf 65' lang='grc' dir='ltr'>ἐστίν.</span> <span class='ocrx_word' id='word_1_412' title='bbox 991 3703 1008 3741; x_wconf 88' lang='lat' dir='ltr'><strong>I</strong></span> <span class='ocrx_word' id='word_1_413' title='bbox 1056 3689 1275 3762; x_wconf 80' lang='grc' dir='ltr'>Ἐπειδὴ</span> <span class='ocrx_word' id='word_1_414' title='bbox 1308 3689 1366 3744; x_wconf 68' lang='grc' dir='ltr'>δὲ</span> <span class='ocrx_word' id='word_1_415' title='bbox 1399 3691 1514 3755; x_wconf 74' lang='grc' dir='ltr'>καὶ,</span> <span class='ocrx_word' id='word_1_416' title='bbox 1557 3708 1576 3743; x_wconf 82' lang='lat' dir='ltr'><strong>r</strong></span> <span class='ocrx_word' id='word_1_417' title='bbox 1601 3692 1675 3745; x_wconf 83' lang='grc' dir='ltr'>Τὸ</span> <span class='ocrx_word' id='word_1_418' title='bbox 1711 3691 1895 3764; x_wconf 80' lang='grc' dir='ltr'>μωρὸν</span> 
     </span>
    </p>
   </div>
   <div class='ocr_carea' id='block_1_57' title="bbox 310 3777 1898 3852">
    <p class='ocr_par' dir='ltr' id='par_1_57' title="bbox 310 3777 1898 3852">
     <span class='ocr_line' id='line_1_58' title="bbox 310 3777 1898 3852; baseline 0.005 -22"><span class='ocrx_word' id='word_1_419' title='bbox 310 3777 407 3831; x_wconf 77' lang='grc' dir='ltr'><strong>⁴ιιοῦ</strong></span> <span class='ocrx_word' id='word_1_420' title='bbox 424 3777 562 3833; x_wconf 86' lang='grc' dir='ltr'>Θεοῦ</span> <span class='ocrx_word' id='word_1_421' title='bbox 577 3778 888 3851; x_wconf 79' lang='grc' dir='ltr'>σοφώτερον</span> <span class='ocrx_word' id='word_1_422' title='bbox 914 3779 1024 3833; x_wconf 84' lang='grc' dir='ltr'>τῶν</span> <span class='ocrx_word' id='word_1_423' title='bbox 1055 3779 1360 3852; x_wconf 72' lang='grc' dir='ltr'>ἀνθρώπιον</span> <span class='ocrx_word' id='word_1_424' title='bbox 1392 3783 1562 3846; x_wconf 71' lang='grc' dir='ltr'>εστὶν,</span> <span class='ocrx_word' id='word_1_425' title='bbox 1590 3801 1609 3834; x_wconf 74' lang='grc' dir='ltr'><strong>ι</strong></span> <span class='ocrx_word' id='word_1_426' title='bbox 1635 3785 1663 3836; x_wconf 83' lang='grc' dir='ltr'><strong>ὁ</strong></span> <span class='ocrx_word' id='word_1_427' title='bbox 1683 3783 1898 3848; x_wconf 84' lang='grc' dir='ltr'>Παῦλος</span> 
     </span>
    </p>
   </div>
   <div class='ocr_carea' id='block_1_58' title="bbox 311 3870 1896 3949">
    <p class='ocr_par' dir='ltr' id='par_1_58' title="bbox 311 3870 1896 3949">
     <span class='ocr_line' id='line_1_59' title="bbox 311 3870 1896 3949; baseline 0.004 -25"><span class='ocrx_word' id='word_1_428' title='bbox 311 3870 438 3941; x_wconf 69' lang='grc' dir='ltr'>ἔφη,</span> <span class='ocrx_word' id='word_1_429' title='bbox 465 3872 520 3926; x_wconf 89' lang='grc' dir='ltr'><strong>τί</strong></span> <span class='ocrx_word' id='word_1_430' title='bbox 547 3871 614 3926; x_wconf 84' lang='grc' dir='ltr'>ἂν</span> <span class='ocrx_word' id='word_1_431' title='bbox 632 3873 836 3927; x_wconf 85' lang='grc' dir='ltr'>είποιεν</span> <span class='ocrx_word' id='word_1_432' title='bbox 861 3874 1045 3944; x_wconf 80' lang='grc' dir='ltr'>μωρὸν</span> <span class='ocrx_word' id='word_1_433' title='bbox 1067 3871 1163 3928; x_wconf 85' lang='grc' dir='ltr'><strong>τοῦ</strong></span> <span class='ocrx_word' id='word_1_434' title='bbox 1184 3872 1344 3938; x_wconf 85' lang='grc' dir='ltr'>Θεοῦ,</span> <span class='ocrx_word' id='word_1_435' title='bbox 1369 3875 1417 3928; x_wconf 84' lang='grc' dir='ltr'><strong>εί</strong></span> <span class='ocrx_word' id='word_1_436' title='bbox 1445 3874 1522 3947; x_wconf 78' lang='grc' dir='ltr'>μὴ</span> <span class='ocrx_word' id='word_1_437' title='bbox 1549 3874 1728 3941; x_wconf 88' lang='grc' dir='ltr'>τοῦτο,</span> <span class='ocrx_word' id='word_1_438' title='bbox 1757 3877 1896 3949; x_wconf 85' lang='grc' dir='ltr'>ὅπερ</span> 
     </span>
    </p>
   </div>
   <div class='ocr_carea' id='block_1_59' title="bbox 313 3963 1897 4039">
    <p class='ocr_par' dir='ltr' id='par_1_59' title="bbox 313 3963 1897 4039">
     <span class='ocr_line' id='line_1_60' title="bbox 313 3963 1897 4039; baseline 0.004 -23"><span class='ocrx_word' id='word_1_439' title='bbox 313 3965 474 4034; x_wconf 71' lang='grc' dir='ltr'>ἡμεῖς</span> <span class='ocrx_word' id='word_1_440' title='bbox 505 3965 634 4036; x_wconf 76' lang='grc' dir='ltr'>περὶ</span> <span class='ocrx_word' id='word_1_441' title='bbox 661 3963 798 4017; x_wconf 84' lang='grc' dir='ltr'>Θεοῦ</span> <span class='ocrx_word' id='word_1_442' title='bbox 825 3964 1075 4036; x_wconf 77' lang='grc' dir='ltr'>λέγομεν,</span> <span class='ocrx_word' id='word_1_443' title='bbox 1105 3965 1198 4019; x_wconf 82' lang='grc' dir='ltr'>τὸν</span> <span class='ocrx_word' id='word_1_444' title='bbox 1230 3965 1416 4035; x_wconf 81' lang='grc' dir='ltr'>ἀπαθῆ</span> <span class='ocrx_word' id='word_1_445' title='bbox 1451 3969 1517 4039; x_wconf 78' lang='grc' dir='ltr'>τῇ</span> <span class='ocrx_word' id='word_1_446' title='bbox 1552 3969 1713 4038; x_wconf 84' lang='grc' dir='ltr'>φύσει</span> <span class='ocrx_word' id='word_1_447' title='bbox 1741 3966 1897 4035; x_wconf 77' lang='grc' dir='ltr'>δέξαο</span> 
     </span>
    </p>
   </div>
   <div class='ocr_carea' id='block_1_60' title="bbox 316 4055 1896 4131">
    <p class='ocr_par' dir='ltr' id='par_1_60' title="bbox 316 4055 1896 4131">
     <span class='ocr_line' id='line_1_61' title="bbox 316 4055 1896 4131; baseline 0.003 -21"><span class='ocrx_word' id='word_1_448' title='bbox 316 4055 439 4110; x_wconf 87' lang='grc' dir='ltr'>σθαι</span> <span class='ocrx_word' id='word_1_449' title='bbox 455 4055 635 4128; x_wconf 74' lang='grc' dir='ltr'>πάθης</span> <span class='ocrx_word' id='word_1_450' title='bbox 662 4057 797 4128; x_wconf 83' lang='grc' dir='ltr'>ὅπερ</span> <span class='ocrx_word' id='word_1_451' title='bbox 825 4057 1011 4130; x_wconf 76' lang='grc' dir='ltr'>μωρὸν</span> <span class='ocrx_word' id='word_1_452' title='bbox 1045 4057 1144 4129; x_wconf 66' lang='grc' dir='ltr'>μιν</span> <span class='ocrx_word' id='word_1_453' title='bbox 1164 4059 1215 4111; x_wconf 78' lang='grc' dir='ltr'>οἱ</span> <span class='ocrx_word' id='word_1_454' title='bbox 1234 4059 1494 4130; x_wconf 84' lang='grc' dir='ltr'>Ἕλληνες</span> <span class='ocrx_word' id='word_1_455' title='bbox 1509 4061 1778 4131; x_wconf 84' lang='grc' dir='ltr'>κρίνουσι.</span> <span class='ocrx_word' id='word_1_456' title='bbox 1806 4078 1896 4115; x_wconf 84' lang='grc' dir='ltr'>πι-</span> 
     </span>
    </p>
   </div>
   <div class='ocr_carea' id='block_1_61' title="bbox 318 4148 1897 4222">
    <p class='ocr_par' dir='ltr' id='par_1_61' title="bbox 318 4148 1897 4222">
     <span class='ocr_line' id='line_1_62' title="bbox 318 4148 1897 4222; baseline 0.005 -24"><span class='ocrx_word' id='word_1_457' title='bbox 318 4148 526 4202; x_wconf 76' lang='grc' dir='ltr'>στεύειν</span> <span class='ocrx_word' id='word_1_458' title='bbox 557 4149 657 4203; x_wconf 82' lang='grc' dir='ltr'><strong>οῦκ</strong></span> <span class='ocrx_word' id='word_1_459' title='bbox 685 4149 883 4212; x_wconf 82' lang='grc' dir='ltr'>ειδότες</span> <span class='ocrx_word' id='word_1_460' title='bbox 911 4151 1024 4213; x_wconf 85' lang='grc' dir='ltr'>τοῖς</span> <span class='ocrx_word' id='word_1_461' title='bbox 1055 4149 1402 4222; x_wconf 75' lang='grc' dir='ltr'>πράγμασιν,</span> <span class='ocrx_word' id='word_1_462' title='bbox 1428 4150 1566 4206; x_wconf 73' lang='grc' dir='ltr'>ἀλλὰ</span> <span class='ocrx_word' id='word_1_463' title='bbox 1591 4152 1771 4206; x_wconf 79' lang='grc' dir='ltr'>πάντα</span> <span class='ocrx_word' id='word_1_464' title='bbox 1796 4171 1897 4207; x_wconf 87' lang='grc' dir='ltr'>πο-</span> 
     </span>
    </p>
   </div>
   <div class='ocr_carea' id='block_1_62' title="bbox 315 4243 1898 4316">
    <p class='ocr_par' dir='ltr' id='par_1_62' title="bbox 315 4243 1898 4316">
     <span class='ocr_line' id='line_1_63' title="bbox 315 4243 1898 4316; baseline 0.003 -20"><span class='ocrx_word' id='word_1_465' title='bbox 315 4243 719 4316; x_wconf 79' lang='grc' dir='ltr'>λυπραγμονεῖν</span> <span class='ocrx_word' id='word_1_466' title='bbox 756 4247 876 4308; x_wconf 79' lang='grc' dir='ltr'>ταῖς</span> <span class='ocrx_word' id='word_1_467' title='bbox 904 4245 1158 4308; x_wconf 63' lang='grc' dir='ltr'>ἐννοίαις.</span> <span class='ocrx_word' id='word_1_468' title='bbox 1205 4246 1395 4316; x_wconf 82' lang='grc' dir='ltr'>Ἡμεῖς</span> <span class='ocrx_word' id='word_1_469' title='bbox 1438 4246 1493 4300; x_wconf 83' lang='grc' dir='ltr'>δὲ</span> <span class='ocrx_word' id='word_1_470' title='bbox 1534 4245 1710 4301; x_wconf 89' lang='grc' dir='ltr'>ταῦτα</span> <span class='ocrx_word' id='word_1_471' title='bbox 1737 4247 1898 4300; x_wconf 80' lang='grc' dir='ltr'>δύνα-</span> 
     </span>
    </p>
   </div>
   <div class='ocr_carea' id='block_1_63' title="bbox 318 4333 1896 4411">
    <p class='ocr_par' dir='ltr' id='par_1_63' title="bbox 318 4333 1896 4411">
     <span class='ocr_line' id='line_1_64' title="bbox 318 4333 1896 4411; baseline 0.004 -24"><span class='ocrx_word' id='word_1_472' title='bbox 318 4351 412 4404; x_wconf 79' lang='grc' dir='ltr'><strong>μιν</strong></span> <span class='ocrx_word' id='word_1_473' title='bbox 434 4333 570 4388; x_wconf 85' lang='grc' dir='ltr'>Θεοῦ</span> <span class='ocrx_word' id='word_1_474' title='bbox 601 4335 698 4389; x_wconf 76' lang='grc' dir='ltr'>καὶ</span> <span class='ocrx_word' id='word_1_475' title='bbox 720 4335 1038 4407; x_wconf 86' lang='grc' dir='ltr'>περιουσίαν</span> <span class='ocrx_word' id='word_1_476' title='bbox 1066 4336 1268 4407; x_wconf 80' lang='grc' dir='ltr'>φαμέν.</span> <span class='ocrx_word' id='word_1_477' title='bbox 1311 4337 1474 4392; x_wconf 76' lang='grc' dir='ltr'>Ἀλλά</span> <span class='ocrx_word' id='word_1_478' title='bbox 1503 4337 1684 4404; x_wconf 87' lang='grc' dir='ltr'>τοῦτο,</span> <span class='ocrx_word' id='word_1_479' title='bbox 1708 4340 1896 4411; x_wconf 70' lang='grc' dir='ltr'>φησιν,</span> 
     </span>
    </p>
   </div>
   <div class='ocr_carea' id='block_1_64' title="bbox 314 4426 1899 4504">
    <p class='ocr_par' dir='ltr' id='par_1_64' title="bbox 314 4426 1899 4504">
     <span class='ocr_line' id='line_1_65' title="bbox 314 4426 1899 4504; baseline 0.004 -25"><span class='ocrx_word' id='word_1_480' title='bbox 314 4426 344 4479; x_wconf 77' lang='grc' dir='ltr'><strong>ὃ</strong></span> <span class='ocrx_word' id='word_1_481' title='bbox 371 4427 553 4499; x_wconf 79' lang='grc' dir='ltr'>μωρὸν</span> <span class='ocrx_word' id='word_1_482' title='bbox 589 4429 688 4500; x_wconf 74' lang='grc' dir='ltr'>μὲν</span> <span class='ocrx_word' id='word_1_483' title='bbox 721 4429 871 4499; x_wconf 84' lang='grc' dir='ltr'><strong>παρά</strong></span> <span class='ocrx_word' id='word_1_484' title='bbox 899 4430 1014 4493; x_wconf 88' lang='grc' dir='ltr'>τοῖς</span> <span class='ocrx_word' id='word_1_485' title='bbox 1039 4429 1268 4500; x_wconf 77' lang='grc' dir='ltr'>Ἕλλησι</span> <span class='ocrx_word' id='word_1_486' title='bbox 1294 4431 1561 4503; x_wconf 83' lang='grc' dir='ltr'>κρίνεται,</span> <span class='ocrx_word' id='word_1_487' title='bbox 1599 4433 1730 4502; x_wconf 86' lang='grc' dir='ltr'>παρ’</span> <span class='ocrx_word' id='word_1_488' title='bbox 1765 4433 1899 4504; x_wconf 84' lang='grc' dir='ltr'>ἡμῖν</span> 
     </span>
    </p>
   </div>
   <div class='ocr_carea' id='block_1_65' title="bbox 312 4519 1942 4598">
    <p class='ocr_par' dir='ltr' id='par_1_65' title="bbox 312 4519 1942 4598">
     <span class='ocr_line' id='line_1_66' title="bbox 312 4519 1942 4598; baseline 0.004 -25"><span class='ocrx_word' id='word_1_489' title='bbox 312 4519 372 4573; x_wconf 66' lang='grc' dir='ltr'>δὲ</span> <span class='ocrx_word' id='word_1_490' title='bbox 400 4521 563 4589; x_wconf 50' lang='lat' dir='ltr'><strong>copia</strong></span> <span class='ocrx_word' id='word_1_491' title='bbox 596 4520 932 4587; x_wconf 79' lang='grc' dir='ltr'>πιστεύεται,</span> <span class='ocrx_word' id='word_1_492' title='bbox 963 4520 1271 4594; x_wconf 69' lang='grc' dir='ltr'>σοφώτερον</span> <span class='ocrx_word' id='word_1_493' title='bbox 1295 4522 1404 4576; x_wconf 81' lang='grc' dir='ltr'><strong>τῶν</strong></span> <span class='ocrx_word' id='word_1_494' title='bbox 1429 4523 1734 4598; x_wconf 84' lang='grc' dir='ltr'>ἀνθρώπων</span> <span class='ocrx_word' id='word_1_495' title='bbox 1772 4525 1898 4594; x_wconf 70' lang='grc' dir='ltr'><strong>ἑτέ·</strong></span> <span class='ocrx_word' id='word_1_496' title='bbox 1940 4555 1942 4557; x_wconf 52' lang='grc' dir='ltr'><strong>ν</strong></span> 
     </span>
    </p>
   </div>
   <div class='ocr_carea' id='block_1_66' title="bbox 316 4612 1896 4688">
    <p class='ocr_par' dir='ltr' id='par_1_66' title="bbox 316 4612 1896 4688">
     <span class='ocr_line' id='line_1_67' title="bbox 316 4612 1896 4688; baseline 0.001 -19"><span class='ocrx_word' id='word_1_497' title='bbox 316 4630 459 4669; x_wconf 62' lang='lat' dir='ltr'><strong>vero.</strong></span> <span class='ocrx_word' id='word_1_498' title='bbox 489 4614 593 4668; x_wconf 84' lang='grc' dir='ltr'>Ἦν</span> <span class='ocrx_word' id='word_1_499' title='bbox 616 4614 723 4685; x_wconf 79' lang='grc' dir='ltr'>γὰρ</span> <span class='ocrx_word' id='word_1_500' title='bbox 748 4615 850 4668; x_wconf 84' lang='grc' dir='ltr'>οὐκ</span> <span class='ocrx_word' id='word_1_501' title='bbox 875 4612 1033 4667; x_wconf 68' lang='grc' dir='ltr'>ἔλυσε</span> <span class='ocrx_word' id='word_1_502' title='bbox 1061 4614 1263 4668; x_wconf 85' lang='grc' dir='ltr'>κακίαν</span> <span class='ocrx_word' id='word_1_503' title='bbox 1289 4618 1323 4686; x_wconf 76' lang='grc' dir='ltr'>ὴ</span> <span class='ocrx_word' id='word_1_504' title='bbox 1349 4614 1440 4670; x_wconf 90' lang='grc' dir='ltr'><strong>τοῦ</strong></span> <span class='ocrx_word' id='word_1_505' title='bbox 1472 4616 1679 4687; x_wconf 86' lang='grc' dir='ltr'>κόσμου</span> <span class='ocrx_word' id='word_1_506' title='bbox 1711 4618 1896 4688; x_wconf 72' lang='grc' dir='ltr'>σοφία,</span> 
     </span>
    </p>
   </div>
   <div class='ocr_carea' id='block_1_67' title="bbox 315 4702 1894 4780">
    <p class='ocr_par' dir='ltr' id='par_1_67' title="bbox 315 4702 1894 4780">
     <span class='ocr_line' id='line_1_68' title="bbox 315 4702 1894 4780; baseline 0.004 -22"><span class='ocrx_word' id='word_1_507' title='bbox 315 4702 517 4776; x_wconf 81' lang='grc' dir='ltr'>ταύτην</span> <span class='ocrx_word' id='word_1_508' title='bbox 529 4704 790 4758; x_wconf 70' lang='grc' dir='ltr'>ὶσκέδασε</span> <span class='ocrx_word' id='word_1_509' title='bbox 803 4705 863 4759; x_wconf 78' lang='grc' dir='ltr'>τὸ</span> <span class='ocrx_word' id='word_1_510' title='bbox 883 4705 1064 4777; x_wconf 80' lang='grc' dir='ltr'>μωρὸν</span> <span class='ocrx_word' id='word_1_511' title='bbox 1079 4705 1238 4760; x_wconf 85' lang='grc' dir='ltr'>τοῦτο</span> <span class='ocrx_word' id='word_1_512' title='bbox 1254 4707 1610 4780; x_wconf 75' lang='grc' dir='ltr'>νομιζόμενον</span> <span class='ocrx_word' id='word_1_513' title='bbox 1625 4709 1718 4763; x_wconf 88' lang='grc' dir='ltr'><strong>τοῦ</strong></span> <span class='ocrx_word' id='word_1_514' title='bbox 1738 4710 1894 4764; x_wconf 86' lang='grc' dir='ltr'>Θεοῦ·</span> 
     </span>
    </p>
   </div>
   <div class='ocr_carea' id='block_1_68' title="bbox 314 4765 1979 4872">
    <p class='ocr_par' dir='ltr' id='par_1_68' title="bbox 314 4765 1979 4872">
     <span class='ocr_line' id='line_1_69' title="bbox 314 4765 1979 4872; baseline 0.002 -20"><span class='ocrx_word' id='word_1_515' title='bbox 314 4797 348 4868; x_wconf 78' lang='grc' dir='ltr'><strong>δ</strong></span> <span class='ocrx_word' id='word_1_516' title='bbox 391 4765 525 4872; x_wconf 66' lang='grc' dir='ltr'>ἡμίν</span> <span class='ocrx_word' id='word_1_517' title='bbox 576 4798 674 4869; x_wconf 73' lang='grc' dir='ltr'>μὲν</span> <span class='ocrx_word' id='word_1_518' title='bbox 725 4798 839 4852; x_wconf 71' lang='grc' dir='ltr'>ἔστι</span> <span class='ocrx_word' id='word_1_519' title='bbox 882 4765 1095 4866; x_wconf 61' lang='grc' dir='ltr'>πιστὸν,</span> <span class='ocrx_word' id='word_1_520' title='bbox 1141 4765 1470 4871; x_wconf 39' lang='grc' dir='ltr'>Ἕλλησι-δέ</span> <span class='ocrx_word' id='word_1_521' title='bbox 1510 4802 1606 4855; x_wconf 73' lang='grc' dir='ltr'>καὶ</span> <span class='ocrx_word' id='word_1_522' title='bbox 1650 4801 1900 4866; x_wconf 81' lang='grc' dir='ltr'>ἀπίστοις</span> <span class='ocrx_word' id='word_1_523' title='bbox 1933 4765 1979 4821; x_wconf 75' lang='lat' dir='ltr'><strong>D</strong></span> 
     </span>
    </p>
   </div>
   <div class='ocr_carea' id='block_1_69' title="bbox 321 4891 1898 4965">
    <p class='ocr_par' dir='ltr' id='par_1_69' title="bbox 321 4891 1898 4965">
     <span class='ocr_line' id='line_1_70' title="bbox 321 4891 1898 4965; baseline 0.003 -18"><span class='ocrx_word' id='word_1_524' title='bbox 321 4891 501 4964; x_wconf 78' lang='grc' dir='ltr'>μωρία</span> <span class='ocrx_word' id='word_1_525' title='bbox 528 4893 862 4961; x_wconf 86' lang='grc' dir='ltr'>νενόμισται.</span> <span class='ocrx_word' id='word_1_526' title='bbox 900 4891 1039 4945; x_wconf 81' lang='grc' dir='ltr'>Ἀλλ’</span> <span class='ocrx_word' id='word_1_527' title='bbox 1067 4893 1227 4963; x_wconf 71' lang='grc' dir='ltr'>ἡμεῖς</span> <span class='ocrx_word' id='word_1_528' title='bbox 1252 4892 1351 4964; x_wconf 84' lang='grc' dir='ltr'>τῆς</span> <span class='ocrx_word' id='word_1_529' title='bbox 1375 4893 1610 4958; x_wconf 77' lang='grc' dir='ltr'>πίστεως</span> <span class='ocrx_word' id='word_1_530' title='bbox 1630 4899 1730 4965; x_wconf 83' lang='grc' dir='ltr'>τὴν</span> <span class='ocrx_word' id='word_1_531' title='bbox 1759 4897 1898 4951; x_wconf 82' lang='grc' dir='ltr'>ἀπό-</span> 
     </span>
    </p>
   </div>
   <div class='ocr_carea' id='block_1_70' title="bbox 313 4984 1898 5061">
    <p class='ocr_par' dir='ltr' id='par_1_70' title="bbox 313 4984 1898 5061">
     <span class='ocr_line' id='line_1_71' title="bbox 313 4984 1898 5061; baseline 0.003 -21"><span class='ocrx_word' id='word_1_532' title='bbox 313 4984 480 5052; x_wconf 80' lang='grc' dir='ltr'>δειξιν</span> <span class='ocrx_word' id='word_1_533' title='bbox 520 4987 578 5040; x_wconf 78' lang='grc' dir='ltr'>ἑν</span> <span class='ocrx_word' id='word_1_534' title='bbox 632 4987 744 5049; x_wconf 79' lang='grc' dir='ltr'>τοῖς</span> <span class='ocrx_word' id='word_1_535' title='bbox 796 4984 1118 5056; x_wconf 83' lang='grc' dir='ltr'>πράγμασιν</span> <span class='ocrx_word' id='word_1_536' title='bbox 1160 4984 1380 5057; x_wconf 70' lang='grc' dir='ltr'>ἔχομεν,</span> <span class='ocrx_word' id='word_1_537' title='bbox 1431 4987 1531 5059; x_wconf 77' lang='grc' dir='ltr'>τῆς</span> <span class='ocrx_word' id='word_1_538' title='bbox 1581 4990 1713 5061; x_wconf 78' lang='grc' dir='ltr'>περὶ</span> <span class='ocrx_word' id='word_1_539' title='bbox 1761 4989 1898 5044; x_wconf 87' lang='grc' dir='ltr'>Θεοῦ</span> 
     </span>
    </p>
   </div>
   <div class='ocr_carea' id='block_1_71' title="bbox 315 5077 1897 5153">
    <p class='ocr_par' dir='ltr' id='par_1_71' title="bbox 315 5077 1897 5153">
     <span class='ocr_line' id='line_1_72' title="bbox 315 5077 1897 5153; baseline 0.003 -20"><span class='ocrx_word' id='word_1_540' title='bbox 315 5079 681 5151; x_wconf 74' lang='grc' dir='ltr'>νομιζομένης</span> <span class='ocrx_word' id='word_1_541' title='bbox 721 5078 1008 5142; x_wconf 79' lang='grc' dir='ltr'>ἀσθενείας</span> <span class='ocrx_word' id='word_1_542' title='bbox 1053 5077 1152 5150; x_wconf 80' lang='grc' dir='ltr'>τὴν</span> <span class='ocrx_word' id='word_1_543' title='bbox 1185 5078 1455 5148; x_wconf 63' lang='grc' dir='ltr'>ὠφέλειαν</span> <span class='ocrx_word' id='word_1_544' title='bbox 1489 5081 1897 5153; x_wconf 69' lang='grc' dir='ltr'>καρπούμενοι*</span> 
     </span>
    </p>
   </div>
   <div class='ocr_carea' id='block_1_72' title="bbox 317 5171 1898 5246">
    <p class='ocr_par' dir='ltr' id='par_1_72' title="bbox 317 5171 1898 5246">
     <span class='ocr_line' id='line_1_73' title="bbox 317 5171 1898 5246; baseline 0.001 -19"><span class='ocrx_word' id='word_1_545' title='bbox 317 5175 413 5227; x_wconf 72' lang='grc' dir='ltr'>καὶ</span> <span class='ocrx_word' id='word_1_546' title='bbox 441 5173 549 5244; x_wconf 74' lang='grc' dir='ltr'>γὰρ</span> <span class='ocrx_word' id='word_1_547' title='bbox 574 5172 711 5241; x_wconf 72' lang='grc' dir='ltr'>αὐτη</span> <span class='ocrx_word' id='word_1_548' title='bbox 736 5173 836 5236; x_wconf 73' lang='grc' dir='ltr'>τὰς</span> <span class='ocrx_word' id='word_1_549' title='bbox 859 5171 1015 5241; x_wconf 76' lang='grc' dir='ltr'>ἡμῶν</span> <span class='ocrx_word' id='word_1_550' title='bbox 1039 5173 1458 5236; x_wconf 73' lang='grc' dir='ltr'>νόσους-ἰάσατο.</span> <span class='ocrx_word' id='word_1_551' title='bbox 1487 5175 1600 5229; x_wconf 70' lang='grc' dir='ltr'><strong>Καὶ</strong></span> <span class='ocrx_word' id='word_1_552' title='bbox 1621 5175 1681 5228; x_wconf 80' lang='grc' dir='ltr'>τὸ</span> <span class='ocrx_word' id='word_1_553' title='bbox 1713 5177 1898 5246; x_wconf 80' lang='grc' dir='ltr'>μωρὸν</span> 
     </span>
    </p>
   </div>
   <div class='ocr_carea' id='block_1_73' title="bbox 314 5263 1894 5338">
    <p class='ocr_par' dir='ltr' id='par_1_73' title="bbox 314 5263 1894 5338">
     <span class='ocr_line' id='line_1_74' title="bbox 314 5263 1894 5338; baseline 0.001 -21"><span class='ocrx_word' id='word_1_554' title='bbox 314 5263 669 5334; x_wconf 70' lang='grc' dir='ltr'>νομιζόμενον</span> <span class='ocrx_word' id='word_1_555' title='bbox 714 5263 806 5317; x_wconf 86' lang='grc' dir='ltr'><strong>τοῦ</strong></span> <span class='ocrx_word' id='word_1_556' title='bbox 861 5263 998 5318; x_wconf 74' lang='grc' dir='ltr'>Θεοῦ</span> <span class='ocrx_word' id='word_1_557' title='bbox 1048 5264 1298 5335; x_wconf 76' lang='grc' dir='ltr'>ἐνίκησεν</span> <span class='ocrx_word' id='word_1_558' title='bbox 1343 5265 1595 5334; x_wconf 78' lang='grc' dir='ltr'>εὐσεδείᾳ</span> <span class='ocrx_word' id='word_1_559' title='bbox 1651 5267 1750 5338; x_wconf 73' lang='grc' dir='ltr'>τὴν</span> <span class='ocrx_word' id='word_1_560' title='bbox 1798 5268 1894 5321; x_wconf 81' lang='grc' dir='ltr'><strong>τοῦ</strong></span> 
     </span>
    </p>
   </div>
   <div class='ocr_carea' id='block_1_74' title="bbox 315 5355 1892 5428">
    <p class='ocr_par' dir='ltr' id='par_1_74' title="bbox 315 5355 1892 5428">
     <span class='ocr_line' id='line_1_75' title="bbox 315 5355 1892 5428; baseline 0.003 -19"><span class='ocrx_word' id='word_1_561' title='bbox 315 5355 524 5426; x_wconf 79' lang='grc' dir='ltr'>κόσμου</span> <span class='ocrx_word' id='word_1_562' title='bbox 574 5357 784 5425; x_wconf 67' lang='grc' dir='ltr'>σοφίαν.</span> <span class='ocrx_word' id='word_1_563' title='bbox 837 5355 1046 5412; x_wconf 78' lang='grc' dir='ltr'>Οὐκοῦν</span> <span class='ocrx_word' id='word_1_564' title='bbox 1097 5356 1171 5428; x_wconf 78' lang='grc' dir='ltr'>μὴ</span> <span class='ocrx_word' id='word_1_565' title='bbox 1217 5359 1597 5426; x_wconf 79' lang='grc' dir='ltr'>καταγινωσκε</span> <span class='ocrx_word' id='word_1_566' title='bbox 1643 5359 1892 5423; x_wconf 77' lang='grc' dir='ltr'>πάθους,</span> 
     </span>
    </p>
   </div>
   <div class='ocr_carea' id='block_1_75' title="bbox 316 5446 1888 5522">
    <p class='ocr_par' dir='ltr' id='par_1_75' title="bbox 316 5446 1888 5522">
     <span class='ocr_line' id='line_1_76' title="bbox 316 5446 1888 5522; baseline 0.001 -21"><span class='ocrx_word' id='word_1_567' title='bbox 316 5447 452 5519; x_wconf 71' lang='grc' dir='ltr'>μηδὶ</span> <span class='ocrx_word' id='word_1_568' title='bbox 479 5446 730 5502; x_wconf 73' lang='grc' dir='ltr'>διάϐαλλε</span> <span class='ocrx_word' id='word_1_569' title='bbox 762 5448 823 5502; x_wconf 77' lang='grc' dir='ltr'><strong>τὸ</strong></span> <span class='ocrx_word' id='word_1_570' title='bbox 867 5453 1191 5520; x_wconf 79' lang='grc' dir='ltr'>φαινόμενον</span> <span class='ocrx_word' id='word_1_571' title='bbox 1231 5452 1347 5514; x_wconf 81' lang='grc' dir='ltr'>τοῖς</span> <span class='ocrx_word' id='word_1_572' title='bbox 1382 5452 1636 5516; x_wconf 80' lang='grc' dir='ltr'>ἀπίστοις</span> <span class='ocrx_word' id='word_1_573' title='bbox 1685 5452 1888 5522; x_wconf 59' lang='grc' dir='ltr'>μωρόνλ</span> 
     </span>
    </p>
   </div>
   <div class='ocr_carea' id='block_1_76' title="bbox 311 5523 1895 5615">
    <p class='ocr_par' dir='ltr' id='par_1_76' title="bbox 311 5523 1895 5615">
     <span class='ocr_line' id='line_1_77' title="bbox 311 5523 1895 5615; baseline 0.004 -27"><span class='ocrx_word' id='word_1_574' title='bbox 311 5537 468 5590; x_wconf 75' lang='grc' dir='ltr'>ταυτὶ</span> <span class='ocrx_word' id='word_1_575' title='bbox 496 5536 606 5606; x_wconf 72' lang='grc' dir='ltr'><strong>γὰρ</strong></span> <span class='ocrx_word' id='word_1_576' title='bbox 646 5540 713 5590; x_wconf 76' lang='grc' dir='ltr'><strong>τα</strong></span> <span class='ocrx_word' id='word_1_577' title='bbox 763 5523 864 5592; x_wconf 67' lang='grc' dir='ltr'><strong>ὖπδ</strong></span> <span class='ocrx_word' id='word_1_578' title='bbox 907 5539 1015 5591; x_wconf 79' lang='grc' dir='ltr'>τῶν</span> <span class='ocrx_word' id='word_1_579' title='bbox 1048 5539 1292 5593; x_wconf 82' lang='grc' dir='ltr'>ἀπίστων</span> <span class='ocrx_word' id='word_1_580' title='bbox 1324 5540 1594 5611; x_wconf 82' lang='grc' dir='ltr'>λεγόμενα</span> <span class='ocrx_word' id='word_1_581' title='bbox 1624 5543 1724 5615; x_wconf 77' lang='grc' dir='ltr'>τὴν</span> <span class='ocrx_word' id='word_1_582' title='bbox 1749 5544 1895 5597; x_wconf 64' lang='grc' dir='ltr'>οίαοι</span> 
     </span>
    </p>
   </div>
   <div class='ocr_carea' id='block_1_77' title="bbox 385 5799 2129 5874">
    <p class='ocr_par' dir='ltr' id='par_1_77' title="bbox 385 5799 2129 5874">
     <span class='ocr_line' id='line_1_78' title="bbox 385 5799 2129 5874; baseline 0.004 -13"><span class='ocrx_word' id='word_1_583' title='bbox 385 5799 426 5839; x_wconf 58' lang='grc' dir='ltr'><strong>δ’</strong></span> <span class='ocrx_word' id='word_1_584' title='bbox 458 5803 613 5863; x_wconf 71' lang='lat' dir='ltr'><strong>Rom;</strong></span> <span class='ocrx_word' id='word_1_585' title='bbox 650 5810 699 5873; x_wconf 77' lang='lat' dir='ltr'><strong>i,</strong></span> <span class='ocrx_word' id='word_1_586' title='bbox 734 5810 817 5865; x_wconf 67' lang='lat'><strong>46.</strong></span> <span class='ocrx_word' id='word_1_587' title='bbox 860 5810 902 5841; x_wconf 81' lang='lat'>&quot;</span> <span class='ocrx_word' id='word_1_588' title='bbox 933 5803 951 5865; x_wconf 89' lang='grc' dir='ltr'><strong>Ι</strong></span> <span class='ocrx_word' id='word_1_589' title='bbox 980 5810 1105 5865; x_wconf 87' lang='lat' dir='ltr'><strong>Cor.</strong></span> <span class='ocrx_word' id='word_1_590' title='bbox 1147 5827 1186 5874; x_wconf 79' lang='grc' dir='ltr'><strong>ι,</strong></span> <span class='ocrx_word' id='word_1_591' title='bbox 1210 5811 1299 5867; x_wconf 73' lang='grc'><strong>23.</strong></span> <span class='ocrx_word' id='word_1_592' title='bbox 1380 5815 1422 5849; x_wconf 75' lang='grc'><strong><em>³⁵</em></strong></span> <span class='ocrx_word' id='word_1_593' title='bbox 1453 5813 1588 5869; x_wconf 75' lang='lat' dir='ltr'><strong>ibid;</strong></span> <span class='ocrx_word' id='word_1_594' title='bbox 1615 5815 1704 5870; x_wconf 69' lang='grc' dir='ltr'>ει.</span> <span class='ocrx_word' id='word_1_595' title='bbox 1779 5814 1821 5848; x_wconf 74' lang='grc'><strong>⁸⁵</strong></span> <span class='ocrx_word' id='word_1_596' title='bbox 1849 5811 1988 5869; x_wconf 80' lang='lat' dir='ltr'><strong>ibid.</strong></span> <span class='ocrx_word' id='word_1_597' title='bbox 2030 5813 2129 5870; x_wconf 67' lang='lat'><strong>25.</strong></span> 
     </span>
    </p>
   </div>
   <div class='ocr_carea' id='block_1_78' title="bbox 675 6031 1431 6094">
    <p class='ocr_par' dir='ltr' id='par_1_78' title="bbox 675 6031 1431 6094">
     <span class='ocr_line' id='line_1_79' title="bbox 675 6031 1431 6094; baseline 0.004 -3"><span class='ocrx_word' id='word_1_598' title='bbox 675 6032 946 6092; x_wconf 73' lang='grc' dir='ltr'>Ριτιιοι.</span> <span class='ocrx_word' id='word_1_599' title='bbox 985 6031 1104 6092; x_wconf 75' lang='lat' dir='ltr'><strong>Gs.</strong></span> <span class='ocrx_word' id='word_1_600' title='bbox 1146 6031 1431 6094; x_wconf 71' lang='lat' dir='ltr'><strong>LXXVII</strong></span> 
     </span>
    </p>
   </div>
   <div class='ocr_carea' id='block_1_79' title="bbox 1999 2308 3590 2380">
    <p class='ocr_par' dir='ltr' id='par_1_79' title="bbox 1999 2308 3590 2380">
     <span class='ocr_line' id='line_1_80' title="bbox 1999 2308 3590 2380; baseline 0.001 -15"><span class='ocrx_word' id='word_1_601' title='bbox 1999 2310 2175 2367; x_wconf 85' lang='lat' dir='ltr'><strong>risum</strong></span> <span class='ocrx_word' id='word_1_602' title='bbox 2221 2309 2436 2380; x_wconf 85' lang='lat' dir='ltr'><strong>largum</strong></span> <span class='ocrx_word' id='word_1_603' title='bbox 2485 2308 2781 2372; x_wconf 73' lang='lat' dir='ltr'><strong>extollunt,</strong></span> <span class='ocrx_word' id='word_1_604' title='bbox 2817 2316 3079 2380; x_wconf 84' lang='lat' dir='ltr'><strong>putantes</strong></span> <span class='ocrx_word' id='word_1_605' title='bbox 3119 2308 3382 2364; x_wconf 79' lang='lat' dir='ltr'><strong>deitatem</strong></span> <span class='ocrx_word' id='word_1_606' title='bbox 3414 2310 3590 2380; x_wconf 83' lang='lat' dir='ltr'><strong>passi-</strong></span> 
     </span>
    </p>
   </div>
   <div class='ocr_carea' id='block_1_80' title="bbox 1999 2402 2944 2462">
    <p class='ocr_par' dir='ltr' id='par_1_80' title="bbox 1999 2402 2944 2462">
     <span class='ocr_line' id='line_1_81' title="bbox 1999 2402 2944 2462; baseline -0.005 -1"><span class='ocrx_word' id='word_1_607' title='bbox 1999 2406 2170 2462; x_wconf 82' lang='lat' dir='ltr'><strong>bilem</strong></span> <span class='ocrx_word' id='word_1_608' title='bbox 2208 2402 2568 2461; x_wconf 85' lang='lat' dir='ltr'><strong>credentibus</strong></span> <span class='ocrx_word' id='word_1_609' title='bbox 2603 2403 2944 2458; x_wconf 70' lang='lat' dir='ltr'><strong>annuntiari.</strong></span> 
     </span>
    </p>
   </div>
   <div class='ocr_carea' id='block_1_81' title="bbox 2071 2488 3588 2590">
    <p class='ocr_par' dir='ltr' id='par_1_81' title="bbox 2071 2488 3588 2590">
     <span class='ocr_line' id='line_1_82' title="bbox 2071 2488 3588 2590; baseline 0.001 -38"><span class='ocrx_word' id='word_1_610' title='bbox 2071 2497 2160 2552; x_wconf 78' lang='grc' dir='ltr'><strong>νι.</strong></span> <span class='ocrx_word' id='word_1_611' title='bbox 2211 2495 2484 2573; x_wconf 81' lang='lat' dir='ltr'><strong>Quocirca</strong></span> <span class='ocrx_word' id='word_1_612' title='bbox 2524 2495 2638 2550; x_wconf 91' lang='lat' dir='ltr'><strong>noli</strong></span> <span class='ocrx_word' id='word_1_613' title='bbox 2686 2488 2860 2550; x_wconf 90' lang='lat' dir='ltr'><strong>Deum</strong></span> <span class='ocrx_word' id='word_1_614' title='bbox 2912 2497 3195 2550; x_wconf 90' lang='lat' dir='ltr'><strong>inﬁrmum</strong></span> <span class='ocrx_word' id='word_1_615' title='bbox 3231 2495 3588 2590; x_wconf 45' lang='lat' dir='ltr'><strong>‘existimare,</strong></span> 
     </span>
    </p>
   </div>
   <div class='ocr_carea' id='block_1_82' title="bbox 1996 2585 3592 2661">
    <p class='ocr_par' dir='ltr' id='par_1_82' title="bbox 1996 2585 3592 2661">
     <span class='ocr_line' id='line_1_83' title="bbox 1996 2585 3592 2661; baseline -0.001 -16"><span class='ocrx_word' id='word_1_616' title='bbox 1996 2588 2352 2661; x_wconf 87' lang='lat' dir='ltr'><strong>passionibus</strong></span> <span class='ocrx_word' id='word_1_617' title='bbox 2384 2587 2631 2642; x_wconf 63' lang='lat' dir='ltr'><strong>animum</strong></span> <span class='ocrx_word' id='word_1_618' title='bbox 2669 2585 3001 2642; x_wconf 83' lang='lat' dir='ltr'><strong>intendens:</strong></span> <span class='ocrx_word' id='word_1_619' title='bbox 3037 2585 3135 2641; x_wconf 89' lang='lat' dir='ltr'><strong>sed</strong></span> <span class='ocrx_word' id='word_1_620' title='bbox 3175 2585 3439 2657; x_wconf 76' lang='lat' dir='ltr'><strong>potentia:</strong></span> <span class='ocrx_word' id='word_1_621' title='bbox 3468 2589 3592 2660; x_wconf 87' lang='lat' dir='ltr'><strong>ejus</strong></span> 
     </span>
    </p>
   </div>
   <div class='ocr_carea' id='block_1_83' title="bbox 1998 2677 3593 2752">
    <p class='ocr_par' dir='ltr' id='par_1_83' title="bbox 1998 2677 3593 2752">
     <span class='ocr_line' id='line_1_84' title="bbox 1998 2677 3593 2752; baseline -0.001 -15"><span class='ocrx_word' id='word_1_622' title='bbox 1998 2681 2436 2752; x_wconf 85' lang='lat' dir='ltr'><strong>magnitudinem</strong></span> <span class='ocrx_word' id='word_1_623' title='bbox 2483 2680 2700 2751; x_wconf 87' lang='lat' dir='ltr'><strong>cogita,</strong></span> <span class='ocrx_word' id='word_1_624' title='bbox 2744 2679 2838 2750; x_wconf 85' lang='lat' dir='ltr'><strong>qui</strong></span> <span class='ocrx_word' id='word_1_625' title='bbox 2883 2695 2985 2748; x_wconf 92' lang='lat' dir='ltr'><strong>per</strong></span> <span class='ocrx_word' id='word_1_626' title='bbox 3046 2677 3469 2745; x_wconf 80' lang='lat' dir='ltr'><strong>inﬁrmitatem,</strong></span> <span class='ocrx_word' id='word_1_627' title='bbox 3530 2691 3593 2735; x_wconf 91' lang='lat' dir='ltr'><strong>ut</strong></span> 
     </span>
    </p>
   </div>
   <div class='ocr_carea' id='block_1_84' title="bbox 1995 2767 3591 2839">
    <p class='ocr_par' dir='ltr' id='par_1_84' title="bbox 1995 2767 3591 2839">
     <span class='ocr_line' id='line_1_85' title="bbox 1995 2767 3591 2839; baseline -0.002 -9"><span class='ocrx_word' id='word_1_628' title='bbox 1995 2773 2359 2838; x_wconf 85' lang='lat' dir='ltr'><strong>credebatur,</strong></span> <span class='ocrx_word' id='word_1_629' title='bbox 2412 2781 2660 2828; x_wconf 86' lang='lat' dir='ltr'><strong>nostram</strong></span> <span class='ocrx_word' id='word_1_630' title='bbox 2713 2767 3089 2827; x_wconf 86' lang='lat' dir='ltr'><strong>inﬁrmitatem</strong></span> <span class='ocrx_word' id='word_1_631' title='bbox 3143 2771 3331 2827; x_wconf 83' lang='lat' dir='ltr'><strong>solvit.</strong></span> <span class='ocrx_word' id='word_1_632' title='bbox 3380 2791 3398 2823; x_wconf 75' lang='grc' dir='ltr'><strong>ι</strong></span> <span class='ocrx_word' id='word_1_633' title='bbox 3431 2771 3591 2839; x_wconf 86' lang='lat' dir='ltr'><strong>Quod</strong></span> 
     </span>
    </p>
   </div>
   <div class='ocr_carea' id='block_1_85' title="bbox 1995 2860 3584 2928">
    <p class='ocr_par' dir='ltr' id='par_1_85' title="bbox 1995 2860 3584 2928">
     <span class='ocr_line' id='line_1_86' title="bbox 1995 2860 3584 2928; baseline -0.005 -7"><span class='ocrx_word' id='word_1_634' title='bbox 1995 2866 2145 2922; x_wconf 91' lang='lat' dir='ltr'><strong>enim</strong></span> <span class='ocrx_word' id='word_1_635' title='bbox 2199 2864 2481 2920; x_wconf 81' lang='lat' dir='ltr'><strong>inﬁrmum</strong></span> <span class='ocrx_word' id='word_1_636' title='bbox 2533 2873 2620 2919; x_wconf 85' lang='lat' dir='ltr'><strong>est</strong></span> <span class='ocrx_word' id='word_1_637' title='bbox 2661 2860 2781 2927; x_wconf 87' lang='lat' dir='ltr'><strong>Dei,</strong></span> <span class='ocrx_word' id='word_1_638' title='bbox 2825 2862 3026 2918; x_wconf 82' lang='lat' dir='ltr'><strong>fortius</strong></span> <span class='ocrx_word' id='word_1_639' title='bbox 3061 2863 3149 2918; x_wconf 89' lang='lat' dir='ltr'><strong>est</strong></span> <span class='ocrx_word' id='word_1_640' title='bbox 3189 2861 3534 2928; x_wconf 88' lang='lat' dir='ltr'><strong>hominibus,</strong></span> <span class='ocrx_word' id='word_1_641' title='bbox 3566 2883 3584 2913; x_wconf 79' lang='grc' dir='ltr'><strong>ι</strong></span> 
     </span>
    </p>
   </div>
   <div class='ocr_carea' id='block_1_86' title="bbox 1999 2952 3592 3026">
    <p class='ocr_par' dir='ltr' id='par_1_86' title="bbox 1999 2952 3592 3026">
     <span class='ocr_line' id='line_1_87' title="bbox 1999 2952 3592 3026; baseline -0.001 -16"><span class='ocrx_word' id='word_1_642' title='bbox 1999 2956 2179 3026; x_wconf 90' lang='lat' dir='ltr'><strong>inquit</strong></span> <span class='ocrx_word' id='word_1_643' title='bbox 2214 2954 2416 3010; x_wconf 85' lang='lat' dir='ltr'><strong>Paulus</strong></span> <span class='ocrx_word' id='word_1_644' title='bbox 2441 2954 2505 3008; x_wconf 74' lang='grc' dir='ltr'>η.</span> <span class='ocrx_word' id='word_1_645' title='bbox 2561 2953 2770 3025; x_wconf 86' lang='lat' dir='ltr'><strong>Ecquid</strong></span> <span class='ocrx_word' id='word_1_646' title='bbox 2822 2957 2954 3024; x_wconf 79' lang='lat' dir='ltr'><strong>ergo</strong></span> <span class='ocrx_word' id='word_1_647' title='bbox 3007 2952 3288 3012; x_wconf 89' lang='lat' dir='ltr'><strong>inﬁrmum</strong></span> <span class='ocrx_word' id='word_1_648' title='bbox 3333 2960 3421 3008; x_wconf 90' lang='lat' dir='ltr'><strong>est</strong></span> <span class='ocrx_word' id='word_1_649' title='bbox 3469 2953 3592 3018; x_wconf 83' lang='lat' dir='ltr'><strong>Dei,</strong></span> 
     </span>
    </p>
   </div>
   <div class='ocr_carea' id='block_1_87' title="bbox 1997 3040 3597 3114">
    <p class='ocr_par' dir='ltr' id='par_1_87' title="bbox 1997 3040 3597 3114">
     <span class='ocr_line' id='line_1_88' title="bbox 1997 3040 3597 3114; baseline -0.001 -14"><span class='ocrx_word' id='word_1_650' title='bbox 1997 3045 2105 3100; x_wconf 82' lang='lat' dir='ltr'><strong>nisi</strong></span> <span class='ocrx_word' id='word_1_651' title='bbox 2143 3046 2270 3114; x_wconf 88' lang='lat' dir='ltr'><strong>quis</strong></span> <span class='ocrx_word' id='word_1_652' title='bbox 2302 3058 2479 3100; x_wconf 90' lang='lat' dir='ltr'><strong>meam</strong></span> <span class='ocrx_word' id='word_1_653' title='bbox 2514 3040 2893 3098; x_wconf 57' lang='lat' dir='ltr'><strong>inﬁrmitatem</strong></span> <span class='ocrx_word' id='word_1_654' title='bbox 2924 3042 3073 3099; x_wconf 92' lang='lat' dir='ltr'><strong>illius</strong></span> <span class='ocrx_word' id='word_1_655' title='bbox 3105 3042 3308 3099; x_wconf 78' lang='lat' dir='ltr'><strong>factam</strong></span> <span class='ocrx_word' id='word_1_656' title='bbox 3340 3056 3597 3099; x_wconf 79' lang='lat' dir='ltr'><strong>esse-co-</strong></span> 
     </span>
    </p>
   </div>
   <div class='ocr_carea' id='block_1_88' title="bbox 1999 3131 3594 3209">
    <p class='ocr_par' dir='ltr' id='par_1_88' title="bbox 1999 3131 3594 3209">
     <span class='ocr_line' id='line_1_89' title="bbox 1999 3131 3594 3209; baseline -0.002 -19"><span class='ocrx_word' id='word_1_657' title='bbox 1999 3137 2137 3209; x_wconf 78' lang='lat' dir='ltr'><strong>gitet</strong></span> <span class='ocrx_word' id='word_1_658' title='bbox 2163 3137 2186 3190; x_wconf 85' lang='lat'><strong>?</strong></span> <span class='ocrx_word' id='word_1_659' title='bbox 2214 3134 2506 3202; x_wconf 82' lang='lat' dir='ltr'><strong>Quomodo</strong></span> <span class='ocrx_word' id='word_1_660' title='bbox 2541 3135 2691 3189; x_wconf 91' lang='lat' dir='ltr'><strong>enim</strong></span> <span class='ocrx_word' id='word_1_661' title='bbox 2722 3131 2977 3189; x_wconf 90' lang='lat' dir='ltr'><strong>inﬁrmus</strong></span> <span class='ocrx_word' id='word_1_662' title='bbox 2998 3141 3083 3190; x_wconf 88' lang='lat' dir='ltr'><strong>est</strong></span> <span class='ocrx_word' id='word_1_663' title='bbox 3109 3132 3376 3189; x_wconf 60' lang='lat' dir='ltr'><strong>calorum</strong></span> <span class='ocrx_word' id='word_1_664' title='bbox 3400 3132 3594 3189; x_wconf 84' lang='lat' dir='ltr'><strong>condi-</strong></span> 
     </span>
    </p>
   </div>
   <div class='ocr_carea' id='block_1_89' title="bbox 2002 3224 3597 3298">
    <p class='ocr_par' dir='ltr' id='par_1_89' title="bbox 2002 3224 3597 3298">
     <span class='ocr_line' id='line_1_90' title="bbox 2002 3224 3597 3298; baseline -0.001 -16"><span class='ocrx_word' id='word_1_665' title='bbox 2002 3228 2132 3284; x_wconf 87' lang='lat' dir='ltr'><strong>tor?</strong></span> <span class='ocrx_word' id='word_1_666' title='bbox 2162 3234 2283 3298; x_wconf 69' lang='lat' dir='ltr'><strong>qua:</strong></span> <span class='ocrx_word' id='word_1_667' title='bbox 2315 3225 2609 3282; x_wconf 82' lang='lat' dir='ltr'><strong>inﬁrmitas</strong></span> <span class='ocrx_word' id='word_1_668' title='bbox 2637 3226 2780 3296; x_wconf 82' lang='lat' dir='ltr'><strong>ejus,</strong></span> <span class='ocrx_word' id='word_1_669' title='bbox 2804 3224 2901 3296; x_wconf 90' lang='lat' dir='ltr'><strong>qui</strong></span> <span class='ocrx_word' id='word_1_670' title='bbox 2938 3225 3124 3280; x_wconf 85' lang='lat' dir='ltr'><strong>omnia</strong></span> <span class='ocrx_word' id='word_1_671' title='bbox 3146 3225 3318 3282; x_wconf 82' lang='lat' dir='ltr'><strong>verbo</strong></span> <span class='ocrx_word' id='word_1_672' title='bbox 3348 3225 3597 3283; x_wconf 71' lang='lat' dir='ltr'><strong>creavit?</strong></span> 
     </span>
    </p>
   </div>
   <div class='ocr_carea' id='block_1_90' title="bbox 2004 3305 3594 3396">
    <p class='ocr_par' dir='ltr' id='par_1_90' title="bbox 2004 3305 3594 3396">
     <span class='ocr_line' id='line_1_91' title="bbox 2004 3305 3594 3396; baseline -0.001 -21"><span class='ocrx_word' id='word_1_673' title='bbox 2004 3320 2139 3396; x_wconf 81' lang='lat' dir='ltr'><strong>quid</strong></span> <span class='ocrx_word' id='word_1_674' title='bbox 2188 3305 2470 3375; x_wconf 86' lang='lat' dir='ltr'><strong>inﬁrmum</strong></span> <span class='ocrx_word' id='word_1_675' title='bbox 2513 3317 2634 3382; x_wconf 91' lang='lat' dir='ltr'><strong>Dei,</strong></span> <span class='ocrx_word' id='word_1_676' title='bbox 2682 3316 2777 3387; x_wconf 90' lang='lat' dir='ltr'><strong>qui</strong></span> <span class='ocrx_word' id='word_1_677' title='bbox 2826 3323 2974 3372; x_wconf 85' lang='lat' dir='ltr'><strong>terra</strong></span> <span class='ocrx_word' id='word_1_678' title='bbox 3018 3305 3314 3388; x_wconf 81' lang='lat' dir='ltr'><strong>incognitis</strong></span> <span class='ocrx_word' id='word_1_679' title='bbox 3338 3317 3594 3374; x_wconf 85' lang='lat' dir='ltr'><strong>terminis</strong></span> 
     </span>
    </p>
   </div>
   <div class='ocr_carea' id='block_1_91' title="bbox 2001 3409 3595 3482">
    <p class='ocr_par' dir='ltr' id='par_1_91' title="bbox 2001 3409 3595 3482">
     <span class='ocr_line' id='line_1_92' title="bbox 2001 3409 3595 3482; baseline -0.001 -14"><span class='ocrx_word' id='word_1_680' title='bbox 2001 3410 2368 3468; x_wconf 78' lang='lat' dir='ltr'><strong>constrinxit?</strong></span> <span class='ocrx_word' id='word_1_681' title='bbox 2396 3409 2505 3466; x_wconf 87' lang='lat' dir='ltr'><strong>Sed</strong></span> <span class='ocrx_word' id='word_1_682' title='bbox 2533 3409 2664 3480; x_wconf 85' lang='lat' dir='ltr'><strong>quia</strong></span> <span class='ocrx_word' id='word_1_683' title='bbox 2701 3425 2881 3466; x_wconf 86' lang='lat' dir='ltr'><strong>meam</strong></span> <span class='ocrx_word' id='word_1_684' title='bbox 2917 3409 3297 3465; x_wconf 78' lang='lat' dir='ltr'><strong>inﬁrmitatem</strong></span> <span class='ocrx_word' id='word_1_685' title='bbox 3330 3409 3437 3465; x_wconf 91' lang='lat' dir='ltr'><strong>sibi</strong></span> <span class='ocrx_word' id='word_1_686' title='bbox 3465 3425 3595 3482; x_wconf 90' lang='lat' dir='ltr'><strong>pro-</strong></span> 
     </span>
    </p>
   </div>
   <div class='ocr_carea' id='block_1_92' title="bbox 2003 3499 3596 3575">
    <p class='ocr_par' dir='ltr' id='par_1_92' title="bbox 2003 3499 3596 3575">
     <span class='ocr_line' id='line_1_93' title="bbox 2003 3499 3596 3575; baseline 0.001 -17"><span class='ocrx_word' id='word_1_687' title='bbox 2003 3505 2180 3575; x_wconf 80' lang='lat' dir='ltr'><strong>priam</strong></span> <span class='ocrx_word' id='word_1_688' title='bbox 2219 3501 2372 3568; x_wconf 82' lang='lat' dir='ltr'><strong>fecit,</strong></span> <span class='ocrx_word' id='word_1_689' title='bbox 2407 3503 2503 3574; x_wconf 90' lang='lat' dir='ltr'><strong>qui</strong></span> <span class='ocrx_word' id='word_1_690' title='bbox 2536 3511 2759 3558; x_wconf 89' lang='lat' dir='ltr'><strong>nostras</strong></span> <span class='ocrx_word' id='word_1_691' title='bbox 2784 3499 3137 3568; x_wconf 87' lang='lat' dir='ltr'><strong>inﬁrmitates</strong></span> <span class='ocrx_word' id='word_1_692' title='bbox 3165 3501 3468 3560; x_wconf 80' lang='lat' dir='ltr'><strong>dissolvere</strong></span> <span class='ocrx_word' id='word_1_693' title='bbox 3495 3519 3596 3560; x_wconf 83' lang='lat' dir='ltr'><strong>vo-</strong></span> 
     </span>
    </p>
   </div>
   <div class='ocr_carea' id='block_1_93' title="bbox 2002 3582 3593 3666">
    <p class='ocr_par' dir='ltr' id='par_1_93' title="bbox 2002 3582 3593 3666">
     <span class='ocr_line' id='line_1_94' title="bbox 2002 3582 3593 3666; baseline 0 -14"><span class='ocrx_word' id='word_1_694' title='bbox 2002 3597 2109 3652; x_wconf 91' lang='lat' dir='ltr'><strong>luit</strong></span> <span class='ocrx_word' id='word_1_695' title='bbox 2135 3616 2150 3658; x_wconf 84' lang='lat'><strong>;</strong></span> <span class='ocrx_word' id='word_1_696' title='bbox 2178 3596 2325 3660; x_wconf 91' lang='lat' dir='ltr'><strong>ideo,</strong></span> <span class='ocrx_word' id='word_1_697' title='bbox 2351 3595 2532 3666; x_wconf 90' lang='lat' dir='ltr'><strong>inquit</strong></span> <span class='ocrx_word' id='word_1_698' title='bbox 2578 3582 2802 3659; x_wconf 74' lang='lat' dir='ltr'><strong>Paulus,</strong></span> <span class='ocrx_word' id='word_1_699' title='bbox 2835 3612 2854 3645; x_wconf 80' lang='grc' dir='ltr'>ι</span> <span class='ocrx_word' id='word_1_700' title='bbox 2885 3593 3034 3664; x_wconf 87' lang='lat' dir='ltr'><strong>quod</strong></span> <span class='ocrx_word' id='word_1_701' title='bbox 3056 3591 3338 3649; x_wconf 87' lang='lat' dir='ltr'><strong>inﬁrmum</strong></span> <span class='ocrx_word' id='word_1_702' title='bbox 3364 3602 3451 3650; x_wconf 89' lang='lat' dir='ltr'><strong>est</strong></span> <span class='ocrx_word' id='word_1_703' title='bbox 3471 3593 3593 3660; x_wconf 86' lang='lat' dir='ltr'><strong>Del.</strong></span> 
     </span>
    </p>
   </div>
   <div class='ocr_carea' id='block_1_94' title="bbox 2002 3684 3598 3755">
    <p class='ocr_par' dir='ltr' id='par_1_94' title="bbox 2002 3684 3598 3755">
     <span class='ocr_line' id='line_1_95' title="bbox 2002 3684 3598 3755; baseline -0.001 -11"><span class='ocrx_word' id='word_1_704' title='bbox 2002 3686 2200 3746; x_wconf 82' lang='lat' dir='ltr'><strong>fortius</strong></span> <span class='ocrx_word' id='word_1_705' title='bbox 2222 3695 2306 3745; x_wconf 89' lang='lat' dir='ltr'><strong>est</strong></span> <span class='ocrx_word' id='word_1_706' title='bbox 2325 3687 2662 3745; x_wconf 88' lang='lat' dir='ltr'><strong>hominibus.</strong></span> <span class='ocrx_word' id='word_1_707' title='bbox 2694 3706 2712 3737; x_wconf 78' lang='grc' dir='ltr'><strong>ι</strong></span> <span class='ocrx_word' id='word_1_708' title='bbox 2744 3685 3013 3753; x_wconf 79' lang='lat' dir='ltr'><strong>Quaniam</strong></span> <span class='ocrx_word' id='word_1_709' title='bbox 3033 3702 3186 3751; x_wconf 87' lang='lat' dir='ltr'><strong>vero,</strong></span> <span class='ocrx_word' id='word_1_710' title='bbox 3225 3705 3245 3738; x_wconf 76' lang='grc' dir='ltr'><strong>ι</strong></span> <span class='ocrx_word' id='word_1_711' title='bbox 3279 3684 3437 3755; x_wconf 92' lang='lat' dir='ltr'><strong>Quod</strong></span> <span class='ocrx_word' id='word_1_712' title='bbox 3461 3687 3598 3744; x_wconf 83' lang='lat' dir='ltr'><strong>stul-</strong></span> 
     </span>
    </p>
   </div>
   <div class='ocr_carea' id='block_1_95' title="bbox 2003 3767 3595 3852">
    <p class='ocr_par' dir='ltr' id='par_1_95' title="bbox 2003 3767 3595 3852">
     <span class='ocr_line' id='line_1_96' title="bbox 2003 3767 3595 3852; baseline -0.002 -13"><span class='ocrx_word' id='word_1_713' title='bbox 2003 3794 2123 3839; x_wconf 84' lang='lat' dir='ltr'><strong>tum</strong></span> <span class='ocrx_word' id='word_1_714' title='bbox 2157 3790 2243 3838; x_wconf 90' lang='lat' dir='ltr'><strong>est</strong></span> <span class='ocrx_word' id='word_1_715' title='bbox 2273 3767 2392 3846; x_wconf 90' lang='lat' dir='ltr'><strong>Dei,</strong></span> <span class='ocrx_word' id='word_1_716' title='bbox 2417 3781 2723 3852; x_wconf 81' lang='lat' dir='ltr'><strong>sapientius</strong></span> <span class='ocrx_word' id='word_1_717' title='bbox 2749 3779 3195 3836; x_wconf 83' lang='lat' dir='ltr'><strong>est-hominibus</strong></span> <span class='ocrx_word' id='word_1_718' title='bbox 3217 3772 3282 3846; x_wconf 82' lang='grc'><strong>¹⁶,</strong></span> <span class='ocrx_word' id='word_1_719' title='bbox 3311 3798 3332 3833; x_wconf 72' lang='grc' dir='ltr'><strong>ι</strong></span> <span class='ocrx_word' id='word_1_720' title='bbox 3367 3787 3428 3836; x_wconf 81' lang='grc' dir='ltr'>ιιι</span> <span class='ocrx_word' id='word_1_721' title='bbox 3447 3779 3595 3838; x_wconf 86' lang='lat' dir='ltr'><strong>idem</strong></span> 
     </span>
    </p>
   </div>
   <div class='ocr_carea' id='block_1_96' title="bbox 2005 3864 3593 3943">
    <p class='ocr_par' dir='ltr' id='par_1_96' title="bbox 2005 3864 3593 3943">
     <span class='ocr_line' id='line_1_97' title="bbox 2005 3864 3593 3943; baseline -0.004 -12"><span class='ocrx_word' id='word_1_722' title='bbox 2005 3864 2210 3931; x_wconf 70' lang='lat' dir='ltr'><strong>Paulus</strong></span> <span class='ocrx_word' id='word_1_723' title='bbox 2258 3874 2337 3928; x_wconf 83' lang='lat' dir='ltr'><strong>ait</strong></span> <span class='ocrx_word' id='word_1_724' title='bbox 2380 3875 2394 3926; x_wconf 69' lang='grc' dir='ltr'>ὲ</span> <span class='ocrx_word' id='word_1_725' title='bbox 2442 3870 2703 3943; x_wconf 85' lang='lat' dir='ltr'><strong>quidnam</strong></span> <span class='ocrx_word' id='word_1_726' title='bbox 2748 3865 2980 3925; x_wconf 82' lang='lat' dir='ltr'><strong>stultum</strong></span> <span class='ocrx_word' id='word_1_727' title='bbox 3016 3869 3114 3926; x_wconf 85' lang='lat' dir='ltr'><strong>Dei</strong></span> <span class='ocrx_word' id='word_1_728' title='bbox 3153 3870 3454 3936; x_wconf 85' lang='lat' dir='ltr'><strong>vocaverit,</strong></span> <span class='ocrx_word' id='word_1_729' title='bbox 3484 3869 3593 3926; x_wconf 89' lang='lat' dir='ltr'><strong>nisi</strong></span> 
     </span>
    </p>
   </div>
   <div class='ocr_carea' id='block_1_97' title="bbox 2005 3961 3597 4036">
    <p class='ocr_par' dir='ltr' id='par_1_97' title="bbox 2005 3961 3597 4036">
     <span class='ocr_line' id='line_1_98' title="bbox 2005 3961 3597 4036; baseline -0.002 -15"><span class='ocrx_word' id='word_1_730' title='bbox 2005 3961 2145 4021; x_wconf 84' lang='lat' dir='ltr'><strong>illud</strong></span> <span class='ocrx_word' id='word_1_731' title='bbox 2187 3963 2336 4036; x_wconf 90' lang='lat' dir='ltr'><strong>quod</strong></span> <span class='ocrx_word' id='word_1_732' title='bbox 2367 3978 2471 4020; x_wconf 90' lang='lat' dir='ltr'><strong>nos</strong></span> <span class='ocrx_word' id='word_1_733' title='bbox 2500 3963 2570 4019; x_wconf 89' lang='lat' dir='ltr'><strong>de</strong></span> <span class='ocrx_word' id='word_1_734' title='bbox 2613 3963 2730 4019; x_wconf 86' lang='lat' dir='ltr'><strong>Deo</strong></span> <span class='ocrx_word' id='word_1_735' title='bbox 2756 3961 3016 4027; x_wconf 72' lang='lat' dir='ltr'><strong>dicimus,</strong></span> <span class='ocrx_word' id='word_1_736' title='bbox 3047 3969 3246 4018; x_wconf 84' lang='lat' dir='ltr'><strong>natura</strong></span> <span class='ocrx_word' id='word_1_737' title='bbox 3281 3961 3597 4034; x_wconf 86' lang='lat' dir='ltr'><strong>impassibi-</strong></span> 
     </span>
    </p>
   </div>
   <div class='ocr_carea' id='block_1_98' title="bbox 2004 4053 3592 4132">
    <p class='ocr_par' dir='ltr' id='par_1_98' title="bbox 2004 4053 3592 4132">
     <span class='ocr_line' id='line_1_99' title="bbox 2004 4053 3592 4132; baseline -0.004 -15"><span class='ocrx_word' id='word_1_738' title='bbox 2004 4062 2112 4117; x_wconf 91' lang='lat' dir='ltr'><strong>lem</strong></span> <span class='ocrx_word' id='word_1_739' title='bbox 2145 4059 2334 4115; x_wconf 87' lang='lat' dir='ltr'><strong>subire</strong></span> <span class='ocrx_word' id='word_1_740' title='bbox 2358 4057 2688 4130; x_wconf 85' lang='lat' dir='ltr'><strong>passiones?</strong></span> <span class='ocrx_word' id='word_1_741' title='bbox 2724 4055 2875 4128; x_wconf 88' lang='lat' dir='ltr'><strong>quod</strong></span> <span class='ocrx_word' id='word_1_742' title='bbox 2907 4055 3132 4126; x_wconf 87' lang='lat' dir='ltr'><strong>quidem</strong></span> <span class='ocrx_word' id='word_1_743' title='bbox 3158 4053 3333 4112; x_wconf 64' lang='lat' dir='ltr'><strong>Graeci</strong></span> <span class='ocrx_word' id='word_1_744' title='bbox 3360 4056 3592 4132; x_wconf 84' lang='lat' dir='ltr'><strong>stultum</strong></span> 
     </span>
    </p>
   </div>
   <div class='ocr_carea' id='block_1_99' title="bbox 2000 4145 3595 4223">
    <p class='ocr_par' dir='ltr' id='par_1_99' title="bbox 2000 4145 3595 4223">
     <span class='ocr_line' id='line_1_100' title="bbox 2000 4145 3595 4223; baseline -0.001 -17"><span class='ocrx_word' id='word_1_745' title='bbox 2000 4148 2272 4223; x_wconf 75' lang='lat' dir='ltr'><strong>iudicant,</strong></span> <span class='ocrx_word' id='word_1_746' title='bbox 2316 4149 2451 4204; x_wconf 90' lang='lat' dir='ltr'><strong>dum</strong></span> <span class='ocrx_word' id='word_1_747' title='bbox 2491 4146 2656 4202; x_wconf 90' lang='lat' dir='ltr'><strong>ﬁdem</strong></span> <span class='ocrx_word' id='word_1_748' title='bbox 2697 4145 2866 4204; x_wconf 89' lang='lat' dir='ltr'><strong>rebus</strong></span> <span class='ocrx_word' id='word_1_749' title='bbox 2898 4145 3163 4202; x_wconf 87' lang='lat' dir='ltr'><strong>adhibere</strong></span> <span class='ocrx_word' id='word_1_750' title='bbox 3199 4147 3396 4214; x_wconf 82' lang='lat' dir='ltr'><strong>nescii,</strong></span> <span class='ocrx_word' id='word_1_751' title='bbox 3422 4147 3595 4205; x_wconf 86' lang='lat' dir='ltr'><strong>animi</strong></span> 
     </span>
    </p>
   </div>
   <div class='ocr_carea' id='block_1_100' title="bbox 2005 4240 3595 4316">
    <p class='ocr_par' dir='ltr' id='par_1_100' title="bbox 2005 4240 3595 4316">
     <span class='ocr_line' id='line_1_101' title="bbox 2005 4240 3595 4316; baseline -0.001 -16"><span class='ocrx_word' id='word_1_752' title='bbox 2005 4243 2437 4316; x_wconf 81' lang='lat' dir='ltr'><strong>cogitationibus</strong></span> <span class='ocrx_word' id='word_1_753' title='bbox 2506 4243 2692 4298; x_wconf 89' lang='lat' dir='ltr'><strong>omnia</strong></span> <span class='ocrx_word' id='word_1_754' title='bbox 2748 4240 3025 4298; x_wconf 86' lang='lat' dir='ltr'><strong>curiosius</strong></span> <span class='ocrx_word' id='word_1_755' title='bbox 3073 4242 3427 4314; x_wconf 79' lang='lat' dir='ltr'><strong>investigant.</strong></span> <span class='ocrx_word' id='word_1_756' title='bbox 3479 4242 3595 4300; x_wconf 82' lang='lat' dir='ltr'><strong>Nos</strong></span> 
     </span>
    </p>
   </div>
   <div class='ocr_carea' id='block_1_101' title="bbox 2004 4327 3595 4395">
    <p class='ocr_par' dir='ltr' id='par_1_101' title="bbox 2004 4327 3595 4395">
     <span class='ocr_line' id='line_1_102' title="bbox 2004 4327 3595 4395; baseline -0.001 0"><span class='ocrx_word' id='word_1_757' title='bbox 2004 4343 2192 4395; x_wconf 78' lang='lat' dir='ltr'><strong>autem</strong></span> <span class='ocrx_word' id='word_1_758' title='bbox 2213 4338 2357 4393; x_wconf 88' lang='lat' dir='ltr'><strong>hanc</strong></span> <span class='ocrx_word' id='word_1_759' title='bbox 2387 4327 2486 4392; x_wconf 87' lang='lat' dir='ltr'><strong>Dei</strong></span> <span class='ocrx_word' id='word_1_760' title='bbox 2514 4335 2780 4392; x_wconf 81' lang='lat' dir='ltr'><strong>virtutem</strong></span> <span class='ocrx_word' id='word_1_761' title='bbox 2809 4341 2867 4390; x_wconf 92' lang='lat' dir='ltr'><strong>et</strong></span> <span class='ocrx_word' id='word_1_762' title='bbox 2888 4335 3273 4391; x_wconf 68' lang='lat' dir='ltr'><strong>escellentiam</strong></span> <span class='ocrx_word' id='word_1_763' title='bbox 3299 4351 3420 4392; x_wconf 88' lang='lat' dir='ltr'><strong>esse</strong></span> <span class='ocrx_word' id='word_1_764' title='bbox 3450 4334 3595 4394; x_wconf 77' lang='lat' dir='ltr'><strong>amr-</strong></span> 
     </span>
    </p>
   </div>
   <div class='ocr_carea' id='block_1_102' title="bbox 2006 4427 3594 4500">
    <p class='ocr_par' dir='ltr' id='par_1_102' title="bbox 2006 4427 3594 4500">
     <span class='ocr_line' id='line_1_103' title="bbox 2006 4427 3594 4500; baseline -0.001 -13"><span class='ocrx_word' id='word_1_765' title='bbox 2006 4441 2241 4488; x_wconf 72' lang='lat' dir='ltr'><strong>m‘amus.</strong></span> <span class='ocrx_word' id='word_1_766' title='bbox 2279 4429 2388 4487; x_wconf 89' lang='lat' dir='ltr'><strong>Sed</strong></span> <span class='ocrx_word' id='word_1_767' title='bbox 2423 4427 2582 4493; x_wconf 85' lang='lat' dir='ltr'><strong>illud,</strong></span> <span class='ocrx_word' id='word_1_768' title='bbox 2625 4427 2827 4500; x_wconf 86' lang='lat' dir='ltr'><strong>inquit,</strong></span> <span class='ocrx_word' id='word_1_769' title='bbox 2869 4429 3017 4499; x_wconf 68' lang='lat' dir='ltr'><strong>Quod</strong></span> <span class='ocrx_word' id='word_1_770' title='bbox 3049 4429 3279 4484; x_wconf 88' lang='lat' dir='ltr'><strong>stultum</strong></span> <span class='ocrx_word' id='word_1_771' title='bbox 3308 4429 3533 4500; x_wconf 89' lang='lat' dir='ltr'><strong>quidem</strong></span> <span class='ocrx_word' id='word_1_772' title='bbox 3562 4446 3594 4486; x_wconf 86' lang='lat' dir='ltr'><strong>a</strong></span> 
     </span>
    </p>
   </div>
   <div class='ocr_carea' id='block_1_103' title="bbox 2007 4518 3592 4593">
    <p class='ocr_par' dir='ltr' id='par_1_103' title="bbox 2007 4518 3592 4593">
     <span class='ocr_line' id='line_1_104' title="bbox 2007 4518 3592 4593; baseline -0.003 -14"><span class='ocrx_word' id='word_1_773' title='bbox 2007 4521 2213 4579; x_wconf 68' lang='lat' dir='ltr'><strong>Graecis</strong></span> <span class='ocrx_word' id='word_1_774' title='bbox 2231 4520 2535 4593; x_wconf 87' lang='lat' dir='ltr'><strong>judicatur,</strong></span> <span class='ocrx_word' id='word_1_775' title='bbox 2572 4535 2601 4575; x_wconf 79' lang='grc' dir='ltr'><strong>ο</strong></span> <span class='ocrx_word' id='word_1_776' title='bbox 2625 4519 2789 4575; x_wconf 89' lang='lat' dir='ltr'><strong>nobis</strong></span> <span class='ocrx_word' id='word_1_777' title='bbox 2816 4525 3004 4574; x_wconf 86' lang='lat' dir='ltr'><strong>autem</strong></span> <span class='ocrx_word' id='word_1_778' title='bbox 3032 4518 3304 4590; x_wconf 90' lang='lat' dir='ltr'><strong>sapientia</strong></span> <span class='ocrx_word' id='word_1_779' title='bbox 3326 4518 3592 4582; x_wconf 86' lang='lat' dir='ltr'><strong>creditur.</strong></span> 
     </span>
    </p>
   </div>
   <div class='ocr_carea' id='block_1_104' title="bbox 2009 4610 3594 4686">
    <p class='ocr_par' dir='ltr' id='par_1_104' title="bbox 2009 4610 3594 4686">
     <span class='ocr_line' id='line_1_105' title="bbox 2009 4610 3594 4686; baseline -0.001 -16"><span class='ocrx_word' id='word_1_780' title='bbox 2009 4613 2315 4686; x_wconf 76' lang='lat' dir='ltr'><strong>sapientius</strong></span> <span class='ocrx_word' id='word_1_781' title='bbox 2345 4611 2665 4667; x_wconf 85' lang='lat' dir='ltr'><strong>hominibus</strong></span> <span class='ocrx_word' id='word_1_782' title='bbox 2704 4610 2908 4667; x_wconf 83' lang='lat' dir='ltr'><strong>factum</strong></span> <span class='ocrx_word' id='word_1_783' title='bbox 2957 4620 3063 4667; x_wconf 80' lang='lat' dir='ltr'><strong>est.</strong></span> <span class='ocrx_word' id='word_1_784' title='bbox 3104 4611 3397 4682; x_wconf 78' lang='lat' dir='ltr'><strong>Peccatum</strong></span> <span class='ocrx_word' id='word_1_785' title='bbox 3443 4611 3594 4668; x_wconf 86' lang='lat' dir='ltr'><strong>enim</strong></span> 
     </span>
    </p>
   </div>
   <div class='ocr_carea' id='block_1_105' title="bbox 2009 4698 3593 4781">
    <p class='ocr_par' dir='ltr' id='par_1_105' title="bbox 2009 4698 3593 4781">
     <span class='ocr_line' id='line_1_106' title="bbox 2009 4698 3593 4781; baseline -0.003 -17"><span class='ocrx_word' id='word_1_786' title='bbox 2009 4709 2158 4781; x_wconf 90' lang='lat' dir='ltr'><strong>quod</strong></span> <span class='ocrx_word' id='word_1_787' title='bbox 2210 4706 2402 4763; x_wconf 89' lang='lat' dir='ltr'><strong>mundi</strong></span> <span class='ocrx_word' id='word_1_788' title='bbox 2448 4705 2720 4777; x_wconf 83' lang='lat' dir='ltr'><strong>sapientia</strong></span> <span class='ocrx_word' id='word_1_789' title='bbox 2757 4720 2870 4760; x_wconf 91' lang='lat' dir='ltr'><strong>non</strong></span> <span class='ocrx_word' id='word_1_790' title='bbox 2904 4703 3174 4770; x_wconf 89' lang='lat' dir='ltr'><strong>dissolvit,</strong></span> <span class='ocrx_word' id='word_1_791' title='bbox 3205 4698 3437 4776; x_wconf 90' lang='lat' dir='ltr'><strong>dispulit</strong></span> <span class='ocrx_word' id='word_1_792' title='bbox 3458 4703 3593 4760; x_wconf 88' lang='lat' dir='ltr'><strong>illud</strong></span> 
     </span>
    </p>
   </div>
   <div class='ocr_carea' id='block_1_106' title="bbox 2007 4795 3594 4872">
    <p class='ocr_par' dir='ltr' id='par_1_106' title="bbox 2007 4795 3594 4872">
     <span class='ocr_line' id='line_1_107' title="bbox 2007 4795 3594 4872; baseline -0.003 -15"><span class='ocrx_word' id='word_1_793' title='bbox 2007 4800 2154 4872; x_wconf 91' lang='lat' dir='ltr'><strong>quod</strong></span> <span class='ocrx_word' id='word_1_794' title='bbox 2195 4801 2423 4856; x_wconf 90' lang='lat' dir='ltr'><strong>stultum</strong></span> <span class='ocrx_word' id='word_1_795' title='bbox 2456 4795 2554 4855; x_wconf 91' lang='lat' dir='ltr'><strong>Dei</strong></span> <span class='ocrx_word' id='word_1_796' title='bbox 2585 4796 2916 4854; x_wconf 86' lang='lat' dir='ltr'><strong>credebatur</strong></span> <span class='ocrx_word' id='word_1_797' title='bbox 2949 4805 2962 4853; x_wconf 68' lang='grc' dir='ltr'><strong>ξ</strong></span> <span class='ocrx_word' id='word_1_798' title='bbox 2991 4797 3137 4868; x_wconf 91' lang='lat' dir='ltr'><strong>quod</strong></span> <span class='ocrx_word' id='word_1_799' title='bbox 3180 4797 3342 4854; x_wconf 90' lang='lat' dir='ltr'><strong>nobis</strong></span> <span class='ocrx_word' id='word_1_800' title='bbox 3367 4796 3594 4870; x_wconf 87' lang='lat' dir='ltr'><strong>quidem</strong></span> 
     </span>
    </p>
   </div>
   <div class='ocr_carea' id='block_1_107' title="bbox 2009 4891 3597 4966">
    <p class='ocr_par' dir='ltr' id='par_1_107' title="bbox 2009 4891 3597 4966">
     <span class='ocr_line' id='line_1_108' title="bbox 2009 4891 3597 4966; baseline -0.003 -17"><span class='ocrx_word' id='word_1_801' title='bbox 2009 4893 2115 4949; x_wconf 91' lang='lat' dir='ltr'><strong>ﬁde</strong></span> <span class='ocrx_word' id='word_1_802' title='bbox 2149 4893 2401 4966; x_wconf 89' lang='lat' dir='ltr'><strong>dignum,</strong></span> <span class='ocrx_word' id='word_1_803' title='bbox 2445 4892 2652 4949; x_wconf 70' lang='lat' dir='ltr'><strong>Gnecis</strong></span> <span class='ocrx_word' id='word_1_804' title='bbox 2690 4898 2876 4948; x_wconf 90' lang='lat' dir='ltr'><strong>autem</strong></span> <span class='ocrx_word' id='word_1_805' title='bbox 2907 4901 3071 4963; x_wconf 87' lang='lat' dir='ltr'><strong>atque</strong></span> <span class='ocrx_word' id='word_1_806' title='bbox 3111 4891 3429 4947; x_wconf 85' lang='lat' dir='ltr'><strong>inﬁdelibus</strong></span> <span class='ocrx_word' id='word_1_807' title='bbox 3459 4892 3597 4946; x_wconf 84' lang='lat' dir='ltr'><strong>stul-</strong></span> 
     </span>
    </p>
   </div>
   <div class='ocr_carea' id='block_1_108' title="bbox 2006 4981 3597 5041">
    <p class='ocr_par' dir='ltr' id='par_1_108' title="bbox 2006 4981 3597 5041">
     <span class='ocr_line' id='line_1_109' title="bbox 2006 4981 3597 5041; baseline -0.002 -1"><span class='ocrx_word' id='word_1_808' title='bbox 2006 4985 2129 5041; x_wconf 91' lang='lat' dir='ltr'><strong>titia</strong></span> <span class='ocrx_word' id='word_1_809' title='bbox 2147 4994 2427 5040; x_wconf 84' lang='lat' dir='ltr'><strong>censetur.</strong></span> <span class='ocrx_word' id='word_1_810' title='bbox 2452 4983 2522 5040; x_wconf 80' lang='lat' dir='ltr'><strong>At</strong></span> <span class='ocrx_word' id='word_1_811' title='bbox 2542 4999 2644 5039; x_wconf 90' lang='lat' dir='ltr'><strong>nos</strong></span> <span class='ocrx_word' id='word_1_812' title='bbox 2659 4983 2788 5040; x_wconf 87' lang='lat' dir='ltr'><strong>ﬁdei</strong></span> <span class='ocrx_word' id='word_1_813' title='bbox 2805 4983 3334 5039; x_wconf 87' lang='lat' dir='ltr'><strong>demonstrationem</strong></span> <span class='ocrx_word' id='word_1_814' title='bbox 3351 4981 3408 5038; x_wconf 88' lang='lat' dir='ltr'><strong>in</strong></span> <span class='ocrx_word' id='word_1_815' title='bbox 3427 4982 3597 5039; x_wconf 66' lang='lat' dir='ltr'><strong>rebus</strong></span> 
     </span>
    </p>
   </div>
   <div class='ocr_carea' id='block_1_109' title="bbox 2006 5075 3594 5149">
    <p class='ocr_par' dir='ltr' id='par_1_109' title="bbox 2006 5075 3594 5149">
     <span class='ocr_line' id='line_1_110' title="bbox 2006 5075 3594 5149; baseline 0.001 -17"><span class='ocrx_word' id='word_1_816' title='bbox 2006 5077 2143 5149; x_wconf 89' lang='lat' dir='ltr'><strong>ipsis</strong></span> <span class='ocrx_word' id='word_1_817' title='bbox 2187 5077 2478 5140; x_wconf 83' lang='lat' dir='ltr'><strong>habemus,</strong></span> <span class='ocrx_word' id='word_1_818' title='bbox 2514 5093 2608 5149; x_wconf 78' lang='lat' dir='ltr'><strong>qui</strong></span> <span class='ocrx_word' id='word_1_819' title='bbox 2639 5075 2978 5132; x_wconf 86' lang='lat' dir='ltr'><strong>inﬁrmitatis</strong></span> <span class='ocrx_word' id='word_1_820' title='bbox 3003 5075 3153 5132; x_wconf 91' lang='lat' dir='ltr'><strong>illius</strong></span> <span class='ocrx_word' id='word_1_821' title='bbox 3189 5091 3313 5147; x_wconf 69' lang='lat' dir='ltr'><strong>qua:</strong></span> <span class='ocrx_word' id='word_1_822' title='bbox 3347 5076 3445 5132; x_wconf 90' lang='lat' dir='ltr'><strong>Dei</strong></span> <span class='ocrx_word' id='word_1_823' title='bbox 3465 5091 3594 5134; x_wconf 82' lang='lat' dir='ltr'><strong>esse</strong></span> 
     </span>
    </p>
   </div>
   <div class='ocr_carea' id='block_1_110' title="bbox 2005 5159 3596 5239">
    <p class='ocr_par' dir='ltr' id='par_1_110' title="bbox 2005 5159 3596 5239">
     <span class='ocr_line' id='line_1_111' title="bbox 2005 5159 3596 5239; baseline 0 -13"><span class='ocrx_word' id='word_1_824' title='bbox 2005 5171 2388 5236; x_wconf 75' lang='lat' dir='ltr'><strong>existimatur,</strong></span> <span class='ocrx_word' id='word_1_825' title='bbox 2448 5185 2610 5226; x_wconf 90' lang='lat' dir='ltr'><strong>usum</strong></span> <span class='ocrx_word' id='word_1_826' title='bbox 2669 5168 3023 5239; x_wconf 80' lang='lat' dir='ltr'><strong>fructumque</strong></span> <span class='ocrx_word' id='word_1_827' title='bbox 3058 5159 3454 5239; x_wconf 86' lang='lat' dir='ltr'><strong>percepimus:</strong></span> <span class='ocrx_word' id='word_1_828' title='bbox 3501 5169 3596 5227; x_wconf 83' lang='lat' dir='ltr'><strong>illa</strong></span> 
     </span>
    </p>
   </div>
   <div class='ocr_carea' id='block_1_111' title="bbox 2006 5259 3592 5335">
    <p class='ocr_par' dir='ltr' id='par_1_111' title="bbox 2006 5259 3592 5335">
     <span class='ocr_line' id='line_1_112' title="bbox 2006 5259 3592 5335; baseline -0.001 -17"><span class='ocrx_word' id='word_1_829' title='bbox 2006 5263 2153 5319; x_wconf 77' lang='lat' dir='ltr'><strong>enim</strong></span> <span class='ocrx_word' id='word_1_830' title='bbox 2187 5264 2481 5335; x_wconf 83' lang='lat' dir='ltr'><strong>languores</strong></span> <span class='ocrx_word' id='word_1_831' title='bbox 2524 5270 2744 5318; x_wconf 88' lang='lat' dir='ltr'><strong>nostros</strong></span> <span class='ocrx_word' id='word_1_832' title='bbox 2786 5259 3030 5320; x_wconf 86' lang='lat' dir='ltr'><strong>sanavit:</strong></span> <span class='ocrx_word' id='word_1_833' title='bbox 3077 5268 3135 5315; x_wconf 91' lang='lat' dir='ltr'><strong>et</strong></span> <span class='ocrx_word' id='word_1_834' title='bbox 3167 5259 3316 5330; x_wconf 91' lang='lat' dir='ltr'><strong>quod</strong></span> <span class='ocrx_word' id='word_1_835' title='bbox 3357 5259 3592 5317; x_wconf 87' lang='lat' dir='ltr'><strong>stultum</strong></span> 
     </span>
    </p>
   </div>
   <div class='ocr_carea' id='block_1_112' title="bbox 2004 5350 3586 5425">
    <p class='ocr_par' dir='ltr' id='par_1_112' title="bbox 2004 5350 3586 5425">
     <span class='ocr_line' id='line_1_113' title="bbox 2004 5350 3586 5425; baseline -0.003 -14"><span class='ocrx_word' id='word_1_836' title='bbox 2004 5356 2336 5412; x_wconf 80' lang='lat' dir='ltr'><strong>censebatur</strong></span> <span class='ocrx_word' id='word_1_837' title='bbox 2393 5355 2525 5419; x_wconf 87' lang='lat' dir='ltr'><strong>Dei,</strong></span> <span class='ocrx_word' id='word_1_838' title='bbox 2575 5355 2780 5425; x_wconf 84' lang='lat' dir='ltr'><strong>pietate</strong></span> <span class='ocrx_word' id='word_1_839' title='bbox 2823 5351 3012 5407; x_wconf 87' lang='lat' dir='ltr'><strong>mundi</strong></span> <span class='ocrx_word' id='word_1_840' title='bbox 3058 5350 3386 5421; x_wconf 85' lang='lat' dir='ltr'><strong>sapientiam</strong></span> <span class='ocrx_word' id='word_1_841' title='bbox 3430 5351 3586 5408; x_wconf 87' lang='lat' dir='ltr'><strong>vicit.</strong></span> 
     </span>
    </p>
   </div>
   <div class='ocr_carea' id='block_1_113' title="bbox 2005 5438 3590 5518">
    <p class='ocr_par' dir='ltr' id='par_1_113' title="bbox 2005 5438 3590 5518">
     <span class='ocr_line' id='line_1_114' title="bbox 2005 5438 3590 5518; baseline -0.005 -16"><span class='ocrx_word' id='word_1_842' title='bbox 2005 5447 2360 5518; x_wconf 79' lang='lat' dir='ltr'><strong>Nequaquam</strong></span> <span class='ocrx_word' id='word_1_843' title='bbox 2383 5458 2517 5516; x_wconf 90' lang='lat' dir='ltr'><strong>ergo</strong></span> <span class='ocrx_word' id='word_1_844' title='bbox 2538 5443 2826 5515; x_wconf 89' lang='lat' dir='ltr'><strong>passiones</strong></span> <span class='ocrx_word' id='word_1_845' title='bbox 2856 5442 3040 5515; x_wconf 86' lang='lat' dir='ltr'><strong>rejice,</strong></span> <span class='ocrx_word' id='word_1_846' title='bbox 3070 5455 3176 5496; x_wconf 89' lang='lat' dir='ltr'><strong>nec</strong></span> <span class='ocrx_word' id='word_1_847' title='bbox 3206 5439 3355 5512; x_wconf 88' lang='lat' dir='ltr'><strong>quod</strong></span> <span class='ocrx_word' id='word_1_848' title='bbox 3393 5438 3590 5495; x_wconf 84' lang='lat' dir='ltr'><strong>inﬁde-</strong></span> 
     </span>
    </p>
   </div>
   <div class='ocr_carea' id='block_1_114' title="bbox 2003 5531 3596 5604">
    <p class='ocr_par' dir='ltr' id='par_1_114' title="bbox 2003 5531 3596 5604">
     <span class='ocr_line' id='line_1_115' title="bbox 2003 5531 3596 5604; baseline -0.005 -10"><span class='ocrx_word' id='word_1_849' title='bbox 2003 5539 2150 5594; x_wconf 88' lang='lat' dir='ltr'><strong>libus</strong></span> <span class='ocrx_word' id='word_1_850' title='bbox 2171 5539 2399 5593; x_wconf 89' lang='lat' dir='ltr'><strong>stultum</strong></span> <span class='ocrx_word' id='word_1_851' title='bbox 2417 5536 2658 5601; x_wconf 88' lang='lat' dir='ltr'><strong>videtur,</strong></span> <span class='ocrx_word' id='word_1_852' title='bbox 2684 5537 2907 5592; x_wconf 89' lang='lat' dir='ltr'><strong>incusa:</strong></span> <span class='ocrx_word' id='word_1_853' title='bbox 2934 5535 3036 5592; x_wconf 86' lang='lat' dir='ltr'><strong>ista</strong></span> <span class='ocrx_word' id='word_1_854' title='bbox 3069 5533 3220 5590; x_wconf 88' lang='lat' dir='ltr'><strong>enim</strong></span> <span class='ocrx_word' id='word_1_855' title='bbox 3245 5547 3368 5604; x_wconf 74' lang='lat' dir='ltr'><strong>quat</strong></span> <span class='ocrx_word' id='word_1_856' title='bbox 3390 5533 3462 5589; x_wconf 82' lang='lat' dir='ltr'><strong>ab</strong></span> <span class='ocrx_word' id='word_1_857' title='bbox 3498 5531 3596 5587; x_wconf 66' lang='lat' dir='ltr'><strong>ina</strong></span> 
     </span>
    </p>
   </div>
   <div class='ocr_carea' id='block_1_115' title="bbox 2207 5811 2418 5867">
    <p class='ocr_par' dir='ltr' id='par_1_115' title="bbox 2207 5811 2418 5867">
     <span class='ocr_line' id='line_1_116' title="bbox 2207 5811 2418 5867; baseline 0 -1"><span class='ocrx_word' id='word_1_858' title='bbox 2207 5814 2251 5845; x_wconf 83' lang='grc'><strong>¹⁶</strong></span> <span class='ocrx_word' id='word_1_859' title='bbox 2281 5811 2418 5867; x_wconf 72' lang='lat' dir='ltr'><strong>ibid:</strong></span> 
     </span>
    </p>
   </div>
  </div>
