4098 6344
620 417 758 476 i321

1727 403 2077 464 THEODOTI
2111 403 2426 462 ΕΙ)ιεῦοΠ
2462 407 2815 464 ANCﬁtAnt

3777 412 3890 467 lSit

613 547 649 587 a
677 533 860 593 Patre,
911 534 1040 582 .Icet
1070 525 1220 580 nulla
1243 537 1483 594 unquam
1529 519 1762 590 quaestio
1784 518 1852 573 de
1888 517 2002 572 Deo
2027 514 2185 580 Patre

2294 515 2564 583 ιξέθεντο,
2599 519 2707 573 άπὸ
2736 519 2833 572 τοῦ
2891 519 3104 589 Πατρὸς
3159 523 3258 592 τὴν
3288 521 3461 592 ἀρχὴν
3499 522 3888 594 ποιησάμενοι-

616 615 804 674 fuerit.
834 616 1070 683 Quinam
1100 630 1231 686 ergo
1264 610 1626 684 expositionis
1677 608 2010 680 principium
2049 605 2196 661 iece—

617 716 751 764 runt
779 725 810 762 a
850 709 1034 773 Patre,
1067 721 1190 763 cum
1217 705 1366 759 nulla
1394 702 1463 758 de
1491 718 1560 759 eo
1584 711 1730 758 esset
1752 699 2026 771 quaestio?
2055 713 2198 768 quo-

617 803 767 858 niam
795 800 1029 871 sapienti
1054 809 1112 856 et
1136 813 1334 869 magno
1350 795 1588 867 quodam
1619 795 1854 850 consilio
1881 792 2196 848 munimen-

619 903 737 948 tum
770 892 898 950 ﬁdei
930 901 1132 946 nostra:
1157 889 1448 960 parabant,
1474 888 1652 958 primo
1693 887 1815 941 loco
1843 883 2200 940 nominabant

620 984 858 1039 Patrem.
901 981 1008 1037 Sed
1047 995 1445 1052 cognoscemus
1486 980 1729 1050 ipsorum
1771 976 2120 1047 sapientiam,
2152 975 2199 1027 si

618 1077 790 1132 verba
831 1089 1028 1130 eorum
1060 1082 1318 1128 accurate
1349 1071 1719 1128 athndamus.
1759 1089 1777 1120 ι
1801 1069 2092 1124 Credimus
2142 1066 2198 1120 in

619 1183 790 1224 unum
819 1168 991 1222 Deum
1029 1166 1248 1220 Patrem
1279 1164 1737 1234 omnipotentem,
1772 1161 2037 1215 factorem
2063 1157 2200 1213 visi-

616 1258 811 1314 bilium
841 1256 1090 1312 omnium
1113 1267 1170 1311 et
1189 1254 1569 1310 invisibilium.
1598 1272 1618 1306 ι
1648 1252 1854 1322 Ecquis
1880 1265 2074 1305 eorum
2103 1249 2197 1318 qui

615 1357 764 1402 necte
803 1346 1045 1416 sapiunt,
1081 1354 1246 1414 atque
1281 1343 1566 1398 intellectu
1597 1340 1901 1396 secundum
1941 1347 2197 1394 naturam

613 1446 869 1500 utuntur,
908 1436 1012 1490 hoc
1047 1434 1298 1506 ignorat?
1319 1432 1590 1489 Omnibus
1615 1431 1839 1502 quidem
1883 1431 1986 1484 hoc
2020 1430 2197 1482 mani-

611 1529 813 1584 festum
832 1537 946 1586 est:
987 1528 1084 1584 sed
1115 1529 1309 1584 Patres
1342 1527 1651 1582 orationem
1688 1541 1842 1580 suam
1892 1525 1997 1578 hoc
2034 1520 2198 1577 modo

609 1622 928 1686 ordiuntur,
952 1637 1064 1676 non
1091 1630 1152 1675 ut
1185 1636 1302 1675 rem
1335 1619 1595 1675 omnibus
1633 1627 1819 1673 notam
1849 1617 2034 1672 dicant
2062 1635 2076 1669 ε
2100 1615 2197 1671 sed

611 1715 743 1784 quia
787 1713 952 1769 sicuti
1004 1728 1176 1768 unum
1207 1713 1446 1776 Patrem,
1481 1713 1556 1766 ita
1598 1722 1654 1766 et
1696 1725 1866 1765 unum
1904 1709 2197 1763 Dominum

609 1803 799 1860 Iesum
817 1803 1102 1860 Christum
1141 1811 1432 1866 noverant,
1469 1800 1816 1872 praemittunt
1858 1799 2000 1854 Filio
2023 1814 2194 1854 unum

2302 609 2398 661 καὶ
2428 609 2528 679 μὲν
2555 609 2810 663 οὐδέποτε
2843 611 3069 680 ζήτησις
3086 611 3304 678 ἐγένετο
3337 615 3463 681 περὶ
3489 611 3590 666 τοῦ
3625 612 3772 667 Θεοῦ
3810 617 3886 668 κε’

2302 700 2538 771 Πατρός.
2563 701 2688 764 Πῶς
2711 697 2804 755 οὖν
2831 702 2938 754 ἀπὸ
2964 701 3061 755 τοῦ
3097 702 3312 772 Πατρὸς
3337 703 3435 773 τὴν
3469 706 3654 775 ἀρχὴν
3675 705 3778 775 τῆς
3809 709 3889 760 ικ-

2303 789 2507 854 θέσεως
2545 793 2892 862 πεποίηνται,
2932 791 3211 862 ζητήσεως
3251 792 3510 862 οὐδεμιᾶς
3543 793 3720 867 οὔσης
3774 798 3890 867 περὶ

2299 880 2505 946 αὐτοῦ;
2531 882 2666 935 ἀλλὰ
2680 899 2732 934 τι
2762 882 2926 950 σοφὸν
2940 882 3034 936 καὶ
3056 881 3200 951 μέγα
3224 881 3360 952 πρὸς
3398 884 3715 953 ἀσφάλειαν
3741 886 3891 956 ήμιῖῆ

2300 970 2400 1039 τῆς
2434 970 2674 1036 πίστεως
2709 971 3232 1039 κατασκευάζοντες,
3271 973 3491 1044 πρῶτον
3522 971 3689 1031 εἷπον
3721 977 3889 1032 Πατέ-

2302 1079 2394 1133 ρα.
2443 1063 2724 1133 Εἰσόμεθα
2765 1063 2821 1118 δὲ
2872 1064 2971 1134 τὴν
3023 1063 3217 1132 σοφίαν
3266 1063 3468 1129 αὐτῶν,
3521 1069 3893 1140 προσέχοντες

2299 1153 2481 1207 αὐτῶν
2506 1154 2646 1224 μετὰ
2675 1153 2963 1225 ἀκριϐείας
2997 1157 3108 1218 τοῖς
3141 1155 3370 1226 ῥήμασι.
3395 1177 3413 1207 ι
3438 1157 3793 1231 Πιστεύομεν
3821 1164 3894 1223 εις

2300 1247 2396 1300 ινα
2430 1245 2564 1300 Θεὸν
2593 1247 2817 1317 Πατέρα
2861 1249 3302 1319 παντοκράτορα,
3331 1248 3553 1302 πάντων
3594 1251 3818 1320 ὁρατῶν
3838 1269 3892 1305 τε

2300 1337 2396 1389 καὶ
2433 1335 2683 1405 ἀοράτων
2723 1338 2979 1407 ποιητήν.
3015 1356 3034 1387 ›
3069 1338 3164 1402 Τίς
3193 1339 3301 1409 γὰρ
3345 1341 3531 1408 ἁγνοεί
3569 1341 3743 1394 τοῦτο
3791 1342 3906 1394 τῶν

2298 1423 2357 1482 εὖ
2399 1426 2761 1496 φρονούντων,
2810 1428 2905 1479 καὶ
2940 1428 3084 1480 κατά
3127 1428 3286 1496 φύσιν
3317 1434 3433 1493 ταῖς
3476 1431 3722 1495 ιννοίαις
3749 1449 3895 1503 χρω-

2302 1517 2510 1587 μένωνς
2547 1517 2756 1568 ’Ἅπασι
2799 1516 2900 1586 μὸν
2936 1517 3100 1570 τοῦτο
3136 1519 3295 1588 δῆλόν
3337 1522 3508 1573 ἐστιν·
3550 1521 3678 1574 ἀλλ’
3723 1521 3896 1585 οὕτως

2297 1610 2347 1662 οί
2377 1608 2621 1678 Πατόρες
2671 1609 2933 1679 ἄρχονται
2985 1611 3083 1664 τοῦ
3132 1611 3314 1681 λόγου,
3363 1613 3461 1683 οὐχ
3512 1614 3604 1666 ἵνα
3649 1615 3716 1668 τὸ
3762 1616 3892 1667 πᾶσι

2299 1700 2578 1772 γνώριμον
2612 1699 2863 1753 εἴπωσιν·
2894 1701 3012 1756 ἀλλ’
3047 1703 3234 1773 ἐπειδὴ
3278 1704 3354 1767 ὡς
3392 1705 3489 1758 ἕνα
3525 1705 3778 1773 Πατέρα,
3808 1704 3894 1758 οὗ-

2299 1807 2407 1854 τως
2436 1791 2532 1844 καὶ
2560 1790 2655 1844 ἕνα
2682 1790 2907 1862 ᾔδεισαν
2937 1792 3144 1862 Κύριον
3186 1793 3391 1863 Ἰησοῦν
3425 1796 3697 1864 Χριστὸν,
3759 1813 3890 1866 προ-

609 1895 866 1951 Patrem:
916 1902 979 1949 ut
1023 1861 1488 1963 quemadmodum
1528 1890 1598 1946 de
1642 1890 1804 1946 Patre
1847 1889 2185 1955 intellexisti,

2297 1884 2550 1937 τάττουσι
2569 1882 2664 1936 τοῦ
2691 1861 2837 1937 νΥίοῦ
2869 1883 2961 1936 τὸν
2990 1884 3087 1937 ἕνα
3119 1861 3358 1954 Πατέρα,
3376 1887 3443 1939 ἵν’
3466 1861 3666 1960 ὥσπερ
3691 1889 3786 1941 ἐπὶ

616 2007 635 2038 ε
677 2001 848 2042 unum
894 1986 1067 2041 Deum
1098 1986 1555 2054 omnipotentem,
1587 2002 1606 2034 ι
1641 1983 1716 2037 ita
1745 1983 1912 2037 etiam
1953 1982 2023 2036 de
2062 1981 2189 2036 uni-

608 2079 793 2149 genito
821 2078 962 2132 Filio
1009 2093 1182 2132 unum
1227 2077 1627 2146 intelligamus:
1670 2091 1773 2130 nec
1801 2073 1911 2129 duo
1938 2073 2042 2129 sub
2065 2073 2188 2128 Filii

606 2169 974 2241 appellatione
1018 2167 1318 2239 signiﬁcari
1367 2176 1643 2237 putemus.
1688 2164 1860 2221 Sicuti
1904 2165 2052 2220 enim
2098 2165 2187 2218 di-

605 2269 794 2318 centes
833 2276 1006 2316 unum
1050 2261 1290 2324 Patrem,
1327 2273 1679 2329 nequaquam
1706 2257 1985 2327 duplicem
2027 2257 2093 2312 de
2118 2272 2188 2312 eo

604 2353 995 2425 cogitationem
1025 2351 1307 2416 indicant;
1339 2351 1420 2406 sic
1445 2360 1502 2405 et
1526 2365 1697 2405 unum
1721 2350 1970 2405 dicentes
1989 2349 2186 2403 Filium

605 2446 903 2503 Dominum
931 2452 1187 2499 nostrum
1245 2442 1433 2498 Jesum
1466 2441 1771 2505 Christum,
1823 2439 1978 2495 nullo
2024 2440 2188 2494 modo

607 2537 887 2608 duplicem
913 2535 1211 2606 signiﬁcari
1229 2535 1440 2590 volunt.
1463 2533 1600 2588 Nam
1625 2534 1680 2586 in
1716 2533 1852 2598 Deo,
1881 2548 1983 2588 nec
2011 2532 2194 2589 Patris

605 2629 905 2700 appellatio
944 2627 1056 2682 duo
1101 2625 1392 2696 signiﬁcat,
1433 2639 1535 2679 nec
1579 2623 1701 2679 Filii
1732 2639 1935 2679 nomen
1960 2624 2071 2680 duo
2109 2625 2187 2679 si-

607 2719 864 2791 gniﬁcata
887 2718 1114 2773 indicat.
1151 2717 1267 2771 Hoc
1288 2730 1420 2787 ergo
1449 2715 1713 2770 docentes
1742 2714 1917 2771 sancti
1942 2715 2132 2770 Patres
2157 2731 2188 2770 a

606 2812 863 2867 doctrina
892 2809 960 2864 de
987 2826 1097 2864 uno
1123 2809 1286 2864 Patre
1329 2808 1530 2872 exorsi,
1577 2823 1748 2861 unum
1786 2823 2008 2879 quoque
2051 2807 2186 2862 sub—

601 2904 841 2977 jungunt
890 2901 1091 2957 Filium
1146 2899 1528 2971 unigenitum,
1579 2899 1872 2955 Dominum
1934 2909 2187 2955 nostrum

603 2995 797 3054 Jesum
825 2993 1147 3050 Christum:
1175 2999 1236 3046 ut
1271 2992 1482 3046 unitate
1529 2992 1711 3047 Patris
1747 3008 1918 3046 unum
1966 3007 2188 3063 quoque

606 3086 1026 3158 intelligendum
1053 3100 1175 3140 esse
1205 3084 1402 3138 Filium
1428 3098 1903 3154 cognosceremus.

2294 1977 2508 2048 Πατρὸς
2540 1976 2652 2043 τὸν,
2686 1997 2703 2028 ι
2727 1977 2861 2032 Ἕνα
2890 1975 3154 2046 νενόηκας
3178 1976 3310 2030 Θεὸν
3329 1979 3782 2051 παντοκράτορα,
3805 1981 3890 2034 οῦ-

2292 2086 2401 2133 τως
2455 2067 2714 2140 καὶπερὶ
2761 2069 2855 2122 τοῦ
2897 2068 3220 2139 μονογενοῦς
3265 2069 3419 2132 Υἱοῦ,
3452 2071 3556 2124 ἕνα
3591 2075 3888 2143 νοήσομεισ,

2287 2158 2528 2226 οὐδαμοῦ
2553 2159 2648 2211 δύο
2677 2157 2924 2222 νοοῦντες
2959 2161 3063 2212 ὑπὸ
3087 2163 3184 2229 τῆς
3225 2165 3600 2231 προσηγορίας
3635 2161 3735 2216 τοῦ
3761 2163 3887 2216 Υἱοῦ

2290 2251 2909 2324 σημαινόμενα.⁹οσπερ
2932 2253 3040 2323 γὰρ
3057 2253 3152 2304 ’ἕνα
3174 2254 3417 2316 εἰπόντες
3436 2254 3686 2325 Πατέρα,
3704 2256 3886 2327 διττὴν

2289 2341 2388 2412 τὴν
2419 2338 2551 2411 περὶ
2584 2342 2752 2396 αὑτοῦ
2781 2343 2884 2396 οὐκ
2925 2344 3277 2414 ἀπεφήναντο
3311 2346 3542 2398 ἔννοιαν
3584 2347 3764 2411 οὕτως
3797 2351 3885 2402 καὶ

2291 2434 2386 2486 ἕνα
2413 2433 2660 2498 εἰπόντες
2680 2433 2810 2486 Υίὸν
2829 2434 2922 2487 τὸν
2962 2435 3167 2505 Κύριον
3190 2436 3344 2506 ἡμῶν
3386 2435 3593 2506 Ἰησοῦν
3624 2438 3882 2509 Χριστὸν,

2289 2526 2350 2578 οὐ
2384 2524 2665 2594 βούλονται
2714 2526 2837 2579 κατ’
2885 2527 3077 2580 οὐδένα
3115 2528 3316 2598 τρόπον
3351 2528 3654 2596 δηλοῦσθαι
3683 2531 3877 2584 διττόν.

2304 2618 2428 2670 Ἐπὶ
2445 2618 2554 2687 γὰρ
2576 2617 2712 2670 Θεοῦ
2729 2617 2855 2671 οὔτε
2879 2619 3094 2690 Πατρὸς
3116 2621 3458 2690 προσηγορία
3474 2620 3572 2673 δύο
3599 2621 3881 2692 σημαίνει,

2289 2709 2413 2764 οὔτε
2456 2709 2583 2763 Υίοῦ
2617 2711 2679 2764 τὸ
2704 2712 2875 2780 όνομα
2902 2712 2971 2764 τὰ
3009 2712 3386 2783 σημαινόμενα
3413 2713 3508 2766 δύο
3541 2713 3717 2785 δηλοῖ.
3752 2716 3885 2769 τοῦ-

2290 2813 2351 2851 το
2405 2798 2507 2868 μὲν
2548 2794 2643 2852 οῦν
2698 2800 3040 2865 διδάσκοντες
3088 2803 3138 2855 οί
3171 2802 3436 2874 Πατέρες,
3467 2804 3571 2874 τῆς
3606 2807 3746 2876 περὶ
3792 2806 3877 2861 τοῦ

2290 2888 2410 2951 ἑνὸς
2455 2888 2672 2958 Πατρὸς
2699 2889 3048 2952 διδασκαλίας
3082 2891 3407 2974 ἀρξάμενοι,
3438 2893 3539 2948 ἕνα
3592 2897 3881 2966 ἐπήγαγον

2289 2979 2386 3034 καὶ
2415 2979 2548 3033 Υίὸν
2593 2981 2876 3052 μονογενῆ,
2911 2981 3003 3035 τὸν
3032 2983 3238 3054 Κύριον
3287 2984 3447 3055 ἡμῶν
3492 2985 3710 3056 Ἰησοῦν
3749 2989 3881 3061 Χρι-

2293 3070 2437 3123 στόν·
2466 3069 2555 3123 ἵνα
2585 3073 2652 3142 τῇ
2704 3071 2920 3144 ινότητι
2950 3072 3046 3126 τοῦ
3105 3075 3319 3145 Πατρὸς
3348 3075 3446 3146 τὴν
3473 3079 3606 3151 περὶ
3637 3078 3737 3133 τοῦ
3767 3082 3882 3145 ἑνὸς

2293 3162 2425 3218 Υἱοῦ
2456 3165 2889 3236 κατανοήσωμεν
2923 3165 3159 3220 ἔννοιαν.

676 3277 747 3334 Ι.
781 3279 853 3335 At
887 3278 1000 3342 ille,
1037 3278 1131 3347 qui
1181 3293 1327 3332 novo
1371 3277 1667 3332 verborum
1699 3289 2013 3334 commento
2053 3280 2185 3337 sim-

2366 3258 2422 3311 l'.
2477 3255 2618 3310 ’Δλλ’
2645 3224 2696 3310 ό.
2716 3224 3065 3322 ἐπεισάκτοις
3099 3259 3280 3327 λόγοις
3319 3260 3380 3313 τὸ
3409 3261 3619 3315 ἁπλοῦν
3659 3265 3764 3333 τῆς
3791 3268 3882 3320 πί-

606 3372 911 3444 plicitatem
959 3369 1087 3425 ﬁdei
1113 3380 1318 3425 nostrae
1363 3369 1688 3440 perturbare
1735 3379 1987 3437 conatur,
2019 3373 2115 3428 sed
2155 3389 2189 3429 a

607 3463 833 3521 Christo
859 3459 1196 3533 praepeditus
1217 3459 1344 3526 fuit,
1375 3475 1667 3516 commune
1688 3461 1942 3530 pluribus
1971 3473 2029 3518 et
2063 3465 2188 3521 Filii

607 3561 666 3610 et
685 3551 894 3609 Christi
919 3565 1122 3605 nomen
1157 3565 1279 3605 esse
1307 3550 1539 3614 asserit;
1567 3549 1770 3604 ostium
1804 3551 1910 3608 hoc
1933 3552 2190 3625 blasphe-

610 3645 740 3701 miis
765 3643 1030 3698 adversus
1063 3641 1346 3698 Christum
1375 3642 1664 3712 aperiens:
1697 3652 1754 3698 et
1793 3645 1849 3698 in
1895 3643 2189 3703 Sen-'atore

609 3743 802 3791 nostro
824 3733 962 3788 duas
993 3732 1241 3789 diversas
1262 3747 1351 3787 res
1373 3732 1526 3788 hisce
1541 3734 1862 3790 nominibus
1885 3737 2188 3808 signiﬁcari

608 3825 874 3892 alﬁrmat;
896 3839 1132 3895 quorum
1163 3835 1460 3895 utrumque
1496 3839 1665 3879 unum
1706 3827 1930 3895 quidem
1960 3845 2184 3896 nomen,

607 3933 700 3972 res
719 3925 902 3972 autem
927 3916 1064 3971 duas
1085 3931 1207 3971 esse
1235 3915 1401 3971 dicit:
1433 3924 1490 3971 et
1511 3915 1936 3986 appellationem
1960 3920 2186 3989 quidem

607 4024 774 4066 unam
797 4023 918 4064 esse
935 4009 1032 4071 ait,
1057 4008 1166 4062 duo
1187 4017 1370 4062 autem
1391 4009 1548 4079 ponit
1564 4009 1886 4079 signiﬁcata.
1915 4010 2023 4066 Sed
2048 4012 2186 4070 heus

609 4109 690 4165 tu,
723 4099 771 4154 si
812 4107 874 4153 ut
905 4113 1076 4152 unum
1112 4097 1235 4151 Filii
1269 4113 1473 4152 nomen
1505 4098 1666 4163 dicis,
1698 4099 1776 4154 ita
1813 4116 1978 4156 unam
2016 4102 2182 4159 intel-

605 4191 731 4264 ligis
775 4205 892 4246 rem
937 4189 1337 4261 signiﬁcatam;
1379 4206 1547 4246 unum
1605 4191 1804 4247 Filium
1835 4192 2092 4259 afﬁrmas,
2127 4205 2185 4252 et

605 4285 798 4340 Patres
820 4283 1088 4353 sequeris.
1122 4280 1218 4337 Sin
1243 4291 1428 4337 autem
1450 4298 1621 4337 unum
1646 4283 1790 4339 dicis
1813 4284 1936 4340 Filii
1957 4302 2180 4353 nomen,

602 4384 662 4429 et
699 4388 871 4428 unum
900 4371 1106 4427 Christi
1131 4387 1331 4427 nomen
1365 4374 1555 4442 ponis;
1598 4373 1702 4429 hoc
1731 4385 1917 4431 autem
1960 4379 2183 4434 nomine

603 4466 855 4522 diversas
877 4465 1215 4520 substantias
1237 4463 1530 4536 signiﬁcari
1561 4467 1785 4531 asseris,
1818 4484 1926 4523 non
1951 4485 2184 4527 consen-

2293 3363 2462 3408 στεως
2493 3347 2650 3419 ἡμῶν
2671 3347 2906 3401 θολῶσαι
2940 3347 3199 3419 θελήσας,
3235 3350 3501 3416 κωλυθεὶς
3529 3354 3588 3408 δὲ
3619 3355 3731 3408 ὑπὸ
3752 3357 3882 3426 Χρι-

2292 3439 2444 3505 στοῦ,
2486 3441 2666 3495 κοινὸν
2699 3441 2961 3494 πλειόνων
2996 3441 3170 3513 ὄνομα
3196 3442 3366 3511 λέγει,
3401 3446 3463 3499 τό
3507 3463 3570 3500 τε
3599 3448 3758 3512 Υἱὸς,
3790 3452 3882 3504 καὶ

2287 3532 2352 3584 τὸ
2373 3532 2629 3604 Χριστός·
2658 3532 2831 3603 θύραν
2866 3533 3072 3603 ταύτην
3094 3535 3329 3603 ἀνοίγων
3358 3538 3461 3608 τῆς
3472 3537 3614 3592 κατὰ
3638 3540 3886 3610 Χριστοῦ

2291 3621 2662 3695 βλασφημίας·
2696 3627 2792 3678 καὶ
2821 3627 2916 3680 ἐπὶ
2935 3625 3030 3680 τοῦ
3053 3628 3311 3700 Σωτῆρος
3340 3627 3435 3683 δύο
3455 3629 3772 3702 πράγματα
3807 3629 3884 3686 si-

2289 3734 2379 3772 ναι
2399 3716 2572 3772 ταῦτα
2600 3718 2874 3788 δηλωτικὰ
2897 3719 3064 3789 λέγει·
3094 3713 3170 3774 ὧν
3193 3718 3428 3774 ἰκαστον
3455 3720 3515 3776 ἓν
3560 3722 3664 3792 μὲν
3709 3723 3884 3794 Evoti:

2288 3811 2459 3880 λέγει,
2489 3813 2559 3866 τὰ
2589 3811 2648 3866 δὲ
2678 3811 2983 3884 πράγματα
3023 3814 3140 3876 δύο,
3170 3815 3264 3867 καὶ
3308 3814 3408 3885 τὴν
3454 3815 3555 3886 μὲν
3577 3815 3888 3888 ὀνομασίαν

2290 3902 2420 3975 μίαν
2444 3899 2583 3957 εἷναί
2638 3920 2796 3975 φησι,
2830 3905 2902 3958 τὰ
2951 3904 3008 3958 δὲ
3065 3905 3443 3974 σημαινόμενα
3491 3905 3588 3959 δύο
3644 3907 3882 3963 τίθεται.

2302 3994 2440 4048 Ἀλλ’
2473 3997 2524 4048 εί
2556 3995 2656 4066 μιν
2686 3995 2764 4060 ὡς
2794 3995 2852 4048 ἓν
2873 3995 3046 4067 ὄνομα
3071 3995 3168 4049 τοῦ
3203 3995 3334 4049 Υίοῦ
3375 3995 3580 4064 λέγεις,
3618 3993 3666 4052 ὧ
3696 3995 3882 4066 0610;,

2286 4087 2461 4151 οὕτως
2480 4089 2622 4151 νοεῖς
2649 4088 2744 4141 καὶ
2783 4089 3017 4158 πρᾶγμα
3042 4088 3104 4142 τὸ
3128 4089 3527 4159 σημαινόμενον
3552 4092 3634 4156 ἒν,
3666 4094 3767 4145 ἕνα
3795 4093 3883 4146 λέ-

2285 4196 2404 4249 γεις
2434 4180 2584 4244 Υίὸν,
2621 4179 2717 4234 καὶ
2766 4180 3082 4245 ἁκολουθεῖς
3118 4183 3232 4244 τοῖς
3280 4182 3581 4254 Πατράσιν.
3635 4185 3703 4238 Et
3731 4187 3790 4239 δὲ
3820 4188 3883 4240 τὸ

2285 4273 2456 4342 δνομα
2488 4271 2584 4325 τοῦ
2601 4270 2730 4326 Υἱοῦ
2754 4273 2934 4340 λέγεις
2961 4272 3042 4334 ἓν.
3075 4274 3173 4327 καὶ
3199 4273 3260 4326 τὸ
3285 4274 3521 4344 Χριστὸς
3555 4276 3732 4348 ὄνομα
3754 4278 3881 4350 τίθη

2284 4363 2365 4428 iv,
2403 4363 2508 4417 ὑπὸ
2538 4364 2596 4418 δὲ
2644 4365 2739 4417 τοῦ
2786 4365 3049 4436 ὀνόματος
3095 4368 3289 4419 τούτου
3342 4367 3530 4431 οὐσίας
3577 4370 3880 4441 διαφόρους

2287 4456 2654 4526 σημαίνεσθαι
2706 4456 2908 4526 λέγεις,
2959 4457 3022 4511 οὺ
3067 4460 3381 4528 συμφωνείς
3432 4462 3546 4525 τοῖς
3598 4461 3879 4533 Πατρὰσι,

605 4557 676 4612 tis
690 4572 816 4612 cum
845 4557 1053 4611 sanctis
1083 4555 1341 4610 Patrihus
1364 4555 1719 4611 credentibus
1764 4559 1819 4612 in
1854 4575 2024 4614 unum
2075 4562 2183 4616 Do-

2290 4548 2644 4603 πιστεύσασιν
2674 4551 2754 4612 εἰς
2780 4548 2875 4603 ἕνα
2910 4548 3116 4619 Κύριον
3157 4549 3366 4620 Ἰησοῦν
3389 4547 3629 4624 Χριστὸν
3673 4555 3878 4621 οὕτως,

605 4648 816 4703 minum
842 4647 1030 4703 Jesum
1065 4645 1344 4701 Christum
1400 4646 1594 4701 eodem
1637 4647 1823 4715 modo,
1870 4652 1949 4705 uti
1996 4652 2178 4706 credi-

605 4736 802 4793 derant
825 4737 881 4791 in
914 4751 1088 4790 unum
1121 4735 1294 4790 Deum
1315 4735 1533 4792 Patrem
1559 4737 2017 4807 omnipotentem.
2039 4741 2177 4796 Nam

605 4828 654 4885 si
705 4828 771 4883 de
830 4829 928 4883 Dei
985 4829 1208 4882 nomine
1237 4826 1380 4897 apud
1414 4843 1509 4882 eos
1539 4831 1768 4898 qumstio
1800 4841 1964 4888 esset.
2013 4842 2178 4903 atque

604 4934 777 4974 unum
811 4917 1010 4972 Filium
1034 4917 1315 4983 dicerent;
1338 4926 1454 4971 tum
1484 4927 1575 4972 tua
1615 4921 1892 4976 cavillatio
1946 4923 2177 4978 haberet

603 5011 815 5075 locum;
845 5010 940 5078 qui
984 5025 1184 5064 nomen
1221 5009 1446 5078 quidem
1482 5025 1672 5076 unum,
1723 5013 2024 5084 signiﬁcata
2075 5031 2176 5070 au-

603 5113 712 5156 tem
731 5101 886 5170 plura
911 5101 1086 5170 ponis.
1116 5100 1172 5156 Si
1202 5115 1336 5155 vero
1357 5101 1643 5155 nominum
1685 5106 1829 5173 apud
1862 5122 1958 5160 eos
1981 5108 2175 5177 exigua

603 5194 770 5250 fuerit
798 5192 961 5254 ratio,
987 5208 1156 5245 unum
1187 5202 1367 5246 autem
1392 5193 1734 5264 unigenitum
1758 5195 1955 5252 Filium
1985 5201 2174 5270 appel-

602 5286 802 5352 larint;
857 5283 991 5356 quid
1041 5282 1234 5337 relicto
1284 5281 1592 5354 signiﬁcato
1642 5287 1853 5341 nomini
1901 5291 2177 5346 inhaeres?

600 5374 859 5446 quodque
903 5372 980 5428 illi
1012 5385 1129 5426 rem
1159 5371 1334 5440 ipsam
1363 5372 1712 5428 attendentes
1744 5390 1918 5428 unum
1957 5375 2172 5441 dicunt,

601 5467 659 5523 id
698 5476 759 5522 tu
791 5476 852 5522 ut
882 5480 1055 5521 unum
1103 5478 1329 5528 nomen,
1367 5479 1453 5518 res
1481 5465 1668 5535 plures
1702 5466 2046 5537 signiﬁcans},
2074 5485 2170 5525 ex-

600 5559 796 5631 ponis?
841 5558 976 5613 Nam
1005 5564 1063 5612 et
1112 5556 1253 5609 hanc
1299 5564 1610 5611 sanctorum
1668 5557 1890 5613 Patrum
1921 5559 1989 5615 de
2029 5560 2171 5616 Filio

599 5651 935 5708 locutionem
965 5649 1334 5718 interpretans
1346 5647 1630 5703 Nestorius
1647 5649 1704 5702 in
1728 5649 1948 5715 litteris,
1967 5653 2168 5722 quibus

599 5743 803 5816 Cyrillo
821 5741 1237 5810 archiepiscopo
1260 5754 1468 5810 magna:
1482 5739 1824 5796 Alexandriae
1847 5743 2158 5813 respondet.

601 5835 695 5898 qui
719 5833 910 5888 liberis
941 5831 1126 5887 verbis
1156 5829 1474 5886 defenderat
1505 5830 1792 5900 pietatem,
1819 5842 1874 5889 et
1920 5848 2020 5903 per
2051 5836 2166 5906 epi-

2284 4639 2360 4704 ὼς
2386 4640 2713 4696 ἐπίστευσαν
2741 4641 2820 4704 είς
2848 4641 2946 4694 ἕνα
2993 4640 3128 4695 Θεὸν
3155 4641 3380 4715 Πατέρα
3425 4650 3875 4720 παντοκράτορα.

2283 4732 2348 4784 El
2377 4732 2475 4802 μὲν
2506 4733 2614 4804 γὰρ
2638 4733 2768 4804 περὶ
2819 4732 3086 4802 ὀνόματος
3117 4728 3186 4803 ἦν
3221 4736 3254 4804 ἡ
3290 4735 3481 4805 σκέψις
3509 4739 3720 4803 αὐτοῖς,
3780 4745 3880 4796 καὶ

2282 4823 2465 4893 ἔλεγον
2505 4825 2602 4879 ἕνα
2645 4826 2792 4888 Υἰὸν,
2838 4822 2953 4895 εἶχέ
2995 4843 3088 4879 σου
3121 4825 3306 4897 χώραν
3337 4827 3397 4881 τὸ
3431 4829 3694 4900 σόφισμα,
3728 4833 3870 4887 τιθε-

2285 4917 2443 4986 μένου
2469 4918 2529 4971 τὸ
2558 4918 2658 4987 μὲν
2679 4917 2846 4988 ὄνομα
2888 4918 2967 4983 ἒν,
2992 4919 3062 4972 τὰ
3091 4919 3148 4972 δὲ
3181 4921 3556 4991 σημαινόμενα
3592 4923 3788 4978 πλείω.
3810 4926 3874 4979 Ei

2279 5008 2337 5062 δὲ
2366 5009 2541 5079 ὀλίγος
2599 5011 2698 5080 μὲν
2745 5011 2929 5074 αὐτοῖς
2977 5013 3104 5082 περὶ
3149 5013 3257 5065 τῶν
3305 5013 3590 5082 ὀνομάτων
3640 5019 3670 5070 ό
3717 5018 3876 5086 λόγος

2280 5100 2518 5170 ἐγένετο,
2554 5105 2649 5155 ἕνα
2681 5102 2739 5155 δὲ
2780 5103 3044 5173 μονογενῆ
3092 5103 3186 5157 τὸν
3238 5105 3369 5158 Υἰὸν
3395 5110 3870 5178 προσηγόρευσαν,

2279 5195 2331 5246 τί
2359 5195 2665 5266 περιπλέκῃ
2685 5195 3047 5268 προσηγορίᾳ,
3073 5196 3393 5251 καταλιπὼν
3411 5198 3474 5251 τὸ
3502 5198 3871 5271 δηλούμενονς

2278 5288 2373 5340 καὶ
2411 5288 2546 5358 ὅπερ
2577 5289 2778 5340 ὲκείνοι
2828 5287 3080 5355 λέγουσιν
3113 5287 3172 5340 ἓν
3215 5289 3578 5360 προσέχοντες
3605 5292 3689 5362 τῷ
3728 5296 3870 5363 πρά-

2278 5396 2472 5448 γματι,
2502 5379 2667 5472 τοῦτο
2698 5380 2764 5433 σὺ
2788 5381 2864 5444 ὠς
2893 5381 3066 5452 ὸνομα
3100 5381 3182 5445 ἓν,
3218 5381 3482 5436 πλειόνων
3517 5387 3867 5456 πραγμάτων

2279 5473 2466 5543 ὲκτίθη
2523 5475 2894 5543 σημαντικόν;
2949 5475 3044 5527 καὶ
3075 5475 3186 5546 γὰρ
3215 5477 3311 5528 καί⁵
3357 5479 3560 5547 ταύτην
3599 5480 3730 5550 περὶ
3769 5479 3870 5533 τοῦ

2277 5563 2408 5616 Υἱοῦ
2435 5565 2534 5635 τὴν
2574 5563 2720 5630 λέξιν
2745 5564 2855 5616 τῶν
2873 5565 3135 5634 Πατέρων
3164 5566 3514 5637 ἑρμηνεύσας
3541 5567 3869 5640 Νεστόριος,

2276 5657 2333 5707 ιν
2355 5649 2435 5719 οἷς
2460 5656 2891 5710 άντεπιστὲλλων
2926 5657 3132 5727 γράφει
3181 5656 3258 5728 τῷ
3296 5658 3396 5729 τῆς
3439 5661 3688 5731 μεγάλης
3710 5662 3870 5715 Ἀλσ-
3941 5667 3944 5670 ’

2277 5745 2560 5818 ξανδρείας
2589 5748 3004 5818 άρχιεπισκόπῳ
3029 5750 3310 5822 Κυρίλλῳ,
3348 5754 3871 5825 παρῤησιασαμένῳ

2277 5840 2717 5917 7.591105}th
2756 5841 2855 5913 τῆς
2902 5841 3183 5906 εὐσεϐείας
3210 5884 3224 5910 ,
3271 5846 3363 5898 καὶ
3395 5845 3483 5898 διὰ
3528 5846 3872 5915 γράμματος
