4170 6330
331 342 352 397 Ι
365 343 468 399 329

1464 340 1838 407 EXPOSITIO.
1871 341 2171 411 ειτιωοω
2207 342 2479 411 ΝΙΟΑΞΝῙ.

3476 332 3615 391 1330

329 465 493 518 αὐτὸν
540 461 875 534 μεταστῆσαι
917 462 1013 533 τῆς
1048 461 1259 533 πλάνης
1308 461 1730 533 βουλευσαμένῳ
1755 503 1783 532 ,_
1819 462 1914 515 καὶ

2041 462 2220 524 stolam
2253 462 2552 521 deserendi
2570 461 2783 519 erroris
2800 467 2995 516 auctor
3025 456 3105 512 illi
3131 455 3332 522 fuerat,
3362 464 3529 528 atque
3544 456 3616 513 ad

330 555 467 626 πρὸς
496 553 810 623 ἀίυσώπησιν
838 552 1118 626 ἐκθεμένῳ
1157 551 1255 626 τὴν
1286 552 1471 606 πίστιν
1506 553 1616 605 τῶν
1646 552 1918 607 ὀκτωκαί-

328 648 463 703 δεκα
515 647 601 701 καὶ
628 632 960 718 τριακοσίων
1012 647 1299 716 Πατέρων,
1329 646 1770 701 ἀντεπιστέλλων
1808 646 1917 700 Νε-

332 738 541 811 στόριος
577 738 768 801 αὑταῖς
794 740 915 803 ταῖς
952 737 1132 805 λέξεσι
1162 738 1337 792 ταῦτά
1377 753 1552 808 φησι·
1605 756 1623 788 ι
1669 736 1787 791 Κάν
1822 752 1917 807 μοι

330 830 431 895 τὰς
463 828 635 893 ἀκοάς
675 830 759 894 είς
793 830 1088 902 ἀδελφικὴν
1126 829 1369 901 ἰατρείαν
1396 830 1710 903 παράσχῃς,
1747 827 1921 892 αὐτάς

336 938 419 975 σοι
449 922 550 985 τὰς
575 920 683 974 τῶν
705 921 885 991 άγίων
906 921 1130 975 ἐκείνων
1161 921 1346 989 φωνὰς
1376 921 1799 994 παραθήσομιιιι⁹
1819 921 1922 992 τῆς

333 1015 455 1068 κατ’
489 1012 713 1075 ἐκείνων
749 1014 1066 1081 ἀπαλλάξας
1095 1013 1485 1083 συκοφαντίας,
1519 1015 1616 1067 καὶ
1646 1013 1745 1084 τῆς
1778 1012 1922 1067 κατά

332 1106 443 1160 τῶν
470 1107 631 1163 θείων
654 1107 887 1178 Γραφιῖη
914 1107 982 1161 δι’
1006 1105 1254 1160 ἐκείνων.
1293 1124 1312 1158 ι
1341 1102 1475 1159 Εἶτα
1502 1106 1604 1177 τὴν
1632 1105 1782 1169 λέξιν
1810 1105 1921 1160 τῶν

334 1197 929 1269 Πατέεωνπαρατιθεὶς
946 1196 1089 1251 οὕτω
1113 1196 1267 1269 φησί·
1295 1217 1313 1249 ι
1342 1197 1592 1251 Πιστεύω
1614 1196 1795 1252 τοίνυν
1824 1198 1922 1251 καὶ

333 1287 415 1351 εἰς
442 1285 535 1349 τὸν
565 1287 770 1360 Κύριον
807 1287 1016 1359 Ἰησοῦν
1040 1287 1297 1358 Χριστόν.
1325 1305 1345 1337 ι

406 1380 511 1435 ιΑν.
557 1380 730 1444 Εὐθὺς
758 1381 822 1434 σὺ
847 1379 1085 1434 ἐνταῦθά
1109 1397 1199 1452 μοι
1227 1380 1422 1434 σκόπει
1442 1378 1653 1449 κλοπὴν
1690 1377 1923 1441 ἀναιδῶς

333 1472 721 1543 τολμωμένηνε
758 1472 979 1544 Ἐπειδὴ
1016 1472 1125 1544 γὰρ
1155 1474 1205 1526 ol
1241 1471 1489 1542 Πατέρες
1538 1470 1636 1525 ἕνα
1679 1469 1923 1525 νοεῖσθαι

335 1564 581 1643 θέλοντες
621 1564 715 1619 τὸν
752 1565 903 1631 Υἱδν,
935 1561 1121 1631 εἶπον,
1163 1584 1181 1617 ι
1221 1564 1561 1635 Πιστεύομεν
1594 1564 1690 1619 καὶ
1724 1566 1804 1628 είς
1828 1563 1927 1618 ἕνα

334 1657 543 1730 Κύριον
586 1658 797 1729 Ἰησοῦν
835 1659 1091 1729 Χριστὸν,
1124 1659 1217 1711 τὸν
1253 1657 1384 1711 Υἱδν
1409 1658 1506 1711 τοῦ
1546 1657 1708 1723 Θεοῦ,
1739 1657 1926 1723 ιρκλέο

335 1765 460 1803 πτει
488 1751 588 1821 τῆς
616 1748 816 1817 λέξεως
842 1750 951 1802 τῶν
987 1748 1245 1821 Πατέρων
1268 1749 1351 1815 το,
1380 1748 1491 1804 ἕνα
1514 1790 1530 1811 ,
1564 1750 1653 1804 ἵνα
1687 1749 1782 1821 ἔχῃ
1819 1747 1927 1820 χώ-

2027 555 2475 628 redarguendum
2517 555 2719 627 ipsum,
2758 553 2926 609 fidem
2953 558 3336 607 trecentorum
3362 556 3420 605 et
3456 557 3616 604 octo-

2026 648 2208 706 decim
2230 650 2454 705 Patrum
2471 654 2839 719 proposuerat
2859 664 2873 700 :
2895 641 3311 713 huiqinquam,
3326 640 3621 698 Nestorins

2028 740 2086 795 in
2116 739 2236 796 haec
2264 740 2433 796 verba
2467 736 2762 795 rescribit:
2796 754 2814 787 ι
2856 736 2927 791 Ει
2958 734 3006 791 si
3034 749 3200 789 aures
3229 731 3368 786 mihi
3403 730 3473 786 ad
3499 729 3618 785 fra-

2029 840 2245 887 ternam
2289 830 2562 887 medelam
2604 828 2935 901 praebueris,
2969 826 3118 897 ipsas
3151 824 3256 879 tibi
3295 832 3618 878 sanctorum

2029 920 2251 976 illorum
2277 936 2446 977 voces
2469 920 2763 985 adducam,
2793 916 3086 985 vindicans
3112 930 3218 972 eas-
3239 930 3270 970 a
3300 911 3617 979 calumniis,

2028 1029 2152 1084 quae
2172 1014 2378 1085 etipsis
2404 1022 2462 1070 et
2474 1028 2575 1085 per
2599 1027 2696 1069 eas
2714 1010 2923 1067 divinis
2947 1009 3180 1065 Litteris
3199 1007 3558 1079 aliinguntur.
3594 1023 3614 1057 ι

2027 1105 2238 1162 Deinde
2275 1105 2545 1177 appositis
2573 1112 2894 1160 sanctorum
2933 1103 3159 1158 Patrum
3189 1100 3356 1155 dictis
3376 1100 3451 1154 ita
3485 1096 3623 1153 sub-

2022 1199 2242 1271 iungit:
2282 1218 2303 1251 ι
2350 1198 2532 1255 Credo
2576 1197 2747 1270 igitur
2781 1195 2839 1251 in
2872 1195 3173 1252 Dominum
3216 1192 3405 1249 Iesum
3455 1189 3641 1247 Chri-r

2029 1302 2197 1348 stum.
2238 1312 2256 1345 ι
3260 1305 3265 1307 Α

2102 1384 2197 1439 Xl.
2234 1384 2343 1458 Hic
2360 1383 2550 1439 statim
2574 1382 2830 1439 fraudem
2868 1378 3410 1452 impudentissimam
3448 1374 3639 1449 animi

2032 1477 2282 1534 adverte.
2319 1477 2457 1532 Nam
2490 1492 2619 1533 cum
2662 1475 2842 1531 sancti
2874 1474 3070 1528 Patres
3093 1486 3267 1526 unum
3299 1468 3503 1525 Filium
3540 1466 3627 1521 in-

2032 1568 2207 1640 telligi
2248 1569 2499 1624 volentes
2540 1566 2819 1623 dixerint:
2857 1582 2877 1616 ι
2908 1562 3207 1620 Credimus
3229 1567 3287 1615 et
3335 1558 3394 1614 in
3450 1572 3628 1613 unum

2034 1662 2327 1718 Dominum
2354 1660 2542 1717 Iesum
2574 1660 2884 1722 Christum,
2926 1655 3131 1712 Filium
3159 1654 3283 1717 Dei,
3327 1671 3346 1705 ι
3383 1650 3626 1708 sulfura-

2036 1766 2139 1811 tur
2159 1770 2229 1810 ex
2262 1753 2451 1809 verbis
2474 1764 2794 1809 sanctorum
2826 1751 3050 1806 Patrum
3078 1762 3295 1810 vocem,
3334 1761 3523 1809 unum,
3563 1752 3629 1797 ut

338 1857 438 1911 ραν
487 1839 817 1910 ξυναγαγεῖν
864 1840 1005 1895 Υίοῦ
1054 1839 1150 1894 δύο
1196 1841 1266 1896 τὰ
1322 1841 1724 1913 σημαινόμενα.
1791 1840 1934 1892 ’Λλλ’

2041 1847 2219 1903 locum
2248 1846 2454 1902 habeat
2483 1843 2875 1901 introdueendi
2902 1842 3041 1898 duas
3061 1838 3498 1911 significationes
3524 1850 3633 1892 γοε

336 1932 653 2004 ἐφωράθης,
684 1927 729 1987 ὦ
755 1932 1018 2002 βέλτιστε,
1050 1933 1113 1987 τὸ
1144 1934 1361 2005 καίριον
1381 1934 1481 2005 τῆς
1504 1933 1741 1997 πίστεως
1771 1932 1930 2004 ἡμῶν

336 2022 692 2094 ὑφελόμενος.
742 2025 820 2077 Ού
854 2023 963 2096 γάρ
991 2018 1151 2078 εἷπον
1200 2026 1424 2090 ἐκεῖνοι,
1476 2022 1810 2093 πιστεύομεν
1835 2022 1935 2076 καὶ

336 2117 418 2179 εἰς
448 2115 541 2169 τὸν
569 2116 774 2187 Κύριον
810 2115 1019 2188 Ἰησοῦν
1048 2117 1308 2189 Χριστὸν,
1334 2118 1413 2182 ὡς
1447 2117 1513 2170 σὺ
1544 2115 1930 2189 παραλογισά-

341 2225 504 2278 μενος
542 2207 680 2279 έφης
704 2227 718 2241 ·
754 2210 869 2264 ἀλλ’
904 2212 1154 2276 εἰπόντες
1178 2251 1195 2275 ,
1250 2230 1269 2264 ι
1323 2209 1665 2283 Πιστεύομεν
1713 2212 1798 2274 είς
1834 2209 1934 2263 ενα

336 2303 472 2356 Θεὸν
493 2304 721 2374 Πατέρα
758 2306 1203 2376 παντοκράτορα,
1239 2325 1258 2357 ι
1306 2305 1618 2376 ὑπήγαγον,
1653 2322 1673 2355 ι
1704 2303 1815 2358 Καὶ
1851 2306 1933 2367 είς

337 2393 436 2448 ἕνα
472 2393 678 2465 Κύριον
722 2395 931 2465 Ἰησοῦν
961 2397 1198 2467 Χριστόν
1228 2412 1243 2427 ο
1278 2415 1297 2448 ι
1330 2397 1395 2451 σὺ
1427 2395 1487 2450 δὲ
1517 2396 1611 2462 τὸ,
1642 2395 1753 2450 ἕνα
1776 2436 1792 2460 ,
1838 2393 1939 2463 ὐφ-

339 2483 598 2556 ελόμενος
630 2486 761 2558 περὶ
794 2486 888 2540 τοῦ
928 2487 1058 2541 Υίοῦ
1109 2488 1437 2559 εἰρημένον.
1485 2488 1552 2542 ἐκ
1584 2488 1684 2558 τῆς
1725 2484 1938 2555 κλοπῆς

338 2576 547 2648 ταύτης
571 2576 745 2647 θύραν
769 2578 1006 2647 ἀνοίγεις
1026 2582 1093 2651 τῇ
1123 2579 1300 2650 πλάνῃ
1328 2596 1341 2609 ·
1375 2579 1443 2633 ἶν’
1476 2580 1652 2632 εἰπεῖν
1678 2576 1936 2647 δυνηθῇς,

339 2667 438 2724 καὶ
452 2668 583 2723 Υίοῦ
596 2669 691 2724 καὶ
708 2669 948 2741 Χριστοῦ
964 2671 1059 2724 δύο
1080 2670 1148 2726 τὰ
1174 2671 1554 2743 σημαινόμενα
1574 2671 1709 2724 ’.καὶ
1724 2668 1785 2722 τὸ
1816 2668 1937 2739 μὲν,

341 2760 506 2832 φύσει
530 2761 633 2835 τὴν
662 2764 852 2835 τιμὴν,
882 2765 945 2817 τὸ
970 2764 1050 2830 δὲ,
1080 2765 1267 2837 χάριτι
1305 2764 1670 2836 κεκτημένον.
1701 2763 1814 2818 Kal
1848 2760 1942 2815 οῦ-

339 2871 451 2919 τως
478 2854 789 2926 ἀποστῆσαι
824 2854 1066 2927 δυνηθῇς
1087 2856 1453 2929 Χριστιανοὺς
1480 2854 1662 2909 σέϐειν
1685 2855 1777 2908 τὸν
1801 2852 1942 2926 ὑπὲρ

342 2947 503 3018 ἡμῶν
536 2947 978 3019 ἐσταυρωμένον,
1030 2948 1108 3012 ὡς
1142 2948 1284 3003 κατὰ
1315 2949 1477 3021 χάριν
1500 2946 1653 3019 παρά
1686 2948 1814 3010 τοὺς
1846 2946 1943 3000 ἀλ-

344 3034 473 3099 λους
501 3036 878 3108 ,τετιμημένον
925 3038 1078 3108 παρὰ
1126 3038 1285 3093 Θεοῦ.
1328 3040 1455 3102 Τοῖς
1505 3038 1617 3112 γὰρ
1653 3037 1836 3108 ἔχουσι
1883 3036 1946 3090 τὸ

346 3127 489 3181 κατά
533 3127 731 3196 φύσιν,
766 3130 829 3182 ού
866 3130 1026 3201 χρεία
1057 3130 1152 3184 τοῦ
1182 3131 1321 3185 κατά
1368 3132 1528 3203 χάριν
1575 3130 1737 3185 θεοῦ.
1786 3129 1940 3200 Ὀπη

268 3256 275 3261 ι
346 3237 439 3289 μοι
488 3220 580 3273 καὶ
622 3220 926 3292 θαυμάζειν
958 3222 1255 3293 ἐπέρχεται
1280 3264 1295 3287 ,
1342 3223 1465 3287 πῶς
1499 3222 1569 3276 τά
1603 3223 1791 3293 καίρια
1840 3222 1939 3291 τῆς
1967 3206 2010 3265 C

344 3312 454 3366 τῶν
510 3312 770 3383 Πατέρων
828 3314 1099 3380 ἐκθέσεως
1146 3316 1445 3388 Νεστόριος
1501 3313 1791 3387 περιελὼν,
1854 3314 1945 3368 ἵνα

343 3404 520 3460 ταῦτα
550 3407 941 3481 κατασκευάσῃ
968 3448 983 3473 ,
1024 3410 1091 3479 τῇ
1120 3407 1337 3461 ἐκθέσει
1362 3408 1461 3478 τῆς
1489 3406 1729 3472 πίστεως
1759 3405 1943 3460 αὑτῶν

347 3495 693 3562 ξυντίθεσθαι
712 3497 883 3567 λέγει.
919 3500 983 3552 El
1008 3500 1117 3572 γὰρ
1146 3499 1451 3565 ξυντίθεται
1476 3501 1592 3561 τοῖς
1628 3499 1945 3571 εἰρημένοις

350 3587 425 3658 μὴ
464 3588 719 3642 κλαπέτω
748 3589 811 3643 τὸ
840 3589 1199 3662 καιριώτερον
1221 3606 1236 3620 ·
1264 3591 1314 3644 εί
1335 3590 1393 3645 δὲ
1410 3591 1512 3661 τῆς
1535 3588 1808 3654 ἐκθέσεως
1838 3590 1950 3645 τῶν

287 3701 321 3714 ο
348 3678 611 3750 Πατέρων
648 3680 895 3754 ὑφαιρεῖ,
921 3682 950 3736 ὃ
986 3681 1088 3754 τὴν
1125 3681 1307 3737 αὐτῶν
1348 3682 1585 3754 μάλιστα
1629 3682 1813 3737 πίστιν
1841 3682 1939 3753 δη-

347 3771 468 3835 λοῖ,
502 3772 578 3836 ὡς
626 3776 751 3838 ταῖς
785 3778 906 3839 σαῖς
938 3774 1172 3840 ἐννοίαις
1219 3776 1502 3846 πολέμιον,
1557 3776 1675 3839 πῶς
1710 3794 1939 3847 συμφω-

320 3867 461 3925 1,νεῖν
497 3865 682 3939 λέγῃς,
713 3863 797 3931 οἷς
823 3867 1107 3923 πείθεσθαι
1150 3869 1224 3939 μὴ
1260 3869 1422 3942 θέλῃς
1444 3885 1459 3935 ;
1485 3868 1624 3923 ἀλλὰ
1648 3868 1842 3938 δέλεαρ
1870 3869 1937 3938 τῇ

280 4018 300 4033 .
349 3956 545 4011 ἑαυτοῦ
592 3959 773 4032 πλάνῃ
812 3958 874 4013 τδ
921 3958 1029 4037 τῆς
1075 3960 1340 4031 Πατέρων
1383 3961 1604 4031 ἀξίωμα
1658 3960 1939 4032 περιθεὶς,

348 4050 528 4123 τούτῳ
560 4052 699 4123 πρὸς
730 4052 829 4124 τὴν
866 4053 1086 4126 ἀπάτην
1115 4054 1296 4118 ἕλκεις
1324 4056 1453 4119 τοὺς
1490 4052 1900 4124 ἁπλουστέρους
1920 4069 1935 4083 ’

353 4143 758 4215 προϐάλλεσθαι
804 4146 906 4217 μὲν
958 4146 1144 4201 πίστιν
1196 4147 1432 4220 ἀρχαίαν
1484 4147 1942 4218 σκηπτούμενος,

355 4237 530 4307 αὐτὴν
562 4236 621 4290 δὲ
666 4237 876 4309 ταύτην
920 4240 1059 4312 πρὸς
1091 4240 1190 4311 τὴν
1220 4239 1415 4296 ἑαυτοῦ
1446 4240 1659 4312 πλάνην
1690 4243 1812 4305 ταῖς
1835 4238 1945 4294 τῶν

352 4328 532 4398 λόγων
563 4329 1215 4403 κλοπαῖςπαρατρέπων.

2032 1938 2134 2003 cis,
2161 1937 2305 1993 Filii.
2332 1937 2440 1993 Sed
2467 1936 2858 2008 deprehensus
2876 1949 2939 1991 es
2964 1934 3021 1989 in
3053 1932 3226 1997 furto,
3258 1946 3293 1985 ο
3325 1930 3473 1985 bone
3498 1927 3625 1983 vir:

2031 2029 2468 2103 subtrahensid,
2518 2028 2667 2100 quod
2714 2029 2770 2082 in
2819 2027 2927 2082 fide
2972 2033 3161 2081 nostra
3206 2021 3475 2103 praecipui
3505 2035 3627 2076 mo-

2034 2123 2207 2178 menti
2241 2100 2347 2178 est.
2378 2098 2572 2192 Neque
2610 2120 2761 2177 enim
2804 2118 2885 2174 illi
2910 2117 3205 2173 dixerunt:
3243 2098 3540 2172 Cre‘dimus
3573 2120 3632 2168 et

2035 2216 2093 2271 in
2133 2214 2431 2271 Dominum
2469 2213 2659 2270 Iesum
2689 2201 2999 2276 Christum,
3023 2216 3086 2274 ut
3111 2219 3171 2265 tu
3195 2207 3454 2263 falsarios
3479 2203 3623 2259 afﬁr.

2037 2325 2207 2377 mas:
2243 2309 2339 2364 sed
2373 2308 2677 2363 dicentes:
2705 2325 2723 2359 ι
2775 2304 3071 2363 Credimus
3118 2302 3177 2358 in
3226 2315 3403 2357 unum
3454 2301 3631 2355 Deum

2035 2401 2256 2457 Patrem
2305 2398 2805 2469 omnipotentem;
2842 2414 2861 2448 ι
2915 2393 3425 2466 subjungebantm
3459 2398 3517 2445 et
3575 2390 3632 2445 in

2039 2510 2214 2551 unum
2243 2491 2543 2549 DoIinum
2587 2490 2777 2547 Iesum
2806 2487 3114 2544 Christum.
3152 2506 3171 2538 ι
3207 2485 3294 2541 Tu
3315 2500 3453 2539 vero
3497 2483 3635 2539 sub.

2038 2592 2219 2641 tracta
2247 2597 2405 2650 voce,
2429 2597 2621 2645 unum,
2648 2594 2773 2651 qua
2800 2578 2869 2634 de
2906 2576 3050 2633 Filio
3077 2576 3227 2631 dicta
3283 2573 3487 2638 fuerat,
3525 2573 3637 2628 hoc

2039 2677 2192 2733 furto
2220 2677 2447 2746 ianuam
2476 2673 2657 2729 errori
2683 2672 2894 2744 aperis:
2928 2682 2990 2725 ut
3014 2670 3203 2725 dicere
3234 2681 3429 2738 queas,
3453 2673 3511 2721 et
3534 2681 3637 2721 vo-

2041 2769 2123 2825 cis
2144 2767 2298 2833 Filii,
2342 2777 2401 2823 et
2435 2765 2643 2822 Christi
2669 2764 2807 2821 duas
2834 2779 2957 2819 esse
2983 2760 3437 2833 signiﬁcationes,
3496 2772 3638 2829 qua-

2041 2877 2168 2917 rum
2214 2861 2395 2917 altera
2426 2868 2653 2924 natura,
2682 2858 2858 2913 altera
2898 2855 3083 2927 gratia.
3115 2854 3417 2926 gloriosum
3445 2859 3638 2907 osten—

2043 2952 2161 3016 dat,
2196 2959 2339 3007 etut
2378 2951 2482 3005 hac
2509 2940 2725 3004 ratiune
2768 2947 3114 3004 Christianos
3142 2945 3411 3001 seducere
3436 2941 3637 3013 possis,

2043 3059 2115 3099 ne
2148 3057 2250 3113 pro
2298 3040 2463 3097 nobis
2504 3038 2834 3096 cruciﬁxum
2867 3037 3084 3103 colant;
3121 3034 3329 3107 quippe
3369 3048 3471 3103 per
3510 3047 3639 3103 gra-

2046 3137 2181 3192 tiam
2207 3150 2321 3207 prm
2344 3135 2472 3190 aliis
2501 3150 2531 3188 a
2555 3134 2671 3189 Deo
2705 3131 2881 3203 gloria
2918 3138 3198 3185 ornatum.
3240 3127 3315 3182 lis
3349 3125 3499 3181 enim
3543 3125 3638 3193 qui

2042 3246 2145 3302 per
2169 3236 2427 3284 naturam
2451 3226 2585 3298 quid
2630 3224 2889 3281 obtinent
2913 3264 2927 3286 ,
2950 3223 3080 3276 'non
3114 3235 3256 3290 opus
3284 3227 3391 3281 est,
3420 3224 3481 3270 ut
3538 3215 3641 3268 ha-

2042 3323 2212 3378 beant
2233 3337 2334 3392 per
2364 3319 2600 3391 gratiam
2654 3316 2776 3373 Dei.
2831 3315 2938 3373 Ubi
2994 3313 3164 3369 etiam
3216 3309 3410 3366 mirari
3466 3306 3639 3372 subit,

2042 3415 2269 3487 quinam
2296 3411 2590 3469 Nestorius
2607 3427 2673 3467 ea
2704 3426 2827 3481 quae
2856 3406 3133 3479 prmcipue
3159 3404 3228 3461 ad
3256 3419 3375 3460 rem
3405 3401 3639 3465 faciunt,

2044 3525 2113 3565 ex
2146 3509 2369 3563 Patrum
2394 3503 2743 3575 expositione
2766 3500 3128 3563 subtrahens,
3170 3506 3231 3553 ut
3261 3496 3485 3566 obtegat
3524 3492 3645 3546 haec

2046 3603 2188 3673 ipsa,
2219 3616 2339 3656 sese
2359 3598 2768 3669 expositionem
2794 3593 2924 3649 ﬁdei
2947 3594 3194 3664 ipsorum
3212 3588 3453 3659 probare
3473 3584 3642 3673 dicat.

2044 3672 2102 3750 Si
2131 3694 2280 3749 enim
2322 3692 2523 3762 probet
2548 3705 2671 3760 qua:
2698 3688 2912 3749 dixere,
2951 3700 3062 3739 non
3088 3679 3381 3737 subtrahat
3404 3674 3457 3731 id
3490 3672 3643 3745 quod

2045 3788 2281 3842 maxime
2310 3784 2378 3839 ad
2412 3798 2529 3840 rem
2568 3781 2816 3852 pertinet
2848 3796 2861 3831 :
2890 3777 2937 3833 si
2967 3785 3152 3831 autem
3188 3773 3257 3829 de
3283 3773 3509 3827 Patrum
3544 3783 3644 3824 ex-

2047 3873 2325 3945 positione
2378 3871 2432 3926 id
2482 3868 2784 3931 subtrahit,
2820 3866 2971 3937 quod
3026 3864 3190 3919 fidem
3250 3862 3495 3931 ipsorum
3531 3873 3621 3913 ma

2048 3965 2196 4019 xime
2216 3962 2447 4026 indicat,
2474 3970 2738 4031 tanquam
2761 3954 3126 4029 opinionibus
3153 3951 3270 4007 suis
3292 3962 3642 4021 repugnans;

2051 4056 2186 4128 quid
2210 4070 2336 4110 cum
2368 4054 2478 4108 illis
2508 4063 2562 4108 te
2597 4051 2916 4107 consentire
2945 4048 3110 4111 dicis,
3178 4045 3385 4116 quibus
3424 4043 3645 4098 obtem-

2050 4164 2245 4220 perare
2278 4162 2393 4202 non
2415 4144 2575 4201 velis.
2627 4144 2736 4200 Sed
2786 4144 3017 4198 Patrum
3057 4138 3447 4194 auctoritatem
3471 4132 3646 4191 veluti

2047 4256 2231 4296 escam
2280 4238 2507 4310 proprio
2537 4236 2719 4292 errori
2763 4249 3072 4306 apponens,-
3122 4230 3496 4303 simpliciores
3544 4228 3649 4283 hac

1977 4319 2029 4380 Ι)
2058 4334 2175 4405 ipsa
2208 4332 2264 4387 in
2288 4345 2544 4387 errorem
2592 4329 2804 4388 trahis:
2848 4326 3118 4382 simulans
3147 4323 3373 4395 quidem
3407 4331 3461 4377 te
3498 4320 3649 4377 anti-

354 4438 522 4495 quam
583 4423 933 4494 prastendere
980 4424 1180 4490 fidem;
1220 4424 1321 4480 sed
1369 4425 1439 4479 ad
1487 4426 1777 4497 proprium
1838 4438 2091 4479 errorem
2133 4423 2433 4478 verborum
2489 4418 2971 4475 subtractionibus
3004 4432 3127 4473 eam
3178 4422 3524 4487 pervertens.

398 4514 527 4571 ‘IB'.
572 4516 791 4588 Ἐπειδὴ
829 4517 888 4570 δὲ
930 4518 1025 4571 καὶ
1051 4518 1214 4580 αὐτὸς
1252 4517 1317 4571 τδ
1358 4517 1569 4589 Ἰησοῦς
1634 4517 1810 4589 ὄνομα
1849 4516 1951 4588 τῆς

356 4605 647 4680 ἀνθρώπου
679 4607 894 4677 φύσεως
921 4608 1091 4678 μόνης
1118 4609 1496 4680 προσηγορίαν
1524 4610 1707 4663 καλεῖ·
1733 4610 1949 4679 ταύτην

358 4697 468 4771 γάρ
500 4698 671 4767 ἔθετο,
704 4701 859 4771 φησὶ,
886 4699 986 4771 τὴν
1009 4700 1374 4773 ὀνομασίανή
1403 4700 1682 4772 Παρθένος
1709 4700 1788 4770 τῷ
1820 4700 1948 4770 βρέ-

359 4808 471 4861 φειν
502 4793 648 4847 κατά
685 4794 934 4864 χρησμὸν
962 4792 1058 4846 τοῦ
1097 4792 1333 4863 ἀγγέλου
1364 4792 1653 4863 λέγοντος’
1692 4812 1711 4846 ι
1767 4793 1947 4847 Καλέ-

362 4901 476 4949 σεις
504 4885 567 4938 τδ
602 4883 775 4954 ὄνομα
804 4884 972 4938 αὐτοῦ
1016 4885 1257 4956 Ἰησοῦνο
1308 4905 1328 4938 ι
1365 4888 1480 4940 Kal
1508 4885 1668 4940 τοῦτο
1703 4885 1950 4955 στρέφων

364 4974 602 5046 ξυνεχῶς
643 4976 703 5029 ἐν
734 4975 813 5041 τῷ
848 4976 986 5044 πρὸς
1022 4976 1114 5029 τὸν
1151 4976 1324 5047 μέγαν
1370 4978 1465 5031 καὶ
1497 4976 1802 5045 ἁγιώτατον
1829 4976 1954 5030 ἐπί-

364 5084 569 5123 σκοπον
596 5068 867 5140 Κύριλλον
910 5068 1249 5140 γράμματι,
1287 5070 1473 5137 λέγει·
1511 5068 1622 5124 Τοῦ
1660 5070 1717 5124 δέ
1775 5069 1953 5140 Ἰησοῦ

361 5159 718 5231 γεννηθέντος
751 5164 810 5216 ἐν
854 5162 1105 5233 Βηθλεὲμ
1128 5162 1230 5233 τῆς
1266 5162 1566 5227 Ἰουδαίας⁸
1604 5183 1625 5215 ι
1660 5163 1757 5217 καὶ
1800 5161 1951 5234 ἑξῆς.

371 5270 390 5302 ο
441 5252 743 5325 Ἐγεννήθη
773 5255 801 5306 ὀ
824 5253 1031 5325 Κύριος
1059 5253 1224 5325 ἡμῶν
1261 5252 1470 5325 Ἰησοῦς
1498 5253 1738 5325 Χριστὸς
1757 5294 1772 5315 ,
1812 5274 1831 5307 ι
1863 5254 1958 5309 καῖ

379 5363 397 5393 ι
441 5339 624 5415 Ηῦρον
656 5346 773 5398 ,τὸν
814 5345 1023 5417 Ἰησοῦν
1068 5347 1127 5398 ἐν
1174 5346 1326 5418 μέσῳ
1366 5348 1478 5400 τεῒν
1523 5348 1897 5401 διδασκάλων·
1937 5372 1953 5398 ν

368 5432 643 5504 πανταχοῦ
660 5434 757 5503 τὴν
776 5434 1122 5505 ἀνθρωπείαν
1150 5434 1313 5504 φύσιν
1329 5440 1393 5507 τῇ
1424 5435 1517 5489 τοῦ
1548 5434 1755 5505 Ἰησοῦς
1788 5454 1961 5507 προσ-

371 5527 571 5597 ηγορίᾳ
609 5527 895 5581 καλεῖσθαι
948 5527 1291 5598 βουλόμενος.
1325 5531 1468 5597 Ὅρα
1495 5530 1611 5592 πῶς
1639 5533 1670 5598 η
1713 5530 1825 5583 τῶν
1851 5532 1963 5583 Πα-

374 5619 551 5689 τέρων
582 5619 879 5690 παράδοσις
912 5619 1199 5692 πανψηφεὶ
1229 5620 1508 5687 παντελῶς
1548 5626 1753 5692 ταύτην
1795 5623 1963 5677 αὑτοῦ

2123 4514 2241 4569 XII.
2268 4512 2541 4581 Quoniam
2580 4526 2714 4566 vero
2742 4511 2890 4566 idem
2936 4510 3028 4565 ille
3062 4523 3265 4565 nomen
3316 4507 3447 4562 Iesu
3477 4506 3653 4561 solius

2053 4607 2311 4661 humanze
2352 4615 2567 4659 natura:
2623 4601 3055 4673 appellationem
3100 4606 3294 4655 vocat:
3350 4598 3458 4652 hoc
3500 4596 3652 4651 enim

2057 4714 2281 4761 nomen,
2324 4696 2527 4767 inquit,
2578 4696 2847 4766 imposuit
2872 4695 3040 4765 Virgo
3078 4692 3299 4755 infanti,
3345 4689 3650 4746 secundum

2054 4792 2234 4864 angeli
2284 4790 2761 4862 praedicationem,
2796 4785 3064 4842 dicentis:
3105 4804 3124 4836 ι
3169 4782 3404 4840 Vocabis
3446 4797 3653 4838 nomen

2053 4885 2175 4956 ejus
2201 4883 2391 4939 Iesum
2418 4884 2459 4914 ¹¹
2494 4901 2506 4935 :
2554 4902 2572 4934 ι
2607 4889 2666 4936 et
2686 4880 2806 4936 haec
2834 4878 3103 4935 continuo
3140 4876 3199 4931 in
3220 4890 3318 4931 ore
3346 4888 3575 4930 versans
3597 4873 3653 4928 in

2055 4992 2159 5032 suo
2193 4975 2463 5031 adversus
2492 4987 2756 5044 magnum
2786 4977 2845 5027 et
2869 4966 3289 5025 sanctissimum
3329 4964 3654 5037 episcopum

2054 5067 2327 5141 Cyrillum
2368 5065 2576 5136 scripto
2622 5064 2734 5119 ait:
2794 5081 2813 5114 ι
2851 5060 2991 5118 Cum
3025 5075 3159 5131 ergo
3191 5065 3360 5114 natus
3390 5064 3540 5111 esset
3561 5054 3657 5110 Ie-

2055 5176 2152 5217 sus
2191 5160 2249 5214 in
2285 5158 2571 5214 Bethleem
2598 5156 2772 5213 Iudae.
2814 5173 2833 5206 ι
2872 5153 2921 5185 ’³
2963 5152 3136 5208 Item:
3175 5170 3191 5201 ι
3248 5149 3327 5203 De
3350 5163 3459 5218 qua
3491 5154 3660 5201 natus

2058 5260 2146 5307 est
2194 5250 2465 5305 Dominus
2518 5248 2682 5303 Iesus
2722 5244 2998 5301 Christus.
3032 5262 3050 5293 ι
3082 5242 3128 5275 ³³
3159 5241 3334 5295 Item:
3377 5257 3395 5288 ι
3429 5238 3661 5293 Invene-

2067 5353 2196 5397 runt
2224 5342 2414 5397 Iesum
2446 5341 2501 5395 in
2531 5339 2714 5395 medio
2731 5336 3026 5392 doctorum
3056 5334 3138 5400 ἐς
3181 5353 3198 5384 ι
3235 5331 3444 5401 ubique
3468 5330 3660 5399 appel-

2065 5437 2270 5492 latione
2311 5436 2440 5491 Iesu
2492 5434 2793 5488 bumanam
2828 5438 3083 5486 naturam
3125 5424 3407 5497 indigitari
3444 5424 3658 5478 volens.

2066 5530 2210 5585 Ecce
2235 5538 2298 5583 ut
2322 5526 2547 5584 Patrum
2575 5524 2799 5581 traditio
2813 5520 3061 5577 unanimi
3085 5518 3352 5589 suffragio
3375 5516 3519 5571 hanc
3539 5516 3663 5585 ejus

2067 5620 2406 5679 sententiam
2429 5618 2664 5676 omnino
2689 5616 2999 5674 subvertet.
3019 5613 3158 5669 Nam
3192 5612 3348 5668 illum
3377 5611 3558 5681 ipsum
3593 5624 3663 5662 ex

449 5793 492 5826 “
535 5794 667 5849 Luc.
706 5810 741 5861 ι,
782 5794 867 5849 ει.
944 5798 985 5827 ³³
1026 5796 1217 5850 Matth.
1254 5812 1308 5861 ιι,
1356 5796 1401 5850 l.
1481 5799 1524 5827 "
1552 5795 1740 5851 Matth.
1772 5813 1809 5864 ι,
1847 5798 1927 5850 lti.

2041 5814 2042 5821 ‘
2080 5794 2214 5852 Luc.
2243 5811 2298 5849 ll.
2338 5794 2415 5851 i6.
