4098 6344
208 378 233 432 1
243 378 355 435 337

1381 375 1745 433 EXPOSITIO
1786 373 2079 431 SYMBOLI
2121 372 2392 430 ΝΙΕᾹΞΝΙ.

3358 370 3379 423 ί
3390 370 3499 426 533

206 492 283 545 δι’
318 491 468 560 ἡμᾶς
499 489 623 551 τοὺς
671 487 1011 558 ἀνθρώπους.
1045 488 1196 557 ιρασὶ,
1235 490 1328 542 καὶ
1349 488 1441 542 διὰ
1467 489 1569 559 τὴν
1593 487 1795 559 ἡμετέ-

1915 487 2070 549 iisse,
2095 496 2153 543 et
2179 488 2548 549 incarnatum,
2576 497 2632 542 et
2667 488 2949 541 hominem
2986 484 3211 547 factum,
3240 499 3494 553 passum-

215 598 322 652 ραν
367 578 642 651 σωτηρίαν
692 578 1045 642 κατελθόντα,
1089 579 1462 652 σαρκωθέντα,
1496 580 1592 633 καὶ
1645 582 1799 633 ἐναν-

216 674 613 745 θρωπήσαντα.
645 672 884 726 παθόντα
918 675 1013 727 καὶ
1036 674 1344 727 ἀναστάντα
1378 675 1445 744 τῇ
1476 674 1635 745 τρίτῃ
1661 672 1803 744 ἡμέ-

220 784 315 838 ρᾳ.
375 766 593 836 Ἐπειδὴ
645 766 756 835 γὰρ
806 764 967 819 εἶπαν
1014 766 1344 820 κατελθόντα
1390 764 1483 818 τὸν
1536 767 1801 836 μονογενῆ

216 855 355 911 Θεὸν
377 856 568 925 Λόγον,
607 858 694 911 ἴνα
728 858 801 929 μὴ
828 859 1057 928 τοπικὴν
1078 857 1214 911 Θεοῦ
1237 858 1437 929 νοήσῃς
1467 857 1767 927 μετάϐασιν
1785 873 1798 887 ·

221 948 414 1021 θεότης
451 952 561 1022 γὰρ
590 953 657 1005 τὰ
692 954 869 1012 πάντα
898 952 1118 1022 πληροῖ,
1142 952 1240 1022 τῆς
1263 950 1401 1015 ιδίας
1429 951 1531 1004 οὐκ
1564 950 1803 1019 ἀπολιμ-

222 1042 504 1114 πανομὲνη
554 1044 937 1118 δημιουργίας·
970 1045 1333 1117 ἑρμηνεύουσι
1369 1045 1429 1099 τὸ
1459 1063 1477 1097 ι
1516 1043 1806 1097 κατελθόν-

221 1152 313 1200 τα,
342 1155 361 1188 ι
397 1138 664 1202 τουτέστι,
696 1139 967 1206 λέγοντες,
1010 1157 1028 1190 ι
1059 1138 1413 1207 σαρκωθέντα
1435 1155 1450 1171 ·
1476 1156 1494 1189 ι
1521 1139 1623 1189 οὐκ
1648 1137 1804 1204 οἰκή-

223 1244 397 1282 σαντα
432 1231 591 1300 μόνον
640 1233 697 1283 ὲν
737 1233 802 1301 τῇ
842 1231 1027 1299 σαρκὶ.
1056 1231 1194 1283 ἀλλὰ
1243 1229 1597 1303 σαρκωθέντα
1636 1227 1801 1297 φασί·

222 1321 399 1396 ταύτῃ
442 1325 508 1394 τῇ
558 1322 700 1387 λέξει
751 1322 889 1376 Θεοῦ
927 1341 986 1376 τε
1026 1325 1119 1379 καὶ
1146 1322 1434 1393 ἀνθρώπου
1468 1322 1662 1376 ἕνωσιν
1698 1338 1806 1391 μη-

224 1414 448 1478 νύοντες
495 1414 907 1486 ἀκριϐέστερον.
944 1416 1115 1469 Τοῦτο
1156 1417 1267 1487 γάρ
1302 1417 1444 1479 ἐστι,
1487 1415 1642 1483 φασὶ.
1675 1432 1810 1468 κατ-

224 1507 499 1579 ελθόντα,
530 1505 593 1559 τὸ
619 1507 967 1579 σαρκωθῆναι
986 1509 1076 1561 τὸν
1098 1508 1340 1577 ἄσαρκον
1364 1506 1453 1561 διὰ
1472 1507 1572 1577 τὴν
1598 1505 1811 1577 ἀνθρώ-

227 1616 349 1654 πων
377 1599 546 1670 ζωὴν,
564 1600 624 1653 οῦ
652 1600 1084 1672 μεταϐληθείσης
1109 1600 1212 1670 τῆς
1236 1599 1471 1669 φύσεως.
1506 1598 1675 1653 Πάλιν
1699 1600 1808 1670 γὰρ

226 1690 611 1763 ἀσφαλιξέσθω
662 1692 731 1746 τὰ
779 1694 1048 1763 δόγματα,
1104 1695 1285 1746 πᾶσαν
1319 1692 1489 1763 Θύραν
1548 1691 1811 1761 ἐπηρείας

227 1783 587 1838 ἀποκλείοντα
623 1788 689 1855 τῇ
724 1786 921 1857 πλάνῃ.
945 1786 1017 1840 Οὐ
1052 1784 1414 1855 μεταϐληθεὶς
1461 1783 1561 1853 τὴν
1591 1783 1753 1853 φύσιν
1781 1785 1814 1839 ἁ

227 1877 360 1941 Θεὸς
388 1878 613 1945 γέγονεν
646 1879 931 1951 ἄνθρωπος
952 1897 966 1910 ο
1015 1880 1197 1947 ἄπαγε
1219 1895 1231 1908 ο
1284 1878 1424 1951 ,ἀλλὰ
1458 1876 1809 1947 Θαυματουρο

225 1969 403 2041 γήσας
433 1970 533 2041 τὴν
563 1970 785 2025 ἕνωσιν·
813 1973 873 2025 οὖ
906 1970 1147 2042 παθητὸς
1184 1971 1474 2041 γενόμενος
1500 1969 1599 2042 τὴν
1627 1969 1807 2037 φύσιν,

227 2062 365 2117 ἀλλὰ
405 2062 594 2117 παθὼν
625 2066 691 2133 τῇ
731 2064 864 2134 πρὸς
888 2064 949 2117 τδ
980 2063 1220 2133 παθητὸν
1265 2063 1483 2133 ἀκριϐεῖ
1534 2061 1807 2133 κοινωνίᾳ.

228 2151 428 2223 Εἱ¹μὲν
472 2153 581 2225 γὰρ
614 2155 794 2224 γυμνὴ
831 2155 863 2224 ὴ
905 2152 1068 2222 φύσις
1103 2151 1199 2206 τοῦ
1244 2152 1382 2207 Θεοῦ
1410 2152 1471 2204 τὸ
1493 2151 1666 2214 πάθος
1700 2151 1812 2204 ἐδέ-

228 2262 375 2317 χετο,
406 2245 576 2310 ὅντως
604 2246 901 2316 ἐλέγχομεν
928 2246 1061 2300 Θεὸν
1101 2245 1373 2316 παθητόν·
1396 2246 1444 2298 εἰ
1475 2246 1531 2298 δὲ
1562 2244 1813 2298 πιστεύο-

234 2353 354 2407 μεν,
386 2336 518 2392 Θεὸν
550 2337 650 2408 μὲν
694 2338 835 2409 ὑπὲρ
859 2339 1165 2419 ἁνθρὼτὲυν
1213 2338 1438 2409 θελῆσαι
1469 2338 1683 2399 παθεῖν,
1711 2338 1813 2407 τῆς

230 2429 287 2491 δὲ
337 2430 554 2499 φύσεως
593 2431 655 2484 οὐ
703 2431 1000 2502 δεχομένης
1050 2433 1113 2485 τὸ
1160 2432 1351 2497 πάθος,
1406 2433 1677 2502 ὲνωθῆναι
1725 2430 1813 2485 διὰ

230 2521 387 2576 τοῦτο
414 2521 494 2591 τῷ
519 2522 767 2594 παθητῷ.
796 2524 892 2576 καὶ
936 2526 1001 2592 τῇ
1033 2522 1225 2577 ὲνὼσει
1256 2523 1425 2594 ταύτῃ
1450 2523 1708 2589 δέξασθαι
1753 2523 1813 2576 τὸ

234 2612 434 2677 πάθος
478 2614 539 2667 οὐ
579 2614 824 2685 παθητὸν
863 2614 1018 2679 Θεὸν,
1057 2616 1197 2669 ἀλλὰ
1230 2616 1614 2687 φιλάνθρωπον
1658 2616 1815 2685 λέγο-

236 2719 335 2772 μεν
353 2718 368 2735 ο
402 2703 501 2757 οὐκ
531 2703 903 2775 ἁσθενήσαντα
931 2706 1021 2759 διὰ
1046 2697 1115 2759 ἰδ’
1131 2706 1322 2771 πάθος,
1356 2707 1491 2760 ἀλλὰ
1516 2706 1815 2778 δυνηθέντα

229 2795 300 2848 τὰ
324 2796 465 2867 ὑπὲρ
486 2796 669 2864 φύσιν.
705 2797 803 2850 Διὰ
842 2797 1001 2850 τοῦτο
1020 2800 1069 2851 oi
1105 2798 1349 2869 Πατέρες
1378 2798 1629 2861 εἰπόντες
1650 2798 1813 2852 αὑτὸν

234 2889 602 2959 σαρκωθέντα,
667 2891 969 2959 ἐπήγαγον,
1020 2890 1551 2960 ἐνανθρωπήσαντα’
1580 2890 1810 2954 τούτοις,

229 2979 305 3043 ᾡς
332 2980 485 3049 ἔφην,
521 2980 773 3052 θεότητός
795 2999 854 3033 τε
888 2982 983 3034 καὶ
1016 2982 1435 3052 ἁνθρωπότητος
1465 2981 1645 3051 ἄκραν
1678 2981 1814 3034 Evn)-

233 3088 317 3125 σιν
355 3071 757 3139 ὑποτιθέμενοι.
812 3073 889 3125 Δι’
920 3073 986 3139 ἣν
1010 3072 1191 3125 αἰτίαν
1242 3072 1502 3140 ἀσφαλῶς
1529 3074 1813 3142 ἐπήγαγον

232 3162 365 3232 περὶ
392 3161 532 3215 Θεοῦ
562 3162 831 3230 λέγοντες,
862 3163 943 3227 τὸ,
975 3162 1217 3216 παθόντα
1237 3179 1249 3193 ’
1276 3164 1364 3217 ἵνα
1391 3162 1465 3233 μὴ
1492 3163 1652 3231 φύσιν
1674 3161 1810 3216 Θεοῦ
1840 3190 1881 3245 C

229 3256 511 3324 νοήσωμεν
556 3254 824 3327 παθητὴν,
861 3255 998 3308 ἀλλὰ
1053 3254 1295 3309 παθόντα
1320 3256 1479 3315 Θεὸν.
1530 3255 1619 3309 διὰ
1664 3256 1727 3309 τὸ
1754 3255 1811 3309 ἓν

228 3347 482 3415 γενέσθαι
507 3348 641 3416 πρὸς
675 3349 735 3402 τὸ
765 3349 1007 3421 παθητὸν
1038 3349 1183 3403 κατὰ
1214 3348 1521 3419 ἀκρίϐειαν.

298 3589 398 3641 ιῑο.
442 3589 551 3641 Καὶ
587 3590 660 3658 μὴ
701 3589 993 3664 θαυμάσῃς
1037 3592 1213 3661 λόγων
1263 3593 1480 3648 ἀκούων
1533 3595 1813 3649 νικώντων

225 3676 320 3729 ἱὸν
352 3676 530 3744 λόγον.
566 3678 680 3747 Τῆς
726 3680 943 3747 φύσεως
992 3683 1260 3753 κρείττων
1313 3685 1554 3752 ἐγένετο.
1594 3686 1658 3739 Ἠ
1715 3688 1814 3756 μὲν

228 3766 338 3839 γὰρ
385 3767 691 3841 ἀνθρώπων
741 3770 902 3840 φύσις
936 3777 999 3827 ὲκ
1030 3775 1345 3848 σπέρματος
1372 3779 1616 3845 γίνεται·
1644 3780 1760 3833 ἀλλ’
1788 3784 1817 3834 ὁ

230 3857 421 3931 Σωτὴρ
454 3860 520 3912 τὰ
560 3860 702 3931 ὑπὲρ
732 3862 894 3931 φύσιν
927 3867 1024 3937 τὴν
1052 3867 1333 3940 ἡμετέραν
1381 3868 1809 3943 θαυματουργεί.

231 3947 304 4000 Οῦ
343 3948 451 4019 γὰρ
490 3948 684 4022 ἐδεήθη
728 3953 1064 4023 σπέρματος,
1100 3958 1195 4010 καὶ
1244 3959 1467 4027 γέγονεν
1498 3961 1807 4032 ἄνθρωπος.

229 4038 540 4109 Θαυμάζεις
565 4042 723 4097 τοῦτο
754 4046 1071 4112 πιστεύσας,
1114 4051 1209 4104 καὶ
1244 4053 1345 4106 οὐκ
1377 4057 1607 4125 ἐρευνᾷς
1666 4056 1813 4124 λογι-

233 4134 388 4200 σμοῖς
408 4151 421 4197 ;
445 4134 641 4189 οὐκοῦν
674 4137 896 4191 πίστευε
925 4143 1149 4196 κάκεῖνο
1169 4142 1197 4195 ὃ
1232 4144 1361 4210 περὶ
1388 4147 1488 4215 τῆς
1530 4147 1810 4219 Παρθένου

234 4226 626 4291 πεπίστευκας.
678 4231 741 4283 Εἰ
790 4232 899 4303 γὰρ
932 4235 1029 4287 οὐκ
1064 4235 1331 4308 ἠλλοιώθη
1390 4240 1670 4311 Παρθένος
1717 4243 1813 4296 καὶ

237 4319 419 4388 μήτηρ
449 4320 686 4386 ἐγένετο,
727 4323 822 4375 καὶ
851 4324 983 4378 Θεὸς
1022 4327 1094 4397 μὴ
1122 4328 1437 4393 ἀλλοιωθεὶς
1460 4332 1684 4398 γέγονεν
1712 4334 1810 4387 ἄν·

236 4408 452 4478 θρωπος
472 4428 485 4441 ο
518 4410 594 4475 ὡς
622 4412 795 4467 ταῦτα
826 4415 956 4487 δέχῃ
991 4416 1307 4486 θαυμάζων.
1344 4422 1436 4473 καὶ
1465 4422 1618 4475 οὐδὲν
1643 4425 1810 4477 πολυ-
1844 4401 1889 4457 Ῑ)

235 4501 589 4571 πραγμονῶν,
619 4503 774 4574 δέχου
798 4508 1044 4572 κάκεῖνοι,
1069 4510 1205 4563 Θεοῦ
1222 4514 1628 4580 συγκαταϐασιν
1660 4518 1817 4570 ἐπαι-

236 4593 363 4657 νῶν,
392 4596 487 4649 καὶ
520 4596 771 4666 μηδαμοῦ
808 4600 1021 4665 φύσεως
1059 4603 1249 4671 λόγους
1273 4608 1459 4660 κινῶν.
1498 4610 1609 4662 Καὶ
1642 4609 1817 4664 ταῦτα

238 4690 466 4750 κάκεῖνα
485 4690 620 4743 Θεοῦ
645 4690 835 4759 γέγονε
874 4690 1149 4764 θαύματα.
1174 4698 1289 4767 Μιᾷ
1326 4698 1501 4752 πίστει
1528 4702 1818 4772 ὰμιοότερα

240 4780 504 4849 μάνθανε,
550 4786 644 4837 καὶ
677 4784 749 4855 μὴ
782 4786 971 4839 ἑαυτὸν
1020 4789 1263 4865 ἐμϐάλῃς
1293 4792 1621 4863 ἀπεραντοις
1647 4792 1818 4865 ζητή-

242 4889 441 4942 μασινο
478 4874 565 4927 ἵνα
613 4878 687 4947 μὴ
736 4878 963 4931 τοιαῦτα
1001 4880 1202 4950 ζητῶν,
1240 4885 1374 4951 προς
1429 4885 1529 4955 μὲν
1561 4886 1621 4939 τὸ
1656 4887 1819 4957 βάθος

237 4961 330 5015 τοῦ
379 4963 537 5029 λόγου
586 4966 880 5039 καταδῦἶὶς-
916 4970 1207 5036 ἀνέξαπθαι
1256 4974 1314 5027 δὲ
1347 4975 1421 5044 μὴ
1466 4976 1720 5047 δυνηθῇςδ
1762 4979 1820 5030 ἐν

238 5054 388 5124 αὐτῷ
421 5056 567 5127 βυθῷ
595 5057 686 5111 τοῦ
722 5058 1035 5131 ζητήματος
1060 5066 1376 5135 ναυαγήσας
1413 5066 1823 5136 ξυντραφέντας

238 5146 502 5217 ἁπλότητι
556 5150 810 5215 πίστεως.
872 5155 1234 5223 Συκοφαντῶν
1289 5158 1397 5230 γὰρ
1432 5160 1601 5229 ημᾶς,
1636 5161 1823 5230 ἠπάτα

166 5294 170 5299 ,
238 5241 365 5305 τοὺς
414 5241 857 5316 ἁπλουστέρους,
910 5247 987 5306 ὡς
1041 5249 1201 5320 ἡμῶν
1253 5252 1496 5323 παθητὸν
1553 5252 1822 5320 λεγόντων

239 5328 377 5387 εἶναι
434 5335 495 5389 τὸ
530 5334 699 5392 Θεῖον.
742 5339 960 5412 Ἐπειδὴ
1002 5341 1092 5395 διὰ
1132 5342 1230 5415 τὴν
1283 5345 1420 5417 πρὸς
1472 5346 1532 5399 τὸ
1582 5347 1825 5419 παθητὸν

240 5425 557 5497 ἀπόρρητόν
613 5445 672 5482 τε
717 5432 810 5484 καὶ
863 5433 1173 5504 ἁσῦγχυτον
1203 5436 1397 5490 ἕνωσιν
1429 5437 1564 5491 Θεοῦ
1590 5438 1823 5509 λέγομεν

242 5513 351 5568 ἴδια
410 5518 692 5585 γεγονέναι
751 5521 822 5575 τὰ
865 5524 1011 5596 πάθη
1042 5542 1053 5555 ·
1088 5524 1126 5581 ἃ.
1174 5528 1316 5581 κατὰ
1374 5527 1825 5601 θαυματουργίαν

240 5605 376 5661 Θεοῦ
405 5610 659 5676 γενέσθαι
691 5616 893 5685 φαμὲν,
922 5616 985 5670 οὐ
1016 5619 1158 5671 κατὰ
1176 5618 1461 5673 ἀλλοίωσιν
1483 5621 1583 5689 τῆς
1610 5624 1820 5687 οὐσίας.

242 5700 302 5753 Ei
335 5702 444 5773 γὰρ
477 5704 735 5776 ἐλέγομεν
760 5710 1087 5765 πεπονθέναι
1128 5712 1389 5782 παθητὸν,
1417 5715 1517 5767 οῦκ
1548 5711 1615 5785 ἦν
1640 5715 1825 5784 Θαῦμα

244 5796 300 5841 τε
334 5800 721 5867 γεγενημένον’
755 5802 815 5849 τὸ
849 5803 953 5869 γὲιίι
1001 5805 1085 5853 τὸν
1148 5805 1385 5876 παρῃτον
1441 5807 1646 5865 παθεῖν,
1688 5810 1825 5861 vat}

1903 594 2033 647 que,
2060 588 2116 634 et
2136 578 2503 633 resurrexisse
2528 578 2688 633 tertia
2713 577 2802 633 die
2826 576 2999 631 aiunt.
3026 577 3322 645 Postquam
3344 579 3497 632 enim

1905 671 2180 735 dixerant,
2216 671 2560 742 unigenitum
2606 671 2779 727 Deum
2821 670 3065 726 Verbum
3114 670 3493 736 descendisse,

1908 780 1978 820 ne
2013 764 2242 819 loealem
2284 764 2381 819 Dei
2422 765 2714 819 transitum
2738 764 3077 836 intelligeres
3105 762 3306 835 (deitas
3344 763 3497 819 enim

1907 859 2092 913 omnia
2125 858 2336 929 implet,
2367 874 2397 914 a
2440 860 2665 929 propria
2694 867 2950 914 creatura
2985 875 3255 930 nusquam
3314 860 3499 929 sejun-

1909 952 2069 1023 cta),
2097 954 2375 1023 explicant
2419 952 2554 1006 illud
2588 971 2606 1003 ι
2642 951 2995 1013 descendisse
3022 993 3037 1018 ,
3076 971 3093 1003 ι
3131 951 3265 1007 dum
3304 951 3494 1017 aiunt,

1916 1067 1934 1097 ι
1973 1047 2079 1102 hoc
2103 1056 2208 1110 est,
2251 1048 2596 1101 inearnatum
2630 1061 2785 1103 esse:
2826 1065 2845 1093 ι
2880 1061 2992 1100 non
3032 1046 3209 1100 solum
3236 1044 3498 1099 habitan-

1910 1148 2017 1194 tem
2050 1140 2105 1193 in
2134 1154 2319 1202 carne,
2355 1138 2450 1193 sed
2486 1138 2828 1192 incarnatum
2851 1136 3065 1199 dicunt,
3098 1135 3195 1189 Dei
3225 1135 3499 1189 hominis-

1908 1246 2017 1301 que
2057 1231 2319 1286 unionem
2360 1230 2675 1286 accuratius
2705 1230 2813 1285 hoc
2846 1226 3108 1299 loquendi
3156 1226 3322 1282 modo
3351 1226 3500 1282 indi-

1911 1333 2117 1379 cantes.
2152 1322 2270 1378 Hoc
2291 1323 2464 1386 enim,
2501 1322 2780 1392 inquiunt,
2802 1329 2889 1376 est
2912 1318 3289 1383 descendisse,
3314 1318 3502 1374 carnis

1909 1426 2191 1486 expertem
2222 1416 2499 1472 incarnari
2535 1422 2762 1485 propter
2794 1414 3080 1469 hominum
3116 1412 3372 1477 salutem,
3404 1425 3503 1466 na-

1913 1517 2038 1562 tura
2067 1520 2415 1577 nequaquam
2452 1514 2681 1560 mutata.
2740 1504 2877 1558 Nam
2926 1502 3241 1575 dogmatum
3292 1500 3507 1557 securi-

1915 1584 2011 1655 tati
2057 1615 2253 1655 rursus
2289 1598 2713 1662 consulendum,
2761 1612 2885 1667 qua:
2913 1612 3133 1651 omnem
3178 1595 3506 1652 temeritatis

1908 1697 2132 1764 ianuam
2160 1692 2339 1747 errori
2368 1692 2729 1761 praecludant.
2754 1691 2872 1745 Non
2895 1689 3042 1745 enim
3076 1698 3286 1744 mutata
3305 1695 3506 1743 natura

1914 1785 2060 1839 Deus
2084 1784 2250 1839 homo
2269 1783 2445 1838 factus
2471 1791 2557 1838 est
2585 1782 2775 1855 (absit)
2798 1783 2811 1836 !
2834 1782 2927 1837 sed
2956 1782 3220 1837 unionem
3258 1781 3504 1836 miracu-

1914 1878 2029 1932 lose
2050 1876 2365 1951 perﬁciens,
2391 1890 2503 1931 non
2539 1876 2825 1946 passibilis
2852 1875 3030 1931 factus
3056 1874 3361 1930 secundum
3403 1888 3504 1929 na-

1915 1980 2117 2035 turam,
2167 1970 2261 2026 sed
2302 1970 2520 2040 patiens
2550 1969 2623 2024 ob
2669 1978 2877 2025 arctam
2906 1984 3033 2025 cum
3072 1968 3321 2039 passibili
3349 1982 3507 2024 eom—

1914 2060 2253 2113 munionem.
2309 2058 2446 2112 Nam
2496 2058 2543 2112 si
2603 2058 2753 2113 nuda
2803 2058 2900 2113 Dei
2956 2054 3154 2113 natura
3192 2058 3509 2129 passionem

1914 2151 2288 2213 sustinuisset.
2326 2165 2522 2205 revera
2554 2150 2728 2205 Deum
2763 2151 3079 2220 passibilem
3112 2167 3504 2222 argueremns:

1914 2251 1969 2296 at
2008 2241 2053 2295 si
2095 2240 2404 2304 credamus,
2436 2241 2611 2295 Deum
2638 2255 2741 2310 pro
2774 2240 3097 2296 hominibus
3135 2241 3247 2311 pati
3279 2241 3509 2311 quidem

1914 2333 2184 2399 voluisse;
2220 2342 2415 2388 natura
2459 2342 2644 2387 autem
2677 2333 2990 2402 passionem
3033 2348 3143 2387 non
3181 2333 3507 2403 recipiente,

1915 2434 2206 2496 propterea
2263 2424 2510 2495 passibili
2564 2428 2783 2480 unitum
2844 2441 2997 2487 esse.
3054 2437 3108 2483 et
3162 2428 3261 2482 hac
3305 2426 3510 2481 unione

1916 2518 2227 2588 passionem
2276 2518 2589 2588 suscepisse
2619 2536 2631 2571 :
2662 2533 2774 2573 non
2817 2519 3139 2589 passibilem
3175 2519 3374 2583 Deum,
3412 2517 3511 2574 sed

1915 2609 2335 2665 misericordem
2374 2610 2647 2675 dicimus';
2682 2626 2796 2666 non
2836 2611 3117 2666 inﬁrmum
3153 2620 3211 2667 et
3238 2612 3515 2682 impoten-

1918 2711 2026 2756 tem
2061 2712 2288 2773 propter
2311 2702 2651 2773 passionem.
2692 2702 2787 2758 sed
2824 2711 3111 2773 potentem
3144 2718 3313 2772 supra
3348 2711 3516 2757 natu-

1916 2806 2053 2844 ram.
2108 2790 2408 2861 Propterea
2469 2793 2645 2847 sancti
2713 2794 2905 2849 Patres
2962 2809 3087 2849 cum
3161 2794 3511 2849 incarnatum

1882 2883 2205 2946 dixissent,
2256 2884 2684 2953 subjunxerunt,
2732 2885 3019 2939 hominem
3072 2886 3278 2941 tactum
3319 2902 3333 2940 :
3368 2901 3510 2955 prte-

1916 2986 2313 3047 supponentes,
2344 2986 2407 3031 ut
2449 2976 2585 3040 dixi,
2631 2977 2786 3032 hisce
2825 2979 3017 3033 verbis
3068 2978 3296 3033 deitatis
3325 2988 3384 3033 et
3410 2979 3518 3035 hu-

1917 3069 2198 3125 manitatis
2222 3085 2492 3124 summam
2524 3071 2812 3125 unionem.
2855 3070 3027 3137 Quam
3062 3071 3133 3127 ob
3158 3088 3379 3129 causam
3430 3088 3520 3129 se-

1916 3176 2049 3215 cure
2080 3161 2487 3233 subjungebant
2513 3161 2581 3216 de
2629 3162 2765 3226 Deo,
2807 3162 3089 3227 dicentes,
3130 3178 3257 3219 eum
3290 3177 3518 3234 passum

1917 3268 2083 3307 esse:
2119 3267 2229 3307 non
2272 3260 2335 3307 ut
2376 3262 2630 3308 naturam
2675 3254 2775 3308 Dei
2811 3254 3134 3324 passibilem
3179 3254 3519 3326 intelligere-

1920 3361 2071 3410 mus;
2108 3348 2202 3401 sed
2253 3347 2426 3400 Deum
2460 3348 2801 3416 patientem,
2837 3364 2903 3403 eo
2933 3348 3082 3419 quod
3120 3364 3286 3419 quam
3326 3347 3519 3404 arctis-

1918 3440 2056 3494 sime
2094 3457 2219 3495 cum
2252 3440 2501 3511 passibili
2533 3442 2728 3496 unitus
2752 3450 2921 3496 esset.

1990 3599 2151 3654 XVII.
2177 3599 2289 3655 Nec
2318 3600 2561 3663 mireris,
2596 3598 2748 3669 quod
2772 3598 2941 3654 verba
2968 3599 3161 3654 audias
3197 3615 3321 3670 qua:
3351 3600 3523 3655 ratio-

1912 3700 2355 3762 ncm'superant.
2387 3692 2508 3761 ipse
2528 3702 2727 3746 natura
2759 3691 3015 3761 superior
3044 3701 3167 3746 erat
3193 3710 3205 3744 :
3231 3691 3521 3746 hominum

1912 3785 2061 3840 enim
2093 3794 2295 3839 natura
2324 3799 2391 3838 ex
2419 3784 2630 3838 semine
2653 3783 2871 3849 oritur;
2897 3782 2993 3837 sed
3020 3782 3284 3839 Servator
3312 3799 3374 3838 ea
3399 3798 3525 3854 qua

1913 3889 2080 3944 supra
2122 3882 2370 3927 nostram
2405 3880 2662 3927 naturam
2708 3881 2860 3937 sunt,
2912 3872 3244 3927 miraculose
3287 3872 3519 3927 eﬂ‘eeit:

1914 3982 2023 4021 non
2050 3967 2199 4020 enim
2238 3963 2523 4035 indigebat
2544 3963 2779 4027 semine,
2802 3972 2860 4018 et
2893 3962 3073 4018 factus
3088 3972 3174 4017 est
3204 3963 3390 4017 homo.
3424 3963 3526 4018 Mi-

1913 4059 2057 4113 raris
2079 4058 2186 4112 hoc
2222 4056 2329 4112 ﬁde
2354 4057 2613 4121 credens,
2646 4065 2704 4112 et
2738 4072 2851 4112 non
2874 4056 3142 4112 scrutaris
3166 4056 3477 4111 rationibus
3497 4054 3531 4112 ι

1911 4165 2043 4222 ergo
2070 4159 2126 4207 et
2171 4149 2308 4205 illud
2361 4148 2549 4213 crede,
2596 4149 2747 4219 quod
2795 4149 2863 4204 de
2898 4149 3124 4219 Virgine
3175 4148 3519 4203 credendum

1912 4245 2197 4315 accepisti.
2238 4243 2295 4300 Si
2331 4243 2480 4299 enim
2516 4243 2685 4314 Virgo
2720 4250 2933 4299 mutata
2972 4258 3084 4296 non
3118 4241 3309 4307 fuerit,
3329 4251 3386 4297 et
3410 4257 3526 4297 ma-

1916 4346 2001 4394 ter
2032 4337 2176 4393 facta
2211 4347 2330 4400 est;
2366 4337 2533 4392 etiam
2572 4336 2720 4390 Deus
2770 4352 2881 4390 non
2931 4345 3178 4391 mutatus
3226 4335 3403 4390 factus
3439 4344 3526 4391 est

1922 4431 2091 4486 homo
2119 4449 2132 4483 :
2168 4429 2330 4485 sicuti
2361 4429 2464 4484 ista
2503 4428 2727 4499 recipis,
2762 4428 3067 4491 admirans,
3096 4436 3151 4482 et
3174 4442 3524 4497 nequaquam

1923 4526 2143 4581 curiose
2178 4523 2593 4593 pervestigans;
2632 4522 2707 4576 ita
2734 4522 2901 4576 etiam
2945 4520 3064 4576 haec
3116 4519 3370 4582 admitte,
3427 4519 3527 4574 Dei

1920 4614 2445 4671 condescensionem
2506 4614 2854 4683 prtedicans,
2905 4620 2963 4669 et
3009 4621 3223 4668 naturre
3280 4611 3529 4667 rationes

1922 4724 2270 4778 nequaquam
2312 4722 2562 4762 movens.
2603 4707 2672 4761 Et
2711 4707 2848 4766 hmc.
2884 4714 2941 4762 et
2978 4707 3068 4764 illa
3111 4706 3207 4761 Dei
3257 4704 3529 4761 miracula

1922 4800 2097 4856 fuere.
2152 4799 2266 4854 Una
2307 4799 2412 4853 [ide
2449 4807 2755 4867 utrumque
2802 4797 2978 4861 disce,
3014 4813 3118 4853 nec
3158 4807 3209 4853 te
3246 4797 3426 4867 ipsum
3470 4796 3526 4851 in

1922 4893 2167 4948 infinitas
2203 4892 2541 4962 qumstiones
2588 4892 2804 4962 eonjice
2844 4908 2857 4945 :
2904 4906 2974 4944 ne
3027 4889 3345 4958 huiusmodi
3379 4904 3527 4960 qua)-

1924 4986 2112 5040 rendis
2138 5027 2151 5049 ,
2202 4985 2435 5040 fundum
2470 4984 2699 5055 quidem
2750 4986 2984 5039 rationis
3021 4984 3254 5048 subeas;
3302 4994 3529 5040 enatare

1922 5087 2105 5133 autem
2142 5092 2253 5131 non
2298 5077 2490 5131 valens
2516 5117 2531 5139 ,
2570 5075 2625 5129 in
2665 5076 2785 5146 ipso
2818 5074 3143 5145 quaestionis
3208 5072 3381 5128 fundo
3419 5072 3528 5129 ﬁde

1924 5170 2264 5241 simplicitati
2308 5168 2613 5225 innutritos
2645 5168 2936 5240 naufragio
2968 5168 3189 5239 perdas.
3218 5166 3355 5223 Nam
3393 5166 3527 5223 dum

1924 5277 2028 5317 nos
2063 5262 2470 5325 calumniatur,
2507 5261 2878 5331 simpliciores
2914 5261 3121 5332 decipit
3167 5278 3180 5315 :
3215 5260 3377 5330 quasi
3426 5274 3529 5317 nos

1926 5355 2099 5411 Deum
2149 5355 2466 5425 passibilem
2521 5370 2643 5410 esse
2678 5352 3037 5417 aﬂirmemus,
3088 5354 3352 5424 quoniam
3400 5368 3526 5424 pro-

1924 5454 2049 5517 pter
2094 5446 2429 5501 ineﬂ'abilem
2465 5456 2632 5516 atque
2685 5445 3033 5501 inconfusam
3085 5446 3353 5502 unionem
3397 5460 3532 5500 cum

1927 5535 2197 5606 passibili,
2226 5537 2513 5608 passiones
2546 5536 2643 5592 Dei
2680 5536 2938 5607 proprias
2972 5536 3145 5591 factas
3183 5534 3356 5591 fuisse
3387 5535 3527 5590 dici-

1929 5644 2087 5691 mus,
2124 5645 2262 5700 quas
2296 5645 2396 5701 per
2425 5632 2811 5700 operationem
2864 5630 3256 5685 miraculosam
3283 5628 3398 5683 Deo
3424 5630 3526 5682 tri-

1930 5720 2193 5779 huimus.
2232 5738 2341 5777 non
2400 5723 2707 5777 secundum
2754 5722 3119 5778 mutationem
3178 5720 3519 5774 substantiae.

1930 5810 1983 5866 Si
2016 5814 2163 5867 enim
2188 5814 2503 5869 passibilem
2534 5831 2754 5870 nassum
2791 5830 2911 5869 esse
2938 5814 3273 5874 diceremus,
3294 5812 3347 5866 id
3374 5810 3525 5875 (ιιιοά
