4170 6330
646 388 785 444 ιδιδ

1746 362 2092 423 τιιιῖοιιοτι
2131 350 2439 414 ενιεεοιη
2479 349 2835 409 ΑΝΟΥΒΑΝΕ

3780 328 3914 387 15“

641 494 980 556 existimavit
1001 507 1122 548 esse
1150 490 1415 561 aequalem
1445 488 1558 542 Deo
1590 506 1635 539 ι.
1674 486 1743 541 Et
1776 482 2068 553 sequentia
2100 488 2218 531 tan-

2329 466 2626 535 φρονείσθω
2668 467 2727 520 ἑν
2759 465 2889 535 ὑμῖν
2912 462 2942 515 ὃ
2981 459 3076 514 καὶ
3113 460 3171 512 ἰν
3223 453 3476 561 Χριστῷ.
3735 448 3796 512 ὃς
3857 448 3914 561 ἐν

641 602 809 660 quam
849 584 957 639 sibi
995 582 1271 637 contraria
1306 580 1563 637 reticens.
1592 576 1877 647 subjungit
1921 593 1932 626 :
1970 591 1988 622 ι
2021 570 2117 625 sed
2154 582 2222 622 ne

642 677 857 748 singula
878 674 1175 745 replieem;
1200 670 1467 726 obediens
1491 668 1667 724 factus
1688 682 1861 737 usque
1882 664 1947 720 ad
1969 669 2222 723 mortem,

643 776 878 824 mortem
903 775 1087 822 autem
1118 764 1317 819 crucis.
1356 781 1374 813 ι
1422 760 1588 830 Atqui
1613 758 1760 814 haud
1783 759 1953 813 multa
1981 762 2111 811 sunt
2139 754 2223 808 in-

644 863 874 933 teriecta
900 856 1144 929 Apostoli
1164 856 1365 917 verba;
1401 854 1509 908 hoc
1538 851 1689 907 enim
1719 851 1985 905 duntaxat
2020 848 2075 902 in
2106 862 2223 901 me-

642 952 738 1008 dio
766 952 816 1007 b2
840 953 1022 1014 betur,
1054 969 1072 1000 ι
1093 946 1409 1029 Exinanivit
1426 944 1807 1014 semetipsum,
1826 943 2056 997 formam
2078 939 2223 995 servi

644 1045 939 1114 accipiens.
978 1062 996 1091 ι
1024 1040 1133 1097 Sed
1172 1040 1308 1095 illud
1341 1038 1498 1109 quasi
1539 1038 1817 1108 prolixum
1842 1034 2174 1091 transcurrit
2203 1050 2219 1088 :

641 1134 856 1207 egregie
880 1133 1033 1189 enim
1064 1132 1157 1187 hic
1192 1132 1360 1186 homo
1393 1128 1601 1183 furtiva
1651 1126 1948 1182 verborum
1998 1124 2222 1178 subtra-

641 1225 824 1280 etione
854 1225 1149 1281 veritatem
1180 1221 1514 1278 abumhrare
1545 1219 1719 1275 novit.
1751 1217 1925 1273 Sicuti
1950 1216 2100 1272 enim
2135 1230 2225 1270 su-

639 1315 829 1386 perius
860 1330 929 1371 ex
961 1326 1277 1372 sanctorum
1327 1315 1551 1371 Patrum
1601 1313 1942 1393 professione
2002 1309 2226 1365 subtra-

638 1403 782 1461 hens
807 1407 967 1472 illud,
1000 1426 1019 1459 ι
1056 1415 1113 1463 et
1134 1408 1188 1462 in
1216 1424 1389 1463 unum
1411 1408 1738 1473 Dominum;
1766 1424 1785 1457 ι
1816 1404 2099 1460 licentiam
2120 1402 2228 1459 sibi

640 1495 746 1567 ipsi
776 1499 1045 1569 permisit,
1074 1498 1284 1555 Christi
1310 1516 1512 1556 nomen
1551 1501 1803 1571 pluribus
1826 1500 2041 1555 naturis
2076 1512 2227 1553 com-

640 1602 811 1643 mune
842 1604 961 1645 esse
988 1588 1240 1645 dicendi:
1271 1591 1348 1647 ita
1372 1592 1478 1647 hoc
1515 1593 1638 1648 loco
1662 1593 1821 1658 illud,
1863 1613 1881 1645 ι
1925 1594 2232 1651 exinanivit

640 1679 1022 1750 semetipsum,
1048 1701 1065 1733 ι
1089 1683 1326 1737 orationi
1351 1684 1649 1749 subtrahit,
1667 1692 1926 1755 tanquam
1954 1687 2231 1743 suﬂieiens

640 1770 710 1825 ad
762 1769 1095 1832 docendum,
1144 1772 1292 1843 quod
1328 1774 1475 1829 Deus
1500 1773 1568 1829 ad
1624 1789 1812 1830 rerum
1850 1775 2227 1831 humanarum

640 1865 1081 1925 communionem
1103 1863 1475 1925 descenderit.

711 1953 849 2009 XXI.
879 1954 986 2010 Sed
1032 1970 1381 2026 nequaquam
1414 1956 1577 2011 latuit
1625 1957 1898 2028 impostor
1942 1959 2055 2023 ille,
2088 1958 2226 2029 quin

639 2055 984 2117 argueretur,
1010 2047 1141 2103 licet
1170 2048 1386 2118 potiora
1406 2064 1470 2103 ac
1499 2050 1775 2121 praecipua
1804 2053 2074 2107 orationis
2097 2053 2229 2108 sub-

640 2140 885 2197 traxerit.
930 2139 1069 2197 Cum
1097 2142 1244 2197 enim
1278 2142 1451 2197 multa
1477 2141 1668 2197 furtim
1711 2159 1779 2199 ex
1802 2153 2060 2201 contextu
2098 2147 2228 2202 sub-

640 2231 864 2293 trahens
888 2232 1101 2303 pudore
1139 2234 1578 2300 suﬂ'underetur,
1606 2244 1861 2291 metuens
1893 2253 1963 2291 ne
1990 2238 2046 2293 in
2077 2240 2227 2295 furto

640 2321 1177 2394 deprehenderetur,
1205 2328 1459 2397 quamvis
1489 2327 1708 2391 nolens,
1730 2330 2016 2399 sequentia
2042 2339 2226 2386 tamen

638 2413 889 2483 Apostoli
921 2414 990 2469 de
1014 2414 1310 2486 Unigenito
1330 2416 1495 2471 verba
1518 2432 1820 2486 apponens,
1845 2419 2096 2489 arguitur
2113 2434 2228 2474 ma-

638 2505 861 2570 nifeste,
891 2506 1041 2575 quod
1066 2507 1400 2577 praecipuam
1445 2508 1841 2563 incarnationis
1874 2519 2087 2578 partem
2118 2510 2223 2563 im-

639 2594 856 2664 probet,
887 2596 1333 2651 communionem
1375 2597 1587 2653 scilicet
1618 2609 1673 2655 et
1697 2601 2089 2656 commercium
2125 2601 2224 2657 Dei

638 2685 809 2741 Verbi
834 2701 960 2741 cum
995 2687 1235 2743 humana
1262 2698 1479 2745 natura.
1505 2691 1645 2745 Dum
1673 2692 1823 2747 enim
1861 2692 1928 2748 de
1966 2692 2059 2747 illo
2092 2692 2228 2748 dicit

637 2776 789 2848 quod
812 2778 1016 2834 Paulus
1047 2780 1125 2834 ait
1156 2798 1170 2833 :
1213 2801 1231 2832 ι
1265 2780 1545 2837 Obediens
1569 2782 1749 2839 factus
1780 2800 1954 2855 usque
1979 2784 2046 2839 ad
2073 2800 2224 2838 mor-

638 2880 773 2939 tem,
804 2883 1039 2930 mortem
1072 2884 1256 2930 autem
1308 2878 1522 2945 erucis;
1567 2898 1585 2930 ι
1623 2879 1829 2933 falsam:
1867 2878 1993 2934 ﬁdei
2048 2879 2225 2933 mani-

639 2967 777 3023 feste
804 2968 1076 3039 arguitur,
1109 2969 1367 3041 quodque
1404 2972 1546 3026 male
1576 2973 1676 3027 soli
1703 2972 1911 3026 homini
1943 2972 2225 3041 passiones

638 3056 868 3113 tribuat.
914 3058 969 3113 Si
1005 3059 1150 3113 enim
1187 3061 1243 3114 in
1278 3061 1451 3117 forma
1482 3063 1579 3117 Dei
1622 3063 1893 3118 exsistens
1926 3071 1981 3118 et
1999 3064 2227 3134 atqualis

639 3148 912 3205 exsislens
949 3150 1061 3205 Deo
1082 3192 1095 3215 ,
1129 3151 1397 3208 obediens
1440 3153 1615 3209 factus
1647 3162 1927 3224 estusque
1963 3154 2031 3209 ad
2074 3170 2226 3209 mor-
2254 3182 2297 3240 ο

641 3248 775 3305 tcm,
800 3252 1033 3297 mortem
1060 3252 1244 3299 autem
1276 3247 1462 3300 crucis
1492 3264 1506 3299 :
1552 3246 1906 3316 perspicuum
1937 3257 2023 3301 est
2074 3247 2221 3317 quod

641 3330 785 3392 idem
809 3341 931 3387 erat
962 3333 1198 3402 patiens,
1225 3350 1339 3389 non
1362 3334 1590 3391 deitatis
1611 3347 1832 3401 natura,
1867 3338 1960 3391 sed
1999 3338 2221 3407 propria

639 3436 806 3477 carne
840 3438 1005 3493 quam
1046 3424 1355 3481 arctissime
1395 3426 1501 3482 sibi
1547 3427 1649 3497 ipsi
1689 3429 1924 3483 unierat.
1976 3430 2082 3484 Sed
2122 3430 2222 3485 de-

641 3523 835 3586 ceptus
866 3516 983 3582 ille,
1006 3517 1139 3573 dum
1188 3534 1383 3574 omnes
1411 3529 1623 3575 natura;
1666 3521 1873 3575 limites
1914 3522 2223 3577 convellere

641 3606 993 3676 aggreditur,
1040 3608 1146 3663 alia
1194 3609 1419 3680 quidem
1478 3608 1667 3663 furtim
1721 3609 2075 3673 subtrahens,
2117 3610 2224 3664 alia

640 3696 795 3752 falsis
824 3699 1133 3754 rationibus
1166 3701 1470 3771 sophistica
1498 3709 1843 3770 pervertens,
1870 3701 2093 3769 januam
2129 3700 2224 3756 de-

640 3788 905 3844 fensionis
925 3789 1131 3846 Judzeis
1147 3792 1347 3862 aperit,
1372 3793 1548 3847 levem
1577 3792 1798 3846 illorum
1827 3792 2043 3861 culpam
2071 3792 2223 3857 circa

640 3895 861 3939 erucem
898 3883 1191 3940 ostendere
1221 3885 1445 3950 volens;
1479 3878 1682 3955 quippe
1709 3886 1801 3954 qui
1827 3884 2105 3940 hominem
2133 3901 2223 3939 so-

639 3970 925 4027 lummodo
953 3975 1104 4029 cruci
1134 3973 1427 4039 allixerint,
1448 3990 1627 4044 neque
1652 3976 1951 4045 quidquam
1979 3986 2223 4031 attenta-

640 4064 825 4119 verint
865 4065 1131 4121 adversus
1176 4067 1369 4122 Deum.
1420 4068 1488 4122 At
1540 4068 1715 4122 sancti
1766 4068 1957 4122 Patres
2014 4068 2209 4123 Nicaea

642 4156 957 4227 congregati
985 4158 1165 4227 ipsum
1198 4158 1545 4228 unigenitum
1575 4157 1778 4212 Filium
1812 4157 1933 4221 Dei,
1965 4172 2032 4212 ex
2064 4157 2225 4213 Patre

641 4248 909 4318 genitum,
928 4266 1040 4304 non
1065 4249 1292 4314 factum,
1322 4250 1429 4305 hoc
1455 4258 1558 4313 est,
1585 4264 1651 4303 ex
1682 4248 1997 4304 substantia
2020 4250 2221 4313 Patris,

641 4340 1166 4395 consubstantialem
1188 4342 1359 4403 Patri,
1385 4350 1442 4395 et
1467 4340 1834 4404 incarnatum,
1862 4349 1919 4395 et
1942 4340 2225 4394 hominem

640 4430 864 4493 factum,
896 4440 953 4486 et
974 4448 1197 4501 passum
1230 4448 1351 4487 esse
1375 4432 1599 4499 dicunt;
1625 4433 1930 4488 reticentes
1953 4432 2226 4487 hactenus

640 4521 927 4578 brevitatis
968 4539 1133 4579 causa
1175 4526 1429 4591 modum,
1474 4542 1585 4597 quo
1627 4525 1982 4597 impassibilis
2028 4540 2223 4596 passus
2254 4555 2297 4610 ο

640 4620 744 4669 est.
786 4614 903 4670 Non
935 4617 1085 4670 enim
1121 4616 1341 4671 deitatis
1386 4628 1638 4673 naturam
1684 4617 2006 4689 passibilem
2040 4618 2219 4671 intro-

642 4706 872 4770 ducunt,
918 4707 1014 4763 sed
1057 4710 1421 4764 arctissimam
1472 4711 1568 4765 Dei
1607 4711 1766 4764 Verbi
1800 4725 1926 4764 cum
1972 4709 2220 4780 passibili

642 4806 839 4855 natura
862 4800 1306 4869 conjunctionem
1330 4802 1533 4856 docent
1553 4820 1565 4865 ;
1590 4819 1753 4872 quam
1778 4812 1835 4857 et
1856 4818 2078 4858 causam
2099 4819 2220 4857 esse

639 4888 834 4942 dicunt
856 4889 1126 4957 passionis
1152 4891 1247 4946 Dei
1276 4908 1288 4944 :
1316 4900 1372 4947 et
1394 4901 1452 4946 ut
1476 4893 1673 4947 mortis
1693 4894 1935 4948 fructum
1961 4892 2219 4956 doceant,

638 4979 827 5043 Jesum
867 4979 1181 5048 Christum,
1213 4983 1361 5037 Patri
1400 4983 1951 5049 consubstantialem,
1995 4993 2222 5055 propter

641 5082 882 5129 nostram
935 5073 1163 5128 salutem
1207 5074 1589 5141 incarnatum,
1640 5092 1974 5146 passumque
2030 5087 2220 5132 osten-

641 5162 805 5228 dunt,
840 5171 897 5219 et
923 5164 1292 5218 resurrexisse
1331 5166 1495 5221 tertia
1526 5166 1637 5230 die,
1668 5167 1984 5222 ascendisse
2015 5169 2069 5222 in
2111 5183 2223 5222 em—

642 5253 748 5315 los.
774 5260 832 5307 et
876 5261 1172 5307 venturum
1211 5254 1461 5323 judicare
1495 5256 1651 5310 vivos
1681 5266 1737 5311 et
1781 5266 2047 5313 mortuos.
2084 5257 2218 5313 Nam

645 5355 709 5401 ut
729 5352 1021 5416 cognatum
1049 5346 1383 5400 haberemus
1400 5348 1665 5417 judicem,
1684 5350 1830 5403 Deus
1855 5350 2222 5405 immutabilis

647 5437 709 5493 ﬁt
740 5436 943 5500 homo;
971 5443 1031 5490 ut
1053 5436 1259 5507 judicis
1286 5439 1764 5510 consanguinitate
1787 5440 2219 5505 conﬁdet-emus,

646 5529 742 5597 qui
773 5528 980 5583 nullam
1011 5543 1080 5582 ex
1120 5529 1363 5599 propriis
1387 5529 1601 5585 meritis
1632 5531 1899 5585 habemus
1942 5530 2220 5586 fiduciam.

650 5619 887 5684 Etenim,
916 5621 1050 5691 quia
1088 5621 1355 5676 terribilis
1394 5629 1481 5677 est
1513 5628 1576 5677 ut
1613 5624 1778 5687 Deus,
1808 5624 1977 5678 etiam
2004 5623 2225 5679 deside-

650 5713 841 5767 rabilis
854 5714 1015 5768 nobis
1037 5712 1097 5767 ﬁt
1119 5722 1180 5768 ut
1200 5714 1365 5769 homo
1384 5732 1397 5768 :
1413 5723 1473 5769 ut
1487 5716 1742 5770 eumdem
1759 5715 1921 5769 simul
1938 5723 1995 5770 et
2017 5724 2224 5769 metue-

653 5820 839 5861 remus
865 5845 877 5864 .
923 5814 977 5860 et
1017 5804 1486 5873 desideraremus;
1527 5804 1768 5876 potentia
1806 5803 2028 5877 quidem
2073 5804 2225 5859 incu-

2337 561 2520 631 μορφῇ
2568 557 2705 612 Θεοῦ
2742 555 3029 626 ὑπάρχων,
3078 551 3177 622 οὐχ
3222 546 3520 619 ἁρπαγμὸν
3576 543 3825 613 ἡγήσατο
3854 541 3916 593 τὸ

2334 646 2475 705 εἶναι
2510 653 2600 705 τσα
2643 648 2781 720 Θεῷ.
2829 665 2848 699 ι
2884 645 2997 700 Καὶ
3040 642 3328 712 σιωπήσας
3375 639 3445 692 τὰ
3475 637 3621 707 ἑξῆς,
3654 636 3732 698 ὡς
3766 632 3915 703 αὖτῷ

2337 745 2597 815 πολέμια,
2627 743 2824 808 ἐπάγει
2852 740 3026 807 λέγων
3051 754 3067 770 ο
3100 754 3120 788 ι
3154 734 3294 789 Ἀλλ’
3316 734 3405 787 ἵνα
3431 733 3505 803 μὴ
3527 732 3596 785 τά.
3620 728 3745 785 καθ’
3784 728 3916 783 ικα-

2338 854 2439 891 στα
2455 835 2615 905 λέγω,
2636 836 2875 907 ὑπήκοος
2894 831 3186 901 γενόμενος
3206 826 3371 899 μέχρι
3396 824 3653 887 Θανάτου,
3680 822 3915 878 θανάτου

2335 929 2394 982 δὲ
2413 926 2670 998 σταυροῦ.
2694 946 2711 977 ι
2735 927 2846 980 Καὶ
2866 924 2971 996 μὴν
2999 922 3061 976 οὒ
3085 920 3253 975 πολλά
3268 914 3338 991 ἦν
3356 918 3425 970 τὰ
3444 914 3909 987 μεταξὺιρηθέντα

2335 1018 2415 1089 τῷ
2476 1016 2802 1086 Ἀποστόλῳ.
2849 1014 3021 1069 Τοῦτο
3058 1010 3168 1083 γάρ
3219 1010 3379 1081 μόνον
3428 1006 3544 1077 ἔχει
3590 1004 3652 1058 τδ
3708 1003 3909 1074 μέσον·

2343 1128 2364 1163 ι
2402 1110 2701 1164 Ἐκένωσεν
2741 1107 2936 1162 ἑαυτὸν
2977 1105 3191 1179 μορφὴν
3236 1103 3424 1157 δούλου
3480 1098 3679 1153 λαϐὼν.
3706 1118 3734 1158 ι,
3772 1096 3911 1151 ἈΠ’

2332 1198 2410 1262 ὡς
2443 1198 2653 1270 μακρὸν
2705 1195 2839 1251 αὐτὸ
2895 1194 3251 1266 παρατρέχει.
3280 1190 3460 1255 Δεινός
3488 1190 3598 1259 γάρ
3630 1191 3659 1243 ό
3680 1185 3820 1257 ἀνὴρ
3848 1188 3913 1257 τῇ

2335 1290 2510 1360 κλοπῇ
2536 1288 2647 1341 τῶν
2680 1288 2857 1356 λόγων
2885 1286 2947 1339 τὸ
2983 1285 3185 1355 ἀληθὲς
3207 1282 3523 1338 συσκιάσαι.
3558 1280 3773 1349 Ὠσπερ
3806 1281 3916 1348 γὰρ

2336 1378 2594 1449 ἀνωτέρω
2617 1379 2699 1439 τὸ,
2741 1399 2761 1429 ‹
2786 1378 2881 1432 καὶ
2938 1378 3019 1438 εἰς
3051 1376 3148 1428 ενα
3190 1374 3395 1444 Κύριον
3419 1392 3438 1423 ι
3473 1370 3777 1433 πιστεύειν,
3808 1369 3914 1437 ὐφ-

2334 1471 2586 1542 ελόμενος
2607 1470 2712 1540 τῆς
2740 1471 2848 1524 τῶν
2879 1468 3142 1539 Πατέρων
3160 1468 3458 1528 ἐκθέσεως,
3475 1465 3661 1520 ἄδειαν
3679 1461 3916 1516 δέδωκεν

2334 1564 2513 1635 ἑαυτῷ
2545 1563 2811 1618 πλειόνων
2859 1561 3076 1629 φύσεων
3129 1560 3188 1613 τὸ
3222 1559 3456 1631 Χριστὸς
3511 1557 3684 1627 ὄνομα
3736 1552 3915 1609 κοινὸν

2333 1656 2532 1725 λέγειν,
2555 1656 2727 1716 οὕτως
2758 1652 2990 1707 ἐνταῦθα
3012 1652 3075 1704 τὸ
3097 1652 3309 1717 (ἑαυτὸν
3339 1648 3595 1718 ὲκένωσε)
3623 1646 3718 1701 τοῦ
3750 1646 3915 1713 λόγου

2336 1750 2633 1819 περιαιρεί,
2664 1746 2741 1809 ὡς
2768 1745 2951 1799 ἰκανὸν
2976 1742 3205 1809 διδάξαι,
3238 1744 3322 1796 ὅτι
3358 1741 3490 1804 Θεὸς
3517 1741 3597 1802 είς
3628 1737 3913 1801 κοινωνίαν

2260 1833 2305 1894 Β
2334 1840 2692 1912 ἀνθρωπίνων
2726 1837 3068 1909 πραγμάτων
3097 1834 3327 1905 κατέὗη.

2400 1950 2533 2004 KA'.
2580 1948 2720 2002 Ἀλλ’
2758 1950 2861 2001 οὐκ
2902 1947 3119 2018 ἔμεινεν
3150 1947 3180 2001 ό
3214 1944 3473 2000 ἀπατεὼν
3502 1944 3911 2013 ἀνεξέλεγκτος,

2329 2043 2431 2098 κᾶν
2471 2041 2728 2111 ὑφείλατο
2754 2039 2850 2093 τοῦ
2886 2039 3046 2108 λόγου
3076 2041 3146 2092 τὰ
3168 2037 3521 2109 καιριώτερα.
3560 2035 3778 2107 Ἐπειδὴ
3803 2036 3915 2106 γὰρ

2329 2134 2499 2189 πολλά
2528 2133 2621 2186 τοῦ
2649 2134 2810 2201 λόγου
2851 2132 3102 2206 κλέπτων
3130 2132 3415 2203 ᾐσχύνετο,
3446 2127 3697 2193 δεδοικὼς
3726 2129 3788 2183 τὺ
3814 2128 3915 2183 καὶ

2330 2228 2532 2284 ἁλῶναι
2580 2228 2810 2293 κλοπῆς,
2868 2230 3020 2281 ἄκων
3074 2227 3198 2296 μὲν,
3252 2226 3368 2289 θεὶς
3400 2225 3457 2280 δὲ
3509 2226 3657 2294 ὅμως
3686 2223 3752 2277 τὸ
3780 2221 3912 2293 ἑξῆς

2327 2324 2457 2392 περὶ
2488 2319 2831 2388 Μονογενοῦς
2876 2318 3031 2389 παρά
3058 2318 3153 2372 τοῦ
3198 2318 3413 2372 Παύλου
3448 2316 3632 2390 ῥηθὲν,
3664 2313 3909 2387 ἠλέγχθη

2329 2412 2517 2481 σαφῶς
2537 2411 2598 2464 τὸ
2618 2409 2977 2481 καιριώτερον
2998 2411 3097 2481 τῆς
3132 2410 3445 2480 οἰκονομίας
3472 2408 3683 2463 ἀθετῶν
3718 2408 3908 2477 μέρος,

2326 2501 2427 2570 τῆς
2461 2499 2599 2572 πρὸς
2636 2498 2703 2553 τά
2742 2497 3061 2569 ἀνθρώπινα
3089 2497 3185 2552 τοῦ
3223 2498 3357 2553 Θεοῦ
3392 2498 3567 2566 Λόγου
3598 2497 3907 2561 κοινωνίας.

2328 2589 2515 2645 Εἰπὼν
2568 2590 2676 2662 γὰρ
2726 2591 2857 2663 περὶ
2906 2588 3073 2644 αὐτοῦ
3129 2589 3213 2652 τὸ,
3275 2590 3609 2660 «Γενόμενος
3667 2590 3908 2661 ὑπήκοος

2332 2682 2494 2751 μέχρι
2550 2681 2804 2745 θανάτου,
2870 2680 3102 2735 θανάτου
3140 2681 3199 2734 δὲ
3248 2681 3557 2753 σταυροῦμ
3601 2681 3762 2741 παρὰ
3810 2680 3909 2736 τοῦ

2328 2772 2542 2827 Παύλου
2596 2772 2795 2842 ῥηθέν·
2847 2772 3035 2840 σαφῶς
3090 2773 3530 2844 παραχαράττων
3580 2773 3681 2845 τὴν
3725 2771 3911 2827 πίστιν

2328 2864 2634 2934 ἐλέγχεται,
2659 2865 2755 2919 καὶ
2787 2864 2972 2927 κακῶς
3004 2864 3275 2936 ἀνθρώπῳ
3315 2865 3459 2935 μόνῳ
3484 2863 3810 2937 προσνέμων
3838 2865 3910 2920 τὰ

2330 2956 2497 3027 πάθη.
2528 2958 2587 3010 Ei
2614 2956 2722 3028 γὰρ
2747 2960 2774 3010 ὁ
2800 2958 2859 3009 ὲν
2894 2958 3079 3027 μορυῇ
3110 2956 3243 3010 Θεοῦ
3270 2957 3550 3028 ὑπάρχων,
3580 2958 3676 3011 καὶ
3705 2958 3823 3020 ἴσος
3849 2957 3909 3010 δὲ

2328 3044 2405 3099 ὣν
2438 3046 2517 3116 τῷ
2548 3046 2687 3115 Θεῷ,
2719 3047 2961 3117 ὑπήκοος
2994 3046 3187 3114 γέγονε
3215 3046 3377 3117 μέχρι
3408 3046 3665 3112 θανάτου,
3694 3048 3789 3100 καὶ
3810 3047 3911 3101 θα-

2330 3136 2491 3189 νάτου
2531 3135 2791 3206 σταυροῦ,
2835 3137 2994 3207 δῆλον
3026 3136 3101 3200 ὼς
3131 3137 3293 3199 αὐτὸς
3339 3133 3408 3208 ἦν
3441 3138 3471 3191 ὁ
3511 3136 3721 3199 παθὼν,
3750 3140 3810 3192 οὐ
3838 3143 3907 3210 τῇ

2331 3231 2429 3298 τῆς
2464 3227 2713 3299 θεότητος
2764 3227 2947 3297 φύσει,
2994 3227 3130 3281 ἀλλά
3161 3231 3228 3299 τῇ
3282 3227 3388 3299 ἰδίᾳ
3421 3229 3605 3299 σαρκὶ,
3653 3230 3721 3301 ῆν
3766 3231 3909 3283 κατά

2326 3319 2615 3388 ἀκρίϐειαν
2652 3321 2863 3388 ἥνωσεν
2917 3320 3118 3391 ἑαυτῷ.
3159 3320 3321 3373 Ἀλλά
3350 3323 3378 3375 ό
3412 3321 3510 3392 μὲν
3555 3321 3907 3394 ἠπατημένος

2327 3411 2466 3485 πρδς
2498 3411 2705 3474 πάντας
2750 3411 2877 3474 τοὺς
2921 3412 3017 3482 τῆς
3046 3410 3261 3479 φύσεως
3299 3412 3458 3482 ὄρους
3493 3413 3660 3481 ὁμόσε
3689 3410 3906 3486 χωρῶν,

2327 3504 2421 3557 καὶ
2452 3503 2522 3557 τὰ
2559 3505 2657 3573 μὲν
2711 3503 2983 3567 κλέπτων,
3019 3504 3088 3557 τὰ
3130 3503 3187 3557 δὲ
3227 3504 3660 3576 παραλογισμοῖς
3695 3500 3909 3576 σοφιζό·

2331 3614 2510 3667 μενος,
2569 3596 2775 3664 ἀνοίγει
2838 3596 3010 3669 θύραν
3076 3597 3373 3666 ἀπολογίας
3428 3600 3540 3661 τοῖς
3606 3597 3904 3662 Ἰουδαίοις,

2332 3689 2525 3758 μικρόν
2554 3690 2739 3751 αὐτοῖς
2781 3690 2843 3743 τὸ
2874 3689 3015 3742 κατᾶ
3049 3690 3141 3743 τὸν
3184 3690 3415 3761 σταυρὸν
3454 3690 3707 3761 ἔγκλημα
3738 3690 3907 3757 δεῖξαι

2330 3781 2679 3851 βουλόμενος·
2711 3782 2786 3845 ὡς
2813 3782 3100 3854 ἄνθρωπον
3151 3783 3581 3853 σταυρωσάντων
3613 3784 3792 3854 μόνον.
3815 3786 3909 3837 καὶ

2327 3875 2479 3927 οὐδὲν
2516 3874 2929 3945 τετολμηκότων
2960 3874 3100 3928 κατὰ
3137 3873 3290 3928 Θεόν.
3327 3876 3389 3929 οι
3442 3875 3501 3928 δὲ
3539 3876 3633 3929 ἐπὶ
3680 3876 3782 3945 τῆς
3812 3877 3908 3929 Νι-

2329 3966 2490 4030 καίας
2521 3966 2878 4037 ξυναχθέντες
2914 3966 3060 4036 ἅγιοι
3109 3967 3358 4039 Πατέρες
3385 3967 3549 4022 αὑτὸν
3596 3969 3689 4021 τὸν
3735 3970 3908 4023 Μονο-

2327 4061 2460 4131 γενῆ
2490 4062 2619 4115 Υίὸν
2651 4062 2744 4114 τοῦ
2775 4062 2931 4127 Θεοῦ,
2982 4062 3073 4117 τὸν
3102 4060 3432 4132 γεννηθέντα
3460 4063 3524 4115 ὲκ
3549 4062 3643 4115 τοῦ
3668 4063 3905 4134 Πατρὸς,

2328 4155 2423 4207 καί
2450 4154 2510 4207 οὐ
2551 4154 2864 4223 ποιηθέντα,
2892 4154 3191 4219 τουτέστιν,
3219 4156 3283 4207 ὲκ
3311 4154 3410 4223 τῆς
3436 4155 3624 4217 οὐσίας
3666 4154 3762 4208 τοῦ
3794 4156 3905 4208 Πα-

2326 4247 2475 4317 τρὸς,
2510 4247 2602 4300 τὸν
2625 4247 2914 4316 ὁμοοῦσιον
2942 4246 3021 4318 τῷ
3048 4247 3243 4318 Πατρὶ,
3278 4246 3373 4319 καὶ
3399 4247 3771 4319 σαρκωθῆναι,
3808 4250 3908 4302 καὶ

2330 4334 2772 4406 ὲνανθρωπῆσαι,
2830 4335 2927 4389 καὶ
2981 4334 3176 4388 παθεῖν
3217 4316 3473 4403 λέγουσι*
3529 4339 3905 4406 σιωπήσαντες

2326 4426 2463 4491 τέως
2487 4427 2575 4480 διὰ
2630 4426 3016 4499 βραχυλογίαν,
3042 4426 3136 4480 τοῦ
3184 4428 3426 4492 ἀπαθοῦς
3451 4427 3543 4481 τὸν
3572 4430 3793 4499 τρόπον.
3824 4434 3901 4485 Οὐ

2327 4520 2437 4591 γὰρ
2481 4520 2642 4589 φύσιν
2696 4519 2951 4592 θεότητος
3001 4522 3280 4589 εἰσάγουσι
3339 4520 3611 4593 παθητὴν,
3639 4521 3776 4575 ἀλλά
3804 4523 3902 4592 τὴν

2326 4612 2462 4682 πρὸς
2489 4613 2552 4665 τὸ
2585 4611 2826 4681 παθητὸν
2852 4613 3031 4683 ἄκραν
3058 4612 3251 4667 ’ἐνωσιν
3277 4612 3371 4666 τοῦ
3394 4610 3531 4667 Θεοῦ
3557 4613 3731 4683 Λόγου
3758 4614 3905 4670 διδά-

2327 4720 2573 4757 σκουσιν·
2608 4706 2675 4776 ἢν
2716 4705 2812 4758 καὶ
2848 4704 3030 4759 αἰτίαν
3056 4705 3156 4776 τὴν
3186 4705 3281 4760 τοῦ
3322 4704 3504 4760 θεῖκοῦ
3542 4706 3758 4776 λέγουσι
3798 4708 3904 4763 πά-

2324 4792 2482 4856 θους·
2520 4794 2616 4847 καὶ
2652 4794 2746 4847 τοῦ
2781 4795 3017 4849 θανάτου
3048 4794 3111 4847 τὸ
3143 4797 3417 4867 χρήσιμον
3473 4797 3900 4862 ἐκδιδάσκοντες.

2322 4884 2626 4938 δεικνύουσι
2657 4885 2747 4937 τὸν
2778 4885 3062 4956 ὁμοούσιον
3088 4886 3166 4956 τῷ
3198 4888 3371 4959 Πατρὶ
3406 4887 3612 4957 Ἰησοῦν
3645 4888 3900 4960 Χριστὸν,

2322 4976 2389 5029 δι’
2414 4978 2563 5046 ἡμᾶς
2618 4976 2712 5029 καὶ
2744 4976 2831 5029 διὰ
2866 4976 2968 5047 τὴν
3031 4978 3305 5047 ἡμετέραν
3353 4979 3636 5050 σωτηρίαν
3668 4996 3899 5047 σαρκω-

2324 5066 2507 5129 θέντα,
2566 5068 2828 5133 παθόντα,
2866 5071 2957 5122 καὶ
3004 5069 3313 5123 ἀναστάντα
3359 5073 3425 5141 τῇ
3481 5072 3640 5141 τρίτῃ
3688 5073 3892 5143 ἡμέρᾳ,

2322 5157 2615 5214 ἀνελθόντα
2649 5163 2730 5224 εἰς
2789 5160 3073 5231 οὐρανοὺς.
3122 5161 3418 5233 ἐρχόμενον
3455 5162 3643 5233 κρίναι
3688 5162 3899 5226 ζῶντας

2324 5252 2419 5305 καὶ
2446 5252 2692 5324 νεκρούς.
2724 5254 2843 5306 Ἵνα
2880 5252 2993 5324 γὰρ
3036 5253 3127 5307 τὸν
3167 5255 3364 5325 κριτὴν
3390 5253 3608 5325 ἔχωμεν
3631 5257 3894 5325 συγγενῆ,

2322 5343 2455 5407 Θεὸς
2508 5344 2870 5410 ἀναλλοίωτος
2922 5345 3210 5417 ἄνθρωπος
3266 5345 3477 5415 γίνεται
3499 5364 3514 5378 ⁸
3552 5347 3640 5401 ἵνα
3687 5350 3754 5418 τῇ
3803 5346 3897 5402 τοῦ

2325 5435 2511 5506 κριτοῦ
2552 5438 2843 5507 συγγενείᾳ
2867 5438 3257 5509 θαρρήσωμεν,
3282 5438 3333 5491 οί
3366 5437 3427 5502 ἐξ
3454 5437 3671 5492 οἰκείων
3702 5454 3897 5510 κατορ-

2326 5526 2592 5596 θωμάτων
2630 5528 2946 5598 παρρησίαν
2997 5529 3098 5582 οῦκ
3129 5528 3363 5598 ἔχοντες.
3403 5527 3621 5598 Ἐπειδὴ
3668 5526 3774 5598 γὰρ
3804 5545 3898 5598 φο.

2325 5618 2485 5689 ϐερός
2519 5621 2668 5672 ἐστιν
2704 5619 2782 5682 ὼς
2831 5619 2985 5683 Θεὸς.
3011 5621 3105 5672 καὶ
3144 5621 3388 5684 ποθεινὸς
3418 5622 3551 5691 ἡμῖν
3583 5618 3658 5681 ὡς
3683 5618 3895 5691 ἄνθρω-

2328 5725 2425 5772 πος
2459 5709 2695 5776 γίνεται·
2733 5710 2796 5761 ἵν’
2819 5708 2953 5778 ὁμοῦ
2993 5727 3051 5762 τε
3087 5710 3411 5780 ῳοὸηθῶμεν
3456 5712 3545 5763 τὸν
3588 5710 3772 5771 αὐτὸν,
3804 5710 3899 5763 καὶ

2330 5802 2681 5873 ποθήσιομεψ
2713 5800 2807 5871 τῆς
2835 5801 2934 5871 μὲν
2958 5801 3206 5867 ἐξουσίας
3228 5802 3560 5873 iurato-$7.1;
3589 5799 3679 5853 τὸν
3713 5801 3894 5868 φόϐον,
