4098 6344
241 361 406 419 ίδὶὅ

1405 348 1770 412 ΕΠΟΒῙΤΙΟ
1810 340 2104 410 5ῨΜΒΘΙᾸ
2141 340 2414 408 Μαί-ΖΜ.

3405 355 3546 413 me.

243 478 364 548 τῆς
393 476 454 531 δὲ
484 472 811 546 συγγενείας
844 471 1196 545 παρεχούσης
1219 471 1309 525 τὸν
1344 472 1529 525 πόθον.
1585 470 1848 541 Ἔρχεται

1973 468 2128 522 iente
2168 477 2399 533 metum,
2441 479 2769 539 cognatione
2800 481 2988 528 autem
3015 471 3294 528 excitante
3321 453 3546 526 deside-

244 562 354 622 οῦν
391 566 580 638 κρίναι
630 564 841 628 ζῶντας
873 564 972 618 καὶ
1015 564 1247 635 νεκροὺς
1288 565 1317 615 ό
1349 561 1472 632 ἐμοὶ
1514 561 1852 632 κοινωνήσας

247 657 372 714 τῶν
404 658 790 731 ἀνθρωπίνων,
822 657 913 712 ἵνα
940 657 1134 729 κριτὴς
1164 655 1372 715 δίκαιος
1461 653 1675 716 τούτοις
1701 653 1855 708 δικά-

251 752 396 819 ζων,
425 747 508 816 οἷς
566 750 730 815 αὐτὸς
779 749 1046 820 πρότερον
1092 749 1202 802 τῶν
1246 747 1436 800 παθῶν
1493 745 1854 818 ἐκοινώνησε·

254 845 365 898 καὶ
398 841 748 912 συγγνώμων
791 841 1024 911 γένηται
1063 839 1342 910 δικαστὴς,
1372 838 1517 892 κατὰ
1543 839 1632 893 τὸν
1685 838 1857 909 μέγαν

269 933 630 996 Ἀπόστολον,
659 951 678 984 ι
705 931 766 998 ἐξ
795 926 870 986 ὧν
900 929 1072 984 ἔπαθε
1109 927 1298 1000 μαθὼν
1327 931 1426 998 τὴν
1451 929 1757 999 ὑπακοήν.»
1791 928 1855 981 EI

262 1025 385 1094 γὰρ
425 1023 519 1078 καὶ
570 1023 749 1078 πάντα
791 1019 1071 1090 γινώσκει,
1103 1017 1236 1082 Θεὸς
1286 1018 1384 1082 ὢν,
1431 1020 1460 1072 ό
1506 1017 1858 1088 Μονογενής·
1892 1005 1908 1032 ⁸

262 1115 411 1170 ἀλλὰ
446 1113 752 1188 προσέλαϐε
807 1114 1002 1184 πεῖραν
1033 1103 1108 1164 ῶν
1154 1111 1188 1179 ἡ
1242 1109 1403 1177 φύσις
1440 1108 1539 1178 τῆς
1569 1107 1857 1177 Θεὸτητος,

257 1205 328 1261 οὔ
341 1223 394 1260 ιε
419 1201 490 1278 ἦν
523 1205 648 1260 οὔτε
678 1205 873 1275 γέγονε
915 1200 1160 1272 δεκτική.
1203 1199 1316 1271 Τὴν
1357 1199 1466 1271 γὰρ
1493 1199 1862 1271 προσληφθεῖ-

261 1314 370 1353 σαν
407 1299 478 1352 ὲκ
524 1298 749 1370 Μαρίας
779 1297 944 1366 φύσιν
973 1292 1183 1356 ἔνώσας
1220 1291 1422 1361 ἑαυτῷ,
1445 1291 1617 1360 ταύτῃ
1645 1290 1861 1360 δέχεται

261 1389 472 1461 πεῖραν
498 1381 575 1444 ὧν
607 1391 641 1459 ὴ
668 1387 830 1456 φύσις
858 1386 956 1456 τῆς
987 1383 1238 1458 θεότητος
1272 1383 1566 1454 ἀπείρατος
1591 1378 1678 1453 ἦν.

345 1665 474 1721 KB’.
515 1665 577 1720 '0
597 1664 654 1719 δὶ
681 1663 775 1719 τὸν
800 1664 901 1736 τῆς
946 1665 1230 1737 Παρθένου
1260 1665 1567 1720 διαϐάλλων
1595 1665 1689 1720 τοῦ
1723 1667 1860 1720 Θεοῦ

265 1757 453 1823 τόκον,
484 1756 630 1812 ῐοικε
663 1757 766 1828 τῆς
793 1757 890 1811 τοῦ
921 1757 1060 1813 Θεοῦ
1092 1759 1287 1828 σοφίας
1315 1761 1534 1828 ἀγνοεῖν
1565 1760 1624 1813 τὸ
1657 1763 1862 1833 μυστή-

273 1865 410 1921 ριον.
444 1849 517 1903 Οὐ
564 1849 674 1918 γὰρ
704 1842 856 1912 οὗτος
893 1848 922 1901 ὁ
955 1849 1113 1913 τόκος
1154 1827 1298 1921 ἀρχὴ
1330 1827 1586 1922 θεότητος
1611 1827 1858 1922 γέγονεν,
1893 1827 1934 1882 Β

269 1940 410 1995 ἀλλὰ
441 1940 729 2011 προοίμιον
781 1937 850 2012 ἦν
885 1941 980 1994 τοῦ
1024 1942 1205 2013 σάρκα
1248 1943 1502 2010 γενέσθαι
1547 1945 1637 1998 τὸν
1663 1946 1857 2015 Λόγον.

287 2031 509 2103 Ἐπειδὴ
560 2030 667 2102 γὰρ
720 2031 905 2085 εἵλατο
953 2031 1209 2100 γενέσθαι
1266 2034 1574 2105 ἄνθρωπος,
1625 2035 1702 2090 ῶν
1757 2037 1863 2110 πρὸ

270 2121 488 2176 αἰώνων
525 2121 660 2186 Θεός
685 2139 700 2154 ο
733 2124 879 2195 ἁρχὴ
924 2124 982 2178 δὲ
1017 2125 1117 2194 τῆς
1151 2125 1576 2197 ἀνθρωπότητος
1624 2129 1654 2180 ό
1705 2128 1864 2194 τόκος

237 2211 421 2284 (ἱστί’
448 2211 664 2282 δέχεται
691 2211 789 2282 τὴν
819 2211 994 2283 ἀρχὴν
1017 2213 1118 2282 τῆς
1164 2213 1479 2284 οἰκονομίας
1527 2216 1643 2278 τοῖς
1688 2215 1867 2286 πράγ-

256 2319 418 2393 ⁵μασι
453 2303 694 2374 κρηπῖδα
724 2302 930 2374 ταύτην
959 2302 1260 2368 ὑποτιθείς.
1305 2305 1416 2358 ’Δεὶ
1459 2303 1536 2359 ὣν
1579 2305 1672 2360 τοῦ
1721 2301 1864 2361 εἶναι

274 2393 570 2465 ἄνθρωπος
605 2395 836 2466 ἄρχεται
862 2412 876 2426 ·
909 2394 970 2448 τὸ
1005 2395 1126 2465 μεν,
1155 2395 1232 2448 ῶν
1260 2395 1416 2460 Θεὸς,
1446 2397 1510 2450 τὸ
1541 2399 1597 2451 δὲ
1625 2399 1701 2462 ώς
1747 2400 1865 2453 ἑλό-

283 2503 444 2557 μενος
475 2486 731 2555 γενέσθαι
763 2486 858 2540 καὶ
894 2485 1202 2559 ἄνθρωπος.
1240 2489 1306 2542 Ὃ
1339 2489 1404 2559 δὴ
1430 2489 1524 2544 καὶ
1558 2491 1608 2544 oi
1645 2493 1738 2544 ἐπὶ
1763 2494 1866 2562 τῆς

278 2578 515 2641 Νικαίας
543 2577 784 2648 Πατέρες
801 2577 1092 2648 δηλοῦντες
1121 2579 1310 2649 σαφῶς
1326 2580 1593 2651 ἔγραψαν,
1628 2585 1865 2655 περὶτοῦ

280 2668 624 2738 Μονογενοῦς
653 2670 930 2732 εἰπόντεςο
969 2687 988 2721 ι
1022 2670 1162 2734 Τοὺς
1195 2671 1253 2725 δὲ
1280 2672 1571 2740 λέγονταςο
1593 2671 1703 2728 Ἦν
1737 2694 1866 2730 ποτε

280 2759 371 2813 ὅτε
398 2761 501 2814 οὐκ
524 2756 628 2833 ἦν’
662 2760 777 2826 καὶ,
804 2760 942 2832 Πρὶν
977 2759 1307 2832 γεννηθῆναι
1341 2763 1441 2816 οὐκ
1479 2760 1579 2835 ἦν·
1629 2769 1747 2832 καὶ,
1785 2769 1867 2822 ὃτι

281 2852 344 2920 ιε
383 2853 485 2906 οὐκ
535 2852 704 2907 δντων
754 2853 993 2921 ἐγένετο,
1024 2854 1058 2925 ἢ
1084 2853 1144 2919 ἐξ
1174 2856 1370 2926 ἑτέρας
1426 2858 1798 2925 ὑποστάσεως,
1832 2863 1866 2933 ἢ

281 2945 501 3008 οὐσίας’
543 2943 859 3016 φάσκοντας
913 2941 1077 3012 εἶναι,
1111 2947 1145 3016 ἢ
1186 2949 1442 3018 τρεπτὸν,
1495 2952 1530 3023 ἢ
1579 2952 1869 3009 ἀλλοιωτὸν

285 3037 377 3092 τὸν
400 3037 530 3091 Υίὸν
559 3037 655 3092 τοῦ
679 3037 838 3104 Θεοῦ,
867 3038 1095 3102 τούτους
1117 3040 1512 3110 ἀναθεματίζει
1537 3047 1570 3115 ἡ
1606 3045 1870 3118 καθολικὴ

287 3128 382 3222 καλ
441 3127 776 3222 ἀποστολικὴ
822 3128 1144 3222 Ἐκκλησία.
1170 3150 1190 3183 ι
1233 3131 1354 3187 Ἵνα
1395 3133 1506 3206 γὰρ
1556 3126 1634 3208 μὴ
1693 3137 1869 3212 ἀρχὴν
1896 3163 1939 3222 c

289 3219 537 3292 θεότητος
565 3220 658 3275 τοῦ
689 3221 1032 3290 Μονογενοῦς
1067 3224 1162 3276 τὸν
1177 3224 1350 3278 ’τόκον
1398 3230 1546 3299 νοῇς,
1591 3230 1870 3302 ἀναθεμαρ-

287 3309 493 3375 τίξουσι
536 3312 666 3372 τοὺς
716 3310 1012 3378 λέγοντας’
1061 3307 1208 3365 «Ἦν
1262 3331 1395 3367 ποτε
1443 3315 1531 3368 ὅτε
1580 3319 1680 3371 οὐκ
1712 3313 1812 3389 ἦν·
1847 3339 1866 3373 ι

291 3402 594 3476 εξορίζουσι
634 3403 692 3458 δὲ
734 3403 834 3474 τῆς
864 3404 1212 3475 Χριστιανῶν
1257 3405 1473 3471 ἐλπίδος
1501 3409 1750 3474 καὶτοὺς
1789 3410 1876 3466 λέ-

294 3511 516 3563 γοντας·
555 3512 574 3546 ι
604 3496 687 3548 ὃτι
739 3497 870 3566 πρὶν
903 3495 1242 3567 γεννηθῆναι
1269 3499 1373 3552 οὐκ
1399 3494 1498 3570 ἦν·
1532 3519 1551 3552 ι
1585 3500 1774 3567 ξένους
1813 3521 1874 3557 τε

291 3585 392 3656 τῆς
432 3588 464 3656 ἡ
475 3585 592 3656 μῶν
620 3585 868 3650 τιθέντας
896 3587 1193 3658 σωτηρίας,
1223 3589 1468 3655 καὶτοὺς
1492 3591 1752 3660 λέγοντας
1783 3595 1875 3649 τὸν

293 3675 524 3749 Χριστὸν
569 3676 652 3730 ὅτι
687 3694 706 3728 ι
730 3676 790 3744 ἐξ
838 3677 941 3731 οὐκ
977 3677 1148 3732 ὄντων
1197 3679 1478 3748 ἐγένετο.»
1511 3681 1623 3735 Καὶ
1677 3683 1785 3754 μὴν
1824 3685 1875 3738 εί

297 3769 454 3840 μόνον
480 3769 770 3841 ἄνθρωπος
796 3765 866 3842 ἦν
893 3770 1034 3824 κατὰ.
1053 3771 1185 3836 τοὺς
1206 3771 1684 3844 πεπλανημένους,
1717 3774 1874 3848 θεῖκῇ

294 3862 657 3934 τετιμημένος
686 3861 837 3935 ἀξίᾳ,
866 3860 928 3928 ἐξ
951 3864 1054 3917 οὐκ
1078 3863 1249 3918 όντων
1297 3865 1544 3934 ἰγένετο,
1595 3866 1739 3921 κατὰ
1776 3868 1877 3938 τὴν

294 3952 577 4025 δύσφημον
627 3952 882 4022 γλῶσσαν
937 3955 1174 4026 ἐκείνην.
1214 3954 1354 4009 Ἀλλ’
1385 3955 1575 4029 επειδὴ
1606 3959 1636 4012 ό
1661 3956 1738 4012 ὢν
1772 3960 1880 4028 πρὸ

295 4045 401 4100 τῶν
441 4046 657 4100 αἰώνων
701 4047 920 4114 ἐγένετο
950 4046 1260 4118 ἄνθρωπος,
1290 4049 1418 4113 τοὺς
1455 4050 1515 4117 ιε
1563 4050 1664 4104 οὐκ
1706 4050 1879 4104 ὄντων

297 4137 622 4208 γεγενῆσθαι
646 4137 906 4207 λέγοντας
933 4138 1024 4192 τὸν
1051 4141 1308 4211 Χριστὸν,
1339 4141 1439 4212 τῆς
1463 4142 1742 4214 σωτηρίας
1787 4145 1881 4197 καὶ

297 4230 392 4302 τῆς
427 4231 534 4285 τῶν
557 4231 902 4302 Χριστιανῶν
922 4231 1138 4297 ἐλπίδος
1169 4231 1428 4300 ἑξέεαλοε·

369 4411 496 4465 ΚΓ.
535 4413 648 4466 Καὶ
667 4413 843 4468 ταῦτα
880 4415 979 4485 μὲν
1001 4414 1196 4477 οὕτως.
1234 4417 1352 4470 Ἵνα
1382 4417 1437 4471 δὲ
1466 4418 1542 4488 μὴ
1571 4418 1713 4472 κατὰ
1752 4434 1882 4492 τρο-ε

1956 559 2123 612 rium.
2172 557 2336 613 Vertit
2368 573 2501 630 ergo
2541 559 2796 630 judicare
2841 561 2998 617 vivos
3029 568 3088 618 et
3133 569 3404 623 mortuos,
3449 559 3547 630 qui

1955 649 2198 704 humana
2239 664 2456 705 mecum
2486 652 2802 707 communia
2827 653 3032 719 habet;
3059 661 3116 708 ut
3146 654 3332 723 justus
3358 652 3429 707 sit
3455 652 3548 723 ju-

1958 741 2084 804 dex,
2115 741 2374 812 judicans
2409 758 2478 798 ex
2513 742 2582 799 iis
2625 744 3033 809 aﬂ‘ectionibus,
3061 759 3202 815 quas
3238 744 3357 815 ipse
3391 743 3552 814 prius

1958 834 2252 890 nobiscum
2301 835 2497 890 habuit
2531 849 2887 904 communes;
2920 847 2978 893 et
3012 846 3074 893 ut
3114 837 3436 892 misericors
3479 835 3553 892 sit

1954 926 2126 997 judex
2156 928 2313 998 juxta
2343 943 2602 999 magnum
2631 929 2980 998 Apostolum,
3007 929 3214 1000 quippe
3233 927 3330 998 qui
3359 945 3372 982 :
3412 946 3432 979 ι
3471 925 3554 983 Ex

1962 1019 2031 1074 iis
2053 1035 2176 1090 qua
2197 1035 2394 1090 passus
2421 1029 2526 1084 est,
2552 1021 2924 1077 obedientiam
2949 1023 3164 1078 didicit.
3204 1042 3222 1074 ι
3252 1022 3388 1077 Nam
3423 1019 3558 1076 licet

1955 1112 2148 1188 omnia
2187 1124 2483 1184 cognoscat.
2527 1109 2889 1184 Unigenitus,
2943 1128 3011 1169 eo
3049 1114 3196 1184 quod
3242 1114 3314 1168 sit
3357 1113 3500 1167 Deus
3535 1127 3551 1164 :

1963 1213 2206 1259 attamen
2245 1205 2643 1275 experientiam
2668 1206 2814 1277 cepit
2837 1221 3053 1269 eorum,
3083 1220 3321 1275 quorum
3349 1213 3556 1260 natura

1965 1296 2189 1351 deitatis
2229 1312 2410 1368 neque
2452 1307 2572 1352 erat
2615 1313 2796 1368 neque
2845 1297 2989 1352 facta
3021 1296 3126 1351 fuit
3160 1311 3330 1366 capax
3367 1313 3381 1350 :
3428 1309 3556 1351 nam

1965 1398 2304 1459 assumptam
2334 1403 2402 1442 ex
2448 1387 2615 1442 Maria
2651 1388 2876 1458 Virgine
2915 1395 3174 1442 naturam
3221 1381 3558 1456 sibimetipsi

1969 1480 2186 1543 uniens,
2212 1480 2305 1535 illa
2331 1479 2776 1550 experimentum
2799 1479 2948 1549 cepit
2968 1493 3166 1534 eorum
3191 1492 3432 1548 quorum
3457 1491 3558 1533 ex-

1966 1591 2098 1648 pers
2127 1583 2248 1630 erat
2271 1581 2470 1628 natura
2503 1572 2746 1626 deitatis.
3463 1617 3468 1627 ,

2037 1665 2206 1722 XXII.
2245 1666 2352 1722 Sed
2389 1665 2485 1735 qui
2533 1664 2632 1719 Dei
2685 1679 2754 1718 ex
2793 1664 3023 1737 Virgine
3067 1672 3418 1721 natmtatem
3461 1677 3561 1720 ac-

1969 1769 2147 1824 cusat,
2179 1758 2505 1830 mysterium
2547 1756 2830 1827 sapientia:
2873 1758 2979 1814 Dei
3001 1758 3262 1830 ignorare
3290 1757 3512 1812 videtur
3541 1772 3557 1811 :

1963 1863 2146 1919 neque
2170 1848 2320 1902 enim
2348 1847 2464 1902 haec
2495 1846 2756 1902 nativitas
2782 1845 2977 1903 deitati
3004 1848 3341 1919 principium
3380 1848 3558 1914 dedit,

1963 1937 2062 1993 sed
2096 1936 2385 1992 exordium
2435 1937 2542 1992 fuit
2568 1937 2972 1994 incarnationis
3005 1939 3192 1994 Verbi.
3232 1939 3373 2008 Quia
3407 1940 3560 1996 enim

1965 2026 2132 2082 homo
2152 2026 2271 2081 fieri
2287 2025 2544 2093 dignatus
2566 2035 2671 2089 est,
2696 2027 2846 2082 Deus
2867 2037 2994 2083 ante
3017 2030 3217 2084 saecula
3246 2029 3559 2094 exsistens;

1964 2119 2300 2191 principium
2325 2133 2460 2172 vero
2489 2117 2745 2174 humanae
2789 2120 3130 2188 exsistentize
3155 2131 3241 2178 est
3272 2122 3559 2185 nativitas.

1966 2211 2114 2281 capit
2143 2209 2481 2280 principium
2519 2210 2972 2280 dispensationis,
3004 2211 3112 2268 hoc
3136 2212 3563 2269 fundamentum

1966 2302 2136 2358 rebus
2171 2317 2528 2372 supponens;
2569 2312 2627 2358 et
2668 2317 2890 2374 semper
2909 2303 3200 2371 exsistens,
3234 2303 3402 2361 homo
3440 2319 3564 2361 esse

1968 2395 2204 2465 incipit:
2243 2394 2382 2449 illud
2421 2394 2680 2462 quidem,
2722 2403 2913 2465 utpote
2957 2395 3133 2462 Deus;
3185 2395 3293 2451 hoc
3336 2405 3522 2452 autem
3546 2438 3562 2459 .

1968 2497 2160 2557 utpote
2192 2495 2248 2544 et
2281 2486 2448 2540 homo
2478 2483 2598 2539 ﬁeri
2631 2484 2911 2555 dignatus.
2945 2485 3104 2553 Quod
3137 2477 3204 2541 et
3226 2487 3434 2543 Nicreni
3459 2488 3565 2542 Pa-

1969 2587 2082 2632 tres
2103 2575 2465 2648 signiﬁcaturi
2494 2575 2784 2631 manifeste
2810 2577 3156 2647 scripserunt
3175 2573 3244 2633 d'e
3267 2577 3567 2649 Unigenito

1971 2671 2060 2725 his
2080 2670 2265 2724 verbis
2295 2686 2307 2722 :
2343 2688 2360 2720 ι
2391 2668 2498 2735 Qui
2522 2683 2657 2724 vero
2685 2668 2882 2723 dicunt
2909 2686 2922 2722 :
2956 2669 3091 2724 Erat
3114 2669 3414 2740 aliquando
3436 2685 3564 2726 cum

1969 2779 2080 2818 non
2103 2770 2290 2828 esset;
2332 2761 2466 2817 item
2498 2780 2511 2816 :
2539 2761 2850 2832 Antequam
2893 2773 3240 2829 nasceretur,
3269 2778 3381 2818 non
3404 2771 3564 2830 erat;

1969 2864 2027 2910 et
2045 2855 2194 2925 quod
2218 2871 2286 2910 ex
2311 2870 2424 2909 non
2449 2855 2848 2910 exsistentibus
2867 2855 3167 2920 exstiterit,
3191 2856 3278 2911 vel
3299 2872 3367 2912 ex
3389 2856 3568 2913 aliena

1971 2946 2329 3002 subsistentia
2362 2947 2478 3002 sive
2507 2947 2820 3002 substantia
2841 2982 2856 3012 ,
2887 2948 2977 3002 vel
3009 2948 3356 3014 mutabilem,
3381 2958 3438 3005 et
3471 2967 3568 3006 va-

1971 3037 2226 3093 riabilem
2272 3036 2475 3092 Filium
2510 3034 2610 3090 Dei
2655 3051 2776 3090 esse
2825 3034 3042 3100 dicunt,
3079 3036 3202 3092 illos
3242 3037 3569 3093 anathema-

1973 3132 2107 3187 tizat
2138 3129 2413 3186 catholica
2455 3137 2512 3183 et
2544 3128 2845 3199 apostolica
2886 3126 3153 3184 Ecclesia.
3197 3149 3214 3181 ι
3253 3129 3472 3185 Etenim
3500 3145 3572 3187 ne

1974 3223 2201 3280 deitatis
2225 3222 2508 3294 Unigeniti
2530 3222 2870 3292 principium
2895 3221 3244 3276 nativitatem
3273 3222 3573 3295 intelligas,

1974 3316 2448 3372 anathematizant
2476 3330 2575 3369 eos
2613 3315 2707 3384 qui
2753 3313 2948 3368 dicunt
2983 3331 2996 3367 :
3037 3334 3055 3365 ι
3094 3313 3229 3369 Erat
3271 3314 3575 3386 aliquando

1975 3406 2200 3478 quando
2221 3421 2334 3460 non
2357 3413 2513 3470 erat;
2547 3423 2566 3455 ι
2588 3403 2964 3459 exterminant
2988 3419 3211 3474 quoque
3235 3421 3266 3460 a
3290 3420 3387 3476 spe
3406 3404 3574 3461 Chri-

1975 3501 2285 3556 stianorutn
2307 3513 2406 3554 eos
2428 3497 2524 3568 qui
2547 3496 2741 3552 dicunt
2774 3541 2786 3550 .
2821 3515 2839 3547 ι
2873 3495 3028 3564 Quod
3053 3505 3352 3566 antequam
3375 3506 3574 3563 nasce-

1977 3601 2134 3649 retur
2167 3607 2280 3648 non
2313 3591 2511 3657 fuerit;
2549 3609 2566 3642 ι
2615 3589 2828 3645 alienos
2863 3605 3086 3661 quoque
3120 3605 3150 3645 a
3180 3591 3358 3646 salute
3386 3599 3577 3648 nostra

1977 3684 2359 3749 constituunt,
2393 3683 2489 3753 qui
2529 3681 2814 3737 Christum
2855 3701 2874 3733 ι
2918 3697 2986 3737 ex
3014 3699 3128 3738 non
3177 3685 3578 3743 exsistentibus

1977 3777 2258 3832 exstitisse
2298 3795 2318 3828 ι
2353 3783 2630 3830 asserunt.
2666 3760 2834 3844 Atqui
2863 3775 2909 3829 si
2945 3785 3158 3830 tantum
3183 3777 3350 3832 homo
3384 3778 3574 3844 fuerit,

1975 3866 2131 3937 juxta
2161 3877 2385 3919 errores
2419 3862 2562 3927 illos,
2596 3862 2786 3917 divina
2821 3863 3093 3934 dignitate
3143 3865 3467 3934 honoratus,
3507 3884 3578 3925 ex

1979 3974 2094 4014 non
2127 3957 2525 4014 exsistentibus
2547 3955 2854 4010 secundum
2885 3956 3110 4026 impiam
3138 3957 3288 4012 illam
3329 3959 3575 4030 linguam

1980 4049 2215 4106 exstitit.
2255 4047 2362 4104 Sed
2412 4045 2543 4117 quia
2585 4046 2677 4100 ille
2723 4044 2817 4115 qui
2848 4052 2934 4100 est
2979 4053 3108 4101 ante
3147 4049 3370 4114 saecula,
3398 4049 3579 4106 Iactus

1981 4125 2068 4200 est
2115 4143 2304 4204 homo,
2343 4155 2440 4194 eos
2476 4138 2572 4209 qui
2606 4153 2673 4192 ex
2710 4152 2822 4192 non
2856 4137 3254 4194 exsistentibus
3289 4141 3576 4198 Christum

1982 4235 2261 4292 exstitisse
2284 4232 2499 4298 dicunt,
2541 4248 2572 4286 a
2599 4232 2776 4286 salute
2805 4239 2862 4286 et
2885 4246 2981 4302 spe
3012 4229 3459 4288 Christianorum
3491 4251 3581 4289 re-

1979 4328 2200 4402 jiciunt.

2055 4415 2248 4473 XXIII.
2282 4415 2464 4485 Atque
2504 4417 2622 4469 hac
2661 4413 2886 4484 quidem
2911 4414 3019 4470 hoc
3054 4415 3237 4472 modo.
3259 4416 3465 4474 Verum
3507 4432 3578 4475 ne

299 4501 406 4572 πὴν
453 4501 710 4576 θεότητος
761 4505 1050 4576 ἄνθρωπον
1096 4505 1190 4560 τὸν
1235 4509 1523 4578 Μονογενῆ
1586 4510 1874 4579 γεγονέναι

1987 4507 2298 4566 secundum
2337 4504 2705 4559 mutationem
2742 4504 2966 4559 deitatis
3008 4504 3364 4576 Unigenitum
3395 4508 3580 4563 homi-

301 4598 602 4666 νοήσωμεν,
649 4597 1116 4668 ἀναθεματίζουσι
1177 4601 1274 4654 καὶ
1322 4603 1452 4662 τοὺς
1502 4601 1786 4670 λέγοντας,
1842 4602 1876 4674 ἢ

300 4688 529 4760 τρεπτὸν
581 4687 617 4760 ἢ
670 4690 959 4744 ἀλλοιωτὸν
1006 4693 1098 4746 τὸν
1144 4693 1272 4746 Υἱὸν
1305 4692 1400 4746 τοῦ
1436 4693 1593 4747 Θεοῦ.
1642 4696 1717 4748 Οὐ
1769 4698 1879 4767 γὰρ

306 4779 573 4857 μεταϐολὴ
621 4779 813 4852 θεῖκῆς
867 4783 1083 4852 φύσεως
1135 4785 1229 4838 τὸν
1281 4786 1563 4857 Μονογενῆ
1592 4787 1881 4858 ἄνθρωπον

303 4871 520 4939 tange»,
551 4872 667 4926 ἀλλ’
691 4875 972 4944 οίκονομία
1003 4891 1083 4936 τις
1116 4876 1213 4928 καὶ
1245 4877 1560 4948 ἀπόρῤητος
1595 4877 1884 4948 θεοσοφίας

306 4963 738 5033 θαυματουργία.
768 4965 940 5020 Τοῦτο
975 4967 1085 5040 γάρ
1143 4985 1323 5038 φαμεν
1348 4970 1409 5021 τὸ
1442 4969 1767 5040 παράδοξον.
1799 4973 1884 5025 ὅτι

305 5053 526 5122 γέγονεν
552 5055 839 5126 ἅνθρωπος
877 5059 906 5109 ό
944 5057 1076 5121 Θεὸς
1106 5058 1297 5128 μείνας
1320 5059 1486 5123 Θεόςο
1523 5062 1659 5132 ὅπερ
1699 5061 1887 5134 θαῦμα

306 5149 358 5201 οἱ
403 5150 812 5220 πεπλανημένοι
862 5149 1040 5204 κοινὸν
1075 5154 1309 5222 πρᾶγμα
1344 5152 1515 5217 δεῖξαι
1549 5152 1884 5224 βουλόμενοι,

307 5237 581 5311 λογισμοῖς
608 5241 874 5312 ὶρευνῶσι
903 5242 973 5297 τὰ
1001 5246 1140 5316 ὑπὲρ
1182 5245 1390 5298 ἔννοιαν
1415 5261 1429 5276 ·
1457 5247 1552 5296 καὶ
1591 5245 1678 5298 διὰ
1714 5247 1889 5315 λόγων

311 5332 734 5402 φιλονεικοῦντες
783 5335 844 5388 τὸ
891 5337 1198 5408 παράδοξον
1243 5336 1570 5401 καταλῦσαι,
1609 5340 1744 5407 πρὸς
1779 5358 1884 5410 μα-

309 5426 471 5479 ταίων
543 5425 818 5496 λογισμῶν
881 5429 1262 5500 ἐξετράπησαν
1323 5429 1567 5500 ζήτησιν.
1637 5432 1884 5486 Μὰταιον

312 5519 416 5588 γὰρ
447 5518 615 5584 ὅντως
651 5521 745 5573 καὶ
777 5521 982 5574 εἰκαῖόν
1011 5524 1148 5581 ἐστι.
1175 5522 1350 5590 λόγοις
1376 5523 1600 5592 ὲρευνᾷν
1643 5524 1712 5577 τὰ
1742 5525 1884 5597 ὑπὲρ

314 5610 466 5679 λόγον
503 5610 1082 5685 θαυματουργούμενα.
1130 5616 1191 5668 Εἰ
1230 5616 1340 5687 γὰρ
1370 5615 1582 5670 ἅπαντα
1614 5615 1708 5670 τοῦ
1743 5615 1884 5671 Θεοῦ

388 5788 429 5820 ⁸⁵
462 5788 626 5844 Hebr.
658 5809 708 5858 ι’,
739 5792 795 5846 8.

1980 4618 2109 4659 nem
2137 4601 2342 4656 factum
2379 4597 2837 4668 intelligeremus,
2861 4595 3333 4652 anathematizant
3355 4612 3587 4669 quoque.

1982 4696 2079 4767 qui
2119 4691 2467 4754 mutabilem,
2495 4690 2582 4745 vel
2623 4690 2948 4745 variabilem
2991 4690 3192 4745 Filium
3219 4689 3464 4746 Deiesse
3491 4691 3578 4745 di-

1983 4795 2139 4842 cunt.
2164 4784 2355 4854 Neque
2384 4781 2533 4836 enim
2566 4781 2958 4835 transmutatio
2981 4779 3181 4835 divinte
3207 4790 3418 4836 natura
3448 4779 3581 4836 Uni-

1985 4880 2232 4952 genitum
2257 4874 2538 4930 hominem
2559 4873 2834 4938 exhibuit,
2851 4872 2948 4928 sed
2965 4873 3309 4943 dispensatio
3326 4872 3579 4943 quaedam

1983 4980 2042 5026 et
2070 4967 2353 5026 ineﬂ'ahile
2378 4966 2582 5022 divine
2603 4964 2889 5035 sapientia:
2911 4964 3262 5020 miraculum.
3289 4963 3407 5020 Hoc
3428 4963 3580 5019 enim

1985 5063 2374 5122 admirandum
2416 5076 2540 5116 esse
2581 5060 2838 5122 dicimus,
2885 5057 3033 5129 quod
3088 5057 3234 5113 Deus
3279 5057 3463 5114 Iactus
3509 5059 3582 5114 sit

1987 5159 2174 5220 homo,
2208 5169 2542 5227 permanens
2571 5153 2719 5207 Deus
2751 5169 2763 5204 :
2798 5151 2948 5222 quod
2978 5150 3308 5206 miraculum
3330 5151 3461 5207 dum
3487 5163 3580 5205 era

1989 5262 2176 5306 rantes
2219 5249 2296 5303 illi
2341 5263 2456 5302 rem
2509 5258 2862 5299 communem
2904 5243 3202 5299 ostendere
3243 5243 3459 5307 volunt,
3491 5259 3580 5297 ra—

1993 5342 2240 5398 tionibus
2270 5344 2611 5400 scrutantur,
2630 5332 3041 5405 quadrationis
3061 5341 3284 5403 captnm
3311 5343 3537 5403 superat
3564 5351 3577 5387 :

1994 5447 2051 5492 et
2096 5433 2285 5488 verbis
2332 5429 2664 5485 miraculum
2715 5441 2985 5482 enervare
3049 5424 3580 5491 contendentes,ad

1996 5525 2274 5582 inutilium
2310 5523 2586 5576 rationum
2617 5517 3067 5589 disquisitionem
3111 5515 3365 5572 conversi
3401 5528 3531 5571 sunt
3564 5529 3578 5568 τ

1998 5634 2124 5674 nam
2165 5631 2367 5672 vanum
2412 5628 2604 5671 revera
2647 5620 2703 5668 et
2735 5608 3095 5666 temerarium
3135 5618 3241 5674 est,
3268 5607 3586 5664 rationibus
