4170 6330
597 391 727 447 13ίῖ

1711 381 2064 438 TiiEODOTl
2105 379 2413 436 EPISCOPI
2448 327 2796 437 ANCY‘MNI

3747 372 3884 427 1348

589 502 931 578 perscrutari
995 517 1116 572 qua:
1146 499 1476 554 miraculose
1504 513 1670 568 supra
1698 499 1970 551 rationem
1997 494 2178 549 conti-

2289 496 2354 550 τὰ
2383 497 2640 567 θαύματα
2667 497 2913 568 μέλλοιεν
2939 499 3219 566 ι.ογισμοίς
3257 496 3530 568 ψηλαφᾷν,
3563 492 3717 544 οὐδὲν
3781 495 3885 563 μὲν

590 611 744 670 gere.
776 595 834 649 Si
857 595 1007 649 enim
1030 594 1213 648 omnia
1240 594 1336 648 Dei
1361 589 1629 647 miracula
1653 589 1969 644 rationibus
1992 586 2182 642 rimari

589 701 658 742 ac
699 684 924 756 palpare
947 683 1141 746 velint,
1178 682 1391 736 nullum
1427 695 1558 736 sane
1591 679 1910 749 relinquent
1940 679 2182 732 miracu-

589 776 741 842 lum;
769 791 950 846 neque
976 775 1152 828 ullum
1177 789 1209 827 a
1233 774 1347 828 Deo
1373 773 1590 842 signum
1625 779 1682 828 et
1711 771 2025 843 prodigium
2059 785 2186 840 per-

592 867 803 938 petrari
846 865 1149 921 concedent
1178 860 1268 918 isli
1314 876 1524 919 natura:
1551 863 1964 925 observatores,
1995 862 2182 915 omnia

595 955 861 1009 miracula
902 956 956 1008 vi
994 954 1391 1023 detorquentes
1427 971 1439 1005 :
1479 969 1606 1007 nam
1657 955 1902 1008 rationes
1937 953 2183 1006 omnium

595 1049 965 1119 pervestigare
1025 1054 1113 1100 est
1156 1046 1420 1100 miracula
1453 1045 1782 1108 dissolvere,
1817 1055 1875 1098 et
1911 1044 2085 1098 Deum
2128 1042 2185 1094 in

596 1138 715 1197 suis
742 1152 873 1207 erga
921 1152 1021 1192 nos
1057 1136 1339 1191 miraculis
1372 1152 1494 1192 sese
1534 1137 1904 1191 obiectantem
1936 1135 2004 1189 ad
2046 1136 2184 1188 iram

592 1244 919 1303 provocare.
957 1228 1230 1296 Quocirca
1259 1237 1316 1283 et
1351 1229 1674 1284 Zachariam
1717 1235 1930 1298 patrem
1959 1225 2189 1281 Joannis

594 1322 854 1392 Baptistae
893 1321 1116 1375 silentio
1148 1321 1295 1375 Deus
1341 1321 1766 1380 condemnabat,
1804 1317 1950 1390 quod
1999 1319 2188 1386 gratia:

593 1413 928 1469 miraculose
951 1421 1281 1483 perpetrata.-
1298 1413 1524 1467 modum
1551 1412 1827 1465 curiosius
1850 1409 2183 1478 inquireret:

596 1520 707 1560 non
737 1505 898 1559 (idem
926 1503 1198 1559 adhibens
1222 1513 1481 1572 tanquam
1508 1501 1794 1564 miraculo,
1817 1500 1912 1554 sed
1943 1499 2189 1552 rationes

597 1597 946 1651 miraculosa:
988 1596 1330 1665 Operationis
1356 1595 1453 1649 Dei
1498 1595 1798 1662 exquirens
1831 1610 1842 1642 :
1879 1598 1934 1644 et
1969 1588 2189 1642 dicente

599 1688 858 1745 Cabriele
898 1705 910 1740 :
947 1706 963 1738 ι
1015 1686 1298 1741 Elisabetb
1331 1702 1470 1740 uxor
1508 1695 1601 1738 tua
1637 1686 1720 1754 (ea
1764 1691 1948 1737 autem
1981 1680 2190 1734 sterilis

599 1781 739 1848 erat)
775 1780 956 1848 pariet
985 1777 1084 1829 tibi
1119 1777 1291 1829 tilium
1319 1775 1394 1841 ";
1431 1795 1449 1826 ι
1485 1774 1600 1844 ipse
1641 1788 1834 1827 eorum
1875 1787 1994 1842 quae
2028 1770 2185 1824 dixe-

2289 589 2587 659 Θαυμάτων
2616 591 2853 642 ἐάσωσιν
2877 606 2890 618 ο
2923 588 3041 642 ἀλλ’
3061 588 3183 643 οὐδὲ
3213 588 3437 658 σημεῖόν
3471 604 3526 639 τι
3743 582 3884 638 Θεοῦ

2285 681 2537 748 γίνεσθαι
2566 683 2988 753 συγχωρήσωσι,
3027 681 3123 733 καὶ
3148 680 3436 750 τεράστιον
3461 682 3511 732 οἱ
3546 678 3882 745 φυσιολόγοι,

2286 773 2503 830 ἅπαντα
2555 777 2624 827 τὰ
2675 775 2945 845 τεράστια
3002 772 3355 844 βιαζόμενοι·
3396 774 3459 826 τὸ
3515 774 3626 842 γὰρ
3664 773 3885 828 πάντων

2285 867 2411 931 τοὺς
2444 868 2636 933 λόγους
2676 870 2926 940 ἐρευνᾷν,
2959 867 3251 920 καταλύειν
3296 867 3414 920 ἐστὶ
3463 865 3747 937 θαύματα,
3781 865 3879 920 καὶ

2287 960 2646 1029 παροργίζειν
2670 961 2803 1014 Θεὸν
2833 963 2889 1014 ἐν
2918 964 3036 1024 ταῖς
3060 960 3537 1030 θαυματουργίαις
3559 959 3725 1012 αὑτοῦ
3749 959 3883 1031 παρ’

2286 1049 2447 1119 ἡμῶν
2475 1051 2884 1121 εὐθυμούμενον
2920 1053 3015 1123 (8).
3049 1053 3146 1105 Διὰ
3173 1052 3333 1106 τοῦτο
3354 1047 3448 1106 οὖν
3474 1053 3568 1105 καὶ
3599 1052 3886 1122 Ζαχαρίαν

2293 1143 2387 1194 τὸν
2415 1143 2627 1213 πατέρα
2665 1145 2912 1198 Ἰωάννου
2943 1145 3038 1198 τοῦ
3081 1141 3392 1199 Βαπτιστοῦ
3441 1146 3620 1215 σιωπῇ
3665 1143 3884 1197 κατεδίο

2287 1251 2458 1288 κασεν
2488 1236 2516 1288 ὁ
2547 1235 2705 1299 Θεὸς,
2731 1238 2812 1288 ὅτι
2844 1239 3066 1307 χάριτος
3100 1235 3624 1307 Θαυματουργούσης
3649 1237 3679 1290 ὁ
3701 1236 3886 1305 Ζαχα-

2291 1325 2412 1394 ρίας
2455 1326 2910 1394 πολυπραγμονεῖ
2955 1329 3045 1380 τὸν
3097 1329 3318 1399 τρόπον,
3359 1328 3435 1397 μὴ
3483 1325 3885 1390 πιστεύσαςὼς

2289 1418 2552 1488 θαύματι,
2591 1419 2727 1471 ἀλλὰ
2779 1419 3080 1488 λογισμοὺς
3109 1422 3206 1491 τῆς
3235 1421 3332 1474 τοῦ
3355 1420 3489 1473 Θεοῦ
3525 1419 3883 1490 Θαυματουρ-

2288 1509 2412 1575 γίας
2461 1510 2762 1578 ἐπιζητῶν.
2802 1510 2915 1563 Καὶ
2947 1510 3043 1563 τοῦ
3095 1511 3338 1584 Γαϐριὴλ
3385 1511 3654 1573 εἰπόντος,
3688 1528 3708 1560 ι
3742 1509 3886 1564 Ἑλιο

2292 1599 2455 1652 σάὃετ
2483 1601 2514 1669 ἡ
2539 1601 2676 1670 γυνή
2703 1617 2819 1664 σου,
2853 1596 2942 1669 (ἦν
2969 1601 3026 1652 δὲ
3063 1603 3271 1671 στεῖρα)
3306 1599 3517 1665 τέξεταί
3554 1615 3636 1651 σοι
3673 1597 3786 1650 υἱόν
3809 1610 3822 1624 ·
3854 1614 3877 1648 ι

2289 1693 2449 1755 αὐτὸς
2466 1692 2650 1762 ἐζήτει
2675 1692 2786 1745 τῶν
2815 1693 3125 1763 εἰρημένων
3153 1693 3448 1760 ἀπόδειξιν,
3472 1690 3664 1754 εἰπών,
3692 1689 3885 1745 «Κατὰ

2289 1786 2343 1836 τί
2395 1785 2678 1854 γνώσομαι
2721 1787 2805 1838 ὃτι
2853 1787 3010 1840 ἔσται
3073 1803 3162 1854 μοι
3203 1786 3400 1849 τοῦτος
3429 1805 3447 1837 ι
3497 1785 3636 1838 ’Δλὶδ
3693 1782 3883 1854 ἐπειδὴ

604 1879 690 1926 rat
735 1869 1004 1922 rationem
1054 1865 1227 1934 petit,
1273 1865 1504 1918 dicens:
1545 1884 1562 1914 ι
1600 1864 1669 1917 Et
1713 1863 1858 1916 unde
1896 1863 2001 1915 boc
2052 1860 2182 1914 mihi

2294 1877 2461 1946 ᾔτησε
2513 1877 2608 1928 τοῦ
2658 1870 2937 1947 θαύματος
2977 1877 3077 1949 τὴν
3119 1878 3417 1944 ἀπόδειξιν,
3458 1877 3882 1941 καταδικάζεται

604 1957 849 2012 futurum
891 1955 1060 2007 sciam
1114 1953 1248 2005 '7?»
1301 1953 1409 2008 Sed
1456 1955 1585 2022 quia
1642 1952 2184 2007 demonstrationem

603 2046 854 2102 miraculi
893 2043 1198 2113 quaerebat,
1226 2044 1448 2098 silentio
1485 2043 1887 2098 condemnatur
1916 2043 2187 2096 :demon-

605 2141 930 2196 strationem
957 2153 1153 2192 eorum
1179 2152 1300 2206 quae
1334 2136 1686 2205 quaesiverat,
1719 2137 2004 2190 silentium
2039 2135 2189 2189 acci-

603 2231 794 2303 piens;
826 2239 883 2285 et
908 2231 1093 2300 lingua
1119 2227 1427 2283 sacerdotis
1453 2227 1702 2296 punitur,
1729 2243 1851 2296 qum
1869 2226 2188 2281 subservie-

605 2332 693 2377 rat
716 2322 785 2377 ad
810 2322 1252 2377 incredulitatem
1288 2338 1302 2373 :
1343 2327 1404 2373 ut
1449 2319 1731 2374 Zachariae
1773 2319 2053 2373 silentium
2088 2332 2190 2372 nos

604 2429 797 2468 omnes
822 2412 1045 2468 doceret
1077 2411 1172 2465 Dei
1198 2410 1468 2464 miracula
1492 2423 1618 2462 cum
1635 2409 1860 2462 silentio
1876 2410 2186 2479 suscipere,

605 2501 1350 2575 omnibusquepersuaderct
1377 2502 1491 2556 Deo
1544 2501 1812 2556 miracula
1849 2501 2189 2572 perpetrant-i

603 2597 854 2662 credere,
889 2613 1065 2666 neque
1089 2611 1281 2650 eorum
1312 2612 1435 2665 quze
1464 2610 1608 2648 novo
1627 2595 1792 2648 modo
1818 2608 1985 2663 supra
2011 2593 2187 2645 ratio-

602 2704 727 2743 nem
759 2689 918 2750 tiunt,
945 2687 1189 2740 rationes
1215 2688 1530 2754 exquirere.

671 2778 862 2834 XXIV.
898 2779 1075 2847 Atque
1104 2779 1221 2831 ha:c
1250 2777 1476 2846 quidem
1527 2778 1702 2832 sancti
1759 2779 1951 2832 Patres
1995 2777 2191 2832 Nicaeae

602 2871 914 2941 congregati
945 2867 1012 2942 de
1038 2867 1331 2938 Unigenito
1365 2868 1579 2935 cognita
1612 2868 1948 2931 habuerunt,
1977 2877 2034 2920 et
2081 2867 2187 2920 Ec-

600 2962 797 3017 clesias
822 2959 1050 3016 credere
1087 2958 1417 3013 docuerunt.
1444 2958 1719 3014 Caeterum
1737 2959 1805 3012 de
1833 2958 2045 3026 Spiritu
2065 2973 2191 3014 ssci-

599 3061 712 3117 cto,
737 3053 866 3122 quia
892 3052 1042 3105 nulla
1075 3062 1207 3105 tunc
1231 3051 1462 3120 quaestio
1516 3061 1656 3115 erat,
1686 3052 1820 3105 satis
1877 3052 2190 3105 habuerunt

598 3143 944 3213 majestatem
975 3141 1220 3194 divinam
1255 3140 1521 3204 indicare,
1561 3139 1809 3194 dicentes
1835 3140 2026 3210 paucis
2060 3156 2188 3194 ver-

2296 1973 2472 2040 σιωπῇ
2492 1988 2504 2000 ·
2534 1971 2812 2037 ἀπόδειξιν
2845 1971 2955 2024 τῶν
2982 1971 3334 2041 ζητουμένων
3359 1973 3458 2040 τὴν
3492 1970 3767 2040 τιμωρίαν
3797 1969 3883 2021 δε-

2295 2059 2543 2128 ξάμενος.
2576 2061 2687 2112 Καὶ
2723 2060 3016 2124 κολάζεται
3049 2060 3270 2128 γλῶσσα
3317 2059 3396 2130 τῷ
3426 2060 3563 2131 ἱερεῖ
3587 2061 3726 2130 πρὸς
3750 2061 3885 2112 ἀπι-

2294 2152 2448 2202 στίαν
2488 2153 2916 2222 ὑπηρετήσασαο
2953 2154 3040 2206 ἵνα
3075 2155 3108 2223 ἡ
3155 2151 3338 2222 σιωπὴ
3369 2152 3464 2204 τοῦ
3497 2150 3771 2222 Ζαχαρίου
3807 2149 3885 2204 δι-

2290 2242 2424 2310 δάξῃ
2461 2241 2669 2304 πάντας
2697 2243 2867 2311 ἡμᾶς,
2902 2242 3042 2314 μετὰ
3071 2242 3283 2311 σιωπῆς
3302 2241 3371 2293 τὰ
3397 2241 3491 2293 τοῦ
3513 2240 3652 2293 Θεοῦ
3700 2240 3886 2310 παρά-

2291 2331 2420 2397 δοξα
2458 2331 2710 2401 δέχεσθαι
2729 2348 2745 2362 ·
2769 2332 2864 2384 καὶ
2899 2332 3063 2402 πείσῃ
3093 2331 3302 2393 πάντας
3327 2331 3605 2383 πιστεύειν
3630 2330 3879 2400 θαυματ-

2291 2423 2579 2493 ουργούντι
2625 2423 2778 2492 Θεῷ,
2829 2424 2923 2476 καὶ
2968 2423 3126 2490 λόγον
3180 2421 3258 2492 μὴ
3304 2422 3559 2474 ἀπαιτεῖν
3595 2421 3707 2475 τῶν
3740 2420 3881 2493 ὑπὲρ

2293 2517 2470 2569 πάντα
2501 2516 2658 2584 λόγον
2693 2515 3220 2586 καινουργουμένων.

2365 2780 2486 2834 KA'.
2519 2779 2703 2833 Ταῦτα
2756 2780 2853 2848 μὲν
2887 2776 3015 2848 περὶ
3061 2777 3155 2830 τοῦ
3202 2777 3542 2846 Μονογενοῦς
3583 2778 3630 2829 οἱ
3661 2777 3751 2830 ἐπὶ
3781 2775 3882 2847 τῆς

2292 2872 2526 2934 Νικαίας
2562 2871 2803 2939 Πατέρες
2837 2869 3193 2938 ξυναχθέντες
3227 2868 3472 2936 Εγνωσάν
3527 2886 3586 2921 τε
3639 2870 3732 2921 καὶ
3779 2867 3878 2930 τὰς

2305 2961 2632 3032 Ἐκκλησίας
2682 2960 2961 3012 πιστεύειν
3012 2960 3281 3024 ἐδίδαξαν.
3314 2959 3452 3030 Περὶ
3488 2958 3544 3012 δὲ
3585 2958 3679 3011 τοῦ
3723 2959 3879 3026 ἁγίου

2293 3055 2610 3125 Πνεύματος
2647 3054 2748 3106 οὐκ
2797 3052 2964 3121 οὔσης
3015 3054 3137 3106 τότε
3191 3053 3491 3123 ζητήσεως,
3525 3051 3880 3124 ἠρκέσθησαν

2292 3147 2390 3213 τὴν
2441 3145 2626 3214 Οεῑκὴν
2677 3145 2834 3209 ἀξίαν
2895 3145 3133 3213 μηνύσαι
3188 3145 3416 3214 βραχέσι
3459 3146 3572 3206 τοῖς
3613 3147 3877 3215 ῥήμασιν,

600 3232 807 3296 bis,se
852 3233 1007 3300 juxta
1061 3229 1282 3284 Patrem
1344 3241 1401 3283 et
1451 3230 1673 3293 Filium,
1724 3231 1967 3283 etiamin
2013 3228 2182 3298 Spiri-

2293 3239 2574 3300 εξτ-ῖόντες·
2608 3236 2746 3306 μετὰ
2781 3235 2995 3306 Πατρὸς
3036 3238 3130 3288 καὶ
3170 3235 3302 3288 Υἱοῦ
3354 3235 3632 3288 πιστεύειν
3680 3237 3771 3289 καὶ
3799 3236 3881 3300 είς

605 3333 724 3379 tum
742 3333 991 3376 sanctum
1015 3321 1264 3376 credere.
1285 3320 1421 3375 Nam
1463 3321 1554 3390 qui
1597 3321 2101 3386 dicunt,nosetiam
2129 3323 2184 3376 in

601 3413 867 3486 Spiritum
927 3419 1176 3466 sanctum
1221 3411 1452 3466 credere
1499 3412 1962 3482 quemadmodum
1990 3413 2185 3467 credi-

597 3521 723 3562 mus
786 3505 842 3559 in
907 3504 1126 3559 Patrem
1200 3513 1258 3558 et
1309 3502 1528 3566 Filium,
1610 3505 1879 3572 :equalem
1936 3503 2185 3573 dignita-

599 3607 710 3652 tem
744 3612 936 3652 eorum
971 3596 1027 3649 in
1060 3611 1202 3664 quos
1225 3595 1495 3658 creditur,
1521 3595 1838 3666 signiﬁcant
1871 3611 2029 3648 :nam
2049 3596 2186 3651 ﬁdes

597 3689 810 3746 honore
842 3698 898 3744 et
934 3688 1201 3758 dignitate
1231 3689 1478 3756 aequalis,
1508 3689 1726 3742 illorum
1753 3689 1807 3742 in
1837 3704 1977 3758 quos
1999 3689 2184 3743 credi-

599 3791 691 3838 tur
715 3781 980 3837 deitatem
1016 3779 1227 3833 bonore
1261 3781 1530 3848 aequalem
1555 3778 1818 3833 ostendit.
1850 3779 1965 3833 Nec
2031 3780 2182 3834 enim

598 3874 891 3944 quisquam
918 3886 1016 3925 eos
1049 3870 1247 3925 docere
1275 3871 1575 3934 existimet,
1605 3887 1706 3925 nos
1743 3872 1798 3924 in
1826 3888 2049 3926 servum
2103 3873 2182 3926 si-

600 3967 713 4021 mul
738 3974 792 4019 et
820 3963 1136 4024 Dominum,
1164 3962 1252 4016 vel
1282 3963 1340 4016 in
1372 3960 1692 4016 Creatorem
1731 3963 1893 4016 simul
1919 3971 1975 4016 et
2023 3978 2182 4017 crea-

601 4071 800 4120 turrn,
831 4056 919 4110 vel
950 4057 1005 4109 in
1033 4055 1296 4124 majorem
1322 4063 1385 4107 ac
1409 4055 1679 4108 minorem
1712 4054 1884 4107 Deum
1913 4053 2141 4108 credere
2165 4072 2178 4106 :

597 4167 723 4207 nam
753 4150 956 4220 quibus
986 4165 1098 4204 non
1123 4147 1432 4218 .intercedit
1467 4147 1713 4218 ejusdem
1762 4156 1975 4201 naturae
2033 4162 2184 4201 com-

598 4243 810 4306 munio,
835 4242 904 4294 iis
931 4256 1060 4294 sane
1093 4255 1273 4309 neque
1299 4255 1408 4293 una
1449 4239 1752 4309 eademque
1786 4241 1921 4296 ﬁdes
1966 4242 2036 4295 ab
2077 4242 2178 4295 ho—

596 4333 839 4389 minibus
866 4332 1150 4401 competit.
1195 4331 1393 4385 Verum
1428 4332 1564 4385 illud
1589 4332 1769 4387 obiter
1797 4350 1944 4388 nunc
1971 4335 2180 4388 dictum

596 4430 668 4486 sit
715 4427 783 4482 de
831 4426 1039 4497 Spiritu
1084 4435 1296 4490 sancto,
1332 4425 1400 4478 de
1445 4428 1602 4495 cujus
1648 4427 1835 4482 divina
1896 4431 2180 4498 majestate

596 4521 812 4592 plenius
847 4520 902 4573 in
928 4519 1052 4572 aliis
1075 4517 1254 4572 tribus
1282 4519 1442 4572 libris
1468 4519 1873 4587 disputavimus
1902 4539 1913 4572 :
1942 4537 2082 4590 quos
2133 4522 2179 4575 si

596 4613 812 4681 legeris,
863 4610 1131 4680 Spiritum
1187 4621 1438 4663 sanctum
1477 4613 1593 4679 pari
1621 4612 1831 4665 honore
1859 4627 1982 4664 cum
2020 4612 2179 4665 Patre

594 4703 811 4759 ctFilio
849 4702 1320 4771 congloriticatum
1374 4718 1440 4754 cx
1480 4704 1651 4756 sacris
1698 4703 1925 4758 Litteris
1975 4704 2177 4758 disces.

593 4793 706 4851 Nos
731 4809 862 4847 vero
901 4793 1004 4847 hoc
1029 4801 1279 4861 tempore
1317 4793 1439 4854 tibi,
1462 4793 1766 4848 amicorum
1795 4795 2176 4856 dilectissime,

595 4882 714 4938 haec
738 4881 1007 4936 orationis
1031 4891 1236 4935 nostra:
1263 4880 1412 4935 dona
1440 4883 1763 4948 oﬂ‘erimus;
1803 4887 1897 4954 qui
1952 4885 2177 4955 quidem

593 4990 663 5029 ex
693 4974 773 5028 rei
811 4973 1104 5042 proposita:
1130 4972 1399 5043 dignitate
1423 4975 1588 5029 verba
1633 4979 1810 5032 facere
1843 4995 1950 5032 non
1978 4996 2179 5048 possu-

593 5080 740 5128 tnus,
771 5074 1010 5118 attamen
1045 5062 1382 5119 sufﬁcienter
1403 5081 1501 5120 eos
1527 5068 1622 5137 qui
1643 5084 1788 5123 nunc
1811 5072 1956 5124 circa
2012 5071 2176 5125 ﬁdem

591 5166 798 5218 errant,
821 5171 932 5209 non
964 5155 1188 5224 quidem
1219 5172 1286 5209 ex
1320 5168 1513 5211 nostro
1568 5158 1738 5212 fundo
1773 5171 1938 5230 atque
1971 5178 2036 5215 ex
2072 5179 2177 5215 no~

593 5249 788 5303 bismet
812 5248 968 5316 ipsis,
1007 5247 1103 5300 sed
1139 5249 1340 5315 partim
1366 5265 1430 5302 ex
1455 5266 1609 5303 sacra
1635 5252 1943 5322 Scriptura,
1971 5257 2173 5324 partim

593 5355 656 5392 ex
684 5339 829 5393 (idea
857 5338 1064 5392 sanctis
1087 5337 1341 5392 Patribus
1370 5341 1560 5396 Nicaea:
1605 5348 1952 5415 congregatis
2006 5363 2176 5416 expo-

595 5433 692 5483 sita
727 5430 1108 5483 refutavimus.

658 5547 704 5574 ”
733 5544 866 5597 Luc.
890 5561 928 5608 ι,
961 5544 1050 5598 15.
1129 5546 1172 5576 ³⁷
1206 5545 1342 5601 ibid.
1389 5547 1478 5603 18.

665 5640 739 5707 (8)
774 5641 878 5691 Kal
914 5640 1372 5711 παροργίζειν-
1395 5643 1859 5711 εὐθυμούμενον.
1894 5643 2169 5700 Cotelerio

597 5720 628 5764 ι.
658 5726 703 5763 c.
730 5720 1021 5778 corruptus
1063 5710 1281 5784 videtur
1313 5714 1405 5767 hic
1439 5716 1592 5767 locus
1621 5731 1632 5765 :
1658 5710 2037 5784 Corrigendus
2072 5731 2170 5769 au-

598 5795 703 5833 .em
756 5794 853 5853 per
909 5782 1264 5853 mutationem
1329 5784 1605 5853 participii
1651 5782 2057 5851 εὐθυμούμενον
2115 5789 2168 5840 in

601 5851 948 5921 participium
982 5850 1361 5922 εὐθυνόμενονᾟ
1415 5850 1578 5922 nam
1615 5850 1808 5906 sensus
1842 5850 1909 5908 sit
1943 5875 1952 5907 :
1995 5857 2060 5908 Et
2102 5860 2170 5908 ad

2290 3329 2351 3380 τὸ
2384 3329 2538 3394 ἆγιον
2569 3327 2815 3396 Πνεῦμα.
2851 3328 2916 3379 Oi
2941 3326 3049 3396 γὰρ
3081 3326 3348 3390 εἰπόντες,
3379 3329 3472 3378 καὶ
3521 3328 3600 3389 εἱς
3631 3325 3694 3377 τὸ
3722 3327 3880 3393 ἅγιον

2291 3421 2516 3490 Πνεῦμα
2549 3419 2827 3472 πιστεύειν
2853 3421 3024 3488 ἡμᾶς,
3061 3418 3136 3481 ὡς
3168 3418 3500 3487 πιστεύομεν
3545 3420 3624 3481 είς
3657 3416 3879 3488 Πατέρα

2290 3514 2383 3565 καὶ
2414 3512 2562 3574 Υἱὸν,
2595 3511 2720 3580 ἴσην
2751 3510 2859 3562 τῶν
2889 3511 3297 3579 πιστευομένων
3340 3509 3440 3581 τὴν
3477 3507 3636 3572 ἀξίαν
3676 3511 3880 3579 ἐμήνυ-

2291 3616 2407 3652 σαν.
2440 3601 2501 3652 'H
2526 3599 2634 3669 γὰρ
2664 3601 2928 3670 ὁμότιμος
2961 3599 3166 3663 πίστις,
3190 3600 3458 3670 ὁμότιμον
3485 3599 3596 3652 τῶν
3625 3617 3878 3653 πιστευο-

2291 3693 2466 3762 μένων
2495 3693 2594 3761 τὴν
2630 3692 2863 3761 θεότητα
2899 3693 3158 3744 δείκνυσι.
3201 3695 3275 3745 Ub
3325 3693 3432 3762 γὰρ
3465 3692 3530 3746 ἄν
3565 3710 3648 3754 τις
3676 3693 3878 3747 {amitti-

2287 3783 2371 3836 60t
2405 3784 2680 3836 διδάσκειν
2718 3785 2913 3847 αὐτοὺς
2944 3785 3226 3836 πιστεύειν
3248 3785 3396 3852 ἡμᾶς
3428 3787 3506 3846 είς
3531 3784 3716 3839 δοῦλον
3739 3783 3876 3854 ὁμοῦ

2287 3877 2379 3928 καὶ
2412 3875 2713 3944 Δεσπότην,
2757 3876 2790 3945 ἢ
2835 3877 2914 3937 είς
2953 3874 3199 3944 Κτίστην
3229 3875 3328 3926 καὶ
3357 3878 3436 3938 εἰς
3464 3876 3692 3945 κτίσμα,
3727 3877 3761 3947 ἦ
3795 3879 3876 3940 είς

2290 3968 2511 4039 μείζονα
2541 3967 2672 4020 Θεὸν
2703 3969 2797 4021 καί
2831 3967 3024 4038 μικρὸν
3050 3985 3063 3996 '
3099 3963 3178 4030 οἷς
3213 3966 3323 4035 γὰρ
3353 3968 3453 4019 οὐκ
3488 3966 3603 4020 ἔστι
3638 3968 3740 4037 τῆς
3769 3967 3841 4035 φῦ
3867 4001 3875 4010 -

2288 4080 2424 4125 σεως
2455 4061 2732 4126 κοινωνία,
2764 4059 2979 4122 τούτοις
3007 4059 3107 4111 οὐκ
3136 4059 3202 4111 ἂν
3237 4058 3388 4130 παρὰ
3431 4058 3542 4110 τῶν
3568 4058 3872 4130 ἀνθρώπων

2289 4156 2385 4223 μία
2420 4155 2600 4215 πίστις
2636 4152 2950 4224 άρμὸσειεν.
2996 4151 3156 4203 Ἀλλὰ
3183 4150 3373 4214 ταῦτα.¹
3398 4151 3496 4220 μὲν
3539 4150 3614 4214 ὡς
3643 4153 3702 4202 ἐν
3731 4169 3869 4223 παρ-

2284 4246 2430 4314 έργῳ
2486 4245 2582 4296 νῦν
2613 4243 2856 4314 εἰρήσθω
2885 4242 3014 4310 περὶ
3058 4239 3152 4292 τοῦ
3196 4239 3514 4308 Πνεύματος
3555 4240 3648 4294 τοῦ
3686 4242 3867 4308 ἁγίου,

2285 4337 2559 4389 ἐντελέοτε
2567 4353 2662 4406 ρον
2692 4333 2850 4404 ἡμῶν
2882 4334 3010 4403 περὶ
3032 4333 3130 4402 τῆς
3154 4331 3338 4400 Θεῖκῆς
3363 4332 3679 4396 δεσποτείας
3707 4333 3867 4385 αὑτοῦ

2283 4427 2665 4497 διειλεγμένων
2696 4428 2756 4478 ἐν
2782 4426 2964 4494 τρισὶν
2995 4424 3201 4492 ἑτέροις
3244 4422 3492 4492 βιϐλίοις,
3519 4418 3601 4487 οἷς
3632 4424 3867 4494 ἐντυχὼν

2287 4518 2737 4587 ξυνδοξαζόμενον
2789 4515 2962 4586 Πατρὶ
3005 4516 3098 4566 καὶ
3139 4513 3257 4584 Υἱῷ
3285 4513 3346 4566 τὸ
3380 4514 3602 4583 Πνεῦμα
3627 4514 3688 4568 τὸ
3715 4515 3866 4583 ειγιον

2291 4614 2439 4681 παρὰ
2490 4613 2587 4680 τῆς
2638 4609 2789 4671 Θείας
2841 4606 3138 4677 διδαχθήσῃ
3184 4605 3430 4675 Γραφῆς.
3472 4605 3664 4675 Ἡμεῖς
3699 4606 3755 4659 δέ
3783 4619 3878 4666 or'.

2287 4701 2382 4755 νῦν
2417 4700 2594 4753 ταῦτα
2627 4701 2778 4771 δῶρα
2812 4698 2922 4751 τῶν
2951 4697 3236 4767 ἡμετέρων
3268 4696 3643 4766 ἁνατιθέμεθα
3667 4697 3866 4765 λόγωιε

2287 4788 2332 4846 ὦ
2356 4795 2483 4862 φίλη
2513 4792 2745 4863 κεφαλὴ,
2773 4792 2909 4861 πρὸς
2936 4791 3092 4854 ἀξίαν
3116 4791 3214 4860 μὲν
3237 4789 3337 4857 τῆς
3361 4789 3656 4854 διατάξεως
3692 4791 3813 4842 clm
3841 4795 3869 4841 ἒ

2287 4884 2348 4935 οὔ
2384 4884 2686 4951 δυνάμενοι,
2720 4880 2902 4934 ἱκανὸν
2926 4880 2982 4932 δὲ
3009 4881 3099 4932 τὸν
3131 4879 3351 4949 ἔλεγχον
3386 4878 3494 4930 τῶν
3519 4878 3615 4931 νῦν
3645 4880 3870 4949 ﬂuuio:

2292 4976 2466 5045 μένων
2496 4974 2806 5045 ἐκθέμενοι,
2851 4973 2950 5025 οὐκ
3003 4971 3214 5025 οἴκοθεν
3261 4972 3356 5023 καὶ
3389 4969 3448 5033 ἐξ
3504 4971 3707 5034 αὐτῶν,
3748 4971 3858 5025 ἀλλ’

2286 5066 2351 5116 ἐκ
2384 5083 2441 5117 τε
2486 5067 2585 5135 τῆς
2624 5065 2774 5128 Θείας
2807 5065 3026 5133 Γραφῆς
3068 5065 3164 5116 καὶ
3203 5065 3271 5116 ἑκ
3302 5063 3403 5132 τῆς
3431 5062 3744 5135 ἐκτεθείσης
3777 5063 3865 5119 πί-

2289 5169 2456 5215 στεως
2511 5153 2617 5206 τῶν
2653 5155 2747 5206 ἐπὶ
2795 5154 2893 5222 τῆς
2946 5154 3181 5216 Νικαίας
3242 5152 3619 5223 ξυναχθέντων
3685 5155 3854 5225 ἁγίων

2286 5244 2565 5298 Πατέοων.

2278 5651 2416 5701 iram
2452 5663 2736 5718 provocare
2768 5647 2957 5711 Deum,
2999 5669 3029 5702 a
3081 5651 3224 5704 nobis
3261 5651 3315 5702 in
3353 5651 3460 5703 suis
3494 5645 3763 5702 miraculis
3794 5647 3860 5700 ad

2278 5721 2537 5799 rationem
2572 5718 2932 5787 postulatum;
2967 5736 3085 5786 seu,
3121 5739 3151 5774 a
3207 5735 3308 5790 quo
3358 5722 3408 5773 in
3452 5723 3555 5773 suis
3593 5720 3859 5773 miraculis

2279 5798 2538 5842 rationem
2572 5805 2935 5842 exvoscamus.
