4098 6344
623 403 754 462 £55!

1690 392 2035 447 τηευουτι
2077 391 2381 445 EPISCUPI
2425 389 2775 444 AMJYRANI

3767 388 3894 444 ιεει

620 521 750 576 bum
775 518 1136 575 substantiale
1151 528 1209 572 et
1233 516 1564 575 subsistens.
1592 523 1809 582 partum
1836 511 2046 582 eligens
2096 524 2194 580 pe-

2301 507 2564 577 οὑσιὼδης
2613 523 2673 560 τε
2724 508 2816 560 καὶ
2856 507 3240 570 ινυπόστατος,
3271 506 3366 560 τὸν
3400 507 3559 559 τόκον
3617 506 3893 576 ἑλόμενος.

618 607 771 664 rimit
795 608 1188 678 virginitatem.
1218 605 1369 661 Ultra
1395 604 1666 658 rationem
1692 617 1824 673 ergo
1864 610 2074 656 natura
2113 607 2200 655 est

617 701 764 771 quod
798 699 999 754 factum
1044 710 1160 762 est;
1205 711 1328 759 nec,
1356 709 1562 765 quaso,
1625 692 1693 748 ad
1721 702 1932 748 natura:
1960 691 2201 746 rationes

618 792 944 847 descendas.
967 790 1287 846 Miraculum
1320 788 1419 842 tibi
1447 787 1572 841 dico
1599 804 1610 838 :
1639 785 1750 839 noli
1778 799 1998 839 movere
2035 782 2202 837 ratio-

619 885 944 939 cinationes.
977 884 1147 937 Deum
1180 891 1372 935 natum
1397 879 1494 933 tibi
1528 877 1654 932 dico
1679 877 1774 947 qui
1828 876 1978 930 nasci
2009 875 2199 929 volue-

621 975 716 1038 rit,
755 991 864 1029 nou
922 974 1016 1044 qui
1049 972 1356 1027 divinitatis
1415 971 1636 1024 initium
1699 968 2000 1038 acceperit.
2058 965 2201 1020 Deus

621 1081 746 1123 cum
777 1075 942 1129 esset,
983 1066 1266 1136 proprium
1310 1062 1414 1117 sibi
1447 1072 1667 1132 partum
1704 1059 1855 1124 fecit,
1927 1073 2037 1112 non
2072 1071 2200 1110 eum

620 1167 812 1230 partus
840 1156 973 1210 fecit
1006 1156 1198 1210 Deum.
1225 1153 1380 1220 Quod
1406 1168 1516 1206 non
1533 1161 1675 1215 erat,
1707 1167 1832 1206 cum
1863 1150 1982 1204 ﬁeri
2007 1149 2197 1213 vellet,

620 1251 786 1305 etiam
824 1248 970 1318 quod
994 1257 1113 1300 erat
1139 1247 1358 1299 mansit.
1402 1243 1569 1314 Eligit
1631 1253 1870 1312 partum,
1939 1251 2199 1310 tanquam

619 1337 1058 1410 dispensationis
1097 1337 1340 1391 initium.
1383 1335 1685 1390 Factuscst
1715 1334 1900 1398 homo,
1936 1347 2046 1387 non
2077 1345 2201 1384 mu-

620 1440 733 1487 tata
772 1439 989 1487 natura.
1026 1445 1135 1484 non
1164 1430 1329 1484 motis
1351 1429 1605 1484 terminis
1631 1427 1830 1481 divina:
1857 1424 2199 1480 substantia.

625 1543 647 1577 ι
690 1524 770 1581 Tu
805 1527 953 1580 enim
993 1524 1138 1578 idem
1178 1524 1293 1594 ipse
1325 1537 1408 1588 es,
1474 1530 1530 1578 et
1590 1523 1717 1576 anni
1758 1521 1835 1575 tui
1892 1535 2000 1575 non
2061 1516 2202 1572 deﬁ-

619 1617 790 1682 cient,
837 1638 854 1670 ι
897 1618 1076 1688 inquit
1104 1617 1290 1672 divina
1326 1616 1613 1688 Scriptura
1642 1611 1739 1668 «³³.
1774 1613 1843 1669 Et
1877 1631 1894 1666 :
1937 1633 1955 1664 ι
1997 1612 2077 1667 Tu
2106 1613 2201 1683 qui

620 1711 783 1768 sedes
806 1712 861 1765 in
887 1712 1147 1766 saeculum
1176 1711 1257 1778 ”;
1302 1730 1318 1762 ι
1394 1725 1492 1780 per
1525 1710 1631 1764 hoc
1675 1706 1971 1763 ostendens
2004 1705 2203 1761 divine

624 1803 946 1859 substantia:
972 1801 1493 1857 immutabilitatem.
1528 1801 1596 1854 Et
1623 1797 2196 1869 rursusinquitDeus:

630 1909 648 1942 ι
687 1891 836 1946 idem
870 1893 986 1960 ipse
1041 1901 1188 1954 sum,
1234 1897 1292 1945 et
1352 1904 1463 1944 non
1498 1897 1683 1944 mutor
1717 1891 1782 1942 “.
1829 1908 1848 1940 ι
1890 1889 2008 1943 Νοιι
2069 1903 2202 1960 ergo

620 1990 831 2036 mutata
853 1981 1165 2036 substantia
1196 1980 1292 2036 Dei
1322 1979 1498 2036 factus
1528 1991 1613 2036 cst
1649 1981 1834 2045 homo,
1870 1994 2049 2050 neque
2066 1994 2200 2034 con-

619 2089 777 2131 versa
810 2075 866 2128 in
894 2073 1258 2129 substantiam
1296 2073 1483 2128 aliam.
1517 2073 1653 2128 Nam
1680 2073 1927 2144 profecto
1957 2073 2203 2127 miracu-

619 2163 736 2220 lum
764 2179 877 2220 non
911 2173 1060 2221 esset
1092 2163 1242 2235 quod
1277 2164 1484 2219 factum
1513 2173 1620 2229 est,
1685 2165 1732 2220 si
1766 2173 1979 2219 natura
2017 2172 2200 2218 muta-

621 2256 774 2313 tione
799 2257 963 2313 aliam
989 2263 1247 2314 naturam
1278 2257 1643 2326 suscepisset;
1678 2257 1866 2311 multa:
1891 2254 2201 2326 enimapud

618 2363 724 2405 nos
758 2348 900 2404 ﬁunt
925 2348 1243 2421 huiusmodi
1270 2364 1459 2404 rerum
1484 2348 1856 2403 mutationes:
1883 2346 1978 2402 sed
2006 2347 2063 2400 in
2097 2346 2202 2400 hoc

600 2442 951 2500 miraculum
1016 2441 1148 2496 fecit
1192 2442 1356 2506 Deus,
1405 2442 1534 2512 quia
1568 2455 1798 2494 manens
1853 2438 2002 2509 quod
2059 2447 2198 2503 erat,

617 2532 800 2590 factus
823 2542 908 2589 est
932 2533 1078 2604 quod
1136 2549 1248 2589 non
1278 2542 1416 2590 erat.
1456 2532 1613 2600 Quod
1679 2533 1858 2602 ipsum
1885 2531 2202 2602 signiﬁcans

618 2641 862 2697 magnus
919 2626 1210 2696 Apostolus
1249 2625 1470 2680 dicebat
1507 2642 1520 2678 :
1556 2643 1574 2676 ι
1626 2623 1729 2690 Qui
1762 2639 1887 2679 cum
1933 2623 1988 2678 in
2024 2623 2200 2678 forma

618 2718 716 2776 Dei
738 2728 903 2774 esset.
951 2738 968 2770 ι
1006 2718 1144 2774 Cum
1197 2728 1368 2784 esset,
1412 2719 1614 2789 inquit,
1686 2733 1797 2773 non
1853 2717 1949 2788 qui
2006 2717 2202 2772 fuisset

614 2809 934 2881 aliquando.
973 2820 1033 2865 ut
1061 2821 1273 2866 naturze
1320 2809 1636 2866 ﬁrmitatem
1670 2809 2010 2866 ostenderet.
2043 2830 2062 2862 ι
2093 2809 2199 2878 Qui

613 2913 742 2958 eum
776 2900 1039 2956 informa
1077 2901 1174 2956 Dei
1223 2912 1391 2967 esset,
1439 2917 1552 2956 non
1605 2903 1849 2972 rapinam
1897 2902 2200 2958 arbitratus

612 3002 702 3049 est
748 3008 870 3048 esse
917 3007 976 3048 se
1017 2993 1283 3063 :equalem
1308 2994 1421 3049 Deo
1449 2995 1514 3048 “.
1556 3014 1574 3046 ι
1613 2995 1748 3050 Esse
1776 2994 2201 3066 dicitaaqualem

616 3083 752 3150 Deo,
782 3099 893 3140 non
920 3084 1090 3140 fuisse
1127 3086 1443 3156 aliquando.
1485 3087 1693 3142 Deinde
1740 3102 1934 3142 rursus
1978 3087 2198 3151 clamat,

615 3173 808 3232 dicens
839 3193 854 3228 :
891 3193 910 3226 ι
938 3173 1045 3230 Sed
1071 3176 1426 3246 semetipsum
1453 3175 1778 3240 exinanivit,
1803 3176 2036 3231 formam
2051 3177 2198 3231 servi
2226 3211 2271 3268 ε

611 3267 895 3339 occipiens
948 3268 1012 3321 “.
1053 3287 1074 3318 ι
1128 3267 1296 3322 Vides
1343 3268 1474 3337 quia
1497 3277 1554 3322 et
1580 3277 1766 3323 manet
1793 3267 1941 3338 quod
1973 3277 2112 3332 erat,
2143 3277 2200 3324 et

614 3374 675 3416 se
715 3359 894 3433 ipsum
937 3359 995 3414 in
1026 3359 1171 3415 servi
1202 3359 1379 3415 forma
1417 3361 1716 3416 exinanivit
1738 3361 1761 3414 ?
1785 3361 1854 3415 Et
1886 3361 2020 3416 illud
2057 3361 2200 3416 exsi-

612 3459 788 3518 stens,
836 3463 894 3508 et
933 3452 1040 3508 hoc
1072 3451 1270 3518 factus,
1293 3453 1616 3509 miraculum
1647 3454 1873 3518 faciens,
1898 3470 2007 3510 non
2033 3464 2197 3510 natu-

612 3559 733 3601 ram
761 3553 979 3625 mutans
1003 3545 1263 3626 ;‘volens,
1312 3559 1424 3599 non
1473 3554 1700 3600 coactus
1739 3547 2043 3601 mutatione
2070 3546 2201 3601 sub-

613 3637 850 3696 stantiae.
874 3635 1031 3704 Quod
1063 3637 1211 3692 enim
1237 3636 1373 3692 dicit
1401 3638 1566 3702 Deus,
1598 3637 1747 3703 facit,
1774 3638 1903 3694 licet
1926 3643 2068 3693 ultra
2106 3655 2194 3694 ra-

612 3730 819 3786 tionem
856 3739 1071 3786 naturae
1124 3729 1196 3785 sit
1237 3729 1386 3801 quod
1437 3730 1687 3786 dicitur:
1736 3731 1901 3788 habet
1951 3731 2098 3787 enim
2142 3740 2200 3787 et

609 3823 873 3882 virtutem
922 3823 1248 3878 miraculum
1287 3822 1468 3878 facere
1502 3824 1798 3889 valentem,
1832 3832 1890 3880 et
1939 3839 2046 3879 non
2078 3805 2202 3879 :ex-

610 3921 950 3987 spectantem
975 3923 1188 3970 natura:
1216 3915 1481 3969 rationes.
1505 3914 1800 3986 Propterea
1835 3924 1892 3971 et
1915 3924 2000 3970 est
2028 3915 2194 3979 Deus,

611 4015 672 4063 et
697 4005 1016 4061 exinanitur
1062 4005 1120 4059 in
1169 4005 1313 4062 servi
1343 4005 1517 4060 forma
1551 4024 1563 4060 :
1597 4015 1654 4062 et
1683 4008 1911 4077 :equalis
1941 4016 2026 4062 est
2060 4007 2195 4072 Deo,

611 4106 670 4155 et
696 4098 860 4154 homo
885 4097 948 4154 ﬁt
974 4116 988 4152 :
1030 4107 1086 4154 et
1105 4105 1191 4153 est
1215 4107 1342 4154 ante
1373 4099 1591 4165 saecula,
1613 4107 1670 4154 et
1690 4109 1907 4170 partum
1937 4101 2194 4165 sustinet,

609 4199 668 4245 et
704 4205 769 4245 ea
791 4190 1055 4244 miracula
1091 4189 1245 4254 facit,
1282 4205 1404 4262 quae
1445 4192 1585 4246 ratio
1614 4201 1825 4247 natura:
1854 4192 2052 4248 nescit.

679 4280 769 4337 Ill.
796 4280 936 4336 Hinc
961 4290 1017 4336 et
1043 4281 1344 4352 gentilibus
1371 4281 1606 4337 stultitia
1652 4291 1943 4353 reputatur
1984 4281 2193 4338 Cbristi

607 4383 1038 4436 sacramentum,
1083 4381 1142 4427 et
1167 4372 1341 4428 Judaei
1367 4373 1687 4428 scandalum
1716 4373 1910 4428 dicunt
1935 4373 2194 4430 incarna-

608 4465 778 4521 tionis
807 4465 1154 4531 doctrinam;
1183 4464 1329 4536 quod
1357 4472 1415 4520 et
1439 4465 1645 4521 Paulus
1694 4464 2057 4536 signiﬁcabat,
2104 4465 2192 4521 di-

2303 600 2606 672 παρθενίαν
2657 600 2984 670 διέφθειρεν.
3028 599 3198 670 ’Υπὲρ
3231 600 3388 669 λόγον
3414 595 3508 654 οὖν
3545 599 3650 668 τῆς
3684 600 3896 668 φύσεώς

2303 695 2421 746 ἰστι
2447 696 2508 747 τὸ
2540 696 2855 765 γενόμενον.
2903 695 3013 747 Καὶ
3054 696 3253 764 μηκέτι
3286 695 3590 749 κατάϐαινε
3641 694 3786 763 πρὸς
3813 693 3893 745 λέ-

2303 801 2434 853 γους
2467 787 2568 855 τῆς
2616 787 2850 856 φύσεως.
2882 785 3083 855 Θαῦμὰ
3133 797 3213 840 σοι
3256 785 3439 852 λέγω·
3476 786 3555 856 μὴ
3591 784 3742 837 κίνει
3777 785 3895 847 τώς

2305 877 2620 948 λογισμούς.
2659 881 2794 934 Θεὸν
2825 877 3088 949 τεχθέντα
3115 895 3196 931 σοι
3230 879 3392 945 λέγω,
3420 879 3688 948 έλέμενον
3718 879 3891 939 τύκον,

2304 973 2406 1026 οὐκ
2457 972 2766 1042 ἀρξάμενον
2806 972 2905 1042 τῆς
2949 971 3221 1042 θεότητος.
3254 973 3350 1024 Ὅν
3392 970 3525 1034 Θεὸς
3576 971 3896 1041 ᾠκειώσατο

2304 1064 2485 1125 τόκον,
2511 1065 2608 1134 οὐχ
2638 1068 2666 1118 6
2703 1065 2862 1126 τόκος
2891 1065 3052 1118 αὐτὸν
3093 1061 3463 1116 κατεσκεύασε
3493 1062 3656 1115 Θεὸν.
3702 1065 3773 1116 Ὅ
3803 1065 3895 1116 οὐκ

2302 1150 2391 1226 ἦν,
2427 1155 2682 1224 γενέσθαι
2715 1155 3060 1225 βουλόμενος,
3087 1157 3181 1209 καὶ
3204 1154 3234 1208 ὃ
3260 1151 3327 1226 ἦν
3362 1154 3584 1225 ἔμεινεν
3613 1172 3627 1182 ·
3654 1156 3895 1219 αἱρεῖται

2302 1247 2395 1302 τὸν
2429 1249 2609 1312 τόκον,
2638 1248 2714 1312 ὡς
2730 1249 2829 1319 τὴν
2852 1249 3162 1318 οἰκονομίας
3194 1248 3387 1317 ἀρχὴν.
3423 1246 3662 1312 Γέγονεν
3686 1239 3896 1314 ἄνθρω-

2305 1358 2425 1405 πος,
2457 1342 2518 1395 ού
2550 1341 2906 1413 μεταϐληθεὶς
2930 1344 3042 1410 (10)
3075 1343 3172 1412 τῆς
3193 1342 3422 1410 φύσεως,
3453 1342 3512 1393 οὐ
3556 1341 3898 1409 κινηθέντων

2303 1434 2412 1486 τῶν
2447 1434 2591 1503 ὅρων
2640 1433 2826 1504 θεῖκῆς
2868 1436 3078 1497 οὐσίας.
3121 1452 3139 1485 ι
3173 1435 3245 1488 Σὺ
3282 1434 3391 1503 γαρ
3426 1435 3456 1486 6
3489 1433 3660 1494 αὐτὸς
3705 1428 3779 1490 εἶ,
3809 1434 3896 1484 καὶ

2303 1526 2373 1577 τὰ
2398 1526 2493 1595 ἐτη
2522 1541 2614 1578 σου
2658 1525 2759 1578 οὐκ
2804 1525 3164 1594 ἐκλείψουσιν,
3194 1545 3213 1578 ι
3251 1528 3285 1595 η
3319 1524 3436 1578 θεία
3480 1524 3518 1577 Γ
3525 1525 3681 1594 ραφή
3742 1539 3894 1592 φησι.

2305 1617 2437 1676 Καὶ,
2475 1635 2494 1666 ι
2535 1617 2607 1669 Σὺ
2636 1616 2947 1686 καθήμενος
2981 1617 3058 1677 εἰς
3086 1616 3177 1668 τὸν
3205 1615 3380 1669 αίῶνα
3398 1633 3411 1645 ·
3434 1636 3453 1667 ι
3492 1615 3678 1684 τούτῳ
3706 1612 3897 1681 δηλοῦ-

2306 1725 2376 1762 σα
2403 1709 2503 1778 τῆς
2538 1708 2725 1778 θεῐκῆς
2757 1708 2943 1770 οὐσίας
2975 1708 3038 1760 τὸ
3076 1705 3469 1776 ἀμετάϐλητον.
3525 1707 3643 1760 Καὶ
3678 1705 3845 1758 πάλιν
3865 1706 3894 1759 6

2305 1800 2438 1864 Θεός
2473 1803 2670 1869 φησινί
2706 1817 2725 1851 ι
2769 1800 2828 1850 ’0
2860 1799 3021 1862 αὑτός
3070 1801 3206 1868 εἰμι,
3239 1799 3333 1852 καὶ
3360 1799 3460 1851 οὐκ
3508 1797 3841 1867 ἠλλοίωμαε.
3867 1816 3887 1848 ο

2303 1890 2379 1945 Ού
2412 1889 2726 1960 κινηθείσης
2759 1886 2851 1945 οὖν
2883 1890 2983 1959 τῆς
3013 1889 3108 1942 τοῦ
3138 1887 3274 1943 Θεοῦ
3308 1889 3496 1952 ούσίας
3523 1891 3765 1958 γέγονεν
3801 1895 3890 1944 ιν-

2305 1985 2541 2056 θρωπος,
2582 1986 2702 2040 οὐδὲ
2740 1985 3170 2058 μεταδληθείσης
3224 1986 3306 2049 είς
3354 1985 3516 2054 φύσιν
3563 1985 3791 2055 ἑτέραν.
3817 1984 3892 2040 ‘ll

2303 2077 2413 2148 γὰρ
2446 2077 2514 2131 ἂν
2563 2079 2663 2132 οὐκ
2708 2073 2776 2149 ἦν
2815 2077 3000 2149 θαῦμα
3048 2078 3112 2132 τὸ
3164 2078 3554 2149 γεγενημένον,
3587 2081 3639 2131 ει
3673 2077 3892 2148 φύσεως

2309 2167 2579 2239 μεταϐολῇ
2621 2167 2782 2236 φύσιν
2834 2170 3028 2240 ἑτέραν
3075 2168 3322 2234 ἐδέξατο·
3364 2169 3557 2222 πολλαὶ
3601 2170 3716 2240 γὰρ
3768 2169 3894 2239 Ξῖμᾶ

2304 2256 2546 2327 γίνονται
2615 2261 2956 2330 πραγμάτων
2994 2261 3242 2314 τοιαῦται
3294 2261 3589 2331 μεταϐολαί
3615 2278 3630 2291 ·
3670 2259 3794 2314 ἀλλ’
3834 2263 3892 2314 ιν

2303 2349 2479 2419 τούτῳ
2532 2350 2941 2422 θαυματουργεῐ
2972 2352 3001 2404 6
3038 2350 3193 2413 Θεὸς.
3227 2352 3307 2404 ὅτι
3341 2351 3520 2421 μένων
3546 2351 3578 2405 6
3607 2346 3703 2421 ἦν,
3743 2350 3891 2418 τέγο-

2305 2457 2392 2493 νεν
2415 2441 2445 2495 δ
2471 2443 2573 2495 οὐκ
2605 2438 2691 2513 ἦν.
2723 2445 2788 2495 ὐ
2817 2443 2880 2512 δὴ
2907 2443 3001 2497 καὶ
3037 2445 3322 2514 σημαίνων
3351 2447 3380 2497 6
3410 2445 3590 2514 μέγας
3631 2444 3894 2498 Ἀπόστο-

2301 2530 2392 2595 λος
2421 2532 2639 2601 ἔλεγεν·
2689 2553 2707 2583 ι
2739 2535 2831 2596 ὐς
2858 2537 2917 2587 ὲν
2953 2539 3136 2607 μορφῇ
3173 2535 3302 2589 Θεοῦ
3335 2536 3634 2605 ὑπάρχων·
3657 2552 3678 2586 a
3712 2536 3892 2606 ὑπάρ-

2303 2643 2412 2696 χων
2442 2625 2610 2692 λέγει,
2639 2626 2737 2697 οὐχ
2767 2627 3016 2698 ὑπάρξας
3048 2630 3202 2690 ποτε,
3241 2630 3329 2681 ἶνα
3356 2628 3506 2697 δείξῃ
3532 2628 3639 2698 τῆς
3672 2628 3892 2697 φύσεως

2300 2723 2362 2773 τὸ
2402 2720 2654 2791 μόνιμον.
2717 2741 2735 2770 ι
2769 2721 2866 2783 ’ος
2917 2723 2977 2773 ἐν
3030 2723 3213 2792 μορφῇ
3259 2721 3395 2774 Θεοῦ
3457 2721 3754 2791 ὑπάρχων,
3801 2721 3895 2791 οὐχ

2300 2813 2594 2884 ἁρπαγμὸν
2625 2814 2869 2883 ἡγήσατο
2915 2813 2974 2867 τὸ
3018 2810 3158 2866 εἶναι
3203 2813 3295 2868 ἴσα
3321 2813 3460 2884 Θεῷ.
3489 2833 3508 2865 ι
3549 2809 3712 2866 Εἶναι
3746 2813 3895 2883 λέγει

2311 2907 2402 2960 ἶσα
2430 2905 2570 2977 Θεῷ,
2604 2906 2667 2958 ού
2703 2904 3033 2973 γενήσεσθαί
3067 2923 3220 2961 ποτε.
3280 2901 3411 2959 Εἶτα
3466 2905 3635 2959 πάλιν
3678 2904 3787 2978 βοᾷ
3811 2905 3896 2958 1!-

2302 3014 2443 3064 γων·
2492 3017 2510 3048 ι
2543 2997 2680 3050 Ἀλλ’
2722 2997 2911 3052 ἑαυτὸν
2961 2998 3217 3056 έκένωσε.
3273 2998 3487 3068 μορφὴν
3539 2998 3740 3052 δούλου
3799 2999 3893 3053 λα-

2303 3087 2433 3141 ϐὼν.
2461 3104 2480 3140 ι
2527 3089 2714 3158 Ὁρᾷς,
2748 3089 2866 3152 πῶς
2911 3089 3004 3142 καὶ
3036 3089 3189 3159 μένει
3225 3088 3254 3140 ὃ
3284 3085 3374 3159 ἦν,
3412 3089 3508 3143 καὶ
3537 3089 3742 3142 ἑαυτὸν
3768 3090 3890 3142 ἐκέ·-

2303 3195 2474 3231 νωσεν
2503 3180 2583 3242 είς
2607 3180 2707 3252 τὴν
2740 3177 2834 3232 τοῦ
2881 3179 3072 3233 δούλου
3105 3179 3357 3250 μορφήνς
3386 3181 3630 3233 Κάκεὶνο
3665 3179 3765 3244 ὢν,
3798 3181 3888 3234 καὶ

2302 3269 2462 3323 τοῦτο
2509 3272 2824 3342 γενόμενος,
2877 3271 3398 3343 θαυματουργήσας,
3428 3272 3490 3325 ού
3522 3271 3693 3339 φύσιν
3722 3287 3886 3340 μετα-

2303 3359 2516 3413 ϐαλώνο
2563 3359 2821 3428 θελήσας,
2887 3361 2988 3413 οὐκ
3045 3359 3413 3428 ἀναγκασθεὶς
3458 3357 3735 3430 μεταϐολῇ
3794 3357 3890 3426 τῆς

2299 3454 2506 3516 οὐσίας.
2548 3443 2614 3507 Ὃ
2646 3453 2753 3524 γὰρ
2786 3452 2937 3522 λέγει
2964 3451 3118 3516 Θεὸς,
3153 3454 3316 3517 ποιεῖ,
3357 3451 3462 3504 κᾶν
3518 3451 3664 3522 ὑπὲρ
3690 3449 3786 3504 τὸν
3808 3449 3890 3502 λό-

2303 3563 2398 3615 γον
2425 3547 2522 3616 τῆς
2551 3543 2763 3614 φύσεως
2860 3543 2922 3598 τὸ
2949 3545 3259 3614 λεγόμενον.
3283 3542 3436 3614 Ἔχει
3461 3542 3574 3614 γὰρ
3606 3543 3706 3596 καὶ
3731 3541 3889 3596 δύνα·

2303 3655 2396 3706 μιν
2433 3635 2872 3706 θαυματουργεῖν
2903 3635 3232 3706 δυναμένην,
3255 3635 3351 3689 καὶ
3381 3635 3487 3687 οὐκ
3519 3631 3889 3703 ἑκδεχομένην

2298 3730 2424 3792 τοὺς
2471 3729 2662 3796 λόγους
2698 3729 2798 3798 τῆς
2846 3727 3086 3797 φύσεως.
3117 3726 3218 3780 Διά
3278 3725 3437 3780 τοῦτο
3492 3726 3588 3779 καὶ
3649 3725 3889 3797 ὑπάρχει

2299 3821 2453 3886 Θεὸς,
2485 3823 2580 3876 καὶ
2613 3823 2866 3876 κενοῦται
2895 3823 2976 3886 εἰς
2999 3821 3188 3876 δούλου
3222 3823 3433 3893 μορφήν
3451 3839 3464 3851 ·
3499 3821 3595 3874 καὶ
3624 3819 3744 3885 [σος
3773 3819 3888 3875 εστὶ

2298 3911 2440 3982 Θεῷ,
2493 3913 2590 3964 καὶ
2631 3911 2917 3982 ἄνθρωπος
2967 3912 3210 3981 γίνεταιο
3240 3915 3338 3964 καὶ
3374 3912 3492 3965 ἔστι
3531 3911 3884 3984 προαιιίνιιος,

2300 4005 2393 4057 καὶ
2439 4005 2604 4058 ’τόκον
2661 4003 2984 4072 ὑψίσταταιο
3042 4006 3138 4058 καὶ
3197 4004 3372 4058 ταῦτα
3426 4003 3884 4076 θαυματουργει,

2297 4093 2444 4166 ἅπερ
2469 4095 2568 4148 οὐκ
2593 4088 2733 4149 οἶδεν
2763 4097 2792 4149 6
2827 4093 2985 4163 λόγος
3015 4097 3115 4166 τῆς
3145 4094 3380 4164 φύσεως.

2368 4277 2436 4345 γ’.
2475 4276 2669 4329 Ἔνθεν
2708 4277 2800 4330 καὶ
2841 4278 2956 4338 τοῖς
2991 4274 3218 4348 Ἕλλησι
3261 4275 3445 4347 μωρία
3481 4275 3762 4345 λογίζεται
3789 4277 3886 4333 τοῦ

2298 4365 2538 4438 Χριστοῦ
2597 4366 2656 4420 τὸ
2714 4367 3015 4438 μυστήριον
3038 4404 3054 4430 ,
3101 4367 3196 4420 καὶ
3260 4366 3504 4421 Ἰουδαῖοι
3579 4369 3887 4424 σκάνδαλον

2296 4457 2549 4526 λέγουσιν
2588 4461 2689 4530 τῆς
2734 4459 3052 4530 οἰκονομίας
3097 4458 3190 4512 τὸν
3220 4458 3409 4527 λόγον’
3454 4459 3483 4514 6
3527 4461 3627 4514 καὶ
3668 4460 3885 4526 Παῦλος

607 4571 772 4612 cens:
816 4575 835 4609 ι
876 4556 1247 4612 Przedicam'us
1275 4556 1558 4613 Christum
1592 4557 1943 4624 cruciﬁxum,
1977 4557 2187 4614 Iudaeis

2301 4550 2739 4622 ἑδήλον,λέγων·
2788 4570 2806 4600 ι
2847 4549 3213 4622 Κηρύσσομεν
3255 4551 3491 4622 Χριστὸν
3521 4554 3887 4625 ισταυρωμέ-

607 4647 831 4721 quidem
859 4647 1180 4703 scandalum
1201 4689 1216 4714 ,
1248 4649 1503 4720 gentibus
1531 4659 1716 4705 autem
1748 4651 2034 4706 stultitiam
2064 4651 2131 4705 “.
2165 4669 2184 4704 ι

606 4737 786 4807 Quare
807 4740 1101 4795 stultitiam
1151 4740 1444 4810 gentibus?
1476 4760 1494 4791 ι
1545 4740 1683 4807 Quia
1739 4741 1991 4797 animalis
2023 4741 2190 4798 homo

606 4847 719 4888 non
758 4832 994 4902 percipit
1026 4847 1149 4902 qua:
1192 4831 1419 4902 spiritus
1463 4841 1619 4886 sunt:
1673 4833 1904 4887 stultitia
1935 4833 2082 4889 enim
2134 4833 2188 4888 ei

606 4932 696 4981 est
714 4924 779 4978 “.
809 4943 830 4976 ›
853 4923 1074 4980 Natura:
1103 4925 1252 4979 enim
1277 4925 1568 4980 adhaerens
1602 4925 1693 4980 ille
1713 4927 1987 4988 animalis,
2014 4935 2070 4983 et
2089 4928 2186 4998 qui

607 5016 920 5072 rationibus
943 5017 1139 5074 animae
1157 5019 1341 5073 omnia
1371 5026 1772 5088 perscrutatur,
1796 5019 2060 5076 miracula
2083 5021 2180 5076 Dei

605 5108 899 5165 stultitiam
927 5116 1164 5177 reputat,
1188 5123 1314 5164 cum
1337 5123 1448 5164 non
1473 5109 1713 5164 habeant
1739 5124 1928 5165 secum
1973 5120 2185 5166 naturas

607 5199 897 5256 rationem.
930 5197 1177 5254 Audiens
1209 5204 1446 5271 namque
1479 5201 1721 5271 gentilis,
1749 5201 1879 5272 quia
1913 5203 1958 5235 “
1998 5203 2184 5258 clausa

601 5292 773 5362 ianua
801 5291 1081 5362 ingressus
1107 5298 1192 5344 est
1219 5289 1492 5354 Salvator,
1521 5292 1903 5348 transmittens
1926 5293 2032 5348 hoc
2057 5309 2183 5349 cor-

605 5397 713 5453 pus
735 5397 983 5438 crassum
1013 5391 1076 5437 et
1091 5381 1212 5437 loco
1229 5398 1414 5454 egens,
1447 5384 1592 5438 ridet
1621 5400 1729 5438 non
1754 5386 1988 5440 credens
2013 5386 2180 5442 mira:-

2298 4659 2409 4707 vov,
2456 4642 2737 4706 Ἰουδαίοις
2764 4645 2862 4714 μὲν
2897 4643 3216 4708 σκάνδαλον,
3249 4643 3476 4714 Ἕλλησι
3497 4644 3558 4698 δὶ
3594 4646 3840 4717 μωρίαν.
3863 4667 3882 4699 ο

2297 4735 2394 4790 Διά
2419 4736 2473 4788 τί
2510 4737 2726 4807 μωρίαν
2754 4739 2867 4798 τοῖς
2899 4733 3185 4808 Ἐλλησινς
3220 4755 3240 4788 ι
3270 4735 3646 4807 Ὅτιιιινχικος
3666 4737 3886 4810 ἄνθρω-

2297 4845 2398 4890 πος
2427 4828 2489 4881 οὑ
2519 4829 2735 4897 δέχεται
2760 4828 2826 4882 τὰ
2855 4828 2951 4882 τοῦ
2991 4828 3303 4900 πνεύματος
3323 4845 3337 4858 ο
3371 4830 3552 4902 μωρία
3583 4829 3699 4901 γὰρ
3727 4830 3887 4903 αὐτῷ

2297 4922 2436 4975 ἐστι.
2497 4941 2515 4974 ι
2569 4922 2648 4993 Τῇ
2693 4922 2802 4992 γὰρ
2837 4921 2994 4990 φύσει
3032 4923 3499 4995 παρακαθήμενος
3543 4928 3573 4978 6
3614 4925 3880 4996 ψυχικὸς,

2297 5019 2393 5072 καὶ
2423 5017 2704 5089 λογισμοῖς
2748 5017 2926 5087 ψυχῆς
2952 5015 3024 5070 τὰ
3076 5018 3258 5073 πάντα
3297 5015 3758 5087 διερευνώμενος,
3811 5020 3884 5072 τὲ

2296 5109 2552 5181 θαύματα
2591 5109 2688 5163 τοῦ
2736 5108 2873 5164 θεοῦ
2910 5109 3126 5182 μωρίαν
3175 5109 3468 5177 λογίζεται,
3515 5109 3618 5161 οὐκ
3676 5108 3880 5179 ἕποντα

2296 5200 2420 5271 μεθ’
2454 5201 2668 5255 ἑαυτῶν
2700 5202 2790 5254 τὸν
2807 5201 2966 5270 λόγον
2987 5203 3088 5273 τῆς
3119 5203 3356 5270 φύσεως.
3381 5193 3491 5256 Καὶ
3523 5200 3634 5273 γὰρ
3654 5202 3881 5256 ἁκούων

2291 5291 2513 5362 Ἕλλην,
2541 5293 2623 5346 ὅτι
2658 5292 3050 5365 κεκλεισμένης
3081 5296 3182 5365 τῆς
3215 5292 3384 5366 θύρας
3421 5292 3675 5364 εἰσῆλθεν
3702 5296 3733 5348 6
3761 5295 3881 5348 Σω-

2297 5388 2414 5459 τὴρ,
2464 5387 2744 5455 διαγαγὼν
2783 5387 2844 5440 τὸ
2901 5387 3048 5457 παχὺ
3107 5385 3268 5440 τοῦτο
3313 5385 3490 5456 σῶμα,
3547 5387 3646 5440 καὶ
3703 5388 3876 5440 τόπου

607 5475 754 5538 culo,
779 5474 878 5549 sed
902 5476 977 5529 rei
1001 5490 1255 5545 quarens
1302 5476 1588 5532 rationem.
1632 5477 1701 5532 Et
1729 5480 2022 5535 audiens“
2051 5481 2180 5551 quia

2301 5481 2561 5553 Muzvov,
2592 5480 2747 5552 γελᾷ,
2771 5481 2831 5534 ού
2869 5480 3143 5535 πιστεύων
3181 5479 3260 5551 τῷ
3300 5480 3564 5551 θαύματι,
3593 5480 3740 5534 ἀλλὰ
3777 5478 3880 5551 ζηδ

679 5627 724 5660 ⁸³
763 5627 989 5688 Psal.cr.
1035 5630 1124 5685 28.
1198 5631 1407 5688 Barucb
1436 5648 1513 5694 ut.
1543 5636 1596 5691 5.
1660 5635 1708 5667 ⁸⁸
1747 5635 1973 5692 Malach.
2017 5639 2153 5701 "1,6.

607 5692 732 5754 Cor.
774 5715 829 5762 ιι,
860 5703 944 5753 lt.
977 5701 1020 5730 ”
1043 5701 1198 5756 J‘oan.
1235 5718 1324 5766 xx,
1356 5692 1538 5758 19-26.
1615 5705 1657 5737 ⁵⁸
1691 5705 1880 5762 Matth.
1905 5707 2055 5770 1,23.

707 5855 792 5928 10)
831 5855 948 5910 "Ic.
988 5859 1433 5934 μεταϐληθείσης.

2264 5638 2303 5671 ⁸³
2331 5639 2569 5711 Philipp.
2622 5638 2764 5712 11,:6.

2846 5643 2890 5673 “
2923 5639 3063 5698 Ibid.
3090 5643 3142 5696 7.
3261 5641 3304 5671 δ’
3327 5641 3490 5699 Ιϐοτι
3523 5659 3562 5704 ι.
3589 5640 3688 5698 9-3.
3771 5645 3824 5676 ⁸⁸
3856 5636 3880 5701 ι
