4128 6324
265 359 398 419 3331

1222 365 1504 422 ΙΙΟΜῙῌΑ
1546 367 1586 421 l.
1631 366 1697 422 LV
1741 365 1852 421 DlE
1892 363 2335 436 NATIVITATIS
2371 363 2625 419 DOSIINI.

3403 354 3550 418 I363

266 478 511 550 μηνύων,
546 481 628 534 δτι
669 482 766 535 καὶ
811 480 1025 552 ἀλόγων
1057 482 1210 537 ἔσται
1243 487 1438 556 τροφή.
1506 485 1564 539 '0
1607 483 1717 554 γὰρ
1749 483 1843 538 τοῦ

1961 479 2303 552 tigniﬂcaret,
2330 481 2460 552 quia
2493 491 2549 536 et
2603 478 3007 534 irrationalium
3045 476 3204 534 cibus
3232 477 3395 533 foret.
3446 475 3544 531 Dei

261 570 404 626 Θεοῦ
447 573 620 642 Λόγος
669 575 808 646 πρὸς
836 575 1030 630 εαυτδν
1075 577 1366 646 ἀφείλκετο
1409 579 1503 631 καί⁵
1558 576 1850 640 πλουσίους

264 663 361 718 καὶ
391 664 652 736 πένητας,
696 669 792 722 καὶ
832 668 1155 740 ἐλλογίμους
1186 670 1280 724 καὶ
1315 669 1394 740 τῷ
1426 669 1572 740 λόγῳ
1611 669 1849 741 βραδεῖς.

263 753 430 826 πενίᾳ
462 771 523 808 τε
571 753 769 820 συζῶν,
818 759 913 813 καὶ
949 760 1007 812 ὲν
1055 758 1230 829 φάτνῃ
1273 759 1466 824 τεθείς.
1523 761 1688 832 ὐρᾷς
1732 758 1852 824 πῶς

262 840 368 912 τῆς
412 845 602 916 χρείας
642 846 675 917 ἠ
728 847 903 929 (vdua
945 849 1285 920 προφητείαν
1310 850 1640 922 εἰργάσατο,
1685 851 1779 905 καὶ
1817 851 1851 920 ή

266 936 512 1006 πτωχεία
539 937 630 991 τὸν
667 939 734 992 δι’
758 942 908 1012 ἡμᾶς
925 939 1318 1012 πτωχεύσαντα
1333 942 1656 1015 εὐπρόσιτον
1683 945 1853 996 πᾶσιν

265 1026 790 1096 ἁπέδειξενςούδεὶς
817 1033 927 1104 γὰρ
950 1032 1206 1097 δεδοικὼς
1227 1035 1320 1089 τοῦ
1351 1035 1590 1105 Χριστοῦ
1623 1035 1853 1090 πλοῦτον

268 1116 578 1188 ὑπέρογκον
603 1121 835 1192 ἄτολμος
862 1119 932 1194 ἦν
956 1140 974 1157 ο
1014 1125 1207 1180 ούδένα
1233 1128 1553 1198 προσελθεῖν
1581 1127 1731 1198 αύτῷ
1756 1126 1854 1198 βα-

272 1206 477 1274 σιλείας
511 1209 644 1279 ὕψος
675 1212 978 1267 ὲκώλυσενυ
1006 1214 1143 1270 ἀλλὰ
1174 1215 1352 1282 κοινὸς
1383 1215 1562 1288 ὤφθη,
1607 1219 1702 1271 καὶ
1754 1217 1855 1271 πέ-

268 1316 390 1368 νης,
420 1302 450 1355 6
507 1305 676 1372 πᾶσιν
729 1305 922 1358 ἑαυτὸν
978 1307 1057 1372 είς
1114 1306 1390 1378 σωτηρίαν
1447 1309 1694 1380 προθείς.
1765 1309 1854 1362 Ἐν

269 1392 449 1467 φάτνῃ
477 1395 585 1466 γὰρ
613 1397 641 1448 ὀ
682 1395 777 1450 τοῦ
819 1395 955 1452 Θεοῦ
999 1399 1351 1454 κατατίθεται
1393 1401 1587 1468 Λόγος,
1641 1401 1734 1454 καὶ
1767 1401 1857 1454 διὰ

274 1485 447 1555 μισου
487 1487 582 1541 τοῦ
615 1488 892 1559 σώματος,
921 1491 1010 1546 ἴνα
1040 1492 1224 1546 ἄδειαν
1255 1492 1354 1564 ἔχῃ
1374 1494 1403 1545 6
1426 1493 1645 1561 λογικός
1668 1511 1726 1547 τε
1762 1494 1857 1546 καὶ⁸

269 1577 467 1648 ἄλογος
519 1581 849 1651 μεταλαϐεῖν
897 1584 998 1654 τῆς
1045 1584 1426 1656 σωτηριὼδους
1475 1587 1704 1658 τροφῆς.
1748 1587 1856 1641 Καὶ

264 1670 429 1726 τοῦτο
478 1673 620 1745 τάχα
665 1677 760 1730 καὶ
799 1678 828 1731 6
880 1681 1167 1749 προφήτης
1217 1678 1483 1749 πρότερον
1536 1679 1698 1742 ἐϐόα,
1758 1681 1857 1750 τῆς

271 1759 481 1833 φάτνης
525 1762 731 1833 ταύτης
783 1767 1148 1837 διηγούμενος
1194 1767 1254 1821 τὸ
1292 1770 1612 1839 μυστήριον,
1645 1769 1851 1837 λέγων’

1951 588 2190 643 namque
2221 573 2459 628 Verbum
2485 571 2552 627 ad
2579 571 2938 642 semetipsum
2970 569 3224 627 trahebat
3261 578 3319 624 et
3343 568 3548 624 divites

1949 671 2008 720 et
2035 681 2326 736 pauperes,
2361 670 2686 736 eioquentes
2713 671 2769 714 et
2811 661 3000 717 tardos
3043 661 3288 732 eloquio,
3319 659 3375 714 in
3408 674 3548 730 pau~

1952 765 2168 827 pertate
2201 756 2415 821 vivens,
2440 756 2496 811 in
2539 754 2772 826 prtesepi
2808 755 3018 824 iacens.
3053 750 3222 808 Vides
3261 748 3549 821 quomodo

1951 847 2254 903 necessarii
2283 861 2418 902 usus
2468 845 2774 917 indigentia
2798 850 3025 915 operata
3045 850 3132 898 est
3161 839 3543 913 prephetiam;

1951 948 2010 996 et
2035 950 2334 1011 paupertas
2354 954 2484 996 eum
2521 939 2616 1010 qui
2645 945 2872 1010 propter
2894 952 2996 992 nos
3029 937 3196 991 homo
3230 935 3409 990 factus
3464 941 3552 989 est

1953 1032 2337 1088 accessibilem
2384 1031 2661 1087 universis
2701 1020 2989 1087 ostendit?
3029 1029 3204 1086 Nemo
3259 1027 3408 1084 enim
3454 1042 3548 1082 su-

1954 1121 2154 1178 blimes
2199 1121 2406 1178 Christi
2436 1122 2659 1176 divitias
2712 1129 2986 1183 metuens,
3028 1117 3230 1174 ﬁducia
3278 1115 3550 1172 desume—

1953 1213 2159 1282 hatur;
2191 1217 2470 1271 nemiuem
2489 1216 2756 1271 accedere
2779 1213 2850 1269 ad
2890 1227 3018 1269 eum
3044 1209 3262 1281 imperii
3278 1208 3552 1266 celsitudo

1954 1307 2274 1377 prohibuit:
2313 1306 2409 1362 sed
2442 1306 2755 1362 communis
2809 1303 3068 1376 apparuit
3091 1311 3151 1357 et
3180 1316 3414 1373 pauper,
3455 1298 3554 1371 qui

1956 1409 2134 1456 semet
2183 1400 2445 1454 omnibus
2473 1399 2542 1454 ad
2587 1399 2824 1455 salutem
2868 1395 3146 1467 exposuit.
3198 1395 3259 1449 In
3318 1390 3555 1464 praesepi

1956 1511 2197 1566 namque
2240 1496 2573 1566 preponitur
2612 1493 2708 1549 Dei
2741 1491 3006 1554 Verbum,
3050 1498 3108 1545 et
3157 1504 3258 1560 per
3305 1486 3552 1542 medium

1957 1603 2182 1658 corpus,
2209 1597 2270 1642 ut
2301 1597 2420 1642 tum
2447 1587 2754 1650 rationalis,
2788 1594 2908 1640 tum
2941 1582 3030 1639 cui
3057 1581 3214 1638 deest
3249 1579 3415 1644 ratio,
3441 1577 3554 1635 cibi

1959 1679 2218 1736 salutaris
2267 1680 2551 1751 particeps
2581 1679 2757 1734 libere
2799 1692 2923 1733 esse
2945 1744 2950 1747 τ
2975 1675 3170 1746 possit.
3199 1674 3271 1728 Et
3303 1673 3411 1728 hoc
3439 1670 3554 1726 for-

1961 1775 2125 1828 tassis
2170 1774 2337 1828 etiam
2360 1773 2628 1843 prepheta
2648 1771 2805 1842 prius
2829 1769 3125 1832 clamabat,
3154 1764 3421 1837 prmsepis
3445 1763 3554 1818 hu-

275 1870 297 1904 c
343 1852 519 1923 Ἔγνω
547 1855 676 1926 βοῦς
697 1857 790 1912 τὸν
818 1861 1186 1932 κτησάμενον,
1227 1862 1321 1914 καὶ
1363 1863 1484 1925 ovo;
1513 1861 1611 1931 τὴν
1645 1862 1856 1932 φάτνην

1961 1864 2048 1937 ius
2072 1875 2481 1921 sacramentum
2505 1879 2794 1929 enarratis,
2823 1878 2950 1917 cum
2976 1862 3088 1915 ait:
3120 1880 3139 1912 ι
3165 1857 3437 1929 Cognovit
3457 1856 3560 1912 bos

269 1945 366 2000 τοῦ
400 1949 592 2021 κυρίου
642 1951 840 2005 αὐτοῦ’
875 1953 1090 2024 Ἰσραὴλ
1124 1952 1179 2007 δέ
1223 1971 1291 2024 με
1349 1955 1451 2008 οὐκ
1490 1954 1652 2023 ἔγνω,
1703 1954 1799 2008 καὶ
1828 1956 1857 2008 6

269 2037 401 2102 λαός
447 2057 514 2110 με
566 2043 628 2096 ού
679 2045 929 2115 συνῆκεν.
988 2064 1010 2097 ι
1065 2047 1128 2101 Ei
1171 2048 1278 2119 γὰρ
1326 2047 1421 2101 καὶ
1477 2046 1855 2118 ἁπλουστέραν

270 2130 481 2185 ἔννοιαν
512 2135 541 2188 ὁ
567 2134 725 2204 λόγος
765 2136 900 2206 ἔχει,
928 2137 1141 2202 δεικνὺς
1163 2138 1256 2192 τὸν
1303 2139 1555 2208 Ἐὁραῖον
1594 2137 1704 2192 τῶν
1732 2138 1857 2192 ἅλις⁴

270 2235 387 2288 γων
419 2221 920 2295 ἀγνωμονέστερον,
951 2226 1090 2281 ἀλλὰ
1109 2227 1335 2282 δύναται
1361 2227 1473 2298 (Ιὸ)
1503 2227 1570 2282 ἂν
1592 2227 1858 2283 καὶτοῦτο

268 2310 488 2382 δηλοῦν,
513 2316 722 2385 φάτνην
746 2317 1071 2383 ὑποδεικνὺς
1096 2319 1188 2372 τοῦ
1214 2321 1446 2391 Κυρίου,
1471 2321 1556 2391 ἔφ’
1652 2322 1854 2386 τεθεὶς,

271 2405 447 2476 τροφὴ
485 2410 600 2470 τοῖς
635 2408 998 2480 ἁλογωτέροις
1026 2411 1264 2479 ἐγένετο.
1297 2414 1406 2466 Καὶ
1437 2415 1549 2484 γὰρ
1572 2416 1672 2467 οὐκ
1707 2415 1859 2486 ἀορί-

275 2511 418 2560 στως
445 2500 474 2551 ὁ
501 2501 792 2570 προφήτης
829 2504 1039 2571 φάτνην
1068 2499 1243 2574 δηλοῖ,
1277 2505 1414 2558 ἀλλὰ
1457 2527 1473 2557 ε
1518 2507 1619 2578 τὴν
1650 2509 1858 2579 φάτνην

272 2586 380 2657 ἔφη
422 2587 516 2642 τοῦ
546 2589 736 2662 κυρίου
783 2592 972 2655 αὑτοῦ,
1012 2613 1029 2644 ι
1063 2593 1141 2662 τῷ
1188 2594 1463 2666 ἀνθρώπῳ
1503 2597 1617 2668 (16)
1656 2598 1856 2668 τούτῳ,

271 2674 450 2748 οἶμαι,
484 2681 584 2752 τὴν
611 2683 822 2754 φάτνην
847 2683 1170 2753 ὡρισμένως
1205 2689 1510 2758 σημαίνων.
1543 2693 1653 2744 Καὶ
1685 2692 1860 2744 ταῦτα

275 2769 377 2834 μὲν
425 2770 785 2843 φιλοσοφείτω
815 2776 844 2826 ὀ
890 2773 1214 2844 βουλόμενος
1259 2778 1361 2848 τὴν
1399 2780 1651 2832 ποικίλην
1720 2780 1859 2834 (λεω-

273 2857 369 2914 οία
398 2861 512 2924 (nl
532 2863 632 2933 τῆς
665 2863 816 2927 Θείας
846 2865 886 2917 Γ
892 2866 1072 2930 οαφῆς
1096 2869 1396 2922 ἐντρυφῶν.

343 3124 420 3177 Θν.
474 3126 666 3196 Ἡμεῖς
692 3127 749 3181 δὲ
775 3128 1078 3196 ἐδείξαμεν,
1120 3133 1202 3186 ὃτι
1236 3134 1552 3206 turdi-(aues
1595 3138 1661 3190 δι’
1690 3141 1858 3209 ἡμᾶς,

1959 1972 2334 2029 possessorem
2363 1972 2548 2019 suum,
2580 1965 2640 2010 et
2664 1956 2858 2011 asinus
2883 1968 3129 2024 praesepe
3171 1950 3385 2006 domini
3425 1947 3512 2005 sui
3541 1965 3557 2002 :

1959 2049 2130 2109 Israel
2160 2059 2348 2104 autem
2375 2065 2462 2104 me
2491 2065 2603 2103 non
2635 2047 2918 2120 cognovit,
2955 2057 3014 2102 et
3039 2047 3282 2118 populus
3319 2060 3409 2100 me
3446 2058 3557 2100 non

1961 2141 2321 2197 intellexit”.
2352 2161 2370 2191 ι
2404 2141 2539 2195 Nam
2594 2140 2724 2195 licet
2776 2155 2960 2195 sermo
2997 2139 3396 2209 simpliciorem
3427 2151 3558 2193 seu-

1961 2249 2085 2290 sum
2116 2233 2340 2298 habeat,
2369 2232 2673 2287 ostendens
2700 2231 2996 2287 Hebraeum
3033 2230 3182 2300 ipsas
3209 2229 3404 2285 brutas
3436 2227 3561 2284 ani-

1963 2333 2180 2382 mantes
2226 2325 2583 2396 improbitate
2635 2326 2891 2389 vincere;
2938 2323 3084 2380 forte
3116 2331 3301 2378 tamen
3343 2329 3402 2378 et
3452 2321 3564 2377 hoc

1961 2419 2270 2490 significare
2291 2417 2484 2489 possit,
2512 2433 2760 2489 praesepe
2787 2417 3006 2474 Domini
3041 2415 3477 2479 subostendens,
3505 2415 3558 2468 in
3633 2446 3650 2460 -

1961 2527 2072 2575 quo
2096 2513 2186 2567 ille
2209 2514 2444 2584 positus,
2472 2512 2687 2566 ratione
2707 2511 3031 2566 carentibus
3055 2508 3218 2564 cibus
3236 2508 3419 2563 factus
3449 2513 3554 2562 est.

1961 2605 2082 2660 Non
2104 2606 2255 2660 enim
2296 2605 2584 2660 indefinite
2642 2603 2912 2673 propheta
2962 2616 3212 2672 praesepe
3258 2598 3558 2670 significat,

1963 2695 2060 2749 sed
2096 2696 2276 2765 ipsum
2322 2696 2457 2759 hoc;
2492 2715 2509 2745 ι
2546 2709 2814 2764 prtesepc,
2869 2693 3072 2763 inquit,
3120 2691 3334 2747 domini
3369 2689 3494 2745 sui:
3537 2709 3555 2739 ι

1960 2787 2180 2843 articuli
2218 2788 2308 2842 illa
2358 2787 2688 2855 adjectione,
2739 2793 2894 2856 puto,
2933 2800 3181 2855 praesepe
3222 2782 3452 2839 deﬁnite
3484 2781 3567 2837 si-

1964 2877 2250 2948 gniﬁcans.
2281 2879 2389 2934 Sed
2419 2879 2534 2933 lucc
2558 2877 2784 2948 quidem
2845 2876 3273 2948 philosophetur
3317 2874 3412 2944 qui
3465 2889 3562 2926 vo-

1965 2968 2152 3033 luerit,
2186 2980 2244 3023 et
2266 2984 2326 3024 se
2359 2968 2509 3023 varia
2537 2960 3010 3037 contemplatione
3028 2965 3331 3036 Scriptura:
3360 2963 3563 3018 divina:

1967 3063 2230 3118 oblectet.

2039 3154 2131 3210 lx.
2168 3155 2340 3209 Porro
2372 3171 2474 3209 nos
2496 3155 2864 3218 ostendimus.
2891 3152 3022 3223 quia
3045 3167 3258 3223 pauper
3277 3159 3362 3205 est
3385 3150 3568 3206 factus

276 3214 309 3268 ὁ
337 3214 592 3278 πλούσιος
617 3216 693 3286 τῷ
719 3217 818 3287 τῆς
844 3218 1100 3292 θεότητος
1125 3222 1288 3294 λόγῳ,
1315 3224 1586 3297 εὔληπτον
1612 3231 1745 3282 πᾶσι
1764 3231 1859 3301 τὴν

1967 3255 2197 3316 propter
2235 3260 2358 3309 nos,
2410 3245 2504 3314 qui
2555 3245 2713 3300 «lives
2734 3214 2863 3299 (ιι-ιιι,
2885 3214 3102 3297 ratione
3130 3214 3463 3304 divinitatis,
3502 3250 3559 3294 ut

272 3306 552 3378 σωτηρίαν
580 3308 775 3364 ποιῶν.
811 3313 876 3364 ὐ
905 3312 969 3385 δὴ
1000 3315 1095 3368 καὶ
1127 3318 1410 3386 σημαίνων
1439 3322 1467 3374 ὀ
1499 3321 1674 3390 μέγας
1709 3321 1862 3376 Παῦ-

269 3394 366 3462 λος
413 3399 568 3468 ἔλεγε
595 3417 609 3430 ·
643 3419 664 3452 ι
703 3402 782 3454 Δι’
813 3403 960 3474 ἡμᾶς
989 3405 1302 3477 ἐπτώχευσε
1332 3410 1588 3475 πλούσιος
1627 3411 1728 3478 ὣν,
1774 3414 1862 3467 ἵνα

266 3487 436 3560 ⁴Ιεμεῖς
478 3494 545 3563 τῇ
575 3493 787 3547 ἐκείνου
830 3496 1076 3568 πτωχεία
1122 3499 1536 3574 πλουτήσωμεν.
1581 3524 1599 3556 ι
1637 3507 1750 3560 Καὶ
1777 3507 1862 3572 τίς

268 3575 342 3651 ἦν
368 3583 398 3634 6
431 3582 710 3650 π).ουτῶν;
738 3585 868 3639 τίδὲ
900 3587 1188 3655 ἐπλούτεις
1225 3593 1322 3646 καὶ
1357 3595 1475 3658 πῶς
1494 3590 1650 3660 οὗτος
1682 3598 1863 3652 ὲπτώ-

267 3688 436 3743 χευσε
469 3674 537 3727 δι’
563 3676 744 3746 ἡμᾶςς
785 3677 1098 3746 λεγέτωσαν
1128 3683 1261 3753 ἡμῖν
1289 3688 1337 3738 oi
1369 3686 1466 3739 τοῦ
1507 3687 1644 3742 Θεοῦ
1684 3691 1861 3760 Λόγου

267 3763 605 3836 διαιροῦντες
633 3767 726 3821 τὸν
768 3767 1076 3841 ἄνθρωπον,
1108 3773 1202 3827 καὶ
1225 3774 1287 3828 τὸ
1308 3777 1509 3830 ὲνωθὲν
1548 3779 1863 3850 διῖστῶντες

272 3857 340 3927 τῇ
383 3855 594 3929 μνήμῃ.
630 3858 742 3912 τῶν
767 3850 1011 3930 φύσεων,
1053 3867 1103 3918 εί
1133 3866 1229 3920 δύο
1283 3869 1408 3924 τινὰ
1458 3869 1712 3941 λέγοντες
1769 3876 1864 3930 τὸν

271 3949 530 4021 Χριστὸν,
584 3952 680 4006 καὶ
727 3953 808 4018 τὸ,
856 3956 1096 4026 ἐπινοίᾳ
1135 3961 1322 4028 μόνῃ,
1375 3963 1515 4035 πρὸς
1563 3965 1864 4034 ἀπολογίαν

271 4037 616 4108 κομίζοντες.
670 4042 767 4106 Τίς
817 4042 894 4097 ὢν
926 4046 1204 4112 πλούσιος,
1241 4050 1364 4104 είπέ
1421 4069 1534 4121 μοι,
1590 4056 1691 4121 τὴν
1722 4057 1864 4128 ἐμὴν

273 4132 549 4201 πτωχείαν
570 4133 950 4205 ἐπτώχευσενς
972 4136 1119 4210 *Δρα
1140 4142 1168 4193 6
1198 4143 1528 4214 φαινόμενος
1549 4147 1862 4219 ἄνθρωπος,

267 4222 333 4275 ὃν
363 4224 428 4276 σὺ
473 4223 682 4295 διῖστᾷς
728 4227 828 4297 τῆς
867 4228 1152 4301 θεότητοςς
1216 4233 1358 4288 Ἀλλ’
1406 4237 1667 4294 οὐδέποτε
1709 4237 1865 4308 οὗτος

271 4313 494 4382 ἐγένετο
521 4315 808 4380 πλούσιος·
838 4314 908 4389 ἦν
941 4322 1178 4393 πτωχὸς,
1214 4325 1278 4378 ὲκ
1313 4329 1549 4398 πτωχῶν
1580 4334 1865 4402 προγόνων

271 4405 508 4476 τεχθείς.
551 4408 649 4472 Τίς
678 4405 772 4463 οὖν
808 4413 836 4464 6
864 4411 1141 4479 πλούσιος,
1175 4418 1270 4471 καὶ
1311 4420 1364 4473 τί
1407 4422 1656 4477 πλουτῶν
1683 4421 1774 4497 ἦν,
1805 4427 1866 4492 ὃς

270 4496 519 4592 δι’ᾼήμᾶς
547 4499 766 4568 ἐγένετο
815 4503 1021 4576 πένης;
1057 4507 1212 4576 Θεὸς,
1255 4514 1446 4581 φησὶν,
1481 4496 1734 4572 ἐπλούτει
1769 4521 1865 4592 τὴν

1966 3339 2202 3392 salutem
2255 3337 2516 3391 omnibus
2563 3337 2725 3391 facile
2776 3334 3082 3406 parabilem
3115 3333 3348 3388 faceret.
3402 3330 3565 3399 Quod

1964 3430 2132 3485 etiam
2182 3429 2500 3500 signiﬁcans
2548 3443 2780 3499 magnus
2804 3428 3031 3490 Paulus,
3064 3427 3288 3482 dicebat
3320 3443 3335 3479 :
3372 3443 3392 3476 ι
3422 3425 3560 3480 Pro-

1967 3533 2091 3593 pter
2119 3539 2220 3578 nos
2255 3539 2465 3593 pauper
2497 3523 2677 3577 factus
2702 3529 2808 3585 est,
2841 3536 2969 3576 cum
2998 3529 3146 3575 esset
3170 3520 3347 3584 dives,
3381 3526 3442 3573 ut
3461 3533 3566 3573 nos

1965 3614 2116 3669 illius
2142 3623 2470 3685 paupertate
2494 3613 2806 3668 ditaremur
2823 3613 2924 3665 ⁸⁸.»
2966 3611 3037 3665 Et
3063 3607 3192 3680 quis
3212 3618 3335 3665 erat
3365 3608 3458 3664 ille
3480 3607 3567 3663 di-

1966 3707 2094 3760 ves?
2126 3714 2185 3761 et
2225 3721 2336 3776 qua
2366 3722 2424 3760 re
2458 3704 2650 3761 dives?
2702 3713 2758 3759 et
2788 3703 3070 3774 quomodo
3095 3703 3202 3757 iste
3241 3716 3455 3772 pauper
3479 3697 3563 3755 fa-

1966 3806 2092 3854 ctus
2109 3806 2196 3854 est
2222 3807 2450 3869 propter
2470 3798 2620 3853 nos?
2660 3796 2849 3852 dicant
2874 3796 3038 3850 nobis
3064 3795 3162 3867 qui
3192 3809 3222 3848 a
3252 3794 3352 3849 Dei
3377 3793 3564 3848 Verbo

1967 3900 2226 3961 separant
2275 3891 2580 3955 hominem,
2639 3898 2696 3944 et
2745 3887 2896 3959 quod
2939 3887 3158 3942 unitum
3188 3892 3275 3941 est
3302 3892 3566 3954 separant

1966 3981 2496 4037 commemoratione
2515 3987 2865 4042 naturarum,
2888 3976 3000 4032 duo
3016 3975 3270 4046 quzedam
3289 3974 3562 4034 dicentes.

1967 4072 2275 4138 Christum,
2315 4082 2371 4128 et
2397 4073 2556 4136 illud,
2585 4071 2700 4124 sola
2724 4069 3064 4139 cogitatione,
3090 4065 3160 4121 ad
3181 4065 3266 4120 sui
3287 4064 3567 4120 defensio-

1969 4182 2096 4221 nem
2128 4165 2447 4221 aﬂ‘erentcs.
2501 4164 2636 4230 Quis
2661 4180 2814 4235 ergo,
2845 4178 2972 4217 eum
3001 4168 3152 4216 esset
3178 4158 3354 4222 dives,
3391 4156 3564 4212 dicito

1970 4260 2128 4323 mihi,
2156 4275 2278 4314 mea
2309 4265 2634 4330 paupertate
2675 4258 2856 4312 factus
2880 4263 2967 4310 est
2992 4253 3236 4324 pauper?
3269 4251 3411 4307 Num
3439 4251 3567 4321 qui-

1969 4353 2228 4422 apparuit
2262 4352 2452 4417 homo,
2485 4365 2651 4420 quem
2677 4357 2736 4404 tu
2769 4363 2995 4418 scparas
3021 4361 3052 4400 a
3081 4344 3407 4399 divinitate?
3454 4343 3562 4398 Sed

1972 4459 2255 4514 nunquam
2284 4444 2387 4498 iste
2418 4444 2522 4499 fuit
2544 4444 2733 4507 dives,
2761 4441 2857 4498 sed
2889 4455 3099 4511 pauper
3125 4455 3194 4494 ex
3226 4436 3566 4508 pauperibus

1971 4537 2297 4607 parentibus
2341 4545 2523 4592 natus.
2559 4535 2696 4603 Quis
2718 4551 2854 4606 ergo
2885 4535 3042 4590 dives
3090 4532 3185 4587 ille
3214 4540 3319 4597 est,
3353 4540 3411 4586 et
3439 4531 3566 4601 qui-

271 4589 472 4645 κτίσιν.
499 4592 709 4646 Οὐκοῦν
736 4594 870 4660 Θεὸς
902 4599 996 4650 καὶ
1032 4600 1201 4673 πένης
1227 4605 1466 4672 ἐγένετο,
1496 4609 1634 4664 ίδίαν
1669 4589 1859 4668 πενίαν

1971 4589 2076 4684 bus
2101 4629 2269 4683 rebus
2300 4628 2476 4692 dives,
2498 4628 2593 4698 qui
2619 4589 2850 4698 propter
2873 4642 2976 4682 nos
3002 4625 3184 4681 factu’s
3207 4633 3293 4679 est
3315 4589 3567 4694 pauper?

271 4681 374 4752 τὴν
423 4681 520 4735 τοῦ
568 4687 847 4756 ὁρωμένου
897 4691 1244 4763 ποιούμενος.
1290 4697 1348 4750 Ὀ
1398 4701 1507 4773 γὰρ
1561 4704 1721 4770 αὐτὸς
1766 4707 1865 4761 καὶ

271 4775 529 4828 ἐπλούτει
568 4777 668 4847 τὴν
700 4778 954 4850 θεότητα,
999 4785 1094 4836 καὶ
1125 4785 1191 4839 δι’
1229 4790 1377 4859 ἡμᾶς
1411 4793 1582 4863 πένης
1622 4797 1860 4864 ἐγένετο.

274 4867 417 4919 Οὐδὲ
449 4867 559 4938 γὰρ
580 4869 671 4922 τὸν
702 4871 992 4945 ἄνθρωπον
1025 4875 1090 4930 ἂν
1120 4878 1298 4943 εἴποις
1331 4883 1612 4953 πλουτεῖν,
1647 4891 1864 4962 πτωχὸν

273 4959 408 5012 ὄντα
447 4961 544 5014 καὶ
587 4962 751 5030 φύσει
792 4966 890 5020 καὶ
922 4969 1203 5040 χρήμασιν
1225 4989 1237 5003 ’
1270 4973 1392 5028 οὐδὲ
1429 4976 1538 5048 γὰρ
1568 4979 1662 5034 τὸν
1699 4959 1864 5037 πλου-

271 5053 472 5106 τοῦντα
520 5053 776 5124 θεότητος
829 5055 1010 5125 ἀξίαν,
1060 5066 1368 5136 πτωχεύειν
1417 5070 1484 5124 ἂν
1528 5074 1729 5141 εἴποις,
1788 5078 1864 5149 μὴ

271 5144 569 5214 προσάψας
614 5145 764 5217 αὐτῷ
809 5149 879 5202 τὰ
919 5151 1265 5225 ἀνθρώπινα.
1315 5161 1414 5214 Διά
1468 5163 1626 5220 τοῦτο
1677 5144 1801 5224 καὶ⁷

286 5237 340 5287 Ἀ
353 5235 614 5329 ποστολος
659 5240 949 5295 συνάπτων
998 5244 1155 5310 δόξαν
1198 5248 1453 5322 θεότητος
1491 5256 1858 5329 ἀνθρωπίνοις

271 5327 619 5396 παθήμασιν,
651 5329 753 5382 οὐκ
785 5333 998 5408 ἐπινοίᾳ
1029 5339 1273 5410 διαιρῶν,
1311 5345 1432 5398 οὐδὲ
1462 5327 1609 5419 λόγῳ-
1634 5351 1861 5419 διαστῆ-

274 5434 358 5470 εαι
397 5419 464 5471 τὰ
485 5418 756 5475 ὲνωθέντα
780 5423 1127 5496 βουλόμενος,
1156 5434 1246 5486 τὸν
1272 5437 1437 5490 αὑτὸν
1471 5404 1586 5511 ἔφη.
1612 5402 1861 5500 πλον-τείν

344 5577 390 5608 ⁸⁵
423 5577 522 5632 lsa.
553 5595 587 5642 ι,
617 5582 667 5633 3.
750 5583 792 5613 ‘°
821 5585 860 5638 li
884 5585 1008 5641 Cor.
1041 5605 1151 5656 vni,
1177 5592 1229 5644 9.

345 5731 457 5790 Ηῖἶὶ
499 5736 606 5789 Ἵσ.
641 5739 874 5792 δύναιτο.

343 5805 457 5868 {im
498 5808 613 5860 Ἰν.
657 5808 854 5881 ῗίςιἿςεξι.

1968 4721 2138 4786 Deus,
2173 4721 2376 4791 inquit,
2409 4721 2566 4776 dives
2593 4729 2716 4776 erat
2765 4722 3027 4774 creawra
3057 4735 3179 4773 sua.
3210 4717 3355 4788 Ergo
3383 4716 3563 4771 etiam

1965 4815 2110 4870 Deus
2146 4831 2356 4885 pauper
2402 4814 2583 4870 factus
2623 4824 2737 4878 est,
2791 4811 3146 4886 aspectabilis
3176 4810 3327 4868 illius
3349 4819 3565 4864 natura:

1962 4917 2346 4978 paupertatem
2369 4922 2524 4961 suam
2549 4906 2776 4961 faciens.
2792 4905 2926 4961 Nam
2954 4903 3101 4959 idem
3120 4903 3238 4973 ipse
3261 4901 3420 4956 dives
3444 4912 3567 4956 erat

1967 4995 2283 5061 divinitate,
2315 5005 2373 5049 et
2399 5004 2627 5065 propter
2650 5011 2753 5050 nos
2788 5010 2997 5066 pauper
3028 4993 3208 5049 factus
3227 5001 3335 5048 est.
3369 4991 3564 5062 Neque

1970 5087 2119 5140 enim
2153 5087 2434 5140 hominem
2472 5087 2660 5143 dicere
2692 5086 2902 5158 poteris
2945 5086 3176 5142 divitem
3202 5100 3347 5148 esse,
3378 5083 3475 5154 qui
3507 5093 3566 5139 et

1968 5187 2170 5234 natura
2202 5187 2260 5234 et
2288 5179 2488 5249 Opibus
2512 5195 2726 5249 pauper
2748 5188 2932 5244 esset;
2964 5195 3147 5250 neque
3179 5177 3408 5232 divitem
3427 5176 3570 5232 divi-

1963 5270 2154 5326 nitatis
2180 5273 2467 5342 majestate
2497 5286 2796 5341 pauperem
2825 5270 3051 5332 factum,
3079 5270 3124 5324 si
3149 5271 3199 5324 ei
3222 5284 3347 5338 quae
3367 5269 3564 5324 huma-

1963 5376 2031 5414 na
2081 5371 2231 5426 sunt,
2267 5377 2375 5417 non
2406 5363 2752 5426 attribueris.
2820 5362 3118 5432 Propterea
3154 5371 3211 5415 et
3241 5362 3560 5431 Apostolus.

1964 5453 2193 5522 gloriam
2240 5454 2549 5510 divinitatis
2609 5455 2870 5510 humanis
2908 5455 3260 5523 passionilius
3286 5455 3559 5511 ινίιιιιιιιι»,

2052 5755 2161 5828 (17)
2207 5762 2264 5817 Ὀ
2289 5763 2635 5834 ζεοιξλύίκντος,
2665 5765 2734 5835 τῇ
2770 5769 2992 5836 ποικίλῃ
3023 5766 3250 5838 ὕει-θρῖα,
3291 5767 3407 5820 Lat.
