4128 6324
304 376 447 436 ιω

1167 421 1169 424 ι
1224 384 1516 444 ΗΟΞΠΔΔ
1553 387 1595 443 l.
1633 386 1706 443 IN
1742 385 1859 442 DIE
1895 382 2340 442 NATIYI'I'ATIS
2375 384 2636 442 DOIINI.

3421 385 3571 445 I36.

302 491 596 561 ταγμένων
637 496 817 567 ἀστήρ
863 497 1025 568 δῆλος
1083 499 1308 568 ίγένιτο
1355 503 1570 558 ιπάνωε
1605 503 1738 568 στὰς
1786 502 1883 556 τοῦ

1996 511 2133 558 itare
2161 501 2410 572 conspici
2431 499 2729 572 potuisset,
2780 500 3042 570 quoniam
3065 496 3230 570 spatii
3251 496 3574 569 magnitudo

306 582 564 639 παιδίου·
609 588 797 660 ἰπιιδὴ
838 589 1020 644 τὸτοῦ
1067 591 1441 664 διαστήματος
1495 594 1746 665 μέγεθος,
1779 594 1878 664 τῆς

305 673 486 743 diem;
514 676 747 732 κλέπτον
770 681 870 752 τὴν
899 681 1102 754 κρίσιν⁹
1127 683 1250 736 οὐδὲ
1273 685 1488 746 στάσιν,
1512 684 1636 739 οὐδὲ
1664 686 1882 756 κίνησιν

306 766 417 822 τῶν
439 769 686 840 ἀστέρων
707 771 878 845 δήλην
899 777 968 845 τῇ
991 775 1242 846 αισθήσει
1276 777 1440 830 ποιεῖ.
1483 796 1504 827 σ
1545 777 1739 846 Ἕστη,
1771 794 1880 847 φη·-

310 861 417 923 σὶν,
460 860 492 912 δ
533 862 712 933 ἀστήρ
747 866 934 919 ὲπάνω
974 858 1035 920 οὗ
1074 861 1142 937 ἦν
1192 866 1255 920 τδ
1307 867 1538 923 παιδίον.
1599 887 1620 920 ι
1672 869 1882 922 οὐκοῦν

309 951 595 1007 ἀπολιπιῖιν
623 954 686 1008 τδ
712 953 845 1025 ὕψος
867 958 898 1010 ὁ
929 958 1259 1029 φαινόμενος·
1282 960 1482 1030 ἀστὴρ.
1528 959 1884 1030 χθαμαλώτε-

311 1058 404 1115 po;
437 1043 686 1112 γέγονεν,
726 1045 816 1100 ἵνα
842 1049 907 1116 τῇ
951 1047 1141 1102 στάσει
1168 1047 1318 1120 δείξῃ
1344 1049 1442 1102 τοῦ
1477 1049 1738 1124 βασιλέως
1782 1047 1884 1120 τήν

309 1133 588 1206 γέννησιν.
609 1137 720 1191 Καὶ
745 1139 854 1210 γὰρ
869 1138 946 1202 ὼς
971 1138 1199 1210 βασιλέα
1223 1141 1448 1212 ἐζήτουν
1470 1145 1520 1195 οἱ
1549 1142 1751 1209 Μάγοι,
1785 1140 1885 1212 βα·

311 1225 506 1291 αλέως
529 1229 913 1302 ἑπερωτῶνττς
944 1232 1038 1285 τὸν
1080 1232 1260 1296 τόκον,
1311 1234 1407 1287 καὶ
1445 1236 1558 1298 τοῖς
1611 1233 1886 1298 Ἰουδαίοις

309 1309 563 1381 λέγοντες
583 1332 597 1346 ·
628 1337 648 1368 ι
685 1318 796 1371 Ποῦ
822 1317 970 1372 ἔστιν
997 1323 1026 1375 ὁ
1059 1321 1276 1390 τεχθεὶς
1316 1323 1569 1392 βασιλεὺς
1595 1322 1702 1376 τῶν
1751 1325 1887 1376 ἰου-

309 1405 508 1472 δαίωνς
537 1409 752 1480 εἴδομεν
784 1411 897 1480 γὰρ
921 1412 1088 1467 αὐτοῦ
1116 1415 1208 1467 τὸν
1228 1416 1434 1486 ἀστέρα
1453 1418 1512 1470 ὲν
1536 1420 1604 1488 τῇ
1631 1418 1885 1488 ἀνατολῇ,

311 1499 409 1552 καὶ
435 1499 674 1571 ἢλθομεν
700 1504 1074 1574 προσκυνῆσαι
1099 1507 1268 1575 αὐτῷ.
1300 1527 1319 1559 ι
1352 1508 1586 1561 Βασιλέα
1610 1509 1814 1580 ζητεῖς,
1841 1504 1886 1562 ὦ

311 1591 506 1659 licita;
537 1594 629 1647 καὶ
655 1594 799 1658 τίνος
843 1597 1030 1650 ἕνεκεν
1072 1598 1148 1662 ὡς
1172 1599 1295 1669 Θεῷ
1327 1601 1660 1670 προσφέρεις
1682 1603 1773 1655 τὸν
1804 1603 1886 1655 λί-

312 1681 506 1747 deum;
553 1685 693 1738 Ἅλλ⁹
723 1683 838 1740 οἶδα
873 1690 967 1742 καὶ
1005 1690 1250 1759 βασιλέα,
1283 1694 1380 1745 καὶ
1426 1692 1561 1746 Θεὸν
1591 1694 1886 1764 ἐγνώρισα.

312 1773 414 1837 Διὰ
453 1774 612 1831 τοῦτο
643 1779 737 1832 καὶ
782 1781 981 1852 χρυσὸν
1013 1782 1164 1852 αὐτῷ
1192 1783 1492 1854 προσφέρω
1519 1786 1614 1837 καί
1648 1785 1887 1851 λίϐανον,

312 1868 427 1931 τοῖς
454 1867 649 1940 δώροις
684 1871 818 1940 ὁμοῦ
848 1872 942 1926 καὶ
973 1872 1105 1926 Θεὸν
1132 1875 1228 1926 καὶ
1259 1874 1483 1943 βασιλέα
1505 1878 1746 1948 μηνύων.

382 1957 486 2012 IA’.
527 1959 664 2012 Ἀλλ’
697 1954 871 2025 οὗτος,
904 1964 933 2015 ὁ
968 1963 1090 2015 τότε
1138 1964 1367 2032 Μάγους
1398 1966 1637 2032 ἑλκύσας
1662 1971 1890 2042 ἀρρήτῳ

310 2047 540 2118 δυνάμει
586 2049 723 2121 πρὸς
753 2051 853 2122 τὴν
899 2052 1207 2115 εύσέὸειαν,
1254 2056 1346 2108 καὶ
1385 2056 1481 2110 νῦν
1501 2058 1614 2130 ’τήν
1659 2061 1889 2132 ςαιδράν

312 2140 626 2211 πανήγυριν
662 2143 1028 2213 συνεκρότησε
1064 2145 1325 2216 σήμερον,
1360 2148 1462 2201 οὐκ
1494 2148 1574 2202 ἔτι
1612 2154 1671 2204 ἐν
1714 2154 1891 2225 φάτνῃ

309 2227 612 2300 τιθέμενος,
649 2232 762 2285 ἀλλ’
795 2233 886 2285 ἐπὶ
916 2236 1016 2304 τῆς
1053 2237 1431 2307 σωτηριώδους
1456 2241 1737 2312 τραπέζης
1761 2244 1893 2296 ταύο

309 2339 412 2391 της
441 2324 820 2394 προκείμενος
851 2326 1034 2398 ἐκείνη
1067 2329 1176 2400 γὰρ
1216 2332 1248 2399 ἡ
1281 2333 1455 2403 φάτνη
1488 2335 1586 2404 τῆς
1613 2337 1892 2408 τραπέζης

310 2414 518 2484 ταύτης
563 2420 748 2490 μήτηρ
785 2418 1017 2487 ἐγένετο.
1051 2423 1151 2475 Διά
1186 2424 1341 2478 τοῦτο
1371 2427 1430 2478 ὲν
1455 2428 1888 2501 ὲκείνητίθεται,

311 2506 402 2561 ῐνα
433 2508 526 2560 ἐπὶ
551 2509 755 2581 ταύτης
782 2509 988 2582 βρωθῇ,
1034 2514 1127 2567 καὶ
1151 2515 1374 2584 γένηται
1405 2521 1515 2582 τοῖς
1550 2524 1759 2584 πιστοῖς
1789 2540 1894 2575 σω-

310 2599 503 2670 τήριον
544 2599 769 2670 ἔδεσμα.
836 2602 1042 2675 ’Δλλ’ή
1098 2605 1199 2675 μὲν
1256 2608 1433 2678 φάτνη
1480 2611 1583 2680 τὴν
1635 2611 1896 2682 λαμπρὰν

310 2689 518 2760 ταύτην
557 2693 794 2758 ἀνέδειξε
838 2695 1141 2766 τράπεζαν,
1169 2701 1203 2768 ἠ
1235 2698 1290 2752 δὲ
1323 2701 1602 2770 Παρθένος
1647 2705 1772 2766 τοὺς
1802 2723 1893 2775 χο-

315 2784 444 2853 ροὺς
476 2785 697 2848 τούτους
730 2787 1030 2859 ἐϐλάστησε
1061 2788 1162 2859 τῆς
1200 2790 1516 2858 παρθενίας·
1549 2795 1583 2865 ή
1610 2795 1667 2847 δὲ
1704 2796 1798 2848 τοῦ
1837 2799 1896 2848 ἐν

314 2873 569 2947 Βηθλεὲμ
614 2879 862 2933 οίκίσκου
891 2881 1136 2934 εὐτέλεια
1164 2883 1292 2944 τοὺς
1327 2886 1652 2955 περιφανεῖς
1674 2886 1897 2952 τούτους

311 2967 555 3036 ἀνέδειξε
604 2970 798 3034 ναούς·
850 2971 922 3025 τὰ
985 2971 1042 3025 δὲ
1080 2972 1202 3026 τότε
1291 2975 1584 3045 σπάργανα
1638 2974 1747 3029 τῶν
1800 2977 1897 3030 νῦν

313 3061 740 3133 ἁμαρτημάτων
782 3063 1014 3135 λυτήρια
1043 3065 1290 3134 γέγονεν.
1336 3063 1490 3130 Εἶδες
1519 3068 1622 3136 τῆς
1650 3069 1775 3122 τότε
1802 3088 1900 3124 πε-

311 3151 435 3216 νίας
459 3152 530 3206 τά
568 3151 666 3208 νῦν
697 3154 1003 3224 φαινόμενα
1051 3157 1498 3230 κατορθώματα;
1543 3156 1697 3224 Εἶδες
1741 3179 1895 3216 πτω-

312 3244 469 3316 χείαν
511 3245 768 3300 τοσούτου
817 3247 1050 3302 πλούτου
1092 3251 1470 3322 γεγενημένην
1519 3257 1767 3324 μητέρας
1805 3257 1898 3327 Μὴ

1979 599 2240 663 aspectus
2263 591 2538 663 judicium
2580 589 2851 661 fugiens,
2891 604 3073 660 neque
3109 589 3359 660 quietem
3386 603 3569 660 neque

1981 692 2196 739 motum
2216 683 2504 740 stellarum
2530 681 2886 738 manifestum
2907 680 3102 736 sensui
3125 680 3259 737 facit
3287 698 3303 734 :
3339 700 3361 733 ι
3377 679 3564 745 Stetit,

1983 775 2186 846 inquit,
2215 775 2377 830 stella
2409 790 2578 846 supra
2603 774 2814 838 locum,
2847 771 2945 828 ubi
2971 782 3093 830 erat
3116 787 3258 844 puer
3270 771 3343 827 ⁸⁸.
3367 790 3388 824 ι
3429 772 3575 844 Ergo

1983 870 2306 939 relinquens
2334 868 2686 925 altitudinem
2717 867 2876 922 stella
2903 881 3027 938 qua
3041 864 3364 938 apparebat,
3388 865 3572 921 humi-

1983 960 2091 1015 lior
2119 960 2266 1016 facta
2291 968 2400 1025 est,
2435 969 2500 1015 ut
2541 958 2745 1015 stando
2795 958 3335 1031 nativitatem~.'regis
3377 965 3568 1013 osten-

1983 1051 2163 1108 deret.
2199 1052 2337 1106 Nam
2369 1063 2636 1122 tanquam
2661 1065 2848 1122 regem
2877 1049 3204 1120 quaebant
3221 1049 3359 1120 Magi
3378 1091 3395 1116 ,
3428 1049 3574 1120 regis

1985 1142 2336 1199 nativitatem
2386 1143 2833 1214 interrogantes,
2886 1141 3204 1211 Judaisque
3239 1141 3515 1200 dicentes
3555 1157 3572 1195 :

1994 1254 2014 1287 ι
2033 1236 2138 1291 Ubi
2157 1243 2243 1291 est
2259 1235 2356 1306 qui
2376 1245 2542 1291 natus
2558 1243 2646 1290 est
2665 1248 2764 1290 rex
2780 1233 3140 1290 Iudaeorum?
3156 1231 3413 1289 ,Vidimus
3425 1232 3575 1288 enim

1986 1327 2202 1382 stellam
2223 1327 2346 1398 ejus
2367 1327 2424 1381 in
2448 1327 2694 1390 oriente,
2712 1335 2771 1382 et
2789 1326 3048 1381 venimus
3068 1323 3304 1380 adorare
3324 1338 3455 1379 eum
3469 1323 3536 1377 ".
3549 1342 3573 1375 ι

1988 1420 2194 1492 Regem
2235 1420 2465 1489 quaeris,
2509 1435 2545 1474 o
2573 1420 2745 1491 uage,
2793 1425 2852 1473 et
2889 1434 2992 1473 cur
3018 1426 3281 1488 tanquam
3306 1417 3420 1472 Deo
3449 1415 3582 1471 thus

1988 1509 2188 1564 oll‘ers?
2238 1510 2347 1564 Sed
2369 1527 2498 1564 novi
2518 1519 2576 1566 et
2600 1525 2806 1581 regem,
2836 1518 2896 1564 et
2915 1511 3088 1564 Deum
3110 1521 3404 1578 cognosco.
3447 1507 3584 1562 Pro.

1990 1609 2179 1669 pterea
2206 1609 2262 1655 et
2283 1615 2485 1656 aurum
2515 1601 2566 1656 ei
2597 1601 2774 1656 oll‘ero
2804 1609 2862 1655 et
2887 1601 3039 1665 thus,
3066 1597 3393 1654 muneribus
3417 1596 3583 1652 simul

1990 1700 2048 1747 et
2081 1695 2255 1749 Deum
2279 1703 2338 1750 et
2373 1710 2564 1767 regem
2592 1693 2949 1764 designans."

2061 1973 2153 2029 XI.
2214 1970 2323 2028 Sed
2357 1973 2483 2039 iste,
2535 1976 2632 2045 qui
2668 1983 2801 2029 tunc
2823 1972 3009 2046 Magos
3063 1973 3329 2030 ineﬂ'abiu
3374 1955 3586 2032 virtute

1991 2066 2060 2120 ad
2111 2067 2375 2135 pietatem
2421 2066 2626 2130 traxit,
2664 2067 2813 2120 idem
2847 2065 3026 2121 betam
3054 2066 3199 2120 hanc
3227 2066 3584 2123 festivitatem

1992 2158 2265 2213 hodierno
2283 2157 2375 2213 die
2397 2157 2727 2241 constituit;
2751 2172 2864 2211 non
2883 2157 2996 2228 jam
3018 2157 3076 2212 in
3098 2159 3332 2228 praisepi
3347 2159 3583 2228 positus,

1992 2249 2088 2304 sed
2112 2249 2166 2303 in
2192 2248 2298 2304 hac
2323 2249 2555 2304 salutari
2577 2264 2766 2304 mensa
2788 2249 3111 2319 propositus
3140 2267 3154 2302 :
3185 2249 3322 2304 illud
3346 2265 3587 2320 namque

1992 2356 2237 2411 praesepe
2279 2357 2487 2396 mensae
2522 2342 2655 2397 huic
2684 2355 2886 2412 parens
2913 2340 3122 2396 factum
3145 2351 3251 2398 est.
3287 2342 3586 2412 Propterea

1994 2430 2052 2483 in
2081 2429 2178 2483 illo
2203 2435 2290 2484 est
2312 2430 2549 2498 positus,
2580 2429 2724 2484 utin
2751 2429 2858 2484 ista
2876 2427 3102 2495 edatur,
3131 2437 3189 2485 et
3210 2429 3470 2485 ﬁdelibus
3496 2429 3591 2484 ﬁat

1994 2522 2254 2578 salutaris
2279 2522 2460 2577 cibus.
2520 2522 2630 2576 Sed
2665 2522 2802 2576 illud
2837 2522 3064 2591 quidem
3098 2536 3345 2591 praesepe
3385 2521 3590 2576 claram

1996 2615 2136 2668 hanc
2169 2629 2414 2668 mensam
2442 2612 2781 2683 designavit,
2821 2612 2988 2683 Virgo
3007 2621 3196 2666 autem
3225 2612 3430 2666 choros
3457 2612 3594 2668 istos

1996 2704 2274 2775 virginum
2298 2704 2632 2775 germinavit
2661 2721 2674 2756 :
2706 2701 3111 2758 Bethleemitici
3137 2711 3322 2757 autem
3345 2703 3596 2759 diverso-

1997 2795 2065 2848 rii
2094 2796 2278 2850 vilitas
2303 2795 2452 2850 clara
2481 2795 2598 2850 haec
2629 2794 2835 2866 templa
2859 2793 3154 2858 exstruxit,
3192 2803 3249 2849 et
3280 2793 3445 2864 panni
3464 2793 3593 2865 qui-

1997 2886 2102 2940 bus
2129 2895 2260 2941 tunc
2291 2887 2576 2941 involutus
2603 2895 2727 2950 est,
2778 2885 2911 2942 facti
2951 2894 3083 2940 sunt
3109 2886 3464 2956 praesentium
3499 2901 3592 2942 re-

1998 2979 2202 3033 solutio
2253 2985 2632 3047 peccatorum.
2697 2977 2864 3033 Vides
2910 2978 3062 3033 illius
3089 2978 3438 3048 paupertatis
3469 2992 3595 3048 qua:

1997 3086 2148 3125 nunc
2176 3079 2499 3140 spectentur
2519 3069 2740 3141 egregia
2769 3069 2974 3139 opera?
3020 3069 3180 3125 vides
3206 3077 3592 3140 paupertatem

2001 3170 2281 3218 tantarum
2331 3162 2530 3217 factam
2593 3161 2912 3216 divitiarum
2957 3160 3282 3232 parentem?
3330 3159 3593 3232 Nunquid

2000 3252 2162 3309 obest
2188 3253 2280 3308 illa
2306 3253 2361 3308 in
2391 3253 2557 3308 terris
2581 3251 2862 3324 Unigeniti
2889 3251 2958 3306 ad
2979 3250 3244 3322 exiguum
3265 3259 3484 3321 tempus
3497 3251 3596 3306 ab-

317 3335 544 3408 ιιλάπτει
575 3340 610 3409 ή
646 3338 797 3392 κάτω
833 3340 928 3394 τοῦ
974 3341 1316 3411 Μονογενοῦς
1361 3343 1498 3414 πρὸς
1539 3344 1720 3414 ὀλίγον
1747 3347 1894 3400 εὐτέ-

1997 3346 2198 3418 jcctio,
2235 3360 2359 3416 qum
2385 3351 2566 3399 tantas
2595 3345 2720 3399 orbi
2754 3353 3031 3400 terrarum
3068 3344 3294 3400 divitias
3320 3343 3594 3399 contulit?

313 3429 458 3493 λεια,
491 3431 752 3488 τοσοῦτον
791 3433 1021 3488 πλοῦτον
1051 3437 1118 3505 τῇ
1149 3435 1450 3509 οἰκουμένῃ
1486 3438 1800 3509 κομίσασα;
1835 3441 1901 3494 Τί

313 3515 409 3574 οὖν
453 3521 734 3588 ὀνειδίζεις
784 3523 1004 3595 Χριστῷ
1052 3524 1154 3594 τὴν
1193 3527 1252 3578 ὲν
1287 3526 1536 3599 Βηθλεὲμ
1582 3528 1898 3597 εύτέλειαν;

313 3610 417 3666 Διά
442 3613 495 3666 τί
529 3613 723 3667 πενίαν
748 3614 940 3685 φέρεις
985 3616 1064 3678 είς
1095 3616 1282 3684 μέσον,
1321 3615 1393 3669 τὰ
1431 3616 1491 3682 ἑξ
1527 3617 1699 3688 αὑτης
1729 3617 1898 3691 κέρδη

313 3703 414 3759 τοῦ
458 3706 667 3774 κόσμου
718 3707 794 3779 μὴ
832 3707 1214 3776 λογιζόμενοςς
1247 3707 1348 3761 Διά
1391 3708 1444 3761 τί
1477 3707 1696 3775 ἀνάξιον
1720 3709 1900 3777 λέγεις

313 3792 451 3848 Θεοῦ
483 3795 676 3860 πάθος,
704 3797 978 3850 τοσούτων
1015 3796 1236 3865 ἀγαθῶν
1270 3798 1566 3869 γενόμενον
1596 3798 1898 3871 πρόξενονς

315 3885 429 3957 Atti:
448 3887 502 3939 τί
525 3888 732 3960 ἀφαιρῇ
758 3890 850 3941 του
885 3889 1225 3957 Μονογενοῦς
1252 3890 1323 3944 τά
1359 3891 1654 3961 τραύματα
1675 3890 1735 3956 δς
1760 3893 1899 3964 (19).

312 3978 585 4047 τοσαύτην
633 3978 907 4049 σωτηρίαν
972 3983 1084 4043 τοῖς
1149 3979 1461 4050 ἀνθρώποις
1513 3982 1791 4053 ὲπήγασε;
1833 3981 1900 4035 Τί

316 4069 678 4144 παρακαθὲζῃ
717 4073 1026 4144 παθήμασι,
1074 4074 1172 4126 καὶ
1222 4073 1284 4126 οὐ
1330 4073 1553 4143 βλέπεις
1583 4073 1693 4128 τῶν
1731 4075 1902 4146 παθη-

319 4161 508 4231 μάτων
551 4161 619 4216 τὰ
648 4161 744 4215 νῦν
787 4164 1058 4233 γενόμενα
1087 4164 1522 4236 κατορθώματας
1575 4167 1673 4220 Διά
1711 4168 1765 4219 τί
1802 4185 1902 4220 πε-

315 4253 437 4306 νίαν
474 4253 658 4321 λέγεις
714 4255 941 4319 ἀναξίαν
964 4256 1124 4319 Θεοῦ,
1161 4257 1228 4312 δι’
1257 4255 1324 4329 ἦς
1367 4261 1398 4312 ὀ
1447 4259 1652 4330 κόσμος
1680 4261 1902 4314 πλουτεῖ

312 4345 416 4414 τήν
443 4344 764 4412 εὐσέϐειανς
793 4346 892 4400 Διά
923 4347 978 4401 τί
1011 4348 1244 4402 θάνατον
1275 4349 1498 4422 ἀνάξιον
1529 4350 1668 4404 Θεοῦ
1697 4351 1898 4420 λέγεις,

314 4429 364 4504 ᾧ
381 4435 515 4501 Θεὸς
546 4437 790 4507 ἀνήλωσε
833 4440 1106 4507 θάνατον;
1148 4441 1306 4506 Τίνος
1353 4441 1538 4497 ἕνεκεν
1577 4445 1811 4516 σταυρὸν
1837 4447 1897 4501 οὑ

2000 3439 2144 3506 Quid
2174 3455 2308 3510 ergo
2329 3438 2632 3508 exprobras
2652 3437 2876 3494 Christo
2900 3437 3379 3493 Bethleemiticam
3410 3435 3594 3491 humi-

2002 3531 2254 3587 litatem?
2283 3530 2396 3586 Cur
2422 3537 2809 3609 paupertatem
2832 3528 3051 3600 profers
3068 3528 3127 3583 in
3144 3527 3412 3591 medium,
3437 3526 3595 3582 lucra

2000 3626 2201 3686 exinde
2215 3624 2340 3679 orbi
2362 3635 2638 3678 terrarum
2662 3630 2821 3692 parta
2837 3637 2947 3676 non
2969 3619 3333 3692 computans?
3358 3617 3472 3674 Cur
3501 3617 3595 3672 in-

2001 3718 2222 3788 dignam
2239 3715 2378 3770 dicis
2396 3714 2508 3770 Deo
2531 3713 2866 3784 passionem,
2883 3729 3006 3783 quae
3023 3721 3300 3766 tantorum
3317 3710 3595 3765 bonorum

2002 3809 2272 3881 probatur
2304 3807 2449 3862 facta
2474 3807 2730 3862 occasio?
2783 3805 2895 3861 Cur
2933 3804 3122 3859 aufers
3147 3802 3444 3874 Unigenito
3469 3801 3596 3855 vul-

2001 3919 2156 3966 nera,
2187 3916 2310 3971 quae
2341 3909 2547 3955 tantam
2577 3898 2814 3954 salutem
2843 3896 3167 3952 hominibus
3192 3893 3594 3966 profuderunt?

1999 3993 2113 4050 Cur
2145 3993 2391 4049 :.dha:res
2415 3992 2789 4063 passionibus,
2825 4001 2882 4047 et
2908 4005 3023 4046 non
3050 3990 3210 4045 vides
3253 3997 3459 4060 quanta
3481 3987 3595 4043 sint

2002 4103 2150 4142 nunc
2176 4086 2321 4140 bona
2352 4100 2382 4139 a
2409 4083 2762 4156 passionibus
2780 4083 2894 4139 illis
2915 4081 3203 4154 profecta?
3228 4081 3359 4154 (Cur
3387 4081 3597 4154 passio-

2001 4194 2129 4234 nem
2161 4177 2440 4248 indignam
2474 4176 2619 4231 dicis
2649 4176 2783 4241 Deo,
2819 4190 2944 4246 quae
2972 4174 3141 4230 solvit
3167 4173 3374 4229 diaboli
3404 4181 3593 4245 tyran-

2000 4269 2244 4338 nidem?)
2281 4266 2399 4323 Cur
2430 4274 2814 4338 paupertatem
2841 4263 2982 4320 dicis
3015 4264 3298 4335 indignam
3329 4263 3461 4328 Deo,
3496 4277 3598 4332 per

1999 4377 2166 4432 quam
2189 4358 2431 4414 mundus
2455 4358 2661 4429 pietate
2683 4357 2892 4411 ditatus
2916 4357 3038 4410 est?
3059 4355 3174 4410 Cur
3195 4362 3428 4408 mortem
3453 4353 3595 4407 indi-

1999 4469 2162 4525 gnam
2197 4451 2339 4506 dicis
2375 4451 2488 4505 Deo
2511 4490 2526 4512 ,
2586 4464 2694 4519 qua
2726 4449 2871 4502 Deus
2909 4456 3148 4501 mortem
3178 4446 3451 4515 peremit?
3482 4444 3598 4499 Cur

315 4529 498 4600 λέγεις
526 4531 683 4598 Θεοῦ,
711 4525 758 4602 ᾧ
806 4532 942 4597 Θεὸς
981 4533 1080 4605 τὴν
1121 4535 1320 4589 κακίαν
1357 4535 1470 4605 (ἓο)
1505 4536 1603 4590 τοῦ
1644 4538 1894 4616 δαίμονος

2003 4558 2228 4600 crucem
2273 4544 2370 4598 Dei
2411 4557 2600 4613 negas,
2636 4558 2746 4611 qua
2775 4543 2922 4595 Deus
2950 4540 3019 4594 de
3044 4538 3293 4608 nequitia
3327 4537 3596 4593 dmmonis

317 4621 716 4695 ἐθριάμϐευσες
742 4623 840 4677 Διά
883 4624 936 4679 τί
981 4625 1139 4680 τοῦτο
1167 4627 1326 4698 μόνον
1350 4628 1412 4681 ού
1440 4627 1621 4697 λέγεις
1647 4629 1804 4692 Θεοῦ,
1840 4631 1901 4696 ὃς

315 4714 419 4783 τὴν
505 4716 663 4786 ἡμῶν
711 4717 990 4788 ἁμαρτίαν
1065 4717 1144 4788 τῷ
1212 4717 1356 4790 ξύλῳ
1392 4717 1755 4793 προσήλωσε;
1806 4722 1898 4794 Μὴ

317 4802 578 4880 διαβάλῃς
612 4807 793 4878 πάθη,
823 4810 915 4878 ἀφ’
960 4801 1036 4862 ὧν
1085 4808 1319 4866 ἀπάθεια
1359 4811 1625 4868 τίκτεται.
1671 4813 1761 4886 Μὴ
1784 4814 1902 4868 δια-

321 4894 492 4971 σύρης
541 4899 834 4960 εὐτέλειαν.
895 4902 986 4971 ἀφ’
1031 4896 1100 4970 ἧς
1147 4901 1394 4956 διαϐόλου
1421 4907 1680 4975 τυραννὶς
1725 4924 1898 4960 κατα-

318 4987 526 5044 λύεται.
544 4991 634 5059 Μὴ
666 4992 932 5066 ὀνειδίσῃς
966 4994 1222 5064 ῥάπισμα
1251 4995 1477 5066 Θεῷ.δι⁹
1501 4991 1563 5053 οὗ
1592 4999 1695 5069 τῆς
1720 5000 1904 5072 ἀμαρ-

320 5081 442 5147 τιας
470 5084 563 5136 τὸν
608 5083 896 5157 ἄνθρωπον
944 5087 1312 5158 ἠλευθέρωσε.
1373 5088 1465 5161 Μὴ
1514 5089 1904 5162 Θεοῦδεσμδν

321 5171 486 5247 εἴπῃς
509 5176 752 5242 ἀνάξιον,
779 5171 828 5245 ᾧ
855 5178 950 5232 τὸν
978 5179 1180 5249 δεσμὸν
1205 5169 1316 5251 τῆς
1342 5181 1624 5252 ἁμαρτίας
1651 5182 1900 5237 ἀνέλυσε.

320 5265 415 5338 Μὴ
445 5266 572 5336 λέγε
611 5275 807 5324 πενίαν
833 5268 1057 5336 ἀναξίαν
1096 5271 1257 5332 Θεοῦ,
1288 5275 1374 5327 ὅτι
1401 5276 1431 5328 ὁ
1459 5274 1708 5345 διάβολος
1740 5275 1905 5330 πλου-

320 5359 429 5413 τῶν
458 5358 558 5431 τὴν
584 5361 797 5432 πλάνην
820 5362 1153 5434 ὲπτώχευσε.
1189 5365 1284 5434 Μὴ
1313 5367 1600 5437 καταγνῷς
1632 5369 1896 5443 σταυροῦ,

325 5447 547 5519 βωμοὺς
586 5451 975 5519 καταλύοντος,
1032 5455 1168 5526 μηδὲ
1217 5456 1560 5530 ὲξευτελίσης
1590 5460 1786 5530 ἥλους,
1822 5456 1904 5527 οἷς

321 5543 421 5611 τὴν
469 5544 796 5616 οἰκουμένην
841 5547 1078 5619 Χριστὸς
1113 5551 1194 5614 εἰς
1231 5550 1291 5603 ἓν
1327 5553 1588 5623 φρόνημα
1625 5554 1724 5626 τῆς
1750 5557 1904 5610 εὐσε-

2007 4634 2410 4706 triumphavit?
2440 4633 2555 4689 Cur
2585 4633 2689 4687 hoc
2715 4633 2894 4687 solum
2927 4645 3037 4684 non
3061 4629 3202 4684 dicis
3229 4628 3345 4692 Dei,
3378 4629 3473 4699 qui
3497 4643 3599 4684 no-

2006 4736 2185 4785 strum
2211 4734 2502 4796 peccatum
2529 4723 2702 4780 allixit
2728 4723 2914 4796 ligno?
2947 4721 3073 4778 Noli
3095 4721 3362 4790 derogare
3385 4719 3598 4789 passio-

2005 4821 2191 4885 nibus,
2219 4834 2320 4889 per
2333 4833 2472 4889 quas
2492 4813 2910 4888 impassibilitas
2924 4819 3241 4884 generatur.
3269 4810 3392 4866 Noli
3413 4811 3597 4866 detrao

2006 4911 2140 4966 here
2173 4909 2472 4981 abjectioni
2497 4949 2513 4973 ,
2572 4923 2683 4978 qua
2727 4907 2983 4979 tyrannis
3011 4904 3220 4961 diaboli
3265 4902 3594 4958 destruitur.

2002 5001 2123 5056 Noli
2159 5002 2273 5056 Deo
2312 5001 2527 5071 alapam
2558 5000 2897 5070 exprobrare
2920 5039 2935 5061 ,
2972 5013 3073 5068 per
3101 5010 3266 5066 quam
3294 5011 3324 5048 ο
3354 4993 3596 5064 peccatis

2001 5095 2285 5150 hominem
2313 5094 2596 5150 liberavit.
2628 5092 2749 5148 Non
2772 5090 2996 5146 vincula
3021 5090 3136 5146 Deo
3160 5087 3319 5144 dicas
3345 5085 3592 5156 indigna,

2001 5189 2209 5259 quibus
2228 5188 2452 5244 vincula
2478 5188 2693 5259 peccati
2720 5186 2974 5242 resolvit.
3009 5184 3092 5239 Ne
3117 5181 3326 5238 dixeris
3357 5192 3595 5249 pauper-

2004 5290 2174 5337 tatem
2206 5281 2491 5354 indignam
2517 5281 2655 5345 Deo,
2677 5294 2785 5350 qua
2809 5275 3089 5341 diabolus,
3118 5289 3245 5331 cum
3271 5271 3428 5327 dives
3448 5278 3600 5324 esset

2006 5389 2220 5440 errore,
2255 5388 2468 5446 pauper
2498 5372 2679 5427 factus
2701 5378 2808 5426 est.
2843 5370 2966 5427 Noli
2998 5369 3315 5438 vituperare
3347 5375 3592 5421 crucem,

2008 5481 2132 5538 qua:
2157 5465 2432 5520 destruxit
2462 5480 2608 5521 aras.
2661 5461 3106 5532 Nolidespicere
3137 5458 3351 5521 clavos,
3388 5452 3596 5524 quibus

2009 5558 2200 5612 orbem
2231 5567 2506 5613 terrarum
2535 5555 2795 5612 Christus
2827 5552 2899 5608 ad
2927 5566 3100 5608 unum
3127 5562 3348 5606 sensum
3372 5543 3596 5618 pietatis

321 5636 474 5699 σείας
503 5639 794 5709 συνέπηξε.
823 5640 916 5711 Μὴ
947 5639 1166 5710 λογίζου
1211 5641 1284 5696 τὰ
1321 5643 1538 5715 εὐτελῆ,
1573 5645 1713 5702 ἀλλά
1742 5647 1811 5702 τά
1841 5649 1894 5704 ἐκ

2012 5649 2218 5706 inﬁxit.
2268 5650 2391 5706 Noli
2427 5659 2686 5721 reputare
2719 5663 2843 5719 qua:
2880 5645 3012 5703 vilia
3044 5652 3196 5708 sunt,
3233 5639 3336 5698 sed
3363 5639 3498 5719 quid
3524 5653 3598 5703 ex

397 5754 444 5787 ⁸⁸
474 5754 666 5810 Matth.
696 5775 754 5821 ιι,
781 5759 837 5814 9.

399 5872 510 5941 (l9)
545 5873 663 5928 Lat.
703 5875 738 5925 ἦ.

908 5761 953 5793 ⁸⁷
977 5761 1116 5817 Ibid.
1155 5763 1211 5818 2.

2085 5877 2198 5949 (εο)
2225 5878 2334 5934 Τοῦ
2367 5878 2584 5955 ἐχθροῦ.
