4128 6324
341 401 481 457 1577

1262 393 1552 452 ΗΟΠῘΗΑ
1587 392 1654 449 Π.
1694 393 1767 449 IN
1805 393 1919 450 DIE
1955 393 2400 453 NATIVITATIS
2436 395 2695 455 DOMlNl.

3486 398 3626 455 1378

343 525 434 589 θὶς
475 524 576 594 τῆς
610 519 916 590 γεννήσεως
967 517 1211 589 δηλούτω
1248 521 1276 572 6
1303 518 1508 587 Λόγος⁹
1547 517 1609 572 τὸ
1638 516 1914 588 όμοούσιοη

2032 515 2180 571 Patri
2217 515 2437 583 Filium,
2469 517 2783 589 splendoris
2813 517 3144 574 vocabulum
3179 518 3277 574 tibi
3300 519 3620 576 denuntiet.

337 622 368 671 ὁ
395 616 523 677 Υἱὸς
555 616 892 689 γνωριζέτω.

409 798 464 851 Z'
505 794 646 851 Ἀλλ’
699 794 1088 863 ἐπανέλθωμεν
1137 793 1231 848 επὶ
1279 792 1342 845 τὸ
1397 790 1782 863 προκείμενον,
1832 789 1926 843 καὶ

335 889 432 944 τοῦ
490 891 732 963 σήμερον
774 887 1057 961 τεχθέντος
1085 885 1221 940 Θεοῦ
1247 884 1427 954 Λόγου
1453 881 1792 953 δηλώσωμιν
1824 882 1925 953 τὴν

337 981 661 1053 ἐμφάνειαν,
688 979 783 1036 καὶ
823 979 914 1035 διὰ
956 978 1354 1050 ὑποδιίγματος
1389 975 1776 1048 ιπιδειξωμεν,
1809 973 1927 1038 πῶς

334 1073 398 1127 τὸ
429 1077 494 1147 τῇ
537 1074 699 1144 φύσει
730 1073 806 1145 μὴ
836 1071 1136 1145 ὁρώμενον,
1166 1068 1445 1141 ὁρώμενον
1471 1069 1704 1138 γίνεται,
1735 1068 1832 1123 καὶ
1865 1067 1926 1122 τὸ

337 1164 416 1238 μὴ
443 1163 844 1236 ψηλαφώμενον
894 1163 963 1218 δι’
1013 1159 1311 1233 ἀσώματον
1357 1158 1545 1231 φύσιν,
1603 1158 1924 1230 εὑρίσκεται

332 1255 754 1328 ψηλαφώμενον.
797 1257 857 1311 '0
884 1256 1041 1326 λόγος
1071 1256 1253 1309 τοίνυν
1277 1249 1454 1318 οὗτος,
1486 1253 1546 1308 δν
1575 1253 1924 1326 προφέρομεν

331 1352 452 1414 ταῖς
482 1349 620 1422 πρὸς
642 1350 904 1423 ἀλλήλους
942 1348 1205 1422 ὁμιλίαις,
1241 1340 1398 1420 ᾧπερ
1437 1344 1784 1420 κεχρήμεθα,
1829 1345 1921 1401 λό-

330 1456 429 1510 γος
468 1443 616 1497 εστὶν
665 1441 979 1514 ἀσώματος,
1032 1440 1094 1495 οὐ
1145 1443 1212 1513 τῇ
1265 1439 1386 1511 ὕψει
1431 1438 1780 1510 φαινόμενος,
1821 1437 1922 1509 οὐχ

330 1531 446 1604 ἁφῇ
476 1531 591 1605 (45)
615 1530 1036 1604 ψηλαφώμενος·
1070 1530 1186 1586 ἁλλ’
1216 1529 1436 1586 επειδὰν
1462 1530 1491 1583 6
1513 1527 1674 1599 λόγος
1698 1528 1922 1601 ινδύση-

327 1638 423 1677 ται
447 1623 754 1697 γράμματα
783 1624 879 1678 καὶ
912 1623 1172 1694 στοιχεῖα,
1191 1621 1516 1694 φαινόμενος
1541 1621 1778 1689 γίνεται,
1798 1619 1920 1690 ὕψει

327 1713 833 1784 καταλαμϐάνεται,
873 1715 985 1786 ἁφῇ
1027 1713 1366 1784 ψηλαφᾱται.
1407 1709 1643 1765 ’Υπόθου
1686 1711 1798 1782 γάρ
1829 1709 1920 1781 μοι

324 1822 450 1861 τινα
488 1805 862 1878 φθεγγόμενον
907 1804 1044 1878 πρός
1088 1820 1204 1859 τινα
1229 1819 1246 1835 σ
1295 1801 1371 1875 μὴ
1399 1804 1428 1857 6
1471 1800 1679 1874 προῖὼν
1718 1802 1918 1872 όρᾶται

324 1897 518 1970 λόγοςς
555 1897 630 1972 μὴ
674 1900 743 1971 τῇ
808 1899 960 1969 χειρὶ
1020 1895 1363 1971 ψηλαφώμεν
1406 1895 1501 1950 τὸν
1549 1895 1918 1968 προχεόμενον

324 1989 527 2060 λόγονς
560 1991 656 2044 εὰν
687 1989 746 2044 δὲ
789 1989 827 2044 ἃ
857 1985 1033 2055 εἶπεν,
1063 1990 1121 2043 δν
1159 1989 1334 2062 χάρη]
1367 1986 1608 2062 γράψῃς,
1646 1986 1676 2041 δ
1720 1987 1920 2059 πρότε-

327 2098 422 2152 ρον
454 2082 554 2155 οὐχ
582 2081 781 2155 ἑώρας,
815 2081 1044 2155 ὕστερον
1071 2082 1206 2154 όρᾷς
1232 2097 1247 2112 ο
1275 2081 1369 2135 καὶ
1402 2081 1541 2154 ὅπερ
1579 2081 1682 2136 οὐκ
1711 2078 1918 2152 ἐψηλά-

323 2191 433 2243 φας
460 2175 725 2248 πρότερον
754 2169 894 2238 εἶδος
916 2172 1012 2228 τοῦ
1049 2173 1230 2240 λόγου,
1257 2171 1420 2228 τοῦτο
1459 2173 1549 2227 διὰ
1581 2171 1676 2227 τοῦ
1713 2172 1916 2244 χάρτου

320 2265 580 2340 ψηλαφᾷς
611 2269 708 2322 καὶ
739 2266 850 2321 τῶν
881 2267 1246 2339 γραμμάτων.
1275 2265 1434 2329 Τίνος
1473 2265 1692 2332 ἱνεκεν;
1735 2265 1856 2319 ὀτι
1887 2267 1917 2320 ό

321 2357 618 2430 ἀσώματος
644 2357 802 2427 λόγος
825 2358 886 2412 τὸ
918 2358 1078 2430 σῶμα
1119 2356 1214 2412 τοῦ
1253 2358 1478 2429 χάρτου,
1513 2357 1610 2410 καὶ
1639 2357 1698 2410 τὸ
1724 2355 1913 2428 σχῆμα

321 2450 434 2505 τῶν
489 2448 772 2520 στοιχείων
830 2447 1122 2502 ἐνδέδυται.
1155 2447 1366 2502 Οὐκοῦν
1408 2447 1596 2518 lunai}
1635 2448 1802 2516 σαφὲς
1852 2447 1915 2501 τὸ

320 2541 634 2613 ὑπόδειγμα
667 2541 884 2611 γέγονε,
912 2541 1007 2594 καὶ
1057 2538 1416 2611 ὑπεμνήσθης
1447 2538 1526 2611 τῷ
1556 2539 1914 2610 ὑποδείγματι

317 2631 400 2704 τῷ
431 2631 713 2704 γενομένῳ
744 2632 886 2686 κατὰ
916 2631 1228 2704 συνήθειαν,
1274 2631 1406 2703 φέρε
1434 2630 1702 2701 δείξωμεν
1741 2630 1860 2692 πῶς
1886 2633 1916 2686 ό

323 2722 620 2793 μονογενὴς
653 2721 781 2786 Υἱὸς
807 2721 902 2776 τοῦ
929 2721 1086 2786 Θεοῦ,
1127 2723 1157 2775 6
1188 2721 1324 2784 Θεὸς
1387 2721 1584 2790 Λόγος,
1613 2722 1643 2774 6
1682 2721 1916 2794 προαιώ-

319 2829 435 2878 νιος
469 2812 645 2868 συνὼν
674 2813 753 2886 τῷ
791 2813 970 2887 lla-:91
1007 2813 1144 2884 (46),
1187 2811 1482 2883 ἀσώματος
1514 2812 1591 2867 ὢν
1621 2816 1720 2885 τὴν
1751 2814 1914 2883 φύσιν

257 2888 281 2899 ⁴
319 2905 615 2979 ἀνθρώπου
645 2906 808 2975 φύσιν
841 2908 1266 2976 οἰκειωσάμενος
1303 2907 1553 2977 ὕστερον,
1584 2908 1778 2980 ἐτέχθη
1823 2907 1914 2962 διὰ

320 2999 626 3072 Παρθένου,
685 3000 785 3053 οὐκ
825 2998 1001 3069 ἀρχὴν
1029 2998 1210 3052 λαϐὼν
1260 2997 1354 3053 τοῦ
1415 2994 1558 3053 εἶναι
1605 2999 1760 3063 Θεὸς,
1793 2999 1911 3054 ἀλλ’

318 3091 496 3164 ἀρχὴν
529 3089 709 3144 λαϐὼν
735 3090 830 3144 τοῦ
852 3091 1086 3160 φανῆναι
1112 3089 1416 3161 ἄνθρωπος,
1452 3092 1544 3162 Μὴ
1570 3091 1682 3161 γὰρ
1711 3092 1871 3166 εἴπῃς
1894 3109 1909 3124 .

319 3180 540 3254 Ἐπειδὴ
579 3181 731 3254 παρὰ
770 3181 866 3236 τοῦ
916 3182 1128 3254 Πατρὺς
1175 3183 1468 3251 γεγένηται
1507 3185 1535 3236 ὁ
1576 3183 1911 3282 λξ⁰’⁴οτενὴς³
1937 3226 1981 3282 c

319 3273 438 3332 πῶς
470 3273 664 3346 ἐτέχθη
699 3273 864 3328 πάλιν
916 3275 978 3328 ἑκ
1038 3274 1352 3344 Παρθένου;
1393 3275 1488 3328 Ἐκ
1546 3272 1641 3330 τοῦ
1693 3276 1910 3348 Πατρὸς

318 3364 615 3437 γεγένηται
654 3368 719 3438 τῇ
757 3365 938 3436 φύσει,
971 3367 1037 3421 ὲκ
1071 3365 1352 3437 Παρθένου
1377 3369 1630 3436 γεννᾶται
1662 3368 1730 3421 δι’
1760 3370 1909 3422 οἱκο-

320 3471 371 3512 ν(
387 3442 515 3527 μίαν
534 3475 547 3487 ”
585 3458 764 3511 ἐκεῖνο
787 3458 863 3522 ὡς
890 3457 1042 3522 Θεὸς,
1071 3457 1230 3512 τοῦτο
1281 3460 1357 3524 ὡς
1396 3460 1703 3529 ἄνθρωπος.
1759 3461 1911 3515 Ἐπεὶ

320 3549 420 3602 γα).
447 3551 476 3602 6
498 3549 590 3614 σὸς
618 3548 776 3619 λόγος
810 3550 1058 3621 γέννημα
1087 3553 1204 3604 ιστι
1232 3552 1336 3622 τῆς
1359 3552 1458 3624 σῆς
1480 3551 1744 3616 διανοίας.
1766 3553 1908 3607 Ἀλλ’

319 3640 544 3695 mea:
577 3642 668 3695 τὸν
711 3641 870 3711 λόγον
899 3642 1110 3710 τοῦτον,
1157 3643 1216 3696 δν
1254 3644 1444 3696 ἔτεκεν
1472 3643 1500 3695 ό
1533 3646 1624 3708 σὸς
1649 3644 1796 3709 νοῦς,
1825 3646 1910 3698 ὲν-

320 3731 492 3790 θεῐναι
531 3735 766 3808 θελήσῃς
816 3737 912 3789 καὶ
959 3735 1248 3806 στοιχείοις
1304 3739 1398 3791 καὶ
1446 3737 1763 3808 γράμμασι,
1815 3740 1908 3793 καὶ

321 3824 633 3881 ιντυπῶσαι
708 3827 977 3900 βουληθῇς
1046 3827 1125 3900 τῷ
1177 3828 1354 3900 χάρτη
1388 3870 1404 3895 ,
1463 3831 1610 3900 χειρὶ
1674 3830 1908 3902 γράφεις

319 3916 393 3971 τὰ
447 3920 783 3990 γράμματα·
841 3920 936 3972 καὶ
981 3918 1183 3991 τρόπον
1248 3917 1370 3972 τινὰ
1434 3919 1598 3972 πάλιν
1657 3919 1747 3973 διὰ
1808 3920 1907 3990 τῆς

320 4010 507 4081 χειρὸς
534 4014 742 4075 τίκτεις
772 4011 864 4064 τὸν
890 4010 1070 4080 λόγον,
1101 4013 1161 4065 οὐ
1187 4011 1309 4065 τότε
1348 4011 1580 4066 λαϐόντα
1603 4011 1704 4083 τὴν
1729 4012 1908 4084 ἀρχὴν

320 4103 419 4157 τοῦ
446 4099 608 4167 εἶναι,
639 4105 726 4159 ὅτε
760 4103 849 4158 διὰ
883 4105 1065 4176 χειρὸς
1098 4106 1348 4176 ὶγράφηο
1396 4104 1518 4158 οὐδὲ
1554 4105 1672 4159 τότε
1709 4108 1906 4178 προελ-

319 4194 480 4250 θόντα
511 4197 591 4261 εἰς
619 4196 679 4249 τὸ
703 4192 864 4261 εἶναι,
895 4199 984 4252 ὅτε
1019 4199 1052 4268 ὴ
1082 4200 1202 4270 χεὶρ
1234 4196 1437 4251 ὲτύπου
1475 4197 1586 4267 (47)
1618 4198 1686 4252 τὰ
1725 4201 1906 4271 γράμ-

321 4303 501 4357 ματα’
536 4288 671 4343 ἀλλὰ
700 4290 763 4342 ὲκ
796 4289 896 4359 μὲν
926 4287 1022 4342 τοῦ
1053 4287 1146 4342 νοῦ
1181 4289 1494 4358 γεγένηται,
1521 4288 1615 4342 τοῦ
1645 4288 1702 4342 δὲ
1727 4289 1904 4360 φανῆ-

317 4397 406 4434 ναι
434 4380 531 4452 τὴν
561 4379 733 4452 ἀρχὴν
759 4383 824 4435 ὲκ
855 4381 954 4452 τῆς
979 4381 1162 4453 χειρὸς
1204 4384 1232 4434 6
1255 4381 1411 4451 λόγος
1449 4380 1669 4448 ἐδέξατο
1695 4384 1901 4438 τυπού-

319 4487 418 4542 σης
447 4473 516 4525 τὰ
545 4474 870 4544 γράμματα.
955 4496 964 4502 ·

2029 611 2402 682 generationis
2462 611 2932 684 impatibilitatem
2999 612 3240 668 Verbum
3312 613 3620 670 ostendat:

2028 703 2660 760 consubstantialitatcm
2687 705 2890 760 Filium
2923 704 3188 775 insinuet.

2099 793 2211 849 Vll.
2265 793 2374 850 Sed
2423 797 2536 866 jam
2577 795 2646 850 ad
2675 795 2995 851 institutum
3024 795 3338 862 redeamus,
3363 803 3422 849 et
3451 792 3622 861 Verbi

2028 886 2297 944 hodierna
2355 888 2446 943 die
2507 889 2623 943 nati
2671 887 3173 943 manifestationem
3237 885 3620 950 ostendamus,

2026 980 2389 1050 exemploque
2423 979 2791 1043 declaremus,
2823 994 2937 1050 quo
2974 989 3134 1048 pacto
3162 978 3218 1033 id
3249 976 3397 1048 quod
3424 984 3621 1032 natura

2026 1083 2127 1124 sua
2159 1069 2310 1125 cerni
2339 1071 2556 1141 nequit,
2596 1070 2692 1126 ﬂat
2720 1069 2940 1125 visibile
2966 1087 2982 1135 ;
3022 1069 3283 1140 quodque
3329 1067 3402 1122 ob
3432 1067 3622 1122 incor-

2025 1174 2252 1232 poream
2274 1169 2528 1217 naturam
2551 1161 2825 1232 palpabile
2846 1175 2958 1217 non
2976 1169 3083 1226 est,
3105 1161 3305 1217 evadat
3320 1157 3618 1231 palpabile.

2026 1253 2270 1309 Verbum
2307 1254 2478 1326 igitur
2509 1254 2612 1309 hoc
2634 1253 2784 1326 quod
2816 1253 3173 1326 proferimus,
3198 1269 3310 1324 quo
3331 1253 3388 1308 in
3412 1250 3623 1307 mutuis

2026 1345 2320 1417 colloquiis
2365 1346 2595 1412 utimur,
2648 1347 2882 1403 verbum
2934 1355 3021 1424 est
3071 1347 3480 1416 incorporeum,
3514 1359 3623 1400 nec

2025 1437 2170 1502 visu,
2207 1455 2310 1495 nec
2334 1448 2482 1496 tactu
2509 1440 2722 1511 percipi
2759 1450 2972 1496 natura.
3010 1441 3081 1497 At
3131 1439 3225 1495 ubi
3251 1438 3485 1495 verbum
3513 1438 3623 1496 hoc

2023 1530 2241 1586 litteras
2264 1530 2446 1586 induit
2463 1539 2517 1586 et
2538 1531 2835 1596 elementa,
2858 1547 2986 1587 mox
3006 1529 3227 1587 visibile
3247 1529 3477 1594 factum,
3507 1537 3620 1586 tam

2023 1619 2146 1674 visu
2163 1619 2442 1687 hauritur,
2459 1634 2625 1691 quam
2648 1630 2801 1677 tactu
2819 1619 3278 1693 deprehenditur.
3305 1619 3450 1676 Pone
3470 1618 3621 1674 enim

2024 1711 2341 1782 quempiam
2389 1727 2515 1768 eum
2558 1713 2669 1768 alio
2721 1712 3086 1785 loquentem;
3128 1725 3264 1768 num
3309 1709 3623 1782 procedens.

2023 1803 2244 1860 videtur
2279 1803 2561 1861 verbum?
2601 1820 2734 1860 num
2782 1820 2951 1860 manu
3001 1810 3304 1860 tractamus
3339 1800 3619 1874 prolatum

2020 1893 2256 1951 verbum
2284 1895 2310 1950 τ
2346 1895 2404 1952 Si
2430 1904 2617 1952 autem
2645 1911 2770 1966 qua:
2794 1895 3126 1952 dicebantur
3161 1895 3221 1950 in
3247 1893 3441 1951 charta
3473 1892 3618 1948 scri-

2019 1987 2224 2057 pseris,
2262 1987 2414 2059 quod
2461 1989 2619 2061 prius
2664 2003 2779 2045 non
2817 1987 3069 2054 videbas,
3105 1994 3298 2060 postea
3330 1986 3488 2042 vides
3514 2001 3532 2052 ;
3560 1992 3621 2042 et

2019 2092 2187 2149 quam
2221 2079 2498 2134 sermonis
2524 2078 2756 2135 formam
2797 2088 2961 2136 antea
2994 2088 3342 2137 contrectare
3375 2093 3489 2135 non
3513 2093 3618 2150 po-

2019 2177 2189 2236 teras,
2218 2187 2340 2228 eam
2384 2187 2485 2243 per
2511 2172 2758 2229 chartam
2798 2183 2854 2228 et
2882 2173 3234 2230 characteres
3257 2173 3370 2245 jam
3399 2181 3620 2228 contre-

2018 2262 2214 2318 ctabis.
2255 2263 2398 2331 Quid
2435 2262 2556 2318 ita?
2584 2263 2724 2332 Quia
2747 2257 2978 2320 verbum
3010 2273 3174 2320 antea
3199 2265 3614 2336 incorporeum,

2017 2368 2220 2425 corpus
2243 2354 2449 2411 cbartre
2477 2356 2994 2428 elementorumque
3015 2355 3218 2429 ﬁguras
3251 2356 3453 2412 induit.
3474 2354 3616 2412 Cum

2017 2460 2148 2518 ergo
2173 2447 2485 2518 exemplum
2503 2449 2616 2520 jam
2648 2448 2950 2504 adductum
2981 2447 3289 2504 dilucidum
3313 2448 3405 2513 sit,
3433 2462 3614 2518 eoque

2015 2537 2270 2606 exemplo
2298 2537 2435 2592 satis
2474 2538 2678 2594 usitato
2699 2539 2775 2595 sis
2801 2537 3143 2604 admonitus,
3193 2553 3316 2610 age,
3349 2538 3614 2594 ostenda-

2017 2644 2141 2686 mus
2172 2647 2284 2702 quo
2312 2641 2474 2703 pacto
2498 2633 2819 2706 unigenitus
2845 2634 2941 2690 Dei
2972 2635 3166 2700 Filius,
3193 2634 3339 2690 Deus
3369 2633 3616 2689 Verbum

2016 2720 2360 2793 incorporeas
2388 2733 2602 2781 naturae
2645 2725 2876 2796 perinde
2923 2739 2988 2780 ac
3037 2725 3220 2790 Pater,
3252 2733 3382 2778 ante
3427 2723 3616 2779 omnia
3661 2779 3674 2794 ,,

2015 2814 2215 2870 secula
2252 2816 2582 2873 naturaliter
2631 2818 2930 2883 exsistens,
2973 2818 3214 2872 humana
3267 2827 3464 2872 natura
3505 2814 3616 2872 sibi

2014 2915 2206 2975 postea
2239 2906 2434 2976 ascita,
2467 2925 2567 2980 per
2603 2909 2884 2982 Virginem
2914 2924 3070 2967 ortus
3107 2912 3200 2976 sit,
3234 2927 3347 2966 non
3379 2919 3442 2967 ut
3466 2911 3616 2968 Deus

2013 3009 2192 3064 esset,
2253 2999 2350 3056 sed
2411 3010 2472 3057 nt
2521 3002 2688 3059 homo
2727 3014 3038 3075 appareret,
3085 3004 3304 3060 initium
3362 3021 3609 3061 sumens.

2012 3090 2204 3162 Neque
2232 3092 2382 3149 enim
2428 3095 2565 3150 mihi
2599 3096 2752 3152 dicas
2779 3115 2791 3150 :
2828 3095 2965 3152 Cum
2998 3097 3329 3168 Unigenitus
3353 3109 3518 3153 natus
3540 3097 3615 3152 sit

2012 3196 2081 3238 ex
2113 3179 2294 3249 Patre,
2335 3187 2614 3255 quomodo
2641 3204 2838 3243 rursus
2876 3190 3123 3244 nascitur
3149 3206 3216 3245 ex
3241 3189 3511 3261 Virgine?
3533 3190 3613 3246 Ex

2014 3273 2178 3330 Patre
2220 3285 2384 3332 natus
2422 3288 2509 3334 est
2539 3279 2848 3335 secundum
2889 3281 3199 3338 divinitatis
3225 3293 3615 3350 naturam;er

2013 3365 2238 3438 Virgine
2275 3369 2527 3425 nascitur
2568 3381 2797 3442 propter
2834 3373 3306 3444 dispensationem
3338 3393 3350 3429 :
3388 3374 3520 3430 hinc
3553 3383 3615 3430 ut

2013 3456 2162 3513 Deus
2211 3467 2316 3526 est,
2368 3460 2498 3518 hinc
2539 3463 2790 3519 nascitur
2829 3473 2889 3519 ut
2939 3464 3128 3520 homo.
3181 3465 3317 3520 Nam
3359 3475 3417 3523 et
3452 3476 3611 3521 tuum

2013 3565 2236 3622 quoque
2264 3552 2520 3619 verbum,
2562 3556 2814 3626 quaedam
2859 3557 3064 3612 mentis
3112 3566 3219 3615 tua:
3264 3559 3450 3630 proles
3497 3572 3606 3616 est.

2012 3641 2084 3696 At
2126 3652 2484 3716 posteaquam
2524 3647 2754 3702 verbum
2781 3649 2926 3704 istud
2953 3649 3099 3720 quod
3135 3665 3291 3706 mens
3323 3660 3418 3706 tua
3438 3667 3608 3723 pepo-

2013 3735 2106 3801 rit,
2142 3736 2434 3794 elementis
2477 3747 2535 3794 et
2563 3739 2764 3796 litteris
2808 3741 3053 3797 volueris
3097 3745 3409 3813 exprimere
3459 3752 3516 3799 et
3552 3743 3610 3799 in

2011 3826 2202 3881 charta
2254 3829 2573 3896 eii‘ormare,
2609 3847 2776 3887 manu
2827 3832 3042 3889 litteras
3067 3833 3362 3898 describis,
3395 3844 3449 3892 et
3481 3852 3610 3892 ver-

2012 3917 2145 3973 bum
2179 3928 2336 3974 tuum
2372 3921 2780 3992 quodammodo
2814 3939 2914 3994 per
2937 3941 3162 3980 manum
3188 3925 3376 3983 denuo
3415 3927 3608 3998 paris:

2011 4026 2124 4066 non
2171 4012 2320 4082 quod
2370 4024 2488 4068 tum
2542 4014 2629 4070 sui
2677 4031 2801 4071 esse
2847 4016 3069 4072 initium
3117 4028 3319 4081 sumat,
3355 4020 3481 4075 eum
3511 4036 3610 4091 per

2011 4118 2236 4160 manum
2271 4105 2577 4173 scribitur;
2629 4116 2725 4162 aut
2769 4109 2916 4179 quod
2955 4116 3072 4164 tum
3098 4109 3346 4175 demum,
3383 4111 3607 4182 quando

2011 4211 2208 4252 manus
2231 4196 2446 4253 litteras
2473 4196 2700 4269 eﬂingit,
2725 4200 2993 4256 exsistere
3035 4201 3267 4272 incipiat
3296 4204 3428 4273 (jam
3456 4204 3608 4258 enim

2010 4297 2136 4343 ante
2167 4303 2234 4343 ex
2262 4298 2446 4344 mente
2487 4298 2679 4344 natum
2709 4291 2876 4357 erat),
2903 4291 3001 4347 sed
3025 4293 3176 4364 quod
3213 4302 3343 4350 tunc
3371 4295 3607 4350 verbum

2007 4395 2106 4450 per
2134 4377 2361 4436 manuni
2388 4381 2624 4451 (litteras
2674 4381 3017 4456 ﬁngentem),
3068 4385 3314 4452 initium,
3351 4397 3406 4442 ut
3452 4387 3607 4442 cerni

2006 4483 2194 4544 queat,
2211 4474 2326 4530 acel
2333 4475 2466 4545 piat.

391 4566 471 4620 H'.
517 4566 674 4619 Ἐπεὶ
709 4560 802 4620 οὖν
845 4565 906 4619 τὸ
954 4565 1260 4637 ὑπόδειγμα
1315 4565 1508 4636 σαφὶς,
1543 4568 1636 4622 καὶ
1669 4571 1703 4640 η
1737 4568 1902 4623 εἰκὼν

2082 4565 2218 4620 Vill.
2253 4565 2392 4621 Cum
2427 4582 2561 4636 ergo
2584 4567 2898 4636 exemplum
2953 4567 3056 4623 hoc
3099 4570 3328 4626 evidens
3378 4571 3608 4628 exsistat

317 4658 725 4730 γνωριμωτόιτη
754 4659 1071 4728 γεγένηται,
1105 4659 1237 4731 φέρε
1279 4658 1358 4730 τῷ
1406 4661 1747 4735 πρωτοτύπῳ
1796 4663 1909 4733 (48)

319 4749 725 4820 ιφαρμόσωμεν
765 4747 864 4819 τὴν
910 4749 1129 4803 εἰκόναο
1160 4743 1262 4802 ὧδε
1297 4749 1443 4812 νοῦν,
1481 4751 1599 4804 ἐκεῖ
1640 4753 1750 4806 νόει
1796 4754 1911 4807 Πα-

317 4839 485 4909 τέρα·
516 4831 617 4891 ὧδε
655 4837 813 4907 λόγον
856 4839 921 4892 ὲκ
967 4837 1064 4891 τοῦ
1099 4837 1192 4891 νοῦ
1233 4837 1526 4908 γινώσκεις
1564 4842 1907 4912 τικτόμενον,

224 4924 252 4940 ⁴
319 4931 437 4983 ὶκεϊ
478 4930 651 4999 Λόγον
702 4929 931 5003 οὖσιώδη
970 4931 1066 4984 καὶ
1111 4932 1480 4986 ὲνυπόστατον
1543 4934 1675 4996 νόει,
1710 4935 1775 4988 ὲκ
1811 4935 1907 4990 τοῦ

319 5022 534 5093 Πατρὸς
567 5023 996 5094 γεγεννημένον·
1033 5015 1135 5078 ὧδε
1169 5026 1332 5095 χεῖρα
1363 5023 1582 5094 βλέπεις
1613 5024 1702 5078 διὰ
1734 5044 1910 5099 γραμ-

324 5112 510 5180 μάτων
534 5115 824 5167 τίκτουσαν
858 5114 1038 5183 λόγον,
1074 5117 1192 5168 ἐκεῖ
1232 5115 1344 5168 νόει
1385 5115 1666 5185 Παρθένον
1693 5118 1784 5171 διὰ
1815 5120 1910 5172 τοῦ

321 5193 574 5274 σώματος
599 5205 692 5260 τὸν
720 5206 894 5275 Λόγον
917 5207 1196 5260 όδίνουσαν
1230 5206 1368 5278 Ὀὑχῖ
1397 5207 1499 5278 τὴν
1519 5207 1696 5279 ἀρχὴν
1721 5208 1910 5280 θεότη-

319 5310 413 5360 τος
441 5294 554 5368 (49)
591 5296 786 5353 δοῦσαν
809 5299 898 5354 διὰ
931 5298 1026 5354 τοῦ
1055 5300 1216 5353 τόκου
1237 5318 1250 5331 ο
1294 5299 1368 5370 μὴ
1399 5284 1609 5368 γένοιτο
1630 5318 1642 5331 ·
1675 5301 1810 5356 ἀλλὰ
1846 5304 1906 5357 τὸ

321 5387 556 5458 φανῆναι
579 5388 712 5443 Θεὸν
730 5389 1040 5461 ἀνθρώποις
1067 5391 1361 5461 γενόμενον
1381 5389 1691 5461 ἄνθρωπον.
1731 5392 1904 5447 Ἐπειο

318 5475 384 5546 δὴ
417 5477 527 5549 γὰρ
552 5479 768 5548 ἐγένετο
806 5481 943 5552 ὅπερ
979 5481 1108 5550 ἐγὼ,
1142 5480 1458 5550 ἀναγκαίως
1498 5480 1694 5552 ἐτέχθη
1733 5483 1902 5538 nos-

323 5586 428 5622 πεο
462 5572 617 5627 κάνὼ
647 5574 780 5638 (50),
815 5574 951 5629 μετὰ
982 5575 1079 5638 ei;
1107 5573 1244 5646 ἐμῆς
1275 5572 1487 5644 φύσεως
1520 5575 1612 5627 καὶ
1650 5575 1742 5630 τὸν
1770 5578 1902 5648 ἐμὸν

393 5709 504 5782 (45)
541 5711 616 5766 οὐ
646 5714 712 5782 τῇ
740 5713 873 5782 ἀφῇ.

399 5761 512 5920 ἰῶ)
536 5761 640 5834 ἑόν
659 5761 974 5855 ’ἐέῖῖἷιέιέρμ

399 5851 482 5920 (47
534 5852 842 5906 ’Βνετύττυν.

397 5851 506 5922 (47)
534 5852 842 5906 ’Βνετύττυν.

2013 4657 2472 4729 notissimamque
2508 4660 2802 4730 imaginem
2867 4661 3083 4724 reddat,
3120 4678 3241 4734 age,
3272 4664 3599 4720 similitudi-

2013 4765 2140 4806 nem
2192 4752 2334 4806 hanc
2381 4752 2482 4822 ipsi
2541 4761 2832 4825 prototypo
2887 4753 3232 4825 adaptemus.
3285 4756 3385 4814 Hic
3418 4758 3606 4828 itaque

2011 4843 2198 4896 cernis
2220 4853 2486 4908 tuentem,
2518 4845 2597 4900 ibi
2630 4845 2923 4902 considera
2959 4848 3209 4912 Patrem;
3251 4849 3342 4905 hic
3371 4851 3606 4907 verbum

2009 4951 2075 4988 ex
2109 4943 2293 4992 mente
2331 4937 2661 5008 productum
2688 4938 2963 5010 agnoscis,
2998 4939 3074 4996 ibi
3106 4940 3351 4996 Verbum
3411 4957 3606 4999 essen-

2013 5028 2141 5082 tiale
2173 5028 2594 5100 subsistensque
2640 5045 2709 5087 ex
2747 5031 2910 5086 Patre
2951 5041 3146 5088 natum
3184 5035 3600 5106 contemplare;

2011 5119 2102 5174 liic
2129 5135 2352 5175 manum
2378 5137 2476 5192 per
2505 5122 2721 5178 litteras
2760 5124 2996 5179 verbum
3037 5124 3349 5195 parientem
3384 5128 3606 5199 conspi‘

2011 5212 2173 5277 caris,
2229 5212 2305 5267 ibi
2348 5213 2592 5284 intellige
2630 5215 2912 5286 Virginem
2965 5231 3068 5287 per
3106 5232 3307 5288 corpus
3357 5219 3602 5276 Verbum

2009 5313 2366 5366 generantem
2394 5349 2408 5372 ,
2439 5321 2548 5360 non
2579 5307 2726 5377 quod
2752 5323 2945 5366 ωαςηο
2965 5299 3136 5378 ’ροτιιι
3172 5308 3452 5367 divinitati
3490 5312 3600 5366 ini-

2013 5396 2150 5448 tium
2174 5395 2391 5452 dederit
2417 5414 2430 5463 ;
2458 5397 2636 5452 absit!
2672 5398 2768 5453 sed
2797 5399 2944 5470 quod
2969 5401 3144 5455 Deum
3176 5402 3602 5460 t‘nhumauatum

2013 5489 2271 5543 humanis
2325 5491 2640 5559 aspectibus
2685 5492 3048 5562 conspicuum
3088 5493 3418 5574 reddiderit.
3464 5496 3604 5564 Quia

2012 5579 2159 5634 enim
2189 5580 2242 5634 id
2275 5579 2451 5635 factus
2483 5593 2567 5637 est
2599 5583 2747 5653 quod
2775 5599 2896 5654 ego.
2950 5586 3267 5642 necessario
3310 5598 3474 5645 natus
3519 5596 3608 5645 est

2235 5715 2444 5792 [Ιρςυτῳ
2468 5720 2642 5792 τύπῳ.

2107 5715 2176 5769 48
2235 5715 2444 5769 Ποωτω
2468 5735 2480 5766 τ

2230 5771 2480 5868 9.567%-

2083 5855 2195 5924 (sm
