4128 6324
281 373 420 428 1383

1086 369 1367 426 υοιιιιιΑ
1407 369 1498 424 111.
1543 368 1608 424 Di
1651 366 1761 422 [ηε
1903 361 2190 418 JOANNIS
2229 358 2750 416 EVANGELISTE.

3413 355 3552 412 1586

278 491 393 562 γὰρ
428 489 561 555 θεδς
596 488 783 543 λοιπὸν
814 487 887 551 ὡς
920 486 1052 540 ίδιον
1105 485 1276 549 πάθος
1312 486 1519 539 εκδικεῐ
1549 485 1611 537 τδ
1643 483 1865 552 γενόμε-
1895 521 1902 539 λ

1985 476 2316 547 .‘ruciﬁgens,
2348 475 2577 546 perinde
2615 491 2807 546 pmnas
2837 473 3012 539 dabit,
3035 484 3097 528 ut
3127 475 3222 544 qui
3255 475 3310 529 in
3342 475 3555 547 ipsum-

279 601 394 638 νον.
438 581 580 638 Ἀλλ’
623 581 785 634 ίκανά
834 580 902 632 τὰ
934 579 1224 651 είρημένα.
1283 577 1506 648 Ἐπειδὴ
1557 573 1866 648 φροντίζειν

278 676 363 731 δεῖ
396 675 490 728 καὶ
540 673 644 744 τῆς
683 671 908 743 μνήμης
951 671 1052 740 τῆς
1102 669 1397 742 ὑμετέραςο
1428 668 1489 722 τὸ
1519 666 1629 738 γὰρ
1663 664 1866 736 πλῆθος

279 765 390 820 τῶν
419 765 752 836 λεγομένων,
808 760 1147 833 ὑπερδλύζον
1191 761 1293 832 τῆς
1333 759 1446 814 τῶν
1499 759 1867 831 ἀκροωμένων

280 857 493 920 ἑννοίας
521 900 536 922 ,
587 855 882 926 ἀμνήμονα
931 854 1027 908 τὸν
1077 853 1356 926 ἀκροατήν
1395 851 1504 904 τῶν
1561 850 1868 923 εἰρημένων

281 952 449 1004 ποιεῖ.
483 948 699 1003 rivo-.10
721 947 800 1012 δὲ,
840 947 1024 1019 χάριτι
1052 944 1213 1009 Θεοῦ,
1255 944 1352 998 καὶ
1394 943 1463 997 τὰ
1491 942 1758 1015 εἰρημένα
1798 944 1867 1012 τῇ

284 1045 477 1114 μνήμῃ
530 1042 678 1112 ὑμᾶς
731 1039 1086 1113 περιλαϐεῖν,
1125 1038 1220 1092 καὶ
1277 1036 1500 1108 ἑτέρους
1545 1038 1611 1089 εκ
1663 1033 1869 1088 τούτων

279 1133 538 1205 ὠφελεῖν,
583 1133 681 1188 καὶ
709 1133 810 1204 τήν
841 1129 1120 1204 βασιλείαν
1162 1128 1276 1181 τῶν
1313 1125 1562 1201 οὐρανῶν
1597 1125 1718 1179 ἀντὶ
1747 1123 1870 1176 τοὺ-

278 1243 393 1281 των
430 1225 812 1301 κληρονομεῖν.
858 1219 970 1287 Ἦς
1004 1221 1217 1292 γένοιτο
1263 1220 1472 1284 πάντας
1504 1220 1654 1291 ήμᾶς
1684 1219 1871 1272 ἐπιτυ-

281 1320 403 1387 χεῖν
456 1318 644 1390 χάριτι
676 1314 769 1370 τοῦ
826 1311 1090 1380 Χριστοῦ·
1135 1305 1180 1380 ᾧ
1213 1313 1247 1383 ή
1282 1309 1409 1377 δόξα
1456 1310 1550 1364 καὶ
1581 1309 1641 1362 τὸ
1671 1309 1869 1379 κράτος

281 1412 364 1475 εἰς
392 1411 520 1474 τοὺς
549 1409 752 1470 αίῶνας
776 1407 885 1462 τῶν
919 1404 1151 1460 αἰώνων.
1198 1405 1392 1476 Ἀμήν.

862 1697 1104 1751 OMIMA
1161 1694 1235 1756 Γ,

1970 581 2082 626 met
2128 571 2223 626 Dei
2260 569 2498 626 Verbum
2533 571 2734 640 impius
2753 569 3044 626 exstiterit.
3074 569 3194 625 Jatn
3229 569 3378 624 enim
3409 573 3560 628 Deus

1971 664 2191 718 illorum
2226 663 2407 718 scelus
2459 672 2716 732 tanquam
2762 679 2916 718 suam
2958 663 3215 734 injuriam
3247 663 3555 721 ulciscitur.

1971 751 2078 807 Sed
2117 750 2251 806 satis
2276 749 2346 806 de
2383 750 2470 806 his
2489 751 2602 822 jam
2635 751 2845 806 dictum
2885 750 3071 807 fuerit.
3102 753 3239 808 Nam
3273 763 3332 809 et
3361 764 3560 810 vestra:

1970 861 2190 916 quoque
2224 845 2505 901 memoriae
2533 845 2804 901 rationem
2842 846 3044 905 habere
3082 858 3340 920 oportet:
3382 851 3559 921 siqui-

1971 938 2096 993 dem
2136 938 2411 993 dictorum
2464 939 2623 1009 copia
2665 938 2980 995 auditorum
3023 938 3263 998 inentem
3290 942 3556 1008 obruens,

1973 1029 2150 1099 ipsum
2183 1028 2515 1093 auditorem,
2543 1043 2736 1083 eorum
2764 1043 2886 1098 quae
2918 1028 3065 1085 dicta
3087 1030 3328 1096 fuerant,
3360 1029 3559 1086 imme-

1973 1135 2184 1174 morem
2217 1119 2418 1175 reddit.
2456 1119 2614 1174 Faxit
2640 1119 2816 1190 gratia
2843 1119 2962 1184 Dei,
2994 1130 3055 1175 ut
3082 1120 3172 1175 illa
3197 1136 3319 1191 qua:
3354 1135 3560 1193 prope.

1972 1209 2076 1265 sita
2094 1219 2243 1274 sunt,
2272 1210 2537 1266 memoria
2561 1211 2852 1282 complexi,
2879 1211 3003 1266 aliis
3032 1227 3252 1282 quoque
3276 1212 3343 1268 de
3360 1213 3560 1268 horum

1972 1305 2130 1374 copia
2179 1305 2440 1374 prodesse
2479 1304 2724 1374 possitis,
2763 1320 3106 1374 regnumque
3145 1304 3412 1361 cmlorum
3461 1321 3561 1376 pro

1973 1399 2061 1453 his
2089 1398 2446 1453 haereditctis.
2479 1394 2632 1464 Quod
2664 1397 2872 1451 utinam
2894 1413 2995 1452 nos
3015 1413 3211 1452 omnes
3231 1413 3329 1468 per
3353 1398 3559 1454 Christi

1972 1491 2203 1561 gratiam
2249 1490 2661 1559 adipiscamur:
2703 1491 2792 1544 cui
2823 1490 2893 1544 sit
2929 1489 3096 1560 gloria
3140 1501 3195 1545 et
3225 1501 3465 1561 potestas
3506 1492 3560 1546 in

1973 1583 2170 1638 sarcula
2197 1583 2544 1637 smculorum.
2583 1582 2778 1638 Amen.

2559 1695 2843 1751 IIOMILIA
2885 1697 2972 1752 111.

284 1815 582 1891 Δεκθεῖσρ
630 1815 701 1891 ᾧ·
753 1811 981 1891 Ἐφέσῳ
1014 1811 1166 1891 πρὸς
1206 1807 1648 1891 Νεστόρέογλέν
1683 1805 1871 1876 ἡμέρᾳ

1985 1805 2168 1876 Ephesi
2201 1818 2384 1860 contra
2422 1807 2729 1890 Nestorium
2766 1809 2966 1891 habita,
2997 1811 3050 1864 in
3084 1811 3170 1866 die
3193 1814 3364 1868 sancti
3397 1811 3566 1868 Joan-

539 1875 829 1940 Ἰωάννοιί
862 1881 970 1935 τοῦ
1022 1875 1458 1949 etiamtum?)
1495 1875 1632 1947 (6i).

361 2008 434 2056 A'.
455 2001 596 2054 Ὀπε
605 2016 636 2071 ρ
653 1999 772 2051 ἐστὶ
782 1998 897 2060 τοῖς
917 1993 1165 2065 σώμασιν
1189 1991 1572 2065 ήμῶνὶίατρδς,
1585 1990 1742 2047 τοῦτο
1755 1994 1871 2056 ταῖς

282 2095 486 2165 ψυχαῖς
538 2091 737 2164 ἱερεύς.
789 2085 1010 2158 Ἐπειδὴ
1037 2086 1148 2156 γὰρ
1183 2085 1398 2156 νόσημα
1435 2081 1622 2157 ψυχῶν
1656 2085 1803 2137 ἐστιν
1837 2086 1870 2155 ή

288 2187 489 2257 πλάνη,
541 2185 635 2239 καὶ
685 2181 1011 2255 χρονίζουσα
1060 2179 1290 2234 θάνατον
1325 2177 1418 2232 τὸν
1459 2177 1563 2249 τῆς
1599 2178 1874 2250 τιμωρίας

299 2281 586 2351 ὲπήγαγεν
619 2275 758 2348 (62),
791 2274 1146 2346 ᾡκονὸμησεν
1173 2275 1207 2345 ή
1243 2273 1338 2327 τοῦ
1368 2271 1686 2342 Πνεύματος
1714 2271 1875 2344 χάρις

289 2371 533 2442 ἰατρείαν
562 2369 741 2439 ψυχῆς
763 2366 903 2437 (65),
933 2368 1031 2436 τὴν
1051 2365 1335 2437 ίεροσύνην
1362 2365 1462 2436 τήν
1493 2363 1675 2432 ἀγίαν,
1697 2365 1793 2418 καὶ
1814 2363 1878 2418 τὸ

286 2461 643 2535 προσληφθὲν
660 2458 774 2534 (64)
793 2458 872 2530 τῷ
890 2457 1053 2512 πάθει
1072 2458 1232 2529 μέλος
1251 2456 1529 2527 ἐξέκοψεν·
1549 2457 1648 2511 οὐκ
1664 2455 1875 2510 ἐκείνου

285 2556 544 2626 ἀφειδῶν,
570 2553 708 2608 ἀλλά
737 2552 845 2605 τῶν
870 2551 1074 2605 λοιπῶν
1109 2551 1285 2622 μελῶν
1311 2550 1650 2621 φειδόμενος.
1700 2550 1879 2603 Ἐπει-

286 2648 352 2720 δὴ
403 2649 513 2720 γὰρ
543 2647 604 2701 τὸ
642 2644 864 2715 συνεχὲς
894 2645 993 2714 τῆς
1044 2644 1262 2715 σήψεως
1307 2643 1408 2713 τῆς
1442 2641 1671 2715 σαθρᾶς,
1707 2641 1877 2713 μετὰ-

285 2741 436 2794 δοσιν
460 2735 752 2812 είργάζετο
785 2736 887 2806 τῆς
929 2735 1154 2799 κακίας,
1195 2734 1451 2805 ικτὲμνει
1480 2733 1542 2787 τὺ
1577 2733 1756 2805 μέλος,
1791 2733 1879 2785 ἵνα

229 2819 242 2826 ’
288 2832 559 2901 ἱπιτέμνῃ
583 2829 685 2900 τὴν
723 2827 948 2881 κακίαν.
988 2827 1100 2880 Καὶ
1129 2826 1247 2879 ἐστι
1283 2825 1344 2878 τὸ
1387 2819 1528 2887 εἶδος
1575 2824 1735 2877 τοῦτο
1777 2824 1880 2877 οὐκ

289 2921 537 2992 ὠμότης,
566 2917 703 2975 ἀλλά
745 2916 1034 2990 θεραπεία.
1059 2915 1322 2988 Δακρύων
1354 2915 1454 2985 μὲν
1494 2913 1604 2986 γάρ
1630 2917 1658 2966 6
1696 2912 1880 2985 ἰατρὸς

291 3012 548 3083 ικτέμνει
573 3009 636 3065 τδ
663 3009 845 3082 μέλοςο
875 3004 992 3058 ἀλλ’
1034 3005 1294 3076 ἀφειδῶν,
1333 3003 1434 3076 τὴν
1467 3006 1673 3074 τμῆσιν
1716 3003 1879 3074 θερα-

293 3104 454 3160 πείαν
503 3102 823 3175 εἰργάσατο.
883 3101 1138 3174 Ἀρχαῖον
1169 3096 1328 3152 τοῦτο
1359 3095 1459 3165 τῆς
1495 3094 1794 3168 θεραπείας
1821 3095 1883 3148 τὸ

297 3304 398 3343 σαν
419 3289 518 3360 τῆς
544 3286 860 3357 πανσέμνου
878 3284 989 3355 (65)
1009 3283 1215 3354 ταύτης
1232 3279 1743 3352 Ἑκκλησίας.Ἔχει
1771 3278 1880 3349 γὰρ

291 3383 322 3434 ὁ
361 3380 544 3449 lapsi»;
578 3380 673 3434 καὶ
699 3377 874 3446 ξίφος,
898 3377 999 3447 οὐχ
1023 3376 1113 3432 ἶνα
1141 3373 1395 3448 κακὼσῃ,
1430 3372 1547 3427 ἀλλ’
1596 3373 1684 3427 ἵνα
1714 3372 1881 3444 θεραο

295 3471 497 3544 πεύσῃ.
537 3471 647 3526 Καὶ
667 3468 827 3524 τοῦτο
854 3467 1092 3540 δηλοῦσα
1115 3463 1323 3522 ἀνωθεν
1372 3467 1406 3535 ή
1457 3464 1618 3536 χάρις
1663 3461 1885 3534 πρῶτον

294 3565 376 3634 τῷ
410 3563 659 3636 Ἱερεμίᾳ
678 3562 953 3634 ἐμήνυσε,
987 3560 1241 3629 λέγουσαο
1275 3578 1293 3610 ι
1335 3555 1661 3626 Κατέστησά
1690 3571 1751 3609 σε
1782 3556 1883 3624 σή-

299 3671 470 3727 μερον
496 3654 589 3707 επὶ
630 3651 911 3724 βασιλείας
949 3651 1043 3705 καὶ
1083 3649 1233 3720 ἔθνη,
1267 3647 1541 3720 ἐκριζοῦν,
1584 3646 1680 3703 καὶ
1713 3663 1886 3701 κατα-

295 3750 588 3814 σκάπτειν,
632 3748 728 3803 καὶ
769 3745 1080 3810 ἀπολλύειν,
1113 3745 1210 3798 καὶ
1236 3743 1630 3813 ἀνοικοδομεῖν,
1661 3742 1757 3795 καὶ
1787 3758 1886 3794 κα-

300 3841 655 3913 ταφυτεὺειν.
695 3861 712 3892 ε
738 3840 815 3894 οὐ
850 3838 1144 3908 φυτεύεται
1167 3835 1278 3907 γάρ
1302 3833 1576 3897 εὐσέϐεια,
1622 3832 1696 3904 μὴ
1727 3835 1888 3886 ἐκκο-

301 3936 505 4005 πείσης
527 3933 750 3996 κακίας.
787 3929 1025 4000 Εῠλογον
1057 3930 1156 4000 μὲν
1198 3927 1415 3999 πρῶτον
1455 3926 1727 3999 ἀρδεύειν,
1763 3927 1888 3978 επι-

305 4030 500 4102 μελείᾳ
538 4027 822 4098 γεωργικῇ
876 4022 1137 4096 χρῆσθαι,
1192 4021 1386 4090 λόγους
1437 4020 1740 4091 προσάγειν
1772 4018 1887 4090 (66)

300 4122 621 4188 εὐσεϐείας.
659 4118 988 4193 ιπιμιλειαν
1026 4115 1288 4171 παντοίαν
1330 4115 1631 4186 προσάγειν
1666 4107 1777 4183 (67)
1811 4109 1890 4181 τῷ

303 4215 482 4289 μέλει.
509 4214 573 4269 Ei
621 4212 682 4268 δὶ
724 4213 760 4283 ή
790 4210 959 4266 κακία
1002 4208 1274 4280 κρείττων
1299 4206 1513 4276 γένοιτο
1552 4205 1652 4276 τῆς
1693 4205 1884 4274 επιμεο

298 4305 476 4370 λείας,
501 4305 536 4375 ή
569 4301 780 4374 εκκοπὴ
831 4299 970 4370 ίαμα
1016 4298 1127 4352 τῶν
1163 4296 1308 4351 οὕτω
1347 4296 1713 4366 διακειμένων
1750 4293 1889 4348 ἐστί.

303 4397 435 4464 Πῶς
460 4397 572 4470 γὰρ
599 4395 666 4452 ἄν
694 4413 780 4459 τις
797 4392 1195 4464 επιμελήσαιτο
1219 4391 1329 4445 τῶν
1351 4389 1496 4445 οὕτω
1508 4389 1890 4461 διακειμένων,

301 4493 415 4547 τῶν
448 4489 818 4555 ὀνειδιζόντων
854 4485 975 4557 Θεῷ
1006 4484 1077 4539 τὰ
1102 4484 1444 4558 ἀνθρώπινα,
1467 4483 1563 4537 καὶ
1590 4482 1688 4553 τήν
1731 4483 1892 4556 χάριν

304 4585 366 4637 εν
393 4586 554 4655 μέρει
585 4578 822 4643 ὀνείδους
845 4575 1222 4648 ποιουμένωνς

381 4845 460 4903 9.
492 4843 560 4899 Τί
587 4843 799 4911 λέγειςς
836 4842 980 4897 εἰπέ.
1005 4841 1157 4904 Θεὸν,
1184 4843 1372 4912 φησιν,
1391 4842 1454 4895 οὐ
1473 4840 1618 4909 λέγω
1637 4841 1905 4895 πεπονθέ-

2537 1882 2616 1932 m's
2649 1879 2998 1951 evangelista}.

2051 1991 2099 2047 1,
2127 1992 2283 2060 Quod
2316 1992 2644 2065 corporibus
2670 1994 2875 2049 nostris
2897 2005 2982 2050 est
3011 1996 3282 2061 medicus,
3314 1998 3419 2053 hoc
3442 2000 3566 2053 ani-

1979 2082 2175 2138 mabus
2196 2094 2281 2140 est
2313 2083 2590 2139 sacerdos.
2623 2084 2844 2139 Etenim
2883 2085 3012 2156 quia
3031 2087 3201 2141 animi
3223 2088 3452 2143 morbus
3482 2097 3568 2142 est

1975 2189 2154 2240 error,
2189 2175 2286 2246 qui
2320 2175 2662 2232 inveteratus
2712 2176 2904 2232 mortis
2941 2178 3274 2249 supplicium
3309 2180 3564 2245 inducit;

1977 2266 2217 2339 Spiritus
2247 2269 2420 2323 sancti
2455 2269 2632 2340 gratia
2666 2266 2979 2324 animarum
3021 2270 3352 2327 medicinam
3384 2255 3592 2328 sacer:

1976 2361 2190 2417 dotium
2239 2361 2499 2425 instituit,
2548 2361 2971 2432 membrumque
3011 2365 3206 2419 morbo
3249 2378 3567 2437 correptum

1977 2454 2156 2510 excidi
2185 2454 2402 2510 curavit
2430 2473 2441 2505 :
2483 2469 2590 2508 non
2626 2454 2774 2525 quod
2798 2455 2934 2510 illud
2967 2457 3291 2528 negligeret,
3319 2458 3415 2514 sed
3436 2461 3569 2514 reli-

1978 2547 2103 2617 quis
2136 2545 2402 2601 membris
2432 2547 2749 2602 consultum
2779 2547 3009 2620 cupiens
3039 2548 3184 2622 (cum
3216 2550 3366 2606 enim
3391 2552 3569 2608 conti-

1978 2654 2118 2694 nens
2144 2639 2234 2693 illa
2259 2638 2436 2702 tabes,
2465 2655 2646 2709 pravae
2671 2641 3049 2712 corruptionis
3079 2643 3421 2700 incrementa
3439 2661 3578 2717 pau-

1980 2729 2133 2785 latim
2150 2735 2490 2802 generaret),
2511 2732 2823 2786 membrum
2849 2733 3131 2803 putridum
3162 2735 3574 2806 prtecidendum

1980 2821 2340 2886 existimavit,
2386 2837 2497 2892 quo
2539 2822 2733 2878 vitium
2781 2823 3149 2880 exscinderct.
3205 2825 3411 2898 Estque
3461 2827 3579 2884 haec

1981 2915 2211 2970 curand=
2256 2915 2399 2968 ratio
2439 2931 2548 2969 non
2600 2915 2922 2978 crudelitas,
2965 2917 3058 2976 sed
3094 2917 3386 2974 medicina.
3435 2918 3579 2975 Sane

1983 3003 2232 3059 medicus
2266 3004 2403 3059 ﬂens
2454 3004 2766 3059 membrum
2815 3007 3168 3074 prmscindit;
3208 3024 3400 3064 verum
3444 3009 3578 3065 dum

1984 3111 2096 3151 non
2125 3096 2322 3167 parcit,
2354 3099 2528 3168 ipsam
2563 3099 2864 3152 sectionem
2891 3099 2946 3153 in
2983 3099 3315 3155 medicinam
3345 3116 3579 3157 conver-

193 3263 196 3265 λ
293 3191 434 3260 εἶδός
480 3197 599 3249 ἔστι
645 3195 740 3248 καὶ
768 3193 996 3249 ἄνωθεν·
1032 3190 1207 3253 οὕτως
1259 3188 1311 3243 oi
1345 3188 1493 3257 ἀγιοι
1535 3185 1880 3258 επεμελὴθηο

1988 3190 2071 3243 tit.
2113 3188 2301 3259 Neque
2341 3206 2516 3261 genus
2545 3192 2650 3246 hoc
2681 3191 2935 3247 medendi
2979 3207 3181 3247 novum
3210 3202 3315 3256 est,
3350 3193 3448 3250 sed
3479 3211 3580 3250 an-

1991 3281 2228 3352 tiquum,
2250 3290 2308 3336 et
2330 3283 2442 3354 jam
2479 3283 2607 3339 inde
2643 3285 2712 3339 ab
2745 3286 2906 3340 initio
2926 3298 3272 3358 usurpatum.
3302 3288 3414 3344 liae
3431 3289 3582 3345 enim

1991 3370 2205 3425 ratione
2249 3371 2427 3425 sancti
2462 3370 2654 3427 Patres
2686 3373 3060 3429 venerandam
3105 3375 3247 3429 hanc
3277 3376 3581 3433 Ecclesium

1991 3471 2264 3517 curarunt
2285 3471 2342 3519 et
2364 3473 2783 3519 consen'arunt.
2813 3464 3042 3521 Obtinet
3073 3455 3334 3524 sacerdos
3362 3485 3586 3542 quoque

1992 3554 2257 3626 gladium,
2293 3571 2406 3611 non
2431 3568 2494 3611 ut
2525 3557 2707 3622 lmdat,
2734 3558 2830 3614 sed
2861 3568 2922 3614 ut
2941 3559 3211 3615 medelam
3240 3561 3457 3619 afferat.
3490 3563 3588 3619 At-

1994 3661 2101 3717 que
2131 3647 2238 3702 hoc
2267 3647 2448 3718 ipsum
2477 3649 2608 3704 olim
2639 3666 2878 3722 superna
2916 3652 3092 3722 gratia
3117 3651 3404 3710 insinuans
3434 3654 3588 3711 Iere-

1995 3739 2119 3794 miae
2163 3739 2428 3796 indicavit
2470 3742 2697 3800 dicens:
2743 3757 2762 3793 ι
2791 3743 3065 3800 Constitui
3113 3756 3164 3802 te
3207 3746 3372 3802 hodie
3422 3764 3590 3820 super

1997 3847 2165 3902 regna
2191 3844 2249 3888 et
2275 3840 2489 3904 gentes,
2527 3843 2588 3889 ut
2618 3834 2846 3900 evellas,
2889 3846 2948 3891 et
2980 3836 3255 3903 destruas,
3286 3848 3343 3894 et
3371 3840 3589 3912 disper-

1997 3922 2118 3988 das,
2152 3933 2211 3979 et
2236 3923 2557 3991 remdillees,
2583 3935 2640 3981 et
2667 3927 2882 3996 plantes
2917 3928 2984 3982 ⁸⁸.
3017 3949 3034 3981 ε
3073 3930 3263 4002 Neque
3295 3933 3445 3989 enim
3469 3934 3589 4005 pie-

1999 4023 2082 4070 tas
2113 4014 2399 4081 inseritur,
2422 4017 2529 4072 nisi
2553 4018 2761 4074 malitia
2792 4029 2920 4077 ante
2939 4020 3108 4079 fuerit
3136 4026 3460 4098 exstirpata.
3484 4029 3590 4085 Par

1999 4117 2086 4163 est
2122 4108 2315 4180 utique
2348 4109 2530 4181 primo
2559 4113 2761 4182 rigare,
2788 4114 3019 4171 culturae
3040 4116 3312 4177 industria
3339 4121 3441 4187 uti,
3470 4123 3593 4194 pie-

2001 4200 2128 4255 tatis
2153 4217 2466 4258 sermonem
2493 4204 2784 4272 adhibere,
2811 4217 2868 4264 et
2886 4224 3050 4266 omne
3077 4211 3317 4284 denique
3348 4216 3596 4273 medica-

2000 4294 2172 4349 menti
2199 4311 2375 4366 genus
2399 4298 2695 4368 applicare.
2731 4301 2934 4357 Verum
2975 4305 3019 4359 si
3043 4305 3200 4361 tabes
3226 4308 3400 4377 major
3429 4309 3598 4365 fuerit

2002 4401 2167 4456 quam
2204 4379 2638 4446 utcurdtionem
2671 4392 2948 4458 admittat,
2981 4404 3112 4452 tunc
3151 4398 3375 4454 demum
3419 4417 3596 4456 mem-

2005 4478 2233 4534 brorum
2280 4479 2354 4535 ita
2402 4481 2728 4538 all'ectorum
2775 4486 2950 4541 sectio
3003 4497 3089 4542 est
3133 4489 3428 4546 medicina.
3478 4493 3598 4560 Qua

1933 4569 1978 4627 D
2006 4572 2156 4627 enim
2195 4573 2409 4628 ratione
2432 4575 2706 4646 quispiam
2738 4577 2788 4632 ei
2813 4579 3120 4643 medeatur,
3157 4583 3250 4652 qui
3276 4583 3349 4638 ita
3377 4599 3599 4655 compa-

2003 4674 2156 4720 ratus
2197 4674 2303 4729 est,
2335 4675 2398 4720 ut
2421 4667 2535 4721 Deo
2567 4667 2822 4724 humana:
2854 4678 3064 4727 natura:
3097 4673 3446 4730 conditiones
3471 4692 3600 4746 pro-

2005 4755 2108 4811 bro
2128 4763 2327 4820 vertat,
2361 4757 2804 4831 beneﬁciumque
2839 4764 3190 4820 contumeliae
3227 4766 3350 4822 loco
3397 4766 3602 4823 ducat?

2077 4847 2144 4903 11.
2179 4848 2321 4915 Quid
2350 4850 2533 4907 dicis?
2570 4853 2865 4924 responde.
2909 4855 3104 4920 Deum,
3145 4857 3343 4928 inquit,
3373 4875 3598 4931 passum

307 4954 423 4992 ναι.
439 4935 503 4991 El
525 4936 625 5007 μὲν
646 4935 786 5008 πρὸς
813 4935 916 5006 τήν
947 4932 1110 5004 φύσιν
1141 4933 1381 5004 βλέπεις,
1403 4932 1585 4998 καλῶς
1601 4934 1753 5006 ὁρᾷςο
1772 4934 1821 4986 et
1849 4934 1902 4988 δὲ

2009 4954 2121 4995 non
2147 4939 2293 4998 dico.
2333 4941 2476 4999 Sane
2501 4944 2546 4999 si
2581 4945 2649 5000 ad
2675 4944 2899 5003 deitatis
2928 4958 3181 5004 naturam
3214 4960 3451 5021 spectes,
3485 4969 3600 5009 non

311 5028 598 5093 παντελῶς
627 5028 872 5099 ἀναιρεῖς
911 5025 974 5080 τὸ
1015 5025 1212 5090 πάθος,
1239 5027 1380 5099 ἀρνῇ
1411 5026 1514 5097 τὴν
1558 5027 1892 5097 οίκονομίαν.

2008 5047 2205 5090 erras:
2241 5034 2328 5090 sin
2372 5050 2506 5091 vero
2554 5039 2967 5109 perpessionem
3006 5041 3331 5114 simpliciter
3369 5045 3448 5100 illi
3477 5047 3600 5102 adi-

310 5121 406 5193 Μή
433 5120 544 5194 γὰρ
569 5118 835 5193 ὀνειδίσῃς
857 5118 976 5190 Θεῷ
1000 5117 1247 5180 παθόντι,
1275 5118 1412 5175 ἀλλὰ
1431 5119 1539 5174 τῶν
1561 5119 1901 5191 παθημάτων

2010 5139 2148 5188 mas,
2184 5125 2653 5196 dispensationem
2684 5145 2970 5204 pernegas.
3007 5134 3085 5190 Ne
3117 5151 3250 5207 ergo
3289 5140 3601 5209 perpessio-

315 5213 485 5286 βλέπε
507 5215 577 5268 τὰ
610 5211 1038 5286 κατορθώματα.
1074 5212 1170 5276 Είς
1199 5211 1476 5267 εὐτέλειαν
1506 5213 1714 5282 κατέϐη
1747 5211 1902 5274 Θεὸς.

312 5308 380 5361 οὐ
406 5305 660 5378 μειωθεὶς
702 5306 803 5378 τὴν
831 5305 1016 5374 φύσιν,
1052 5302 1190 5359 ἀλλὰ
1226 5304 1326 5375 τὴν
1351 5305 1512 5376 χάριν
1539 5303 1903 5379 δωρούμενος,

389 5420 438 5452 ⁸⁸
459 5420 668 5478 Jerem.
697 5437 736 5487 ι,
764 5421 853 5477 l0.

417 5556 649 5627 (ϐο-δι)
695 5555 910 5615 Colitur
954 5560 1237 5644 {Gn-cis
1297 5562 1387 5619 die
1430 5562 1502 5619 36
1551 5563 1920 5650 Septembris.

317 5626 640 5684 Theodotus
692 5638 879 5684 autem
935 5630 1106 5684 fuisse
1161 5631 1509 5684 Chalcedone
1570 5635 1777 5684 dicitur
1825 5636 1917 5684 διο

405 5626 640 5683 εοάοιιιε
692 5638 879 5686 autem
935 5630 1106 5689 fuisse
1161 5631 1509 5692 Chalcedone
1570 5626 1777 5695 dicitur
1825 5636 1917 5696 die

314 5699 355 5755 ε
384 5695 662 5770 Septemb.
682 5697 1022 5770 ﬂammans.

394 5767 506 5842 (βὲ
541 5767 800 5842 Lis-ﬁss-
839 5770 1069 5842 ιπῆγινς

395 5835 509 5910 ((Β)
543 5837 680 5897 Ibid.
717 5835 1018 5913 θὶραπειιὶν
1037 5841 1248 5916 ψυχῶν.

638 5931 911 6000 Pauor“
947 5935 1062 6000 Gn.
1090 5937 1367 6003 LXXVII.

2015 5230 2113 5270 nes
2147 5217 2259 5272 Deo
2303 5219 2667 5290 improperes,
2709 5221 2808 5278 sed
2849 5227 3268 5296 perpessionum
3303 5229 3600 5287 utilitatem

2017 5308 2296 5380 inspicias.
2342 5311 2401 5366 lu
2440 5312 2808 5370 humilitatem
2869 5318 3013 5376 Deus
3065 5335 3123 5376 se
3179 5319 3432 5387 demisit,
3473 5323 3601 5378 nul-

2107 5569 2217 5647 (ἓξ)
2254 5571 2494 5647 249-5%
2533 5575 2866 5647 προληφθένο

2125 5641 2214 5701 65)
2254 5642 2390 5698 Ibid.
2430 5641 2602 5701 πανσέ
2612 5641 2766 5701 mou.

2118 5711 2210 5785 ἕρ)
2244 5713 2379 5785 ἑβίἀο
2418 5716 2766 5785 προσφέρειν.

2094 5779 2209 5855 (67)
2244 5781 2383 5840 Ibid.
2423 5779 2770 5859 προσὲρίρειν.

3106 5957 3181 6022 44
