4078 6340
222 396 378 466 158ἱίὶ

1109 401 1394 460 ΠΟΜῙΙᾸΔ
1432 401 1521 458 ιν.
1564 401 1631 454 lN
1674 400 1733 455 S.
1772 395 2129 454 DEIPARAM
2168 393 2257 451 ET
2297 392 2672 452 SlMEUNEH.

3368 393 3512 454 raro

219 524 372 593 λέγει
401 519 591 575 τοῦτον
626 519 718 573 τὸν
765 518 1076 592 ὁρώμενον.
1137 520 1199 573 ὃν
1246 520 1421 583 οὕτως
1467 518 1734 573 ικᾶλεσεν
1776 517 1811 587 ἡ
1843 567 1845 573 ,

1929 514 2101 569 Iesum
2127 512 2377 569 nominat
2409 509 2505 582 qui
2534 509 2890 576 cernebatur,
2928 512 3018 568 cui
3044 508 3208 583 Virgo
3236 509 3294 568 id
3329 514 3515 568 nomi-

220 615 521 688 Παρθένος.
565 612 741 667 Τοῦτο
773 613 1041 684 φρονείτω
1087 613 1322 675 ἕκαστος
1371 614 1432 665 ὲν
1459 613 1617 682 ἡμῖν.
1652 609 1682 663 ὃ
1715 610 1811 664 καὶ

222 708 280 760 εν
307 704 532 777 Χριστῷ
577 701 775 774 Ἰησοῦ.
812 703 877 756 Τί
906 702 1014 772 γὰρ
1038 703 1426 774 ὲφρονήσαμεν
1487 701 1549 753 ἐν
1584 697 1812 771 Χριστῷ

233 798 448 869 Ἰησοῦς
486 816 507 849 ι
527 796 630 860 Ὃς
643 796 705 848 ιν
730 797 914 866 μορφῇ
929 793 1066 847 Θεοῦ
1087 794 1369 864 ὑπάρχων,
1390 790 1491 863 οὐχ
1515 791 1814 862 ἁρπαγμὸν

218 890 470 961 ἡγήσατο
496 887 558 941 τὸ
588 882 730 941 εἶναι
758 887 850 939 ίσα
886 885 1028 957 Θεῷ.
1061 904 1083 939 ι
1116 884 1182 937 Τί
1225 886 1346 937 ἐστι
1383 883 1446 936 τὸ
1473 882 1808 954 λεγόμενον;

233 981 293 1035 ’0
324 978 386 1045 ἐξ
440 972 703 1051 ἁρπαγῆς
751 978 1066 1049 ἐλευθερίαν
1106 975 1312 1039 λαϐὼν,
1361 976 1516 1030 οὐδὲν
1563 973 1813 1029 δουλικὸν

221 1071 510 1144 ὑπομένει,
545 1071 631 1124 ἵνα
662 1071 738 1144 μὴ
771 1070 1060 1142 πρόκριμα
1083 1072 1150 1140 τῇ
1173 1066 1459 1137 ἐλευθερίᾳ
1489 1068 1715 1139 ποιήσῃ.
1745 1065 1812 1117 Τί

217 1160 318 1219 οὖν
346 1163 539 1230 αὐτόςς
583 1163 802 1232 Ἐπειδὴ
844 1164 913 1234 τῇ
956 1159 1116 1230 φύσει
1150 1160 1428 1230 Δεσπότης
1454 1153 1546 1230 ἦν,
1589 1159 1687 1228 οὐχ
1712 1157 1815 1228 ἁρ-

222 1254 445 1325 παγμὸν
469 1255 717 1326 ἡγήσατο
745 1253 808 1306 τὸ
840 1247 980 1306 εἶναι
1023 1251 1113 1303 ίσα
1132 1249 1272 1320 Θεῷ.
1305 1250 1380 1303 Τὸ
1406 1248 1514 1320 γὰρ
1546 1250 1648 1319 τῆς
1667 1249 1816 1300 οἰκος-

223 1347 420 1418 νομίας
466 1347 620 1401 οὐδὲν
664 1343 864 1412 εϐλαψε
904 1343 1006 1414 τὴν
1044 1341 1298 1413 θεότητα.
1339 1358 1358 1394 ι
1392 1343 1490 1404 Ὃς
1530 1343 1588 1393 ὲν
1629 1339 1812 1410 μορφῇ

220 1437 361 1492 Θεοῦ
400 1438 685 1510 ὑπάρχων,
713 1437 813 1505 οὐχ
847 1434 1141 1506 ἁρπαγμὸν
1181 1437 1427 1505 ἡγήσατο
1459 1433 1521 1486 τὸ
1550 1425 1691 1484 εἶναι
1722 1432 1816 1484 ῐσα

219 1530 367 1602 Θεῷ,
403 1531 520 1585 ἀλλ’
554 1529 751 1585 ἑαυτὸν
779 1529 1039 1594 ὲκένωσε,
1069 1527 1287 1599 μορφὴν
1326 1526 1516 1580 δούλου
1548 1523 1750 1579 λαϐὼν.
1790 1544 1808 1576 ι

296 1805 374 1862 E'.
400 1805 540 1860 Εἰπὲ
557 1823 648 1878 μοι
674 1806 775 1875 τὴν
797 1804 892 1859 τοῦ
917 1803 1256 1873 Μονογενοῦς
1277 1803 1528 1856 κένωσιν.
1549 1803 1609 1855 Εἰ
1636 1801 1709 1873 μὴ
1746 1801 1816 1855 τὰ

221 1897 547 1969 ἀνθρώπινα
577 1895 837 1961 πέπονθε,
861 1897 963 1950 ποῦ
993 1895 1235 1967 ἐκενῶθη
1262 1913 1278 1962 ;
1308 1896 1438 1948 ὅταν
1465 1894 1522 1948 όὲ
1547 1894 1691 1962 λέγω
1713 1911 1812 1947 πε-

223 1990 483 2045 πονθέναι
499 1990 654 2054 Θεὸν,
673 1990 956 2058 φυλάττων
970 1990 1068 2058 τὴν
1083 1987 1439 2058 φύσινρπαθῆ
1459 1986 1621 2053 λέγω·
1642 1986 1816 2050 πάθος

226 2086 339 2158 γὰρ
367 2084 608 2155 περιῆψε
643 2084 788 2156 Θεῷ,
824 2086 886 2137 οὐ
910 2083 1072 2152 φύσις
1086 2081 1342 2150 ίπαθητὴ,
1362 2081 1499 2134 ἀλλὰ
1535 2081 1668 2152 πρὸς
1702 2079 1818 2152 (75)

223 2176 288 2229 τὸ
351 2175 596 2246 παθητὸν
655 2174 870 2237 ἓνωσις.
915 2171 1134 2243 Ἐπειδὴ
1180 2175 1288 2241 γὰρ
1343 2174 1372 2224 ό
1433 2169 1820 2242 φιλάνθρωπος

228 2268 510 2338 Δεσπότης
533 2265 893 2337 συμπθῆσαι
918 2263 1216 2335 προσέθετο
1235 2263 1347 2335 (76)
1375 2263 1454 2333 τῷ
1480 2266 1688 2335 οἰκέτῃ,
1705 2259 1820 2334 εἷχε

224 2358 404 2430 δὲτὴν
442 2358 606 2428 φύσιν
631 2355 842 2427 ἀπαθῆ,
888 2356 1095 2419 ἑνώσας
1139 2353 1320 2424 ἑαυτῷ
1351 2354 1414 2406 τὸ
1439 2353 1699 2424 παθητὸν,
1730 2356 1823 2407 τὸν

228 2451 438 2504 σκοπὸν
480 2449 897 2519 ἀνεπλήρωσεν.
950 2445 1110 2500 Οὕτω
1149 2447 1528 2517 παραγέγονεν
1561 2445 1590 2498 ό
1618 2447 1824 2498 Δεσπό-

223 2559 348 2615 της·
379 2535 556 2605 οὕτως
593 2543 798 2607 ἐπέστη
822 2539 901 2609 τῷ
951 2539 1170 2607 φυγάδι·
1212 2539 1289 2603 ὡς
1321 2539 1603 2603 σύνδουλος
1633 2538 1825 2608 φαινό-

232 2651 417 2706 μενος,
448 2634 544 2688 καὶ
587 2633 666 2696 ὡς
715 2631 990 2701 δεσπότης
1020 2631 1349 2703 εὐεργετῶν·
1393 2633 1608 2703 μορφὴν
1633 2631 1824 2686 δούλου

227 2722 469 2787 δεικνὺς,
501 2721 595 2776 καὶ
619 2721 781 2793 χάριν
809 2720 1077 2774 δεσπότου
1106 2719 1490 2792 χαριζόμενος·
1522 2720 1726 2775 πεινῶν
1748 2721 1827 2785 ὠς

227 2813 443 2878 δοῦλος.
474 2814 568 2868 καὶ
600 2814 800 2886 ἄρτους
853 2812 1119 2883 πηγάζων
1149 2814 1228 2876 ὡς
1281 2814 1436 2876 Θεός·
1487 2815 1698 2868 κοπιῶν
1749 2813 1825 2878 ὡς

231 2906 543 2980 ἄνθρωπος,
569 2909 665 2961 καὶ
678 2907 772 2960 ἐπὶ
791 2905 961 2960 νώτου
993 2906 1275 2977 θαλάσσης
1306 2906 1538 2976 βαδίζων
1567 2908 1644 2972 ὡς
1669 2908 1824 2971 Θεός·

234 2998 701 3071 ὑποστελλόμενος
733 2999 826 3052 τὸν
859 2998 1093 3068 σταυρὸν
1139 2998 1216 3062 ὠς
1243 2998 1552 3068 ἄνθρωπος·
1582 3000 1678 3053 καὶ
1717 3001 1826 3072 γὰρ

229 3092 351 3154 τοῖς
372 3089 604 3146 πάθεσιν
637 3090 931 3145 ἑπιστοῦτο
958 3091 1018 3143 τὺ
1056 3091 1404 3160 φαινόμενον,
1433 3093 1528 3145 καὶ
1559 3093 1672 3150 τοίς
1696 3090 1829 3145 θαύ-

1914 606 2002 660 nis
2029 603 2387 675 imposuerat.
2414 604 2531 660 Hoc
2550 604 2736 674 quivis
2782 601 2842 658 in
2887 619 2947 659 se
2993 605 3215 669 sentiat,
3253 604 3404 675 quod
3427 612 3515 662 est

1913 699 1972 754 in
2004 698 2232 755 Christo
2260 699 2410 756 Iesu.
2457 695 2602 765 Quid
2643 713 2780 768 ergo
2816 698 2872 752 in
2907 697 3133 754 Christo
3163 698 3297 754 Iesu
3326 700 3478 754 sensi

1912 792 2082 847 mus?
2115 791 2323 861 Nempe
2344 789 2515 859 quod,
2563 807 2582 840 ι
2610 803 2738 844 cum
2766 788 2822 842 in
2853 789 3031 843 forma
3060 789 3157 844 Dei
3194 797 3365 856 esset,
3400 804 3516 845 non

1915 883 2169 954 rapinam
2210 881 2515 936 arbitratus
2557 890 2639 937 est
2679 892 2740 936 se
2768 881 2882 936 Deo
2927 897 3050 938 esse
3093 882 3365 953 aequalem
3384 881 3453 936 ⁸³.
3489 902 3508 933 ε

1913 974 2058 1042 Quid
2088 985 2175 1030 est
2210 973 2359 1046 quod
2393 972 2635 1029 dicitur?
2685 972 2831 1029 Sane
2879 975 2974 1045 qui
3009 989 3111 1046 per
3153 975 3407 1045 rapinam
3447 973 3503 1030 li-

1916 1067 2130 1124 bertate
2155 1069 2390 1138 potitur,
2426 1063 2567 1122 nihil
2587 1067 2793 1123 servile
2819 1069 2933 1139 pati
2961 1067 3223 1133 sustinet,
3255 1084 3326 1125 ne
3345 1067 3507 1126 liber-

1919 1160 2018 1214 tati
2050 1159 2278 1230 aliquod
2329 1160 2713 1230 praeiudicium
2751 1171 2998 1232 generet.
3036 1161 3180 1228 Quid
3220 1176 3351 1232 ergo
3384 1159 3514 1217 ille!

1917 1251 2189 1318 Quoniam
2217 1262 2413 1307 natura
2450 1251 2717 1307 Dominus
2750 1260 2890 1315 erat,
2929 1268 3040 1308 non
3076 1253 3327 1322 rapinam
3364 1253 3488 1308 arhi

1922 1351 2098 1397 tratus
2151 1351 2258 1406 est,
2307 1357 2431 1397 esse
2473 1357 2533 1396 se
2579 1343 2849 1412 aequalem
2891 1341 3025 1398 Deo.
3073 1343 3516 1415 Dispensationir-

1917 1435 2067 1490 enim
2103 1437 2427 1508 mysterium
2463 1435 2810 1492 divinitatem
2856 1453 2969 1492 non
3001 1436 3161 1492 laesit.
3209 1458 3229 1488 ι
3254 1437 3516 1507 Quicum

1919 1529 1976 1583 in
2028 1528 2203 1584 forma
2239 1528 2338 1584 Dei
2387 1538 2554 1592 esset,
2605 1545 2716 1584 non
2764 1530 3010 1600 rapinam
3084 1530 3386 1587 arbitratus
3432 1543 3514 1588 est

1916 1636 2042 1676 esse
2072 1636 2134 1677 se
2169 1622 2436 1692 aqualem
2474 1623 2608 1685 Deo,
2637 1621 2733 1680 sed
2792 1624 3152 1692 semetipsum
3189 1622 3516 1687 exinanivit.

1921 1713 2154 1769 formam
2187 1715 2332 1769 servi
2365 1715 2644 1784 accipiens
2665 1713 2732 1769 “.
2769 1734 2789 1766 ι
3065 1777 3073 1786 γ

1994 1805 2058 1860 ν.
2099 1805 2348 1876 Explana
2385 1803 2523 1860 mihi
2565 1805 2847 1878 Unigeniti
2877 1802 3335 1864 exinanitionem.
3372 1809 3496 1873 Quo

1923 1898 2090 1952 modo
2121 1899 2270 1952 enim
2303 1913 2362 1952 se
2398 1898 2724 1962 exinanivit,
2780 1898 2828 1953 si
2869 1899 3110 1953 humana
3142 1916 3252 1954 non
3290 1914 3492 1970 perpes

1926 1991 2055 2046 sus?
2079 1990 2473 2044 Verumtamen
2495 2005 2624 2045 cum
2649 1991 2824 2046 Deum
2851 2003 3075 2061 passum
3098 1990 3358 2047 dicimus.
3381 2007 3524 2048 sem-

1927 2099 2028 2154 per
2079 2093 2338 2138 naturam
2387 2083 2539 2138 illius
2583 2097 2612 2137 a
2653 2084 2912 2154 passione
2945 2083 3260 2138 eximimus.
3304 2085 3524 2140 Etenim

1926 2190 2040 2232 non
2065 2184 2266 2232 natura
2299 2175 2604 2247 passibilis,
2634 2177 2732 2232 sed
2777 2177 2912 2232 unio
2935 2177 3005 2232 ad
3033 2178 3087 2232 id
3114 2177 3264 2248 quod
3290 2177 3403 2248 pati
3430 2193 3528 2248 po-

1925 2275 2090 2334 terat,
2147 2269 2322 2324 Deum
2364 2266 2653 2338 patibilem
2699 2265 2888 2324 ell‘ecit
2946 2269 3025 2334 (in
3073 2278 3330 2324 naturam
3374 2256 3526 2324 enim

1927 2363 2078 2418 illius
2129 2361 2315 2433 passio
2339 2361 2492 2416 nulla
2544 2359 2742 2430 cadit).
2781 2355 3146 2430 Posteaquam
3181 2359 3332 2414 enim
3363 2359 3532 2417 mise-

1927 2457 2103 2512 ricors
2135 2454 2282 2509 Deus
2304 2468 2466 2508 servo
2499 2453 2740 2523 compati
2770 2451 3115 2516 decreverat,
3152 2467 3278 2507 cum
3315 2461 3533 2509 natura

1927 2557 2076 2605 esset
2105 2542 2448 2618 impatibilis,
2481 2560 2550 2600 eo
2582 2543 2733 2615 quod
2774 2544 2889 2614 pati
2941 2552 3160 2617 poterat
3201 2545 3307 2600 sibi
3346 2543 3529 2610 unito,

1931 2638 2278 2714 propositum
2305 2653 2468 2693 suum
2504 2635 2851 2706 adimplevit.
2877 2635 2958 2690 Ad
2988 2636 3135 2690 hunc
3167 2635 3393 2691 modum
3417 2635 3531 2693 Do-

1930 2733 2116 2788 minus
2147 2730 2218 2786 ad
2241 2745 2343 2785 nos
2370 2727 2628 2793 accessit,
2655 2742 2833 2798 eaque
2862 2728 3078 2782 ratione
3111 2743 3275 2782 servo
3296 2727 3534 2799 fugitivo

1936 2825 2124 2880 astitit.
2164 2824 2236 2879 Ut
2270 2836 2576 2878 conservus
2612 2819 2918 2883 visebatur,
2941 2829 2998 2874 et
3036 2828 3098 2874 ut
3135 2819 3402 2874 Dominus
3429 2819 3533 2876 be-

1933 2917 2130 2973 neﬁcia
2146 2915 2572 2986 impertiebatur
2603 2929 2616 2964 :
2643 2911 2791 2967 servi
2809 2911 3187 2982 formam‘prze
3210 2927 3269 2966 se
3295 2909 3532 2976 ferebat,

1931 3020 1990 3065 et
2020 3009 2254 3080 gratiam
2290 3015 2352 3062 ut
2392 3003 2662 3062 Dominus
2703 3004 3210 3060 subministrabat:
3252 3003 3537 3061 esui-iebat

1937 3111 1998 3158 ut
2029 3116 2244 3165 servus,
2269 3107 2329 3155 et
2366 3113 2538 3170 panes
2573 3095 2979 3167 multiplicabat
3024 3106 3086 3151 ut
3126 3097 3435 3151 Dominus:
3475 3106 3537 3153 ut

237 3199 410 3256 μασιν
447 3182 659 3237 ἐδείκνυ
720 3183 784 3236 τὸ
837 3183 1242 3254 κρυπτόμενον.
1282 3181 1444 3235 υῦτω
1494 3185 1684 3251 φανεὶς
1734 3184 1828 3238 ἂν·

1935 3193 2102 3247 ἰιοιιιο
2135 3189 2560 3260 del‘atigabatur,
2608 3195 2670 3242 ut
2697 3187 2842 3242 Deus
2889 3202 3059 3257 super
3102 3187 3331 3242 dorsum
3366 3188 3538 3244 maris

235 3276 480 3347 ορωπος,
506 3277 656 3346 ἡμᾶς
684 3274 936 3339 ἅπαντας
977 3277 1059 3338 εἰς
1090 3274 1190 3345 τὴν
1235 3274 1549 3344 οἰκειότητα
1591 3278 1833 3346 συνήγα.

235 3383 358 3436 τεν.
401 3367 662 3439 Ἰωάννην
715 3367 849 3438 ἡμῖν
899 3365 1224 3420 διδάσκαλον
1267 3367 1563 3436 ἐπέστησε,
1593 3367 1686 3420 τὸν
1718 3368 1832 3422 υίδν

234 3457 341 3530 τῆς
375 3457 625 3530 βροντῆς,
655 3457 744 3512 τὸν
778 3459 1180 3530 κεχαρισμένον
1209 3458 1340 3529 τῇδε
1365 3461 1434 3530 τῇ
1472 3460 1830 3530 μητροπόλει,

234 3551 304 3604 τὸ
356 3550 534 3605 κοινὸν
561 3551 666 3620 τῆς
697 3552 1030 3621 οἰκουμένης
1058 3551 1344 3622 κειμήλιον
1364 3592 1379 3616 ,
1431 3553 1522 3605 τὸν
1553 3555 1634 3606 ἑνὶ
1663 3555 1831 3625 στίχῳ

234 3641 730 3714 πᾶσανὺιθέμενον
747 3643 847 3712 τὴν
872 3643 1179 3699 εὐσέϐειαν.
1203 3662 1222 3695 ι
1245 3644 1304 3696 ὐ
1322 3645 1516 3711 Λόγος,
1538 3646 1671 3716 φησί
1691 3646 1829 3717 (77),

235 3735 380 3806 σὰρξ
415 3736 659 3804 ἐγένετο.
687 3757 706 3786 ο
736 3735 794 3788 '0
815 3735 912 3799 ὢν,
945 3736 1165 3803 ἐγένετο
1198 3736 1359 3807 σάρξ·
1390 3737 1467 3790 ὢν
1490 3739 1591 3808 μὲν
1619 3739 1708 3792 διὰ
1732 3741 1834 3812 τὴν

235 3827 428 3898 φύσιν,
479 3827 700 3896 ἐγένετο
737 3827 796 3880 δὲ
845 3827 936 3880 διὰ
985 3829 1087 3898 τὴν
1127 3830 1462 3898 οἰκονομίαν.
1499 3826 1686 3896 Διόὗ,
1738 3834 1834 3886 καὶ

240 3922 366 3992 μεθ’
402 3912 491 3984 οὗ,
516 3919 595 3992 τῷ
643 3919 820 3990 Πατρὶ
849 3922 883 3990 ἡ
926 3918 1054 3987 δόξα
1108 3921 1206 3974 καὶ
1240 3921 1302 3974 τὸ
1353 3921 1552 3994 κράτος
1601 3925 1701 3976 σὺν
1752 3924 1832 3996 τῷ

233 4014 384 4083 ἁγίῳ
405 4013 710 4085 Πνεύματι,
737 4015 816 4076 εἰς
833 4014 960 4076 τοὺς
987 4012 1190 4076 αἰῶνας
1217 4030 1328 4067 των
1353 4014 1588 4070 αἰώνων.
1633 4019 1830 4089 Ἀμήν.

1938 3281 2289 3342 ambulabat:
2320 3297 2546 3337 crucem
2580 3278 2923 3335 formidabat
2952 3289 3017 3334 ut
3063 3278 3230 3334 homo
3269 3283 3423 3349 (nam
3447 3279 3536 3335 vi-

1936 3377 2118 3435 sibilis
2141 3383 2356 3432 naturte
2381 3373 2738 3445 passionibus
2758 3371 2909 3443 quod
2951 3371 3287 3428 cernebatur
3323 3380 3540 3427 astrue-

1937 3471 2074 3540 bat);
2110 3478 2169 3524 et
2196 3467 2484 3524 miraculis
2517 3465 2783 3521 latentem
2812 3473 3068 3520 naturam
3095 3464 3536 3519 demonstrabat.

1937 3560 2054 3617 Hoc
2078 3557 2245 3614 modo
2261 3557 2429 3611 homo
2445 3569 2744 3626 apparens,
2767 3569 2871 3609 nos
2892 3569 3088 3610 omnes
3112 3555 3169 3608 in
3192 3569 3350 3610 suam
3377 3554 3541 3609 fami-

1935 3654 2235 3709 liaritatem
2269 3649 2520 3704 adduxit.
2553 3633 2825 3704 Joannem
2853 3647 3016 3702 nobis
3042 3646 3368 3717 magistrum
3401 3661 3541 3718 pm—

1935 3743 2067 3798 fecit
2095 3740 2327 3796 tonitrui
2356 3737 2552 3801 ﬁlium,
2581 3736 2712 3790 huic
2746 3736 3043 3804 metropoli
3073 3734 3362 3807 donatum,
3387 3750 3544 3792 com-

1934 3844 2161 3890 munem
2196 3843 2472 3886 terrarum
2505 3829 2662 3882 orbis
2687 3827 3046 3892 thesaurum;
3088 3828 3182 3898 qui
3207 3828 3376 3882 unico
3408 3843 3538 3884 vcr-

1936 3927 2115 3984 siculo
2155 3925 2473 3979 universam
2517 3921 2781 3991 pietatem
2833 3921 3172 3991 explicavit:
3205 3911 3237 3970 ι
3272 3920 3537 3981 Verbum,

1937 4021 2141 4091 inquit,
2174 4032 2307 4074 caro
2329 4015 2535 4070 factum
2571 4020 2658 4068 est
2680 4012 2750 4067 ⁸³.
2784 4032 2805 4064 ι
2840 4011 2999 4080 Quod
3036 4020 3179 4075 erat,
3212 4011 3420 4068 factum
3455 4023 3541 4068 est

234 4123 401 4175 caro;
433 4117 558 4164 erat
590 4109 813 4179 quidem
848 4123 946 4178 per
983 4118 1260 4173 naturam,
1287 4108 1493 4165 factum
1525 4121 1614 4169 est
1649 4125 1836 4174 autem
1873 4133 1976 4191 per
2007 4113 2500 4186 dispensationem.
2548 4109 2653 4165 Per
2719 4108 2891 4179 quod,
2931 4118 2990 4164 et
3058 4115 3184 4164 cum
3218 4124 3351 4179 quo,
3389 4109 3538 4168 Patri

235 4199 314 4256 Iit
332 4199 504 4270 gloria
529 4209 588 4254 et
611 4199 906 4270 imperium
936 4213 1062 4253 cum
1090 4211 1283 4255 sancto
1315 4199 1551 4271 Spiritu,
1592 4214 1650 4261 et
1676 4221 1826 4263 nunc
1849 4218 1907 4266 et
1942 4221 2183 4276 semper,
2210 4213 2267 4259 et
2287 4202 2343 4256 in
2371 4200 2573 4256 sacula
2599 4198 2951 4254 saeculorum.
2980 4198 3176 4254 Amen.

869 4337 1115 4393 OMIAIA
1145 4342 1216 4395 A'.

356 4455 464 4520 Εἰς
486 4452 668 4522 ἁγίαν
695 4455 993 4508 Θεοτόκον
1022 4453 1121 4507 καί
1145 4456 1236 4520 εἰς
1265 4455 1373 4508 τὸν
1409 4456 1720 4527 Συμεῶνα.

321 4570 405 4624 A'.
440 4567 794 4639 Προφητικὸς
823 4568 971 4636 ἡμᾶς
995 4568 1088 4620 καὶ
1116 4569 1361 4637 τήμερον
1389 4569 1480 4622 ἐπὶ
1508 4570 1578 4622 τὰ
1597 4570 1719 4625 θεῖα
1737 4572 1832 4626 εὐ-

2523 4335 2812 4393 HOMILIA
2856 4333 2948 4390 IV.

2151 4455 2217 4511 In
2242 4460 2488 4509 sanctam
2515 4451 2807 4523 Πάρον-σπι
2832 4458 2882 4504 et
2906 4452 2960 4504 in
2999 4447 3318 4505 Simeonem.

2005 4570 2050 4627 l.
2101 4569 2419 4625 Etiamnum
2470 4564 2638 4621 hodie
2690 4577 2794 4619 nos
2838 4563 3199 4634 propheticus
3249 4575 3436 4619 sermo
3468 4563 3535 4618 ad

235 4665 579 4734 χαριστήρια
607 4661 870 4732 διεγείρει
912 4661 1008 4714 καὶ
1037 4662 1273 4714 συνωθεῖ
1314 4662 1493 4728 λόγος.
1532 4682 1552 4713 ι
1582 4664 1828 4733 Εὐαγγε.

1935 4663 2050 4720 Deo
2075 4659 2395 4718 referendas
2420 4660 2626 4730 gratias
2647 4656 2853 4715 excitat
2871 4667 2929 4712 et
2978 4657 3231 4728 impellit.
3259 4657 3540 4715 Mandavit

237 4755 497 4808 λίσασθαι
538 4755 754 4823 ἡμέραν
801 4753 861 4819 ἐξ
901 4753 1116 4823 ἡμέρας
1164 4754 1226 4807 τὸ
1260 4756 1532 4826 σωτήριον
1568 4756 1664 4809 τοῦ
1693 4755 1830 4812 Θεοῦ

1931 4764 1995 4810 ut
2029 4774 2049 4808 ι
2084 4754 2154 4810 de
2189 4753 2280 4809 die
2312 4751 2366 4806 in
2401 4750 2552 4805 diem
2594 4749 2991 4805 annuntiemus
3024 4750 3264 4804 salutare
3309 4749 3405 4804 Dei
3435 4765 3538 4804 no-

238 4850 274 4918 ὴ
284 4845 424 4916 μῶν,
467 4867 484 4896 ι
519 4846 914 4916 προσέταττεν·
950 4865 969 4897 υ
996 4847 1351 4915 ἁναγγέλλειν
1375 4851 1490 4912 τοῖς
1524 4849 1705 4903 ἔθνεσι
1735 4849 1833 4921 τὴν

1931 4847 2034 4905 stri
2073 4865 2086 4901 :
2124 4852 2184 4901 ut
2232 4844 2630 4901 annuntiemus
2679 4843 2940 4913 gentibus
2987 4843 3220 4913 gloriam
3276 4843 3427 4912 ejus,
3483 4842 3536 4895 in

238 4939 403 5006 δόξαν
423 4937 610 5001 αὐτοῦ,
636 4941 696 4991 ὲν
727 4941 862 4993 πᾶσι
885 4941 999 5002 τοῖς
1021 4939 1171 5003 λαοῖς
1197 4941 1266 4994 τὰ
1295 4940 1553 5012 θαύματα
1580 4942 1768 4998 αὑτοῦ.
1808 4962 1827 4993 ι

1931 4939 2195 4996 omnibus
2222 4936 2442 5008 populis
2473 4934 2752 4990 mirabilia
2788 4937 2910 5006 ejus
2938 4931 3008 4986 '“.
3051 4954 3069 4984 ι
3099 4935 3236 4989 Cum
3270 4948 3423 4986 enim
3454 4934 3540 4986 vir

244 5031 413 5094 Γνοὺς
441 5031 552 5101 γὰρ
577 5031 667 5085 διὰ
687 5029 1004 5101 Πνεῦματος
1035 5031 1064 5082 ό
1088 5031 1375 5096 θεσπέσιος
1400 5034 1591 5097 Δαόἱδ,
1641 5037 1834 5107 ὅτιπερ

1933 5030 2210 5089 mirabilis
2237 5028 2408 5085 David
2449 5044 2548 5100 per
2581 5026 2852 5098 Spiritum
2881 5025 3231 5097 «ignovisset
3263 5023 3334 5088 "’,
3371 5022 3541 5079 fuisse

239 5122 316 5178 τὰ
356 5122 763 5194 ’ὰποκρυϐέντα
810 5123 919 5176 ἀπὸ
959 5122 1199 5194 νομικῶν
1245 5124 1429 5192 σοφῶν
1453 5163 1466 5188 ,
1517 5127 1614 5179 καὶ
1647 5125 1684 5180 ἃ
1717 5143 1834 5179 συν-

1940 5123 2348 5195 beneplacitum
2375 5137 2560 5178 coram
2581 5121 2734 5192 justo
2748 5118 2937 5192 judice
2965 5119 3100 5182 Deo,
3130 5126 3190 5173 ut
3215 5118 3536 5174 abscondita

242 5216 387 5270 ετῶν
421 5215 609 5285 τόμοις
655 5215 1025 5283 ἐγκεκὼτρωκε
1061 5215 1174 5285 (78)
1202 5215 1338 5287 πρὸς
1385 5217 1488 5285 τὴν
1530 5219 1828 5284 ἐπίγνωσιν

1939 5234 1969 5271 a
2005 5213 2274 5288 legalibus
2323 5212 2689 5284 sapientibus,
2721 5220 2778 5268 et
2823 5228 2946 5283 qua:
2983 5210 3339 5282 prudentium
3378 5209 3539 5264 libris

242 5305 350 5376 τῆς
390 5305 652 5376 ἀληθείας
680 5345 695 5369 ,
724 5305 942 5376 νηπίοις
993 5306 1212 5374 γέγονεν
1262 5306 1480 5359 εὐδοκία
1513 5306 1825 5379 ἔμπροσθεν

1939 5312 2008 5366 ad
2039 5309 2291 5365 veritatis
2332 5307 2668 5379 agnitionem
2716 5306 3129 5362 obmutuissent
3159 5306 3296 5374 (78),
3333 5319 3506 5364 narvu

319 5487 369 5522 υ
393 5486 630 5558 Philipp.
657 5487 791 5550 11.6.
866 5488 912 5517 "-
943 5485 1157 5551 ibid.6,
1183 5486 1232 5539 7.
1314 5486 1361 5515 ικ
1408 5486 1567 5541 Joan.
1603 5505 1640 5553 ι,
1687 5488 1769 5543 ιι.

1929 5488 2070 5544 Psal.
2105 5505 2229 5552 xcv,
2260 5486 2315 5540 2.
2396 5485 2440 5516 ”
2474 5483 2663 5540 Matth.
2695 5499 2768 5546 ει,
2800 5482 2891 5538 25.

325 5641 440 5706 (75)
475 5643 545 5695 Ἦ
572 5641 727 5706 πρὸς.

325 5711 441 5784 (76)
480 5711 772 5784 Προέθετο.

355 5782 442 5852 77)
487 5782 546 5853 '0
571 5782 726 5850 λόγος
752 5789 881 5853 γαρο
906 5797 1058 5851 φησε-

352 5853 439 5927 78)
476 5852 605 5921 Qua:
637 5852 974 5925 prudentium
1015 5854 1156 5910 libm
1194 5856 1591 5922 ohmumiumt,
1635 5854 1667 5909 ἱι
1719 5873 1843 5911 συν·

1954 5647 2100 5698 κτιίιν
2122 5644 2308 5712 τὸμοις
2330 5641 2717 5712 ἑγκεκώφωκε.
2738 5642 2899 5698 Velut
2923 5642 3182 5697 nimirum
3204 5641 3312 5696 illis
3330 5641 3532 5712 ignota.

1955 5714 2125 5772 Porro
2157 5710 2462 5770 alludit—ad
2515 5723 2724 5768 tomum
2761 5713 2914 5767 illum
2968 5727 3174 5767 novum
3218 5710 3540 5782 scriptionis

1953 5803 2103 5842 nova:
2131 5785 2260 5856 (Lm.
2291 5802 2400 5849 vm,
2447 5785 2518 5854 l).
2559 5783 2626 5838 dc
2652 5799 2760 5854 quo
2798 5783 2960 5856 paulo
2997 5783 3247 5838 inferius.
